3970 6184
408 316 544 374 I553

405 436 487 490 cui
517 432 692 491 ordini
737 429 783 486 si
827 428 1182 489 resultavcrit.
1231 439 1322 481 rea
1365 431 1466 480 est.
1497 422 1624 478 Non
1658 431 1899 492 estergo
1933 420 1985 477 itt

408 525 620 582 miseria
651 523 850 582 iunctio
873 521 948 576 rei
968 559 985 586 ,
1017 511 1168 588 cujus
1193 517 1468 587 neglectus
1491 517 1544 570 in
1572 530 1707 570 noxa
1733 523 1833 570 est.

480 621 619 672 Aes.
661 615 906 670 Dolorem
934 609 1172 680 pariendi
1206 623 1416 678 poenam
1443 605 1674 662 dicimus
1697 620 1819 661 esse
1862 620 1990 675 pec-

405 708 528 761 cati.
559 705 767 761 Scimus
795 704 936 759 enim
980 702 1080 758 hoc
1125 702 1290 756 Deum
1335 701 1450 755 sine
1496 699 1600 754 ulla
1643 697 1994 768 ambiguitate

405 799 622 860 dixisse,
654 811 752 850 uec
794 793 993 850 dixisse
1019 794 1121 849 nisi
1163 791 1572 862 pratvaricatrici
1599 791 1682 845 sui
1720 788 1953 844 mandati
1976 829 1992 854 ,

407 905 506 947 nec
533 891 604 944 oh
629 888 771 944 aliud
796 888 1016 952 dixisse,
1043 887 1143 941 nisi
1169 885 1290 956 quia
1320 886 1649 940 irascebatur
1671 897 1827 937 suum
1853 897 1995 952 prae-

408 982 703 1037 varicatum
729 995 849 1034 esse
888 978 1217 1032 mandatum.
1255 975 1360 1030 Sed
1402 975 1538 1030 hanc
1576 975 1708 1029 iram
1739 974 1830 1028 Dei
1857 981 1916 1028 ut
1939 982 1996 1028 tu

403 1072 706 1127 exinanires
748 1081 802 1126 et
840 1070 1122 1124 frustrares
1145 1110 1158 1131 ,
1189 1068 1370 1122 dixisti
1417 1084 1583 1137 usque
1611 1068 1747 1122 adeo
1779 1081 1995 1139 poenam

407 1164 561 1218 istam
607 1179 714 1217 non
761 1176 881 1217 esse
925 1160 1162 1230 peccati,
1197 1169 1253 1214 ut
1295 1161 1542 1214 animalia
1583 1175 1810 1230 quorum
1855 1159 1999 1215 nulla

337 1307 342 1310 .
412 1261 632 1321 peccata
663 1261 807 1318 sunt,
837 1253 1069 1322 gemitus
1094 1250 1395 1319 huiusmodi
1422 1251 1472 1304 in
1499 1261 1650 1320 partu
1675 1250 2000 1320 doloresque

412 1344 705 1411 patiantur.
735 1343 851 1398 Non
879 1341 1093 1412 quidem
1121 1341 1212 1395 tibi
1236 1341 1484 1395 dixerunt
1506 1342 1752 1396 animalia
1775 1384 1790 1408 ,
1819 1351 1998 1398 utrum

408 1435 498 1489 ille
537 1436 770 1505 gemitus
811 1436 881 1489 sit
921 1435 1224 1490 canentium
1252 1434 1334 1488 vel
1364 1434 1658 1489 dolentium
1682 1436 1722 1490 ί.
1763 1435 1999 1493 Gallinas

407 1541 535 1580 sane
570 1529 853 1594 parituras,
884 1525 1168 1581 similiores
1195 1543 1316 1582 esse
1344 1527 1678 1581 cantantibus
1707 1542 1866 1596 quam
1893 1527 1996 1584 do-

411 1619 638 1674 lentibus
696 1620 1000 1683 cernimus;
1057 1629 1176 1688 post
1225 1629 1433 1690 partum
1486 1635 1614 1674 vero
1660 1621 1792 1674 tales
1840 1635 2000 1674 voces

409 1709 594 1774 edere,
615 1711 800 1779 quales
829 1711 878 1764 it.
897 1710 1182 1766 formidine
1204 1720 1530 1766 consuerunt
1553 1729 1568 1765 :
1595 1727 1754 1782 porro
1767 1727 1889 1766 cum
1909 1727 2002 1781 pa-

411 1800 554 1854 riunt
583 1801 634 1853 itt
665 1816 876 1854 sununo
908 1815 1022 1857 esse
1043 1801 1442 1869 silcntiu,.sicut
1460 1802 1756 1868 columbas,
1783 1811 1836 1857 et
1865 1802 2000 1858 alias

359 1936 364 1940 .
409 1905 554 1956 aves,
589 1907 705 1958 quae
731 1890 1130 1946 advertentibus
1153 1893 1510 1947 innotescunt.
1545 1892 1676 1960 Quis
1702 1908 1830 1964 ergo
1856 1893 2002 1948 novit

411 1992 552 2034 ntuta
579 1982 892 2049 animantia,
917 1998 1039 2052 quae
1063 1983 1188 2052 quid
1221 1983 1272 2037 itt
1304 1998 1363 2038 se
1388 1991 1575 2054 agatur
1605 1984 1843 2039 indicare
1887 1999 1995 2038 non

412 2082 649 2141 possunt,
697 2083 872 2126 utrum
918 2082 1157 2142 tempore
1211 2075 1452 2144 pariendi
1497 2090 1682 2130 eorum
1732 2085 1908 2130 motus
1946 2083 2003 2130 et

408 2178 572 2218 sonus
615 2180 717 2216 non
763 2165 932 2218 solum
981 2164 1110 2218 nihil
1155 2165 1393 2229 doloris,
1437 2165 1532 2220 sed
1565 2165 1758 2220 habeat
1803 2165 2002 2236 aliquid

407 2255 567 2308 etiam
593 2255 914 2323 voluptatis?
943 2254 1046 2310 Sed
1075 2256 1204 2325 qttid
1243 2256 1370 2311 ntilti
1399 2267 1483 2311 est
1523 2257 1574 2312 in
1627 2257 1726 2312 hac
1758 2274 1816 2313 re
1845 2273 2003 2312 scru-

410 2345 507 2398 tari
539 2346 762 2409 obscura
793 2356 1019 2410 natura),
1050 2361 1171 2400 cum
1203 2345 1327 2400 inde
1347 2357 1525 2401 nostra
1546 2363 1703 2403 causa
1735 2365 1840 2404 non
1867 2364 2002 2420 pett-

408 2437 572 2490 deat?
606 2437 830 2490 Prorsus
864 2437 909 2492 si
943 2445 1090 2492 muta
1116 2438 1364 2492 animalia
1395 2440 1526 2494 nihil
1556 2440 1758 2496 doloris
1789 2441 2004 2510 patiun-

411 2539 495 2584 tur
523 2529 574 2581 iit
599 2540 771 2598 partu,
806 2540 1173 2596 argumentum
1204 2539 1350 2583 tttunt
1383 2531 1582 2584 nullum
1606 2531 1726 2586 est?
1755 2533 1796 2585 si
1825 2541 2002 2588 autem

413 2620 702 2688 patiuntur,
733 2633 794 2674 ea
831 2619 942 2689 ipsn
978 2633 1132 2688 pinna
1164 2631 1242 2674 est
1279 2621 1526 2689 imaginis
1551 2621 1646 2676 Dei
1667 2663 1684 2685 ,
1712 2621 2003 2680 conditioni

417 2724 667 2778 pecorum
709 2709 1009 2778 comparari
1040 2727 1053 2762 :
1079 2724 1235 2778 pmna
1267 2724 1427 2778 porro
1462 2710 1707 2780 imaginis
1737 2711 1865 2778 Dei,
1895 2713 2000 2768 nisi

411 2802 564 2869 culpa
598 2800 926 2868 praecederet
944 2841 958 2863 ,
983 2802 1126 2869 justa
1158 2815 1277 2855 esse
1303 2816 1408 2854 non
1436 2810 1634 2870 posset.
1665 2802 1800 2856 Illud
1823 2813 2002 2863 autem

413 2892 551 2952 absit
583 2900 641 2944 ιιι
667 2891 838 2946 dicam
865 2931 882 2955 ,
924 2892 1066 2960 quod
1113 2901 1360 2960 tanquam
1402 2891 1609 2955 dicam,
1652 2892 2004 2950 refellendum

417 2983 647 3054 putasti,
674 2999 777 3036 non
810 2999 928 3049 suo,
961 2983 1052 3036 sed
1074 2983 1338 3038 nascentis
1359 2983 1550 3037 merito
1575 2993 1800 3038 matrem
1824 2984 2006 3041 dolere

413 3091 532 3127 euut
563 3075 826 3143 parturit,
854 3086 901 3127 et
937 3072 1056 3126 ideo
1091 3073 1250 3128 etiam
1291 3072 1528 3128 dimissis
1555 3075 1790 3144 peccatis
1819 3073 2004 3130 ﬁdeles

414 3162 595 3218 dolere
643 3173 864 3234 argi-nte
908 3164 1229 3220 necessitate
1259 3162 1517 3231 pariendi.
1549 3164 1734 3229 Absit,
1765 3163 2003 3234 inquam,

417 3266 473 3310 ιιι
504 3257 603 3312 hoc
630 3257 824 3311 dicam.
856 3253 1122 3326 Numquid
1163 3256 1304 3308 cuitu
1354 3255 1475 3325 quia
1520 3265 1744 3310 mortem
1775 3255 2004 3312 dicimus

419 3348 616 3417 peccati
645 3363 766 3403 esse
794 3347 1132 3415 supplicium,
1167 3345 1286 3400 ideo
1309 3345 1592 3400 dicendum
1623 3354 1707 3400 est
1735 3361 1852 3400 eam
1879 3354 2001 3414 post

420 3439 790 3494 remissionem
839 3447 1178 3507 peccatorum
1228 3451 1331 3490 non
1377 3435 1626 3490 debuisse
1656 3436 2005 3504 contingere?

419 3528 511 3582 llis:
539 3530 753 3596 quippe,
785 3543 917 3597 quas
948 3526 1000 3579 itt
1031 3534 1216 3578 natura
1251 3524 1685 3594 prmvaricationc
1713 3525 1894 3579 vitiata
1922 3524 2007 3580 di-

419 3622 588 3675 cimus
616 3635 801 3690 pmuas
828 3633 949 3673 csse
977 3617 1177 3686 peccati
1197 3657 1212 3681 ,
1245 3615 1368 3671 ideo
1395 3617 1555 3670 etiam
1585 3624 1706 3685 post
1735 3616 2010 3670 remissio.-

420 3727 542 3765 ttem
571 3719 906 3779 peccatorum
937 3717 1174 3770 manent,
1206 3717 1262 3761 ut
1293 3707 1544 3776 probetur
1575 3706 1726 3770 ﬁdes,
1758 3722 1916 3777 quam
1940 3705 2010 3763 de

425 3811 650 3855 venturo
680 3799 954 3854 credimus
983 3798 1202 3861 sat-culo,
1237 3797 1324 3852 ubi
1356 3797 1456 3853 ista
1486 3807 1590 3851 non
1621 3806 1796 3852 erunt.
1825 3795 2009 3866 Neque

421 3894 564 3948 enim
596 3893 726 3948 ﬁdes
759 3900 922 3955 esset,
958 3892 1000 3946 si
1029 3901 1308 3962 propterea
1338 3889 1702 3955 crederemus,
1733 3889 1854 3959 quia
1883 3903 2011 3942 con-

424 3987 571 4042 tinuo
599 3985 750 4040 nobis
786 3984 916 4038 nihil
962 3982 1175 4038 dolendi
1201 3993 1255 4036 et
1293 3997 1397 4035 non
1439 3979 1702 4034 moriendi
1732 3980 2008 4050 praemium

424 4077 750 4132 redderetur.
781 4076 894 4144 Qua
939 4075 1147 4129 ratione
1189 4072 1392 4128 reddita
1417 4111 1434 4138 ,
1467 4072 1516 4125 id
1541 4081 1623 4126 est
1643 4113 1659 4136 ,
1689 4071 1756 4125 ad
1783 4086 2008 4141 agonem

423 4169 543 4222 fidei
571 4167 724 4222 nobis
753 4166 976 4236 relinqui
1009 4165 1143 4220 mala
1183 4171 1452 4218 contracta
1485 4170 1703 4231 peccato
1725 4202 1740 4226 ,
1769 4161 2010 4231 quamvis

424 4269 574 4315 reatu
605 4271 938 4328 peccatorum
958 4271 1050 4326 per
1067 4255 1394 4322 Baptismum
1409 4255 1521 4322 jam
1542 4254 1738 4319 soluto,
1767 4251 1890 4323 quid
1910 4253 2009 4306 ha-

425 4355 511 4408 het
537 4353 726 4406 virium
755 4349 898 4420 quod
917 4349 1057 4415 aisti,
1077 4348 1138 4402 Si
1154 4348 1208 4401 in
1225 4346 1474 4417 mysteriis
1488 4342 1738 4398 sublatum
1765 4353 1838 4399 est
1865 4360 2013 4398 omne

425 4456 702 4511 peccatum,
735 4454 782 4498 et
808 4451 1030 4499 remanet
1060 4451 1227 4495 tamen
1252 4437 1399 4494 dolor
1414 4437 1500 4508 qui
1524 4446 1696 4506 partus
1717 4435 2010 4507 digit-uitale

423 4547 711 4610 generatur,
740 4536 1062 4607 manifestum
1104 4541 1174 4588 est
1203 4531 1348 4585 illum
1371 4529 1611 4604 gemitum
1640 4537 1840 4580 natura:
1869 4526 2010 4579 indi-

424 4645 532 4683 cent
559 4644 684 4690 esse,
707 4644 806 4681 non
827 4626 1030 4696 culpat?
1059 4625 1170 4680 iloc
1193 4625 1358 4689 enim,
1386 4621 1524 4691 quod
1555 4620 1724 4674 nullas
1755 4619 2012 4673 adversus

428 4735 525 4775 nos
555 4718 716 4772 habet
742 4717 884 4772 vires
909 4758 923 4782 ,
965 4730 1074 4770 non
1103 4716 1284 4784 utique
1327 4713 1533 4768 diceres
1556 4755 1571 4776 ,
1601 4712 1645 4766 si
1676 4710 1797 4766 lidei
1841 4719 1894 4764 tu
1923 4709 2011 4765 vel

427 4811 652 4867 haberes
679 4807 761 4864 vel
784 4806 1089 4862 attenderes
1115 4805 1288 4870 vires,
1330 4819 1449 4872 quae
1499 4813 1645 4858 tanto
1675 4810 1799 4855 sunt
1824 4800 2010 4854 fortio-

425 4917 532 4969 res,
566 4909 764 4970 quanto
793 4898 960 4969 magis
989 4912 1051 4952 ea
1082 4909 1359 4965 speramus
1384 4909 1502 4964 qua:
1533 4910 1637 4948 non
1668 4893 1928 4954 videmus,
1958 4900 2014 4947 et

423 5008 526 5064 per
555 4991 858 5062 patientiam
881 4989 1237 5052 miseriarum,
1262 4985 1641 5056 plenitudinem
1674 4984 2014 5039 beatitudinis

425 5091 822 5152 exspectamus.
851 5080 956 5136 Sed
983 5080 1126 5153 ipsa,
1155 5077 1352 5149 inquis,
1383 5075 1478 5130 Dei
1499 5074 1646 5129 verba
1666 5116 1680 5136 ,
1707 5075 1888 5145 quibus
1913 5090 2014 5129 non

427 5177 523 5242 ait,
558 5174 797 5230 Orientur
824 5174 876 5227 in
902 5181 950 5226 te
973 5172 1194 5238 dolores,
1222 5181 1310 5223 aut
1327 5211 1343 5236 ,
1375 5168 1622 5238 generabo
1664 5167 1751 5220 tibi
1776 5166 2010 5238 gemitus,

435 5279 488 5321 ut
503 5275 614 5337 post
631 5264 835 5334 culpam
863 5279 1036 5318 sensus
1057 5279 1227 5316 eorum
1246 5260 1528 5315 viderentur
1556 5259 1750 5314 institui
1773 5275 1791 5322 ;
1812 5257 1899 5312 sed
1920 5259 2011 5321 ait,

437 5380 452 5409 ι
494 5358 842 5427 Multiplicans
877 5355 1222 5423 multiplicabo
1248 5353 1475 5408 tristitias
1504 5364 1654 5416 tuus;
1690 5370 1708 5402 ι
1743 5349 2012 5404 ostendunt

423 5453 550 5526 auia
574 5453 683 5524 jam
712 5461 819 5506 erat
845 5449 897 5504 in
922 5446 1145 5502 naturali
1170 5447 1385 5512 ratione,
1417 5444 1552 5508 quod
1580 5461 1634 5498 se
1657 5443 1709 5496 in
1733 5441 2016 5512 peccatrice

429 5561 643 5613 [ersoua
687 5559 788 5597 non
829 5539 1075 5605 condere,
1127 5535 1214 5592 sed
1257 5535 1596 5605 multiplicare
1641 5531 1929 5604 promittit:
1955 5539 2012 5586 et

499 5701 514 5732 ί
553 5709 698 5748 Vetus
719 5701 869 5749 milex
894 5709 1023 5756 ιιιιιο..
1043 5693 1102 5747 stt
1123 5694 1410 5752 canentium,
1436 5707 1527 5744 non
1546 5691 1819 5744 dolentium.
1855 5688 2016 5740 Codex

434 5756 583 5814 l'ort..
608 5777 696 5814 tum
715 5764 774 5816 sit
797 5763 1065 5812 cantauit-nu
1085 5761 1155 5811 vel
1179 5757 1458 5810 dotetttitun.

1063 307 1308 366 OPI'LRlS
1347 303 1758 363 IMPEIIFECTI
1799 300 2070 357 CONTRA
2110 300 2469 370 JULI.\NU.\I,
2510 303 2567 360 S.
2609 301 2978 360 AL'GUSTINI

3546 300 3690 360 1564

2105 420 2292 486 addis,
2323 422 2472 491 quasi
2501 422 2824 481 delinitivam
2863 421 3276 494 generalemque
3316 425 3635 477 sententiam
3669 461 3691 489 ,

2101 511 2306 574 dicens,
2339 512 2616 581 Nunquam
2644 513 2828 586 quippe
2853 513 3253 584 multiplicantur
3280 514 3380 568 nisi
3404 516 3691 577 exstantia;

2100 616 2333 660 cmlerutn
2368 617 2639 678 antequam
2666 607 2765 661 sint
2783 647 2799 672 ,
2844 607 2952 675 ﬁeri
2995 606 3196 676 quidem
3227 607 3431 678 proprie
3449 647 3468 674 ,
3511 609 3693 680 augeri

2100 712 2269 752 autem
2323 713 2644 767 praepropere
2680 708 3051 767 nuncupantur.
3111 696 3212 753 Ubi
3275 698 3504 767 primunt
3556 713 3586 750 a
3635 706 3696 753 te

2101 803 2303 857 quiet-0,
2345 787 2614 857 quomodo
2651 787 2797 842 dicas
2840 787 3052 842 dolores
3098 786 3226 842 Eva:
3265 788 3375 856 jam
3415 797 3694 843 exstantes

2102 877 2286 946 fuisse,
2317 894 2451 948 quos
2475 894 2724 949 perpessa
2757 893 2859 933 non
2888 878 3062 933 fuerat
3085 895 3098 931 :
3121 877 3412 948 quomodo,
3441 880 3690 949 inquam.

2098 970 2208 1038 iam
2234 969 2448 1025 dolores
2475 969 2723 1033 habebat,
2754 985 2872 1039 quas
2895 969 3028 1024 nihil
3053 970 3306 1025 dolebat?
3333 970 3486 1038 Quod
3512 973 3557 1028 si
3583 986 3692 1025 non

2102 1059 2374 1113 exstabant
2417 1060 2472 1114 in
2500 1075 2564 1114 ea
2589 1059 2800 1116 dolores
2821 1100 2837 1126 ,
2868 1060 2988 1130 quia
3015 1075 3110 1116 eos
3150 1075 3256 1118 non
3297 1059 3532 1116 habebat
3573 1078 3696 1132 qua:

2103 1165 2209 1205 non
2249 1150 2769 1222 dolebat:poterant
2809 1167 2938 1222 ergo
2991 1152 3334 1223 multiplicari
3364 1162 3418 1208 ct
3445 1153 3538 1224 qui
3583 1170 3694 1208 non

2101 1252 2288 1309 erant;
2315 1252 2371 1298 et
2391 1253 2535 1300 recte
2554 1244 2819 1316 accipitur
2836 1244 3057 1310 dictum,
3084 1245 3439 1316 Huitiplicabo
3463 1247 3694 1300 tristittas

2102 1346 2238 1403 tuas,
2260 1335 2312 1391 id
2340 1345 2443 1403 est,
2463 1336 2655 1392 multas
2677 1352 2769 1392 eas
2789 1351 2910 1393 esse
2935 1336 3125 1393 faciam
3146 1355 3161 1402 ;
3189 1338 3330 1408 quod
3350 1338 3462 1393 ﬁeri
3485 1346 3694 1407 potest,

2102 1429 2216 1482 sive
2242 1428 2442 1498 aliquid
2468 1444 2586 1483 esse
2609 1430 2720 1498 jam
2740 1429 2988 1498 coeperit,
3015 1429 3128 1484 sive
3154 1445 3251 1484 nec
3278 1431 3523 1498 emperit.
3555 1428 3696 1483 Fru-

2103 1529 2213 1574 stra
2244 1519 2403 1590 igitur
2429 1519 2643 1586 dixisti,
2676 1520 2956 1591 Nunquam
2995 1522 3130 1576 enim
3159 1522 3567 1593 multiplicantur
3595 1523 3696 1576 nisi

2102 1612 2540 1681 cxstantia:quia
2571 1626 2695 1668 ecce
2741 1611 2793 1666 in
2835 1611 2945 1666 Eva
2987 1621 3110 1682 post
3157 1621 3432 1680 peccatum
3477 1612 3696 1666 dolores

2103 1709 2228 1756 sunt
2247 1702 2600 1772 multiplicati,
2629 1701 2719 1771 qui
2747 1701 3052 1773 priusquam
3081 1712 3376 1772 peccasset,
3410 1717 3515 1757 non
3538 1710 3696 1758 erant

2105 1792 2218 1848 ulli.
2249 1795 2324 1848 Ac
2363 1809 2458 1863 per
2487 1793 2589 1849 hoc
2610 1833 2626 1860 ,
2654 1809 2758 1848 non
2804 1793 2926 1848 ideo
2965 1793 3098 1848 dixit
3128 1794 3268 1848 Deus
3291 1835 3308 1858 ,
3337 1794 3695 1864 Multiplicabo

2105 1885 2334 1938 tristitias
2364 1895 2499 1951 tuas,
2528 1886 2650 1954 quia
2680 1884 2910 1940 tristitia:
2940 1885 2992 1940 itt
3023 1885 3114 1940 illa
3137 1900 3258 1940 esse
3283 1887 3393 1955 jam
3416 1895 3697 1956 coeperant

2106 1974 2332 2044 aliquae;
2359 1974 2452 2031 sed
2483 1976 2605 2045 quia
2649 1975 2967 2044 multiplices
3009 1985 3164 2032 erant
3199 1975 3388 2030 futura:
3412 2016 3429 2042 ,
3479 1991 3549 2031 ex
3586 1991 3698 2046 quo

2105 2063 2400 2135 inciperent
2425 2079 2566 2119 esse.
2597 2065 2703 2122 Sed
2726 2076 2889 2130 erant,
2922 2066 3117 2136 inquis,
3145 2066 3198 2119 in
3223 2066 3447 2119 naturali
3472 2066 3696 2119 ratione.

2104 2157 2159 2212 Si
2184 2172 2313 2228 ergo
2343 2157 2395 2212 in
2420 2157 2644 2212 naturali
2669 2159 2874 2212 ratione
2893 2157 3006 2228 jam
3031 2167 3158 2213 sunt
3197 2157 3359 2213 etiam
3389 2172 3513 2232 quae
3553 2172 3698 2213 non-

2104 2250 2231 2307 dum
2257 2261 2374 2306 orta
2400 2260 2542 2315 sunt,
2570 2248 2696 2321 quid
2725 2259 2776 2306 te
2802 2249 3018 2320 adjuvat
3042 2250 3186 2320 quod
3215 2250 3336 2306 aisti
3355 2291 3372 2316 ,
3414 2248 3700 2319 Propterea

2107 2342 2270 2398 Deum
2298 2358 2395 2398 non
2421 2342 2623 2405 dixisse,
2657 2340 2895 2396 Orientur
2915 2343 2972 2395 in
3003 2351 3049 2394 te
3076 2339 3314 2406 dolores;
3339 2340 3429 2395 sed
3458 2359 3478 2392 ι
3513 2337 3698 2393 Multi-

2107 2434 2302 2506 plicabo
2345 2432 2545 2488 dolores
2585 2441 2722 2500 tuos,
2757 2452 2778 2488 ι
2805 2433 2926 2502 quia
2945 2433 3058 2502 jam
3086 2442 3228 2486 erant
3265 2435 3321 2486 in
3349 2433 3574 2488 naturali
3611 2449 3700 2486 ra-

2106 2527 2279 2582 tione?
2308 2526 2680 2596 Respondetur
2718 2525 2860 2580 enim
2891 2524 2984 2580 tibi
3011 2542 3024 2578 :
3049 2523 3228 2578 Potuit
3267 2523 3468 2588 dicere,
3499 2523 3698 2577 Orien-

2109 2628 2191 2672 tur
2213 2618 2264 2670 in
2298 2626 2381 2681 te;
2403 2617 2525 2686 quia
2547 2631 2640 2672 eos
2659 2623 2776 2670 erat
2793 2615 3260 2684 multiplicaturus,
3289 2615 3377 2684 qui
3405 2619 3459 2669 in
3489 2614 3703 2672 ratione

2109 2709 2332 2764 naturali
2357 2709 2469 2778 jam
2504 2718 2654 2764 erant
2673 2747 2690 2775 ,
2720 2723 2826 2762 non
2855 2708 2944 2778 qui
2974 2707 3086 2778 jam
3116 2709 3217 2763 orti
3243 2716 3416 2768 erant.
3450 2711 3533 2763 Att
3561 2706 3703 2764 forte

2107 2801 2346 2857 dicturus
2373 2815 2454 2865 es,
2484 2800 2602 2856 1am
2630 2815 2851 2870 prorsus
2876 2800 2979 2855 orti
3026 2813 3180 2855 erant
3225 2800 3280 2854 itt
3307 2800 3420 2870 ipsa
3467 2798 3704 2854 naturali

2108 2892 2350 2948 ratione?
2377 2892 2589 2957 Quanto
2625 2891 2784 2960 igitur
2811 2889 3145 2946 manifestius
3174 2898 3226 2944 et
3270 2889 3586 2959 acceptione
3613 2889 3702 2943 di-

2107 2984 2260 3053 gaius
2289 2983 2378 3037 tibi
2403 2982 2615 3043 dicitur,
2643 2981 2760 3035 Jant
2785 2989 2944 3035 erant
2978 2979 3072 3034 ﬁlii
3103 2980 3271 3034 Adam
3305 2981 3354 3033 itt
3379 2979 3554 3033 Adam
3597 2993 3701 3034 na-

2112 3073 2266 3129 turali
2296 3073 2498 3128 ratione
2518 3115 2532 3139 ,
2559 3071 2771 3143 quando
2793 3111 2810 3138 ,
2841 3072 2979 3126 sicut
3009 3072 3083 3128 ait
3119 3071 3305 3127 beatus
3328 3070 3563 3126 Joannes
3586 3071 3706 3140 epi-

2110 3180 2323 3233 scapus,
2349 3163 2479 3220 illud
2498 3173 2761 3233 peceatum
2786 3163 2978 3234 grande
2997 3163 3264 3230 commisit,
3293 3172 3340 3216 et
3364 3146 3509 3216 omne
3527 3162 3698 3215 [tomi-

2111 3271 2232 3309 num
2260 3270 2418 3325 genus
2445 3254 2497 3307 in
2526 3269 2788 3307 commune
2813 3253 3068 3305 daumavit
3101 3251 3382 3324 (Chrysost.
3413 3252 3467 3304 iu
3498 3249 3696 3304 Ilomil.

2110 3347 2172 3400 de
2197 3345 2394 3400 Lazaro
2417 3344 2732 3414 resuscitato)
2757 3362 2772 3410 ;
2803 3345 2907 3406 vel,
2937 3344 3070 3399 sicut
3092 3345 3165 3398 ait
3191 3343 3393 3412 collega
3425 3342 3543 3413 ejus
3572 3345 3698 3396 Ant-

2112 3439 2319 3493 hrusius
2344 3478 2358 3501 ,
2391 3436 2514 3490 Fuit
2544 3437 2708 3489 Adam
2733 3479 2746 3499 ,
2777 3445 2824 3488 et
2869 3436 2921 3488 in
2950 3435 3039 3488 illo
3083 3435 3273 3502 fuimus
3309 3449 3523 3500 omnes;
3556 3435 3698 3502 periit

2110 3531 2296 3597 Adam,
2327 3540 2371 3584 et
2397 3531 2448 3583 in
2485 3528 2576 3583 illo
2617 3545 2785 3582 omnes
2814 3528 3065 3598 perierunt
3092 3527 3227 3596 (Lib.
3257 3527 3288 3580 7
3315 3529 3367 3580 in
3399 3525 3530 3581 Luc.
3565 3531 3655 3596 xv)
3683 3545 3697 3580 :

2112 3623 2158 3676 si
2189 3633 2243 3678 ttt
2283 3622 2450 3677 audes
2478 3622 2695 3685 dicere,
2739 3636 2844 3675 non
2881 3621 3050 3674 soluat
3077 3661 3091 3684 ,
3135 3620 3250 3674 Jam
3295 3630 3486 3684 erant;
3516 3635 3701 3674 verum

2113 3717 2294 3781 etiam,
2321 3715 2533 3786 quando
2563 3729 2660 3768 nos
2688 3713 2755 3768 de
2787 3713 2908 3768 liliis
2938 3713 3105 3769 Adam
3125 3754 3140 3777 ,
3169 3711 3384 3781 quando
3423 3724 3701 3780 peccatum

2114 3807 2240 3862 illud
2256 3805 2546 3860 admissum
2562 3815 2664 3870 est,
2678 3802 2858 3859 dicere
2876 3819 2979 3858 non
3001 3803 3278 3868 audemus,
3292 3802 3411 3858 Jam
3428 3805 3535 3858 orti
3553 3814 3706 3859 erant

2113 3900 2327 3955 dolores
2349 3899 2491 3963 Erae,
2517 3896 2727 3968 quando
2757 3912 2852 3950 eos
2875 3896 3013 3951 Deus
3042 3894 3519 3965 multiplicaturum
3541 3910 3600 3949 se
3619 3911 3705 3951 es-

2111 4008 2172 4048 se
2190 3993 2421 4048 minatus
2439 3990 2562 4046 est?
2588 3989 2966 4044 Verumtamen
2996 4003 3100 4043 non
3123 3988 3173 4041 in
3197 3985 3424 4042 naturali
3448 3988 3656 4042 ratione
3687 3989 3702 4018 ⁸

2107 4086 2220 4153 jam
2260 4091 2415 4138 erant
2446 4082 2568 4136 Erat
2607 4081 2820 4135 dolores
2843 4120 2860 4146 ,
2890 4094 3024 4149 quos
3051 4079 3408 4151 parturientes
3431 4119 3447 4144 ,
3483 4093 3706 4134 necesse

2113 4182 2199 4230 est
2223 4173 2425 4244 perpeti
2447 4189 2461 4236 ;
2483 4172 2606 4242 quia
2634 4186 2739 4225 non
2767 4185 2862 4226 eos
2887 4171 3028 4224 illam
3059 4183 3278 4225 necesse
3305 4177 3421 4224 erat
3451 4169 3662 4239 perpeti
3687 4211 3702 4232 ,

2114 4282 2234 4322 cum
2262 4263 2525 4337 parturire
2548 4262 2800 4332 coepisset
2821 4279 2834 4322 ;
2859 4268 3119 4318 venerunt
3151 4259 3346 4330 quippe
3373 4258 3445 4314 illi
3474 4259 3705 4314 damna-

2118 4359 2260 4416 tione
2299 4356 2468 4427 culpat
2491 4396 2507 4420 ,
2539 4370 2647 4411 non
2673 4352 2979 4410 conditione
3021 4359 3245 4405 naturae.
3278 4349 3432 4416 Quod
3462 4364 3562 4405 vos
3609 4367 3706 4405 ne-

2110 4450 2288 4522 gando
2314 4447 2441 4520 quid
2467 4447 2622 4518 agitis
2653 4487 2669 4514 ,
2701 4445 2803 4500 nisi
2829 4453 2881 4498 ut
2911 4445 2962 4498 in
2990 4443 3109 4498 loco
3149 4442 3292 4496 illius
3313 4441 3703 4507 beatitudinis,

2112 4543 2204 4599 ubi
2235 4557 2352 4597 esse
2382 4538 2625 4595 homines
2664 4535 2908 4607 permissi
2951 4549 3055 4590 non
3085 4541 3241 4598 sunt,
3268 4547 3404 4616 quos
3427 4533 3541 4600 jam
3580 4546 3710 4585 cru-

2111 4637 2246 4694 .ciari
2274 4633 2591 4704 oportebat,
2619 4630 2886 4686 cruciatus
2931 4626 3208 4681 hominum
3255 4624 3414 4680 etiam
3446 4636 3709 4693 peccante

2119 4728 2332 4784 nomine
2359 4722 2675 4780 collocetis?
2701 4719 2853 4788 Quod
2900 4721 3085 4790 ignoro
3112 4732 3213 4788 qua
3241 4716 3414 4772 fronte
3457 4716 3707 4782 faciatis;

2115 4820 2220 4876 nisi
2249 4817 2373 4889 quia
2401 4831 2496 4871 vos
2516 4812 2766 4884 paradiso
2801 4809 3095 4868 contrarios
3122 4849 3138 4872 ,
3167 4815 3351 4865 contra
3395 4804 3709 4875 paradisum

2113 4907 2510 4982 quodammodo
2537 4906 2772 4960 habitare
2795 4903 3056 4966 delectat;
3088 4901 3209 4970 quia
3240 4906 3296 4955 et
3381 4895 3562 4955 Adam
3644 4898 3715 4953 de
3763 4910 3776 4914 ·

2117 5003 2365 5074 paradiso
2406 5001 2646 5069 eiectus,
2694 5005 2881 5052 contra
2924 4994 3225 5065 paradisum
3270 5001 3353 5048 est
3409 4992 3713 5047 collocatus

2120 5095 2284 5167 (Gen.
2317 5110 2396 5160 ιιι,
2422 5091 2514 5155 24,
2543 5107 2643 5145 sec.
2675 5085 2876 5160 LXX).
2907 5085 3024 5142 Jam
3072 5086 3248 5156 itaque
3292 5082 3542 5155 paradiso
3571 5098 3705 5138 con-

2122 5189 2337 5253 trarius,
2364 5194 2559 5256 quanta
2588 5183 2820 5236 vanitate
2863 5190 3046 5236 contra
3078 5178 3380 5250 paradisum
3413 5193 3703 5248 argumen-

2123 5281 2249 5335 teris
2277 5277 2512 5332 attende.
2543 5272 2874 5342 Multiplicari
2913 5286 3018 5326 non
3066 5269 3160 5324 tibi
3190 5268 3456 5334 videntur,
3488 5268 3591 5322 nisi
3641 5281 3702 5321 ca

2121 5389 2240 5445 qua:
2265 5388 2330 5427 ex
2359 5371 2532 5441 aliqua
2579 5379 2729 5438 parte
2763 5366 2873 5436 jam
2913 5365 3183 5428 existunt;
3225 5371 3519 5428 caeterum,
3559 5370 3706 5414 ante-

2121 5481 2280 5539 quam
2309 5465 2434 5531 sint,
2467 5477 2574 5518 non
2610 5459 2951 5531 multiplicari
2989 5466 3144 5530 guttas
3177 5455 3403 5515 dicenda
3432 5470 3588 5518 esse.
3614 5451 3706 5510 sed

2188 5646 2203 5675 ι
2229 5640 2367 5699 Editi,
2393 5649 2564 5690 rerum
2585 5635 2734 5689 etiam
2751 5636 2800 5688 in
2818 5630 3032 5686 naturali
3051 5631 3252 5699 ratione.
3270 5639 3451 5682 Omnes
3463 5636 3593 5685 uss.,
3619 5635 3702 5676 ro-

2127 5694 2394 5754 rmnuunen
2423 5714 2439 5751 :
2463 5701 2594 5750 solus
2615 5700 2771 5749 etate:
2811 5705 2935 5748 t’ort.
2963 5694 3242 5760 particulam
3287 5701 3571 5757 negantem,
3598 5701 3696 5753 qua

2125 5767 2492 5818 desiderabatur
2512 5776 2573 5813 eo
2593 5761 2713 5820 loco,
2737 5761 2974 5812 restituit.
