3970 6184
449 324 582 381 156⁸7

445 447 503 491 ιιι
546 451 643 506 pro
687 441 904 504 peccato
929 431 1214 488 voluntatis
1253 430 1440 484 aliena:
1469 427 1766 482 convicium
1814 422 2032 476 maledi-

444 527 641 581 ctionis
690 523 1034 594 exciperent?
1066 523 1147 576 An
1188 521 1436 575 utetiam
1485 519 1722 586 ipsorum
1770 515 2030 582 cespitum

445 618 728 672 doceretur
754 613 1022 684 exemplo,
1049 627 1205 682 posse
1231 626 1352 666 esse
1379 609 1742 672 maledictum,
1763 605 1849 659 ubi
1878 604 2031 673 culpa

445 726 551 767 non
601 708 785 763 esset?
811 707 942 762 Nam
974 706 1018 760 si
1063 710 1116 760 in
1149 705 1366 760 homine
1405 712 1678 773 peccatum
1707 742 1721 765 ,
1755 700 1806 754 in
1852 708 2032 768 segete

445 801 810 866 maledictum;
839 797 1180 852 manifestum
1221 806 1304 851 est
1327 795 1550 849 crimina
1578 807 1678 845 non
1706 805 1918 860 semper
1938 787 2030 842 .id-

444 895 649 950 hmrere
687 891 1001 961 dispendiis.
1047 889 1104 945 Si
1138 903 1266 959 ergo
1312 895 1528 957 propter
1564 886 1663 938 hoc
1701 882 2032 937 maledicitur

443 997 622 1052 terrae,
652 993 708 1039 ut
730 984 818 1039 ille
847 983 937 1054 qui
975 989 1285 1051 peccaverat
1311 977 1608 1048 afﬂigatur,
1635 989 1732 1029 nec
1760 984 1936 1027 tamen
1959 971 2031 1026 ibi
2058 977 2068 984 '

441 1077 713 1148 iniquitas,
739 1075 829 1131 ubi
859 1074 1158 1130 maledictio
1179 1072 1521 1128 continetur:
1553 1085 1647 1124 cur
1675 1084 1780 1123 non
1811 1082 1873 1122 ea
1903 1081 2032 1121 con-

439 1170 664 1236 ditioue,
692 1167 898 1224 etiamsi
921 1165 1046 1237 quid
1069 1177 1427 1220 aerumnarum
1453 1169 1656 1216 naturae
1683 1167 1880 1213 nostra!
1912 1163 2031 1227 post

442 1268 721 1330 peccatum
774 1257 928 1328 primi
978 1255 1208 1309 hominis
1250 1253 1533 1307 doceretur
1581 1250 1822 1311 illatum,
1850 1256 2027 1300 tamen

441 1359 758 1422 sequeretur
801 1364 906 1402 non
947 1346 1068 1401 ideo
1111 1346 1336 1400 miseros
1365 1357 1484 1398 esse
1513 1348 1794 1395 nascentes
1817 1379 1831 1402 ,
1864 1346 1921 1391 ut
1950 1336 2029 1391 rei

441 1443 902 1504 coitvincerentur;
922 1437 1016 1492 sed
1037 1432 1608 1491 utcommemoratione
1625 1429 1824 1498 peccati
1847 1426 2024 1497 primi,

441 1531 660 1586 afﬂictio
704 1528 1030 1584 succedanea
1061 1527 1143 1580 his
1185 1539 1322 1594 quos
1353 1537 1472 1578 reos
1504 1537 1607 1575 non
1651 1519 1882 1582 fecerat,
1911 1517 2029 1571 imi-

447 1625 663 1680 tationis
689 1623 840 1678 mala:
869 1621 1118 1676 indiceret
1146 1617 1482 1672 cautionem?
1508 1610 1948 1681 Quandoquidem
1973 1616 2028 1663 et

443 1725 585 1770 terra
608 1715 678 1769 ob
709 1715 810 1766 hoc
829 1711 1200 1766 ostenderetur
1230 1707 1495 1762 maledicti
1523 1703 1820 1759 convicium
1843 1711 2026 1770 pertu-

442 1807 590 1870 lisse,
610 1812 667 1858 ut
682 1804 876 1857 malum
893 1802 1080 1856 aliena:
1107 1797 1391 1852 voluntatis
1410 1802 1675 1865 argueret,
1697 1807 1802 1846 non
1820 1801 1878 1846 ut
1900 1806 2029 1860 par-

442 1897 805 1967 ticipationem
834 1894 915 1948 sui
959 1891 1200 1948 criminis
1231 1891 1471 1960 gigneret
1501 1905 1513 1941 :
1544 1887 1643 1941 nisi
1673 1884 1810 1939 forte
1835 1884 2024 1939 creda-

441 2005 560 2044 mus
589 1988 887 2042 chariorem
927 1985 1035 2040 Deo
1065 1996 1257 2039 terram
1287 1997 1424 2044 esse,
1457 1996 1614 2051 quam
1643 1979 2022 2043 innocentiam,

441 2091 496 2133 ut
542 2080 745 2134 scelere
791 2077 965 2130 alieno
1005 2091 1125 2130 cmn
1179 2073 1386 2143 glebam
1433 2089 1538 2126 non
1573 2071 1798 2139 patiatur
1823 2069 2022 2139 pollui,

439 2171 611 2226 addici
631 2179 803 2222 tamen
821 2167 1086 2237 permittat
1101 2165 1394 2219 infantiam.
1414 2162 1747 2218 Maledictum
1761 2175 1888 2230 ergo
1901 2159 2026 2214 diri-

444 2261 649 2332 gitnrin
676 2271 889 2318 terram.
907 2273 1004 2312 nec
1023 2267 1197 2311 tamen
1221 2255 1320 2309 hoc
1343 2257 1514 2325 ipsum
1543 2253 1855 2321 relinquitur
1877 2252 2028 2305 invo-

440 2355 629 2410 lutum.
660 2353 950 2408 Disseritur
977 2351 1170 2421 quippe
1207 2364 1314 2418 quo
1344 2347 1447 2402 fine
1474 2344 1737 2416 ejusmodi
1763 2344 2024 2399 sententia

438 2446 768 2508 tenderetur,
790 2444 875 2498 vel
917 2440 1187 2513 quomodo
1233 2439 1428 2494 humus
1476 2435 1756 2492 maledicta
1804 2449 2026 2489 voeare-

441 2547 546 2592 tur.
580 2535 643 2589 In
671 2535 872 2590 tristitia
890 2576 904 2599 ,
940 2532 1139 2602 inquit,
1167 2529 1494 2584 manducabis
1529 2543 1638 2582 eam
1666 2525 1893 2580 omnibus
1913 2526 2026 2580 die-

439 2630 530 2682 bus
553 2627 666 2680 vita:
683 2634 801 2678 tute.
822 2624 938 2692 Quo
963 2624 1120 2693 igitur
1139 2636 1335 2691 genere
1355 2635 1414 2674 se
1435 2627 1665 2689 exponat
1685 2658 1699 2679 ,
1721 2616 1985 2670 advertito
2007 2635 2022 2671 :

439 2717 720 2775 maledicta
751 2715 951 2770 dicitur
981 2722 1117 2768 terra
1136 2754 1152 2778 ,
1183 2727 1287 2765 non
1318 2725 1425 2780 quo
1453 2709 1504 2764 in
1531 2723 1648 2764 eam
1673 2705 2024 2761 animadverti

436 2809 694 2880 quiverit,
747 2806 840 2861 sed
891 2805 995 2860 hoc
1041 2803 1257 2858 nomine
1304 2800 1485 2870 Opinio
1537 2798 1699 2852 animi
1749 2796 2026 2851 nuercntis

437 2901 770 2965 ostenditur;
799 2908 857 2954 ut
875 2897 1126 2968 quoniam
1164 2895 1402 2949 sterilem
1448 2890 1650 2947 sciebat
1677 2905 1772 2960 pro
1809 2888 2028 2942 cultoris

438 2995 518 3049 sui
569 2992 806 3054 meritis,
839 2986 1098 3059 aegritudo
1142 2984 1429 3041 esurientis
1473 2981 1701 3052 operarii
1737 2983 2028 3050 imputaret

439 3096 594 3141 terra:
620 3083 762 3155 quod
780 3083 894 3152 ipse
921 3085 1308 3151 promerucrat,
1328 3085 1382 3131 et
1410 3072 1746 3130 maledictam
1763 3088 1882 3127 eam
1893 3070 2029 3126 alili-

434 3188 557 3231 etus
577 3182 810 3238 vocaret,
829 3171 982 3240 cujus
1004 3169 1122 3225 ideo
1142 3166 1491 3224 claudebatur
1514 3165 1784 3235 cpimitas,
1808 3173 1865 3218 ut
1891 3179 2026 3233 pra:-

437 3264 800 3321 varicatorille
821 3275 919 3317 nec
936 3268 1198 3322 naturam,
1218 3272 1320 3311 nec
1340 3267 1560 3319 terram,
1579 3253 1672 3310 sed
1700 3255 2026 3308 voluntatem

437 3365 600 3426 atque
634 3368 914 3424 personam
951 3367 1101 3405 suam
1127 3349 1410 3403 maledicto
1441 3349 1691 3401 fateretur
1717 3345 2026 3400 obnoxiam.

441 3448 654 3516 Spinas,
683 3445 873 3515 inquit,
903 3451 949 3498 et
975 3440 1186 3495 tribulos
1212 3439 1321 3493 edet
1343 3439 1451 3492 tibi.
1488 3437 1601 3491 Non
1625 3436 1722 3490 fuit
1747 3444 2053 3491 contentus'

439 3538 623 3592 dicere
646 3577 662 3602 ,
693 3535 885 3606 Spinas
927 3548 986 3585 ac
1012 3531 1222 3584 tribulos
1273 3528 1382 3582 edet
1416 3529 1462 3594 ';
1509 3525 1603 3581 sed
1649 3525 1887 3594 addidit,
1916 3526 2025 3580 tibi.

444 3629 587 3683 Inter
612 3627 833 3695 virgulta
875 3624 1070 3694 quippe
1111 3621 1212 3674 alia
1237 3659 1252 3686 ,
1285 3630 1340 3674 et
1384 3621 1625 3688 veprium
1662 3616 1878 3672 frutices
1903 3617 2029 3672 olim

439 3722 590 3790 jussa
622 3717 916 3789 protulerat
941 3732 954 3768 :
980 3723 1106 3768 tunc
1121 3727 1270 3778 vero,
1294 3719 1352 3765 ut
1371 3717 1819 3780 compungeretur
1845 3709 2027 3775 homo,

441 3811 600 3866 solito
638 3807 954 3864 senticosinr
993 3804 1167 3859 futura
1196 3803 1540 3873 promittitur.
1565 3801 1718 3869 Quod
1746 3799 1913 3856 Adam
1941 3817 2032 3856 vo-

442 3904 720 3960 bemcnter
741 3901 1000 3970 castigare
1021 3905 1248 3969 poterat,
1269 3911 1429 3966 quem
1449 3903 1569 3966 post
1596 3894 1825 3964 paradisi
1857 3894 2032 3950 fontes

441 4003 496 4050 et
543 4002 724 4065 prata,
751 3991 910 4045 etiam
943 4003 1078 4042 unus
1107 3987 1273 4041 rubus
1305 3993 1486 4056 posset
1522 3983 1820 4040 oﬂ'endere.
1853 3982 1920 4038 In
1951 4001 2031 4038 su-

444 4086 569 4140 dore
594 4093 770 4138 autem
795 4081 943 4153 faciei
975 4089 1076 4133 tute
1099 4078 1216 4132 edes
1247 4093 1429 4147 panem
1471 4087 1648 4142 tuum;
1675 4089 1781 4130 non
1809 4075 1940 4129 satis
1963 4073 2031 4128 ad

450 4190 743 4231 :erumnam
773 4172 926 4227 video
970 4169 1277 4240 pertinere:
1311 4166 1572 4236 siquidem
1602 4167 1762 4221 etiam
1791 4165 2033 4220 naturale

449 4269 814 4339 adiumentum
838 4273 941 4326 est,
973 4271 1029 4316 ut
1047 4259 1381 4331 operantium
1397 4267 1544 4312 artus
1564 4258 1756 4313 sudore
1787 4273 2033 4312 recreen-

453 4374 558 4419 tur.
619 4361 700 4416 llli
737 4368 912 4414 autem
951 4365 1074 4411 ante
1121 4362 1398 4426 peccatum
1441 4352 1676 4407 laborem
1732 4352 2035 4407 incubuisse

456 4453 680 4509 cultura:
710 4450 866 4505 lectio
894 4449 1004 4517 ipsa
1035 4454 1275 4501 testatur.
1311 4444 1398 4498 Sic
1423 4442 1564 4496 enim
1592 4443 1663 4496 ait
1688 4459 1702 4495 :
1731 4441 1798 4495 Et
1822 4443 2035 4513 sumpsit

456 4546 706 4600 Dominus
739 4541 872 4596 Deus
895 4541 1148 4595 hominem
1180 4553 1327 4602 quem
1349 4535 1492 4606 fecit,
1521 4543 1568 4588 et
1609 4535 1772 4604 posuit
1809 4534 1954 4587 illum
1979 4535 2033 4588 in

450 4637 710 4709 paradiso,
733 4635 932 4705 operari
952 4650 1066 4688 eum
1089 4641 1135 4686 et
1149 4630 1400 4685 custodire
1424 4627 1571 4700 (Gen.
1599 4645 1657 4696 ιι,
1689 4628 1798 4700 l5).
1825 4626 1880 4683 Si
1907 4643 2035 4699 ergo

449 4729 609 4784 etiam
653 4727 706 4780 in
753 4723 996 4795 paradiso
1029 4723 1200 4776 noluit
1236 4737 1360 4776 eum
1405 4720 1544 4775 Deus
1574 4720 1762 4790 pabula
1791 4735 2037 4776 examus-

451 4821 550 4877 sim
597 4818 872 4875 illaborata
914 4815 1224 4885 suscipere,
1276 4811 1370 4866 sed
1425 4812 1622 4867 indicto
1663 4813 2033 4883 operationis,

449 4926 607 4981 quam
654 4907 918 4963 indiderat
941 4905 1192 4961 excitavit
1227 4901 1567 4969 industriam;
1591 4904 1717 4974 quid
1744 4905 1792 4958 ei
1836 4919 2032 4958 novum

450 5000 707 5055 accidisse
747 4998 1013 5053 credimus
1036 5037 1052 5062 ,
1079 4996 1124 5051 si
1155 4994 1378 5050 sentiret
1418 4993 1666 5049 sudorem
1690 5036 1706 5060 ,
1736 4994 1823 5063 qui
1869 5009 2033 5062 expe-

451 5093 689 5150 riebatur
716 5090 977 5146 laborem?
1000 5089 1251 5160 Sequitur
1277 5095 1454 5142 autem
1486 5105 1499 5140 :
1523 5085 1695 5140 Donec
1731 5088 2036 5141 convertaris

451 5186 503 5238 in
531 5193 716 5238 terram
744 5197 807 5234 ea:
845 5197 943 5251 qua
969 5191 1197 5250 sumptus
1223 5195 1313 5245 es;
1337 5177 1574 5248 quoniam
1599 5170 1748 5230 terra
1787 5193 1840 5230 es
1865 5217 1879 5241 ,
1909 5184 1956 5230 et
1979 5178 2032 5229 in

453 5290 640 5335 turam
676 5276 788 5332 ibis.
819 5274 940 5330 Ihec
970 5289 1098 5330 sane
1131 5289 1254 5345 pars
1281 5283 1519 5330 extrema
1545 5273 1824 5343 sententiae
1846 5313 1862 5339 ,
1898 5273 2036 5327 sicut

454 5375 542 5429 illa
573 5368 808 5428 mulieris
831 5409 846 5434 ,
889 5366 956 5422 ad
985 5365 1236 5432 iudicium
1261 5367 1282 5398 ’
1306 5407 1321 5430 ,
1350 5381 1455 5421 non
1499 5363 1915 5442 adsupplicium
1947 5378 2034 5418 re-

452 5465 610 5535 spicit
632 5481 646 5519 :
672 5462 799 5534 quin
838 5460 946 5516 imo
965 5499 981 5526 ,
1006 5467 1174 5515 utres
1200 5457 1430 5524 indicat,
1463 5455 1729 5530 promisso
1759 5454 1866 5509 ﬁne
1891 5469 2027 5510 con-

520 5640 537 5673 ι
562 5645 624 5690 Ex
646 5645 753 5688 Mss.
791 5636 884 5688 nde
921 5635 1204 5695 addidimus,
1229 5641 1327 5685 Non
1351 5632 1441 5697 fuit
1463 5636 1704 5684 contentus
1727 5629 1908 5691 dicere,
1931 5628 2028 5686 sni-

461 5713 548 5751 nas
565 5713 622 5749 ac
640 5700 839 5750 tribulos
861 5699 988 5749 edet.

520 5763 540 5794 ³
565 5761 700 5816 aliti.
721 5765 784 5811 ad
797 5760 1059 5826 judicium.
1093 5758 1413 5810 Etncudantur
1439 5772 1499 5809 ex
1517 5755 1872 5816 tnanuscriptis.

1093 317 1339 376 OPERIS
1378 311 1790 372 IMPERFECTI
1830 307 2101 366 CONTRA
2142 304 2502 374 JULIANUM,
2541 305 2595 364 S.
2641 304 3002 365 AUGUSTINI

3587 307 3725 365 1568

2143 420 2344 474 solatur
2367 419 2660 476 hominem.
2691 420 2824 489 Quia
2854 420 2998 477 enim
3023 435 3182 492 supra
3209 432 3725 478 commemoraverat

2141 510 2352 565 dolores
2373 551 2387 576 ,
2416 511 2626 567 labores
2645 554 2660 579 ,
2685 512 2939 577 sudores,
2973 527 3198 583 quorum
3237 527 3456 567 sensum
3506 522 3721 576 natura,

2141 606 2468 661 nimietatem
2507 621 2730 676 persona
2773 616 3114 676 susceperat;
3144 621 3210 661 ne
3238 606 3342 661 hoc
3371 607 3425 663 in
3466 617 3723 661 mter-num

2139 697 2409 752 videretur
2441 698 2652 752 extendi
2679 741 2694 765 ,
2726 699 2970 754 mitificat
2998 701 3014 731 ί
3042 698 3414 770 :rgritudinem
3462 699 3724 753 terminus

2141 787 2401 842 indicatus
2429 804 2443 841 :
2469 801 2532 843 ac
2558 789 2603 842 si
2629 788 2835 844 diceret
2853 830 2869 853 ,
2901 789 3096 843 Verum
3124 804 3232 843 non
3272 802 3488 857 semper
3515 789 3614 842 ista
3640 804 3726 856 pa-

2139 878 2317 944 tieris;
2347 880 2440 934 sed
2463 880 2620 934 donec
2652 880 2952 934 convertat-is
2971 881 3025 934 in
3065 890 3252 933 terram
3276 879 3341 933 de
3365 895 3466 950 qua
3494 889 3726 947 sronptu

2137 985 2227 1033 es;
2248 971 2366 1041 quia
2391 981 2525 1025 terra
2563 987 2615 1025 es
2634 1011 2650 1034 ,
2677 971 2868 1041 inquit,
2894 981 2938 1025 et
2982 971 3036 1024 in
3064 981 3249 1025 terram
3288 971 3404 1024 ibis.
3430 970 3539 1025 Cur
3578 986 3687 1022 non
3706 1009 3724 1035 ,

2137 1073 2417 1132 postquam
2459 1062 2622 1129 dixit,
2665 1062 2828 1116 donec
2865 1061 3174 1116 converteris
3209 1061 3261 1114 in
3283 1070 3470 1116 terram
3522 1062 3587 1115 de
3628 1078 3728 1130 qua

2134 1165 2365 1225 sumptus
2385 1169 2474 1218 es;
2495 1153 2761 1219 subdidit,
2795 1153 2925 1222 Quia
2954 1152 3182 1223 peccasti
3223 1162 3279 1209 et
3308 1168 3425 1208 mea
3455 1165 3728 1223 pne-cepta

2136 1253 2498 1315 transgressus
2542 1245 2643 1300 es?
2671 1245 2783 1300 Hoc
2805 1244 2948 1299 enim
2984 1243 3270 1299 dicendum
3317 1252 3468 1310 erat,
3498 1245 3542 1298 si
3569 1259 3726 1298 reso-

2135 1337 2266 1392 lutio
2294 1353 2580 1407 corporum
2614 1337 2680 1391 ad
2724 1339 2947 1392 crimina
2994 1338 3306 1407 pertineret.
3351 1335 3544 1391 Verum
3595 1337 3724 1406 quid

2133 1427 2305 1483 dixit?
2333 1428 2466 1496 Quia
2489 1438 2623 1482 terra
2643 1445 2713 1494 es,
2743 1428 2911 1498 inquit
2931 1469 2944 1493 ,
2973 1438 3020 1481 et
3055 1428 3110 1481 in
3138 1437 3324 1480 terram
3355 1426 3467 1481 ibis.
3493 1427 3726 1482 Causam

2134 1535 2230 1576 cur
2259 1520 2310 1574 in
2339 1528 2534 1574 terram
2581 1519 2852 1574 rediturus
2891 1529 3067 1586 esset,
3109 1517 3341 1573 ostendit
3369 1535 3383 1573 :
3411 1517 3543 1585 Quin
3587 1527 3729 1572 terra

2133 1626 2224 1675 es,
2267 1609 2458 1680 inquit.
2510 1608 2789 1675 Quomodo
2841 1619 3018 1663 autem
3060 1619 3203 1663 esset
3255 1617 3426 1674 terra,
3475 1608 3728 1676 superior

2133 1715 2313 1755 sermo
2352 1698 2677 1770 patefecerat
2705 1718 2718 1754 :
2753 1698 2885 1767 Quia
2905 1699 2968 1754 de
2991 1710 3143 1764 terra,
3178 1699 3367 1769 inquit,
3392 1709 3630 1768 sumptus
3653 1717 3725 1754 es.

2133 1791 2188 1846 Si
2220 1807 2348 1862 ergo
2377 1789 2632 1846 redeundi
2665 1791 2714 1844 in
2739 1800 2956 1858 terram,
2985 1790 3122 1845 batie
3146 1805 3265 1845 esse
3293 1787 3554 1844 rationem
3587 1789 3728 1844 dixit

2133 1883 2274 1938 Deus
2294 1923 2309 1947 ,
2340 1883 2592 1953 quoniam
2646 1880 2818 1936 fuerat
2844 1894 3148 1952 assumptus
3196 1896 3228 1936 e
3259 1889 3401 1936 terra
3427 1923 3443 1946 ,
3474 1896 3642 1950 porro
3671 1891 3728 1936 ut

2131 1981 2514 2039 assumeretur,
2559 1971 2624 2026 ad
2672 1972 3005 2042 iniquitatem
3063 1980 3304 2044 spectare
3351 1987 3458 2026 non
3511 1974 3723 2043 potuit;

2131 2065 2317 2137 procul
2347 2065 2510 2119 dubio
2542 2080 2645 2118 non
2701 2065 3030 2134 iniquitatis,
3078 2063 3173 2118 sed
3221 2073 3426 2119 naturae
3475 2066 3727 2120 mortalis

2133 2156 2261 2223 fuit,
2290 2166 2349 2211 ut
2385 2157 2474 2227 qui
2504 2170 2740 2210 aezeruus
2767 2170 2872 2209 non
2896 2164 3040 2219 erat,
3076 2154 3130 2208 in
3158 2155 3400 2225 corporis
3428 2166 3578 2224 parte
3616 2158 3728 2211 sol-
3752 2177 3770 2191 ο

2129 2257 2364 2304 veretur.
2420 2248 2512 2302 Illa
2565 2263 2694 2317 ergo
2733 2245 2987 2302 sterilitas
3026 2247 3315 2311 arborum,
3342 2247 3432 2301 illa
3470 2249 3718 2317 veprium

2131 2341 2380 2405 ubertas,
2414 2340 2502 2394 illa
2531 2339 2658 2409 aegri
2699 2347 2883 2408 partus
2935 2345 3089 2393 aucta
3135 2337 3448 2404 calamitas,
3473 2340 3724 2408 personis

2133 2435 2404 2488 hominum
2435 2441 2556 2486 sunt
2582 2431 2728 2486 illata
2751 2473 2766 2495 ,
2793 2444 2897 2485 non
2921 2429 3126 2501 generi.
3155 2429 3394 2500 Denique
3417 2431 3532 2499 jam
3586 2432 3725 2487 natis

2131 2526 2257 2581 Cain
2286 2534 2341 2579 et
2372 2524 2502 2578 Abel
2525 2524 2680 2578 unius
2710 2532 2915 2577 natura:
2943 2522 3226 2587 ambobus,
3255 2523 3350 2578 sed
3369 2522 3717 2578 diversarum

2131 2618 2467 2673 voluntatum
2490 2657 2507 2683 ,
2537 2631 2637 2671 nec
2669 2613 2802 2670 Cain
2825 2624 3017 2685 sponte
3061 2614 3304 2685 peccanti
3351 2613 3556 2684 profuit
3582 2615 3729 2686 quod

2131 2723 2254 2764 eum
2285 2715 2500 2776 peccata
2527 2706 2694 2776 patris
2720 2721 2824 2760 non
2866 2714 3206 2776 presserant,
3241 2719 3339 2760 nec
3359 2705 3514 2761 Abeli
3539 2708 3726 2762 nocuit

2129 2797 2274 2868 quod
2297 2807 2546 2869 parentes
2567 2795 2685 2866 ejus
2718 2796 3052 2866 deliquerant
3081 2812 3096 2849 :
3125 2795 3222 2851 sed
3261 2805 3453 2866 suopte
3496 2806 3726 2867 uterque

2127 2888 2328 2960 judicio
2375 2903 2476 2944 nec
2499 2886 2710 2942 virtutis
2752 2886 2886 2954 sibi,
2916 2901 3016 2941 nec
3051 2886 3164 2941 vitii
3213 2886 3458 2942 naturale
3499 2887 3727 2942 iufuisse

2133 2980 2498 3052 prtejudicium
2532 2980 2680 3035 vario
2715 2979 2990 3050 proposito
3010 3020 3026 3044 ,
3055 2978 3162 3035 [ine
3189 2979 3336 3033 vario
3363 2980 3724 3050 publirunt.

2133 3072 2322 3129 Functi
2349 3074 2546 3144 quippe
2571 3071 2751 3127 officio
2783 3070 3121 3128 sacerdotum
3146 3111 3163 3137 ,
3193 3069 3458 3126 conditori
3481 3085 3584 3126 suo
3615 3072 3730 3128 Deo

2133 3167 2336 3222 hostias
2362 3165 2684 3220 obtulerunt.
2728 3163 2994 3219 Caeterum
3031 3178 3126 3233 per
3151 3163 3466 3234 obsequium
3490 3204 3506 3227 ,
3551 3163 3730 3233 impar

2132 3276 2258 3316 cura
2289 3258 2564 3315 discrevit.
2609 3256 2866 3313 Patefecit
2905 3257 3007 3311 hoc
3048 3255 3229 3310 divina
3270 3255 3577 3319 sontentia,
3605 3271 3728 3326 qua:

2133 3353 2510 3422 complacitum
2565 3351 2667 3406 sibi
2731 3363 2926 3405 munus
2971 3347 3155 3403 Abelis
3207 3347 3487 3402 ostendit:
3518 3347 3728 3405 offenso

2133 3455 2315 3498 autem
2357 3442 2488 3498 Cain
2517 3455 2732 3497 causam
2777 3454 2890 3494 suae
2931 3437 3314 3509 indignationis
3359 3439 3614 3506 aperuit,
3645 3439 3730 3495 di-

2134 3548 2262 3588 cens
2307 3549 2429 3589 eum
2474 3532 2610 3586 bene
2655 3530 2944 3594 obtulisse,
2974 3529 3069 3585 sed
3111 3529 3250 3585 male
3297 3530 3574 3587 divisisse.
3620 3530 3730 3586 Nec

2137 3641 2285 3681 mora
2309 3625 2507 3680 exarsit
2534 3621 2788 3694 profanus
2816 3621 3028 3676 animus
3053 3621 3105 3676 in
3131 3621 3374 3685 livorem,
3400 3632 3458 3677 et
3487 3622 3731 3692 germani

2137 3715 2420 3772 sanctitate
2442 3723 2692 3785 gravatus
2715 3753 2731 3778 ,
2762 3711 3105 3780 parricidium
3129 3711 3462 3782 gratificatur
3491 3713 3730 3769 invidia}.

2137 3806 2213 3863 ita
2235 3805 2402 3876 prima
2432 3802 2714 3859 occasione
2737 3799 2928 3856 claruit
2955 3800 3154 3856 malum
3179 3815 3286 3854 non
3316 3815 3440 3857 esse
3464 3812 3696 3857 mortem
3712 3841 3731 3868 ,

2135 3896 2276 3968 quod
2299 3911 2417 3952 eam
2439 3895 2616 3966 justus
2645 3892 2848 3963 primus
2891 3892 3128 3946 omnium
3173 3891 3464 3946 dedicavit.
3509 3891 3619 3947 Nec
3648 3901 3732 3947 ta-

2135 4003 2259 4044 men
2293 3988 2438 4067 iram.
2469 3985 2564 4041 Dei
2591 3982 2756 4039 anitni
2797 3983 2964 4038 sontis
2992 3982 3213 4038 audacia
3261 3982 3466 4054 effugit.
3501 3984 3735 4040 Interro-

2137 4087 2290 4149 gatur
2333 4077 2403 4133 de
2445 4077 2643 4142 fratre,
2671 4075 3005 4130 convincitur
3059 4074 3129 4130 de
3177 4075 3411 4141 scelere,
3463 4077 3735 4133 addicitur

2139 4168 2366 4234 ultioni,
2393 4174 2449 4222 ct
2476 4177 2626 4221 extra
2671 4181 2794 4220 eum
2840 4173 3100 4221 terrorem
3129 4207 3145 4231 ,
3183 4167 3272 4236 qui
3312 4167 3361 4222 ei
3392 4182 3492 4236 pro
3540 4169 3734 4239 insigni

2138 4257 2465 4314 crudelitatis
2494 4259 2514 4288 '
2560 4255 2831 4320 incubuit,
2885 4265 3043 4312 terrae
3087 4271 3298 4326 quoque
3351 4257 3736 4314 maledictioue

2141 4349 2354 4420 punitur
2377 4365 2392 4402 :
2423 4346 2751 4414 Maledictus,
2777 4347 2966 4418 inquit,
2987 4357 3039 4400 tu
3065 4363 3097 4400 a
3125 4355 3280 4410 terra,
3311 4363 3423 4416 qua:
3445 4351 3654 4418 aperuit
3682 4365 3737 4404 os

2139 4459 2286 4497 suum
2311 4441 2536 4508 accipere
2561 4439 2857 4510 sanguinem
2878 4438 3054 4510 fratris
3085 4439 3159 4491 tui
3185 4438 3248 4492 de
3271 4449 3358 4492 tua
3387 4456 3544 4493 manu
3563 4456 3585 4504 ;
3605 4458 3738 4512 quo-

2140 4533 2279 4587 niam
2307 4530 2594 4602 operaberis
2621 4539 2806 4584 terram
2823 4570 2838 4594 ,
2868 4539 2916 4583 et
2942 4545 3042 4582 non
3085 4529 3292 4598 adjiciet
3318 4529 3557 4583 virtutem
3587 4548 3741 4585 suam

2141 4627 2264 4679 dare
2283 4624 2370 4678 tibi
2391 4621 2545 4694 (Gen.
2592 4637 2665 4688 tv,
2692 4618 2868 4686 312).
2916 4620 3056 4675 Ecce
3083 4619 3261 4675 denuo
3289 4621 3546 4676 sterilitas
3579 4631 3742 4677 terra:

2143 4721 2196 4776 iu
2237 4735 2392 4789 paena
2440 4716 2666 4774 cultoris
2719 4714 2986 4768 indicitur.
3021 4711 3302 4768 innumera
3341 4721 3523 4767 autem
3568 4730 3742 4783 gene-

2142 4811 2218 4866 ris
2243 4809 2263 4842 ³
2291 4817 2552 4865 tormenta
2593 4806 2644 4861 in
2684 4802 3099 4859 Deuteronomio
3143 4802 3546 4872 promittuntur.
3599 4803 3744 4872 Quid

2143 4899 2313 4971 ergo?
2342 4905 2646 4953 nostrarum
2674 4893 2888 4949 dumeta
2916 4903 3202 4957 terrarum,
3234 4892 3422 4963 quibus
3449 4905 3746 4964 amputan-

2144 4991 2227 5046 dis
2247 5005 2484 5046 ruucone
2511 4997 2748 5044 armatus
2772 4986 2946 5040 cultor
2983 4983 3259 5054 invigilat,
3287 4999 3382 5054 per
3404 4981 3536 5038 Cain
3563 4987 3745 5054 parri-

2144 5082 2342 5138 cidium
2387 5077 2788 5152 germinarunt?
2837 5076 2907 5130 Et
2952 5074 3075 5145 quia
3126 5075 3301 5130 omnis
3347 5075 3552 5143 spinosi
3600 5078 3748 5130 ruris

2144 5174 2391 5234 dominus
2413 5214 2429 5237 ,
2461 5181 2681 5242 peccato
2727 5167 2870 5240 quod
2915 5169 3188 5239 spinarqu
3220 5165 3460 5222 ubertate
3489 5167 3745 5237 punitum

2144 5275 2260 5331 est,
2293 5279 2325 5320 a
2353 5263 2503 5319 vobis
2549 5269 2764 5332 putatur
2803 5259 3111 5322 obnoxius;
3147 5273 3336 5314 omnes
3361 5257 3471 5327 jam
3531 5259 3746 5329 [κη-ηιιὶ

2147 5375 2252 5415 non
2279 5358 2449 5412 solum
2475 5354 2776 5411 comedisse
2804 5367 2960 5423 poma
2980 5391 2997 5417 ,
3028 5350 3273 5420 quamvis
3305 5361 3600 5404 nascantur
3624 5351 3749 5405 sine

2145 5436 2398 5506 dentibus
2421 5489 2435 5513 ,
2463 5445 2557 5502 sed
2589 5446 2750 5500 etiam
2793 5443 2974 5498 Abelis
3015 5441 3324 5519 sanguinem
3369 5439 3633 5496 eﬂ’udisse
3658 5439 3751 5494 di-

2211 5565 2228 5596 ί
2253 5564 2326 5613 sic
2345 5569 2451 5611 Mss.
2478 5567 2528 5608 In
2550 5561 2709 5621 \‘ign.,
2733 5555 2956 5620 rivi/ient.

2209 5627 2229 5657 ²
2251 5625 2410 5672 00(ch
2440 5630 2584 5678 Pet-1.,
2606 5617 2654 5670 ct
2671 5617 2811 5670 extra
2825 5617 2948 5668 cum
2974 5625 3244 5678 tremorem,
3276 5618 3362 5680 qui
3383 5619 3428 5668 ci
3450 5632 3540 5681 pro
3558 5617 3754 5682 insigni

2148 5685 2446 5738 crudelitate.
2746 5737 2754 5744 ,

2213 5750 2409 5807 Morte.
2435 5745 2578 5811 hujus
2603 5749 2782 5808 Lena-ts
