3970 6184
256 357 373 418 1509

248 479 442 530 centur"
490 470 721 542 Apparet
774 471 954 529 certe,
1009 462 1074 515 ad
1120 472 1280 530 quem
1337 457 1571 510 furorem
1621 465 1808 522 perve-

250 567 346 622 niat
371 565 382 595 '
415 540 823 616 Matiiclneorum
853 553 1042 609 tradux
1071 567 1086 604 :
1116 565 1234 620 quze
1275 546 1526 618 quoniam
1555 542 1688 598 nihil
1714 540 1812 594 ha-

248 659 324 713 bet
349 662 535 726 praeter
574 650 859 704 amentiam
883 686 900 712 ,
943 645 1080 700 ridet
1119 643 1186 698 de
1237 637 1568 710 argumentis
1609 632 1808 690 vestris

247 725 618 805 Czillinlicorum
676 740 908 810 gravitas
933 739 954 770 ⁸
983 753 998 802 ;
1026 735 1121 791 sed
1167 733 1236 788 de
1280 729 1451 786 ruinis
1485 725 1675 783 vestris
1714 737 1808 778 e0-

247 839 464 896 rutudem
498 835 672 902 plorat
693 831 925 888 affectio.

308 933 431 985 Ave.
461 927 661 996 Nempe
684 925 808 979 nihil
828 923 936 993 agit
956 931 1041 976 tua
1067 928 1173 974 tam
1203 917 1452 972 diuturna
1478 922 1532 969 et
1551 910 1811 982 operosis-

245 1026 362 1080 sima
389 1021 673 1090 disputatio
699 1018 766 1073 de
805 1031 961 1087 paula
1008 1013 1164 1084 primi
1194 1009 1425 1065 hominis
1447 1047 1462 1072 ,
1495 1006 1595 1060 nisi
1627 1015 1685 1058 ut
1713 1003 1814 1058 hac

244 1124 508 1172 extenuata
536 1155 550 1179 ,
578 1113 736 1168 etiam
781 1110 895 1180 ipsa
916 1107 1072 1177 culpa
1099 1111 1421 1160 extenuetur
1445 1141 1460 1166 ,
1493 1113 1612 1170 qua:
1641 1110 1813 1167 paenae

245 1209 386 1280 hujus
424 1205 723 1276 ingesﬁone
747 1201 996 1258 damnata
1043 1205 1146 1254 est.
1196 1196 1263 1251 Et
1306 1195 1408 1248 hoc
1437 1190 1568 1246 facis
1597 1196 1816 1259 propter

244 1300 389 1355 verba
430 1295 555 1352 libri
603 1295 748 1359 mei,
779 1292 866 1348 cui
915 1287 1209 1360 respondes
1234 1326 1250 1352 ,
1275 1300 1398 1356 qua!
1439 1282 1533 1338 tibi
1564 1290 1816 1350 tanquam

245 1387 592 1458 redarguenda
621 1384 895 1456 proponis,
927 1382 1015 1437 ubi
1047 1380 1177 1446 dixi,
1213 1375 1354 1432 Illud
1379 1390 1497 1444 ergo
1525 1382 1811 1443 peceatum,

244 1479 366 1549 quod
391 1480 559 1548 ipsum
585 1476 835 1529 hominem
862 1473 914 1526 in
942 1470 1180 1543 paradiso
1201 1465 1408 1522 mutavit
1428 1465 1481 1518 in
1503 1464 1667 1536 pejus,
1697 1459 1817 1532 quia

247 1569 391 1624 multo
409 1578 481 1621 est
502 1565 748 1637 grandius
763 1580 920 1635 quam
925 1561 1165 1634 judicare
1183 1575 1272 1612 nos
1293 1571 1578 1628 possumus,
1597 1554 1660 1607 ab
1679 1550 1818 1606 omni

245 1665 460 1714 nascente
485 1657 722 1711 trahitur.
756 1653 826 1710 Ut
847 1668 974 1724 ergo
996 1667 1101 1707 non
1138 1650 1380 1705 videatur
1403 1645 1602 1718 grande
1630 1658 1818 1713 pecca-

247 1758 367 1814 tum,
389 1763 494 1820 qno
522 1745 755 1816 pomerit
797 1744 849 1798 in
875 1743 1112 1799 deterius
1141 1748 1326 1796 natura
1353 1735 1544 1792 mutari
1568 1777 1583 1802 ,
1616 1734 1730 1790 leve
1754 1747 1818 1788 ac

245 1854 398 1909 prope
447 1837 652 1893 nullum
691 1834 1004 1906 supplicium
1051 1846 1172 1888 esse
1198 1827 1475 1885 contendis
1517 1824 1658 1896 quod
1707 1837 1816 1878 me-

246 1929 359 1982 ruit.
391 1927 526 1982 llinc
570 1936 653 1982 est
680 1924 822 1997 quod
873 1922 1208 1979 maledictam
1239 1928 1434 1974 terram
1487 1916 1538 1970 in
1565 1912 1820 1984 operibus

243 2017 658 2089 pnevaricatoris
684 2024 961 2086 retorques
986 2013 1051 2068 ad
1079 2012 1151 2066 tui
1176 2009 1439 2080 dogmatis
1460 2005 1772 2076 pravitatem
1802 2021 1816 2056 :

241 2115 356 2166 hinc
385 2121 470 2167 est
492 2109 632 2180 quod
681 2109 862 2178 spinas
887 2116 941 2162 et
973 2105 1195 2160 tribulos
1218 2142 1235 2168 ,
1266 2112 1318 2155 et
1347 2109 1632 2168 antequam
1660 2095 1822 2150 homo

239 2210 504 2271 peccaret,
538 2199 699 2252 fuisse
723 2196 921 2252 asseris
944 2194 1255 2258 institutos;
1288 2202 1408 2244 cum
1437 2188 1578 2243 Deus
1600 2185 1713 2240 hrec
1743 2184 1824 2238 iu-

235 2300 311 2345 ter
337 2305 433 2343 sua
469 2288 714 2357 primitus
742 2285 978 2340 instituta
1006 2297 1110 2337 non
1138 2280 1394 2346 nominet,
1426 2277 1520 2333 sed
1547 2276 1598 2330 in
1631 2289 1823 2346 pecca-

239 2380 362 2436 turis
390 2377 658 2447 supplicio
695 2375 1090 2430 comminetur:
1126 2371 1251 2426 hinc
1278 2378 1360 2425 est
1389 2366 1530 2438 quod
1573 2365 1823 2420 sudorem

238 2468 546 2530 laborantis,
581 2476 638 2520 ut
668 2481 774 2520 non
805 2465 934 2520 satis
963 2463 1030 2517 ad
1057 2475 1352 2517 mrumnam
1377 2459 1644 2528 pertinere
1669 2455 1824 2511 vide-

241 2570 412 2622 retur.
441 2559 609 2614 etiam
650 2555 892 2611 naturale
931 2553 1294 2622 adjumentum
1333 2563 1456 2605 esse
1501 2546 1716 2611 dixisti,
1765 2553 1827 2600 ut

241 2651 437 2707 scilicet
457 2647 792 2720 operantium
815 2653 961 2699 artus
988 2642 1184 2699 sudore
1208 2647 1547 2704 recreentur;
1573 2646 1822 2708 tanquam

245 2744 378 2797 Deus
419 2741 522 2795 ista
564 2737 748 2793 dicens
782 2751 889 2790 non
929 2735 1188 2803 irrogaret
1213 2731 1531 2802 supplicium
1561 2743 1657 2798 pro
1694 2741 1822 2797 pec-

242 2842 354 2886 cato
377 2873 392 2896 ,
421 2829 518 2885 sed
557 2829 710 2884 daret
745 2828 964 2896 insuper
1005 2823 1305 2894 prarmium.
1356 2820 1670 2889 Quanquam
1725 2817 1827 2873 hoc

244 2936 468 2992 congrue
493 2920 796 2975 diceremus
818 2959 833 2983 ,
864 2916 908 2971 si
941 2913 1188 2970 sudorem
1224 2911 1424 2967 laboris
1454 2911 1526 2964 ita
1550 2908 1823 2974 laudares,

244 3023 296 3068 ut
325 3023 448 3067 tunc
474 3011 683 3066 diceres
713 3008 1008 3064 institutum
1031 3023 1045 3060 :
1066 3019 1203 3059 nunc
1220 3013 1396 3058 autem
1417 3009 1607 3056 etante
1635 3014 1827 3068 pecca-

246 3115 349 3160 tum
376 3106 453 3159 sic
477 3102 718 3157 aflirmas
745 3100 797 3154 in
825 3099 1073 3169 paradiso
1104 3095 1373 3150 hominem
1400 3091 1741 3156 collocatum,
1771 3096 1828 3143 ut

247 3199 509 3265 operando
557 3203 754 3248 terram
799 3189 914 3244 sine
954 3188 1152 3243 labore-
1183 3201 1288 3240 non
1330 3191 1511 3247 esset;
1540 3180 1689 3252 quasi
1722 3194 1828 3234 non

248 3296 415 3356 posset
444 3286 534 3340 illa
569 3283 826 3346 ﬁrmitas,
855 3290 909 3337 et
939 3279 1079 3334 nulla
1123 3275 1404 3332 inﬁrmitas
1429 3271 1690 3344 corporis,
1723 3286 1829 3326 non

247 3380 406 3435 solum
447 3364 564 3435 sine
586 3379 790 3444 labore,
817 3389 1000 3430 verum
1025 3373 1184 3428 etiam
1212 3385 1332 3426 cum
1354 3368 1516 3424 animi
1537 3367 1824 3436 voluptate,

248 3473 378 3542 quod
406 3473 679 3528 delectare
698 3477 930 3542 poterat,
962 3465 1189 3537 operari.
1219 3462 1324 3520 Sed
1353 3477 1449 3518 cur
1476 3459 1577 3514 hoc
1606 3458 1826 3520 dixeris,

249 3561 792 3634 occulerenequivisti
820 3579 833 3614 :
857 3558 1190 3629 apertissime
1210 3555 1405 3626 quippe
1429 3551 1684 3623 loqueris,
1707 3564 1829 3605 cum

249 3656 392 3711 addis
414 3698 430 3724 ,
457 3655 603 3722 Quid
628 3669 810 3709 novum
838 3650 1080 3705 accidisse
1114 3647 1348 3706 dicimus,
1375 3645 1419 3698 si
1446 3643 1648 3696 sentiret
1679 3643 1834 3696 sudo-

251 3764 376 3814 rem,
419 3753 504 3820 qui
543 3745 893 3816 experiebatur
935 3737 1201 3795 laborem?
1244 3737 1543 3791 Tantumne
1588 3744 1639 3788 te
1682 3731 1835 3785 libuit

251 3843 578 3912 quietissime
610 3840 882 3894 beatorum
915 3836 1033 3890 loco
1057 3875 1072 3899 ,
1102 3847 1209 3886 non
1237 3831 1410 3885 solum
1439 3826 1678 3881 tristitias
1714 3839 1836 3894 par-

256 3934 507 3989 turitionis
557 3934 614 3987 in
656 3930 866 3985 feminis
886 3969 902 3993 ,
935 3940 1119 3982 verum
1147 3924 1307 3978 etiam
1349 3920 1402 3975 in
1429 3919 1558 3975 viris
1583 3917 1834 3972 sudorem

255 4026 440 4082 laboris
466 4025 782 4090 immittere,
811 4030 867 4075 ut
897 4020 1006 4073 Deo
1037 4017 1322 4072 damnante
1348 4053 1363 4079 ,
1426 4011 1557 4066 nihil
1591 4007 1719 4064 novi
1747 4007 1836 4061 da-

254 4129 427 4173 mnato
447 4119 661 4174 diceres
679 4111 969 4169 accidisse?
995 4109 1293 4166 Tantumne
1322 4104 1499 4159 illudis
1523 4118 1583 4157 ac
1609 4100 1839 4170 despicis

256 4214 590 4268 severitatem
614 4209 634 4240 ³
663 4206 780 4274 Dei,
803 4214 862 4261 ut
887 4203 1030 4276 quod
1063 4200 1312 4271 irrogavit
1340 4199 1429 4253 ille
1455 4196 1750 4268 pmnaliter,
1782 4203 1837 4247 tu

257 4308 500 4360 donatum
535 4302 849 4359 naturaliter
885 4294 1197 4353 asseveres?
1227 4293 1284 4347 Si
1311 4291 1440 4346 nihil
1485 4289 1610 4344 novi
1640 4285 1838 4341 homini

257 4397 506 4452 accidisse
535 4395 672 4450 dicis
697 4436 712 4459 ,
745 4392 827 4446 cui
859 4391 998 4445 lleus
1025 4387 1158 4442 dixit
1182 4427 1196 4451 ,
1228 4383 1293 4438 In
1336 4383 1518 4438 sudore
1541 4380 1695 4451 [aciei
1741 4389 1842 4432 tua:

258 4488 366 4542 edes
390 4505 573 4558 panem
601 4497 774 4548 tuum;
805 4489 995 4553 negato
1027 4481 1128 4534 hoc
1160 4478 1324 4532 Deum
1355 4474 1554 4530 dixisse
1578 4473 1841 4528 damnan-

261 4589 381 4633 tem.
410 4584 492 4634 An
515 4579 760 4634 dicturus
784 4592 844 4632 es
864 4616 877 4639 ,
907 4575 996 4629 Ille
1025 4573 1237 4643 quidem
1278 4569 1547 4624 hominem
1575 4565 1845 4621 damnavit

263 4671 340 4724 his
367 4672 564 4738 verbis,
595 4669 691 4725 sed
720 4669 847 4722 nihil
873 4665 1074 4727 homini
1101 4679 1167 4718 ex
1185 4662 1285 4716 hoc
1304 4659 1496 4715 accidit
1520 4657 1681 4712 novi?
1703 4656 1844 4726 Ergo

262 4759 346 4816 ille
371 4761 665 4820 damnavit.
696 4758 788 4813 sed
819 4773 922 4812 non
951 4765 1033 4810 est
1058 4754 1158 4808 iste
1195 4747 1513 4807 damnatus?
1540 4747 1846 4804 Frustratus

261 4865 337 4908 est
357 4854 595 4924 impetus
622 4851 871 4916 ultionis,
903 4858 1152 4917 tanquam
1181 4845 1318 4900 Deus
1351 4843 1513 4898 telum
1549 4839 1766 4910 cjecerit
1792 4846 1847 4892 et

262 4963 362 5003 non
394 4947 626 5018 potuerit
651 4944 808 5000 ferire
831 4956 988 5013 quem
1020 4937 1222 4993 voluit?
1269 4935 1400 4998 lmo,
1433 4933 1640 5004 inquis,
1682 4939 1736 4986 et
1755 4931 1848 4984 da-

264 5050 471 5094 mnatus
497 5049 601 5104 est,
635 5047 689 5093 et
718 5035 851 5091 nihil
876 5035 925 5089 ei
955 5031 1146 5088 accidit
1175 5029 1315 5085 novi.
1342 5027 1442 5082 llic
1465 5020 1632 5081 risum
1666 5033 1848 5078 tenere

259 5130 474 5187 difﬁcile
517 5139 621 5186 est.
653 5129 709 5184 Si
752 5127 894 5184 enim
943 5124 1226 5180 damnatus
1263 5127 1378 5184 est,
1407 5127 1460 5173 et
1482 5116 1611 5171 nihil
1650 5115 1697 5170 ei
1727 5112 1846 5168 novi

263 5224 487 5288 accidit;
519 5220 727 5276 solebat
755 5233 882 5288 ergo
921 5212 1198 5280 damnari,
1225 5225 1288 5265 ac
1315 5225 1410 5280 per
1436 5209 1538 5262 hoc
1565 5204 1767 5262 solebat
1793 5212 1850 5259 et

267 5329 483 5383 peccare
513 5331 529 5368 :
559 5327 665 5368 non
694 5310 836 5366 enim
862 5307 1203 5363 damnaretur
1227 5301 1440 5374 injuste.
1471 5301 1553 5354 An
1584 5298 1706 5370 quia
1726 5311 1847 5350 eum

265 5415 388 5462 tunc
412 5407 646 5478 primum
677 5415 926 5474 peccasse
953 5414 1110 5456 nemo
1147 5395 1388 5466 ambigit,
1419 5391 1614 5462 injuste
1644 5389 1851 5445 solebat

270 5507 386 5554 ante
426 5495 708 5553 damnari?
736 5493 854 5549 Non
897 5491 1037 5548 enim
1064 5530 1080 5556 ,
1109 5488 1248 5544 sicut
1275 5486 1343 5543 de
1373 5485 1612 5556 pariente
1638 5480 1846 5546 dixisti,

270 5609 442 5720 ’ὧι
463 5615 574 5656 ιω.
599 5607 716 5657 aliti
754 5615 893 5665 vero,
917 5603 985 5652 ad
1023 5613 1168 5663 quem
1204 5594 1684 5664 pertineat;
1726 5593 1854 5657 furo-

294 5689 385 5718 tm.

327 5733 349 5764 ²
371 5729 514 5787 Editi,
536 5729 729 5780 vetitas.
752 5733 807 5776 At
829 5733 956 5785 item,
969 5723 1196 5791 gravitas.

331 5793 350 5827 ³
371 5793 444 5844 sic
468 5784 575 5841 itas.
603 5791 718 5840 ε(ιίιὶ
743 5796 924 5849 autem,
944 5784 1195 5837 maritalem

1602 335 1803 392 LIBER
1842 334 2126 394 SEXTUS.

3363 330 3500 387 1570

1913 467 2015 522 hoc
2041 466 2228 521 saltem
2261 463 2382 519 novi
2407 461 2664 516 accidisse
2685 459 2886 514 homini
2917 459 3090 515 lassus
3117 473 3198 526 es,
3220 458 3361 531 quod
3390 462 3500 516 sic-

1913 570 1968 614 ut
2001 558 2204 613 mulieri
2236 557 2390 612 dolor
2426 553 2810 626 parturitionis,
2844 553 2913 607 ita
2954 552 3074 607 viro
3110 552 3272 609 sudor
3301 551 3503 609 laboris

1913 659 1995 704 est
2017 648 2227 703 additus
2258 666 2272 702 :
2304 646 2405 702 hoc
2445 645 2605 701 modo
2629 645 2773 701 enim
2798 685 2814 710 ,
2843 643 2943 698 hac
2971 643 3242 698 additione
3263 659 3388 713 quae
3411 659 3503 698 an-

1916 749 2000 795 tea
2047 754 2152 793 non
2183 738 2322 804 fuit,
2351 738 2474 792 novi
2508 736 2581 791 illi
2625 734 2824 805 aliquid
2862 733 3123 790 accidisse
3152 731 3500 790 concederes.

1913 831 2018 887 Sed
2047 846 2167 886 cum
2192 830 2347 896 dicis,
2382 828 2516 894 Quid
2537 827 2583 881 ei
2608 826 2790 880 accidit
2809 825 2962 880 novi?
2991 839 3147 895 quem
3173 833 3350 878 tamen
3375 839 3504 879 con-

1918 922 2084 978 ﬁteris
2110 937 2229 976 esse
2253 921 2596 978 damnatum;
2628 917 2755 988 quid
2783 917 2926 971 aliud
2951 915 3210 985 afﬁrmas,
3236 931 3395 986 quam
3425 915 3504 972 sic

1916 1030 2037 1070 eum
2065 1015 2237 1069 solere
2263 1011 2540 1068 damnari?
2561 1010 2668 1066 Aut
2688 1010 2732 1064 si
2758 1008 2935 1063 solere
2966 1007 3081 1063 fieri
3104 1023 3209 1062 non
3237 1006 3465 1062 dicimus
3484 1047 3500 1074 ,

1919 1107 2020 1161 nisi
2063 1104 2203 1176 quod
2231 1104 2446 1160 assidue
2485 1103 2679 1158 factum
2723 1101 3003 1166 novimus;
3031 1109 3179 1156 certe
3199 1101 3276 1155 sic
3299 1100 3385 1156 vel
3415 1116 3504 1155 se-

1918 1199 2022 1252 mel
2053 1210 2270 1252 necesse
2311 1204 2394 1251 est
2431 1203 2555 1249 ante
2597 1193 2900 1247 damnatum
2932 1206 3051 1246 esse
3086 1189 3351 1246 concedas
3374 1230 3389 1255 ,
3420 1191 3505 1245 cui

1919 1289 2046 1342 nihil
2071 1288 2190 1343 novi
2215 1287 2492 1351 accidisse,
2515 1284 2656 1355 quod
2677 1284 2754 1339 sic
2778 1283 3058 1338 damnatus
3081 1292 3180 1348 est,
3205 1295 3502 1336 asseveras.

1920 1379 2019 1435 Ubi
2067 1379 2250 1444 vides,
2281 1379 2331 1432 in
2362 1391 2482 1448 qua:
2524 1375 2686 1430 fueris
2727 1375 2947 1444 abrupta
2989 1387 3320 1444 pmgressus.
3371 1370 3505 1426 Redi

1918 1486 2048 1542 ergo
2076 1487 2106 1525 a
2134 1469 2424 1540 praecipitio
2447 1467 2725 1523 laboriosae
2750 1465 3125 1536 disputationis
3153 1475 3257 1520 tua:
3281 1507 3297 1531 ,
3325 1473 3380 1519 et
3399 1464 3506 1519 noli

1920 1563 2130 1618 labores
2167 1571 2222 1617 et
2261 1560 2474 1616 dolores
2513 1560 2567 1614 in
2602 1559 2758 1614 sedes
2788 1558 3016 1612 felicium
3043 1557 3354 1627 gaudiorum
3379 1596 3395 1622 ,
3423 1565 3508 1611 at-

1919 1670 2022 1724 que
2052 1654 2102 1708 in
2152 1653 2327 1707 locum
2371 1649 2652 1706 inetl'abilis
2693 1649 2889 1720 quietis
2920 1647 3136 1704 inferre.
3167 1647 3303 1716 Quid
3325 1689 3342 1714 ,
3366 1646 3507 1718 quod

1920 1746 2078 1800 etiam
2101 1743 2341 1815 corporis
2359 1752 2582 1798 mortem
2609 1744 2687 1797 sic
2708 1740 2952 1812 paradiso
2971 1741 3182 1795 conaris
3198 1740 3507 1802 immittere.

1921 1847 1980 1890 ut
2006 1851 2122 1891 eam
2165 1835 2312 1890 dicas
2340 1833 2732 1904 przevaricatori
2765 1847 2863 1903 pro
2901 1831 3161 1887 beneﬁcio
3189 1829 3352 1886 fuisse
3387 1844 3512 1902 pro-

1923 1927 2138 1982 missam
2161 1967 2176 1994 ,
2201 1927 2281 1981 vel
2306 1926 2479 1996 potius
2517 1924 2800 1978 indicatam
2822 1963 2838 1987 ,
2875 1922 2962 1977 ubi
2991 1922 3129 1976 Deus
3153 1921 3322 1986 dixit,
3350 1919 3512 1975 Terra

1924 2037 1974 2074 es
1997 2061 2012 2086 ,
2037 2029 2083 2072 et
2125 2020 2178 2072 in
2221 2029 2406 2073 terram
2424 2017 2560 2071 ibis:
2591 2026 2838 2085 tanquam
2877 2014 3108 2069 nesciret
3136 2013 3296 2067 homo
3341 2011 3419 2066 sic
3453 2027 3513 2066 se

1925 2109 2086 2165 fuisse
2112 2109 2429 2176 institutum,
2458 2117 2514 2162 ut
2533 2107 2646 2162 sive
2669 2112 2934 2177 peccaret,
2958 2103 3072 2159 sive
3099 2117 3205 2157 non
3238 2111 3510 2172 peccaret,

1925 2202 2213 2256 moriturus
2240 2210 2415 2265 esset;
2445 2209 2497 2254 et
2521 2198 2658 2252 hane
2685 2197 2763 2252 illi
2785 2195 3063 2251 scientiam
3097 2203 3222 2248 tunc
3255 2193 3394 2247 Deus
3413 2191 3512 2247 do-

1927 2293 2152 2356 naverit,
2182 2291 2397 2362 quando
2413 2307 2533 2345 eum
2560 2304 2656 2361 pro
2681 2289 2964 2344 commissa
2991 2286 3268 2356 iniquitate
3291 2285 3516 2341 damna-

1927 2384 2044 2438 vit?
2070 2385 2353 2454 Disputaus
2381 2383 2574 2452 quippe
2614 2381 2684 2436 de
2723 2380 2804 2435 his
2824 2379 2916 2434 Dei
2941 2377 3136 2443 verbis,
3168 2377 3256 2432 ubi
3275 2376 3380 2442 ait,
3417 2374 3516 2430 «In

1927 2474 2110 2529 sudore
2129 2475 2278 2545 faciei
2303 2483 2402 2527 tua:
2422 2472 2538 2526 edes
2564 2486 2744 2542 panem
2774 2474 2916 2523 tuum
2934 2509 2950 2535 ,
2983 2467 3143 2521 donec
3169 2467 3439 2521 revertaris
3464 2465 3517 2519 in

1929 2578 2113 2624 terram
2147 2569 2208 2621 de
2226 2585 2326 2640 qua
2346 2575 2574 2637 sumptus
2614 2582 2667 2620 es
2679 2579 2698 2629 ;
2727 2565 2844 2635 quia
2865 2572 2997 2617 terra
3031 2578 3082 2616 es
3102 2603 3116 2627 ,
3151 2569 3198 2616 et
3237 2561 3291 2615 in
3332 2569 3518 2614 terram

1927 2660 2021 2714 ibis
2043 2677 2092 2714 ε»
2125 2658 2248 2712 Ηωε
2271 2674 2411 2722 sane,
2445 2656 2638 2726 inquis,
2669 2671 2787 2726 pars
2816 2663 3038 2709 extrema
3070 2653 3329 2708 sententia:
3348 2694 3362 2717 ,
3387 2652 3518 2706 sicut

1927 2749 2018 2804 illa
2045 2749 2290 2810 mulieris,
2313 2748 2380 2800 ad
2406 2746 2670 2812 indicium,
2695 2761 2795 2800 non
2823 2743 2892 2799 ad
2920 2742 3230 2815 supplicium
3257 2743 3470 2814 pertinet
3498 2758 3518 2797 :

1928 2840 2172 2910 quinimo,
2196 2847 2250 2892 ut
2270 2855 2350 2892 res
2375 2837 2586 2902 indicat,
2607 2836 2898 2890 consolatur
2925 2835 3200 2889 hominem.
3232 2833 3366 2900 Quia
3387 2834 3520 2887 enim

1928 2947 2106 3001 supra,
2130 2930 2326 3000 inquis,
2359 2936 2832 2983 commemoraverat
2853 2927 3084 2992 dolores,
3119 2925 3342 2990 labores,
3361 2923 3521 2978 sudo-

1930 3040 2029 3088 res,
2053 3039 2267 3093 quorum
2304 3037 2503 3075 sensum
2527 3029 2737 3082 natura,
2767 3019 3068 3073 nimietatem
3100 3035 3312 3087 persona
3350 3033 3520 3071 susce-

1932 3122 2110 3186 perat;
2134 3130 2196 3166 ne
2217 3113 2310 3166 hoc
2353 3113 2406 3165 in
2446 3120 2688 3164 teternum
2729 3110 2980 3163 uideretur
3017 3108 3256 3174 extendi,
3291 3108 3521 3176 miti/icat

1931 3203 2282 3274 tegritudinem
2316 3201 2559 3254 terminus
2600 3199 2850 3253 indicatus
2873 3215 2891 3252 :
2915 3215 2976 3252 ac
2997 3199 3041 3253 si
3069 3198 3292 3263 diceret,
3338 3197 3521 3252 Verum

1932 3310 2035 3348 non
2060 3307 2255 3364 semper
2287 3291 2384 3345 ista
2428 3289 2666 3360 patieris,
2687 3288 2777 3342 sed
2805 3287 2963 3342 donec
3002 3288 3308 3341 conuertaris
3336 3287 3390 3340 in
3416 3296 3520 3341 ter-

1933 3401 2045 3438 ram
2065 3383 2128 3437 de
2148 3398 2247 3454 qua
2274 3389 2507 3450 sumptus
2528 3393 2618 3444 es;
2644 3378 2765 3449 quia
2787 3388 2922 3432 terra
2949 3394 3020 3443 es,
3048 3387 3094 3430 et
3124 3378 3175 3430 in
3199 3385 3385 3430 terram
3406 3376 3520 3430 ibis.

1935 3477 2063 3533 llaec
2099 3474 2285 3530 dicens
2315 3471 2636 3544 persuadere
2669 3470 2901 3536 conaris,
2933 3470 3004 3524 ita
3040 3468 3252 3539 quidem
3279 3475 3522 3524 creatum

1937 3565 2232 3630 hominem,
2260 3572 2320 3618 ut
2338 3561 2545 3619 etiamsi
2575 3561 2628 3616 in
2657 3560 2976 3616 rectitudine
3001 3562 3145 3626 vitae,
3169 3559 3222 3614 in
3245 3573 3346 3628 qua
3375 3573 3524 3613 crea-

1937 3669 2024 3714 tus
2053 3665 2168 3722 est,
2196 3662 2570 3726 permaneret,
2594 3660 2771 3708 tamen
2811 3651 3049 3706 mortalis
3081 3651 3398 3706 necessitate
3428 3665 3525 3704 na-

1937 3758 2072 3804 tura:
2100 3745 2421 3817 quandoque
2467 3751 2793 3807 moreretur;
2824 3742 2916 3796 sed
2945 3741 3045 3795 hoc
3069 3741 3117 3796 ei
3149 3755 3254 3794 non
3294 3754 3416 3795 esse
3443 3739 3525 3794 in-

1939 3841 2169 3908 dicatum
2197 3877 2212 3903 ,
2246 3836 2347 3890 nisi
2380 3843 2619 3903 tempore
2645 3831 3000 3886 damnationis
3039 3845 3148 3884 suae
3170 3870 3186 3896 ,
3211 3838 3267 3883 ut
3290 3844 3524 3883 aerumna

1939 3931 2077 3999 ejus,
2106 3944 2172 3982 ne
2193 3933 2467 3998 putaretur
2490 3931 2710 3987 :etcrna,
2739 3919 2808 3975 de
2838 3919 3102 3989 promisso
3126 3919 3391 3988 acciperet
3420 3918 3527 3972 ﬁne

1941 4021 2208 4076 solatium.
2252 4018 2470 4073 Putaret
2502 4028 2630 4084 ergo
2663 4011 2833 4067 Adam
2872 4026 2976 4064 non
3016 4023 3076 4064 se
3103 4009 3415 4064 moriturum
3436 4048 3452 4074 ,
3483 4007 3528 4077 si

1943 4112 2046 4166 hoc
2090 4110 2162 4164 illi
2216 4123 2320 4163 non
2366 4105 2656 4160 indicasset
2708 4102 2848 4157 Deus
2879 4117 2892 4154 :
2924 4099 3026 4154 hoc
3076 4109 3253 4153 autem
3301 4113 3406 4153 non
3454 4097 3528 4152 illi

1944 4201 2230 4258 indicasset
2295 4199 2467 4263 Deus,
2530 4195 2629 4249 nisi
2691 4201 3024 4264 peccstorem
3089 4190 3328 4245 damnari
3366 4202 3534 4260 apor—

1946 4300 2080 4347 teret
2131 4307 2144 4344 :
2199 4298 2502 4345 remaneret
2535 4301 2664 4356 ergo
2702 4285 2753 4338 in
2809 4283 2910 4338 hoc
2965 4296 3178 4346 errore,
3207 4294 3316 4350 quo
3365 4287 3527 4334 aeter-

1946 4399 2072 4439 num
2099 4396 2179 4448 se,
2210 4388 2302 4435 aut
2326 4393 2594 4449 nunquam
2623 4375 2938 4430 moriturum
2962 4387 3083 4428 esse
3119 4371 3405 4436 credebat,
3432 4368 3531 4426 nisi

1947 4476 2012 4530 ad
2038 4472 2349 4544 sapientiam
2375 4511 2392 4536 ,
2421 4485 2523 4540 qua
2555 4483 2616 4522 se
2643 4466 2802 4520 homo
2840 4462 3155 4534 cognoscit,
3187 4462 3387 4532 peCcati
3419 4476 3531 4516 me-

1947 4567 2051 4621 rito
2085 4563 2405 4635 perveniret.
2439 4559 2689 4614 Sentisne
2729 4555 2855 4626 quid
2899 4553 3091 4609 dicas?
3135 4552 3331 4623 Accipe
3369 4551 3530 4606 aliud.

1949 4659 2141 4716 Procul
2171 4656 2329 4712 dubio
2349 4652 2594 4708 nesciens
2614 4649 2780 4704 Adam
2809 4662 2868 4702 se
2889 4661 3009 4702 esse
3032 4646 3373 4710 moriturum,
3395 4642 3535 4714 quod

1951 4755 2052 4809 nisi
2080 4757 2354 4823 peccasset
2381 4747 2563 4817 utique
2593 4743 2852 4804 nesi-iret,
2880 4750 3057 4795 tamen
3086 4739 3130 4794 si
3172 4753 3393 4809 peccare
3435 4751 3536 4790 no-

1951 4846 2139 4900 luisset
2174 4842 2332 4896 etiam
2367 4839 2469 4893 hoc
2507 4837 2754 4892 nesciens
2791 4834 2976 4888 beatus
3013 4840 3192 4896 esset,
3223 4837 3279 4884 et
3314 4827 3539 4882 credens

1951 4937 2216 4994 contraria
2257 4933 2463 4988 veritati
2509 4931 2673 4984 miser
2702 4942 2806 4981 non
2847 4932 3008 4980 esset.
3038 4921 3278 4977 Audisne
3304 4920 3428 4991 quid
3458 4919 3539 4973 di-

1952 5027 2080 5085 cas?
2107 5027 2300 5095 Accipe
2319 5033 2374 5079 et
2403 5022 2635 5078 tertium.
2657 5019 2712 5074 Si
2729 5016 2946 5088 justitize
2968 5029 3076 5070 sua:
3099 5022 3339 5083 tempore
3364 5010 3534 5067 Adam

1953 5120 2204 5176 credebat
2236 5133 2296 5172 se
2337 5129 2437 5170 nec
2475 5125 2701 5182 corpore
2742 5107 3058 5163 moriturum
3081 5148 3096 5172 ,
3130 5105 3174 5160 si
3207 5105 3300 5160 Dei
3346 5116 3541 5174 praece-

1953 5221 2100 5281 ptum
2134 5207 2351 5262 minime
2379 5203 2667 5266 violasset,
2698 5198 3010 5254 moriturum
3041 5205 3218 5252 autem
3250 5205 3374 5249 tunc
3401 5189 3535 5247 didi-

1953 5280 2045 5366 cit,
2074 5299 2286 5371 quando
2327 5293 2581 5351 violavit:
2611 5293 2712 5347 hoc
2755 5303 2854 5344 nos
2897 5287 3206 5350 credimus,
3237 5280 3378 5353 quod
3417 5291 3541 5333 cum

1955 5369 2107 5450 esset
2127 5393 2336 5462 justus,
2363 5389 2451 5444 ille
2487 5382 2772 5449 credebat;
2802 5380 2902 5435 hoc
2938 5388 3118 5434 autem
3155 5388 3252 5429 vos
3289 5369 3544 5435 creditis,

1955 5486 2095 5559 quod
2141 5484 2242 5539 nisi
2270 5482 2494 5550 injustus
2521 5491 2678 5534 nosse
2704 5491 2808 5530 nou
2837 5472 3052 5528 meruit.
3082 5467 3274 5523 Noster
3297 5477 3425 5532 ergo
3453 5475 3541 5515 er-

1956 5556 2048 5639 ror
2074 5589 2178 5634 stat
2202 5579 2252 5633 in
2282 5584 2431 5647 parte
2451 5572 2686 5645 iustitiae,
2722 5578 2776 5623 et
2796 5569 2847 5623 in
2878 5571 3031 5636 parte
3050 5556 3338 5629 iniquitatis
3368 5561 3545 5608 vestra

1957 5672 2234 5745 sapientia.
2263 5665 2587 5736 lntelligisne
2613 5661 2737 5734 quid
2760 5655 2946 5714 dicas?
2975 5651 3170 5745 Accipe
3192 5653 3543 5745 ct‘quartum.

1959 5737 2207 5820 Si'beato
2240 5769 2290 5815 ct
2321 5757 2467 5830 justo
2506 5755 2577 5810 illi
2606 5749 2806 5807 homini
2848 5761 2952 5800 non
2981 5737 3224 5797 iudicavit
3257 5737 3396 5795 Deus
3421 5747 3544 5790 cor-
