3970 6184
399 397 536 454 ςπῑνι
621 404 624 407 ⁷

409 513 554 584 poris
581 510 697 580 eius
727 515 952 562 mortem
1003 501 1229 555 futuram
1255 540 1270 565 ,
1305 494 1560 551 iudicavit
1584 500 1769 546 autem,
1791 487 1990 542 misero

400 614 456 658 et
478 599 782 672 peccatori;
815 593 1194 664 congruentius
1228 589 1464 644 creditur
1488 628 1502 652 ,
1536 586 1728 638 timore
1774 591 1991 650 quoque

401 669 589 750 mortis
627 704 748 745 eum
779 687 1023 742 cruciare
1052 683 1288 738 voluisse
1313 721 1326 743 ,
1356 679 1515 734 etiam
1549 678 1649 730 isto
1682 673 1885 728 scilicet
1907 669 1993 725 di-

397 799 564 855 gnum
603 779 846 850 judicans
876 791 996 831 esse
1041 783 1328 828 tormento.
1363 768 1428 825 Ut
1473 767 1612 822 enim
1645 764 1842 818 clamat
1881 760 1994 830 ipsa

405 884 617 939 natura,
647 873 764 942 plus
801 884 948 924 mors
971 866 1256 930 metuitur,
1279 877 1439 933 quam
1469 860 1680 914 labores
1705 877 1716 912 :
1750 855 1996 909 laborant

401 969 598 1037 quippe
621 977 809 1018 omnes
836 961 1080 1015 homines
1103 971 1167 1011 ne
1193 958 1504 1017 moriantur,
1534 949 1581 1004 si
1606 949 1684 1004 eis
1706 947 1826 1002 talis
1853 943 1998 1013 optio

402 1066 753 1129 proponatur,
788 1063 844 1107 ut
867 1048 1120 1107 continuo
1149 1047 1444 1101 moriantur
1464 1083 1479 1110 ,
1508 1042 1555 1096 si
1579 1056 1682 1094 non
1720 1037 2000 1094 laborave-

406 1127 516 1203 rint
543 1164 558 1201 :
585 1145 1008 1217 quotusquisque
1051 1148 1228 1194 autem
1265 1135 1563 1204 reperitur,
1594 1130 1683 1201 qui
1709 1127 1848 1183 mori
1888 1140 1999 1178 ma-

405 1240 485 1305 lit,
517 1252 681 1308 quam
706 1233 980 1289 laborare?
1010 1231 1250 1298 Denique
1275 1227 1387 1296 ipse
1409 1222 1577 1279 Adam
1610 1235 1704 1290 per
1735 1227 1810 1271 tot
1829 1229 2000 1271 annos

405 1328 592 1382 maluit
634 1326 911 1387 laborare,
952 1334 1109 1390 quam
1147 1334 1252 1371 non
1297 1312 1588 1369 laborando
1624 1319 1678 1364 et
1717 1309 1855 1363 fame
1889 1319 2002 1360 mo—

406 1419 596 1474 rieudo
636 1416 796 1470 vitam
827 1413 983 1466 simul
1023 1419 1079 1466 et
1107 1408 1342 1463 laborem
1383 1404 1554 1457 linire.
1582 1400 1712 1454 Nam
1753 1412 1858 1468 quo
1898 1393 2002 1450 alio

406 1524 566 1563 sensu
595 1503 822 1560 naturali
851 1504 1008 1557 etiam
1037 1499 1170 1554 Cain
1202 1497 1318 1566 plus
1347 1501 1573 1548 mortem
1605 1489 1814 1552 timuit,
1841 1499 2000 1555 quam

408 1597 686 1654 laborem?
715 1595 831 1661 Quo
860 1593 965 1646 alio
1009 1605 1171 1645 sensu
1203 1601 1300 1657 per
1342 1599 1448 1638 non
1489 1581 1665 1650 iniqua
1702 1591 1804 1632 nec
1845 1574 2008 1628 inhu.

408 1704 565 1743 mana
588 1686 785 1756 judicia
807 1726 822 1749 ,
847 1683 1052 1737 minora
1091 1678 1314 1734 crimina
1346 1676 1527 1728 labore
1549 1669 1812 1724 metallieo
1837 1707 1853 1734 ,
1889 1681 2004 1720 ma-

405 1780 526 1848 jora
572 1785 743 1832 morte
775 1773 984 1845 judices
1019 1766 1304 1824 damnant?
1325 1763 1476 1821 Unde
1527 1771 1706 1816 autem
1744 1765 2006 1828 martyres

409 1846 556 1924 tanta
597 1867 764 1938 gloria
806 1863 1198 1935 prtedicautur,
1231 1856 1370 1928 quod
1420 1869 1518 1925 pro
1559 1851 1764 1923 justitia
1809 1846 2006 1903 mortui

411 1970 570 2026 sunt,
605 1959 707 2014 nisi
748 1957 872 2028 quia
909 1956 1081 2024 major
1121 1953 1401 2005 virtuscst
1445 1959 1672 2001 mortem
1711 1956 2003 2014 spernere;

408 2068 569 2122 quant
603 2046 874 2104 laborem?
905 2046 1130 2112 PrOpter
1156 2039 1298 2109 quod
1333 2053 1437 2098 non
1463 2038 1538 2090 ait
1567 2035 1821 2088 Dominus
1847 2073 1864 2098 ,
1895 2047 2002 2082 ma-

405 2121 572 2212 jorem
601 2139 894 2192 charitatem
918 2149 1066 2188 nemo
1091 2131 1256 2195 habet,
1280 2145 1437 2200 quam
1465 2136 1521 2181 ut
1538 2126 1776 2190 laboret;
1813 2121 1926 2186 sed,
1954 2129 2009 2174 ut

411 2235 638 2288 uitiatum
663 2247 809 2284 suout
849 2236 1004 2298 ponat
1033 2241 1124 2297 pro
1144 2223 1320 2278 amicis
1353 2222 1456 2275 suis
1480 2217 1658 2292 (Joan.
1689 2231 1785 2280 xv,
1814 2213 1926 2286 15).
1951 2211 2008 2269 Si

413 2339 542 2395 ergo
590 2323 759 2391 major
796 2329 879 2372 est
910 2317 1142 2372 Charitas
1195 2313 1364 2377 mori,
1412 2325 1569 2380 quam
1613 2308 1859 2361 laborare
1914 2318 2010 2374 pro

411 2414 639 2477 amicis;
672 2412 790 2481 quis
819 2422 924 2463 tant
955 2422 1132 2464 circus
1158 2413 1241 2459 est
1264 2445 1279 2469 ,
1309 2411 1366 2455 ut
1393 2415 1500 2454 non
1544 2399 1718 2452 videat
1747 2397 2008 2450 minorem

416 2517 629 2572 ptenam
666 2500 859 2553 laboris
903 2512 1026 2552 esse
1059 2510 1216 2564 quam
1263 2493 1451 2546 mortis
1475 2490 1497 2542 ἲ
1523 2491 1630 2543 Aut
1649 2488 1695 2541 si
1743 2487 1862 2556 plus
1911 2485 1980 2540 lto

420 2610 510 2648 tuo
557 2591 720 2647 debet
762 2589 999 2643 laborem
1047 2594 1508 2653 ntetuere,quam
1560 2588 1829 2644 mortem;
1881 2592 2011 2648 quu-

416 2685 579 2741 mtido
663 2701 768 2738 non
831 2691 916 2736 est
977 2680 1173 2733 misera
1237 2678 1350 2746 ipsa
1417 2687 1644 2737 natura,
1708 2688 1832 2743 qum
1893 2671 2012 2741 plus

417 2786 643 2832 mortem
689 2774 898 2837 metuit,
951 2785 1110 2840 quam
1160 2766 1440 2822 laborem?
1483 2766 1550 2818 Et
1587 2773 1641 2818 tu
1691 2763 1790 2817 ista
1847 2777 1952 2816 uon
1991 2762 2011 2792 ³

417 2870 697 2938 cogitans,
755 2864 891 2918 dicis
941 2859 1170 2915 iudicata
1222 2859 1322 2912 sibi
1375 2871 1470 2911 sua
1527 2865 1700 2909 morte
1742 2851 2012 2909 hominem

417 2960 749 3014 consulatum
779 2998 794 3020 ,
835 2971 901 3010 ne
943 2968 1096 3008 suum
1143 2951 1379 3005 laborem
1432 2957 1644 3018 putaret
1682 2954 1942 3001 a~ternum
1997 2962 2011 2998 :

418 3066 564 3117 cum,
617 3050 664 3104 si
717 3033 951 3102 vestium
1019 3043 1212 3112 dogma
1248 3055 1432 3096 verum
1490 3046 1652 3104 esset,
1699 3052 1804 3108 quo
1858 3035 2014 3090 al‘lir-

419 3146 580 3196 matis
633 3140 824 3204 Adam,
883 3135 1092 3192 etiamsi
1143 3151 1250 3188 non
1297 3139 1592 3202 peccasset,
1649 3130 1812 3184 fuisse
1850 3128 2016 3184 mori-

429 3242 637 3298 turum,
670 3238 947 3300 propterea
997 3227 1100 3280 hoc
1148 3224 1222 3278 illi
1266 3221 1605 3277 indicandum
1655 3235 1761 3274 non
1805 3219 2012 3286 fuisset,

424 3334 712 3391 antequam
760 3321 1020 3388 inciperet
1061 3330 1218 3386 paena
1259 3311 1619 3368 damnationis
1649 3311 1922 3382 allligi,ne
1949 3311 2016 3366 il-

421 3418 530 3470 lum
581 3416 724 3468 Deus
773 3412 1078 3481 priusquam
1129 3415 1427 3478 peccasset,
1454 3405 1641 3463 mortis
1677 3403 1870 3457 timore
1909 3412 2018 3456 tor-

421 3517 642 3576 queret;
673 3516 797 3558 tunc
822 3512 1022 3564 autent,
1051 3516 1172 3557 cum
1199 3483 1333 3569 jam,
1367 3506 1713 3568 posteaquam
1752 3495 2011 3564 peccavit,

428 3612 583 3666 pinna
631 3595 1001 3664 dignissimum
1040 3592 1337 3660 indicaret,
1379 3589 1640 3644 indicaret
1691 3587 1850 3641 etiam
1897 3600 2018 3642 esse

431 3692 782 3750 moriturum,
816 3695 872 3740 ut
909 3685 1154 3740 eamdem
1199 3698 1410 3753 poenam
1458 3682 1598 3736 Deus
1638 3679 1844 3749 ju‘stus,
1895 3678 2019 3732 mali

433 3779 575 3833 ultor
615 3777 858 3840 admissi,
889 3777 1050 3831 etiam
1080 3777 1269 3830 timore
1294 3774 1480 3830 mortis
1508 3779 1748 3842 augeret.
1769 3769 2020 3840 Quisquis

429 3871 590 3940 igitur
611 3869 726 3923 hate
756 3869 848 3922 Dei
874 3868 1056 3931 verba,
1085 3867 1280 3937 quibus
1305 3874 1385 3920 est
1407 3863 1622 3934 punitus
1643 3860 1833 3925 Adam,
1855 3875 2018 3930 quam

427 3964 498 4015 do
539 3962 740 4016 dictum
787 3969 890 4021 est,
927 3959 1084 4013 Terra
1111 3974 1183 4023 ea,
1217 3966 1261 4011 et
1286 3958 1340 4010 in
1367 3967 1553 4010 terram
1575 3954 1694 4018 ibis,
1722 3951 2017 4008 secundum

433 4051 590 4106 tidem
619 4050 932 4105 catholicam
981 4049 1249 4119 intelligit,
1279 4063 1378 4103 nec
1425 4047 1539 4102 vult
1585 4043 1921 4100 introducere
1966 4043 2018 4098 in

434 4142 736 4212 paradisum
765 4142 1008 4210 corporis
1029 4149 1255 4194 mortem
1285 4139 1587 4209 prmeipue;
1619 4153 1689 4193 ne
1718 4136 2040 4200 introducat,

434 4243 491 4289 et
529 4233 768 4296 morbos,
815 4247 1046 4301 quorum
1097 4229 1388 4284 miserabili
1432 4228 1688 4282 varietate
1731 4227 2022 4281 morientes

431 4325 676 4382 videmus
701 4323 886 4394 afﬂigi,
927 4331 983 4379 et
1026 4321 1331 4391 paradisum
1381 4329 1578 4375 sanctze
1620 4319 1927 4388 voluptatis,
1958 4331 2022 4372 ac

434 4419 728 4490 spiritualis
753 4429 810 4474 et
833 4416 1132 4488 corporalis
1161 4413 1446 4478 felicitatis,
1477 4411 1562 4466 cui
1594 4425 1690 4465 vos
1719 4425 1826 4464 non
1860 4409 2024 4480 pudet

433 4530 554 4569 esse
579 4514 899 4576 contrarios,
931 4511 1231 4576 doloribus,
1263 4506 1555 4571 laboribus,
1583 4503 1904 4559 maeroribus
1922 4503 2024 4556 im-

433 4607 582 4674 plere
611 4616 862 4673 cogatur;
893 4606 1035 4657 sicut
1058 4617 1162 4672 vos,
1185 4597 1459 4670 cogimini,
1489 4610 1590 4650 nec
1633 4593 1882 4649 invenitis
1920 4607 2023 4662 qua

433 4695 587 4750 exire
615 4696 847 4763 possitis,
881 4693 1133 4763 quamdiu
1173 4701 1278 4746 tam
1325 4690 1546 4761 impium
1582 4689 1778 4759 dogma
1820 4695 2025 4740 mutare

440 4801 548 4841 non
581 4785 778 4840 vultis:
802 4785 892 4854 qui
917 4799 1066 4854 ergo,
1095 4793 1152 4836 ut
1177 4781 1309 4847 dixi,
1337 4782 1453 4834 lucc
1499 4780 1592 4834 Dei
1637 4779 1798 4835 verba
1828 4792 2023 4832 secun-

436 4877 564 4932 dum
592 4874 1152 4943 eatltolicam'suscipit
1182 4882 1236 4927 et
1263 4871 1508 4940 intelligit
1536 4869 1726 4934 ﬁdem;
1754 4871 2027 4924 sicutcer-

437 4971 519 5026 nit
547 4959 755 5038 pinnam
788 4967 988 5022 laboris
1029 4967 1080 5019 in
1129 4981 1196 5019 eo
1235 4961 1377 5032 quod
1406 4962 1607 5017 dictum
1628 4970 1732 5025 est,
1758 4959 1819 5013 In
1842 4959 2027 5012 sudore

438 5061 710 5134 {acieituaz
725 5060 842 5114 edes
868 5075 1049 5129 panem
1065 5067 1244 5119 tuum;
1276 5056 1345 5109 ita
1373 5068 1581 5124 poenam
1608 5052 1780 5108 cernit
1803 5061 1857 5106 et
1877 5066 2024 5105 mor.

440 5153 512 5207 tis
540 5153 590 5205 in
617 5165 683 5205 eo
706 5150 848 5220 quod
879 5151 1141 5219 sequitur,
1173 5145 1349 5201 Donec
1374 5145 1637 5199 revertaris
1664 5144 1714 5196 in
1760 5152 1946 5196 terram
1964 5141 2028 5194 de

439 5259 538 5315 qua
559 5251 788 5312 sumptus
805 5255 890 5302 es;
917 5241 1039 5306 quia
1063 5237 1194 5294 terra
1241 5255 1315 5301 es,
1346 5237 1466 5292 etin
1493 5245 1676 5290 terram
1703 5235 1797 5288 ibis
1824 5249 1926 5289 :ac
1951 5233 2029 5287 sic

442 5334 634 5402 accipit
659 5331 882 5392 dictum,
916 5339 1165 5398 tanquam
1181 5329 1483 5391 adiceretur,
1515 5327 1627 5396 Ego
1648 5326 1863 5396 quidem
1890 5334 1941 5379 te
1962 5323 2029 5378 de

441 5437 582 5480 terra
613 5424 839 5496 sumpsi,
868 5432 924 5477 et
951 5420 1222 5475 hominem
1253 5421 1391 5485 feci;
1417 5427 1475 5472 et
1500 5420 1680 5488 utique
1711 5418 1855 5487 potui
1883 5415 2029 5471 face-

443 5534 522 5582 re,
549 5527 609 5573 ut
653 5517 841 5572 eadem
891 5524 1029 5569 terra
1079 5529 1238 5583 quam
1282 5515 1548 5567 viventem
1591 5510 1716 5576 feci,
1757 5524 2028 5578 nunquam

442 5619 725 5679 cogeretur
751 5608 859 5663 vita
905 5621 1090 5661 carem
1120 5620 1279 5675 quam
1303 5605 1463 5669 dedi;
1494 5605 1590 5660 sed
1614 5605 1738 5675 quia
1777 5612 1918 5658 terra
1947 5617 2027 5667 es,

447 5698 502 5753 id
527 5709 630 5766 est,
656 5697 946 5755 secundum
985 5711 1201 5776 carnem
1245 5711 1365 5766 quae
1395 5696 1461 5750 de
1501 5705 1640 5752 terra
1684 5706 1894 5767 sumpta
1925 5706 2028 5761 est,

514 5831 534 5860 ¹
558 5828 786 5878 tunicula
808 5828 913 5879 haec
935 5842 1121 5891 negans
1143 5826 1395 5877 exciderat
1419 5828 1468 5875 iu
1491 5827 1626 5877 libris
1653 5827 1814 5878 editis.

1058 383 1302 444 OPERIS
1341 374 1750 437 Illl‘ERFl‘LCTl
1791 371 2062 428 CUNTIH
2103 370 2460 432 JllLl.\NU.\l,
2501 369 2556 425 S.
2604 368 2967 426 AUGUSTINI

3537 369 3682 424 15ῗὶ

2101 500 2206 539 non
2229 483 2517 540 secundum
2547 501 2652 550 me,
2672 486 2757 555 qui
2789 494 2839 540 te
2859 483 2926 538 de
2950 492 3089 539 terra
3117 482 3347 550 sumpsi,
3377 481 3558 538 vivere
3587 500 3694 538 vo-

2101 579 2273 641 luisti;
2308 578 2573 632 laboraliis
2611 578 2662 632 in
2696 589 2857 644 terra,
2889 577 3061 631 donec
3107 575 3390 630 revertaris
3427 574 3481 629 in
3526 591 3693 642 eam;

2099 680 2152 724 et
2179 670 2296 724 idco
2326 669 2610 724 reverteris
2638 670 2687 723 in
2719 678 2936 734 terram,
2980 668 3101 738 quia
3147 676 3290 723 terra
3335 682 3428 729 es;
3464 677 3519 721 et
3542 668 3694 738 justa

2102 776 2258 831 paena
2297 760 2401 816 ibis
2438 762 2490 815 itt
2538 769 2731 814 terram
2762 760 2828 814 de
2865 773 2967 830 qua
3015 758 3183 813 factus
3211 774 3291 825 es,
3322 759 3443 828 quia
3470 759 3693 828 Spiritui

2103 871 2208 910 non
2242 854 2467 911 obedisti
2495 869 2524 908 a
2554 871 2658 924 quo
2708 853 2876 908 factus
2927 867 3005 907 es.
3044 850 3150 907 Iste
3197 851 3497 907 intellectus
3524 865 3696 907 sanus

2104 959 2262 1019 atque
2291 947 2586 1004 catholicus
2613 946 2876 1016 prmcipue
2906 944 3029 1000 inde
3049 944 3409 1015 cognoscitur,
3432 943 3557 1014 quia
3580 959 3695 997 non

2105 1039 2248 1110 cogit
2276 1040 2542 1094 mortibus
2566 1037 2790 1108 implere
2813 1047 3010 1092 terram
3039 1037 3352 1096 viventium,
3381 1044 3701 1106 terramque

2107 1133 2337 1189 felicium
2362 1133 2516 1189 malis
2533 1132 2779 1187 omnibus
2797 1130 3229 1185 laboriosissimis
3254 1137 3310 1184 et
3334 1129 3697 1200 gravissimis,

2105 1243 2224 1296 qua:
2255 1225 2496 1280 homines
2526 1226 2578 1279 in
2626 1225 2727 1279 hoc
2766 1237 2991 1292 corpore
3034 1221 3362 1291 corruptibili
3393 1222 3698 1290 patiuntur,

2107 1327 2162 1372 et
2208 1333 2269 1372 ea
2309 1332 2412 1371 non
2443 1315 2664 1371 ferendo
2695 1323 2750 1368 ut
2780 1314 3074 1369 moriantur
3103 1321 3377 1383 urgentur.
3400 1313 3518 1367 Non
3546 1315 3704 1368 enim

2109 1409 2327 1480 potestis
2373 1407 2572 1474 dicere,
2623 1406 2816 1461 leniter
2860 1405 3105 1459 homines
3149 1404 3200 1458 in
3242 1404 3490 1474 paradiso
3531 1404 3706 1460 fuisse

2109 1501 2418 1565 morituros,
2447 1499 2491 1553 si
2520 1513 2679 1554 nemo
2701 1506 3012 1568 peccasset:
3035 1497 3158 1567 quia
3181 1505 3236 1550 et
3263 1496 3366 1551 hoc
3389 1509 3578 1550 contra
3603 1513 3705 1551 vos

2109 1600 2208 1645 est.
2253 1592 2307 1645 Si
2335 1591 2477 1645 enim
2522 1599 2649 1644 tunc
2693 1589 2886 1644 leniter
2940 1596 3300 1650 morerentur.
3334 1597 3390 1643 ct
3419 1605 3562 1643 nunc
3591 1598 3703 1643 tam

2110 1692 2296 1754 aspere
2325 1684 2642 1748 moriuntur,
2681 1697 2774 1752 per
2818 1690 3095 1751 peccaturo
3123 1681 3579 1735 hominismutata
3612 1692 3709 1737 est

2113 1779 2338 1832 humana
2355 1787 2541 1830 natura
2569 1793 2580 1828 :
2602 1775 2742 1845 quod
2764 1790 2860 1830 vos
2889 1783 3164 1846 negantes,
3187 1783 3585 1844 consequenter
3604 1788 3704 1829 oo-

2110 1870 2292 1941 gimini
2326 1870 2455 1923 tales
2482 1868 2701 1922 omnino
2728 1877 2947 1933 mortes,
2979 1867 3165 1937 quales
3209 1881 3350 1921 nunc
3399 1876 3546 1929 sunt,
3579 1866 3704 1919 loco

2111 1962 2253 2016 illius
2301 1970 2459 2015 tanta:
2504 1960 2768 2014 felicitatis
2807 1968 2862 2013 et
2901 1957 3253 2029 jucunditatis
3292 1959 3612 2022 immittere;
3637 1975 3705 2014 ac

2114 2068 2209 2122 per
2253 2052 2355 2106 hoc
2399 2060 2453 2105 et
2500 2052 2906 2109 innumerabilia
2963 2067 3157 2124 genera
3202 2051 3539 2116 morborum,
3594 2059 3701 2103 tam

2113 2151 2320 2216 gravia,
2355 2157 2569 2218 tamque
2599 2147 2970 2212 intolerabilia,
3003 2155 3059 2199 ut
3089 2146 3166 2199 eis
3193 2143 3439 2198 homines
3464 2142 3708 2211 compelo

2115 2239 2294 2294 lantur
2322 2240 2370 2294 in
2400 2251 2647 2296 mortem.
2677 2240 2805 2308 Qua:
2833 2239 3063 2309 paradisi
3103 2237 3269 2292 facies
3314 2237 3357 2290 si
3388 2244 3597 2290 vestras
3623 2234 3704 2287 l'a-

2115 2329 2224 2384 cies
2266 2329 2443 2399 aliquo
2485 2329 2687 2400 pudore
2729 2329 2993 2400 perl‘utidit
3044 2336 3201 2398 atque
3247 2327 3562 2390 confundit;
3609 2326 3704 2396 qui

2117 2437 2224 2478 non
2250 2423 2408 2478 vultis
2434 2423 2675 2477 conﬁteri
2705 2431 2938 2477 nostram
2969 2436 3061 2490 per
3089 2428 3360 2490 peccatum
3393 2418 3589 2472 mutari
3611 2435 3710 2487 po-

2119 2513 2282 2568 tuisse
2310 2523 2574 2582 naturam,
2606 2523 2836 2568 vestram
2881 2512 3052 2582 potius
3096 2520 3296 2565 mutate
3338 2509 3696 2571 sententiam;

2118 2613 2171 2660 et
2200 2619 2397 2674 corpus
2441 2615 2707 2659 mortuum
2742 2615 2958 2674 prapter
2987 2613 3262 2673 peccatum
3292 2617 3412 2656 cum
3447 2602 3710 2670 Apostolo

2118 2697 2446 2752 conﬁtemini
2476 2696 2652 2765 (Rom.
2685 2713 2793 2761 \‘lll,
2827 2693 2912 2767 l0)
2939 2715 2950 2749 :
2975 2693 3136 2750 dicite
3165 2709 3285 2747 eum
3320 2693 3556 2749 Ecclesia
3588 2693 3708 2758 Dei,

2118 2788 2163 2841 Α
2187 2788 2395 2842 muliere
2434 2789 2635 2842 initium
2680 2791 2869 2860 factum
2909 2797 2980 2841 est
3022 2795 3242 2856 peccati,
3267 2794 3311 2839 et
3334 2793 3539 2855 propter
3559 2785 3712 2837 illaut

2118 2880 2364 2932 morimur
2406 2895 2575 2933 omnes
2619 2877 2812 2952 (Ecrli.
2840 2895 2962 2944 xxv,
2992 2878 3104 2948 5'5).
3138 2877 3424 2947 Agnoscite
3451 2891 3571 2930 cum
3611 2876 3714 2929 lic-

2119 2969 2281 3024 clesia
2331 2970 2445 3036 Dei,
2478 2969 2599 3040 quia
2650 2985 2832 3040 corpus
2879 2969 3206 3038 corruptibite
3272 2975 3517 3038 aggrath
3586 2967 3714 3019 ani-

2121 3077 2255 3114 mam
2282 3059 2437 3131 (Sap.
2462 3076 2538 3126 ix,
2577 3058 2685 3132 15).
2709 3058 2823 3115 Νοη
2860 3061 3001 3114 enim
3033 3069 3156 3114 ante
3185 3071 3461 3129 peccatum
3503 3058 3554 3111 in
3604 3073 3712 3128 pa-

2121 3153 2300 3208 radiso
2345 3153 2448 3206 tale
2501 3162 2614 3207 erat
2651 3167 2880 3223 corpus,
2915 3161 2971 3205 ιιι
3018 3152 3108 3206 illo
3147 3153 3323 3206 anima
3371 3159 3712 3221 gravaretur.

2123 3245 2348 3302 Cantate
2367 3261 2485 3300 cum
2509 3245 2744 3301 Ecclesia
2765 3244 2856 3301 Dei
2883 3261 2895 3298 :
2928 3245 3092 3300 Homo
3112 3247 3321 3299 vanitati
3340 3243 3517 3298 similis
3538 3245 3717 3313 factus

2122 3347 2214 3400 est,
2248 3337 2355 3390 dies
2380 3338 2489 3408 ejus
2519 3339 2654 3392 velut
2683 3339 2860 3391 umbra
2894 3349 3194 3408 prmtercunt
3215 3335 3383 3410 (Psal.
3410 3351 3590 3400 cum,
3627 3336 3714 3402 4).

2121 3424 2303 3498 Neque
2331 3429 2470 3481 enim
2497 3429 2585 3498 qui
2624 3437 2706 3483 est
2733 3428 2799 3482 ad
2839 3427 3240 3483 similitudinem
3274 3429 3368 3483 Dei
3409 3427 3591 3492 factus,
3619 3433 3719 3486 ﬁe-

2123 3525 2206 3572 ret
2253 3517 2354 3572 nisi
2405 3532 2501 3586 per
2547 3529 2823 3588 peccatum
2875 3519 3065 3574 similis
3110 3521 3350 3586 vanitati,
3381 3530 3438 3576 ut
3487 3533 3718 3578 aztatntn

2124 3625 2282 3666 cursu
2305 3620 2357 3665 et
2386 3611 2572 3665 mortis
2602 3612 2841 3680 incursu,
2868 3613 3012 3667 velut
3039 3613 3225 3668 umbra
3256 3614 3372 3669 dies
3404 3614 3545 3670 illius
3568 3633 3720 3684 prae-

2127 3703 2368 3758 tet-irent.
2395 3703 2566 3760 Nolite
2591 3705 2693 3759 luci
2734 3706 3090 3760 serenissinue
3119 3706 3361 3760 veritatis
3401 3708 3574 3762 nubila
3619 3724 3721 3764 ve-

2127 3799 2221 3852 stri
2247 3798 2449 3854 erroris
2470 3797 2744 3854 oll‘undere
2769 3816 2780 3851 :
2807 3799 3114 3868 paradisum
3136 3800 3225 3855 Dei
3252 3799 3416 3854 corda
3447 3799 3720 3867 ﬁdelium,

2126 3905 2283 3960 quem
2339 3889 2536 3945 debent
2583 3905 2785 3956 amare,
2830 3905 2934 3944 non
2975 3890 3169 3945 debent
3211 3891 3522 3945 amarieare.
3572 3890 3720 3957 Quid

2127 3981 2269 4036 enim
2296 3995 2391 4034 vos
2420 3981 2659 4044 olTeudit,
2684 3983 2930 4048 obsecro,
2961 3981 3086 4052 quid
3113 3996 3207 4036 vos
3233 3981 3452 4036 oﬂ'endit
3481 3981 3570 4036 ille
3597 3998 3725 4037 ute-

2128 4073 2401 4128 morabilis
2427 4073 2702 4128 beatorum
2742 4081 2796 4126 et
2820 4073 3117 4144 quietorum
3141 4074 3307 4139 locus,
3341 4083 3399 4128 ut
3429 4090 3548 4129 eum
3572 4089 3726 4130 mor-

2131 4165 2270 4218 tibus
2315 4163 2611 4231 hominum,
2645 4173 2699 4218 et
2744 4179 2838 4233 per
2887 4164 2982 4219 has
3031 4165 3183 4220 malis
3228 4165 3480 4220 omnibus
3521 4165 3728 4236 quibus

2130 4254 2403 4310 abundare
2420 4255 2688 4309 cernimus
2707 4257 2978 4325 angustias
3002 4255 3453 4326 necessitatesque
3482 4256 3730 4310 morien-

2133 4346 2284 4412 tium,
2316 4345 2483 4400 oculis
2527 4345 2756 4409 clausis,
2803 4345 2978 4400 fronte
3016 4345 3500 4416 impudentissima,
3534 4357 3728 4402 mente

2132 4439 2577 4509 pertinacissima,
2612 4439 2789 4509 lingua
2833 4439 3228 4508 loquacissima,
3256 4439 3430 4494 velitis
3458 4440 3724 4508 implere:

2133 4547 2199 4586 ne
2245 4531 2504 4602 cogamini
2530 4530 2770 4585 conﬁteri
2801 4530 2852 4584 in
2884 4533 2979 4588 has
3008 4531 3281 4594 miserias,
3305 4530 3497 4602 quibus
3521 4530 3730 4586 videtis

2133 4611 2383 4677 refertum
2430 4635 2598 4692 genus
2652 4621 2943 4677 humanum
2987 4638 3016 4677 a
3063 4623 3325 4693 vagitibus
3372 4623 3726 4693 parvulorum

2135 4729 2302 4784 usque
2327 4712 2392 4766 ad
2423 4712 2689 4767 anhelitus
2717 4712 3133 4783 tlecrepitorum,
3165 4727 3260 4783 per
3289 4722 3570 4782 peccatum
3605 4729 3727 4766 ma-

2135 4805 2334 4858 ximum
2353 4803 2538 4872 ‘primi
2569 4802 2802 4858 hominis
2831 4803 3116 4858 humanam
3145 4804 3417 4858 corruisse
3447 4803 3730 4857 naturam?

2136 4897 2200 4952 Et
2228 4899 2350 4968 quia
2392 4897 2644 4967 iniustum
2692 4911 2813 4952 esse
2855 4896 3121 4966 respicitis
3149 4906 3430 4966 parentum
3459 4896 3512 4950 iu
3544 4905 3728 4965 poste-

2135 5005 2225 5045 ros
2249 4991 2364 5045 sine
2407 4990 2559 5060 culpa
2604 4990 2828 5044 transire
2859 5004 3089 5059 poenam,
3125 4989 3383 5043 transisse
3408 4988 3728 5044 concedatis

2134 5090 2189 5137 et
2214 5083 2443 5150 culpam.
2475 5081 2755 5136 Maximam
2797 5082 2991 5150 quippe
3032 5081 3244 5152 culpam
3287 5081 3444 5148 primi
3485 5079 3723 5134 hominis

2135 5173 2422 5240 exstitisse,
2447 5187 2602 5244 quam
2629 5181 2685 5226 tu
2708 5181 3008 5242 propterea,
3031 5180 3288 5242 quantum
3313 5171 3550 5241 potuisti,
3577 5181 3716 5226 exta

2136 5281 2305 5320 nuare
2351 5254 2573 5320 conatus
2608 5279 2687 5330 es,
2721 5280 2788 5318 ne
2815 5274 3032 5334 propter
3061 5263 3203 5318 illam
3229 5263 3545 5321 crederetur
3566 5272 3696 5318 natu

2136 5358 2445 5413 rahumana
2492 5360 2726 5427 potuisse
2770 5357 2962 5412 mutari
2987 5371 3152 5428 :ergo
3180 5358 3326 5411 illam
3354 5357 3568 5428 cuipam
3610 5371 3730 5412 ma-

2137 5451 2334 5504 ximam
2375 5449 2567 5512 fuisse.
2601 5465 2707 5503 non
2737 5449 2911 5503 solum
2946 5463 3043 5517 per
3072 5449 3212 5517 ipsas
3240 5448 3487 5501 miserias
3511 5448 3735 5517 generis

2137 5541 2378 5607 humani,
2409 5556 2526 5612 quze
2571 5539 2638 5595 ab
2677 5535 2956 5594 infantium
3007 5539 3285 5593 cunabulis
3324 5538 3606 5608 incipiunt,
3637 5553 3727 5592 ve-

2136 5647 2256 5688 rum
2275 5633 2434 5687 etiant
2457 5647 2550 5702 per
2577 5640 2632 5686 te
2657 5631 2829 5701 ipsum
2855 5630 3044 5701 probo.
3074 5629 3138 5684 Et
3161 5637 3215 5682 tu
3239 5628 3387 5683 enim
3409 5629 3466 5682 in
3489 5627 3734 5682 secundo

2203 5775 2219 5798 ι
2246 5764 2654 5878 "terminantem
2690 5765 2736 5814 in
2763 5765 2906 5816 editis
2937 5765 3169 5815 ominum
3206 5761 3508 5814 restituimus
3541 5774 3605 5811 ex
3633 5772 3732 5811 nta-

2177 5841 2332 5878 ILSCI‘ID
2360 5843 2416 5877 is.

2143 5842 2416 5887 DllSCl‘lf'lts.
