3970 6184
295 334 419 392 1573

289 449 356 503 tui
400 441 553 516 hujus
589 444 771 518 operis
810 444 946 500 libro
993 443 1276 499 maximam
1312 443 1537 500 formam
1567 445 1768 516 peccati
1801 445 1853 498 in

289 540 449 611 primo
479 536 694 591 homine
721 536 962 606 posuisti,
992 546 1047 590 ut
1071 551 1102 591 c
1129 537 1398 592 contrario
1427 539 1657 593 maxima
1683 536 1855 592 forma

281 631 488 700 justitiae
532 629 1000 684 commendaretur
1051 630 1102 684 in
1149 629 1364 685 Christo
1392 630 1614 702 (Supra,
1667 632 1756 686 lib.
1798 630 1856 696 9,

282 737 424 792 capp.
458 719 578 780 l89.
612 721 768 789 190):
800 721 940 791 quod
965 729 1014 775 te
1034 720 1236 776 dixisse
1257 721 1386 775 mihi
1417 721 1614 778 videris
1639 721 1854 777 oblitus:

283 827 394 866 nam
417 811 462 866 si
494 825 704 866 memor
739 811 949 878 fuisses,
975 825 1266 883 nunquanr
1292 812 1530 881 profecto
1580 821 1854 882 peccatum

280 903 400 958 Adae
447 909 553 957 tam
607 901 896 970 loquaciter
933 901 1173 956 minuere
1212 903 1476 958 niteret-is.
1521 904 1633 973 Ego
1677 914 1854 957 autem

279 995 561 1050 maximum
606 993 734 1048 illud
764 1005 1037 1064 peceatum
1068 993 1252 1055 fuisse.
1287 1011 1458 1064 ptume
1499 995 1664 1064 ipsius
1693 1010 1852 1065 gran-

275 1085 434 1139 ditate
475 1083 789 1138 demonstro
813 1102 826 1138 :
852 1101 956 1140 non
996 1085 1140 1141 enim
1175 1095 1258 1142 est
1297 1086 1487 1156 major,
1522 1102 1680 1155 quam
1709 1095 1767 1140 ut
1789 1084 1855 1141 de

278 1175 519 1244 paradiso
553 1175 923 1246 projiceretnr,
953 1185 1008 1230 ct
1034 1192 1062 1228 a
1097 1177 1240 1247 ligno
1273 1178 1392 1231 vitae
1419 1185 1758 1246 separaretur
1787 1193 1854 1232 ne

275 1267 473 1325 viveret
514 1267 566 1320 in
602 1276 861 1321 a-ternum
887 1283 898 1318 :
924 1267 1118 1321 additis
1162 1267 1321 1321 etiam
1367 1267 1524 1338 hujus
1565 1268 1854 1338 angoribus

271 1355 404 1419 vitae,
433 1364 497 1410 ut
521 1356 638 1409 dies
666 1357 782 1425 ejus
811 1368 864 1411 et
896 1358 945 1411 in
989 1357 1260 1411 laboribus
1301 1367 1600 1428 gemerent,
1633 1369 1686 1413 et
1715 1359 1853 1412 sicut

271 1446 448 1500 umbra
485 1447 785 1500 transirent.
815 1446 1099 1501 Enimvero
1129 1448 1466 1504 haereditaria
1499 1451 1612 1520 ipsa
1639 1451 1852 1520 generis

270 1536 507 1603 immani,
539 1537 607 1590 ab
651 1538 936 1592 infantibus
967 1553 1134 1608 usque
1175 1539 1241 1594 ad
1272 1554 1452 1602 senes,
1481 1541 1756 1595 calamitas
1783 1550 1854 1594 tc-

268 1627 358 1680 stis
385 1638 463 1680 est
489 1642 504 1692 ;
531 1642 649 1696 qua:
673 1627 904 1681 miseriae
930 1642 1036 1681 non
1062 1627 1321 1683 haberent
1340 1629 1698 1684 conditionem
1720 1644 1848 1698 sup.

271 1719 428 1788 plicii,
478 1720 578 1774 nisi
629 1719 969 1774 traherentur
1008 1720 1326 1790 contagione
1371 1721 1595 1790 peccati.
1627 1721 1701 1776 De
1747 1735 1850 1791 qua

266 1814 578 1882 contagione
607 1812 883 1868 nobiseum
913 1813 1260 1882 pertinaciter
1285 1827 1518 1884 pugnas,
1548 1823 1604 1868 et
1632 1827 1700 1868 ne
1748 1813 1850 1868 ista

266 1905 532 1974 credatur,
564 1915 618 1960 et
656 1907 826 1976 ipsum
859 1915 1135 1976 peccatum
1169 1907 1323 1976 primi
1354 1907 1601 1971 hominis,
1631 1915 1687 1961 et
1714 1921 1848 1977 sup-

267 1996 481 2065 plicium
510 1997 628 2066 ejus
651 2007 929 2062 extenuas,
959 2007 1015 2052 et
1039 1997 1273 2064 dolores,
1300 1997 1534 2064 labores,
1567 2008 1620 2052 et
1648 2009 1849 2053 mortes

263 2085 312 2139 in
350 2087 661 2158 paradisum
709 2087 1049 2144 introducere
1086 2089 1546 2158 impudentissima
1567 2099 1621 2142 et
1647 2088 1850 2158 impiis-

260 2176 396 2230 sima
429 2179 775 2232 contentione
804 2178 1036 2232 conaris.
1070 2177 1212 2232 Dicis
1251 2180 1448 2232 etiam:
1478 2197 1496 2229 ε
1534 2179 1590 2234 Si
1632 2189 1850 2249 propter

260 2266 364 2321 hoc
394 2267 732 2322 maledicitur
757 2277 938 2335 terrai,
971 2279 1027 2323 ut
1061 2269 1150 2324 ille
1179 2270 1270 2340 qui
1302 2279 1612 2339 peccaverat
1641 2271 1850 2342 afﬂiga-

259 2368 364 2422 tur,
401 2375 506 2414 nec
533 2368 708 2414 tamen
749 2361 818 2416 ibi
850 2362 1120 2432 iniquitas,
1153 2363 1238 2417 ubi
1271 2363 1577 2418 maledictio
1607 2365 1848 2420 contine-

260 2460 377 2516 tur;
409 2464 508 2504 cur
526 2465 633 2505 non
654 2467 717 2504 ea
737 2451 1042 2507 conditione
1063 2455 1246 2518 etiam,
1267 2454 1310 2509 si
1333 2455 1459 2524 quid
1489 2470 1844 2510 aerumnarum

262 2553 465 2595 natura:
503 2552 700 2596 nostra:
731 2552 850 2611 post
881 2551 1154 2611 peccatum
1182 2545 1335 2613 primi
1367 2545 1596 2598 hominis
1618 2545 1842 2600 docere-

262 2641 346 2684 tur
376 2631 601 2696 illatum,
635 2641 949 2701 sequeretur
980 2643 1156 2687 tamen
1189 2647 1294 2686 non
1329 2632 1448 2688 ideo
1477 2635 1702 2689 miseros
1726 2649 1845 2690 esse

261 2723 581 2788 nascendos,
605 2733 661 2776 ut
691 2724 768 2778 rei
797 2725 1278 2791 convincerentur;
1307 2725 1398 2780 sed
1429 2735 1484 2779 ut
1511 2741 1844 2782 commemo-

261 2816 464 2870 ratione
508 2817 710 2886 peecati
753 2818 909 2886 primi
955 2817 1174 2873 afﬂictio
1217 2820 1566 2887 succedanea,
1597 2819 1682 2875 his
1709 2835 1843 2891 quos

259 2922 376 2962 reos
419 2921 530 2962 non
576 2907 790 2975 fecerat,
821 2910 1133 2964 imitationis
1164 2912 1319 2965 malae
1360 2912 1621 2967 indiceret
1648 2913 1846 2969 cautio-

261 2997 413 3051 nem?
432 3018 452 3050 ι
489 2995 659 3053 Video
684 3000 875 3068 quibus
901 3000 1161 3069 premaris
1181 3003 1456 3071 angustiis.
1482 3001 1722 3057 Miserias
1746 3019 1844 3060 na-

259 3091 521 3144 seruiium
572 3091 780 3162 cogeris
825 3092 1106 3159 confiteri,
1146 3094 1394 3164 quoniam
1425 3095 1531 3147 vim
1583 3096 1674 3150 tibi
1720 3095 1846 3152 facit

261 3193 431 3234 rerum
461 3181 754 3255 evidentia,
784 3197 942 3251 quam
987 3199 1095 3253 prze
1118 3183 1291 3239 oculis
1313 3184 1554 3239 omnium
1581 3185 1845 3240 constitu-

260 3279 358 3324 tam
391 3286 594 3341 negare
631 3287 736 3326 non
768 3272 1000 3328 sineris:
1029 3274 1124 3327 has
1150 3283 1328 3329 autem
1359 3275 1602 3330 miserias
1627 3291 1846 3331 nascen-

261 3361 405 3429 tium,
431 3363 603 3418 etiam
638 3363 692 3416 in
719 3362 972 3433 paradiso
1005 3361 1210 3418 futuras
1238 3363 1424 3432 fuisse,
1461 3365 1505 3419 si
1537 3381 1696 3422 nemo
1722 3381 1846 3437 pee-

259 3461 448 3518 casset,
475 3453 565 3506 vis
586 3453 802 3524 quidem
829 3469 1106 3520 asserere;
1138 3455 1230 3510 sed
1259 3458 1437 3511 cernis
1461 3466 1512 3512 te
1540 3458 1844 3514 hominibus

260 3543 643 3614 qualecumque
658 3559 753 3600 cor
770 3545 1105 3613 habentibus,
1125 3547 1174 3601 id
1196 3548 1518 3617 persuadere
1539 3565 1642 3604 non
1665 3566 1841 3621 posse.

261 3631 520 3690 Remanet
549 3635 727 3706 igitur,
757 3645 814 3690 ut
855 3646 1070 3706 propter
1109 3647 1379 3706 peccatum
1427 3641 1582 3709 primi
1612 3640 1844 3696 hominis

259 3739 419 3794 genus
447 3728 744 3783 humanum
771 3728 988 3784 fatearis
1016 3730 1270 3784 miserum
1299 3731 1547 3787 effectum
1574 3751 1587 3787 :
1620 3733 1715 3789 sed
1743 3738 1844 3790 hoc

261 3816 493 3875 absolute
539 3819 716 3876 dicere
742 3819 1034 3875 formidans
1054 3863 1067 3887 ,
1106 3839 1124 3874 ε
1151 3820 1208 3878 Si
1244 3823 1369 3893 quid
1393 3839 1747 3881 aerumnarum
1768 3867 1782 3892 ,
1817 3845 1837 3881 ι

261 3905 459 3978 inquis,
509 3927 530 3961 σ
561 3920 763 3966 naturae
802 3919 1000 3968 nostra:
1026 3921 1148 3984 post
1180 3923 1452 3984 peccatum
1487 3916 1640 3986 primi
1668 3917 1844 3973 homi-

263 4001 337 4054 nis
361 4002 648 4058 doreretnr
685 4002 910 4059 illatum.
942 4022 961 4057 ι
995 4005 1131 4073 Quid
1165 4017 1278 4075 est,
1315 4026 1334 4060 α
1362 4007 1417 4063 Si
1451 4009 1578 4079 quid
1615 4009 1842 4066 docere-

263 4098 373 4146 tur?
401 4111 419 4145 i
457 4093 607 4148 Itane
638 4109 764 4148 vero
794 4109 882 4150 res
920 4095 1348 4151 manifestissima
1368 4140 1383 4165 ,
1426 4113 1584 4169 quam
1625 4108 1678 4154 tu
1709 4116 1843 4171 quo-

261 4196 358 4251 que
393 4184 505 4253 jam
553 4187 752 4242 sentire
790 4187 1160 4258 compelleris,
1207 4204 1312 4244 non
1352 4189 1612 4246 docetur?
1655 4193 1736 4246 An
1775 4207 1842 4247 eo

263 4277 586 4333 redeundum
616 4288 727 4347 est,
770 4281 910 4335 unde
949 4297 1045 4351 per
1089 4281 1203 4337 bare
1237 4283 1396 4338 verba
1422 4285 1620 4339 sensim
1661 4285 1842 4356 fugere

262 4367 566 4436 meditaris;
609 4371 908 4441 intelligens
950 4387 1106 4442 quam
1152 4373 1471 4428 intolerabili
1514 4375 1843 4432 absurditate

264 4460 524 4521 credatur.
555 4465 885 4516 nasccntium
928 4464 1170 4519 miserias
1207 4467 1366 4519 etiam
1398 4466 1450 4519 in
1481 4467 1726 4536 paradiso
1755 4467 1839 4523 fu-

263 4554 398 4602 turas
425 4549 590 4606 fuisse
609 4592 624 4617 ,
654 4551 701 4607 si
728 4567 888 4608 nemo
913 4555 1222 4623 peccasset?
1250 4555 1404 4621 Quod
1430 4558 1474 4610 si
1504 4557 1681 4612 dicere
1713 4558 1839 4613 lior-

263 4641 440 4703 reseis,
473 4643 724 4712 quoniam
751 4659 933 4699 revera
959 4645 1307 4701 vehementer
1328 4647 1652 4702 horrendum
1676 4659 1758 4705 est
1778 4652 1794 4683 ⁸
1821 4669 1836 4706 :

260 4743 351 4783 cur
373 4731 508 4786 dicis
528 4773 544 4799 ,
582 4751 601 4785 ι
629 4735 835 4790 etiamsi
862 4733 1177 4802 doceretur;
1210 4755 1230 4790 ι
1263 4755 1384 4792 cum
1415 4741 1529 4795 sine
1555 4741 1658 4795 ulla
1684 4742 1840 4798 dubi-

263 4823 453 4878 tatione
473 4823 750 4894 doceatur,
775 4842 879 4881 non
906 4827 1104 4898 aliquid
1132 4845 1511 4898 aerumnarum,
1536 4833 1629 4887 sed
1651 4849 1838 4890 omnes

263 4928 522 4972 aerumnas
551 4921 880 4975 nascentium
913 4931 1033 4992 post
1073 4933 1344 4992 peccatum
1375 4924 1531 4995 primi
1570 4924 1836 4994 hominis,

262 5003 363 5058 imo
386 5019 603 5079 promer
631 5022 906 5080 peccatum
933 5012 1089 5082 primi
1131 5013 1360 5069 hominis
1380 5056 1394 5081 ,
1430 5023 1626 5072 nostra:
1665 5017 1838 5073 illatas

259 5110 374 5153 esse
403 5105 638 5158 naturae?
663 5104 791 5170 Sed,
825 5123 845 5157 ε
873 5121 1002 5172 non,
1031 5124 1050 5158 ›
1086 5104 1281 5177 inquis,
1313 5124 1333 5158 ε
1364 5106 1483 5163 ideo
1503 5118 1628 5164 sunt
1655 5111 1838 5166 miseri

261 5201 534 5248 nascentes
553 5235 570 5262 ,
601 5202 663 5249 ut
691 5209 812 5251 esse
838 5196 914 5250 rei
943 5196 1349 5251 convincantur.
1378 5215 1398 5250 ι
1433 5195 1542 5253 Nec
1565 5214 1665 5269 ego
1684 5199 1835 5268 dico,

263 5278 380 5336 ideo
409 5281 588 5340 miseri
617 5289 743 5342 sunt
770 5296 1070 5355 nascentes,
1104 5296 1161 5342 ut
1186 5288 1570 5344 eonvincantur
1594 5291 1670 5344 rei
1699 5306 1712 5345 :
1742 5292 1838 5347 sed

261 5368 373 5426 dico
395 5376 592 5444 potius,
619 5377 744 5433 Ideo
767 5379 1155 5435 convincuntur
1179 5379 1256 5435 rei
1282 5395 1420 5443 esse.
1445 5382 1692 5453 quoniam
1714 5391 1841 5439 sunt

259 5461 456 5518 miseri.
483 5464 666 5522 Justus
689 5476 773 5524 est
796 5469 940 5524 enim
968 5469 1107 5524 Deus
1123 5509 1140 5537 ,
1172 5470 1313 5542 quod
1341 5471 1554 5527 assidue
1577 5482 1763 5528 contra
1785 5482 1838 5530 te

259 5549 416 5618 dicis,
446 5565 501 5611 et
531 5559 706 5614 nescis
732 5576 747 5615 :
771 5559 948 5630 justus
981 5569 1099 5626 est,
1131 5562 1346 5632 inquam
1365 5603 1380 5626 ,
1430 5562 1602 5626 Deus;
1634 5576 1690 5619 et
1713 5564 1836 5620 ideo

265 5688 333 5796 es:
359 5691 429 5740 sic
472 5697 575 5744 Mal.
608 5699 661 5744 In
686 5695 842 5758 νισι,
889 5693 1114 5759 quatiam
1145 5709 1312 5748 revera
1348 5697 1512 5750 direre
1542 5699 1839 5753 horrendum

1636 332 1831 387 LiBEli
1873 331 2158 386 SEXTUS.

3420 351 3553 409 1576

1969 455 2250 501 nascentes
2293 463 2389 503 nec
2417 448 2590 507 facere
2630 467 2731 509 nec
2769 453 2881 510 fieri
2921 457 3120 515 sineret
3160 476 3420 531 miseros,
3449 467 3553 523 uisi

1969 546 2150 592 nosset
2177 553 2320 595 reos.
2351 539 2502 597 Unde
2528 559 2634 598 non
2663 545 2819 603 aliter
2849 547 2982 604 ﬁdes
3006 552 3266 608 Catholica
3303 556 3553 628 intelligit
3599 621 3614 637 .

1966 627 2109 696 quod
2143 629 2219 684 ait
2241 633 2560 701 Apostolus,
2598 634 2698 688 Per
2726 653 2881 692 unum
2910 639 3164 696 hominem
3192 656 3449 713 peccatum
3473 627 3553 702 in-

1967 721 2114 774 (tavit
2138 722 2191 776 in
2215 725 2477 790 mundum,
2506 737 2551 780 et
2574 745 2663 798 per
2679 743 2939 800 peccatum
2961 751 3094 788 mora
3107 751 3129 800 ,°
3153 748 3197 791 et
3218 738 3290 791 ita
3309 739 3360 794 in
3379 755 3552 796 omnes

1965 810 2195 867 homines
2225 818 2542 884 pertransiit,
2573 819 2626 872 in
2657 837 2756 889 quo
2785 838 2955 878 omnes
2995 838 3323 895 peccaverunt
3367 830 3548 901 (Rom.

1964 917 2019 966 v,
2056 903 2162 974 12).
2196 905 2348 974 Quod
2392 917 2445 962 tu
2478 911 2666 966 nolens
2693 913 2896 970 referre
2929 917 2997 971 ad
3028 920 3247 988 originis
3283 938 3478 977 nexum
3508 926 3547 991 ί,

1963 993 2283 1068 detorquere
2297 1003 2508 1056 conaris
2522 1002 2587 1058 ad
2607 1004 2915 1062 imitationis
2929 1013 3322 1083 exemplumwx
3343 1032 3451 1086 quo
3470 1018 3545 1084 fit,

1966 1094 2023 1140 ut
2046 1101 2165 1141 cum
2195 1089 2287 1144 tibi
2311 1091 2524 1157 dicitur,
2545 1095 2650 1149 Cur
2678 1113 2804 1168 ergo
2823 1100 3062 1157 miserias
3090 1106 3304 1174 generis
3332 1107 3548 1164 humani

1963 1177 2016 1230 iu
2045 1178 2160 1248 ipso
2183 1179 2487 1252 incipientis
2512 1188 2684 1241 atatis
2705 1190 2947 1258 exordio,
2976 1193 3270 1251 innumeris
3295 1206 3350 1252 et
3373 1199 3550 1254 diver-

1960 1270 2037 1324 sis
2066 1272 2219 1326 malis
2243 1277 2356 1330 suis
2384 1288 2746 1344 protestantur
2774 1282 3002 1340 infantes
3021 1328 3036 1352 ,
3068 1288 3158 1358 qui
3197 1291 3341 1344 nulla
3370 1293 3546 1346 imita-

1963 1355 2107 1411 tione
2151 1363 2471 1426 peccarunt?
2515 1371 2764 1434 tanquam
2802 1355 3114 1438 gravissima
3157 1382 3213 1428 et
3255 1375 3545 1431 inevitabili

1961 1459 2208 1514 pressura
2240 1452 2524 1520 stomachi,
2550 1455 2601 1508 in
2631 1457 2728 1511 hos
2755 1461 2981 1515 vomitus
3003 1478 3274 1533 erumpas,
3299 1475 3353 1519 et
3375 1466 3543 1532 dicas,

1959 1536 2077 1591 Non
2107 1540 2226 1608 quia
2257 1542 2331 1595 rei
2363 1553 2519 1609 sunt,
2571 1546 2692 1601 ideo
2721 1559 2843 1603 sunt
2884 1551 3064 1606 miseri
3105 1555 3193 1623 qui
3224 1569 3542 1620 nascuntur;

1959 1626 2056 1682 sed
2101 1637 2159 1682 ut
2203 1627 2302 1685 bac
2347 1634 2561 1689 miseria
2609 1641 2953 1706 commoniti,
2999 1654 3224 1700 caveant
3270 1659 3544 1715 peccatum

1959 1718 2116 1786 primi
2143 1719 2375 1777 hominis
2395 1723 2620 1778 imitari.
2645 1728 2734 1782 Sic
2763 1731 2903 1784 enim
2937 1735 3113 1800 putavi
3147 1735 3350 1802 planius
3375 1746 3428 1791 et
3453 1753 3546 1792 ex-

1960 1808 2205 1876 plicatius
2249 1826 2370 1868 esse
2417 1813 2740 1885 dicendum,
2791 1822 2935 1889 quod
2989 1833 3042 1877 tu
3087 1823 3368 1880 obscurius
3421 1843 3544 1896 per-

1957 1900 2276 1971 plexiusquc
2298 1903 2502 1960 dixisti.
2532 1908 2636 1961 Sed
2665 1911 3066 1978 quomodolibet
3091 1916 3192 1968 hoc
3211 1916 3359 1970 dicas
3379 1958 3394 1982 ,
3425 1919 3545 1987 quis

1958 2005 2064 2044 non
2095 1993 2269 2047 videat
2293 1996 2470 2050 studio
2507 1998 2856 2056 defendendae
2887 2006 3153 2072 Opinionis
3186 2017 3288 2062 tute
3326 2014 3545 2066 omnino

1959 2090 2012 2136 te
2044 2085 2322 2139 attendere
2350 2088 2492 2142 nolle
2515 2090 2642 2158 quid
2666 2091 2851 2147 dicas?
2878 2093 3069 2151 ldeone
3095 2095 3335 2163 fuerant,
3363 2115 3544 2170 qumso

1960 2184 2032 2240 te,
2063 2175 2308 2233 homines
2337 2179 2647 2238 innocentes
2679 2185 2944 2254 plectentli
2974 2189 3190 2244 miseria
3209 2230 3223 2253 .
3265 2206 3368 2246 non
3403 2193 3543 2262 quod

1957 2267 2122 2323 ullum
2150 2279 2425 2339 peccaturo
2459 2272 2736 2342 haberent,
2765 2277 2859 2332 sed
2899 2288 2954 2334 ut
2981 2296 3085 2334 non
3114 2282 3407 2338 haberent?
3439 2285 3543 2341 De-

1955 2357 2068 2413 buit
2095 2376 2224 2431 ergo
2249 2371 2304 2416 et
2343 2363 2450 2417 Eva
2479 2365 2628 2434 prius
2652 2366 2768 2422 fieri
2799 2370 2990 2425 misera
3015 2387 3174 2441 quam
3205 2388 3324 2438 rea,
3355 2384 3412 2429 ut
3441 2377 3544 2431 mi-

1956 2451 2098 2505 seria
2121 2467 2218 2508 sua
2241 2467 2678 2516 commoneretur
2697 2475 2802 2514 non
2829 2465 3131 2527 consentire
3157 2468 3416 2534 serpenti.
3441 2471 3546 2526 De-

1953 2541 2069 2596 buit
2093 2551 2148 2598 et
2174 2544 2342 2599 Adam
2374 2549 2524 2615 prius
2553 2551 2729 2618 puniri
2756 2553 2898 2608 malo
2931 2555 3197 2624 miseriae,
3230 2574 3298 2612 ne
3322 2559 3390 2615 ad
3432 2576 3546 2616 ma-

1953 2630 2063 2685 lum
2095 2635 2294 2702 peccati
2323 2637 2558 2693 seducta:
2595 2643 2924 2698 consentiret
2966 2647 3139 2700 uxori.
3183 2647 3366 2705 Placet
3399 2653 3541 2706 enim

1956 2723 2083 2790 tibi,
2115 2735 2170 2779 ut
2196 2728 2370 2796 ptenis
2398 2730 2821 2798 prtecedentibus
2846 2733 3070 2790 crimina
3099 2749 3407 2805 caveantur,
3436 2757 3542 2798 non

1959 2823 2017 2868 ut
2040 2819 2388 2884 sequentibus
2413 2819 2774 2888 vindicentur;
2806 2839 2869 2879 ac
2896 2827 2975 2882 sic
3011 2827 3251 2894 inverse,
3285 2847 3390 2885 non
3421 2834 3542 2902 quia

1954 2915 2229 2974 peccaturo
2261 2918 2363 2972 est,
2391 2910 2484 2965 sed
2510 2927 2580 2966 ne
2608 2923 2874 2981 peccetur,
2905 2932 3011 2971 non
3039 2929 3240 2985 reatus,
3270 2922 3366 2977 sed
3391 2923 3546 2979 inno-

1953 2997 2127 3051 centia
2158 3000 2427 3068 puniatur.
2457 3003 2704 3074 Corrige,
2751 3007 3000 3074 obsecro,
3028 3025 3369 3081 perversam,
3402 3031 3540 3084 prte-

1954 3095 2332 3158 posteramque
2359 3096 2678 3148 sententiam
2706 3113 2719 3149 :
2752 3099 2875 3166 quia
2905 3101 3088 3170 utique
3115 3105 3348 3159 tunicam
3371 3108 3541 3161 corri-

1949 3191 2128 3246 geres,
2155 3179 2200 3232 si
2231 3188 2283 3235 te
2302 3180 2488 3236 dextra
2515 3184 2565 3237 in
2599 3185 2815 3242 sinistra
2844 3187 2980 3243 forte
3006 3192 3252 3248 vesdres.
3279 3196 3388 3251 lloe
3408 3199 3540 3266 dixi,

1953 3269 2206 3337 quoniam
2238 3281 2473 3340 peccata,
2500 3290 2567 3329 ne
2596 3287 2909 3346 sequantur,
2935 3283 3210 3352 suppliciis
3235 3288 3537 3356 praeceden-

1954 3357 2096 3414 tibus
2123 3359 2203 3414 vis
2242 3362 2456 3428 caveri;
2488 3380 2609 3419 cum
2655 3367 2864 3423 soleant
2903 3379 2960 3425 et
3002 3372 3232 3429 debeant
3268 3378 3541 3447 suppliciis

1951 3453 2298 3520 sequentibus
2341 3468 2558 3524 peccata
2607 3460 2962 3528 prmeedcntia
3007 3465 3288 3524 vindicari.
3338 3471 3542 3528 Deinde

1951 3541 2038 3594 die
2077 3544 2266 3610 nobis,
2296 3549 2564 3616 quomodo
2607 3551 2946 3610 calamitosos
2973 3571 3414 3619 eommoneamus
3461 3565 3540 3620 in-

1949 3631 2156 3699 fantes,
2189 3647 2246 3690 ut
2277 3636 2584 3694 intueantur
2622 3643 2891 3700 miseriam
2932 3664 3084 3703 suam
3105 3691 3121 3717 ,
3155 3668 3222 3706 ne
3266 3664 3540 3722 peccatum

1951 3725 2109 3795 primi
2131 3727 2362 3783 hominis
2386 3732 2689 3801 imitentur;
2721 3737 2809 3806 qui
2838 3754 2937 3793 nec
2966 3741 3160 3795 imitari
3187 3759 3537 3816 quemquam,

1949 3830 2050 3872 nec
2073 3820 2402 3875 commoneri
2424 3822 2599 3878 adhuc
2626 3836 2869 3893 possunt.
2890 3828 3168 3888 Maledicta
3216 3834 3358 3890 enim
3401 3847 3539 3893 terra

1955 3905 2118 3980 (unde
2159 3909 2225 3964 ad
2256 3911 2358 3966 hoc
2383 3918 2529 3966 tuum
2553 3913 2966 3973 deliramentum
2995 3923 3164 3977 sumis
3193 3927 3494 3996 exemplum
3519 3971 3535 3995 ,

1949 3999 2072 4068 quia
2097 4000 2175 4055 sic
2200 4009 2492 4070 potuerunt
2511 4017 2792 4066 nascentes
2818 4008 2958 4066 effici
2981 4014 3184 4082 miseri,
3209 4026 3266 4070 ut
3291 4032 3540 4076 caverent

1951 4100 2167 4159 peccata
2195 4093 2543 4163 gignentium,
2576 4102 2820 4168 quamvis
2849 4119 2953 4158 non
2981 4121 3046 4160 ex
3075 4108 3158 4163 eis
3187 4109 3400 4167 trahant
3425 4114 3539 4168 ori-

1947 4181 2123 4251 ginale
2153 4197 2427 4253 peccatum
2451 4228 2466 4253 ,
2496 4191 2944 4259 quemadmodum
2978 4206 3117 4252 terra
3146 4201 3429 4257 maledicta
3455 4215 3539 4259 est

1949 4283 2168 4344 propter
2193 4276 2424 4334 hominis
2455 4295 2700 4349 ptenam,
2748 4287 2995 4355 quamvis
3031 4289 3143 4358 ipsa
3186 4306 3294 4346 non
3336 4294 3539 4351 habens

1947 4365 2181 4440 culpam)
2212 4385 2309 4424 cur
2347 4387 2452 4427 non
2491 4375 2720 4430 attendis
2750 4379 2873 4446 quia
2916 4380 3053 4434 sicut
3097 4397 3205 4436 non
3237 4383 3399 4439 habet
3423 4388 3539 4441 cul-

1949 4474 2090 4528 pam,
2121 4461 2198 4517 sic
2224 4477 2289 4516 ex
2317 4463 2404 4517 illa
2435 4464 2808 4522 maledictione
2837 4486 2944 4524 non
2975 4472 3133 4529 habet
3159 4490 3404 4544 poenam;
3439 4481 3536 4535 sed

1948 4555 2222 4620 peccantis
2260 4555 2521 4621 hominis,
2563 4572 2686 4612 cum
2728 4559 3065 4618 maledicitur
3105 4575 3281 4636 terra,
3322 4569 3435 4640 ipsa
3481 4571 3538 4628 fit

1949 4647 2141 4716 pinna?
2160 4646 2449 4702 Nasccntes
2463 4658 2641 4704 autem
2661 4665 2784 4706 cum
2809 4653 2991 4710 miseri
3010 4669 3154 4721 sunt,
3180 4659 3279 4728 ipsi
3300 4665 3537 4719 sentiunt

1946 4736 2194 4792 miserias
2232 4753 2390 4803 suas;
2422 4740 2519 4809 ipsi
2549 4740 2750 4796 nullum
2770 4784 2786 4810 ,
2829 4744 2969 4801 sient
2996 4751 3226 4818 putatis,
3263 4754 3536 4810 trahentes

1947 4837 2253 4896 peccatum;
2297 4829 2622 4897 immeritas,
2662 4832 2710 4888 si
2748 4833 2852 4890 hoc
2895 4836 2964 4890 ita
2993 4847 3111 4904 est,
3161 4842 3347 4910 procul
3373 4843 3537 4898 dubio

1946 4920 2212 4976 sustinent
2242 4937 2460 4991 pinnas,
2493 4925 2584 4996 qui
2625 4941 2723 4981 nec
2747 4927 3026 4984 admoneri
3058 4930 3265 4999 adhuc,
3299 4942 3356 4989 ut
3389 4935 3498 4991 dixi
3518 4979 3530 4998 .

1945 5011 2144 5082 aliquid
2167 5023 2406 5083 possunt,
2431 5031 2529 5070 nec
2546 5027 2821 5087 peccatum
2845 5020 3002 5088 primi
3025 5021 3255 5078 hominis
3272 5025 3468 5083 imitari
3490 5030 3534 5094 ',

1947 5116 2166 5175 propter
2191 5107 2333 5176 quod
2370 5108 2602 5166 debeant
2644 5111 2941 5167 admoneri.
2988 5115 3068 5170 An
3113 5121 3533 5189 exspectandum

1947 5205 2030 5250 est
2076 5205 2134 5251 ut
2161 5200 2452 5255 crescendo
2492 5203 2802 5271 perveniant
2842 5203 2910 5259 ad
2955 5205 3180 5264 liberum
3223 5211 3532 5276 arbitrium,

1945 5289 2160 5359 quando
2185 5292 2418 5347 sentiant
2443 5293 2854 5363 admonentem,
2892 5306 3054 5367 atque
3093 5301 3349 5357 intuendo
3375 5301 3534 5355 mise-

1947 5381 2081 5436 riam
2107 5397 2257 5437 suam
2276 5422 2293 5450 ,
2335 5383 2547 5454 culpam
2578 5399 2684 5440 non
2720 5386 2990 5444 imitentur
3019 5391 3284 5445 alienam?
3310 5389 3417 5445 Sed
3445 5391 3534 5446 ubi

1948 5474 2194 5543 ponimus
2223 5483 2331 5529 tam
2372 5476 2568 5532 multos
2606 5480 2693 5548 qui
2726 5494 2895 5550 usque
2921 5479 2986 5534 ad
3013 5480 3154 5536 diem
3199 5483 3384 5536 mortis
3423 5496 3533 5538 suae

1945 5564 2066 5634 quis
2085 5565 2268 5630 fuerit,
2295 5564 2380 5621 vel
2403 5575 2576 5621 utrum
2602 5566 2784 5633 fuerit,
2808 5571 2890 5626 vel
2915 5568 3040 5641 quid
3066 5569 3342 5626 admiserit
3361 5572 3529 5629 Adam

1973 5691 1976 5694 ’
2012 5699 2028 5732 I
2055 5691 2190 5752 mliti,
2215 5707 2402 5747 sexum.
2427 5704 2481 5747 At
2503 5704 2631 5755 uss.
2654 5712 2832 5750 nexum
2861 5710 2879 5748 :
2906 5698 3031 5747 forte
3051 5711 3155 5758 pro,
3182 5712 3378 5751 noxam.

2013 5760 2034 5794 ³
2056 5760 2279 5820 terbum,
2305 5758 2506 5820 incitari,
2527 5762 2830 5812 restinximus
2845 5773 2907 5809 ex
2935 5763 3286 5826 ntauuscripus.
