3970 6184
368 371 510 433 I575

371 481 650 547 nesciunt!
662 478 764 537 IJbi
782 473 1024 547 ponimus
1037 478 1142 522 tam
1154 462 1352 519 multos
1366 456 1455 529 qtti
1469 454 1616 526 prius
1636 449 1955 508 moriuntur,

296 635 314 654 ,
371 596 532 655 quam
548 573 854 648 perveniant
869 565 938 621 ad
952 571 1161 619 :etatem
1171 600 1183 621 ,
1200 557 1251 611 in
1265 568 1369 624 qua
1381 548 1614 655 sentiam
1623 551 1961 598 commonen-

373 636 483 732 fan
501 673 526 726 ?
545 636 640 726 libi
657 663 902 737 ponimus
917 673 1008 713 eos
1025 653 1115 724 qtti
1133 662 1240 705 tam
1271 644 1475 702 insulso
1491 654 1551 693 ac
1569 636 1715 692 fatuo
1731 642 1954 685 nascun-

375 721 464 822 tur
490 721 722 830 ingenio,
741 761 802 809 ut
829 765 928 806 nec
953 721 1180 818 grandes
1205 737 1414 810 possint
1436 745 1558 788 cum
1576 726 1758 794 aliquo
1786 721 1962 824 fructu

377 855 482 910 tale
502 808 698 919 aliquid
717 837 1026 899 admoneri?
1048 834 1250 902 Nempe
1268 827 1522 881 hiomnes
1544 821 1560 852 ί
1582 826 1722 874 tanta
1747 808 1962 868 miseria

377 903 628 1002 sine—ullo
655 937 866 998 merito,
889 932 1004 986 sine
1030 927 1134 981 ulla
1155 921 1385 976 utilitate
1409 916 1728 985 plectuntur.
1758 903 1856 1002 Ubi
1884 907 1966 956 est

374 1036 579 1110 justitia
611 1030 744 1087 Dei?
773 1039 931 1097 quam
974 1020 1020 1075 si
1061 1015 1357 1086 cogitares,
1403 1015 1674 1073 nunquam
1715 993 1966 1052 crederes

375 1093 497 1186 sine
527 1127 633 1182 ullo
659 1093 850 1178 merito
877 1111 1079 1186 peccati
1118 1101 1396 1176 originalis
1425 1108 1530 1153 tam
1578 1093 1804 1148 miseros
1846 1099 1968 1140 esse

379 1227 682 1277 nascentes.
723 1211 832 1268 Sed
857 1185 1108 1278 quoniam
1139 1213 1260 1255 cum
1295 1191 1603 1248 conditione
1636 1185 1841 1238 locutus
1869 1190 1964 1231 es:

382 1329 490 1369 non
520 1310 661 1365 enim
683 1304 827 1367 aisti,
849 1298 1110 1369 Quoniam
1134 1291 1388 1350 docetur;
1420 1280 1514 1337 sed
1540 1277 1682 1337 aisti,
1719 1292 1737 1325 ι
1764 1271 1818 1326 Si
1842 1265 1969 1338 quid

381 1406 665 1461 doceretur
703 1406 1062 1452 aerumnarum
1099 1393 1216 1458 post
1247 1387 1524 1453 peccatum
1551 1368 1709 1442 primi
1739 1360 1970 1461 hominis

386 1507 583 1552 nostrae
629 1490 834 1545 illatum
869 1497 992 1539 esse
1024 1487 1228 1535 natura:
1258 1491 1272 1528 :
1304 1491 1324 1524 s
1360 1475 1574 1540 paratus
1612 1477 1702 1525 es,
1735 1465 1792 1511 ut
1818 1451 1973 1552 arbi-

387 1597 521 1651 tror,
545 1583 745 1642 dicere,
774 1577 892 1632 Non
919 1573 1158 1628 docetur.
1194 1567 1267 1619 Ac
1293 1576 1387 1632 per
1409 1559 1509 1612 hoc
1530 1558 1696 1608 restat
1721 1556 1778 1602 ut
1800 1544 1971 1651 dieas,

389 1633 525 1729 mala
552 1633 930 1742 qnznvidemus
956 1658 1204 1732 parvulos
1229 1649 1454 1722 perpeti,
1473 1642 1705 1701 etiamin
1727 1633 1974 1708 paradiso

385 1734 770 1821 futura-fuisse,
791 1757 835 1811 si
858 1766 1016 1810 nemo
1052 1751 1347 1820 peccasset,
1374 1757 1440 1794 ne
1457 1743 1674 1808 propter
1698 1734 1972 1821 peccatum

388 1857 545 1928 primi
577 1850 810 1908 hominis
833 1861 894 1902 ea
923 1840 1138 1898 fatearis
1164 1843 1368 1892 exorta.
1401 1831 1475 1884 Ita
1515 1839 1635 1882 cum
1680 1822 1782 1928 hos.
1806 1813 1977 1928 qodos

390 1905 586 2020 qumris
627 1939 888 2000 evadere,
928 1941 983 1989 et
1021 1928 1135 1984 fieri
1167 1941 1232 1980 ex
1261 1920 1457 1978 nostris
1495 1913 1741 1970 manibus
1771 1905 1974 1968 labilis,

389 2005 574 2095 contra
607 2030 911 2104 paradisum
937 2022 1105 2079 stabis
1129 2013 1447 2076 immobilis;
1474 2007 1559 2064 cui
1583 2005 1660 2059 sic
1684 2017 1742 2057 cs
1767 2005 1981 2054 contra-

390 2133 525 2198 rius,
558 2093 620 2182 ut
637 2127 753 2196 ejus
780 2118 1018 2177 felicitati
1042 2124 1097 2170 et
1131 2109 1294 2183 quieti
1336 2101 1643 2166 turbandae,
1673 2106 1728 2152 et
1765 2093 1980 2149 dolores

392 2184 830 2294 parturienlium,
862 2219 918 2267 et
953 2211 1164 2264 labores
1188 2197 1524 2273 operantium
1543 2234 1560 2260 ,
1587 2199 1643 2245 et
1664 2184 1981 2258 jactationes

394 2277 808 2387 ingrotantium,
845 2303 1168 2369 morbosque
1210 2289 1579 2350 morientium,
1627 2277 1983 2335 audacissimo

1257 2385 1264 2387 μ
1387 2382 1400 2387 -
1583 2376 1614 2387 ι-
1670 2373 1684 2387 -
1731 2373 1743 2385 .
1829 2370 1868 2387 .-
1901 2367 1980 2387 Α),

395 2367 493 2464 οῖεέ
517 2367 589 2461 1..
632 2367 806 2458 fronte
850 2367 1207 2468 perditissima
1255 2382 1532 2439 immittas.
1581 2373 1689 2432 Sed
1731 2373 1786 2426 in
1829 2367 1984 2424 laude

398 2461 588 2552 mortis
617 2461 868 2560 magnum
899 2497 951 2540 te
979 2492 1132 2553 putas
1154 2474 1353 2546 aliquid
1385 2469 1653 2526 invenisse
1679 2462 1819 2534 quod
1842 2461 1987 2515 diee-

396 2603 508 2652 res,
544 2605 564 2639 (
595 2584 762 2655 prima
791 2597 810 2632 ι
845 2577 1079 2638 scilicet,
1119 2589 1138 2623 ι
1166 2566 1447 2622 occasione
1475 2559 1758 2620 claruisse,
1785 2553 1986 2608 malum

401 2695 509 2734 non
535 2641 655 2732 esse
681 2679 908 2726 mortem
928 2707 944 2731 ,
990 2661 1132 2735 quod
1162 2674 1280 2714 eam
1305 2657 1481 2725 justus
1518 2651 1721 2721 primus
1748 2641 1986 2700 ontnium

402 2767 684 2826 dedicavit.
718 2783 737 2816 ι
775 2763 915 2830 Ergo
941 2753 1107 2812 redde
1136 2750 1419 2810 rationem,
1446 2739 1716 2814 quomodo
1744 2752 1850 2791 non
1893 2735 1990 2789 ha-

404 2862 554 2918 beret
582 2871 743 2928 quam
769 2828 1044 2908 dedicaret
1064 2846 1237 2916 justus
1255 2883 1270 2907 ,
1303 2837 1405 2894 nisi
1433 2836 1570 2890 hanc
1595 2831 1883 2886 aedificaret
1912 2828 1992 2882 in-

403 2919 615 3022 justus:
645 2948 844 3000 Auctor
883 2939 1076 3010 quippe
1119 2941 1174 2988 et
1205 2930 1424 2986 effector
1468 2922 1655 2980 mortis
1694 2919 1833 2974 illius
1861 2919 1992 2974 Cain

408 3008 630 3104 exstitit,
655 3051 760 3091 non
784 3008 936 3088 Abel.
960 3029 1053 3084 Ille
1078 3026 1257 3094 itaque
1275 3017 1560 3081 dedicavit,
1585 3012 1676 3084 qui
1698 3008 1993 3066 fabricavit.

409 3135 552 3189 Mors
581 3131 721 3184 enim
763 3124 995 3181 hominis
1038 3118 1194 3182 boni,
1228 3115 1425 3171 malum
1465 3124 1600 3180 opus
1641 3107 1735 3162 fuit
1766 3103 1998 3160 hominis

410 3223 555 3278 mali.
583 3222 687 3276 Iste
726 3227 902 3272 autem
941 3213 1031 3284 qui
1069 3224 1168 3281 pro
1201 3207 1344 3262 bono
1381 3203 1578 3259 malum
1607 3197 1861 3270 pertulit,
1890 3207 1998 3249 non

411 3323 659 3378 mortem,
691 3310 788 3366 sed
821 3305 1133 3376 martyrium
1157 3297 1458 3363 dedicavit,
1487 3307 1684 3365 gerens
1719 3289 1836 3359 ejus
1866 3287 2001 3357 ligu-

412 3421 526 3460 ram
547 3445 561 3468 ,
591 3417 748 3472 quem
776 3398 1005 3470 populus
1030 3393 1334 3449 Judaeornm
1361 3397 1610 3456 tanquam
1638 3382 1810 3437 malus
1840 3379 2002 3434 frater

412 3470 640 3550 carnalis
665 3490 874 3545 occidit.
903 3487 1190 3554 PrOpterea
1215 3482 1392 3550 itaque
1413 3476 1679 3548 gloriosus
1707 3470 1859 3535 Abel,
1895 3483 2000 3523 non

415 3587 536 3655 quia
561 3580 760 3649 aliquid
791 3579 913 3632 boni
938 3574 1167 3642 sumpsit
1191 3587 1221 3626 a
1249 3569 1434 3634 fratre,
1463 3565 1557 3620 sed
1579 3563 1702 3634 quia
1741 3561 2005 3631 patienter

417 3690 514 3746 pro
535 3671 738 3743 justitia
772 3665 1070 3730 moriendo,
1111 3662 1254 3717 malo
1280 3659 1397 3730 ejus
1424 3671 1552 3712 usus
1576 3661 1661 3710 est
1685 3652 1842 3707 bene.
1872 3649 2005 3705 Nam

417 3769 557 3822 sicut
589 3765 726 3818 lieno
757 3761 890 3831 legis
923 3757 1060 3813 male
1089 3754 1286 3810 utendo
1314 3749 1750 3822 przevaricatorcs
1780 3743 2008 3815 puniun-

421 3868 541 3923 tur;
573 3857 644 3910 ita
670 3872 700 3909 e
730 3852 998 3908 contrario
1026 3849 1166 3904 malo
1192 3845 1378 3901 mortis
1411 3843 1547 3898 bene
1570 3837 1771 3894 utendo
1799 3842 2005 3904 marty-

418 3967 506 4006 res
546 3957 888 4004 coronantur.
933 3939 1161 3997 Proinde
1202 3938 1247 3993 si
1294 3951 1400 3991 non
1440 3930 1744 4002 dedignaris
1787 3927 2008 3993 dicere,

364 4104 371 4112 η
419 4040 562 4111 quod
593 4049 644 4092 te
673 4049 836 4092 cerno
866 4033 1095 4098 nescire,
1125 4045 1270 4084 mors
1300 4028 1352 4082 in
1382 4023 1735 4080 morientibus
1761 4017 2011 4073 omnibus

421 4109 559 4188 mala
603 4139 721 4197 est;
750 4129 801 4182 in
847 4123 1076 4180 mortuis
1118 4130 1294 4175 autem
1326 4116 1642 4188 quibusdam
1680 4112 1855 4178 mala,
1895 4109 2014 4180 qui-

423 4224 644 4279 busdam
676 4222 836 4276 bona.
872 4219 983 4272 Hoc
1011 4214 1178 4270 secuti
1208 4220 1367 4276 sunt,
1411 4209 1501 4279 qni
1544 4208 1613 4262 de
1655 4207 1799 4260 bene
1825 4202 2012 4258 mortis

426 4315 718 4371 laudabiles
743 4309 1136 4380 disputationes
1167 4304 1331 4359 etiam
1369 4298 1563 4355 litteris
1603 4297 2012 4351 mandaverunt.

427 4411 566 4464 Mors
591 4422 717 4475 ergo
738 4405 867 4476 justi
901 4401 1082 4458 Abelis
1113 4395 1400 4452 habitantis
1439 4393 1494 4446 in
1522 4391 1737 4460 requie,
1779 4403 1886 4442 non
1926 4399 2016 4440 so-

429 4505 538 4557 lum
585 4502 720 4555 mala
765 4515 868 4553 non
894 4505 998 4558 est,
1029 4507 1212 4549 verum
1243 4489 1402 4544 etiam
1430 4485 1568 4539 bona
1598 4490 1699 4538 est.
1733 4481 1811 4535 Tu
1837 4487 2014 4533 autem

431 4595 483 4649 in
517 4591 818 4663 paradisum
851 4603 954 4643 non
981 4586 1242 4641 bonorum
1267 4587 1600 4635 mortuorum
1633 4574 1890 4643 requiem,
1922 4568 2014 4624 sed

429 4687 697 4743 cruciatus
719 4681 1082 4744 morientium,
1115 4692 1182 4731 ne
1211 4676 1470 4729 bonorum
1509 4669 1580 4724 ibi
1607 4666 1818 4737 requies
1840 4671 2015 4729 esset,

433 4777 674 4834 intulisti.
708 4776 814 4830 Aut
837 4773 881 4826 si
909 4771 1062 4833 dicis,
1091 4767 1146 4823 Si
1181 4779 1339 4820 nemo
1361 4769 1655 4833 peccasset,
1687 4758 1741 4812 in
1771 4753 2019 4826 paradiso

435 4871 551 4924 sine
577 4868 813 4922 cruciatu
838 4861 1082 4917 homines
1105 4864 1442 4912 morerentur
1466 4871 1478 4904 :
1511 4851 1699 4906 saltem
1727 4848 1848 4918 quia
1871 4855 2020 4900 extra
2079 4879 2082 4882 ~

438 4961 737 5032 paradisum
755 4973 860 5012 non
879 4954 989 5010 fere
1000 4952 1219 5022 quisque
1228 4963 1276 5001 m
1289 4945 1332 5001 si
1339 4959 1404 4999 ne
1415 4943 1650 4999 cruciatu
1665 4939 1908 5015 moritur,
1917 4947 2025 4990 tan-

437 5054 559 5108 dem
576 5053 849 5105 convictus
865 5059 1022 5118 atque
1031 5038 1387 5106 contortus,in
1402 5036 1636 5092 deterius
1645 5037 2022 5088 commutatam

438 5152 656 5216 peccato
697 5141 849 5209 primi
889 5137 1120 5193 hominis
1149 5135 1435 5188 humanam
1473 5125 1729 5183 confitere
1758 5132 2022 5177 naturam.

509 5232 746 5290 XXVIII.
787 5230 904 5285 ἔοι..
935 5227 1070 5297 Quid
1099 5235 1367 5296 postremo
1386 5220 1455 5275 de
1479 5220 1594 5289 ipso
1614 5223 1863 5286 serpente
1879 5213 2027 5268 dice-

440 5327 566 5382 tur!
606 5322 882 5380 Diabolum
922 5316 1294 5372 maledictionc
1347 5313 1436 5366 illa
1479 5308 1744 5380 pttnitum,
1803 5321 1869 5358 an
1927 5305 2029 5358 hoc

439 5431 724 5474 commune
751 5409 936 5481 reptile
965 5407 1158 5462 animal
1186 5401 1462 5473 opinaris?
1488 5399 1540 5455 id
1572 5407 1676 5462 est,
1722 5397 1863 5450 illam
1903 5409 2029 5447 sen-

442 5509 658 5563 tentiam
685 5519 804 5576 quas
827 5503 902 5556 ait
926 5497 993 5555 ad
1015 5503 1338 5565 serpentem,
1368 5491 1669 5544 Maledicta
1695 5495 1746 5540 tu
1773 5486 1836 5538 ab
1863 5483 2031 5537 amati-

447 5600 538 5654 btts
574 5592 938 5669 peccatoribus,
969 5600 1017 5645 et
1045 5587 1107 5642 ab
1136 5583 1367 5640 omnibus
1396 5581 1564 5636 bestiis
1598 5592 1714 5649 qua:
1738 5585 1852 5630 sunt
1882 5589 2034 5644 super

513 5793 533 5826 ³
557 5793 638 5842 ulc
662 5798 802 5842 vetus
836 5786 990 5838 codex
1041 5790 1164 5835 φοι-ι.
1205 5779 1364 5840 addit,
1409 5777 1448 5828 si
1496 5789 1512 5825 :
1557 5787 1649 5824 non
1678 5773 1820 5822 male.

1054 345 1299 407 OPERIS
1337 332 1749 400 IMPERFECTI
1783 325 1995 385 CONTF

2101 321 2450 387 IULIANUSI,
2494 319 2551 376 5.
2594 313 2956 378 AUGUSTINI

3512 309 3655 367 £576

2061 447 2294 502 terram;
2331 451 2482 506 super
2521 442 2692 504 pectus
2740 437 2788 486 et
2823 436 3039 483 ventrem
3077 430 3220 478 luunt
3253 418 3562 500 ambulabis,
3609 428 3661 471 γι

2065 539 2251 583 terram
2281 524 2607 580 manducabis
2632 521 2861 577 omnibus
2885 515 3060 572 diebus
3107 515 3221 569 vitae
3243 521 3346 568 tua
3377 509 3397 583 (
3421 509 3550 566 Gen.
3574 525 3657 574 tu,

2070 621 2137 676 14
2165 617 2209 690 ).
2240 619 2292 672 in
2323 616 2518 672 diaboli
2545 613 2823 682 supplicio,
2851 625 2920 664 an
2952 605 3310 673 beslimltttjus
3329 618 3450 674 qua!
3477 600 3664 656 vernis

2068 711 2338 768 caloribus
2363 707 2607 765 educitur
2635 706 2704 760 de
2732 701 2995 765 cavernis,
3025 697 3301 755 arbitraris
3327 695 3604 766 impletam
3639 693 3665 745 ?

2069 804 2124 860 Si
2151 803 2202 857 iu
2232 801 2395 870 hujus
2415 797 2678 869 serpentis
2698 839 2713 861 ,
2757 794 2908 864 cujus
2934 791 3141 862 species
3167 794 3222 844 in
3259 803 3456 860 corpus
3487 786 3666 841 enode

2073 893 2357 963 porrigitur
2383 900 2545 960 atque
2569 887 2638 942 ob
2679 886 2817 941 illius
2841 884 3010 953 culpa:
3055 881 3305 937 meritum
3350 879 3498 934 dicas
3541 892 3666 932 eam

2073 985 2264 1040 factam
2289 997 2408 1038 esse
2433 979 2768 1050 terrifagam;
2800 991 2929 1046 ergo
2955 982 3008 1028 et
3033 971 3282 1026 omnibus
3319 969 3508 1024 bestiis
3551 977 3666 1021 tra-

2073 1077 2178 1132 dux
2197 1073 2487 1144 iniquitatis
2504 1067 2784 1134 incumbit,
2805 1080 2963 1137 quam
2983 1071 3136 1134 putas
3155 1060 3256 1116 nisi
3273 1075 3368 1130 per
3387 1057 3668 1114 libidinem

2073 1169 2374 1225 coeuntium
2406 1180 2512 1219 non
2541 1178 2699 1233 posse
2731 1157 2920 1214 deduci
2952 1173 2967 1209 :
3002 1155 3162 1224 fitque
3188 1163 3245 1207 ut
3267 1152 3428 1206 etiam
3450 1163 3671 1218 serpen-

2077 1273 2188 1318 tum
2227 1260 2520 1324 libidinem,
2545 1257 2763 1327 jamque
2786 1252 2911 1308 inde
2952 1246 3394 1306 irrationabilium
3425 1245 3676 1298 animan-

2076 1356 2227 1418 tium,
2258 1366 2468 1408 asseras
2497 1365 2528 1404 a
2552 1346 2766 1404 diabolo
2799 1344 2964 1398 fuisse
3004 1341 3313 1412 plautatam,
3356 1345 3672 1404 retectaque

2077 1445 2338 1501 sententia
2385 1438 2662 1497 Manicbazi
2714 1435 2871 1491 nobis
2929 1433 3188 1488 carmen‘
3218 1430 3507 1496 inclangas.
3568 1426 3669 1482 Sin

2078 1546 2256 1591 autem
2277 1531 2531 1604 quidquid
2556 1529 2623 1585 ad
2666 1535 2967 1598 serpentem
3009 1523 3222 1587 dicitur,
3263 1519 3674 1590 intelligibiliter

2080 1627 2132 1680 in
2145 1624 2358 1679 diabolo
2372 1620 2669 1692 proﬁtearis
2686 1618 2960 1688 impletum
2976 1633 2991 1676 ;
3010 1629 3213 1670 annues
3229 1613 3346 1667 sine
3361 1611 3545 1674 dubio,
3566 1625 3674 1663 nec

2080 1716 2187 1772 hoc
2205 1714 2345 1786 quod
2371 1714 2438 1769 ibi
2463 1727 2559 1784 pro
2580 1711 2779 1765 ultione
2799 1707 3088 1778 profertur,
3108 1703 3361 1759 indicium
3385 1717 3527 1757 nunc
3547 1715 3674 1755 reo-

2080 1823 2198 1864 rum
2225 1821 2345 1862 esse
2367 1813 2698 1875 serpentum,
2722 1816 2822 1865 nec
2837 1798 3106 1854 diabolum
3135 1804 3331 1852 terram
3363 1793 3527 1850 edere
3542 1808 3674 1849 cor-

2080 1898 2333 1968 poraliter
2360 1914 2374 1951 :
2393 1894 2485 1951 sed
2507 1895 2608 1949 etsi
2637 1902 2761 1948 tunc
2777 1888 3129 1945 ministerium
3147 1885 3395 1941 draconis
3416 1884 3671 1952 arripuit,

2082 1999 2240 2060 atque
2269 1988 2371 2042 hoc
2390 1985 2538 2057 quasi
2563 1984 2751 2050 telum,
2773 1995 2880 2053 quo
2898 1979 2965 2035 ad
2984 1976 3370 2034 vulnerandum
3398 1975 3675 2031 hominem

2083 2093 2213 2135 usus
2239 2078 2428 2144 fuerat,
2459 2076 2716 2132 severitas
2738 2081 2918 2142 postea
2944 2080 3159 2140 paterna
3175 2066 3434 2136 confregit
3457 2083 3472 2129 ;
3495 2075 3674 2120 tamen

2086 2180 2359 2242 peccatum
2384 2169 2437 2223 in
2459 2168 2626 2222 solius
2653 2164 2865 2236 agentis
2885 2162 3159 2217 voluntate
3200 2157 3490 2213 resedisse.
3511 2156 3679 2209 Cibus

2086 2270 2264 2315 autem
2293 2269 2348 2314 et
2374 2259 2556 2330 spinas
2593 2264 2649 2312 et
2682 2253 2908 2310 sudores
2941 2251 3114 2322 primo
3150 2248 3313 2303 fuisse
3353 2244 3680 2301 naturaliter

2087 2351 2347 2416 instituta,
2377 2357 2492 2418 post
2524 2349 2577 2402 in
2603 2345 2866 2416 aliquibus
2890 2351 3043 2398 aucta
3074 2339 3400 2411 judicialiter
3425 2378 3440 2402 ,
3471 2334 3538 2391 ad
3579 2353 3681 2390 nu-

2089 2459 2254 2501 stram
2282 2460 2412 2500 vero
2433 2451 2644 2497 aetatem
2669 2439 2784 2496 sine
2806 2436 3006 2508 peccati
3022 2435 3161 2489 illius
3181 2431 3534 2486 admiratione
3551 2430 3574 2461 ’
3592 2443 3684 2482 ve-

2090 2537 2264 2601 nisse;
2304 2550 2399 2592 res
2420 2543 2526 2588 tam
2555 2541 2753 2603 apertae.
2779 2539 2936 2596 sunt,
2962 2537 3021 2583 ut
3059 2525 3300 2596 longiore
3342 2521 3556 2593 penitus
3594 2535 3685 2574 as-

2091 2627 2326 2683 sertione
2347 2640 2453 2680 non
2473 2631 2690 2694 egeant.

2165 2717 2302 2773 Anc.
2345 2715 2480 2784 Quid
2507 2711 2752 2783 estquod
2779 2711 3020 2781 vipereas
3037 2706 3258 2764 astutias
3287 2715 3406 2760 tuas
3428 2703 3590 2760 etiam
3615 2701 3688 2757 de

2095 2816 2348 2880 serpente
2372 2803 2726 2875 eontorques?
2752 2803 2882 2869 Quis
2900 2799 3044 2857 enim
3071 2798 3236 2854 divini
3275 2796 3398 2852 libri
3419 2795 3534 2850 haec
3557 2808 3688 2849 ver-

2098 2899 2186 2963 ba,
2207 2913 2328 2968 qua:
2355 2893 2810 2958 eommemorasti,
2833 2897 3186 2962 congruenter
3215 2887 3546 2957 intelligens,
3575 2900 3694 2940 non

2099 2987 2278 3043 videat
2316 2987 2368 3040 in
2411 2984 2682 3041 diabolum
2725 2983 2928 3052 potius,
2961 2979 3052 3051 qui
3094 2987 3342 3048 serpente
3370 2975 3437 3031 ad
3466 2974 3520 3030 id
3544 2973 3699 3045 quod

2100 3078 2288 3145 voluit,
2315 3087 2371 3130 ut
2398 3075 2570 3146 potuit
2593 3074 2639 3138 ³,
2670 3087 2797 3127 usus
2836 3079 2936 3133 est,
2965 3085 3122 3140 quam
3159 3069 3212 3123 in
3257 3067 3430 3138 ipsum
3467 3064 3698 3130 animal,

2102 3171 2486 3240 qualecumque
2509 3175 2799 3228 terrenum,
2834 3164 2978 3216 illam
3007 3160 3264 3230 prolatam
3295 3158 3458 3213 fuisse
3479 3164 3702 3211 senten-

2105 3259 2268 3317 tiam?
2305 3259 2409 3314 Sed
2437 3258 2559 3328 quia
2589 3272 2693 3311 non
2727 3271 2820 3326 per
2853 3255 3110 3323 seipsum,
3139 3267 3234 3322 per
3261 3257 3565 3320 serpentem
3587 3261 3702 3302 au-

2107 3363 2212 3409 tem
2241 3351 2570 3407 seductorias
2597 3347 2837 3418 loquelas
2871 3344 3115 3400 diabolus
3151 3349 3400 3412 operatus
3433 3347 3536 3405 est,
3569 3337 3702 3393 ideo

2105 3443 2172 3498 ad
2211 3450 2514 3509 serpentem
2552 3440 2758 3494 locutus
2804 3444 2888 3491 est
2929 3435 3103 3498 Deus,
3147 3430 3287 3502 quod
3331 3426 3701 3500 significanda:

2107 3531 2327 3587 malitia:
2355 3529 2550 3586 diaboli
2575 3526 2906 3589 conveniret,
2934 3532 2990 3580 et
3013 3530 3201 3577 natura
3230 3519 3387 3589 hujus
3418 3518 3581 3588 figura
3602 3531 3700 3571 es-

2107 3633 2192 3678 set
2218 3623 2375 3678 illius.
2417 3618 2646 3676 Proinde
2679 3617 2824 3688 quod
2863 3615 2996 3670 dixit
3026 3614 3166 3668 Deus
3195 3610 3450 3680 serpenti,
3475 3607 3706 3662 Maledi-

2109 3725 2220 3770 ctus
2263 3725 2318 3768 tu
2354 3713 2416 3766 ab
2457 3712 2686 3767 omnibus
2727 3707 3008 3780 pecoribus,
3033 3715 3078 3760 et
3105 3704 3338 3760 omnibus
3381 3701 3546 3756 bestiis
3582 3715 3708 3770 qua

2110 3817 2230 3863 sunt
2253 3823 2407 3878 super
2430 3815 2646 3868 terram;
2672 3819 2826 3872 super
2850 3811 3020 3870 pectus
3049 3806 3095 3853 et
3116 3805 3334 3852 ventrem
3354 3804 3494 3849 mum
3519 3792 3712 3846 aurbu-

2115 3900 2261 3967 labt's,
2292 3907 2338 3952 et
2355 3907 2539 3951 terram
2567 3894 2891 3948 manducabis
2912 3890 3140 3944 omnibus
3161 3886 3332 3941 diebus
3361 3886 3474 3940 siue
3495 3893 3617 3948 tute,
3644 3891 3710 3937 et

2113 4002 2339 4057 caetera;
2389 3998 2535 4044 tanto
2584 3987 2964 4056 intelliguntur,
3005 3989 3060 4037 et
3101 3986 3440 4051 exponuntur
3480 3975 3705 4037 melius,

2115 4093 2314 4155 quanto
2336 4078 2715 4150 congruentius
2738 4077 2807 4131 de
2829 4074 3042 4130 diabolo
3061 4071 3413 4141 accipiuntur.
3439 4065 3544 4122 Sed
3565 4080 3708 4135 quo-

2116 4176 2258 4231 niam
2307 4171 2598 4228 secundum
2639 4169 2799 4224 etiam
2839 4175 3038 4221 rectam
3081 4163 3261 4227 fidem,
3303 4158 3484 4215 multis
3523 4165 3713 4211 tamen

2117 4266 2292 4323 modis
2321 4263 2390 4320 de
2408 4262 2492 4317 his
2511 4260 2769 4330 disputari
2791 4258 2949 4324 solet,
2976 4269 3076 4311 nec
3097 4253 3164 4308 ad
3185 4266 3399 4307 causam
3421 4263 3559 4303 nunc
3577 4261 3718 4316 per-

2119 4359 2252 4412 tinet
2277 4353 2400 4424 quid
2427 4367 2612 4408 eorum
2639 4349 2808 4420 magis
2835 4348 3024 4418 eligam
3055 4357 3336 4415 promere;
3381 4339 3509 4394 satis
3533 4345 3615 4392 est
3647 4347 3720 4392 ut

2121 4449 2216 4504 tibi
2239 4444 2613 4516 reSpondcam,
2636 4442 2831 4497 diaboli
2859 4449 3100 4495 naturam
3123 4449 3457 4506 nequaquam
3480 4429 3548 4484 ad
3567 4444 3718 4484 con-

2122 4541 2404 4597 nexionem
2437 4536 2937 4602 successionemque
2966 4527 3271 4601 propaginis
3296 4525 3584 4598 pertinere,
3611 4519 3718 4574 ubi
3769 4583 3776 4588 _

2123 4630 2324 4703 peccati
2350 4627 2620 4698 originalis
2655 4625 2880 4696 qumstio
2916 4621 3160 4676 vertitur.
3203 4619 3278 4673 De
3306 4615 3472 4686 spinis
3497 4626 3624 4668 vero
3655 4624 3724 4667 ιι

2123 4721 2320 4778 sudore
2362 4717 2672 4783 laborantis,
2707 4729 2866 4785 quam
2905 4710 3238 4782 impudenter
3277 4707 3530 4768 affirmes,
3561 4704 3721 4772 quod

2127 4811 2430 4882 priusquam
2477 4815 2806 4878 peccaretur,
2837 4803 3034 4857 fuerint
3072 4800 3342 4860 instituta,
3371 4795 3533 4852 credo
3566 4796 3723 4864 quod

2126 4899 2444 4972 persuadeat
2464 4895 2757 4968 legentibus
2777 4894 3022 4963 superior
3049 4900 3230 4945 nostra
3257 4885 3554 4957 responsio.
3579 4883 3724 4938 Vul-

2131 4994 2197 5048 tis
2233 4991 2428 5063 quippe
2470 4989 2646 5045 facere
2687 4987 2844 5041 talem
2883 4981 3209 5055 paradisum,
3237 4987 3298 5035 ut
3332 4977 3480 5033 nulla
3509 4977 3728 5032 ratione

2129 5085 2335 5141 dicatur
2387 5082 2481 5137 Dei
2530 5094 2670 5142 esse,
2713 5077 2808 5133 sed
2851 5087 3107 5130 vestrum.
3148 5072 3549 5133 Verumtamen,
3592 5082 3726 5123 cum

2132 5184 2256 5230 ante
2277 5181 2550 5242 peccatum
2580 5168 2761 5240 Spinas
2782 5165 2983 5220 dixeris
3010 5163 3300 5224 institutas,
3328 5160 3381 5215 in
3414 5157 3728 5229 paradisum

2133 5279 2225 5319 eas
2247 5278 2354 5318 non
2381 5275 2542 5316 ausus
2571 5275 2652 5326 es,
2675 5256 3043 5317 introducere;
3077 5255 3186 5310 itno
3202 5250 3512 5322 expressisti
3538 5263 3635 5304 eas
3650 5249 3729 5302 ibi

2137 5371 2242 5412 non
2265 5353 2425 5409 fuisse
2457 5369 2471 5406 :
2500 5349 2592 5405 ubi
2618 5357 2791 5403 tamen
2817 5346 3053 5401 laborem
3085 5357 3284 5415 ponere
3304 5340 3539 5401 voluisti,
3571 5338 3734 5407 cujus

2168 5461 2214 5568 1⁸
2255 5458 2392 5517 Εᾱίιί,
2411 5468 2623 5506 carnem.
2652 5461 2800 5503 vetus
2821 5451 2978 5502 codex
2999 5457 3134 5508 λιιι-η
3153 5444 3353 5498 crimen.
3382 5445 3548 5508 Aptitn
3565 5441 3732 5492 σοαπ-ι

2185 5535 2277 5568 ar..
2303 5531 2516 5568 carmen.

2135 5529 2277 5579 Clam,
2303 5531 2516 5569 carmen.

2199 5583 2221 5613 ¹
2255 5589 2420 5636 Forte,
2445 5576 2841 5640 adjunctione.—
2858 5572 3000 5624 Morel
3020 5610 3035 5633 ,
3063 5569 3213 5621 Elem.
3237 5569 3394 5618 critic.
3417 5601 3432 5628 ,
3456 5577 3570 5629 pag.
3607 5562 3735 5621 516,

2141 5644 2280 5738 legit,
2305 5639 2670 5706 admigrntione.
2740 5646 2792 5686 tt.

2245 5706 2361 5738 nam
2427 5702 2491 5738 ml
2512 5701 2563 5738 id
2583 5697 2710 5738 nssnn‘
2738 5696 2876 5738 mlm'f
2903 5709 3016 5738 usus
3036 5699 3124 5738 2.11.
3149 5697 3214 5738 Ex
3241 5700 3345 5738 uss.
3370 5689 3446 5738 Idi

2145 5689 2491 5829 ﬁgam
2512 5701 2563 5751 id
2583 5697 2710 5764 quod
2738 5696 2876 5748 rolm't
2903 5709 3016 5748 usus
3036 5699 3124 5746 est.
3149 5697 3214 5744 Ex
3241 5700 3345 5741 .ttss.
3370 5689 3656 5752 edicam;
3672 5698 3731 5739 su
