3970 6184
308 304 433 364 ιειτ

306 430 433 474 onus
460 415 559 473 etsi
586 430 688 472 non
721 415 925 487 pungit,
955 411 1167 485 premit.
1202 410 1603 474 Verumtamen,
1632 408 1676 463 si
1700 418 1754 462 et
1780 405 1871 461 tibi

304 509 469 580 placet
496 506 676 576 spinas
700 521 805 561 non
837 518 1130 574 congruere
1153 500 1431 574 paradiso;
1461 501 1602 555 itane
1628 512 1755 554 vero
1776 511 1873 551 na-

305 612 429 655 tura:
459 597 728 665 humanae,
756 604 814 651 ut
842 597 913 653 ibi
938 595 1081 666 prius
1105 603 1246 650 esset
1268 592 1358 649 ubi
1384 591 1549 662 spinae
1577 605 1682 645 non
1712 597 1872 655 sunt,

303 702 352 747 et
376 706 515 746 nunc
536 689 606 744 ibi
628 690 697 745 sit
724 689 809 744 ubi
830 696 970 754 sunt,
996 688 1137 743 nulla
1162 685 1503 742 beatitudinis
1527 683 1875 739 in‘miseriam

302 776 590 838 mutatione
614 779 964 850 contingeret,
997 786 1088 833 aut
1129 777 1247 837 sine
1289 775 1396 831 ullo
1435 774 1637 845 peccati
1681 773 1875 828 merito

301 870 640 942 contigisset?
685 868 850 939 Cogat
878 885 1007 940 ergo
1026 882 1121 923 vos
1149 880 1440 938 agnoscere
1467 863 1723 940 originale
1748 877 1875 933 pec-

301 968 494 1026 catum,
522 962 626 1015 tale
654 960 863 1023 saltem,
893 959 1051 1030 quale
1072 972 1176 1012 non
1201 956 1444 1026 potuistis
1465 968 1657 1025 negare
1677 951 1878 1023 suppli-

300 1053 456 1117 cium,
484 1051 528 1105 si
560 1066 663 1105 non
694 1050 944 1119 injustum
973 1063 1093 1104 esse
1120 1047 1335 1102 creditis
1361 1046 1553 1100 Deum.

366 1140 563 1196 XXIX.
593 1140 710 1196 Jun.
740 1140 940 1194 Tamen
971 1154 1039 1193 ne
1058 1137 1183 1208 quid
1210 1137 1538 1207 negligenter
1556 1133 1877 1203 praeteriisse

301 1233 595 1299 videamur,
614 1233 797 1302 accipe
824 1230 988 1285 aliud.
1020 1231 1171 1284 llunc
1202 1228 1606 1297 parturitionum
1638 1224 1875 1279 dolorem

301 1335 629 1396 compertum
655 1333 737 1379 est
766 1338 863 1394 pro
891 1321 1207 1393 parientium
1234 1318 1547 1389 corporibus
1572 1316 1879 1385 viribusque

301 1418 512 1472 variari.
556 1416 908 1471 Barbarorum
934 1423 1079 1469 certe
1109 1412 1336 1476 feminas,
1368 1420 1421 1466 et
1445 1418 1732 1480 pastorum,
1761 1421 1879 1477 quae

299 1510 678 1566 exercitatione
712 1508 1083 1568 indurescunt,
1124 1506 1175 1559 in
1206 1504 1392 1558 mediis
1426 1500 1705 1557 itineribus
1734 1506 1878 1553 tanta

300 1601 550 1657 facilitate
580 1601 810 1671 pariunt,
842 1609 896 1653 ut
923 1614 1027 1652 non
1058 1597 1363 1651 intermisso
1389 1592 1565 1649 viandi
1589 1592 1769 1647 labore
1797 1590 1881 1645 fe:

300 1701 381 1747 tus
417 1707 545 1747 suos
575 1696 880 1763 procurent,
907 1696 963 1744 et
1002 1687 1181 1742 statim
1209 1684 1423 1754 vehant,
1464 1698 1582 1755 quze
1623 1681 1753 1737 nihil
1789 1695 1881 1752 pa-

299 1782 468 1838 riendi
491 1780 802 1837 difficultate
827 1787 1148 1844 marcentes,
1178 1792 1343 1832 onera
1372 1774 1571 1832 ventris
1592 1774 1659 1830 ad
1688 1774 1877 1828 hume-

297 1887 386 1927 ros
411 1886 538 1926 suos
564 1868 922 1935 transferunt;
956 1876 1010 1923 et
1033 1866 1355 1939 generaliter
1383 1864 1559 1936 inopia
1587 1864 1769 1926 vilium
1795 1861 1875 1917 fe-

299 1962 563 2017 minarum
588 2002 604 2030 ,
653 1975 868 2031 operam
917 1957 1261 2014 obstetricum
1304 1971 1409 2011 non
1456 1955 1722 2025 requirit:
1756 1962 1810 2008 at
1850 1966 1882 2008 e

298 2053 515 2122 regione
552 2052 841 2121 locupletes
884 2048 1086 2104 deliciis
1119 2046 1447 2112 molliuntur,
1474 2055 1529 2101 et
1565 2058 1671 2115 quo
1702 2044 1883 2114 plures

299 2142 543 2196 habuerit
562 2155 787 2211 qumque
810 2139 1087 2204 sollicitos,
1111 2151 1175 2192 eo
1201 2136 1428 2208 amplius
1449 2143 1500 2191 et
1525 2134 1681 2189 discit
1707 2142 1760 2188 et
1786 2148 1881 2204 ge-

295 2234 393 2287 stit
434 2246 764 2302 aegrescere,
813 2240 1067 2302 putatque
1114 2245 1175 2284 se
1225 2229 1382 2283 tantis
1429 2242 1620 2298 egere,
1672 2226 1884 2297 quantis

295 2322 539 2377 abundat
579 2322 866 2392 obsequiis.
913 2312 1216 2376 lifaritorum
1263 2333 1392 2374 sane
1428 2318 1651 2373 divitum
1698 2331 1886 2372 manus

298 2429 571 2482 nunquam
602 2414 653 2466 in
693 2413 932 2468 sentibus
962 2427 1252 2466 aerumnam
1284 2410 1437 2481 primi
1467 2409 1697 2464 hominis
1723 2424 1887 2479 expe'

300 2505 465 2569 ritur;
498 2504 736 2574 quinimo
757 2500 978 2558 fidentes
993 2502 1180 2574 cepiis,
1200 2502 1469 2572 indignum
1492 2517 1548 2556 se
1568 2509 1756 2573 putant
1776 2515 1884 2554 mo-

297 2602 540 2660 mentum
583 2595 797 2665 aliquod
844 2595 981 2649 votis
1023 2593 1309 2649 fertilitatis
1356 2593 1687 2664 impendere,
1736 2602 1885 2647 extra

302 2687 641 2743 formidinem
678 2687 838 2742 etiam
878 2684 1030 2741 famis
1059 2685 1455 2756 possessionum
1481 2684 1789 2741 dilatationc
1815 2682 1887 2737 si-

302 2785 531 2844 stentes,
562 2775 818 2832 mandant
844 2775 1162 2846 aliquoties,
1205 2783 1267 2829 ut
1313 2776 1387 2829 ait
1426 2782 1614 2846 poeta,
1657 2773 1888 2843 Deiunge

302 2870 448 2925 boves
467 2869 510 2937 ¹,
541 2868 661 2923 dum
688 2867 860 2921 tubera
884 2867 1053 2921 mittas
1085 2864 1344 2934 (Juvenal.
1371 2876 1467 2921 sat.
1496 2867 1550 2933 5,
1572 2882 1704 2920 vers.
1733 2864 1881 2936 U9).

304 2963 358 3018 Si
388 2977 521 3033 ergo
550 2969 603 3017 et
627 2960 943 3032 parientium
972 2959 1125 3014 dolor
1149 2968 1353 3029 spectat
1378 2959 1443 3014 ad
1471 2958 1706 3013 instituta
1739 2967 1890 3013 natu-

305 3074 399 3124 rae,
420 3055 567 3127 quod
597 3064 650 3110 et
675 3055 950 3110 brutorum
975 3052 1220 3124 exemplo
1244 3051 1569 3116 animalium,
1593 3059 1649 3106 et
1667 3059 1888 3105 sentcn-

307 3148 390 3200 tiae
429 3145 628 3200 divina:
667 3146 990 3215 proprietate
1016 3141 1324 3214 perdoctam
1351 3150 1460 3207 est;
1503 3140 1549 3195 si
1576 3139 1891 3208 interceptio

304 3236 598 3303 fructuum,
628 3245 682 3291 et
718 3244 936 3291 exortus
967 3234 1237 3304 spinarum
1276 3234 1415 3289 inter
1450 3240 1643 3289 cmtera
1674 3231 1890 3302 quidem

304 3339 519 3383 creatus
542 3336 641 3394 est,
664 3326 906 3399 personis
928 3334 1103 3381 tamen
1124 3323 1440 3398 quibusdam
1469 3323 1634 3381 factus
1660 3331 1742 3379 est
1759 3323 1893 3378 den-

307 3428 413 3476 sior
442 3431 501 3476 et
529 3420 831 3485 molestior;
862 3419 906 3473 si
932 3425 1224 3490 postremo,
1256 3426 1313 3471 ut
1337 3414 1623 3470 difficultas
1653 3416 1765 3485 ipsa
1794 3429 1891 3485 pa-

308 3513 518 3576 rientis,
552 3513 621 3566 ita
648 3512 809 3567 etiam
837 3510 1108 3582 glebarum
1138 3509 1426 3579 spinositas
1451 3522 1549 3578 pro
1582 3506 1894 3576 corporibus

309 3606 723 3677 regionibusque
738 3603 998 3668 variatur;
1032 3609 1325 3672 postremo,
1345 3600 1388 3656 si
1414 3599 1662 3671 perdurat
1686 3598 1775 3654 ille
1800 3613 1897 3653 an-

309 3712 404 3768 gor
434 3705 559 3768 post
588 3695 810 3767 gratiam
841 3694 894 3749 in
920 3692 1213 3749 visceribus
1237 3690 1577 3757 feminarum,
1602 3689 1742 3744 hunc
1767 3704 1895 3743 vero

309 3790 684 3860 opulentorum
707 3788 728 3819 ³
769 3786 1001 3841 luxuries
1047 3784 1258 3856 penitus
1293 3783 1527 3853 ignorat;
1556 3781 1600 3837 si
1638 3780 1896 3836 resolutio

311 3879 555 3949 corporis
577 3886 794 3948 propter
821 3876 947 3947 quid
973 3884 1221 3932 secutura
1250 3882 1414 3939 esset,
1447 3886 1760 3943 expressum
1787 3879 1889 3938 est,

313 3979 364 4024 et
392 3970 602 4025 artibus
643 3968 809 4037 magis
838 3981 995 4037 quam
1024 3965 1294 4022 erroribus
1329 3963 1587 4034 applicata
1630 3980 1643 4017 :
1679 3969 1900 4032 apparet

316 4061 398 4116 hic
439 4073 656 4129 quoque
698 4056 1094 4125 Catliolicorum
1125 4055 1332 4111 veritati
1361 4050 1536 4108 omnia
1563 4065 1893 4117 consonare,

316 4165 412 4206 nec
436 4149 729 4221 quidquam
754 4146 904 4201 vobis
926 4146 1011 4201 vel
1033 4146 1256 4202 feminas
1283 4143 1559 4215 prodesse,
1584 4142 1664 4197 vel
1693 4143 1894 4212 spinas.

384 4240 526 4296 Anc.
553 4236 687 4294 Cum
714 4236 779 4293 de
802 4251 978 4307 poena,
1005 4251 1161 4307 quam
1184 4234 1322 4289 Deus
1351 4230 1540 4302 inflixit
1563 4233 1748 4304 primis
1772 4246 1898 4303 pec-

315 4330 606 4394 catoribus,
635 4312 953 4398 disputares,
986 4326 1062 4380 sic
1083 4323 1394 4394 jamdudum
1423 4339 1453 4376 a
1482 4324 1702 4378 muliere
1726 4332 1900 4377 trans-

318 4422 455 4477 ieras
476 4462 491 4487 ,
535 4419 838 4482 utdiceres,
870 4437 887 4469 ι
922 4416 1199 4473 Sufficiant
1233 4417 1331 4470 ista
1374 4414 1442 4470 de
1469 4415 1712 4471 muliere.
1746 4433 1765 4467 ι
1791 4413 1900 4471 Cur

284 4529 291 4541 '
320 4527 450 4583 ergo
493 4528 599 4567 non
626 4510 851 4566 servasti
876 4507 1032 4563 fidem
1053 4506 1422 4578 promissionis
1452 4506 1591 4560 tute?
1621 4504 1758 4561 Ecce
1781 4514 1899 4577 post

318 4611 424 4658 tam
452 4603 618 4659 multa
647 4602 788 4659 redis
813 4601 876 4657 ad
901 4616 1038 4666 eam,
1065 4615 1189 4655 ecce
1214 4599 1519 4669 loquacitati
1542 4607 1643 4653 tua:
1667 4614 1773 4652 non
1795 4596 1903 4654 suf-

320 4694 540 4773 ficiunt,
571 4711 689 4765 quae
732 4694 943 4749 dixeras
985 4692 1047 4745 de
1090 4690 1299 4744 muliere
1345 4688 1609 4760 sufﬁciant.
1644 4686 1748 4744 Sed
1800 4688 1936 4743 nisi‘

320 4788 439 4843 talis
458 4788 723 4843 verbosus
752 4800 922 4849 esses,
952 4783 1095 4839 unde
1136 4791 1257 4837 octo
1280 4781 1465 4847 libros,
1507 4795 1639 4850 quos
1669 4779 1757 4833 uni
1780 4793 1901 4834 meo

320 4877 521 4943 reddis,
550 4876 838 4948 impleres?
863 4874 971 4931 Sed
1003 4874 1089 4929 die
1118 4872 1257 4944 quod
1284 4870 1375 4927 tibi
1410 4872 1614 4942 placet:
1637 4885 1762 4926 ecce
1784 4879 1902 4940 post

323 4969 639 5037 promissam
668 4966 1043 5022 sufficientiam
1069 5007 1083 5029 ,
1112 4963 1487 5019 abundantiam
1519 4978 1727 5033 quoque
1758 4970 1900 5016 tuam

323 5059 588 5126 patienter
615 5056 933 5112 audivimus.
968 5053 1074 5110 Cur
1100 5054 1240 5109 enim
1288 5052 1478 5123 perdas
1506 5069 1592 5108 res
1629 5062 1734 5108 tam
1785 5051 1901 5107 bel-

323 5149 403 5203 las
423 5190 438 5215 ,
465 5163 584 5219 qua:
610 5157 792 5219 postea
832 5147 926 5201 tibi
957 5146 1010 5201 in
1052 5155 1283 5201 mentem
1316 5144 1618 5200 venerunt?
1646 5143 1902 5211 Quamvis

322 5248 376 5293 et
399 5239 529 5294 illud
554 5238 741 5295 venire
764 5236 980 5302 debuit,
1023 5245 1082 5291 ut
1110 5236 1176 5291 de
1203 5236 1337 5290 libro
1365 5246 1476 5300 tuo,
1506 5235 1594 5305 qui
1622 5235 1901 5304 complen-

323 5329 423 5385 dus
447 5330 620 5387 adhuc
647 5331 699 5385 in
751 5329 997 5384 manibus
1026 5338 1176 5393 erat,
1211 5328 1424 5384 tolleres
1467 5328 1606 5395 quod
1655 5327 1899 5393 dixeras,

324 5417 589 5490 Suﬂiciant
612 5424 707 5476 ista
730 5420 792 5474 de
812 5419 1055 5474 muliere;
1084 5435 1151 5473 ne
1178 5429 1279 5473 tute
1318 5418 1679 5489 pollicitationi
1709 5426 1812 5472 tam
1834 5419 1904 5473 in~

324 5571 409 5682 αἱ
454 5571 726 5681 v‘ilgnierins
761 5572 881 5636 legit
924 5581 978 5624 ut
1026 5579 1107 5623 BB.
1166 5583 1219 5625 At
1270 5581 1438 5623 Juven.
1478 5608 1492 5633 ,
1551 5573 1770 5640 disjunge
1824 5576 1904 5628 bo-

389 5667 421 5725 ῗ
594 5692 958 5745 luculentorum.
975 5698 1137 5758 Aptius
1157 5702 1284 5759 Mss...
1310 5695 1654 5761 opulentorum.

586 5772 857 5835 ΡΑΤιιοι..
891 5778 1080 5840 XLV.

1665 294 1861 349 LlBElt
1901 247 2190 349 ssitrus.

3427 286 3563 353 1578

1993 401 2244 456 decenter
2272 401 2571 455 contrarius
2612 400 2883 472 legereris.
2914 401 3018 458 Sed
3062 416 3223 475 perge
3247 445 3262 470 ,
3296 403 3475 475 profer
3502 406 3558 463 in

1982 491 2239 557 medium,
2264 500 2447 546 contra
2482 505 2640 562 quam
2671 493 2990 561 promisisti,
3020 508 3141 563 qua:
3184 504 3370 564 postea
3408 497 3561 568 cogi-

1982 581 2124 636 tasti.
2155 581 2249 637 Dic
2284 582 2686 651 partttritionum
2719 582 2952 637 laborem
2979 598 3078 654 pro
3107 586 3425 654 parientium
3439 602 3561 644 cor-
3590 616 3607 633 ο

1982 674 2203 744 poribus
2228 674 2534 743 viribusque
2564 674 2786 741 variari;
2807 685 2964 745 atque
2986 676 3057 730 ita
3086 673 3332 734 describe
3366 678 3553 735 barba-

1981 780 2068 819 ras
2091 766 2423 837 rusticasque
2457 766 2682 822 feminas
2712 767 2762 821 in
2791 767 3041 824 facilitate
3064 770 3325 839 pariendi,
3366 780 3419 826 nt
3448 786 3550 830 nec

1981 856 2246 925 parturire
2275 857 2591 923 videantur;
2636 873 2699 912 ac
2737 874 2834 928 per
2880 859 2984 915 hoc
3020 876 3125 913 non
3155 876 3375 931 parvutn
3405 864 3558 920 dolo-

1980 960 2094 999 rem
2119 945 2172 999 in
2203 946 2456 1016 pariendo
2477 949 2677 1004 sentire
2696 987 2711 1015 ,
2741 949 2833 1004 sed
2852 950 3073 1005 nullum.
3106 951 3258 1019 Quod
3285 955 3328 1007 si
3360 955 3428 1008 ita
3452 965 3553 1021 est,

1981 1036 2106 1104 quid
2132 1045 2183 1091 te
2207 1036 2461 1106 adjuvat?
2491 1053 2670 1094 nonne
2707 1048 2892 1096 contra
2921 1049 2971 1096 te
2998 1042 3170 1111 ipsum
3199 1044 3559 1117 loqueris,qni

1981 1127 2199 1184 dolores
2248 1129 2379 1184 istos
2409 1130 2478 1185 ita
2507 1132 2781 1186 naturales
2812 1147 2931 1187 esse
2957 1133 3139 1189 dixisti
3168 1177 3182 1201 ,
3224 1146 3282 1190 ut
3312 1138 3427 1192 sine
3456 1138 3562 1193 illis

1982 1218 2091 1273 Eva
2112 1234 2296 1288 parere
2323 1236 2426 1276 non
2462 1231 2659 1292 posset,
2692 1224 2902 1278 etiamsi
2934 1225 2985 1280 in
3015 1228 3261 1296 paradiso
3293 1230 3432 1284 nulla
3466 1231 3569 1286 itii-

1983 1311 2184 1380 quitate
2229 1322 2532 1383 perpetrata
2562 1315 2910 1384 persisterct?
2940 1317 3204 1390 Numquid
3232 1321 3483 1377 barbaras
3506 1336 3571 1378 ac

1983 1402 2206 1457 rusticas
2242 1412 2359 1457 tuas
2382 1404 2469 1458 illa
2502 1406 2669 1475 prima
2709 1409 2934 1463 muliere
2978 1410 3031 1464 in
3079 1412 3177 1467 hac
3210 1427 3268 1468 re
3297 1412 3566 1470 feliciores

1982 1504 2102 1546 esse
2127 1491 2370 1547 dicturus
2391 1510 2479 1562 es,
2518 1505 2571 1550 ut
2596 1497 2648 1550 in
2693 1496 2778 1553 his
2804 1502 3120 1557 :erumnosis
3151 1512 3247 1558 teri
3263 1504 3306 1559 is
3335 1506 3449 1558 sine
3473 1504 3571 1558 do-

1983 1580 2098 1637 lore
2145 1583 2393 1653 pariant,
2438 1586 2578 1655 quod
2621 1588 2671 1641 in
2702 1589 2967 1658 paradiso,
3002 1592 3045 1646 si
3077 1605 3287 1663 pareret
3317 1595 3428 1661 illa,
3458 1609 3568 1651 non
3653 1630 3661 1641 -

1984 1673 2209 1741 posset?
2237 1684 2486 1745 tanquam
2529 1677 2580 1731 in
2613 1679 2729 1733 istis
2758 1687 2947 1735 natura
2985 1682 3055 1736 sit
3089 1691 3289 1738 mutata
3332 1685 3561 1740 feminea

1984 1762 2038 1817 in
2070 1763 2258 1820 melius
2287 1781 2445 1835 quam
2477 1765 2649 1823 fuerat
2679 1769 2916 1826 instituta
2938 1812 2953 1837 ,
3003 1773 3225 1844 plusque
3252 1777 3475 1831 valuerit
3510 1776 3567 1832 in

1986 1868 2050 1908 ea
2099 1856 2350 1911 n'iutanda
2377 1858 2609 1912 humana
2645 1864 2663 1891 ‘
2685 1863 3018 1930 exercitatio,
3046 1881 3204 1934 quam
3234 1867 3285 1920 in
3334 1869 3564 1923 creanda
3590 1862 3593 1865 ’

1984 1945 2161 2001 divina
2190 1950 2449 2017 operatio.
2471 1950 2527 2005 Si
2545 1967 2672 2008 vero
2694 1954 2746 2008 in
2767 1956 2869 2012 tuis
2896 1958 3072 2011 verbis
3092 1973 3197 2012 non
3228 1959 3308 2014 vis
3338 1958 3565 2031 intelligi

1986 2037 2102 2091 sine
2128 2036 2405 2093 doloribus
2431 2055 2619 2110 parere
2667 2042 2875 2099 feroces
2887 2055 3241 2117 agrestesque
3274 2049 3524 2104 mulieres
3549 2087 3567 2116 ,

1987 2135 2146 2197 atque
2166 2128 2246 2182 eis
2268 2129 2341 2182 ita
2368 2139 2573 2198 partum
2599 2133 2930 2189 tolerabilem
2953 2134 3267 2207 facilemque
3293 2139 3568 2205 concedis,

1988 2224 2047 2271 ut
2071 2226 2245 2272 tamen
2282 2232 2374 2273 eas
2412 2234 2534 2274 eum
2562 2223 2793 2291 pariunt,
2823 2223 3006 2280 dolere
3027 2224 3275 2292 fatearis;
3308 2229 3569 2298 ttumquid

1986 2306 2110 2363 ideo
2129 2317 2218 2363 est
2244 2309 2389 2364 nulla
2417 2326 2594 2381 poena,
2626 2314 2747 2383 quia
2773 2316 2948 2369 minor
2971 2315 3086 2370 est?
3111 2317 3233 2372 Sive
3253 2333 3380 2389 ergo
3397 2319 3572 2374 minus

1988 2400 2236 2468 doleant,
2261 2416 2382 2457 eum
2405 2405 2615 2473 pariunt
2638 2407 2751 2460 ista:
2780 2405 2998 2463 feminae
3019 2448 3035 2473 ,
3062 2410 3176 2489 sive
3219 2410 3336 2465 aliis
3359 2411 3573 2468 feminis

1989 2494 2243 2563 mquales,
2278 2495 2361 2550 vel
2393 2511 2577 2551 earum
2624 2498 2783 2553 etiam
2819 2499 3131 2568 quibusdam
3158 2502 3390 2571 majores
3415 2502 3573 2559 doleo

1989 2598 2104 2650 res,
2136 2597 2440 2655 comparata
2462 2603 2561 2659 per
2579 2591 3016 2647 exercitationem
3047 2594 3377 2662 fortitudine,
3408 2596 3573 2652 mira-

1988 2673 2167 2731 biliter
2192 2675 2400 2744 ferant,
2430 2694 2529 2735 nec
2561 2680 2652 2736 illo
2682 2682 2922 2737 cruciatu
2956 2682 3244 2755 fatigentur
3270 2693 3429 2757 atque
3458 2687 3575 2743 lan-

1988 2774 2282 2836 guescant;
2326 2768 2509 2825 dolent
2554 2780 2767 2838 tamen,
2796 2781 2850 2828 et
2879 2775 3059 2845 utique
3080 2790 3268 2832 omnes
3288 2776 3532 2832 dolentes
3554 2814 3571 2845 ,

1993 2869 2088 2912 seu
2121 2859 2287 2929 magis
2325 2875 2420 2916 seu
2458 2862 2634 2917 minus
2674 2862 2937 2932 doleant,
2997 2867 3228 2937 majores
3273 2867 3579 2924 minoresve

1992 2964 2198 3020 poenas,
2228 2952 2320 3007 sed
2361 2962 2535 3008 tamen
2563 2969 2769 3024 poenas,
2794 2957 2816 2988 ²
2849 2957 2966 3012 sine
2991 2958 3096 3012 ulla
3123 2959 3452 3016 dubitatione
3481 2975 3580 3031 pa-

1993 3044 2215 3097 tiuntur.
2244 3043 2328 3097 Tu
2374 3055 2553 3099 autem
2600 3046 2645 3100 si
2677 3054 2728 3101 te
2754 3048 3021 3117 cogitares
3042 3090 3057 3115 ,
3112 3065 3217 3104 non
3258 3051 3400 3115 dico,
3431 3050 3581 3105 ebri-

1993 3131 2223 3186 stianum
2244 3175 2258 3198 ,
2317 3132 2411 3187 sed
2434 3133 2875 3204 qualemcumque
2901 3135 3193 3202 hominem,
3224 3138 3428 3194 facilius
3459 3141 3579 3194 nul-

1996 3220 2108 3275 lum
2139 3235 2259 3276 esse
2295 3221 2646 3277 contenderes
2671 3224 2974 3293 paradisum
2999 3225 3115 3293 Dei,
3158 3242 3315 3296 quam
3342 3243 3463 3282 cum
3494 3226 3579 3283 fa-

1995 3324 2148 3366 ceres
2174 3320 2258 3365 tua
2290 3311 2545 3382 sacrilega
2574 3312 2933 3383 diSputatione
2964 3317 3252 3385 poenalem.
3291 3317 3580 3389 Eleganter

1994 3413 2124 3455 sane
2160 3398 2353 3455 divites
2399 3401 2542 3456 viros
2593 3403 2660 3457 ab
2729 3403 3070 3459 hazreditario
3134 3405 3294 3476 primi
3344 3406 3580 3464 hominis

1998 3492 2178 3547 labore
2205 3491 2466 3560 defendis,
2496 3492 2746 3564 ignorans
2771 3534 2786 3562 ,
2820 3504 2911 3551 aut
2942 3505 2993 3552 te
3021 3497 3160 3554 scire
3188 3498 3529 3555 dissimulans
3552 3539 3570 3567 ,

2002 3580 2233 3639 amarius
2263 3585 2506 3641 laborare
2551 3587 2964 3658 cogitationibus
2990 3589 3187 3646 divites
3211 3630 3227 3659 ,
3263 3604 3422 3662 quam
3454 3607 3585 3664 ope-

2000 3675 2296 3730 rationibus
2318 3690 2599 3745 pauperes.
2625 3676 2852 3734 Nomine
2874 3680 3072 3750 quippe
3101 3680 3313 3736 sudoris
3352 3696 3586 3752 genera-

1999 3766 2105 3820 lem
2133 3778 2285 3819 sacra
2306 3765 2579 3836 Scriptura
2604 3767 2923 3838 significavit
2948 3770 3189 3826 laborem
3209 3811 3223 3836 ,
3268 3785 3297 3825 a
3323 3787 3433 3842 quo
3460 3773 3586 3828 nul-

2002 3855 2087 3910 lus
2118 3855 2396 3910 hominum
2426 3865 2509 3912 est
2549 3857 2820 3925 immunis,
2852 3872 2972 3913 cum
2999 3860 3088 3914 alii
3120 3860 3368 3925 laborant
3404 3862 3585 3932 operi-

2002 3946 2102 4001 bus
2127 3946 2275 4002 duris
2301 3986 2314 4011 ,
2341 3946 2430 4001 alii
2455 3946 2863 4004 sollicitantibus
2881 3950 3044 4005 curis.
3073 3950 3153 4006 Ad
3183 3950 3401 4008 eosdem
3430 3953 3586 4010 labo-
3651 3981 3661 3989 -

2001 4052 2090 4093 res
2109 4038 2377 4109 pertineat
2407 4038 2568 4094 etiam
2596 4039 2771 4095 studia
2797 4056 3133 4114 quorumque
3149 4043 3490 4100 discentium.
3514 4044 3584 4100 Et

2001 4142 2120 4198 quae
2141 4128 2278 4197 parit
2302 4127 2416 4183 haec
2437 4168 2452 4191 ,
2481 4129 2581 4184 nisi
2615 4139 2754 4185 terra
2781 4131 2916 4199 haec,
2945 4147 3105 4203 quam
3150 4117 3411 4190 formator
3434 4134 3575 4206 ejus,

2002 4216 2213 4288 quando
2244 4217 2470 4288 primum
2498 4217 2770 4276 hominem
2797 4221 3065 4291 condidit,
3089 4238 3195 4279 non
3223 4222 3426 4280 fecerat
3443 4230 3583 4281 one-

2003 4311 2216 4365 rosam?
2244 4311 2393 4366 Nunc
2418 4326 2562 4377 vero,
2600 4313 2739 4368 sicut
2767 4314 3024 4384 scriptum
3053 4323 3157 4380 est,
3183 4314 3379 4384 Corpus
3400 4332 3583 4371 σοι-ηι-
3664 4362 3665 4367 η

2005 4401 2177 4472 ptibile
2193 4411 2433 4473 aggravat
2461 4398 2704 4469 aninuim,
2727 4389 3031 4474 et'dep‘rimit
3057 4413 3257 4459 terrena
3273 4396 3576 4462 inltaoitatio

2003 4506 2201 4545 sensum
2221 4493 2385 4545 multa
2400 4490 2735 4561 cogitantem;
2775 4501 2822 4546 ει
2847 4491 3117 4562 difﬁculter
3137 4494 3445 4550 (estinterim:
3466 4512 3582 4567 quae

2002 4579 2056 4633 in
2077 4590 2210 4635 terra
2236 4591 2354 4636 sunt
2372 4621 2385 4646 ,
2416 4591 2463 4635 et
2490 4594 2602 4651 quat
2621 4581 2676 4635 in
2705 4591 2971 4651 prospectu
3000 4592 3136 4650 sunt,
3161 4585 3443 4639 invenimus
3468 4601 3585 4641 cum

2005 4672 2174 4727 labore
2197 4671 2352 4744 (Sap.
2384 4688 2464 4738 ix,
2494 4673 2585 4737 45,
2621 4668 2732 4744 16).
2770 4672 2895 4728 Sive
2916 4687 3045 4744 ergo
3065 4674 3246 4741 utiles,
3278 4674 3395 4732 sive
3420 4676 3583 4732 inuti-

2006 4763 2085 4818 les
2103 4776 2462 4833 qnascumque
2490 4762 2760 4818 doctrinas
2785 4764 3000 4820 studeat
3024 4765 3188 4821 homo
3214 4762 3445 4834 discere,
3485 4780 3588 4838 ag-

2005 4863 2260 4923 gravante
2294 4853 2525 4907 animam
2577 4855 2910 4925 corruptibili
2963 4869 3211 4926 corpore,
3247 4870 3470 4912 necesse
3505 4866 3595 4915 est

2006 4945 2230 5001 laboret.
2259 4945 2518 5013 Quocirca
2545 4946 2706 5000 etiam
2747 4947 2826 5001 sic
2851 4947 2899 5001 ei
2924 4955 3065 5001 terra
3095 4946 3196 5001 ista
3221 4948 3405 5018 spinas
3425 4949 3590 5019 parit.

2006 5035 2115 5091 Nec
2149 5035 2216 5091 ab
2251 5036 2334 5090 his
2359 5036 2528 5106 spinis
2567 5036 2758 5091 divites
2785 5034 3034 5091 dicantur
3063 5036 3258 5095 alieni:
3281 5040 3583 5111 praesertim

2008 5129 2128 5200 quia
2157 5130 2342 5199 spinas
2395 5129 2512 5184 illas
2543 5129 2594 5183 in
2631 5126 2941 5197 Evangelio,
2973 5129 3169 5200 quibus
3209 5130 3350 5203 jacta
3379 5131 3584 5187 semina

2009 5237 2076 5276 ne
2120 5219 2185 5276 ad
2215 5219 2593 5276 fecunditatem
2629 5221 2942 5290 perveniant
2967 5263 2983 5289 ,
3010 5224 3401 5293 opprimuntur,
3430 5237 3588 5278 curas

2008 5327 2128 5368 esse
2157 5313 2309 5383 hujus
2326 5313 2447 5368 vitae
2477 5322 2531 5368 et
2556 5312 2940 5369 sollicitudines
2967 5313 3273 5368 divitiarum
3299 5313 3439 5369 Deus
3463 5328 3580 5368 nta-

1982 5408 2172 5477 gister
2195 5404 2410 5476 exponit
2432 5404 2648 5475 (Matth.
2694 5420 2807 5472 xm,
2836 5404 2933 5476 22)
2957 5422 2972 5472 ;
3008 5405 3097 5476 qui
3126 5412 3271 5460 certe
3300 5418 3405 5457 non
3445 5403 3592 5460 solos

2065 5518 2091 5590 ,ιν
2118 5518 2401 5579 \‘ignlerins.
2422 5516 2652 5590 mutanda
2674 5516 2976 5580 exercitatio;
2986 5518 3179 5575 omisso,
3193 5514 3425 5577 humana;
3443 5518 3591 5568 resti-

2008 5586 2158 5629 tuitur
2182 5592 2244 5641 ex
2269 5586 2615 5641 manuscriptis.

2073 5642 2093 5672 ί
2126 5646 2189 5689 Ex
2222 5639 2667 5702 'manuserijorum
2709 5639 2801 5690 fide
2850 5639 3100 5699 addimus,
3151 5640 3236 5688 sed
3291 5646 3449 5691 tamen
3491 5642 3594 5698 ρω·
3657 5685 3665 5695 .

2011 5712 2116 5751 ηαδ.

2967 5782 3415 5864 (εἰηρααητοθ
