3958 6188
346 277 488 336 1579

346 403 642 463 pauperes.
682 401 866 442 verum
892 383 1052 439 etiam
1075 381 1460 436 'divitesvocat
1503 376 1710 440 dicens,
1749 373 1921 430 Venite

303 476 314 534 ἒ
346 483 414 536 ad
437 498 536 545 me,
559 493 730 534 omnes
749 477 836 547 qui
855 473 1112 529 laboratis.
1144 471 1369 540 Propter
1389 467 1514 538 quid
1541 475 1720 522 autem
1743 473 1921 529 vocat,

307 586 313 644 ς
349 575 451 632 nisi
491 571 632 644 quod
661 569 816 640 paulo
841 574 961 638 post
988 565 1119 620 dicit
1144 605 1159 630 ,
1188 563 1251 617 Et
1276 560 1536 616 invenietis
1562 558 1784 627 requiem
1809 555 1927 609 ani-

309 641 314 649 ’
346 641 702 722 ηωιαέυειιτίε
717 659 930 733 (Matth.
951 657 1130 725 11,28,
1146 656 1240 724 29)
1253 655 1277 709 ?
1291 652 1513 722 Quando
1529 652 1668 706 istud
1684 649 1807 715 erit,
1823 646 1926 701 nisi

347 755 559 827 quando
585 751 856 821 corruptio
880 763 1193 819 corporum,
1221 761 1340 815 quae
1365 758 1510 798 nunc
1532 748 1782 811 aggravat
1802 738 1921 792 ani-

345 860 480 910 mas,
512 860 618 899 non
661 841 801 898 erit?
824 839 978 896 Nunc
1003 851 1132 892 vero
1165 837 1408 891 laborant
1436 845 1731 904 pauperes,
1769 829 1921 884 labo-

343 945 464 992 rant
491 935 701 1002 divites,
732 933 973 987 laborant
997 930 1147 1001 justi,
1175 928 1422 983 laborant
1460 925 1646 994 iniqui,
1672 921 1923 977 laborant

344 1031 543 1101 magni,
571 1029 818 1085 laborant
844 1027 1041 1098 pusilli,
1074 1039 1104 1078 a
1134 1023 1220 1078 die
1243 1022 1419 1078 exitus
1447 1020 1463 1052 ⁸
1492 1019 1559 1074 de
1586 1025 1776 1072 ventre
1811 1030 1925 1068 ma-

351 1121 449 1176 tris
475 1135 680 1186 eorum,
713 1133 883 1188 usque
911 1118 962 1172 in
991 1116 1132 1170 diem
1159 1112 1446 1183 sepulturze
1471 1108 1526 1164 in
1556 1116 1779 1162 matrem
1808 1121 1924 1159 om-

345 1212 512 1266 nium.
545 1211 674 1266 Tam
705 1209 901 1280 quippe
931 1206 1218 1275 malignum
1267 1210 1350 1258 est
1394 1200 1497 1255 hoc
1546 1197 1822 1262 sacculum,
1865 1204 1922 1249 ιιι

345 1303 447 1358 nisi
473 1302 670 1360 exitum
699 1300 824 1354 hinc
853 1297 1029 1364 fuerit,
1048 1295 1308 1367 promissa
1327 1291 1539 1361 requies
1557 1287 1709 1343 nobis
1733 1287 1924 1340 adesse

343 1412 448 1452 non
484 1393 652 1465 possit
683 1411 698 1450 :
727 1389 968 1463 quamvis
1000 1403 1096 1460 per
1117 1383 1610 1458 praevaricationem
1634 1378 1788 1450 primi
1823 1377 1920 1430 bo-

342 1488 502 1543 minis
548 1485 700 1541 labor
747 1482 976 1554 posteris
1013 1482 1129 1550 ejus
1179 1475 1492 1541 advenerit;
1537 1484 1713 1528 tamen
1762 1471 1922 1525 etiam

344 1588 492 1634 reatu
519 1573 968 1647 prtcvaricationis
997 1573 1138 1626 illius
1166 1584 1326 1640 quem
1357 1567 1617 1622 traximus
1642 1563 1754 1634 jam
1775 1562 1922 1617 solu-

342 1681 418 1737 to,
445 1681 502 1726 ut
531 1670 654 1726 ﬁdei
671 1684 893 1725 examen
915 1674 1246 1730 exerceatur,
1270 1665 1422 1720 labor
1443 1670 1684 1718 remanet
1708 1656 1774 1712 ad
1801 1671 1922 1713 cer-

343 1772 542 1817 tamen.
591 1760 815 1830 Oportet
844 1759 985 1814 enim
1027 1772 1135 1813 nos
1177 1764 1396 1810 certare
1417 1769 1538 1809 cum
1567 1751 1745 1818 vitiis,
1777 1757 1832 1804 et
1868 1748 1921 1804 in

345 1857 464 1924 ipso
482 1853 774 1908 certamine
799 1851 1038 1906 laborare
1057 1893 1073 1917 ,
1104 1849 1274 1904 donec
1300 1847 1531 1903 donetur
1559 1845 1713 1900 nobis
1735 1843 1922 1899 adver-

340 1945 540 2000 sarium
567 1959 671 1997 non
704 1942 919 1998 habere.
948 1940 1283 2011 Quapropter
1329 1947 1388 1992 ut
1436 1936 1561 1991 boni
1590 1935 1920 2005 praeliatores

342 2033 702 2104 perducantur
740 2032 808 2087 ad
836 2031 1075 2102 prtemia,
1109 2029 1366 2100 supplicia
1395 2035 1672 2082 vertuntur
1698 2025 1750 2079 in
1775 2034 1914 2094 pra:-

341 2126 430 2180 lia.
463 2124 806 2181 Parvulornm
845 2136 1073 2194 quoque,
1115 2121 1289 2176 soluto
1318 2127 1468 2174 reatu
1497 2115 1764 2187 originali,
1798 2129 1925 2184 pro-

341 2225 520 2284 pterea
552 2214 762 2268 labores
800 2220 1016 2268 ntaneut
1045 2253 1060 2279 ,
1093 2210 1336 2281 quamvis
1377 2223 1442 2264 ex
1498 2208 1614 2278 ipso
1640 2215 1790 2262 reatu
1819 2205 1918 2260 do-

339 2312 562 2360 ceantur
603 2303 814 2366 exorti;
864 2302 986 2373 quia
1022 2301 1180 2357 etiam
1219 2301 1299 2354 sic
1349 2299 1459 2354 Deo
1511 2297 1708 2367 placuit
1760 2294 1920 2350 ﬁdem

341 2396 568 2465 probare
594 2394 858 2462 majorum
884 2435 899 2460 ,
933 2407 963 2446 a
997 2391 1191 2463 quibus
1215 2391 1267 2447 ei
1293 2389 1590 2444 offeruntur
1610 2397 1666 2442 ut
1692 2401 1917 2456 regene-

342 2495 545 2541 rcntur.
591 2485 773 2552 Qualis
821 2477 876 2539 et
905 2493 1100 2553 quanta
1126 2481 1268 2537 ﬁdes
1287 2489 1435 2536 esset
1479 2495 1658 2535 rerum
1689 2478 1923 2533 invisibi-

338 2577 490 2642 lium,
524 2575 568 2630 si
597 2574 876 2630 invisibilis
901 2572 1262 2628 remuneratio
1287 2572 1541 2627 continuo
1565 2577 1915 2640 sequeretur;

338 2682 404 2722 ac
425 2683 530 2722 non
561 2665 737 2736 potius
755 2663 916 2718 dilata
944 2663 1129 2732 requie
1154 2678 1274 2733 quae
1297 2661 1641 2731 promittitur,
1674 2667 1922 2729 ageretur

340 2756 463 2812 ﬁdei
495 2756 768 2826 negotium
794 2769 916 2810 cum
943 2753 1130 2818 corde,
1155 2768 1260 2807 non
1290 2767 1411 2806 cum
1433 2751 1634 2816 oculis;
1658 2765 1720 2804 ac
1736 2749 1816 2804 sic
1839 2747 1922 2802 fu-

338 2857 516 2902 turum
538 2846 792 2901 sreculutn
811 2884 826 2910 ,
874 2843 962 2898 ubi
994 2842 1126 2896 nulli
1168 2843 1379 2897 labores
1403 2850 1581 2907 erunt,
1606 2841 1746 2910 quod
1774 2856 1910 2894 non-

337 2939 465 2994 dum
492 2937 755 3002 videmus,
780 2945 834 2990 et
857 2932 1170 2990 crederetur
1205 2933 1486 2999 sincerius,
1517 2941 1571 2987 et
1588 2931 1923 2986 desiderabi-

335 3030 445 3086 lius
462 3024 834 3098 quazreretur?
863 3027 938 3079 Ac
965 3039 1060 3094 per
1088 3023 1190 3078 hoc
1219 3023 1358 3078 Deus
1408 3022 1620 3076 labores
1654 3031 1881 3076 nostros
1902 3061 1918 3085 ,

335 3118 393 3174 id
417 3127 498 3174 est
527 3131 714 3188 pmnas
759 3123 988 3178 nostras,
1023 3113 1090 3169 ad
1129 3113 1387 3169 utilitates
1432 3122 1645 3168 nostras
1689 3109 1920 3165 mirabili

338 3208 662 3277 benignitate
684 3203 965 3260 convertit.
999 3203 1124 3258 lltec
1153 3201 1398 3256 refellere
1418 3201 1639 3270 cupiens
1667 3199 1924 3254 inutiliter

329 3310 394 3354 tu
420 3301 665 3354 laboras:
695 3297 908 3353 laboras
937 3297 1080 3351 enim
1106 3294 1364 3366 pariendo
1405 3295 1608 3363 spinas,
1641 3309 1744 3347 non
1773 3291 1918 3347 evel-

338 3391 533 3456 lendo;
556 3405 656 3444 nos
677 3397 851 3444 autem
872 3387 1178 3442 laboramus
1203 3396 1257 3440 ut
1284 3385 1468 3453 spinas
1490 3393 1606 3437 tuas
1625 3425 1637 3448 ,
1665 3391 1919 3452 quantum

336 3481 502 3536 donat
527 3480 800 3544 Dominus,
826 3477 1136 3533 evellamus.
1184 3475 1294 3530 Nisi
1320 3475 1456 3530 forte
1487 3475 1605 3530 ideo
1635 3490 1742 3529 non
1767 3474 1918 3528 labo-

335 3587 461 3627 rare
485 3580 545 3624 .te
569 3569 768 3639 jactas,
799 3568 1049 3638 quoniam
1077 3575 1154 3622 tot
1194 3567 1360 3621 libros
1397 3581 1586 3636 magna
1618 3567 1815 3637 ingenii
1845 3567 1921 3620 fa-

337 3664 537 3720 cilitate
563 3661 878 3727 conscribis,
917 3674 980 3714 ac
1007 3660 1149 3716 sicut
1176 3659 1279 3714 illm
1311 3657 1554 3714 barbara:
1583 3674 1646 3714 ac
1688 3660 1917 3714 rustica-

341 3772 424 3812 nte
452 3754 586 3810 fetus
607 3766 751 3818 suos,
795 3752 867 3807 ita
892 3760 948 3807 et
991 3760 1044 3805 tu
1075 3751 1191 3806 sine
1209 3749 1521 3805 difﬁcultate
1550 3750 1731 3820 Spinas
1757 3751 1914 3820 paris.

337 3846 441 3903 Sed
472 3853 598 3916 puto
617 3842 758 3914 quod
791 3849 842 3897 te
867 3841 935 3897 de
961 3841 1156 3911 ingenii
1184 3839 1436 3895 facilitate
1461 3840 1690 3894 inaniter
1707 3839 1876 3909 jactes
1899 3855 1914 3904 ;

339 3950 558 4007 prorsus
586 3933 837 3990 laboras:
867 3930 1137 4003 quomodo
1181 3930 1326 3986 enim
1356 3931 1468 4001 agis
1514 3939 1573 3984 ut
1619 3945 1727 3984 non
1765 3930 1914 3984 labo-

335 4042 446 4094 res,
476 4023 567 4096 qui
593 4024 751 4079 etiam
777 4021 990 4078 conaris
1037 4021 1375 4076 introducere
1420 4021 1473 4074 in
1503 4019 1803 4089 paradisum
1835 4020 1915 4073 la-

338 4116 533 4172 bores?
563 4113 694 4169 Nam
723 4113 906 4184 utique
926 4127 1015 4169 res
1043 4111 1142 4166 ista
1166 4121 1365 4181 quanto
1391 4111 1768 4180 impossibilior
1787 4126 1916 4181 pro-

337 4210 513 4275 batur,
543 4214 692 4262 tanto
723 4213 844 4260 tuus
864 4203 1014 4258 labor
1037 4211 1093 4260 et
1115 4201 1364 4272 amplior,
1385 4212 1438 4258 et
1465 4201 1676 4257 inanior
1701 4202 1912 4256 inveni-

248 4333 257 4373 ς
337 4312 441 4357 ιιιτ.

407 4389 576 4448 XXX.
605 4388 726 4447 Jun.
760 4386 911 4443 Haud
936 4399 1067 4442 sane
1114 4383 1494 4456 impugnavero
1519 4395 1614 4438 eos
1637 4383 1728 4454 qui
1755 4392 1916 4439 autu-

337 4489 484 4538 mant
510 4479 703 4548 Adam,
733 4479 779 4534 si
799 4478 942 4534 dicto
957 4475 1180 4532 audiens
1202 4475 1496 4532 exstitisset
1510 4514 1525 4539 ,
1548 4473 1615 4528 ad
1641 4474 1913 4530 immorta-

336 4575 542 4628 litatem
575 4571 810 4640 potuisse
830 4585 928 4640 pro
956 4568 1386 4626 remuneratione
1406 4565 1704 4623 transferri.
1727 4565 1915 4622 Enocb

333 4664 534 4737 quippe
584 4670 638 4718 et
677 4660 850 4716 Eliam
894 4661 1178 4716 translatos
1232 4660 1496 4730 legimus,
1548 4675 1618 4715 ne
1668 4659 1913 4715 viderent

341 4764 596 4812 mortem.
627 4753 824 4809 Verum
853 4751 996 4807 aliud
1040 4761 1163 4807 sunt
1209 4751 1445 4806 instituta
1495 4759 1735 4819 natum,
1766 4753 1910 4808 aliud

339 4846 560 4918 praemia
603 4843 943 4900 obedientite.
980 4840 1097 4898 Non
1128 4850 1212 4898 est
1237 4843 1377 4898 enim
1407 4843 1537 4899 tanti
1563 4843 1720 4899 unius
1749 4843 1912 4899 meri~

338 4947 474 5007 tum,
503 4948 561 4994 ut
588 4937 835 4994 universa
883 4950 1002 5006 quae
1046 4934 1358 4990 naturaliter
1382 4945 1506 4990 sunt
1533 4934 1768 4989 instituta
1794 4950 1914 5004 per-

335 5031 535 5086 turbet.
565 5030 905 5085 Exercuisset
928 5043 988 5084 se
1039 5028 1198 5098 igitur
1223 5028 1275 5082 in
1319 5027 1537 5098 reliquis
1563 5027 1740 5082 innata
1767 5042 1913 5082 mor-

334 5121 532 5187 talitas,
563 5119 772 5175 etiamsi
798 5119 1002 5188 primus
1023 5118 1114 5174 ille
1136 5117 1188 5172 in
1213 5120 1567 5172 aeternitatem
1593 5132 1624 5172 a
1643 5116 1911 5172 diuturni-

336 5223 444 5270 tate
474 5212 776 5283 migrasset.
823 5208 939 5264 Non
971 5210 1239 5265 inﬁciabili
1277 5209 1606 5278 conjectura,
1635 5208 1727 5264 sed
1761 5216 1911 5264 certo

334 5322 422 5362 res
453 5313 666 5361 tenetur
692 5299 940 5370 exemplo
963 5317 976 5352 :
1000 5300 1260 5370 siquidem
1285 5299 1472 5355 Enocli
1499 5299 1613 5366 ﬁlii,
1633 5299 1912 5353 immorta-

331 5399 479 5453 litate
496 5394 733 5468 parentis
755 5409 862 5449 non
905 5400 1192 5462 potuerunt
1211 5391 1380 5448 asseri
1407 5407 1437 5446 a
1464 5390 1771 5448 conditione
1799 5406 1914 5446 mo-

341 5489 527 5544 riendi.
555 5487 672 5544 Nec
701 5485 830 5542 illud
855 5483 993 5540 forte
1019 5490 1237 5554 putetur
1257 5497 1562 5551 occurrere,
1593 5483 1846 5554 quoniam
1867 5485 1912 5540 si

325 5622 415 5732 δὲ
669 5628 720 5670 ιιι
764 5621 924 5684 vign.,
969 5615 1186 5668 laborant
1215 5614 1358 5679 jttti,
1393 5614 1544 5679 iniqni
1585 5622 1631 5667 et
1671 5610 1862 5681 pusilli,
1885 5631 1917 5670 a

1017 268 1262 327 OPERIS
1303 262 1710 323 IMPERFECTI
1748 260 2018 318 CONTRA
2058 261 2416 328 JULIANUM,
2448 263 2505 319 S.
2549 263 2919 320 AUGUSTINI

3479 268 3613 323 1580

2035 389 2139 426 non
2171 385 2497 442 peccatores,
2544 375 2672 445 justi
2721 383 2902 430 tamen
2931 389 3119 430 omnes
3145 373 3211 430 ad
3238 375 3612 433 immortalita-

2036 470 2142 517 tem
2169 462 2285 518 sine
2327 464 2619 519 intercesstt
2644 466 2937 534 corporalis
2970 465 3335 534 dissipationis
3363 468 3379 497 ¹
3417 468 3610 522 evade-

2031 563 2154 610 rent
2184 573 2196 608 :
2221 556 2482 625 siquidem
2523 557 2655 611 Abel
2703 558 2971 625 justorum
3012 558 3237 627 primus,
3281 557 3416 623 Noe,
3444 560 3612 612 Abra-

2032 635 2178 712 ltam,
2212 644 2378 711 Isaac,
2407 644 2593 711 Jacob,
2618 653 2670 698 ct
2691 647 2866 700 omnia
2896 656 3202 700 sanctorum
3229 647 3438 716 agmina
3459 689 3473 711 ,
3506 658 3609 701 tam

2033 735 2084 790 in
2139 753 2276 790 novo
2320 753 2476 807 quam
2527 738 2578 792 in
2618 731 2808 793 Vetere
2847 736 3220 804 Testamento,
3274 748 3326 794 et
3361 739 3609 794 meritum

2031 841 2183 882 suum
2233 829 2537 891 virtutibus,
2571 838 2624 882 et
2652 839 2892 883 naturam
2929 839 3101 884 morte
3127 829 3445 884 doetterunt.
3476 828 3609 882 Rem

2031 919 2084 973 in
2127 919 2372 973 absoluto
2425 906 2877 990 positam‘Christi
2920 934 3130 990 quoque
3156 918 3491 974 conﬁrmavit
3518 935 3612 972 au.

2029 1009 2267 1063 ctoritas.
2292 1009 2424 1064 Nam
2447 1025 2570 1064 cum
2591 1011 2638 1064 ei
2668 1009 2944 1064 Sadducrci
2971 1012 3323 1080 quaestionem
3355 1009 3607 1079 exemplo

2029 1100 2324 1168 scptinubtr.
2342 1101 2915 1166 mulierisintulissent,
2949 1111 3216 1172 rogantes,
3249 1102 3295 1157 si
3322 1117 3608 1173 corporum

2029 1192 2277 1246 cxcitatio
2302 1192 2642 1258 crederetur,
2673 1209 2700 1245 a
2732 1208 2838 1264 quo
2883 1195 3074 1249 marito
3102 1203 3243 1250 esset
3273 1195 3606 1264 potissimum

2030 1279 2365 1347 vindicanda,
2399 1282 2674 1351 respondit
2703 1300 2715 1334 :
2754 1281 2970 1348 Erratis,
2997 1284 3268 1338 nescientrs
3292 1283 3605 1352 Scripturas,

2028 1374 2187 1442 neque
2210 1371 2301 1426 Dei
2326 1373 2590 1438 virtutem;
2615 1374 2666 1427 in
2692 1376 3051 1429 resurrectione
3073 1376 3203 1428 enim
3229 1374 3606 1445 nequettubettt,

2029 1479 2188 1532 neque
2210 1479 2393 1517 uxores
2420 1463 2664 1533 accipient
2689 1482 2704 1528 ;
2746 1480 2904 1534 neque
2932 1464 3064 1518 enim
3088 1466 3364 1520 morientur
3391 1458 3606 1536 (Matth.

2028 1567 2163 1616 xxn,
2185 1551 2272 1617 29,
2301 1552 2390 1616 50,
2425 1563 2469 1606 et
2489 1551 2617 1606 Luc.
2650 1569 2739 1619 xx,
2763 1549 2853 1619 35,
2876 1546 2991 1624 36).
3015 1555 3274 1610 Conscius
3305 1556 3483 1624 operis
3502 1557 3605 1620 sui,

2030 1650 2250 1710 propter
2274 1641 2398 1711 quid
2428 1641 2672 1712 conjugia
2701 1643 3018 1698 instituisset
3045 1644 3330 1714 expressit,
3360 1643 3608 1698 videlicet

2032 1725 2088 1785 ut
2107 1731 2299 1785 damna
2343 1732 2529 1786 mortis
2561 1732 2726 1787 fetura
2756 1729 3064 1803 suppleret;
3096 1734 3272 1788 statim
3294 1743 3472 1788 autem
3493 1749 3609 1788 ces-

2031 1830 2202 1875 satum
2231 1821 2302 1877 iri
2337 1823 2640 1877 muniﬁcam
2693 1819 3096 1891 fecunditatem,
3128 1839 3248 1878 cum
3278 1839 3423 1878 mors
3449 1839 3606 1878 avara

2027 1914 2332 1968 cessaverit.
2365 1912 2420 1969 Si
2451 1929 2597 1985 ergo,
2627 1913 2837 1970 Christo
2873 1923 3006 1971 teste
3026 1916 3114 1985 qui
3135 1915 3390 1979 condidit,
3419 1911 3590 1970 fertili-

2028 2012 2108 2058 tas
2137 2005 2158 2036 ³
2190 2003 2259 2059 ob
2300 2003 2399 2058 hoc
2425 2013 2603 2060 creata
2646 2015 2765 2071 est,
2795 2013 2852 2060 ut
2878 2020 2998 2060 cum
3035 2005 3320 2076 fragilitate
3349 2005 3606 2077 conﬁnge-

2025 2101 2129 2160 ret,
2161 2103 2215 2148 et
2266 2093 2378 2149 haec
2405 2095 2638 2150 conditio
2665 2097 2966 2166 nuptiarum
2993 2106 3118 2152 ante
3163 2107 3438 2167 peccatum
3465 2097 3606 2153 ordi-

2027 2191 2146 2237 nata
2176 2193 2256 2238 est
2281 2200 2296 2249 ;
2343 2193 2564 2255 apparet
2596 2201 2806 2259 quoque
2837 2188 3211 2243 mortalitatem
3235 2205 3338 2244 non
3365 2189 3429 2242 ad
3459 2204 3600 2260 prae-

2026 2275 2403 2330 varicationem
2436 2283 2737 2347 ‘Spectare,
2783 2279 2877 2333 sed
2919 2279 2987 2334 ad
3024 2289 3271 2334 naturam
3336 2281 3404 2336 ad
3447 2296 3605 2351 quam

2025 2376 2267 2437 spectare.
2295 2367 2541 2438 leguntur
2570 2379 2623 2424 et
2651 2372 2868 2441 nuptias.
2901 2369 2992 2426 Illa
3039 2388 3164 2443 ergo
3193 2374 3279 2428 lex
3327 2389 3446 2444 qum
3479 2389 3606 2443 pro-

2027 2459 2259 2529 mulgata
2288 2469 2389 2527 est,
2423 2461 2474 2515 id
2501 2471 2583 2517 est
2609 2504 2623 2530 ,
2659 2462 2984 2536 Quacumque
3010 2465 3092 2519 die
3116 2482 3177 2520 ex
3199 2461 3464 2520 interdicto
3491 2456 3609 2521 ede-

2025 2550 2115 2612 ris,
2150 2560 2307 2606 morte
2335 2553 2560 2607 morieris
2589 2569 2608 2607 :
2632 2555 2856 2623 poenalis
2907 2570 3053 2611 mors
3097 2557 3406 2627 intelligitur
3433 2599 3448 2622 ,
3498 2570 3606 2612 non

2025 2643 2342 2712 corporalis;
2371 2643 2620 2712 peccatis,
2649 2659 2756 2698 non
2785 2646 3075 2701 seminibus
3096 2647 3378 2702 imminens
3402 2664 3417 2713 ;
3446 2663 3607 2718 quam

2027 2748 2132 2785 non
2163 2733 2383 2787 incurrit
2411 2733 2511 2788 nisi
2536 2735 2928 2806 praevaricatio,
2965 2751 3068 2796 non
3098 2737 3271 2791 evadit
3296 2737 3395 2792 nisi
3418 2754 3606 2793 emcn-

2025 2815 2190 2879 datio.
2221 2825 2315 2880 Die
2340 2835 2518 2881 autem
2551 2825 2751 2897 peccati
2781 2827 2921 2899 quod
2943 2828 3136 2885 dicitur
3163 2821 3457 2896 inferenda,
3487 2841 3610 2885 mos

2026 2909 2314 2985 Scriptura:
2339 2926 2438 2983 est,
2489 2933 2608 2987 quae
2635 2913 2941 2973 damnatum
2970 2920 3109 2974 solet
3133 2936 3323 2976 vocare
3348 2921 3604 2976 damnan-

2025 3005 2173 3060 dum.
2203 3005 2330 3062 Inde
2355 3016 2439 3062 est
2461 3010 2601 3078 quod
2628 3009 2680 3062 in
2713 3010 3006 3080 Evangelio
3035 3011 3287 3068 Dominus
3319 3055 3333 3079 ,
3389 3002 3567 3068 Omnis
3589 3055 3605 3081 ,

2027 3097 2218 3167 inquit,
2245 3100 2330 3170 qui
2359 3114 2460 3152 non
2502 3099 2769 3154 crediderit
2820 3101 2874 3154 in
2919 3118 3016 3166 me,
3061 3097 3172 3171 aiam
3204 3102 3468 3172 judicatus
3491 3107 3608 3169 est;

2025 3191 2142 3259 quia
2171 3207 2269 3244 non
2297 3191 2508 3246 credidit
2535 3193 2586 3246 in
2618 3195 2817 3247 nomine
2845 3195 3090 3263 unigeniti
3122 3195 3245 3250 Filii
3283 3189 3380 3251 Dei
3443 3197 3603 3252 Joan.

2026 3299 2103 3349 ut,
2136 3278 2245 3356 l3).
2274 3283 2390 3338 Non
2429 3285 2569 3355 quod
2601 3285 2881 3341 inﬁdelitas
2907 3286 3175 3342 Christum
3209 3304 3429 3360 negans,
3481 3301 3608 3345 ante

2029 3384 2235 3446 tempus
2263 3375 2469 3444 judicii,
2499 3378 2760 3447 supplicio
2790 3378 2973 3448 juncta
2997 3389 3139 3435 esset
3163 3390 3452 3450 perpetuo;
3481 3395 3604 3437 cum

2027 3480 2214 3520 omnes
2233 3467 2322 3536 qui
2351 3465 2416 3521 ad
2451 3457 2608 3523 ﬁdem
2637 3469 2877 3535 veniunt,
2906 3471 3052 3540 prius
3076 3470 3273 3526 fuerint
3312 3467 3554 3530 inﬁdeles
3580 3492 3594 3528 ε

2025 3554 2119 3610 sed
2149 3565 2205 3609 ιιι
2237 3570 2460 3610 censura
2508 3549 2862 3628 praecipientis
2893 3570 3161 3629 appareat,
3194 3561 3441 3618 dicuntur
3478 3575 3605 3634 pec-

2025 3657 2138 3703 cata
2163 3647 2271 3718 jam
2301 3664 2419 3704 esse
2439 3647 2714 3719 supplicia.
2750 3651 2987 3721 Denique
3020 3649 3188 3707 Adam
3221 3655 3412 3724 ipsum,
3445 3663 3494 3709 et
3519 3649 3606 3710 ille

2026 3729 2161 3793 liber
2185 3737 2274 3808 qui
2313 3739 2581 3808 Sapientia
2628 3738 2846 3808 dicitur,
2880 3751 2934 3796 et
2963 3743 3249 3798 multorum
3284 3745 3486 3815 Opinio,
3520 3761 3606 3802 se-

2025 3834 2144 3881 cula
2171 3829 2544 3884 emendatione
2579 3829 2768 3884 asserit
2802 3831 3071 3902 cXpiatum
3100 3831 3141 3887 ⁸.

2097 3913 2231 3974 Avo.
2260 3917 2316 3974 Si
2339 3934 2442 3972 non
2471 3935 2764 3991 oppugnas,
2794 3931 2848 3976 ut
2873 3921 3026 3988 dicis,
3055 3938 3151 3979 "eos
3180 3926 3269 3995 qui
3295 3925 3602 3982 existimant

2024 4006 2215 4072 Adam,
2245 4011 2287 4063 si
2315 4002 2454 4063 dicto
2476 4007 2696 4065 audiens
2722 4013 3033 4081 exstitisset,
3055 4015 3121 4069 ad
3137 4015 3602 4074 immortalitatem

2024 4117 2122 4172 pro
2139 4103 2569 4158 remuneratione
2618 4099 2853 4173 potuisse
2885 4106 3187 4175 transferri;
3217 4107 3465 4166 discerne
3504 4111 3603 4166 im-

2023 4192 2422 4256 mortalitatem,
2453 4193 2706 4263 majorem
2730 4195 2931 4252 scilicet
2949 4213 2980 4253 a
3005 4199 3228 4255 minore.
3259 4194 3395 4256 Nam
3424 4211 3480 4257 et
3504 4203 3602 4259 ista

2021 4299 2128 4339 non
2151 4283 2379 4340 absurde
2409 4284 2780 4342 immortalitas
2804 4281 3017 4356 dicitur,
3048 4305 3153 4361 qua
3181 4300 3358 4362 potest
3379 4287 3603 4364 quisque

2023 4388 2130 4428 non
2161 4374 2317 4441 mori,
2344 4373 2388 4428 si
2419 4389 2523 4428 non
2550 4371 2709 4431 faciat
2738 4377 2878 4434 unde
2903 4381 3181 4446 moriatur,
3207 4381 3450 4453 quamvis
3477 4400 3600 4455 pos-

2022 4465 2092 4521 sit
2119 4472 2174 4520 et
2203 4463 2399 4521 facere.
2448 4465 2504 4520 ln
2529 4465 2632 4521 hac
2662 4467 3060 4526 immortalitate
3082 4468 3182 4526 fuit
3217 4473 3389 4528 Adam
3420 4493 3433 4529 :
3465 4472 3601 4530 hanc

2023 4556 2476 4612 immortalitatem
2503 4558 2694 4612 merito
2721 4560 3169 4630 praevaricationis
3187 4564 3386 4619 amisit.
3413 4563 3537 4621 [11cc
3551 4568 3600 4620 ei
3640 4611 3644 4616 .

2022 4648 2521 4738 subministrabatur
2540 4649 2607 4706 de
2635 4650 2778 4722 ligno
2805 4653 2951 4720 vitae,
2983 4669 3014 4709 a
3040 4669 3145 4725 quo
3171 4671 3276 4711 non
3306 4665 3388 4713 est
3414 4656 3602 4728 probi—
3640 4641 3654 4748 ί

2022 4742 2187 4834 bitus,
2219 4740 2432 4834 quando
2462 4734 2632 4813 legem
2649 4741 2854 4834 bonam
2880 4787 2895 4812 ,
2946 4760 3012 4801 ne
3054 4757 3320 4816 peccaret,
3352 4749 3556 4818 accepit
3588 4789 3603 4811 ,

2021 4829 2117 4888 sed
2149 4830 2361 4902 quando
2404 4833 2541 4886 mala
2577 4831 2849 4888 voluntate
2879 4836 3116 4904 peccavit
3148 4853 3162 4890 :
3197 4846 3322 4894 tunc
3360 4838 3501 4894 enim
3532 4837 3602 4893 de
3653 4829 3663 4848 ³

2021 4922 2268 4993 paradiso
2291 4922 2493 4991 ejectus
2517 4930 2618 4989 est,
2649 4938 2716 4978 ne
2733 4923 3044 4979 extenderet
3063 4941 3278 4981 manum
3308 4928 3373 4981 ad
3402 4928 3600 4998 lignum

2022 5015 2163 5076 vitae,
2193 5021 2245 5068 et
2295 5013 2671 5080 manducaret,
2713 5023 2766 5068 et
2803 5015 3002 5070 viveret
3044 5017 3096 5070 in
3135 5023 3417 5075 internum.
3449 5019 3602 5076 Unde

2022 5104 2394 5175 intelligendus
2419 5091 2501 5159 est
2521 5103 2587 5158 de
2613 5103 2714 5159 hoc
2735 5105 2877 5174 ligno
2905 5107 3026 5161 vita:
3069 5108 3245 5163 solere
3273 5124 3488 5164 sumere
3517 5125 3607 5164 sa-

2021 5205 2387 5261 cramentum;
2413 5195 2480 5250 de
2519 5197 2730 5250 caneris
2757 5197 3087 5252 alimentum.
3119 5196 3194 5256 De
3221 5201 3338 5256 solo
3363 5203 3504 5257 enim
3534 5202 3601 5256 li-

2085 5374 2102 5402 ι
2143 5369 2292 5429 aditi,
2360 5366 2711 5432 disputationis.
2768 5370 3088 5422 Emendantur
3156 5387 3218 5424 ex
3283 5383 3365 5426 tus.
3440 5385 3595 5428 Porta-

2049 5448 2059 5471 l

2021 5445 2200 5542 “insic
2235 5499 2341 5556 Mss.
2363 5499 2420 5542 Αι
2445 5491 2578 5551 editi,
2604 5491 2865 5543 sterilitas:
2884 5503 3130 5556 corrupte.
3163 5526 3168 5530 -

2087 5558 2108 5586 ⁸
2129 5554 2323 5615 supple,
2343 5560 2388 5623 et
2407 5560 2801 5623 tmtten_ntortu_us
2813 5561 2900 5613 est,
2922 5563 2969 5623 ut
2986 5554 3456 5623 sciremuscorporis
3473 5572 3602 5623 mor-

2021 5626 2114 5666 tem
2136 5629 2228 5664 non
2251 5615 2488 5676 pertinere
2503 5615 2576 5680 ad
2595 5615 2881 5680 supplicium
2894 5615 3025 5667 illius
3048 5620 3250 5680 peccati,
3273 5615 3359 5671 sed
3381 5623 3446 5671 ad
3467 5621 3605 5672 insti-

2016 5681 2116 5726 tuta
2147 5683 2350 5738 naturas,
2370 5683 2424 5727 ut
2448 5677 2586 5738 infra,
2615 5677 2664 5726 in
2687 5677 3006 5741 responsione
3031 5677 3301 5744 Augustini.
