  <div class='ocr_page' id='page_1' title='image "/cluster/home/n/w/nwhite01/storage/ocr_20150623/45/hvd.32044096580667/304.png"; bbox 0 0 3970 6184; ppageno 0'>
   <div class='ocr_carea' id='block_1_1' title="bbox 330 301 453 358">
    <p class='ocr_par' dir='ltr' id='par_1_1' title="bbox 330 301 453 358">
     <span class='ocr_line' id='line_1_1' title="bbox 330 301 453 358; baseline -0.016 0"><span class='ocrx_word' id='word_1_1' title='bbox 330 301 453 358; x_wconf 74' lang='grc'><strong>1581</strong></span> 
     </span>
    </p>
   </div>
   <div class='ocr_carea' id='block_1_2' title="bbox 321 399 1894 486">
    <p class='ocr_par' dir='ltr' id='par_1_2' title="bbox 321 399 1894 486">
     <span class='ocr_line' id='line_1_2' title="bbox 321 399 1894 486; baseline -0.012 -16"><span class='ocrx_word' id='word_1_2' title='bbox 321 432 422 486; x_wconf 86' lang='lat' dir='ltr'><strong>gno</strong></span> <span class='ocrx_word' id='word_1_3' title='bbox 443 411 585 485; x_wconf 90' lang='lat' dir='ltr'><strong>quod</strong></span> <span class='ocrx_word' id='word_1_4' title='bbox 631 410 956 481; x_wconf 81' lang='lat' dir='ltr'><strong>appellatum</strong></span> <span class='ocrx_word' id='word_1_5' title='bbox 981 415 1062 463; x_wconf 89' lang='lat' dir='ltr'><strong>est</strong></span> <span class='ocrx_word' id='word_1_6' title='bbox 1100 403 1482 479; x_wconf 68' lang='lat' dir='ltr'><strong>dignoscentitu</strong></span> <span class='ocrx_word' id='word_1_7' title='bbox 1509 402 1634 458; x_wconf 91' lang='lat' dir='ltr'><strong>boni</strong></span> <span class='ocrx_word' id='word_1_8' title='bbox 1661 410 1711 456; x_wconf 88' lang='lat' dir='ltr'><strong>et</strong></span> <span class='ocrx_word' id='word_1_9' title='bbox 1745 399 1894 463; x_wconf 83' lang='lat' dir='ltr'><strong>mali,</strong></span> 
     </span>
    </p>
   </div>
   <div class='ocr_carea' id='block_1_3' title="bbox 324 491 1904 574">
    <p class='ocr_par' dir='ltr' id='par_1_3' title="bbox 324 491 1904 574">
     <span class='ocr_line' id='line_1_3' title="bbox 324 491 1904 574; baseline -0.01 -12"><span class='ocrx_word' id='word_1_10' title='bbox 324 524 422 562; x_wconf 82' lang='lat' dir='ltr'><strong>non</strong></span> <span class='ocrx_word' id='word_1_11' title='bbox 448 505 771 560; x_wconf 79' lang='lat' dir='ltr'><strong>titanducare</strong></span> <span class='ocrx_word' id='word_1_12' title='bbox 811 491 1130 574; x_wconf 75' lang='lat' dir='ltr'><strong>przcceptum</strong></span> <span class='ocrx_word' id='word_1_13' title='bbox 1161 509 1243 554; x_wconf 83' lang='lat' dir='ltr'><strong>est</strong></span> <span class='ocrx_word' id='word_1_14' title='bbox 1269 499 1337 553; x_wconf 85' lang='lat' dir='ltr'><strong>ei.</strong></span> <span class='ocrx_word' id='word_1_15' title='bbox 1388 498 1494 553; x_wconf 86' lang='lat' dir='ltr'><strong>Cur</strong></span> <span class='ocrx_word' id='word_1_16' title='bbox 1531 510 1657 565; x_wconf 83' lang='lat' dir='ltr'><strong>ergo</strong></span> <span class='ocrx_word' id='word_1_17' title='bbox 1685 501 1904 564; x_wconf 84' lang='lat' dir='ltr'><strong>putelttr</strong></span> 
     </span>
    </p>
   </div>
   <div class='ocr_carea' id='block_1_4' title="bbox 324 587 1905 666">
    <p class='ocr_par' dir='ltr' id='par_1_4' title="bbox 324 587 1905 666">
     <span class='ocr_line' id='line_1_4' title="bbox 324 587 1905 666; baseline -0.013 -11"><span class='ocrx_word' id='word_1_18' title='bbox 324 619 423 655; x_wconf 82' lang='lat' dir='ltr'><strong>non</strong></span> <span class='ocrx_word' id='word_1_19' title='bbox 455 599 804 655; x_wconf 86' lang='lat' dir='ltr'><strong>mandttcasse</strong></span> <span class='ocrx_word' id='word_1_20' title='bbox 828 595 1058 664; x_wconf 83' lang='lat' dir='ltr'><strong>deliguo</strong></span> <span class='ocrx_word' id='word_1_21' title='bbox 1086 594 1229 659; x_wconf 70' lang='lat' dir='ltr'><strong>vitm,</strong></span> <span class='ocrx_word' id='word_1_22' title='bbox 1257 587 1688 666; x_wconf 82' lang='lat' dir='ltr'><strong>quandoquidem</strong></span> <span class='ocrx_word' id='word_1_23' title='bbox 1716 595 1769 640; x_wconf 87' lang='lat' dir='ltr'><strong>et</strong></span> <span class='ocrx_word' id='word_1_24' title='bbox 1799 599 1905 638; x_wconf 76' lang='lat' dir='ltr'><strong>cm-</strong></span> 
     </span>
    </p>
   </div>
   <div class='ocr_carea' id='block_1_5' title="bbox 323 671 1903 759">
    <p class='ocr_par' dir='ltr' id='par_1_5' title="bbox 323 671 1903 759">
     <span class='ocr_line' id='line_1_5' title="bbox 323 671 1903 759; baseline -0.014 -11"><span class='ocrx_word' id='word_1_25' title='bbox 323 693 449 749; x_wconf 88' lang='lat' dir='ltr'><strong>teris</strong></span> <span class='ocrx_word' id='word_1_26' title='bbox 488 688 643 759; x_wconf 82' lang='lat' dir='ltr'><strong>longe</strong></span> <span class='ocrx_word' id='word_1_27' title='bbox 671 671 1029 759; x_wconf 83' lang='lat' dir='ltr'><strong>praestabilius</strong></span> <span class='ocrx_word' id='word_1_28' title='bbox 1067 689 1218 747; x_wconf 90' lang='lat' dir='ltr'><strong>erat,</strong></span> <span class='ocrx_word' id='word_1_29' title='bbox 1251 691 1303 737; x_wconf 90' lang='lat' dir='ltr'><strong>et</strong></span> <span class='ocrx_word' id='word_1_30' title='bbox 1332 681 1424 734; x_wconf 84' lang='lat' dir='ltr'><strong>illo</strong></span> <span class='ocrx_word' id='word_1_31' title='bbox 1453 679 1576 734; x_wconf 81' lang='lat' dir='ltr'><strong>Solo</strong></span> <span class='ocrx_word' id='word_1_32' title='bbox 1605 683 1828 744; x_wconf 80' lang='lat' dir='ltr'><strong>excepto</strong></span> <span class='ocrx_word' id='word_1_33' title='bbox 1849 673 1903 727; x_wconf 90' lang='lat' dir='ltr'><strong>in</strong></span> 
     </span>
    </p>
   </div>
   <div class='ocr_carea' id='block_1_6' title="bbox 327 767 1903 853">
    <p class='ocr_par' dir='ltr' id='par_1_6' title="bbox 327 767 1903 853">
     <span class='ocr_line' id='line_1_6' title="bbox 327 767 1903 853; baseline -0.012 -18"><span class='ocrx_word' id='word_1_34' title='bbox 327 791 431 853; x_wconf 87' lang='lat' dir='ltr'><strong>quo</strong></span> <span class='ocrx_word' id='word_1_35' title='bbox 458 776 718 851; x_wconf 84' lang='lat' dir='ltr'><strong>peccavit,</strong></span> <span class='ocrx_word' id='word_1_36' title='bbox 741 794 804 832; x_wconf 78' lang='lat' dir='ltr'><strong>ex</strong></span> <span class='ocrx_word' id='word_1_37' title='bbox 834 775 1081 831; x_wconf 89' lang='lat' dir='ltr'><strong>omnibus</strong></span> <span class='ocrx_word' id='word_1_38' title='bbox 1103 769 1459 827; x_wconf 89' lang='lat' dir='ltr'><strong>manducandi</strong></span> <span class='ocrx_word' id='word_1_39' title='bbox 1493 767 1779 836; x_wconf 84' lang='lat' dir='ltr'><strong>acceperat</strong></span> <span class='ocrx_word' id='word_1_40' title='bbox 1808 777 1903 833; x_wconf 85' lang='lat' dir='ltr'><strong>po-</strong></span> 
     </span>
    </p>
   </div>
   <div class='ocr_carea' id='block_1_7' title="bbox 324 857 1902 937">
    <p class='ocr_par' dir='ltr' id='par_1_7' title="bbox 324 857 1902 937">
     <span class='ocr_line' id='line_1_7' title="bbox 324 857 1902 937; baseline -0.014 -9"><span class='ocrx_word' id='word_1_41' title='bbox 324 861 604 928; x_wconf 40' lang='lat' dir='ltr'><strong>tes&#39;tatem?</strong></span> <span class='ocrx_word' id='word_1_42' title='bbox 632 869 728 925; x_wconf 88' lang='lat' dir='ltr'><strong>Dei</strong></span> <span class='ocrx_word' id='word_1_43' title='bbox 754 882 982 937; x_wconf 81' lang='lat' dir='ltr'><strong>namque</strong></span> <span class='ocrx_word' id='word_1_44' title='bbox 1013 862 1373 934; x_wconf 72' lang='lat' dir='ltr'><strong>prmeipientis</strong></span> <span class='ocrx_word' id='word_1_45' title='bbox 1396 860 1511 913; x_wconf 61' lang='lat' dir='ltr'><strong>haec</strong></span> <span class='ocrx_word' id='word_1_46' title='bbox 1539 857 1700 910; x_wconf 83' lang='lat' dir='ltr'><strong>verba</strong></span> <span class='ocrx_word' id='word_1_47' title='bbox 1737 862 1863 908; x_wconf 85' lang='lat' dir='ltr'><strong>sunt</strong></span> <span class='ocrx_word' id='word_1_48' title='bbox 1889 870 1902 907; x_wconf 92' lang='lat'><strong>:</strong></span> 
     </span>
    </p>
   </div>
   <div class='ocr_carea' id='block_1_8' title="bbox 323 943 1907 1034">
    <p class='ocr_par' dir='ltr' id='par_1_8' title="bbox 323 943 1907 1034">
     <span class='ocr_line' id='line_1_8' title="bbox 323 943 1907 1034; baseline -0.014 -14"><span class='ocrx_word' id='word_1_49' title='bbox 323 967 394 1020; x_wconf 77' lang='lat' dir='ltr'><strong>Ab</strong></span> <span class='ocrx_word' id='word_1_50' title='bbox 416 965 552 1019; x_wconf 87' lang='lat' dir='ltr'><strong>omni</strong></span> <span class='ocrx_word' id='word_1_51' title='bbox 577 964 736 1034; x_wconf 84' lang='lat' dir='ltr'><strong>ligno,</strong></span> <span class='ocrx_word' id='word_1_52' title='bbox 791 945 979 1030; x_wconf 89' lang='lat' dir='ltr'><strong>inquit,</strong></span> <span class='ocrx_word' id='word_1_53' title='bbox 1019 955 1154 1027; x_wconf 82' lang='lat' dir='ltr'><strong>quod</strong></span> <span class='ocrx_word' id='word_1_54' title='bbox 1183 949 1255 1008; x_wconf 85' lang='lat' dir='ltr'><strong>est</strong></span> <span class='ocrx_word' id='word_1_55' title='bbox 1281 954 1334 1007; x_wconf 88' lang='lat' dir='ltr'><strong>in</strong></span> <span class='ocrx_word' id='word_1_56' title='bbox 1363 950 1619 1024; x_wconf 75' lang='lat' dir='ltr'><strong>paradiso,</strong></span> <span class='ocrx_word' id='word_1_57' title='bbox 1650 947 1766 1002; x_wconf 75' lang='lat' dir='ltr'><strong>cdes</strong></span> <span class='ocrx_word' id='word_1_58' title='bbox 1797 962 1814 999; x_wconf 91' lang='lat'><strong><em>:</em></strong></span> <span class='ocrx_word' id='word_1_59' title='bbox 1845 943 1907 999; x_wconf 88' lang='lat' dir='ltr'><strong>de</strong></span> 
     </span>
    </p>
   </div>
   <div class='ocr_carea' id='block_1_9' title="bbox 323 1042 1904 1126">
    <p class='ocr_par' dir='ltr' id='par_1_9' title="bbox 323 1042 1904 1126">
     <span class='ocr_line' id='line_1_9' title="bbox 323 1042 1904 1126; baseline -0.014 -17"><span class='ocrx_word' id='word_1_60' title='bbox 323 1057 462 1126; x_wconf 82' lang='lat' dir='ltr'><strong>ligno</strong></span> <span class='ocrx_word' id='word_1_61' title='bbox 490 1062 658 1107; x_wconf 82' lang='lat' dir='ltr'><strong>autem</strong></span> <span class='ocrx_word' id='word_1_62' title='bbox 687 1049 1016 1123; x_wconf 77' lang='lat' dir='ltr'><strong>cognoscendi</strong></span> <span class='ocrx_word' id='word_1_63' title='bbox 1046 1049 1229 1102; x_wconf 87' lang='lat' dir='ltr'><strong>bonum</strong></span> <span class='ocrx_word' id='word_1_64' title='bbox 1258 1054 1303 1098; x_wconf 87' lang='lat' dir='ltr'><strong>et</strong></span> <span class='ocrx_word' id='word_1_65' title='bbox 1334 1042 1522 1097; x_wconf 84' lang='lat' dir='ltr'><strong>malum</strong></span> <span class='ocrx_word' id='word_1_66' title='bbox 1547 1081 1562 1106; x_wconf 94' lang='lat'><strong>,</strong></span> <span class='ocrx_word' id='word_1_67' title='bbox 1616 1054 1718 1092; x_wconf 91' lang='lat' dir='ltr'><strong>non</strong></span> <span class='ocrx_word' id='word_1_68' title='bbox 1756 1053 1904 1090; x_wconf 87' lang='lat' dir='ltr'><strong>man-</strong></span> 
     </span>
    </p>
   </div>
   <div class='ocr_carea' id='block_1_10' title="bbox 325 1130 1909 1213">
    <p class='ocr_par' dir='ltr' id='par_1_10' title="bbox 325 1130 1909 1213">
     <span class='ocr_line' id='line_1_10' title="bbox 325 1130 1909 1213; baseline -0.013 -14"><span class='ocrx_word' id='word_1_69' title='bbox 325 1145 530 1199; x_wconf 84' lang='lat' dir='ltr'><strong>ducabis</strong></span> <span class='ocrx_word' id='word_1_70' title='bbox 581 1144 644 1196; x_wconf 88' lang='lat' dir='ltr'><strong>de</strong></span> <span class='ocrx_word' id='word_1_71' title='bbox 669 1141 757 1196; x_wconf 83' lang='lat' dir='ltr'><strong>illo</strong></span> <span class='ocrx_word' id='word_1_72' title='bbox 796 1133 1314 1213; x_wconf 77' lang='lat' dir='ltr'><strong>(Gen.tt,16etl7).</strong></span> <span class='ocrx_word' id='word_1_73' title='bbox 1352 1134 1588 1201; x_wconf 86' lang='lat' dir='ltr'><strong>Itemque</strong></span> <span class='ocrx_word' id='word_1_74' title='bbox 1640 1130 1738 1184; x_wconf 89' lang='lat' dir='ltr'><strong>ista</strong></span> <span class='ocrx_word' id='word_1_75' title='bbox 1783 1136 1909 1181; x_wconf 90' lang='lat' dir='ltr'><strong>sunt</strong></span> 
     </span>
    </p>
   </div>
   <div class='ocr_carea' id='block_1_11' title="bbox 325 1218 1946 1296">
    <p class='ocr_par' dir='ltr' id='par_1_11' title="bbox 325 1218 1946 1296">
     <span class='ocr_line' id='line_1_11' title="bbox 325 1218 1946 1296; baseline -0.012 -5"><span class='ocrx_word' id='word_1_76' title='bbox 325 1239 484 1292; x_wconf 85' lang='lat' dir='ltr'><strong>verba</strong></span> <span class='ocrx_word' id='word_1_77' title='bbox 511 1232 813 1288; x_wconf 88' lang='lat' dir='ltr'><strong>damnantis</strong></span> <span class='ocrx_word' id='word_1_78' title='bbox 837 1249 849 1284; x_wconf 88' lang='lat'><strong>:</strong></span> <span class='ocrx_word' id='word_1_79' title='bbox 884 1230 1014 1296; x_wconf 84' lang='lat' dir='ltr'><strong>Quia</strong></span> <span class='ocrx_word' id='word_1_80' title='bbox 1035 1229 1243 1294; x_wconf 85' lang='lat' dir='ltr'><strong>audisti,</strong></span> <span class='ocrx_word' id='word_1_81' title='bbox 1267 1224 1456 1296; x_wconf 90' lang='lat' dir='ltr'><strong>inquit,</strong></span> <span class='ocrx_word' id='word_1_82' title='bbox 1484 1238 1652 1276; x_wconf 81' lang='lat' dir='ltr'><strong>vocem</strong></span> <span class='ocrx_word' id='word_1_83' title='bbox 1676 1218 1906 1274; x_wconf 78' lang='lat' dir='ltr'><strong>mulieris</strong></span> <span class='ocrx_word' id='word_1_84' title='bbox 1942 1289 1946 1293; x_wconf 78' lang='lat'><strong><em>_</em></strong></span> 
     </span>
    </p>
   </div>
   <div class='ocr_carea' id='block_1_12' title="bbox 325 1309 1908 1392">
    <p class='ocr_par' dir='ltr' id='par_1_12' title="bbox 325 1309 1908 1392">
     <span class='ocr_line' id='line_1_12' title="bbox 325 1309 1908 1392; baseline -0.012 -12"><span class='ocrx_word' id='word_1_85' title='bbox 325 1337 446 1392; x_wconf 69' lang='lat' dir='ltr'><strong>tuor,</strong></span> <span class='ocrx_word' id='word_1_86' title='bbox 471 1335 517 1378; x_wconf 86' lang='lat' dir='ltr'><strong>et</strong></span> <span class='ocrx_word' id='word_1_87' title='bbox 544 1323 690 1378; x_wconf 96' lang='lat' dir='ltr'><strong>edisti</strong></span> <span class='ocrx_word' id='word_1_88' title='bbox 728 1323 792 1375; x_wconf 76' lang='lat' dir='ltr'><strong>tle</strong></span> <span class='ocrx_word' id='word_1_89' title='bbox 824 1322 980 1392; x_wconf 86' lang='lat' dir='ltr'><strong>ligno,</strong></span> <span class='ocrx_word' id='word_1_90' title='bbox 1004 1319 1066 1374; x_wconf 88' lang='lat' dir='ltr'><strong>de</strong></span> <span class='ocrx_word' id='word_1_91' title='bbox 1108 1333 1206 1387; x_wconf 90' lang='lat' dir='ltr'><strong>quo</strong></span> <span class='ocrx_word' id='word_1_92' title='bbox 1246 1330 1582 1386; x_wconf 72' lang='lat' dir='ltr'><strong>pra’ceperam</strong></span> <span class='ocrx_word' id='word_1_93' title='bbox 1609 1311 1728 1376; x_wconf 85' lang='lat' dir='ltr'><strong>tibi,</strong></span> <span class='ocrx_word' id='word_1_94' title='bbox 1759 1309 1822 1362; x_wconf 88' lang='lat' dir='ltr'><strong>de</strong></span> <span class='ocrx_word' id='word_1_95' title='bbox 1851 1323 1908 1361; x_wconf 91' lang='lat' dir='ltr'><strong>eo</strong></span> 
     </span>
    </p>
   </div>
   <div class='ocr_carea' id='block_1_13' title="bbox 323 1404 1909 1483">
    <p class='ocr_par' dir='ltr' id='par_1_13' title="bbox 323 1404 1909 1483">
     <span class='ocr_line' id='line_1_13' title="bbox 323 1404 1909 1483; baseline -0.011 -12"><span class='ocrx_word' id='word_1_96' title='bbox 323 1419 430 1471; x_wconf 89' lang='lat' dir='ltr'><strong>solo</strong></span> <span class='ocrx_word' id='word_1_97' title='bbox 460 1432 558 1469; x_wconf 89' lang='lat' dir='ltr'><strong>non</strong></span> <span class='ocrx_word' id='word_1_98' title='bbox 587 1414 730 1468; x_wconf 85' lang='lat' dir='ltr'><strong>edere</strong></span> <span class='ocrx_word' id='word_1_99' title='bbox 772 1413 791 1483; x_wconf 95' lang='lat'>(</span> <span class='ocrx_word' id='word_1_100' title='bbox 819 1411 932 1478; x_wconf 88' lang='lat' dir='ltr'><strong>Id.,</strong></span> <span class='ocrx_word' id='word_1_101' title='bbox 963 1428 1038 1478; x_wconf 85' lang='lat' dir='ltr'><strong>tn,</strong></span> <span class='ocrx_word' id='word_1_102' title='bbox 1097 1409 1226 1481; x_wconf 83' lang='grc'><strong>17).</strong></span> <span class='ocrx_word' id='word_1_103' title='bbox 1271 1411 1401 1474; x_wconf 80' lang='lat' dir='ltr'><strong>Qua:</strong></span> <span class='ocrx_word' id='word_1_104' title='bbox 1430 1407 1586 1476; x_wconf 88' lang='lat' dir='ltr'><strong>igitur</strong></span> <span class='ocrx_word' id='word_1_105' title='bbox 1613 1404 1710 1458; x_wconf 89' lang='lat' dir='ltr'><strong>fuit</strong></span> <span class='ocrx_word' id='word_1_106' title='bbox 1748 1415 1909 1456; x_wconf 88' lang='lat' dir='ltr'><strong>causa</strong></span> 
     </span>
    </p>
   </div>
   <div class='ocr_carea' id='block_1_14' title="bbox 326 1497 1905 1574">
    <p class='ocr_par' dir='ltr' id='par_1_14' title="bbox 326 1497 1905 1574">
     <span class='ocr_line' id='line_1_14' title="bbox 326 1497 1905 1574; baseline -0.011 -14"><span class='ocrx_word' id='word_1_107' title='bbox 326 1516 516 1560; x_wconf 88' lang='lat' dir='ltr'><strong>utnon</strong></span> <span class='ocrx_word' id='word_1_108' title='bbox 545 1503 811 1574; x_wconf 83' lang='lat' dir='ltr'><strong>praecipue</strong></span> <span class='ocrx_word' id='word_1_109' title='bbox 837 1502 903 1557; x_wconf 88' lang='lat' dir='ltr'><strong>de</strong></span> <span class='ocrx_word' id='word_1_110' title='bbox 947 1503 1090 1571; x_wconf 86' lang='lat' dir='ltr'><strong>ligno</strong></span> <span class='ocrx_word' id='word_1_111' title='bbox 1115 1501 1236 1554; x_wconf 77' lang='lat' dir='ltr'><strong>vita:</strong></span> <span class='ocrx_word' id='word_1_112' title='bbox 1292 1497 1618 1553; x_wconf 79' lang='lat' dir='ltr'><strong>manducare</strong></span> <span class='ocrx_word' id='word_1_113' title='bbox 1660 1499 1905 1554; x_wconf 80' lang='lat' dir='ltr'><strong>curaret,</strong></span> 
     </span>
    </p>
   </div>
   <div class='ocr_carea' id='block_1_15' title="bbox 327 1581 1910 1665">
    <p class='ocr_par' dir='ltr' id='par_1_15' title="bbox 327 1581 1910 1665">
     <span class='ocr_line' id='line_1_15' title="bbox 327 1581 1910 1665; baseline -0.011 -13"><span class='ocrx_word' id='word_1_114' title='bbox 327 1613 448 1652; x_wconf 85' lang='lat' dir='ltr'><strong>cum</strong></span> <span class='ocrx_word' id='word_1_115' title='bbox 499 1595 792 1665; x_wconf 78' lang='lat' dir='ltr'><strong>prohibitus</strong></span> <span class='ocrx_word' id='word_1_116' title='bbox 848 1607 954 1649; x_wconf 90' lang='lat' dir='ltr'><strong>non</strong></span> <span class='ocrx_word' id='word_1_117' title='bbox 989 1591 1147 1647; x_wconf 78' lang='lat' dir='ltr'><strong>fuerit</strong></span> <span class='ocrx_word' id='word_1_118' title='bbox 1189 1589 1289 1644; x_wconf 88' lang='lat' dir='ltr'><strong>nisi</strong></span> <span class='ocrx_word' id='word_1_119' title='bbox 1337 1589 1406 1643; x_wconf 90' lang='lat' dir='ltr'><strong>ab</strong></span> <span class='ocrx_word' id='word_1_120' title='bbox 1454 1588 1544 1642; x_wconf 91' lang='lat' dir='ltr'><strong>illo</strong></span> <span class='ocrx_word' id='word_1_121' title='bbox 1571 1585 1685 1641; x_wconf 90' lang='lat' dir='ltr'><strong>solo</strong></span> <span class='ocrx_word' id='word_1_122' title='bbox 1711 1625 1726 1652; x_wconf 96' lang='lat'><strong>,</strong></span> <span class='ocrx_word' id='word_1_123' title='bbox 1757 1581 1910 1651; x_wconf 89' lang='lat' dir='ltr'><strong>cujus</strong></span> 
     </span>
    </p>
   </div>
   <div class='ocr_carea' id='block_1_16' title="bbox 329 1677 1906 1758">
    <p class='ocr_par' dir='ltr' id='par_1_16' title="bbox 329 1677 1906 1758">
     <span class='ocr_line' id='line_1_16' title="bbox 329 1677 1906 1758; baseline -0.011 -16"><span class='ocrx_word' id='word_1_124' title='bbox 329 1686 674 1758; x_wconf 83' lang='lat' dir='ltr'><strong>usurpatione</strong></span> <span class='ocrx_word' id='word_1_125' title='bbox 700 1683 978 1756; x_wconf 87' lang='lat' dir='ltr'><strong>peccavit?</strong></span> <span class='ocrx_word' id='word_1_126' title='bbox 1003 1681 1116 1737; x_wconf 90' lang='lat' dir='ltr'><strong>lmo</strong></span> <span class='ocrx_word' id='word_1_127' title='bbox 1143 1681 1187 1737; x_wconf 88' lang='lat' dir='ltr'><strong>si</strong></span> <span class='ocrx_word' id='word_1_128' title='bbox 1215 1679 1494 1751; x_wconf 83' lang='lat' dir='ltr'><strong>vigilanter</strong></span> <span class='ocrx_word' id='word_1_129' title='bbox 1525 1677 1906 1744; x_wconf 81' lang='lat' dir='ltr'><strong>intelligamus,</strong></span> 
     </span>
    </p>
   </div>
   <div class='ocr_carea' id='block_1_17' title="bbox 237 1769 1909 1850">
    <p class='ocr_par' dir='ltr' id='par_1_17' title="bbox 237 1769 1909 1850">
     <span class='ocr_line' id='line_1_17' title="bbox 237 1769 1909 1850; baseline -0.008 -15"><span class='ocrx_word' id='word_1_130' title='bbox 237 1841 242 1850; x_wconf 47' lang='lat'><strong>,</strong></span> <span class='ocrx_word' id='word_1_131' title='bbox 329 1783 469 1835; x_wconf 87' lang='lat' dir='ltr'><strong>sicut</strong></span> <span class='ocrx_word' id='word_1_132' title='bbox 496 1779 562 1834; x_wconf 90' lang='lat' dir='ltr'><strong>de</strong></span> <span class='ocrx_word' id='word_1_133' title='bbox 593 1779 736 1849; x_wconf 89' lang='lat' dir='ltr'><strong>ligno</strong></span> <span class='ocrx_word' id='word_1_134' title='bbox 777 1776 1062 1833; x_wconf 88' lang='lat' dir='ltr'><strong>interdicto</strong></span> <span class='ocrx_word' id='word_1_135' title='bbox 1113 1774 1485 1830; x_wconf 83' lang='lat' dir='ltr'><strong>manducando</strong></span> <span class='ocrx_word' id='word_1_136' title='bbox 1514 1770 1792 1842; x_wconf 90' lang='lat' dir='ltr'><strong>peccavit,</strong></span> <span class='ocrx_word' id='word_1_137' title='bbox 1839 1769 1909 1821; x_wconf 87' lang='lat' dir='ltr'><strong>ita</strong></span> 
     </span>
    </p>
   </div>
   <div class='ocr_carea' id='block_1_18' title="bbox 327 1858 1909 1940">
    <p class='ocr_par' dir='ltr' id='par_1_18' title="bbox 327 1858 1909 1940">
     <span class='ocr_line' id='line_1_18' title="bbox 327 1858 1909 1940; baseline -0.011 -13"><span class='ocrx_word' id='word_1_138' title='bbox 327 1871 396 1926; x_wconf 89' lang='lat' dir='ltr'><strong>de</strong></span> <span class='ocrx_word' id='word_1_139' title='bbox 453 1871 596 1940; x_wconf 90' lang='lat' dir='ltr'><strong>ligno</strong></span> <span class='ocrx_word' id='word_1_140' title='bbox 627 1870 747 1922; x_wconf 74' lang='lat' dir='ltr'><strong>vita:</strong></span> <span class='ocrx_word' id='word_1_141' title='bbox 797 1883 902 1922; x_wconf 90' lang='lat' dir='ltr'><strong>non</strong></span> <span class='ocrx_word' id='word_1_142' title='bbox 937 1866 1308 1922; x_wconf 84' lang='lat' dir='ltr'><strong>manducando</strong></span> <span class='ocrx_word' id='word_1_143' title='bbox 1341 1869 1587 1934; x_wconf 86' lang='lat' dir='ltr'><strong>peccaret</strong></span> <span class='ocrx_word' id='word_1_144' title='bbox 1614 1878 1628 1927; x_wconf 86' lang='lat'><strong>;</strong></span> <span class='ocrx_word' id='word_1_145' title='bbox 1659 1858 1909 1930; x_wconf 89' lang='lat' dir='ltr'><strong>quoniam</strong></span> 
     </span>
    </p>
   </div>
   <div class='ocr_carea' id='block_1_19' title="bbox 328 1951 1908 2033">
    <p class='ocr_par' dir='ltr' id='par_1_19' title="bbox 328 1951 1908 2033">
     <span class='ocr_line' id='line_1_19' title="bbox 328 1951 1908 2033; baseline -0.008 -16"><span class='ocrx_word' id='word_1_146' title='bbox 328 1963 446 2033; x_wconf 90' lang='lat' dir='ltr'><strong>ipse</strong></span> <span class='ocrx_word' id='word_1_147' title='bbox 473 1963 572 2017; x_wconf 85' lang='lat' dir='ltr'><strong>sibi</strong></span> <span class='ocrx_word' id='word_1_148' title='bbox 599 1963 783 2028; x_wconf 89' lang='lat' dir='ltr'><strong>vitam,</strong></span> <span class='ocrx_word' id='word_1_149' title='bbox 824 1975 946 2031; x_wconf 73' lang='lat' dir='ltr'><strong>qua:</strong></span> <span class='ocrx_word' id='word_1_150' title='bbox 994 1975 1059 2015; x_wconf 83' lang='lat' dir='ltr'><strong>ex</strong></span> <span class='ocrx_word' id='word_1_151' title='bbox 1091 1960 1182 2013; x_wconf 92' lang='lat' dir='ltr'><strong>illo</strong></span> <span class='ocrx_word' id='word_1_152' title='bbox 1213 1959 1353 2027; x_wconf 88' lang='lat' dir='ltr'><strong>ligno</strong></span> <span class='ocrx_word' id='word_1_153' title='bbox 1383 1956 1589 2018; x_wconf 91' lang='lat' dir='ltr'><strong>aderat,</strong></span> <span class='ocrx_word' id='word_1_154' title='bbox 1623 1951 1908 2008; x_wconf 78' lang='lat' dir='ltr'><strong>invideret.</strong></span> 
     </span>
    </p>
   </div>
   <div class='ocr_carea' id='block_1_20' title="bbox 317 2043 1915 2119">
    <p class='ocr_par' dir='ltr' id='par_1_20' title="bbox 317 2043 1915 2119">
     <span class='ocr_line' id='line_1_20' title="bbox 317 2043 1915 2119; baseline -0.009 -11"><span class='ocrx_word' id='word_1_155' title='bbox 317 2054 422 2110; x_wconf 67' lang='lat' dir='ltr'><strong>~Illa</strong></span> <span class='ocrx_word' id='word_1_156' title='bbox 453 2069 580 2110; x_wconf 90' lang='lat' dir='ltr'><strong>vero</strong></span> <span class='ocrx_word' id='word_1_157' title='bbox 611 2053 979 2108; x_wconf 83' lang='lat' dir='ltr'><strong>immortalitas</strong></span> <span class='ocrx_word' id='word_1_158' title='bbox 1003 2051 1055 2105; x_wconf 92' lang='lat' dir='ltr'><strong>in</strong></span> <span class='ocrx_word' id='word_1_159' title='bbox 1087 2066 1188 2119; x_wconf 90' lang='lat' dir='ltr'><strong>qua</strong></span> <span class='ocrx_word' id='word_1_160' title='bbox 1217 2047 1386 2103; x_wconf 75' lang='lat' dir='ltr'><strong>szmeti</strong></span> <span class='ocrx_word' id='word_1_161' title='bbox 1412 2045 1600 2118; x_wconf 80' lang='lat' dir='ltr'><strong>Angeli</strong></span> <span class='ocrx_word' id='word_1_162' title='bbox 1628 2043 1832 2108; x_wconf 85' lang='lat' dir='ltr'><strong>vivunt,</strong></span> <span class='ocrx_word' id='word_1_163' title='bbox 1859 2049 1915 2095; x_wconf 88' lang='lat' dir='ltr'><strong>et</strong></span> 
     </span>
    </p>
   </div>
   <div class='ocr_carea' id='block_1_21' title="bbox 328 2133 1913 2218">
    <p class='ocr_par' dir='ltr' id='par_1_21' title="bbox 328 2133 1913 2218">
     <span class='ocr_line' id='line_1_21' title="bbox 328 2133 1913 2218; baseline -0.013 -15"><span class='ocrx_word' id='word_1_164' title='bbox 328 2150 385 2203; x_wconf 89' lang='lat' dir='ltr'><strong>in</strong></span> <span class='ocrx_word' id='word_1_165' title='bbox 416 2163 518 2218; x_wconf 88' lang='lat' dir='ltr'><strong>qua</strong></span> <span class='ocrx_word' id='word_1_166' title='bbox 550 2162 647 2201; x_wconf 89' lang='lat' dir='ltr'><strong>nos</strong></span> <span class='ocrx_word' id='word_1_167' title='bbox 689 2159 900 2216; x_wconf 84' lang='lat' dir='ltr'><strong>quoque</strong></span> <span class='ocrx_word' id='word_1_168' title='bbox 930 2143 1116 2198; x_wconf 80' lang='lat' dir='ltr'><strong>victuri</strong></span> <span class='ocrx_word' id='word_1_169' title='bbox 1141 2155 1344 2204; x_wconf 89' lang='lat' dir='ltr'><strong>sumus,</strong></span> <span class='ocrx_word' id='word_1_170' title='bbox 1372 2137 1555 2208; x_wconf 86' lang='lat' dir='ltr'><strong>procul</strong></span> <span class='ocrx_word' id='word_1_171' title='bbox 1587 2133 1748 2188; x_wconf 91' lang='lat' dir='ltr'><strong>dubio</strong></span> <span class='ocrx_word' id='word_1_172' title='bbox 1798 2147 1913 2184; x_wconf 86' lang='lat' dir='ltr'><strong>ma-</strong></span> 
     </span>
    </p>
   </div>
   <div class='ocr_carea' id='block_1_22' title="bbox 327 2221 1913 2308">
    <p class='ocr_par' dir='ltr' id='par_1_22' title="bbox 327 2221 1913 2308">
     <span class='ocr_line' id='line_1_22' title="bbox 327 2221 1913 2308; baseline -0.012 -15"><span class='ocrx_word' id='word_1_173' title='bbox 327 2239 421 2308; x_wconf 88' lang='lat' dir='ltr'><strong>jor</strong></span> <span class='ocrx_word' id='word_1_174' title='bbox 450 2246 551 2293; x_wconf 90' lang='lat' dir='ltr'><strong>est.</strong></span> <span class='ocrx_word' id='word_1_175' title='bbox 586 2236 702 2291; x_wconf 84' lang='lat' dir='ltr'><strong>Non</strong></span> <span class='ocrx_word' id='word_1_176' title='bbox 735 2235 878 2290; x_wconf 89' lang='lat' dir='ltr'><strong>enim</strong></span> <span class='ocrx_word' id='word_1_177' title='bbox 905 2234 1042 2299; x_wconf 90' lang='lat' dir='ltr'><strong>talis,</strong></span> <span class='ocrx_word' id='word_1_178' title='bbox 1068 2233 1122 2286; x_wconf 93' lang='lat' dir='ltr'><strong>in</strong></span> <span class='ocrx_word' id='word_1_179' title='bbox 1149 2246 1251 2301; x_wconf 86' lang='lat' dir='ltr'><strong>qua</strong></span> <span class='ocrx_word' id='word_1_180' title='bbox 1277 2230 1438 2284; x_wconf 86' lang='lat' dir='ltr'><strong>homo</strong></span> <span class='ocrx_word' id='word_1_181' title='bbox 1474 2227 1666 2281; x_wconf 83' lang='lat' dir='ltr'><strong>habeat</strong></span> <span class='ocrx_word' id='word_1_182' title='bbox 1699 2221 1913 2293; x_wconf 87' lang='lat' dir='ltr'><strong>quidem</strong></span> 
     </span>
    </p>
   </div>
   <div class='ocr_carea' id='block_1_23' title="bbox 329 2315 1914 2398">
    <p class='ocr_par' dir='ltr' id='par_1_23' title="bbox 329 2315 1914 2398">
     <span class='ocr_line' id='line_1_23' title="bbox 329 2315 1914 2398; baseline -0.013 -14"><span class='ocrx_word' id='word_1_183' title='bbox 329 2331 385 2384; x_wconf 93' lang='lat' dir='ltr'><strong>in</strong></span> <span class='ocrx_word' id='word_1_184' title='bbox 417 2335 679 2398; x_wconf 84' lang='lat' dir='ltr'><strong>potestate</strong></span> <span class='ocrx_word' id='word_1_185' title='bbox 709 2341 813 2380; x_wconf 92' lang='lat' dir='ltr'><strong>non</strong></span> <span class='ocrx_word' id='word_1_186' title='bbox 843 2325 1004 2389; x_wconf 89' lang='lat' dir='ltr'><strong>mori,</strong></span> <span class='ocrx_word' id='word_1_187' title='bbox 1032 2324 1170 2378; x_wconf 83' lang='lat' dir='ltr'><strong>sicut</strong></span> <span class='ocrx_word' id='word_1_188' title='bbox 1198 2337 1303 2376; x_wconf 91' lang='lat' dir='ltr'><strong>non</strong></span> <span class='ocrx_word' id='word_1_189' title='bbox 1331 2332 1578 2390; x_wconf 83' lang='lat' dir='ltr'><strong>peccare,</strong></span> <span class='ocrx_word' id='word_1_190' title='bbox 1604 2315 1698 2370; x_wconf 90' lang='lat' dir='ltr'><strong>sed</strong></span> <span class='ocrx_word' id='word_1_191' title='bbox 1735 2321 1914 2367; x_wconf 82' lang='lat' dir='ltr'><strong>tamen</strong></span> 
     </span>
    </p>
   </div>
   <div class='ocr_carea' id='block_1_24' title="bbox 334 2404 1915 2490">
    <p class='ocr_par' dir='ltr' id='par_1_24' title="bbox 334 2404 1915 2490">
     <span class='ocr_line' id='line_1_24' title="bbox 334 2404 1915 2490; baseline -0.011 -16"><span class='ocrx_word' id='word_1_192' title='bbox 334 2421 584 2490; x_wconf 88' lang='lat' dir='ltr'><strong>possitet</strong></span> <span class='ocrx_word' id='word_1_193' title='bbox 605 2419 761 2484; x_wconf 89' lang='lat' dir='ltr'><strong>mori,</strong></span> <span class='ocrx_word' id='word_1_194' title='bbox 801 2417 924 2488; x_wconf 86' lang='lat' dir='ltr'><strong>quia</strong></span> <span class='ocrx_word' id='word_1_195' title='bbox 963 2425 1138 2486; x_wconf 78' lang='lat' dir='ltr'><strong>potest</strong></span> <span class='ocrx_word' id='word_1_196' title='bbox 1161 2428 1382 2484; x_wconf 82' lang='lat' dir='ltr'><strong>peccare</strong></span> <span class='ocrx_word' id='word_1_197' title='bbox 1407 2429 1420 2464; x_wconf 92' lang='lat'>:</span> <span class='ocrx_word' id='word_1_198' title='bbox 1450 2409 1545 2466; x_wconf 88' lang='lat' dir='ltr'><strong>sed</strong></span> <span class='ocrx_word' id='word_1_199' title='bbox 1575 2409 1695 2464; x_wconf 61' lang='lat' dir='ltr'><strong>talis</strong></span> <span class='ocrx_word' id='word_1_200' title='bbox 1724 2415 1806 2461; x_wconf 93' lang='lat' dir='ltr'><strong>cst</strong></span> <span class='ocrx_word' id='word_1_201' title='bbox 1829 2404 1915 2458; x_wconf 90' lang='lat' dir='ltr'><strong>illa</strong></span> 
     </span>
    </p>
   </div>
   <div class='ocr_carea' id='block_1_25' title="bbox 327 2493 1917 2576">
    <p class='ocr_par' dir='ltr' id='par_1_25' title="bbox 327 2493 1917 2576">
     <span class='ocr_line' id='line_1_25' title="bbox 327 2493 1917 2576; baseline -0.01 -12"><span class='ocrx_word' id='word_1_202' title='bbox 327 2510 723 2576; x_wconf 85' lang='lat' dir='ltr'><strong>immortalitas,</strong></span> <span class='ocrx_word' id='word_1_203' title='bbox 757 2508 808 2562; x_wconf 90' lang='lat' dir='ltr'><strong>in</strong></span> <span class='ocrx_word' id='word_1_204' title='bbox 855 2523 958 2575; x_wconf 87' lang='lat' dir='ltr'><strong>qua</strong></span> <span class='ocrx_word' id='word_1_205' title='bbox 988 2506 1161 2560; x_wconf 90' lang='lat' dir='ltr'><strong>omnis</strong></span> <span class='ocrx_word' id='word_1_206' title='bbox 1186 2505 1272 2574; x_wconf 91' lang='lat' dir='ltr'><strong>qui</strong></span> <span class='ocrx_word' id='word_1_207' title='bbox 1299 2503 1371 2557; x_wconf 88' lang='lat' dir='ltr'><strong>ibi</strong></span> <span class='ocrx_word' id='word_1_208' title='bbox 1393 2511 1504 2568; x_wconf 91' lang='lat' dir='ltr'><strong>est,</strong></span> <span class='ocrx_word' id='word_1_209' title='bbox 1531 2498 1757 2563; x_wconf 89' lang='lat' dir='ltr'><strong>velerit,</strong></span> <span class='ocrx_word' id='word_1_210' title='bbox 1781 2493 1917 2550; x_wconf 91' lang='lat' dir='ltr'><strong>mori</strong></span> 
     </span>
    </p>
   </div>
   <div class='ocr_carea' id='block_1_26' title="bbox 329 2586 1915 2668">
    <p class='ocr_par' dir='ltr' id='par_1_26' title="bbox 329 2586 1915 2668">
     <span class='ocr_line' id='line_1_26' title="bbox 329 2586 1915 2668; baseline -0.011 -15"><span class='ocrx_word' id='word_1_211' title='bbox 329 2613 440 2654; x_wconf 88' lang='lat' dir='ltr'><strong>non</strong></span> <span class='ocrx_word' id='word_1_212' title='bbox 487 2598 721 2668; x_wconf 89' lang='lat' dir='ltr'><strong>poterit,</strong></span> <span class='ocrx_word' id='word_1_213' title='bbox 764 2596 886 2666; x_wconf 89' lang='lat' dir='ltr'><strong>quia</strong></span> <span class='ocrx_word' id='word_1_214' title='bbox 926 2610 1026 2650; x_wconf 90' lang='lat' dir='ltr'><strong>nec</strong></span> <span class='ocrx_word' id='word_1_215' title='bbox 1067 2607 1292 2664; x_wconf 86' lang='lat' dir='ltr'><strong>peccare</strong></span> <span class='ocrx_word' id='word_1_216' title='bbox 1343 2592 1452 2661; x_wconf 89' lang='lat' dir='ltr'><strong>jam</strong></span> <span class='ocrx_word' id='word_1_217' title='bbox 1495 2587 1708 2658; x_wconf 87' lang='lat' dir='ltr'><strong>poterit.</strong></span> <span class='ocrx_word' id='word_1_218' title='bbox 1742 2586 1915 2639; x_wconf 84' lang='lat' dir='ltr'><strong>’l&#39;anta</strong></span> 
     </span>
    </p>
   </div>
   <div class='ocr_carea' id='block_1_27' title="bbox 329 2676 1916 2760">
    <p class='ocr_par' dir='ltr' id='par_1_27' title="bbox 329 2676 1916 2760">
     <span class='ocr_line' id='line_1_27' title="bbox 329 2676 1916 2760; baseline -0.011 -15"><span class='ocrx_word' id='word_1_219' title='bbox 329 2691 528 2760; x_wconf 80' lang='lat' dir='ltr'><strong>quippe</strong></span> <span class='ocrx_word' id='word_1_220' title='bbox 559 2690 662 2744; x_wconf 91' lang='lat' dir='ltr'><strong>erit</strong></span> <span class='ocrx_word' id='word_1_221' title='bbox 690 2687 761 2742; x_wconf 90' lang='lat' dir='ltr'><strong>ibi</strong></span> <span class='ocrx_word' id='word_1_222' title='bbox 794 2686 1038 2742; x_wconf 82' lang='lat' dir='ltr'><strong>voluntas</strong></span> <span class='ocrx_word' id='word_1_223' title='bbox 1059 2686 1195 2740; x_wconf 91' lang='lat' dir='ltr'><strong>bene</strong></span> <span class='ocrx_word' id='word_1_224' title='bbox 1226 2681 1437 2736; x_wconf 80' lang='lat' dir='ltr'><strong>vivendi</strong></span> <span class='ocrx_word' id='word_1_225' title='bbox 1466 2721 1480 2745; x_wconf 93' lang='lat'><strong>,</strong></span> <span class='ocrx_word' id='word_1_226' title='bbox 1512 2687 1707 2750; x_wconf 90' lang='lat' dir='ltr'><strong>quanta</strong></span> <span class='ocrx_word' id='word_1_227' title='bbox 1756 2676 1916 2732; x_wconf 87' lang='lat' dir='ltr'><strong>etiam</strong></span> 
     </span>
    </p>
   </div>
   <div class='ocr_carea' id='block_1_28' title="bbox 331 2767 1918 2840">
    <p class='ocr_par' dir='ltr' id='par_1_28' title="bbox 331 2767 1918 2840">
     <span class='ocr_line' id='line_1_28' title="bbox 331 2767 1918 2840; baseline -0.012 -3"><span class='ocrx_word' id='word_1_228' title='bbox 331 2797 478 2837; x_wconf 89' lang='lat' dir='ltr'><strong>nunc</strong></span> <span class='ocrx_word' id='word_1_229' title='bbox 519 2789 603 2836; x_wconf 92' lang='lat' dir='ltr'><strong>est</strong></span> <span class='ocrx_word' id='word_1_230' title='bbox 642 2778 889 2834; x_wconf 84' lang='lat' dir='ltr'><strong>voluntas</strong></span> <span class='ocrx_word' id='word_1_231' title='bbox 930 2777 1085 2832; x_wconf 82' lang='lat' dir='ltr'><strong>beate</strong></span> <span class='ocrx_word' id='word_1_232' title='bbox 1115 2771 1369 2839; x_wconf 89' lang='lat' dir='ltr'><strong>vivendi,</strong></span> <span class='ocrx_word' id='word_1_233' title='bbox 1413 2785 1572 2840; x_wconf 89' lang='lat' dir='ltr'><strong>quam</strong></span> <span class='ocrx_word' id='word_1_234' title='bbox 1615 2767 1768 2822; x_wconf 89' lang='lat' dir='ltr'><strong>nobis</strong></span> <span class='ocrx_word' id='word_1_235' title='bbox 1818 2779 1918 2820; x_wconf 88' lang='lat' dir='ltr'><strong>nec</strong></span> 
     </span>
    </p>
   </div>
   <div class='ocr_carea' id='block_1_29' title="bbox 335 2857 1924 2948">
    <p class='ocr_par' dir='ltr' id='par_1_29' title="bbox 335 2857 1924 2948">
     <span class='ocr_line' id='line_1_29' title="bbox 335 2857 1924 2948; baseline -0.011 -21"><span class='ocrx_word' id='word_1_236' title='bbox 335 2873 554 2948; x_wconf 85' lang='lat' dir='ltr'><strong>miseria</strong></span> <span class='ocrx_word' id='word_1_237' title='bbox 581 2859 817 2942; x_wconf 80' lang='lat' dir='ltr'><strong>potuisse</strong></span> <span class='ocrx_word' id='word_1_238' title='bbox 845 2868 1085 2924; x_wconf 86' lang='lat' dir='ltr'><strong>videmus</strong></span> <span class='ocrx_word' id='word_1_239' title='bbox 1108 2863 1328 2920; x_wconf 82' lang='lat' dir='ltr'><strong>auferri.</strong></span> <span class='ocrx_word' id='word_1_240' title='bbox 1362 2863 1418 2917; x_wconf 86' lang='lat' dir='ltr'><strong>In</strong></span> <span class='ocrx_word' id='word_1_241' title='bbox 1446 2863 1583 2916; x_wconf 86' lang='lat' dir='ltr'><strong>hanc</strong></span> <span class='ocrx_word' id='word_1_242' title='bbox 1606 2857 1924 2914; x_wconf 81' lang='lat' dir='ltr'><strong>immortali-</strong></span> 
     </span>
    </p>
   </div>
   <div class='ocr_carea' id='block_1_30' title="bbox 332 2950 1920 3031">
    <p class='ocr_par' dir='ltr' id='par_1_30' title="bbox 332 2950 1920 3031">
     <span class='ocr_line' id='line_1_30' title="bbox 332 2950 1920 3031; baseline -0.012 -11"><span class='ocrx_word' id='word_1_243' title='bbox 332 2974 542 3031; x_wconf 82' lang='lat' dir='ltr'><strong>tatem,</strong></span> <span class='ocrx_word' id='word_1_244' title='bbox 588 2963 730 3016; x_wconf 88' lang='lat' dir='ltr'><strong>nullo</strong></span> <span class='ocrx_word' id='word_1_245' title='bbox 757 2959 1057 3031; x_wconf 80' lang='lat' dir='ltr'><strong>ambigente</strong></span> <span class='ocrx_word' id='word_1_246' title='bbox 1087 2957 1366 3026; x_wconf 82' lang='lat' dir='ltr'><strong>majorem,</strong></span> <span class='ocrx_word' id='word_1_247' title='bbox 1395 2953 1440 3007; x_wconf 90' lang='lat' dir='ltr'><strong>si</strong></span> <span class='ocrx_word' id='word_1_248' title='bbox 1491 2968 1556 3008; x_wconf 78' lang='lat' dir='ltr'><strong>ex</strong></span> <span class='ocrx_word' id='word_1_249' title='bbox 1601 2951 1687 3004; x_wconf 87' lang='lat' dir='ltr'><strong>illa</strong></span> <span class='ocrx_word' id='word_1_250' title='bbox 1713 2950 1920 3003; x_wconf 89' lang='lat' dir='ltr'><strong>minore</strong></span> 
     </span>
    </p>
   </div>
   <div class='ocr_carea' id='block_1_31' title="bbox 331 3039 1918 3110">
    <p class='ocr_par' dir='ltr' id='par_1_31' title="bbox 331 3039 1918 3110">
     <span class='ocr_line' id='line_1_31' title="bbox 331 3039 1918 3110; baseline -0.013 0"><span class='ocrx_word' id='word_1_251' title='bbox 331 3055 482 3110; x_wconf 87' lang='lat' dir='ltr'><strong>dicas</strong></span> <span class='ocrx_word' id='word_1_252' title='bbox 515 3052 683 3108; x_wconf 87' lang='lat' dir='ltr'><strong>Adam</strong></span> <span class='ocrx_word' id='word_1_253' title='bbox 727 3049 1159 3105; x_wconf 83' lang='lat' dir='ltr'><strong>remuneratione</strong></span> <span class='ocrx_word' id='word_1_254' title='bbox 1188 3043 1503 3100; x_wconf 71' lang='lat' dir='ltr'><strong>obedientia:</strong></span> <span class='ocrx_word' id='word_1_255' title='bbox 1529 3083 1544 3109; x_wconf 92' lang='lat'><strong>,</strong></span> <span class='ocrx_word' id='word_1_256' title='bbox 1576 3040 1719 3094; x_wconf 90' lang='lat' dir='ltr'><strong>nulla</strong></span> <span class='ocrx_word' id='word_1_257' title='bbox 1748 3039 1918 3093; x_wconf 83' lang='lat' dir='ltr'><strong>inter-</strong></span> 
     </span>
    </p>
   </div>
   <div class='ocr_carea' id='block_1_32' title="bbox 329 3129 1920 3220">
    <p class='ocr_par' dir='ltr' id='par_1_32' title="bbox 329 3129 1920 3220">
     <span class='ocr_line' id='line_1_32' title="bbox 329 3129 1920 3220; baseline -0.014 -17"><span class='ocrx_word' id='word_1_258' title='bbox 329 3146 506 3220; x_wconf 90' lang='lat' dir='ltr'><strong>posita</strong></span> <span class='ocrx_word' id='word_1_259' title='bbox 530 3154 701 3198; x_wconf 90' lang='lat' dir='ltr'><strong>morte</strong></span> <span class='ocrx_word' id='word_1_260' title='bbox 729 3142 961 3212; x_wconf 91' lang='lat' dir='ltr'><strong>potuisse</strong></span> <span class='ocrx_word' id='word_1_261' title='bbox 980 3137 1201 3204; x_wconf 84' lang='lat' dir='ltr'><strong>mutari;</strong></span> <span class='ocrx_word' id='word_1_262' title='bbox 1224 3137 1371 3191; x_wconf 91' lang='lat' dir='ltr'><strong>dices</strong></span> <span class='ocrx_word' id='word_1_263' title='bbox 1396 3131 1594 3204; x_wconf 86' lang='lat' dir='ltr'><strong>aliquid</strong></span> <span class='ocrx_word' id='word_1_264' title='bbox 1616 3129 1756 3201; x_wconf 89' lang='lat' dir='ltr'><strong>quod</strong></span> <span class='ocrx_word' id='word_1_265' title='bbox 1775 3137 1920 3183; x_wconf 88' lang='lat' dir='ltr'><strong>recta</strong></span> 
     </span>
    </p>
   </div>
   <div class='ocr_carea' id='block_1_33' title="bbox 332 3219 1921 3303">
    <p class='ocr_par' dir='ltr' id='par_1_33' title="bbox 332 3219 1921 3303">
     <span class='ocr_line' id='line_1_33' title="bbox 332 3219 1921 3303; baseline -0.011 -11"><span class='ocrx_word' id='word_1_266' title='bbox 332 3238 468 3295; x_wconf 79' lang='lat' dir='ltr'><strong>ﬁdes</strong></span> <span class='ocrx_word' id='word_1_267' title='bbox 515 3251 620 3292; x_wconf 89' lang='lat' dir='ltr'><strong>non</strong></span> <span class='ocrx_word' id='word_1_268' title='bbox 667 3235 860 3291; x_wconf 89' lang='lat' dir='ltr'><strong>debeat</strong></span> <span class='ocrx_word' id='word_1_269' title='bbox 903 3231 1204 3303; x_wconf 82' lang='lat' dir='ltr'><strong>improbare</strong></span> <span class='ocrx_word' id='word_1_270' title='bbox 1236 3247 1250 3285; x_wconf 87' lang='lat'><strong>:</strong></span> <span class='ocrx_word' id='word_1_271' title='bbox 1281 3228 1327 3283; x_wconf 89' lang='lat' dir='ltr'><strong>si</strong></span> <span class='ocrx_word' id='word_1_272' title='bbox 1381 3235 1558 3281; x_wconf 90' lang='lat' dir='ltr'><strong>autem</strong></span> <span class='ocrx_word' id='word_1_273' title='bbox 1612 3223 1689 3277; x_wconf 91' lang='lat' dir='ltr'><strong>sic</strong></span> <span class='ocrx_word' id='word_1_274' title='bbox 1736 3219 1921 3274; x_wconf 89' lang='lat' dir='ltr'><strong>laudas</strong></span> 
     </span>
    </p>
   </div>
   <div class='ocr_carea' id='block_1_34' title="bbox 333 3315 1922 3396">
    <p class='ocr_par' dir='ltr' id='par_1_34' title="bbox 333 3315 1922 3396">
     <span class='ocr_line' id='line_1_34' title="bbox 333 3315 1922 3396; baseline -0.013 -12"><span class='ocrx_word' id='word_1_275' title='bbox 333 3330 516 3396; x_wconf 89' lang='lat' dir='ltr'><strong>istam,</strong></span> <span class='ocrx_word' id='word_1_276' title='bbox 545 3337 605 3382; x_wconf 91' lang='lat' dir='ltr'><strong>ut</strong></span> <span class='ocrx_word' id='word_1_277' title='bbox 653 3340 816 3396; x_wconf 80' lang='lat' dir='ltr'><strong>neges</strong></span> <span class='ocrx_word' id='word_1_278' title='bbox 847 3324 1028 3389; x_wconf 88' lang='lat' dir='ltr'><strong>illam;</strong></span> <span class='ocrx_word' id='word_1_279' title='bbox 1061 3322 1298 3392; x_wconf 86' lang='lat' dir='ltr'><strong>profecto</strong></span> <span class='ocrx_word' id='word_1_280' title='bbox 1326 3326 1382 3374; x_wconf 89' lang='lat' dir='ltr'><strong>et</strong></span> <span class='ocrx_word' id='word_1_281' title='bbox 1406 3315 1684 3378; x_wconf 86' lang='lat' dir='ltr'><strong>mortibus,</strong></span> <span class='ocrx_word' id='word_1_282' title='bbox 1715 3321 1769 3368; x_wconf 88' lang='lat' dir='ltr'><strong>et</strong></span> <span class='ocrx_word' id='word_1_283' title='bbox 1808 3325 1922 3365; x_wconf 90' lang='lat' dir='ltr'><strong>mo-</strong></span> 
     </span>
    </p>
   </div>
   <div class='ocr_carea' id='block_1_35' title="bbox 333 3403 1920 3485">
    <p class='ocr_par' dir='ltr' id='par_1_35' title="bbox 333 3403 1920 3485">
     <span class='ocr_line' id='line_1_35' title="bbox 333 3403 1920 3485; baseline -0.011 -12"><span class='ocrx_word' id='word_1_284' title='bbox 333 3420 588 3474; x_wconf 89' lang='lat' dir='ltr'><strong>rientium</strong></span> <span class='ocrx_word' id='word_1_285' title='bbox 645 3415 916 3482; x_wconf 86' lang='lat' dir='ltr'><strong>cladibus,</strong></span> <span class='ocrx_word' id='word_1_286' title='bbox 962 3427 1095 3485; x_wconf 76' lang='lat' dir='ltr'><strong>quas</strong></span> <span class='ocrx_word' id='word_1_287' title='bbox 1142 3427 1247 3466; x_wconf 91' lang='lat' dir='ltr'><strong>non</strong></span> <span class='ocrx_word' id='word_1_288' title='bbox 1297 3408 1520 3464; x_wconf 87' lang='lat' dir='ltr'><strong>ferendo</strong></span> <span class='ocrx_word' id='word_1_289' title='bbox 1568 3414 1824 3476; x_wconf 87' lang='lat' dir='ltr'><strong>urgentur</strong></span> <span class='ocrx_word' id='word_1_290' title='bbox 1868 3403 1920 3456; x_wconf 92' lang='lat' dir='ltr'><strong>in</strong></span> 
     </span>
    </p>
   </div>
   <div class='ocr_carea' id='block_1_36' title="bbox 334 3498 1923 3580">
    <p class='ocr_par' dir='ltr' id='par_1_36' title="bbox 334 3498 1923 3580">
     <span class='ocr_line' id='line_1_36' title="bbox 334 3498 1923 3580; baseline -0.009 -15"><span class='ocrx_word' id='word_1_291' title='bbox 334 3521 586 3574; x_wconf 90' lang='lat' dir='ltr'><strong>mortem,</strong></span> <span class='ocrx_word' id='word_1_292' title='bbox 615 3508 821 3580; x_wconf 86' lang='lat' dir='ltr'><strong>cogeris</strong></span> <span class='ocrx_word' id='word_1_293' title='bbox 849 3507 1075 3576; x_wconf 88' lang='lat' dir='ltr'><strong>implere</strong></span> <span class='ocrx_word' id='word_1_294' title='bbox 1103 3503 1336 3576; x_wconf 88' lang='lat' dir='ltr'><strong>paradisi</strong></span> <span class='ocrx_word' id='word_1_295' title='bbox 1385 3499 1606 3564; x_wconf 86' lang='lat' dir='ltr'><strong>faciem;</strong></span> <span class='ocrx_word' id='word_1_296' title='bbox 1645 3508 1802 3569; x_wconf 87' lang='lat' dir='ltr'><strong>atque</strong></span> <span class='ocrx_word' id='word_1_297' title='bbox 1851 3498 1923 3552; x_wconf 84' lang='lat' dir='ltr'><strong>ita</strong></span> 
     </span>
    </p>
   </div>
   <div class='ocr_carea' id='block_1_37' title="bbox 336 3585 1926 3667">
    <p class='ocr_par' dir='ltr' id='par_1_37' title="bbox 336 3585 1926 3667">
     <span class='ocr_line' id='line_1_37' title="bbox 336 3585 1926 3667; baseline -0.008 -10"><span class='ocrx_word' id='word_1_298' title='bbox 336 3612 481 3657; x_wconf 90' lang='lat' dir='ltr'><strong>tuam</strong></span> <span class='ocrx_word' id='word_1_299' title='bbox 513 3603 841 3667; x_wconf 78' lang='lat' dir='ltr'><strong>deeolorare,</strong></span> <span class='ocrx_word' id='word_1_300' title='bbox 875 3608 930 3654; x_wconf 92' lang='lat' dir='ltr'><strong>ut</strong></span> <span class='ocrx_word' id='word_1_301' title='bbox 959 3609 1016 3655; x_wconf 85' lang='lat' dir='ltr'><strong>te</strong></span> <span class='ocrx_word' id='word_1_302' title='bbox 1037 3599 1169 3653; x_wconf 85' lang='lat' dir='ltr'><strong>velis</strong></span> <span class='ocrx_word' id='word_1_303' title='bbox 1198 3597 1400 3667; x_wconf 83' lang='lat' dir='ltr'><strong>fugere,</strong></span> <span class='ocrx_word' id='word_1_304' title='bbox 1451 3594 1498 3650; x_wconf 91' lang='lat' dir='ltr'><strong>si</strong></span> <span class='ocrx_word' id='word_1_305' title='bbox 1528 3585 1669 3648; x_wconf 88' lang='lat' dir='ltr'><strong>illam</strong></span> <span class='ocrx_word' id='word_1_306' title='bbox 1699 3593 1750 3646; x_wconf 92' lang='lat' dir='ltr'><strong>in</strong></span> <span class='ocrx_word' id='word_1_307' title='bbox 1802 3605 1926 3660; x_wconf 83' lang='lat' dir='ltr'><strong>spe-</strong></span> 
     </span>
    </p>
   </div>
   <div class='ocr_carea' id='block_1_38' title="bbox 315 3681 1924 3764">
    <p class='ocr_par' dir='ltr' id='par_1_38' title="bbox 315 3681 1924 3764">
     <span class='ocr_line' id='line_1_38' title="bbox 315 3681 1924 3764; baseline -0.01 -14"><span class='ocrx_word' id='word_1_308' title='bbox 315 3683 456 3750; x_wconf 71' lang='lat' dir='ltr'><strong>culo</strong></span> <span class='ocrx_word' id='word_1_309' title='bbox 497 3693 668 3764; x_wconf 89' lang='lat' dir='ltr'><strong>possis</strong></span> <span class='ocrx_word' id='word_1_310' title='bbox 719 3693 979 3763; x_wconf 86' lang='lat' dir='ltr'><strong>aspicere.</strong></span> <span class='ocrx_word' id='word_1_311' title='bbox 1033 3689 1140 3746; x_wconf 90' lang='lat' dir='ltr'><strong>Cur</strong></span> <span class='ocrx_word' id='word_1_312' title='bbox 1168 3689 1313 3743; x_wconf 88' lang='lat' dir='ltr'><strong>enim</strong></span> <span class='ocrx_word' id='word_1_313' title='bbox 1335 3697 1388 3742; x_wconf 93' lang='lat' dir='ltr'><strong>et</strong></span> <span class='ocrx_word' id='word_1_314' title='bbox 1418 3685 1616 3756; x_wconf 90' lang='lat' dir='ltr'><strong>posteri</strong></span> <span class='ocrx_word' id='word_1_315' title='bbox 1643 3682 1796 3752; x_wconf 85' lang='lat' dir='ltr'><strong>primi</strong></span> <span class='ocrx_word' id='word_1_316' title='bbox 1828 3681 1924 3735; x_wconf 87' lang='lat' dir='ltr'><strong>ho-</strong></span> 
     </span>
    </p>
   </div>
   <div class='ocr_carea' id='block_1_39' title="bbox 338 3773 1922 3855">
    <p class='ocr_par' dir='ltr' id='par_1_39' title="bbox 338 3773 1922 3855">
     <span class='ocr_line' id='line_1_39' title="bbox 338 3773 1922 3855; baseline -0.011 -15"><span class='ocrx_word' id='word_1_317' title='bbox 338 3787 504 3840; x_wconf 88' lang='lat' dir='ltr'><strong>minis</strong></span> <span class='ocrx_word' id='word_1_318' title='bbox 550 3784 604 3838; x_wconf 93' lang='lat' dir='ltr'><strong>in</strong></span> <span class='ocrx_word' id='word_1_319' title='bbox 636 3783 886 3855; x_wconf 84' lang='lat' dir='ltr'><strong>paradiso</strong></span> <span class='ocrx_word' id='word_1_320' title='bbox 922 3781 1069 3845; x_wconf 92' lang='lat' dir='ltr'><strong>nati,</strong></span> <span class='ocrx_word' id='word_1_321' title='bbox 1115 3788 1171 3834; x_wconf 91' lang='lat' dir='ltr'><strong>et</strong></span> <span class='ocrx_word' id='word_1_322' title='bbox 1205 3793 1312 3833; x_wconf 90' lang='lat' dir='ltr'><strong>non</strong></span> <span class='ocrx_word' id='word_1_323' title='bbox 1355 3776 1526 3832; x_wconf 90' lang='lat' dir='ltr'><strong>solum</strong></span> <span class='ocrx_word' id='word_1_324' title='bbox 1553 3773 1700 3840; x_wconf 91' lang='lat' dir='ltr'><strong>boni,</strong></span> <span class='ocrx_word' id='word_1_325' title='bbox 1734 3787 1922 3827; x_wconf 90' lang='lat' dir='ltr'><strong>verum</strong></span> 
     </span>
    </p>
   </div>
   <div class='ocr_carea' id='block_1_40' title="bbox 337 3863 1927 3946">
    <p class='ocr_par' dir='ltr' id='par_1_40' title="bbox 337 3863 1927 3946">
     <span class='ocr_line' id='line_1_40' title="bbox 337 3863 1927 3946; baseline -0.011 -13"><span class='ocrx_word' id='word_1_326' title='bbox 337 3880 503 3934; x_wconf 88' lang='lat' dir='ltr'><strong>etiam</strong></span> <span class='ocrx_word' id='word_1_327' title='bbox 533 3877 702 3942; x_wconf 86' lang='lat' dir='ltr'><strong>beati,</strong></span> <span class='ocrx_word' id='word_1_328' title='bbox 733 3882 1052 3946; x_wconf 83' lang='lat' dir='ltr'><strong>cogerentur</strong></span> <span class='ocrx_word' id='word_1_329' title='bbox 1085 3871 1255 3935; x_wconf 91' lang='lat' dir='ltr'><strong>mori,</strong></span> <span class='ocrx_word' id='word_1_330' title='bbox 1283 3870 1326 3924; x_wconf 92' lang='lat' dir='ltr'><strong>si</strong></span> <span class='ocrx_word' id='word_1_331' title='bbox 1369 3883 1464 3924; x_wconf 91' lang='lat' dir='ltr'><strong>eos</strong></span> <span class='ocrx_word' id='word_1_332' title='bbox 1487 3866 1633 3922; x_wconf 88' lang='lat' dir='ltr'><strong>nulla</strong></span> <span class='ocrx_word' id='word_1_333' title='bbox 1673 3863 1828 3934; x_wconf 88' lang='lat' dir='ltr'><strong>culpa</strong></span> <span class='ocrx_word' id='word_1_334' title='bbox 1859 3863 1927 3918; x_wconf 89' lang='lat' dir='ltr'><strong>de</strong></span> 
     </span>
    </p>
   </div>
   <div class='ocr_carea' id='block_1_41' title="bbox 340 3957 1929 4038">
    <p class='ocr_par' dir='ltr' id='par_1_41' title="bbox 340 3957 1929 4038">
     <span class='ocr_line' id='line_1_41' title="bbox 340 3957 1929 4038; baseline -0.007 -18"><span class='ocrx_word' id='word_1_335' title='bbox 340 3969 594 4038; x_wconf 80' lang='lat' dir='ltr'><strong>paradiso</strong></span> <span class='ocrx_word' id='word_1_336' title='bbox 616 3967 764 4023; x_wconf 79' lang='lat' dir='ltr'><strong>exire</strong></span> <span class='ocrx_word' id='word_1_337' title='bbox 791 3966 1159 4036; x_wconf 85' lang='lat' dir='ltr'><strong>compelleret,</strong></span> <span class='ocrx_word' id='word_1_338' title='bbox 1181 3963 1270 4017; x_wconf 91' lang='lat' dir='ltr'><strong>ubi</strong></span> <span class='ocrx_word' id='word_1_339' title='bbox 1307 3971 1423 4016; x_wconf 88' lang='lat' dir='ltr'><strong>erat</strong></span> <span class='ocrx_word' id='word_1_340' title='bbox 1449 3959 1651 4030; x_wconf 78' lang='lat' dir='ltr'><strong>lignum</strong></span> <span class='ocrx_word' id='word_1_341' title='bbox 1680 3957 1803 4011; x_wconf 73' lang='lat' dir='ltr'><strong>vitae</strong></span> <span class='ocrx_word' id='word_1_342' title='bbox 1826 3996 1840 4020; x_wconf 91' lang='lat'><strong>,</strong></span> <span class='ocrx_word' id='word_1_343' title='bbox 1874 3965 1929 4010; x_wconf 91' lang='lat' dir='ltr'><strong>et</strong></span> 
     </span>
    </p>
   </div>
   <div class='ocr_carea' id='block_1_42' title="bbox 341 4045 1928 4125">
    <p class='ocr_par' dir='ltr' id='par_1_42' title="bbox 341 4045 1928 4125">
     <span class='ocr_line' id='line_1_42' title="bbox 341 4045 1928 4125; baseline -0.011 -10"><span class='ocrx_word' id='word_1_344' title='bbox 341 4074 551 4115; x_wconf 85' lang='lat' dir='ltr'><strong>summa</strong></span> <span class='ocrx_word' id='word_1_345' title='bbox 581 4074 648 4114; x_wconf 78' lang='lat' dir='ltr'><strong>ex</strong></span> <span class='ocrx_word' id='word_1_346' title='bbox 679 4059 769 4112; x_wconf 92' lang='lat' dir='ltr'><strong>illo</strong></span> <span class='ocrx_word' id='word_1_347' title='bbox 796 4055 1004 4111; x_wconf 86' lang='lat' dir='ltr'><strong>vivendi</strong></span> <span class='ocrx_word' id='word_1_348' title='bbox 1025 4062 1280 4125; x_wconf 89' lang='lat' dir='ltr'><strong>potestas,</strong></span> <span class='ocrx_word' id='word_1_349' title='bbox 1310 4048 1574 4106; x_wconf 89' lang='lat' dir='ltr'><strong>moriendi</strong></span> <span class='ocrx_word' id='word_1_350' title='bbox 1604 4055 1782 4102; x_wconf 87' lang='lat' dir='ltr'><strong>autem</strong></span> <span class='ocrx_word' id='word_1_351' title='bbox 1809 4045 1928 4099; x_wconf 87' lang='lat' dir='ltr'><strong>nul-</strong></span> 
     </span>
    </p>
   </div>
   <div class='ocr_carea' id='block_1_43' title="bbox 343 4135 1926 4218">
    <p class='ocr_par' dir='ltr' id='par_1_43' title="bbox 343 4135 1926 4218">
     <span class='ocr_line' id='line_1_43' title="bbox 343 4135 1926 4218; baseline -0.01 -12"><span class='ocrx_word' id='word_1_352' title='bbox 343 4153 390 4206; x_wconf 92' lang='lat' dir='ltr'><strong>la</strong></span> <span class='ocrx_word' id='word_1_353' title='bbox 419 4150 754 4206; x_wconf 82' lang='lat' dir='ltr'><strong>necessitas?</strong></span> <span class='ocrx_word' id='word_1_354' title='bbox 783 4148 948 4218; x_wconf 84' lang='lat' dir='ltr'><strong>Aqua</strong></span> <span class='ocrx_word' id='word_1_355' title='bbox 977 4145 1295 4202; x_wconf 77' lang='lat' dir='ltr'><strong>necessitate</strong></span> <span class='ocrx_word' id='word_1_356' title='bbox 1326 4139 1568 4197; x_wconf 87' lang='lat' dir='ltr'><strong>translati</strong></span> <span class='ocrx_word' id='word_1_357' title='bbox 1593 4151 1717 4194; x_wconf 90' lang='lat' dir='ltr'><strong>sunt</strong></span> <span class='ocrx_word' id='word_1_358' title='bbox 1737 4135 1926 4192; x_wconf 82' lang='lat' dir='ltr'><strong>Enoch</strong></span> 
     </span>
    </p>
   </div>
   <div class='ocr_carea' id='block_1_44' title="bbox 343 4223 1930 4304">
    <p class='ocr_par' dir='ltr' id='par_1_44' title="bbox 343 4223 1930 4304">
     <span class='ocr_line' id='line_1_44' title="bbox 343 4223 1930 4304; baseline -0.01 -5"><span class='ocrx_word' id='word_1_359' title='bbox 343 4254 396 4299; x_wconf 87' lang='lat' dir='ltr'><strong>et</strong></span> <span class='ocrx_word' id='word_1_360' title='bbox 421 4244 573 4299; x_wconf 87' lang='lat' dir='ltr'><strong>Elias</strong></span> <span class='ocrx_word' id='word_1_361' title='bbox 602 4260 615 4295; x_wconf 88' lang='lat'><strong>:</strong></span> <span class='ocrx_word' id='word_1_362' title='bbox 649 4243 700 4296; x_wconf 93' lang='lat' dir='ltr'><strong>in</strong></span> <span class='ocrx_word' id='word_1_363' title='bbox 731 4240 816 4296; x_wconf 89' lang='lat' dir='ltr'><strong>bis</strong></span> <span class='ocrx_word' id='word_1_364' title='bbox 843 4223 1191 4296; x_wconf 35' lang='lat' dir='ltr'><strong>enim-terris</strong></span> <span class='ocrx_word' id='word_1_365' title='bbox 1227 4243 1416 4300; x_wconf 90' lang='lat' dir='ltr'><strong>erant,</strong></span> <span class='ocrx_word' id='word_1_366' title='bbox 1449 4234 1539 4289; x_wconf 92' lang='lat' dir='ltr'><strong>ubi</strong></span> <span class='ocrx_word' id='word_1_367' title='bbox 1568 4234 1777 4304; x_wconf 82' lang='lat' dir='ltr'><strong>lignum</strong></span> <span class='ocrx_word' id='word_1_368' title='bbox 1807 4231 1930 4284; x_wconf 57' lang='lat' dir='ltr'><strong>vitae</strong></span> 
     </span>
    </p>
   </div>
   <div class='ocr_carea' id='block_1_45' title="bbox 346 4322 1932 4398">
    <p class='ocr_par' dir='ltr' id='par_1_45' title="bbox 346 4322 1932 4398">
     <span class='ocr_line' id='line_1_45' title="bbox 346 4322 1932 4398; baseline -0.008 -10"><span class='ocrx_word' id='word_1_369' title='bbox 346 4350 450 4389; x_wconf 90' lang='lat' dir='ltr'><strong>non</strong></span> <span class='ocrx_word' id='word_1_370' title='bbox 471 4342 625 4398; x_wconf 83' lang='lat' dir='ltr'><strong>erat,</strong></span> <span class='ocrx_word' id='word_1_371' title='bbox 653 4340 706 4388; x_wconf 91' lang='lat' dir='ltr'><strong>et</strong></span> <span class='ocrx_word' id='word_1_372' title='bbox 731 4330 852 4386; x_wconf 90' lang='lat' dir='ltr'><strong>ideo</strong></span> <span class='ocrx_word' id='word_1_373' title='bbox 881 4345 974 4384; x_wconf 91' lang='lat' dir='ltr'><strong>eos</strong></span> <span class='ocrx_word' id='word_1_374' title='bbox 1001 4328 1068 4383; x_wconf 88' lang='lat' dir='ltr'><strong>ad</strong></span> <span class='ocrx_word' id='word_1_375' title='bbox 1095 4327 1253 4398; x_wconf 79' lang='lat' dir='ltr'><strong>hujus</strong></span> <span class='ocrx_word' id='word_1_376' title='bbox 1277 4327 1402 4382; x_wconf 68' lang='lat' dir='ltr'><strong>vita:</strong></span> <span class='ocrx_word' id='word_1_377' title='bbox 1424 4324 1604 4390; x_wconf 86' lang='lat' dir='ltr'><strong>finem,</strong></span> <span class='ocrx_word' id='word_1_378' title='bbox 1632 4322 1932 4379; x_wconf 86' lang='lat' dir='ltr'><strong>communis</strong></span> 
     </span>
    </p>
   </div>
   <div class='ocr_carea' id='block_1_46' title="bbox 348 4415 1933 4487">
    <p class='ocr_par' dir='ltr' id='par_1_46' title="bbox 348 4415 1933 4487">
     <span class='ocr_line' id='line_1_46' title="bbox 348 4415 1933 4487; baseline -0.006 -10"><span class='ocrx_word' id='word_1_379' title='bbox 348 4423 600 4480; x_wconf 86' lang='lat' dir='ltr'><strong>omnibus</strong></span> <span class='ocrx_word' id='word_1_380' title='bbox 653 4422 949 4476; x_wconf 84' lang='lat' dir='ltr'><strong>necessitas</strong></span> <span class='ocrx_word' id='word_1_381' title='bbox 1005 4421 1193 4474; x_wconf 88' lang='lat' dir='ltr'><strong>mortis</strong></span> <span class='ocrx_word' id='word_1_382' title='bbox 1220 4419 1462 4487; x_wconf 80' lang='lat' dir='ltr'><strong>urgebat.</strong></span> <span class='ocrx_word' id='word_1_383' title='bbox 1509 4415 1641 4470; x_wconf 86' lang='lat' dir='ltr'><strong>Nam</strong></span> <span class='ocrx_word' id='word_1_384' title='bbox 1695 4429 1802 4484; x_wconf 90' lang='lat' dir='ltr'><strong>quo</strong></span> <span class='ocrx_word' id='word_1_385' title='bbox 1838 4427 1933 4469; x_wconf 85' lang='lat' dir='ltr'><strong>eos</strong></span> 
     </span>
    </p>
   </div>
   <div class='ocr_carea' id='block_1_47' title="bbox 347 4505 1930 4574">
    <p class='ocr_par' dir='ltr' id='par_1_47' title="bbox 347 4505 1930 4574">
     <span class='ocr_line' id='line_1_47' title="bbox 347 4505 1930 4574; baseline -0.006 -8"><span class='ocrx_word' id='word_1_386' title='bbox 347 4511 676 4569; x_wconf 87' lang='lat' dir='ltr'><strong>credendum</strong></span> <span class='ocrx_word' id='word_1_387' title='bbox 726 4518 808 4566; x_wconf 91' lang='lat' dir='ltr'><strong>est</strong></span> <span class='ocrx_word' id='word_1_388' title='bbox 853 4509 1020 4564; x_wconf 88' lang='lat' dir='ltr'><strong>fuisse</strong></span> <span class='ocrx_word' id='word_1_389' title='bbox 1047 4508 1356 4572; x_wconf 89' lang='lat' dir='ltr'><strong>translatos,-</strong></span> <span class='ocrx_word' id='word_1_390' title='bbox 1404 4506 1506 4560; x_wconf 91' lang='lat' dir='ltr'><strong>nisi</strong></span> <span class='ocrx_word' id='word_1_391' title='bbox 1537 4505 1624 4560; x_wconf 86' lang='lat' dir='ltr'><strong>ubi</strong></span> <span class='ocrx_word' id='word_1_392' title='bbox 1651 4513 1734 4559; x_wconf 89' lang='lat' dir='ltr'><strong>est</strong></span> <span class='ocrx_word' id='word_1_393' title='bbox 1757 4505 1930 4574; x_wconf 90' lang='lat' dir='ltr'><strong>ipsum</strong></span> 
     </span>
    </p>
   </div>
   <div class='ocr_carea' id='block_1_48' title="bbox 349 4595 1932 4673">
    <p class='ocr_par' dir='ltr' id='par_1_48' title="bbox 349 4595 1932 4673">
     <span class='ocr_line' id='line_1_48' title="bbox 349 4595 1932 4673; baseline -0.003 -18"><span class='ocrx_word' id='word_1_394' title='bbox 349 4602 473 4658; x_wconf 73' lang='lat' dir='ltr'><strong>vita:</strong></span> <span class='ocrx_word' id='word_1_395' title='bbox 503 4603 726 4673; x_wconf 81' lang='lat' dir='ltr'><strong>lignum,</strong></span> <span class='ocrx_word' id='word_1_396' title='bbox 759 4601 900 4657; x_wconf 91' lang='lat' dir='ltr'><strong>unde</strong></span> <span class='ocrx_word' id='word_1_397' title='bbox 928 4600 1035 4655; x_wconf 90' lang='lat' dir='ltr'><strong>illis</strong></span> <span class='ocrx_word' id='word_1_398' title='bbox 1062 4600 1130 4655; x_wconf 87' lang='lat' dir='ltr'><strong>sit</strong></span> <span class='ocrx_word' id='word_1_399' title='bbox 1161 4607 1396 4670; x_wconf 88' lang='lat' dir='ltr'><strong>potestas</strong></span> <span class='ocrx_word' id='word_1_400' title='bbox 1418 4596 1665 4661; x_wconf 89' lang='lat' dir='ltr'><strong>vivendi,</strong></span> <span class='ocrx_word' id='word_1_401' title='bbox 1697 4610 1797 4650; x_wconf 88' lang='lat' dir='ltr'><strong>nec</strong></span> <span class='ocrx_word' id='word_1_402' title='bbox 1826 4595 1932 4650; x_wconf 89' lang='lat' dir='ltr'><strong>ulla</strong></span> 
     </span>
    </p>
   </div>
   <div class='ocr_carea' id='block_1_49' title="bbox 352 4685 1926 4758">
    <p class='ocr_par' dir='ltr' id='par_1_49' title="bbox 352 4685 1926 4758">
     <span class='ocr_line' id='line_1_49' title="bbox 352 4685 1926 4758; baseline -0.006 -9"><span class='ocrx_word' id='word_1_403' title='bbox 352 4693 614 4749; x_wconf 88' lang='lat' dir='ltr'><strong>moriendi</strong></span> <span class='ocrx_word' id='word_1_404' title='bbox 661 4692 992 4756; x_wconf 85' lang='lat' dir='ltr'><strong>necessitas;</strong></span> <span class='ocrx_word' id='word_1_405' title='bbox 1025 4691 1162 4745; x_wconf 85' lang='lat' dir='ltr'><strong>sicut</strong></span> <span class='ocrx_word' id='word_1_406' title='bbox 1202 4697 1345 4744; x_wconf 84' lang='lat' dir='ltr'><strong>esset</strong></span> <span class='ocrx_word' id='word_1_407' title='bbox 1373 4689 1426 4744; x_wconf 90' lang='lat' dir='ltr'><strong>in</strong></span> <span class='ocrx_word' id='word_1_408' title='bbox 1467 4687 1722 4758; x_wconf 86' lang='lat' dir='ltr'><strong>paradiso</strong></span> <span class='ocrx_word' id='word_1_409' title='bbox 1749 4685 1926 4740; x_wconf 89' lang='lat' dir='ltr'><strong>homi—</strong></span> 
     </span>
    </p>
   </div>
   <div class='ocr_carea' id='block_1_50' title="bbox 355 4778 1932 4856">
    <p class='ocr_par' dir='ltr' id='par_1_50' title="bbox 355 4778 1932 4856">
     <span class='ocr_line' id='line_1_50' title="bbox 355 4778 1932 4856; baseline -0.006 -14"><span class='ocrx_word' id='word_1_410' title='bbox 355 4788 534 4851; x_wconf 86' lang='lat' dir='ltr'><strong>nibus,</strong></span> <span class='ocrx_word' id='word_1_411' title='bbox 582 4786 636 4840; x_wconf 92' lang='lat' dir='ltr'><strong>in</strong></span> <span class='ocrx_word' id='word_1_412' title='bbox 688 4786 881 4856; x_wconf 90' lang='lat' dir='ltr'><strong>quibus</strong></span> <span class='ocrx_word' id='word_1_413' title='bbox 925 4784 1066 4839; x_wconf 92' lang='lat' dir='ltr'><strong>nulla</strong></span> <span class='ocrx_word' id='word_1_414' title='bbox 1100 4781 1352 4852; x_wconf 87' lang='lat' dir='ltr'><strong>peccandi</strong></span> <span class='ocrx_word' id='word_1_415' title='bbox 1385 4781 1618 4836; x_wconf 88' lang='lat' dir='ltr'><strong>oriretur</strong></span> <span class='ocrx_word' id='word_1_416' title='bbox 1646 4778 1897 4835; x_wconf 88' lang='lat' dir='ltr'><strong>voluntas</strong></span> <span class='ocrx_word' id='word_1_417' title='bbox 1918 4819 1932 4844; x_wconf 91' lang='lat'><strong>,</strong></span> 
     </span>
    </p>
   </div>
   <div class='ocr_carea' id='block_1_51' title="bbox 353 4872 1937 4946">
    <p class='ocr_par' dir='ltr' id='par_1_51' title="bbox 353 4872 1937 4946">
     <span class='ocr_line' id='line_1_51' title="bbox 353 4872 1937 4946; baseline -0.004 -14"><span class='ocrx_word' id='word_1_418' title='bbox 353 4894 473 4946; x_wconf 81' lang='lat' dir='ltr'><strong>qua:</strong></span> <span class='ocrx_word' id='word_1_419' title='bbox 503 4875 626 4932; x_wconf 90' lang='lat' dir='ltr'><strong>illos</strong></span> <span class='ocrx_word' id='word_1_420' title='bbox 654 4877 727 4930; x_wconf 91' lang='lat' dir='ltr'><strong>ibi</strong></span> <span class='ocrx_word' id='word_1_421' title='bbox 753 4890 872 4930; x_wconf 86' lang='lat' dir='ltr'><strong>esse</strong></span> <span class='ocrx_word' id='word_1_422' title='bbox 897 4889 1002 4930; x_wconf 90' lang='lat' dir='ltr'><strong>non</strong></span> <span class='ocrx_word' id='word_1_423' title='bbox 1030 4875 1248 4938; x_wconf 78' lang='lat' dir='ltr'><strong>sineret,</strong></span> <span class='ocrx_word' id='word_1_424' title='bbox 1278 4874 1369 4929; x_wconf 89' lang='lat' dir='ltr'><strong>ubi</strong></span> <span class='ocrx_word' id='word_1_425' title='bbox 1400 4873 1544 4928; x_wconf 83' lang='lat' dir='ltr'><strong>nulla</strong></span> <span class='ocrx_word' id='word_1_426' title='bbox 1569 4872 1796 4943; x_wconf 64' lang='lat' dir='ltr'><strong>aequitas</strong></span> <span class='ocrx_word' id='word_1_427' title='bbox 1821 4885 1937 4925; x_wconf 84' lang='lat' dir='ltr'><strong>mo-</strong></span> 
     </span>
    </p>
   </div>
   <div class='ocr_carea' id='block_1_52' title="bbox 354 4964 1940 5038">
    <p class='ocr_par' dir='ltr' id='par_1_52' title="bbox 354 4964 1940 5038">
     <span class='ocr_line' id='line_1_52' title="bbox 354 4964 1940 5038; baseline -0.003 -14"><span class='ocrx_word' id='word_1_428' title='bbox 354 4967 400 5024; x_wconf 85' lang='lat' dir='ltr'><strong>ri</strong></span> <span class='ocrx_word' id='word_1_429' title='bbox 430 4969 695 5038; x_wconf 80' lang='lat' dir='ltr'><strong>cogeret?</strong></span> <span class='ocrx_word' id='word_1_430' title='bbox 719 4967 1053 5037; x_wconf 82' lang='lat' dir='ltr'><strong>Quapropter</strong></span> <span class='ocrx_word' id='word_1_431' title='bbox 1104 4966 1346 5036; x_wconf 78' lang='lat' dir='ltr'><strong>exempla</strong></span> <span class='ocrx_word' id='word_1_432' title='bbox 1379 4964 1563 5020; x_wconf 82' lang='lat' dir='ltr'><strong>Enoch</strong></span> <span class='ocrx_word' id='word_1_433' title='bbox 1596 4974 1648 5021; x_wconf 87' lang='lat' dir='ltr'><strong>et</strong></span> <span class='ocrx_word' id='word_1_434' title='bbox 1681 4965 1812 5019; x_wconf 77' lang='lat' dir='ltr'><strong>Elia:</strong></span> <span class='ocrx_word' id='word_1_435' title='bbox 1842 4979 1940 5019; x_wconf 87' lang='lat' dir='ltr'><strong>nos</strong></span> 
     </span>
    </p>
   </div>
   <div class='ocr_carea' id='block_1_53' title="bbox 357 5058 1940 5130">
    <p class='ocr_par' dir='ltr' id='par_1_53' title="bbox 357 5058 1940 5130">
     <span class='ocr_line' id='line_1_53' title="bbox 357 5058 1940 5130; baseline -0.001 -16"><span class='ocrx_word' id='word_1_436' title='bbox 357 5061 533 5130; x_wconf 89' lang='lat' dir='ltr'><strong>potius</strong></span> <span class='ocrx_word' id='word_1_437' title='bbox 560 5076 719 5130; x_wconf 89' lang='lat' dir='ltr'><strong>quam</strong></span> <span class='ocrx_word' id='word_1_438' title='bbox 747 5075 840 5115; x_wconf 90' lang='lat' dir='ltr'><strong>vos</strong></span> <span class='ocrx_word' id='word_1_439' title='bbox 891 5059 1163 5130; x_wconf 84' lang='lat' dir='ltr'><strong>adjuvant.</strong></span> <span class='ocrx_word' id='word_1_440' title='bbox 1197 5059 1337 5114; x_wconf 90' lang='lat' dir='ltr'><strong>Deus</strong></span> <span class='ocrx_word' id='word_1_441' title='bbox 1366 5060 1561 5129; x_wconf 87' lang='lat' dir='ltr'><strong>quippe</strong></span> <span class='ocrx_word' id='word_1_442' title='bbox 1599 5059 1652 5113; x_wconf 93' lang='lat' dir='ltr'><strong>in</strong></span> <span class='ocrx_word' id='word_1_443' title='bbox 1673 5058 1764 5113; x_wconf 79' lang='lat' dir='ltr'><strong>his</strong></span> <span class='ocrx_word' id='word_1_444' title='bbox 1800 5059 1940 5113; x_wconf 90' lang='lat' dir='ltr'><strong>duo-</strong></span> 
     </span>
    </p>
   </div>
   <div class='ocr_carea' id='block_1_54' title="bbox 357 5149 1940 5222">
    <p class='ocr_par' dir='ltr' id='par_1_54' title="bbox 357 5149 1940 5222">
     <span class='ocr_line' id='line_1_54' title="bbox 357 5149 1940 5222; baseline 0 -18"><span class='ocrx_word' id='word_1_445' title='bbox 357 5150 457 5205; x_wconf 87' lang='lat' dir='ltr'><strong>bus</strong></span> <span class='ocrx_word' id='word_1_446' title='bbox 499 5151 772 5216; x_wconf 88' lang='lat' dir='ltr'><strong>ostendit,</strong></span> <span class='ocrx_word' id='word_1_447' title='bbox 801 5151 931 5222; x_wconf 88' lang='lat' dir='ltr'><strong>quid</strong></span> <span class='ocrx_word' id='word_1_448' title='bbox 955 5151 1116 5206; x_wconf 90' lang='lat' dir='ltr'><strong>etiam</strong></span> <span class='ocrx_word' id='word_1_449' title='bbox 1164 5149 1268 5205; x_wconf 89' lang='lat' dir='ltr'><strong>illis</strong></span> <span class='ocrx_word' id='word_1_450' title='bbox 1295 5165 1430 5220; x_wconf 90' lang='lat' dir='ltr'><strong>quos</strong></span> <span class='ocrx_word' id='word_1_451' title='bbox 1454 5150 1655 5205; x_wconf 90' lang='lat' dir='ltr'><strong>dimisit</strong></span> <span class='ocrx_word' id='word_1_452' title='bbox 1685 5150 1752 5205; x_wconf 91' lang='lat' dir='ltr'><strong>de</strong></span> <span class='ocrx_word' id='word_1_453' title='bbox 1782 5165 1940 5222; x_wconf 84' lang='lat' dir='ltr'><strong>para-</strong></span> 
     </span>
    </p>
   </div>
   <div class='ocr_carea' id='block_1_55' title="bbox 358 5242 1944 5316">
    <p class='ocr_par' dir='ltr' id='par_1_55' title="bbox 358 5242 1944 5316">
     <span class='ocr_line' id='line_1_55' title="bbox 358 5242 1944 5316; baseline 0.001 -18"><span class='ocrx_word' id='word_1_454' title='bbox 358 5243 508 5312; x_wconf 85' lang='lat' dir='ltr'><strong>diso,</strong></span> <span class='ocrx_word' id='word_1_455' title='bbox 542 5255 888 5316; x_wconf 63' lang='lat' dir='ltr'><strong>praelaturos</strong></span> <span class='ocrx_word' id='word_1_456' title='bbox 932 5253 1095 5310; x_wconf 83' lang='lat' dir='ltr'><strong>esset,</strong></span> <span class='ocrx_word' id='word_1_457' title='bbox 1125 5244 1168 5298; x_wconf 88' lang='lat' dir='ltr'><strong>si</strong></span> <span class='ocrx_word' id='word_1_458' title='bbox 1197 5258 1423 5314; x_wconf 88' lang='lat' dir='ltr'><strong>peccare</strong></span> <span class='ocrx_word' id='word_1_459' title='bbox 1447 5243 1745 5299; x_wconf 88' lang='lat' dir='ltr'><strong>noluissent</strong></span> <span class='ocrx_word' id='word_1_460' title='bbox 1773 5261 1786 5298; x_wconf 89' lang='lat'><strong>:</strong></span> <span class='ocrx_word' id='word_1_461' title='bbox 1821 5242 1944 5300; x_wconf 88' lang='lat' dir='ltr'><strong>inde</strong></span> 
     </span>
    </p>
   </div>
   <div class='ocr_carea' id='block_1_56' title="bbox 359 5331 1942 5405">
    <p class='ocr_par' dir='ltr' id='par_1_56' title="bbox 359 5331 1942 5405">
     <span class='ocr_line' id='line_1_56' title="bbox 359 5331 1942 5405; baseline -0.001 -18"><span class='ocrx_word' id='word_1_462' title='bbox 359 5347 591 5405; x_wconf 84' lang='lat' dir='ltr'><strong>namque</strong></span> <span class='ocrx_word' id='word_1_463' title='bbox 627 5332 785 5404; x_wconf 74' lang='lat' dir='ltr'><strong>eiecti</strong></span> <span class='ocrx_word' id='word_1_464' title='bbox 825 5343 951 5390; x_wconf 89' lang='lat' dir='ltr'><strong>sunt</strong></span> <span class='ocrx_word' id='word_1_465' title='bbox 985 5332 1092 5399; x_wconf 88' lang='lat' dir='ltr'><strong>isti,</strong></span> <span class='ocrx_word' id='word_1_466' title='bbox 1143 5347 1250 5402; x_wconf 89' lang='lat' dir='ltr'><strong>quo</strong></span> <span class='ocrx_word' id='word_1_467' title='bbox 1300 5332 1505 5402; x_wconf 88' lang='lat' dir='ltr'><strong>trajecti</strong></span> <span class='ocrx_word' id='word_1_468' title='bbox 1553 5340 1679 5387; x_wconf 91' lang='lat' dir='ltr'><strong>sunt</strong></span> <span class='ocrx_word' id='word_1_469' title='bbox 1704 5332 1800 5386; x_wconf 90' lang='lat' dir='ltr'><strong>illi.</strong></span> <span class='ocrx_word' id='word_1_470' title='bbox 1839 5331 1942 5388; x_wconf 81' lang='lat' dir='ltr'><strong>Ubi</strong></span> 
     </span>
    </p>
   </div>
   <div class='ocr_carea' id='block_1_57' title="bbox 360 5423 1945 5496">
    <p class='ocr_par' dir='ltr' id='par_1_57' title="bbox 360 5423 1945 5496">
     <span class='ocr_line' id='line_1_57' title="bbox 360 5423 1945 5496; baseline -0.001 -15"><span class='ocrx_word' id='word_1_471' title='bbox 360 5427 522 5481; x_wconf 86' lang='lat' dir='ltr'><strong>etiam</strong></span> <span class='ocrx_word' id='word_1_472' title='bbox 552 5425 654 5481; x_wconf 88' lang='lat' dir='ltr'><strong>hoc</strong></span> <span class='ocrx_word' id='word_1_473' title='bbox 679 5425 758 5480; x_wconf 89' lang='lat' dir='ltr'><strong>eis</strong></span> <span class='ocrx_word' id='word_1_474' title='bbox 781 5425 870 5480; x_wconf 84' lang='lat' dir='ltr'><strong>Dei</strong></span> <span class='ocrx_word' id='word_1_475' title='bbox 898 5425 1070 5496; x_wconf 84' lang='lat' dir='ltr'><strong>gratia</strong></span> <span class='ocrx_word' id='word_1_476' title='bbox 1101 5424 1367 5479; x_wconf 88' lang='lat' dir='ltr'><strong>credimus</strong></span> <span class='ocrx_word' id='word_1_477' title='bbox 1391 5439 1512 5479; x_wconf 86' lang='lat' dir='ltr'><strong>esse</strong></span> <span class='ocrx_word' id='word_1_478' title='bbox 1540 5423 1790 5478; x_wconf 89' lang='lat' dir='ltr'><strong>collatum</strong></span> <span class='ocrx_word' id='word_1_479' title='bbox 1816 5463 1832 5490; x_wconf 94' lang='lat'><strong>,</strong></span> <span class='ocrx_word' id='word_1_480' title='bbox 1876 5439 1945 5480; x_wconf 89' lang='lat' dir='ltr'><strong>ne</strong></span> 
     </span>
    </p>
   </div>
   <div class='ocr_carea' id='block_1_58' title="bbox 362 5512 1946 5581">
    <p class='ocr_par' dir='ltr' id='par_1_58' title="bbox 362 5512 1946 5581">
     <span class='ocr_line' id='line_1_58' title="bbox 362 5512 1946 5581; baseline -0.001 -13"><span class='ocrx_word' id='word_1_481' title='bbox 362 5513 632 5570; x_wconf 80' lang='lat' dir='ltr'><strong>baberent</strong></span> <span class='ocrx_word' id='word_1_482' title='bbox 682 5513 822 5570; x_wconf 87' lang='lat' dir='ltr'><strong>unde</strong></span> <span class='ocrx_word' id='word_1_483' title='bbox 850 5513 1108 5581; x_wconf 89' lang='lat' dir='ltr'><strong>dicerent,</strong></span> <span class='ocrx_word' id='word_1_484' title='bbox 1148 5512 1362 5568; x_wconf 82' lang='lat' dir='ltr'><strong>Dimitte</strong></span> <span class='ocrx_word' id='word_1_485' title='bbox 1403 5513 1544 5568; x_wconf 87' lang='lat' dir='ltr'><strong>nobis</strong></span> <span class='ocrx_word' id='word_1_486' title='bbox 1581 5513 1746 5566; x_wconf 80' lang='lat' dir='ltr'><strong>debita</strong></span> <span class='ocrx_word' id='word_1_487' title='bbox 1773 5523 1946 5566; x_wconf 80' lang='lat' dir='ltr'><strong>nostra</strong></span> 
     </span>
    </p>
   </div>
   <div class='ocr_carea' id='block_1_59' title="bbox 363 5602 1948 5677">
    <p class='ocr_par' dir='ltr' id='par_1_59' title="bbox 363 5602 1948 5677">
     <span class='ocr_line' id='line_1_59' title="bbox 363 5602 1948 5677; baseline -0.001 -18"><span class='ocrx_word' id='word_1_488' title='bbox 363 5602 444 5673; x_wconf 72' lang='grc' dir='ltr'><strong>(κ</strong></span> <span class='ocrx_word' id='word_1_489' title='bbox 456 5607 584 5658; x_wconf 86' lang='lat' dir='ltr'><strong>atth.</strong></span> <span class='ocrx_word' id='word_1_490' title='bbox 606 5620 681 5672; x_wconf 82' lang='lat' dir='ltr'><strong>vi,</strong></span> <span class='ocrx_word' id='word_1_491' title='bbox 714 5603 823 5677; x_wconf 73' lang='grc'><strong>12).</strong></span> <span class='ocrx_word' id='word_1_492' title='bbox 852 5603 910 5660; x_wconf 92' lang='lat' dir='ltr'><strong>ln</strong></span> <span class='ocrx_word' id='word_1_493' title='bbox 941 5604 1025 5660; x_wconf 90' lang='lat' dir='ltr'><strong>his</strong></span> <span class='ocrx_word' id='word_1_494' title='bbox 1049 5604 1192 5659; x_wconf 87' lang='lat' dir='ltr'><strong>enim</strong></span> <span class='ocrx_word' id='word_1_495' title='bbox 1220 5604 1400 5672; x_wconf 82' lang='lat' dir='ltr'><strong>terris,</strong></span> <span class='ocrx_word' id='word_1_496' title='bbox 1433 5603 1519 5659; x_wconf 92' lang='lat' dir='ltr'><strong>ubi</strong></span> <span class='ocrx_word' id='word_1_497' title='bbox 1547 5618 1742 5674; x_wconf 88' lang='lat' dir='ltr'><strong>corpus</strong></span> <span class='ocrx_word' id='word_1_498' title='bbox 1762 5617 1948 5657; x_wconf 82' lang='lat' dir='ltr'><strong>corm-</strong></span> 
     </span>
    </p>
   </div>
   <div class='ocr_carea' id='block_1_60' title="bbox 369 5693 1944 5769">
    <p class='ocr_par' dir='ltr' id='par_1_60' title="bbox 369 5693 1944 5769">
     <span class='ocr_line' id='line_1_60' title="bbox 369 5693 1944 5769; baseline 0.003 -21"><span class='ocrx_word' id='word_1_499' title='bbox 369 5693 554 5766; x_wconf 84' lang='lat' dir='ltr'><strong>ptibilc</strong></span> <span class='ocrx_word' id='word_1_500' title='bbox 607 5709 794 5752; x_wconf 84' lang='lat' dir='ltr'><strong>eorum</strong></span> <span class='ocrx_word' id='word_1_501' title='bbox 845 5697 1050 5751; x_wconf 87' lang='lat' dir='ltr'><strong>animas</strong></span> <span class='ocrx_word' id='word_1_502' title='bbox 1077 5696 1394 5769; x_wconf 80' lang='lat' dir='ltr'><strong>aggravabat</strong></span> <span class='ocrx_word' id='word_1_503' title='bbox 1421 5697 1587 5769; x_wconf 83' lang='lat' dir='ltr'><strong>(Sap.</strong></span> <span class='ocrx_word' id='word_1_504' title='bbox 1618 5715 1697 5766; x_wconf 75' lang='lat' dir='ltr'><strong>ts,</strong></span> <span class='ocrx_word' id='word_1_505' title='bbox 1727 5698 1843 5768; x_wconf 82' lang='lat' dir='ltr'><strong>l5),</strong></span> <span class='ocrx_word' id='word_1_506' title='bbox 1877 5699 1944 5754; x_wconf 89' lang='lat' dir='ltr'><strong>ita</strong></span> 
     </span>
    </p>
   </div>
   <div class='ocr_carea' id='block_1_61' title="bbox 1709 279 2238 343">
    <p class='ocr_par' dir='ltr' id='par_1_61' title="bbox 1709 279 2238 343">
     <span class='ocr_line' id='line_1_61' title="bbox 1709 279 2238 343; baseline -0.015 0"><span class='ocrx_word' id='word_1_507' title='bbox 1709 281 1910 343; x_wconf 77' lang='lat' dir='ltr'><strong>LIBER</strong></span> <span class='ocrx_word' id='word_1_508' title='bbox 1948 279 2238 340; x_wconf 73' lang='lat' dir='ltr'><strong>SEXTUS.</strong></span> 
     </span>
    </p>
   </div>
   <div class='ocr_carea' id='block_1_62' title="bbox 3465 266 3596 335">
    <p class='ocr_par' dir='ltr' id='par_1_62' title="bbox 3465 266 3596 335">
     <span class='ocr_line' id='line_1_62' title="bbox 3465 266 3596 335; baseline -0.023 0"><span class='ocrx_word' id='word_1_509' title='bbox 3465 266 3596 335; x_wconf 65' lang='lat' dir='ltr'><strong>I58!</strong></span> 
     </span>
    </p>
   </div>
   <div class='ocr_carea' id='block_1_63' title="bbox 2017 382 3591 464">
    <p class='ocr_par' dir='ltr' id='par_1_63' title="bbox 2017 382 3591 464">
     <span class='ocr_line' id='line_1_63' title="bbox 2017 382 3591 464; baseline -0.002 -15"><span class='ocrx_word' id='word_1_510' title='bbox 2017 393 2372 464; x_wconf 82' lang='lat' dir='ltr'><strong>conﬂigebant</strong></span> <span class='ocrx_word' id='word_1_511' title='bbox 2398 407 2589 462; x_wconf 84' lang='lat' dir='ltr'><strong>magno</strong></span> <span class='ocrx_word' id='word_1_512' title='bbox 2609 407 2776 464; x_wconf 79' lang='lat' dir='ltr'><strong>agone</strong></span> <span class='ocrx_word' id='word_1_513' title='bbox 2799 407 2919 447; x_wconf 90' lang='lat' dir='ltr'><strong>cum</strong></span> <span class='ocrx_word' id='word_1_514' title='bbox 2944 392 3107 458; x_wconf 90' lang='lat' dir='ltr'><strong>vitiis,</strong></span> <span class='ocrx_word' id='word_1_515' title='bbox 3136 401 3194 447; x_wconf 90' lang='lat' dir='ltr'><strong>ut</strong></span> <span class='ocrx_word' id='word_1_516' title='bbox 3218 399 3394 447; x_wconf 84' lang='lat' dir='ltr'><strong>tamen</strong></span> <span class='ocrx_word' id='word_1_517' title='bbox 3437 392 3480 446; x_wconf 89' lang='lat' dir='ltr'><strong>si</strong></span> <span class='ocrx_word' id='word_1_518' title='bbox 3510 382 3591 446; x_wconf 82' lang='lat' dir='ltr'><strong>di-</strong></span> 
     </span>
    </p>
   </div>
   <div class='ocr_carea' id='block_1_64' title="bbox 2013 475 3588 552">
    <p class='ocr_par' dir='ltr' id='par_1_64' title="bbox 2013 475 3588 552">
     <span class='ocr_line' id='line_1_64' title="bbox 2013 475 3588 552; baseline -0.003 -13"><span class='ocrx_word' id='word_1_519' title='bbox 2013 493 2198 540; x_wconf 85' lang='lat' dir='ltr'><strong>cerent</strong></span> <span class='ocrx_word' id='word_1_520' title='bbox 2223 498 2282 539; x_wconf 89' lang='lat' dir='ltr'><strong>se</strong></span> <span class='ocrx_word' id='word_1_521' title='bbox 2313 497 2416 538; x_wconf 91' lang='lat' dir='ltr'><strong>non</strong></span> <span class='ocrx_word' id='word_1_522' title='bbox 2449 481 2644 537; x_wconf 85' lang='lat' dir='ltr'><strong>habere</strong></span> <span class='ocrx_word' id='word_1_523' title='bbox 2670 490 2964 552; x_wconf 84' lang='lat' dir='ltr'><strong>peccatum,</strong></span> <span class='ocrx_word' id='word_1_524' title='bbox 2998 496 3055 536; x_wconf 91' lang='lat' dir='ltr'><strong>se</strong></span> <span class='ocrx_word' id='word_1_525' title='bbox 3088 482 3229 552; x_wconf 90' lang='lat' dir='ltr'><strong>ipsos</strong></span> <span class='ocrx_word' id='word_1_526' title='bbox 3257 475 3588 545; x_wconf 78' lang='lat' dir='ltr'><strong>deciperent,</strong></span> 
     </span>
    </p>
   </div>
   <div class='ocr_carea' id='block_1_65' title="bbox 2014 572 3596 643">
    <p class='ocr_par' dir='ltr' id='par_1_65' title="bbox 2014 572 3596 643">
     <span class='ocr_line' id='line_1_65' title="bbox 2014 572 3596 643; baseline -0.003 -13"><span class='ocrx_word' id='word_1_527' title='bbox 2014 585 2066 630; x_wconf 89' lang='lat' dir='ltr'><strong>et</strong></span> <span class='ocrx_word' id='word_1_528' title='bbox 2097 575 2292 629; x_wconf 87' lang='lat' dir='ltr'><strong>veritas</strong></span> <span class='ocrx_word' id='word_1_529' title='bbox 2337 589 2444 628; x_wconf 88' lang='lat' dir='ltr'><strong>non</strong></span> <span class='ocrx_word' id='word_1_530' title='bbox 2474 582 2618 628; x_wconf 88' lang='lat' dir='ltr'><strong>esset</strong></span> <span class='ocrx_word' id='word_1_531' title='bbox 2669 575 2719 627; x_wconf 92' lang='lat' dir='ltr'><strong>in</strong></span> <span class='ocrx_word' id='word_1_532' title='bbox 2752 573 2830 627; x_wconf 89' lang='lat' dir='ltr'><strong>eis</strong></span> <span class='ocrx_word' id='word_1_533' title='bbox 2861 573 2880 643; x_wconf 92' lang='lat'><strong>(</strong></span> <span class='ocrx_word' id='word_1_534' title='bbox 2910 573 2926 627; x_wconf 93' lang='lat' dir='ltr'><strong>l</strong></span> <span class='ocrx_word' id='word_1_535' title='bbox 2955 573 3110 626; x_wconf 86' lang='lat' dir='ltr'><strong>Joan.</strong></span> <span class='ocrx_word' id='word_1_536' title='bbox 3143 590 3178 636; x_wconf 89' lang='lat' dir='ltr'><strong>I,</strong></span> <span class='ocrx_word' id='word_1_537' title='bbox 3207 572 3240 626; x_wconf 90' lang='grc'><strong><em>8</em></strong></span> <span class='ocrx_word' id='word_1_538' title='bbox 3267 572 3308 642; x_wconf 93' lang='grc'><strong>).</strong></span> <span class='ocrx_word' id='word_1_539' title='bbox 3335 572 3432 639; x_wconf 87' lang='lat' dir='ltr'><strong>Qui</strong></span> <span class='ocrx_word' id='word_1_540' title='bbox 3463 586 3596 625; x_wconf 83' lang='lat' dir='ltr'><strong>sane</strong></span> 
     </span>
    </p>
   </div>
   <div class='ocr_carea' id='block_1_66' title="bbox 2015 661 3597 734">
    <p class='ocr_par' dir='ltr' id='par_1_66' title="bbox 2015 661 3597 734">
     <span class='ocr_line' id='line_1_66' title="bbox 2015 661 3597 734; baseline -0.004 -14"><span class='ocrx_word' id='word_1_541' title='bbox 2015 661 2306 722; x_wconf 80' lang='lat' dir='ltr'><strong>creduntur</strong></span> <span class='ocrx_word' id='word_1_542' title='bbox 2330 665 2398 720; x_wconf 88' lang='lat' dir='ltr'><strong>ad</strong></span> <span class='ocrx_word' id='word_1_543' title='bbox 2423 666 2670 734; x_wconf 82' lang='lat' dir='ltr'><strong>exiguum</strong></span> <span class='ocrx_word' id='word_1_544' title='bbox 2703 664 2959 734; x_wconf 84' lang='lat' dir='ltr'><strong>temporis</strong></span> <span class='ocrx_word' id='word_1_545' title='bbox 3002 663 3223 718; x_wconf 86' lang='lat' dir='ltr'><strong>redituri</strong></span> <span class='ocrx_word' id='word_1_546' title='bbox 3257 663 3308 717; x_wconf 92' lang='lat' dir='ltr'><strong>in</strong></span> <span class='ocrx_word' id='word_1_547' title='bbox 3340 664 3434 715; x_wconf 88' lang='lat' dir='ltr'><strong>has</strong></span> <span class='ocrx_word' id='word_1_548' title='bbox 3485 671 3597 716; x_wconf 75' lang='lat' dir='ltr'><strong>ter-</strong></span> 
     </span>
    </p>
   </div>
   <div class='ocr_carea' id='block_1_67' title="bbox 2013 753 3596 828">
    <p class='ocr_par' dir='ltr' id='par_1_67' title="bbox 2013 753 3596 828">
     <span class='ocr_line' id='line_1_67' title="bbox 2013 753 3596 828; baseline -0.008 -12"><span class='ocrx_word' id='word_1_549' title='bbox 2013 775 2102 817; x_wconf 91' lang='lat' dir='ltr'><strong>ras</strong></span> <span class='ocrx_word' id='word_1_550' title='bbox 2127 802 2142 826; x_wconf 92' lang='lat'><strong>,</strong></span> <span class='ocrx_word' id='word_1_551' title='bbox 2189 768 2246 813; x_wconf 91' lang='lat' dir='ltr'><strong>ut</strong></span> <span class='ocrx_word' id='word_1_552' title='bbox 2283 758 2442 812; x_wconf 89' lang='lat' dir='ltr'><strong>etiam</strong></span> <span class='ocrx_word' id='word_1_553' title='bbox 2473 757 2571 828; x_wconf 87' lang='lat' dir='ltr'><strong>ipsi</strong></span> <span class='ocrx_word' id='word_1_554' title='bbox 2603 772 2722 811; x_wconf 90' lang='lat' dir='ltr'><strong>cum</strong></span> <span class='ocrx_word' id='word_1_555' title='bbox 2769 764 2941 810; x_wconf 89' lang='lat' dir='ltr'><strong>morte</strong></span> <span class='ocrx_word' id='word_1_556' title='bbox 2987 753 3317 825; x_wconf 89' lang='lat' dir='ltr'><strong>confligant,</strong></span> <span class='ocrx_word' id='word_1_557' title='bbox 3348 760 3402 808; x_wconf 89' lang='lat' dir='ltr'><strong>et</strong></span> <span class='ocrx_word' id='word_1_558' title='bbox 3454 753 3596 822; x_wconf 87' lang='lat' dir='ltr'><strong>quod</strong></span> 
     </span>
    </p>
   </div>
   <div class='ocr_carea' id='block_1_68' title="bbox 2013 843 3599 922">
    <p class='ocr_par' dir='ltr' id='par_1_68' title="bbox 2013 843 3599 922">
     <span class='ocr_line' id='line_1_68' title="bbox 2013 843 3599 922; baseline -0.004 -18"><span class='ocrx_word' id='word_1_559' title='bbox 2013 851 2173 922; x_wconf 82' lang='lat' dir='ltr'><strong>primi</strong></span> <span class='ocrx_word' id='word_1_560' title='bbox 2225 850 2454 903; x_wconf 87' lang='lat' dir='ltr'><strong>hominis</strong></span> <span class='ocrx_word' id='word_1_561' title='bbox 2502 848 2776 919; x_wconf 87' lang='lat' dir='ltr'><strong>propagini</strong></span> <span class='ocrx_word' id='word_1_562' title='bbox 2826 847 3051 902; x_wconf 88' lang='lat' dir='ltr'><strong>debetur</strong></span> <span class='ocrx_word' id='word_1_563' title='bbox 3103 845 3405 900; x_wconf 76' lang='lat' dir='ltr'><strong>exsolvant.</strong></span> <span class='ocrx_word' id='word_1_564' title='bbox 3447 843 3599 899; x_wconf 79' lang='lat' dir='ltr'><strong>Unde</strong></span> 
     </span>
    </p>
   </div>
   <div class='ocr_carea' id='block_1_69' title="bbox 2015 933 3596 1013">
    <p class='ocr_par' dir='ltr' id='par_1_69' title="bbox 2015 933 3596 1013">
     <span class='ocr_line' id='line_1_69' title="bbox 2015 933 3596 1013; baseline -0.007 -14"><span class='ocrx_word' id='word_1_565' title='bbox 2015 933 2413 1013; x_wconf 81' lang='lat' dir='ltr'><strong>intelligcndmn</strong></span> <span class='ocrx_word' id='word_1_566' title='bbox 2441 949 2556 1006; x_wconf 86' lang='lat' dir='ltr'><strong>est,</strong></span> <span class='ocrx_word' id='word_1_567' title='bbox 2603 939 2743 1010; x_wconf 85' lang='lat' dir='ltr'><strong>quod</strong></span> <span class='ocrx_word' id='word_1_568' title='bbox 2774 939 2807 993; x_wconf 91' lang='lat' dir='ltr'><strong>ii</strong></span> <span class='ocrx_word' id='word_1_569' title='bbox 2837 940 2926 1008; x_wconf 89' lang='lat' dir='ltr'><strong>qui</strong></span> <span class='ocrx_word' id='word_1_570' title='bbox 2960 948 3234 1007; x_wconf 87' lang='lat' dir='ltr'><strong>peccatum</strong></span> <span class='ocrx_word' id='word_1_571' title='bbox 3268 937 3467 991; x_wconf 84' lang='lat' dir='ltr'><strong>nullum</strong></span> <span class='ocrx_word' id='word_1_572' title='bbox 3500 933 3596 989; x_wconf 70' lang='grc' dir='ltr'><strong>ιω-</strong></span> 
     </span>
    </p>
   </div>
   <div class='ocr_carea' id='block_1_70' title="bbox 2014 1025 3597 1098">
    <p class='ocr_par' dir='ltr' id='par_1_70' title="bbox 2014 1025 3597 1098">
     <span class='ocr_line' id='line_1_70' title="bbox 2014 1025 3597 1098; baseline -0.007 -10"><span class='ocrx_word' id='word_1_573' title='bbox 2014 1034 2224 1098; x_wconf 89' lang='lat' dir='ltr'><strong>berent,</strong></span> <span class='ocrx_word' id='word_1_574' title='bbox 2246 1031 2407 1088; x_wconf 82' lang='lat' dir='ltr'><strong>etﬁlii</strong></span> <span class='ocrx_word' id='word_1_575' title='bbox 2434 1047 2642 1098; x_wconf 89' lang='lat' dir='ltr'><strong>eorum,</strong></span> <span class='ocrx_word' id='word_1_576' title='bbox 2671 1031 2712 1084; x_wconf 90' lang='lat' dir='ltr'><strong>si</strong></span> <span class='ocrx_word' id='word_1_577' title='bbox 2741 1029 2972 1098; x_wconf 88' lang='lat' dir='ltr'><strong>paradisi</strong></span> <span class='ocrx_word' id='word_1_578' title='bbox 2987 1028 3312 1082; x_wconf 85' lang='lat' dir='ltr'><strong>habitatores</strong></span> <span class='ocrx_word' id='word_1_579' title='bbox 3335 1025 3385 1079; x_wconf 91' lang='lat' dir='ltr'><strong>in</strong></span> <span class='ocrx_word' id='word_1_580' title='bbox 3409 1025 3597 1080; x_wconf 90' lang='lat' dir='ltr'><strong>eadem</strong></span> 
     </span>
    </p>
   </div>
   <div class='ocr_carea' id='block_1_71' title="bbox 2015 1117 3600 1192">
    <p class='ocr_par' dir='ltr' id='par_1_71' title="bbox 2015 1117 3600 1192">
     <span class='ocr_line' id='line_1_71' title="bbox 2015 1117 3600 1192; baseline -0.006 -14"><span class='ocrx_word' id='word_1_581' title='bbox 2015 1123 2329 1178; x_wconf 88' lang='lat' dir='ltr'><strong>rectitudine</strong></span> <span class='ocrx_word' id='word_1_582' title='bbox 2382 1131 2772 1192; x_wconf 89' lang='lat' dir='ltr'><strong>permanerent,</strong></span> <span class='ocrx_word' id='word_1_583' title='bbox 2802 1119 2970 1189; x_wconf 82' lang='lat' dir='ltr'><strong>magis</strong></span> <span class='ocrx_word' id='word_1_584' title='bbox 3000 1120 3050 1172; x_wconf 89' lang='lat' dir='ltr'><strong>in</strong></span> <span class='ocrx_word' id='word_1_585' title='bbox 3076 1117 3162 1171; x_wconf 90' lang='lat' dir='ltr'><strong>illa</strong></span> <span class='ocrx_word' id='word_1_586' title='bbox 3195 1117 3600 1171; x_wconf 81' lang='lat' dir='ltr'><strong>immortalitate</strong></span> 
     </span>
    </p>
   </div>
   <div class='ocr_carea' id='block_1_72' title="bbox 2017 1206 3598 1282">
    <p class='ocr_par' dir='ltr' id='par_1_72' title="bbox 2017 1206 3598 1282">
     <span class='ocr_line' id='line_1_72' title="bbox 2017 1206 3598 1282; baseline -0.004 -19"><span class='ocrx_word' id='word_1_587' title='bbox 2017 1210 2366 1282; x_wconf 87' lang='lat' dir='ltr'><strong>persistercnt</strong></span> <span class='ocrx_word' id='word_1_588' title='bbox 2388 1253 2402 1277; x_wconf 94' lang='lat'><strong>,</strong></span> <span class='ocrx_word' id='word_1_589' title='bbox 2429 1210 2600 1265; x_wconf 87' lang='lat' dir='ltr'><strong>donec</strong></span> <span class='ocrx_word' id='word_1_590' title='bbox 2650 1210 2702 1263; x_wconf 93' lang='lat' dir='ltr'><strong>in</strong></span> <span class='ocrx_word' id='word_1_591' title='bbox 2732 1209 3068 1278; x_wconf 83' lang='lat' dir='ltr'><strong>ampliorem,</strong></span> <span class='ocrx_word' id='word_1_592' title='bbox 3101 1208 3244 1261; x_wconf 87' lang='lat' dir='ltr'><strong>nulla</strong></span> <span class='ocrx_word' id='word_1_593' title='bbox 3285 1206 3598 1276; x_wconf 84' lang='lat' dir='ltr'><strong>interposita</strong></span> 
     </span>
    </p>
   </div>
   <div class='ocr_carea' id='block_1_73' title="bbox 2015 1299 3604 1371">
    <p class='ocr_par' dir='ltr' id='par_1_73' title="bbox 2015 1299 3604 1371">
     <span class='ocr_line' id='line_1_73' title="bbox 2015 1299 3604 1371; baseline -0.004 -12"><span class='ocrx_word' id='word_1_594' title='bbox 2015 1315 2207 1371; x_wconf 86' lang='lat' dir='ltr'><strong>morte,</strong></span> <span class='ocrx_word' id='word_1_595' title='bbox 2242 1304 2558 1367; x_wconf 85' lang='lat' dir='ltr'><strong>transirent,</strong></span> <span class='ocrx_word' id='word_1_596' title='bbox 2611 1302 2654 1356; x_wconf 91' lang='lat' dir='ltr'><strong>si</strong></span> <span class='ocrx_word' id='word_1_597' title='bbox 2699 1303 2777 1356; x_wconf 91' lang='lat' dir='ltr'><strong>eis</strong></span> <span class='ocrx_word' id='word_1_598' title='bbox 2818 1301 2905 1371; x_wconf 83' lang='lat' dir='ltr'><strong>qui</strong></span> <span class='ocrx_word' id='word_1_599' title='bbox 2946 1301 3024 1354; x_wconf 89' lang='lat' dir='ltr'><strong>sic</strong></span> <span class='ocrx_word' id='word_1_600' title='bbox 3052 1309 3205 1355; x_wconf 84' lang='lat' dir='ltr'><strong>erant</strong></span> <span class='ocrx_word' id='word_1_601' title='bbox 3242 1301 3293 1354; x_wconf 92' lang='lat' dir='ltr'><strong>in</strong></span> <span class='ocrx_word' id='word_1_602' title='bbox 3328 1299 3411 1353; x_wconf 89' lang='lat' dir='ltr'><strong>his</strong></span> <span class='ocrx_word' id='word_1_603' title='bbox 3449 1301 3604 1352; x_wconf 85' lang='lat' dir='ltr'><strong>terris</strong></span> 
     </span>
    </p>
   </div>
   <div class='ocr_carea' id='block_1_74' title="bbox 2014 1393 3598 1466">
    <p class='ocr_par' dir='ltr' id='par_1_74' title="bbox 2014 1393 3598 1466">
     <span class='ocr_line' id='line_1_74' title="bbox 2014 1393 3598 1466; baseline -0.005 -16"><span class='ocrx_word' id='word_1_604' title='bbox 2014 1404 2162 1450; x_wconf 75' lang='lat' dir='ltr'><strong>extra</strong></span> <span class='ocrx_word' id='word_1_605' title='bbox 2191 1395 2493 1466; x_wconf 89' lang='lat' dir='ltr'><strong>paradisum</strong></span> <span class='ocrx_word' id='word_1_606' title='bbox 2517 1394 2667 1464; x_wconf 84' lang='lat' dir='ltr'><strong>justi,</strong></span> <span class='ocrx_word' id='word_1_607' title='bbox 2703 1403 2758 1446; x_wconf 90' lang='lat' dir='ltr'><strong>ut</strong></span> <span class='ocrx_word' id='word_1_608' title='bbox 2801 1410 2905 1446; x_wconf 87' lang='lat' dir='ltr'><strong>non</strong></span> <span class='ocrx_word' id='word_1_609' title='bbox 2938 1402 3155 1462; x_wconf 85' lang='lat' dir='ltr'><strong>possent</strong></span> <span class='ocrx_word' id='word_1_610' title='bbox 3181 1393 3362 1447; x_wconf 91' lang='lat' dir='ltr'><strong>dicere</strong></span> <span class='ocrx_word' id='word_1_611' title='bbox 3407 1407 3465 1446; x_wconf 89' lang='lat' dir='ltr'><strong>se</strong></span> <span class='ocrx_word' id='word_1_612' title='bbox 3493 1407 3598 1445; x_wconf 90' lang='lat' dir='ltr'><strong>non</strong></span> 
     </span>
    </p>
   </div>
   <div class='ocr_carea' id='block_1_75' title="bbox 2015 1483 3600 1558">
    <p class='ocr_par' dir='ltr' id='par_1_75' title="bbox 2015 1483 3600 1558">
     <span class='ocr_line' id='line_1_75' title="bbox 2015 1483 3600 1558; baseline -0.004 -16"><span class='ocrx_word' id='word_1_613' title='bbox 2015 1487 2212 1542; x_wconf 89' lang='lat' dir='ltr'><strong>habere</strong></span> <span class='ocrx_word' id='word_1_614' title='bbox 2251 1496 2549 1558; x_wconf 88' lang='lat' dir='ltr'><strong>peccatum,</strong></span> <span class='ocrx_word' id='word_1_615' title='bbox 2580 1487 2630 1540; x_wconf 92' lang='lat' dir='ltr'><strong>id</strong></span> <span class='ocrx_word' id='word_1_616' title='bbox 2658 1495 2772 1551; x_wconf 84' lang='lat' dir='ltr'><strong>est,</strong></span> <span class='ocrx_word' id='word_1_617' title='bbox 2802 1483 2987 1540; x_wconf 77' lang='lat' dir='ltr'><strong>Enoch</strong></span> <span class='ocrx_word' id='word_1_618' title='bbox 3014 1494 3068 1539; x_wconf 86' lang='lat' dir='ltr'><strong>et</strong></span> <span class='ocrx_word' id='word_1_619' title='bbox 3097 1484 3225 1539; x_wconf 70' lang='lat' dir='ltr'><strong>lilia:</strong></span> <span class='ocrx_word' id='word_1_620' title='bbox 3249 1493 3446 1538; x_wconf 86' lang='lat' dir='ltr'><strong>tantam</strong></span> <span class='ocrx_word' id='word_1_621' title='bbox 3476 1483 3600 1538; x_wconf 80' lang='lat' dir='ltr'><strong>diu-</strong></span> 
     </span>
    </p>
   </div>
   <div class='ocr_carea' id='block_1_76' title="bbox 2017 1575 3604 1634">
    <p class='ocr_par' dir='ltr' id='par_1_76' title="bbox 2017 1575 3604 1634">
     <span class='ocr_line' id='line_1_76' title="bbox 2017 1575 3604 1634; baseline -0.005 0"><span class='ocrx_word' id='word_1_622' title='bbox 2017 1580 2324 1634; x_wconf 86' lang='lat' dir='ltr'><strong>turnitatem</strong></span> <span class='ocrx_word' id='word_1_623' title='bbox 2371 1579 2493 1632; x_wconf 77' lang='lat' dir='ltr'><strong>vita:</strong></span> <span class='ocrx_word' id='word_1_624' title='bbox 2524 1577 2784 1631; x_wconf 80' lang='lat' dir='ltr'><strong>fateamur</strong></span> <span class='ocrx_word' id='word_1_625' title='bbox 2811 1593 2932 1632; x_wconf 90' lang='lat' dir='ltr'><strong>esse</strong></span> <span class='ocrx_word' id='word_1_626' title='bbox 2970 1577 3241 1631; x_wconf 88' lang='lat' dir='ltr'><strong>collatam.</strong></span> <span class='ocrx_word' id='word_1_627' title='bbox 3291 1576 3397 1631; x_wconf 79' lang='lat' dir='ltr'><strong>Sed</strong></span> <span class='ocrx_word' id='word_1_628' title='bbox 3426 1575 3604 1628; x_wconf 88' lang='lat' dir='ltr'><strong>Domi—</strong></span> 
     </span>
    </p>
   </div>
   <div class='ocr_carea' id='block_1_77' title="bbox 2015 1663 3604 1739">
    <p class='ocr_par' dir='ltr' id='par_1_77' title="bbox 2015 1663 3604 1739">
     <span class='ocr_line' id='line_1_77' title="bbox 2015 1663 3604 1739; baseline -0.005 -17"><span class='ocrx_word' id='word_1_629' title='bbox 2015 1686 2132 1737; x_wconf 86' lang='lat' dir='ltr'><strong>nus,</strong></span> <span class='ocrx_word' id='word_1_630' title='bbox 2169 1669 2365 1739; x_wconf 90' lang='lat' dir='ltr'><strong>inquis,</strong></span> <span class='ocrx_word' id='word_1_631' title='bbox 2389 1670 2724 1738; x_wconf 79' lang='lat' dir='ltr'><strong>interrogatus</strong></span> <span class='ocrx_word' id='word_1_632' title='bbox 2753 1666 2816 1720; x_wconf 87' lang='lat' dir='ltr'><strong>dc</strong></span> <span class='ocrx_word' id='word_1_633' title='bbox 2838 1663 3101 1737; x_wconf 78' lang='lat' dir='ltr'><strong>septinuba</strong></span> <span class='ocrx_word' id='word_1_634' title='bbox 3126 1666 3217 1720; x_wconf 84' lang='lat' dir='ltr'><strong>illa</strong></span> <span class='ocrx_word' id='word_1_635' title='bbox 3240 1665 3467 1731; x_wconf 76' lang='lat' dir='ltr'><strong>muliere,</strong></span> <span class='ocrx_word' id='word_1_636' title='bbox 3509 1680 3604 1718; x_wconf 86' lang='lat' dir='ltr'><strong>sua</strong></span> 
     </span>
    </p>
   </div>
   <div class='ocr_carea' id='block_1_78' title="bbox 2015 1759 3606 1834">
    <p class='ocr_par' dir='ltr' id='par_1_78' title="bbox 2015 1759 3606 1834">
     <span class='ocr_line' id='line_1_78' title="bbox 2015 1759 3606 1834; baseline -0.004 -19"><span class='ocrx_word' id='word_1_637' title='bbox 2015 1764 2343 1834; x_wconf 80' lang='lat' dir='ltr'><strong>responsione</strong></span> <span class='ocrx_word' id='word_1_638' title='bbox 2394 1762 2616 1831; x_wconf 79' lang='lat' dir='ltr'><strong>ﬁrmauit</strong></span> <span class='ocrx_word' id='word_1_639' title='bbox 2642 1801 2657 1826; x_wconf 92' lang='lat'><strong>,</strong></span> <span class='ocrx_word' id='word_1_640' title='bbox 2687 1769 2949 1831; x_wconf 78' lang='lat' dir='ltr'><strong>praptcrca</strong></span> <span class='ocrx_word' id='word_1_641' title='bbox 2993 1760 3200 1828; x_wconf 85' lang='lat' dir='ltr'><strong>nuptias</strong></span> <span class='ocrx_word' id='word_1_642' title='bbox 3229 1759 3507 1822; x_wconf 87' lang='lat' dir='ltr'><strong>institutas,</strong></span> <span class='ocrx_word' id='word_1_643' title='bbox 3549 1761 3606 1809; x_wconf 79' lang='lat' dir='ltr'><strong>ut</strong></span> 
     </span>
    </p>
   </div>
   <div class='ocr_carea' id='block_1_79' title="bbox 2017 1843 3605 1921">
    <p class='ocr_par' dir='ltr' id='par_1_79' title="bbox 2017 1843 3605 1921">
     <span class='ocr_line' id='line_1_79' title="bbox 2017 1843 3605 1921; baseline -0.004 -17"><span class='ocrx_word' id='word_1_644' title='bbox 2017 1852 2204 1906; x_wconf 88' lang='lat' dir='ltr'><strong>damna</strong></span> <span class='ocrx_word' id='word_1_645' title='bbox 2234 1853 2409 1906; x_wconf 82' lang='lat' dir='ltr'><strong>mortis</strong></span> <span class='ocrx_word' id='word_1_646' title='bbox 2452 1853 2620 1921; x_wconf 76' lang='lat' dir='ltr'><strong>fetura</strong></span> <span class='ocrx_word' id='word_1_647' title='bbox 2646 1843 2902 1919; x_wconf 81' lang='lat' dir='ltr'><strong>suppleret</strong></span> <span class='ocrx_word' id='word_1_648' title='bbox 2925 1864 2946 1912; x_wconf 89' lang='lat'><em>;</em></span> <span class='ocrx_word' id='word_1_649' title='bbox 2970 1857 3276 1904; x_wconf 82' lang='lat' dir='ltr'><strong>cessaturum</strong></span> <span class='ocrx_word' id='word_1_650' title='bbox 3298 1857 3409 1902; x_wconf 76' lang='lat' dir='ltr'><strong>vero</strong></span> <span class='ocrx_word' id='word_1_651' title='bbox 3433 1847 3605 1900; x_wconf 76' lang='lat' dir='ltr'><strong>inimi-</strong></span> 
     </span>
    </p>
   </div>
   <div class='ocr_carea' id='block_1_80' title="bbox 2017 1937 3597 2013">
    <p class='ocr_par' dir='ltr' id='par_1_80' title="bbox 2017 1937 3597 2013">
     <span class='ocr_line' id='line_1_80' title="bbox 2017 1937 3597 2013; baseline -0.002 -19"><span class='ocrx_word' id='word_1_652' title='bbox 2017 1942 2168 2010; x_wconf 81' lang='lat' dir='ltr'><strong>ﬁcant</strong></span> <span class='ocrx_word' id='word_1_653' title='bbox 2195 1941 2574 2013; x_wconf 72' lang='lat' dir='ltr'><strong>fecunditatem,</strong></span> <span class='ocrx_word' id='word_1_654' title='bbox 2606 1949 2718 1992; x_wconf 86' lang='lat' dir='ltr'><strong>cum</strong></span> <span class='ocrx_word' id='word_1_655' title='bbox 2743 1956 2878 1992; x_wconf 88' lang='lat' dir='ltr'><strong>mors</strong></span> <span class='ocrx_word' id='word_1_656' title='bbox 2904 1955 3058 1992; x_wconf 86' lang='lat' dir='ltr'><strong>avara</strong></span> <span class='ocrx_word' id='word_1_657' title='bbox 3087 1939 3367 1992; x_wconf 70' lang='lat' dir='ltr'><strong>ceSsauerit.</strong></span> <span class='ocrx_word' id='word_1_658' title='bbox 3413 1937 3597 1991; x_wconf 84' lang='lat' dir='ltr'><strong>Omni-</strong></span> 
     </span>
    </p>
   </div>
   <div class='ocr_carea' id='block_1_81' title="bbox 2017 2025 3604 2102">
    <p class='ocr_par' dir='ltr' id='par_1_81' title="bbox 2017 2025 3604 2102">
     <span class='ocr_line' id='line_1_81' title="bbox 2017 2025 3604 2102; baseline -0.004 -16"><span class='ocrx_word' id='word_1_659' title='bbox 2017 2049 2088 2086; x_wconf 89' lang='lat' dir='ltr'><strong>no</strong></span> <span class='ocrx_word' id='word_1_660' title='bbox 2115 2048 2283 2099; x_wconf 87' lang='lat' dir='ltr'><strong>erras,</strong></span> <span class='ocrx_word' id='word_1_661' title='bbox 2309 2033 2398 2102; x_wconf 89' lang='lat' dir='ltr'><strong>qui</strong></span> <span class='ocrx_word' id='word_1_662' title='bbox 2431 2034 2708 2101; x_wconf 81' lang='lat' dir='ltr'><strong>prOpterea</strong></span> <span class='ocrx_word' id='word_1_663' title='bbox 2741 2038 2893 2098; x_wconf 88' lang='lat' dir='ltr'><strong>putas</strong></span> <span class='ocrx_word' id='word_1_664' title='bbox 2916 2025 3157 2082; x_wconf 86' lang='lat' dir='ltr'><strong>instituta</strong></span> <span class='ocrx_word' id='word_1_665' title='bbox 3188 2043 3307 2083; x_wconf 86' lang='lat' dir='ltr'><strong>esse</strong></span> <span class='ocrx_word' id='word_1_666' title='bbox 3334 2027 3604 2097; x_wconf 74' lang='lat' dir='ltr'><strong>conjugis,</strong></span> 
     </span>
    </p>
   </div>
   <div class='ocr_carea' id='block_1_82' title="bbox 2022 2119 3604 2188">
    <p class='ocr_par' dir='ltr' id='par_1_82' title="bbox 2022 2119 3604 2188">
     <span class='ocr_line' id='line_1_82' title="bbox 2022 2119 3604 2188; baseline -0.004 -12"><span class='ocrx_word' id='word_1_667' title='bbox 2022 2131 2078 2176; x_wconf 91' lang='lat' dir='ltr'><strong>ut</strong></span> <span class='ocrx_word' id='word_1_668' title='bbox 2105 2121 2350 2176; x_wconf 84' lang='lat' dir='ltr'><strong>decessio</strong></span> <span class='ocrx_word' id='word_1_669' title='bbox 2377 2130 2707 2175; x_wconf 87' lang='lat' dir='ltr'><strong>mortuorum</strong></span> <span class='ocrx_word' id='word_1_670' title='bbox 2750 2119 3087 2188; x_wconf 88' lang='lat' dir='ltr'><strong>suppleretur</strong></span> <span class='ocrx_word' id='word_1_671' title='bbox 3116 2119 3458 2172; x_wconf 90' lang='lat' dir='ltr'><strong>successione</strong></span> <span class='ocrx_word' id='word_1_672' title='bbox 3507 2132 3604 2170; x_wconf 76' lang='lat' dir='ltr'><strong>na-</strong></span> 
     </span>
    </p>
   </div>
   <div class='ocr_carea' id='block_1_83' title="bbox 2019 2209 3600 2281">
    <p class='ocr_par' dir='ltr' id='par_1_83' title="bbox 2019 2209 3600 2281">
     <span class='ocr_line' id='line_1_83' title="bbox 2019 2209 3600 2281; baseline -0.003 -13"><span class='ocrx_word' id='word_1_673' title='bbox 2019 2213 2302 2269; x_wconf 89' lang='lat' dir='ltr'><strong>scentium.</strong></span> <span class='ocrx_word' id='word_1_674' title='bbox 2335 2212 2578 2266; x_wconf 89' lang='lat' dir='ltr'><strong>lnstituta</strong></span> <span class='ocrx_word' id='word_1_675' title='bbox 2628 2221 2753 2266; x_wconf 90' lang='lat' dir='ltr'><strong>sunt</strong></span> <span class='ocrx_word' id='word_1_676' title='bbox 2795 2225 3026 2280; x_wconf 84' lang='lat' dir='ltr'><strong>namque</strong></span> <span class='ocrx_word' id='word_1_677' title='bbox 3079 2210 3344 2281; x_wconf 78' lang='lat' dir='ltr'><strong>conjugis,</strong></span> <span class='ocrx_word' id='word_1_678' title='bbox 3377 2219 3432 2264; x_wconf 93' lang='lat' dir='ltr'><strong>ut</strong></span> <span class='ocrx_word' id='word_1_679' title='bbox 3463 2209 3600 2265; x_wconf 80' lang='lat' dir='ltr'><strong>ﬁlios</strong></span> 
     </span>
    </p>
   </div>
   <div class='ocr_carea' id='block_1_84' title="bbox 2021 2298 3602 2374">
    <p class='ocr_par' dir='ltr' id='par_1_84' title="bbox 2021 2298 3602 2374">
     <span class='ocr_line' id='line_1_84' title="bbox 2021 2298 3602 2374; baseline -0.001 -18"><span class='ocrx_word' id='word_1_680' title='bbox 2021 2304 2279 2374; x_wconf 84' lang='lat' dir='ltr'><strong>patribus,</strong></span> <span class='ocrx_word' id='word_1_681' title='bbox 2311 2312 2364 2357; x_wconf 91' lang='lat' dir='ltr'><strong>et</strong></span> <span class='ocrx_word' id='word_1_682' title='bbox 2395 2313 2571 2372; x_wconf 87' lang='lat' dir='ltr'><strong>patres</strong></span> <span class='ocrx_word' id='word_1_683' title='bbox 2604 2301 2748 2366; x_wconf 87' lang='lat' dir='ltr'><strong>filiis,</strong></span> <span class='ocrx_word' id='word_1_684' title='bbox 2790 2309 2966 2356; x_wconf 90' lang='lat' dir='ltr'><strong>certos</strong></span> <span class='ocrx_word' id='word_1_685' title='bbox 2996 2299 3195 2354; x_wconf 83' lang='lat' dir='ltr'><strong>laceret</strong></span> <span class='ocrx_word' id='word_1_686' title='bbox 3239 2299 3489 2370; x_wconf 89' lang='lat' dir='ltr'><strong>pudicitia</strong></span> <span class='ocrx_word' id='word_1_687' title='bbox 3519 2298 3602 2354; x_wconf 86' lang='lat' dir='ltr'><strong>fe-</strong></span> 
     </span>
    </p>
   </div>
   <div class='ocr_carea' id='block_1_85' title="bbox 2022 2392 3609 2463">
    <p class='ocr_par' dir='ltr' id='par_1_85' title="bbox 2022 2392 3609 2463">
     <span class='ocr_line' id='line_1_85' title="bbox 2022 2392 3609 2463; baseline -0.004 -13"><span class='ocrx_word' id='word_1_688' title='bbox 2022 2395 2312 2450; x_wconf 89' lang='lat' dir='ltr'><strong>minarum.</strong></span> <span class='ocrx_word' id='word_1_689' title='bbox 2359 2393 2494 2449; x_wconf 83' lang='lat' dir='ltr'><strong>Nam</strong></span> <span class='ocrx_word' id='word_1_690' title='bbox 2557 2405 2613 2448; x_wconf 91' lang='lat' dir='ltr'><strong>et</strong></span> <span class='ocrx_word' id='word_1_691' title='bbox 2659 2394 2921 2463; x_wconf 78' lang='lat' dir='ltr'><strong>permixto</strong></span> <span class='ocrx_word' id='word_1_692' title='bbox 2967 2402 3261 2463; x_wconf 85' lang='lat' dir='ltr'><strong>usu-atque</strong></span> <span class='ocrx_word' id='word_1_693' title='bbox 3316 2392 3609 2448; x_wconf 74' lang='lat' dir='ltr'><strong>indiscreta</strong></span> 
     </span>
    </p>
   </div>
   <div class='ocr_carea' id='block_1_86' title="bbox 2025 2475 3611 2555">
    <p class='ocr_par' dir='ltr' id='par_1_86' title="bbox 2025 2475 3611 2555">
     <span class='ocr_line' id='line_1_86' title="bbox 2025 2475 3611 2555; baseline -0.001 -17"><span class='ocrx_word' id='word_1_694' title='bbox 2025 2495 2359 2555; x_wconf 87' lang='lat' dir='ltr'><strong>quarumque</strong></span> <span class='ocrx_word' id='word_1_695' title='bbox 2411 2476 2691 2539; x_wconf 87' lang='lat' dir='ltr'><strong>mulierum</strong></span> <span class='ocrx_word' id='word_1_696' title='bbox 2713 2520 2728 2551; x_wconf 89' lang='lat'><strong>,</strong></span> <span class='ocrx_word' id='word_1_697' title='bbox 2762 2482 3008 2537; x_wconf 91' lang='lat' dir='ltr'><strong>homines</strong></span> <span class='ocrx_word' id='word_1_698' title='bbox 3038 2483 3181 2538; x_wconf 89' lang='lat' dir='ltr'><strong>nasci</strong></span> <span class='ocrx_word' id='word_1_699' title='bbox 3222 2491 3441 2552; x_wconf 88' lang='lat' dir='ltr'><strong>possent</strong></span> <span class='ocrx_word' id='word_1_700' title='bbox 3470 2500 3482 2534; x_wconf 89' lang='lat'>:</span> <span class='ocrx_word' id='word_1_701' title='bbox 3511 2475 3611 2537; x_wconf 83' lang='lat' dir='ltr'><strong>sed</strong></span> 
     </span>
    </p>
   </div>
   <div class='ocr_carea' id='block_1_87' title="bbox 2020 2573 3614 2645">
    <p class='ocr_par' dir='ltr' id='par_1_87' title="bbox 2020 2573 3614 2645">
     <span class='ocr_line' id='line_1_87' title="bbox 2020 2573 3614 2645; baseline -0.001 -12"><span class='ocrx_word' id='word_1_702' title='bbox 2020 2587 2166 2633; x_wconf 89' lang='lat' dir='ltr'><strong>certa</strong></span> <span class='ocrx_word' id='word_1_703' title='bbox 2194 2576 2530 2632; x_wconf 88' lang='lat' dir='ltr'><strong>necessitudo</strong></span> <span class='ocrx_word' id='word_1_704' title='bbox 2560 2577 2698 2630; x_wconf 89' lang='lat' dir='ltr'><strong>inter</strong></span> <span class='ocrx_word' id='word_1_705' title='bbox 2727 2585 2908 2645; x_wconf 85' lang='lat' dir='ltr'><strong>patres</strong></span> <span class='ocrx_word' id='word_1_706' title='bbox 2937 2581 2991 2627; x_wconf 92' lang='lat' dir='ltr'><strong>et</strong></span> <span class='ocrx_word' id='word_1_707' title='bbox 3031 2573 3167 2628; x_wconf 82' lang='lat' dir='ltr'><strong>ﬁlios</strong></span> <span class='ocrx_word' id='word_1_708' title='bbox 3206 2589 3326 2629; x_wconf 86' lang='lat' dir='ltr'><strong>esse</strong></span> <span class='ocrx_word' id='word_1_709' title='bbox 3353 2579 3456 2629; x_wconf 88' lang='lat' dir='ltr'><strong>non</strong></span> <span class='ocrx_word' id='word_1_710' title='bbox 3487 2580 3614 2645; x_wconf 52' lang='lat' dir='ltr'><strong>pos.</strong></span> 
     </span>
    </p>
   </div>
   <div class='ocr_carea' id='block_1_88' title="bbox 2021 2661 3610 2736">
    <p class='ocr_par' dir='ltr' id='par_1_88' title="bbox 2021 2661 3610 2736">
     <span class='ocr_line' id='line_1_88' title="bbox 2021 2661 3610 2736; baseline -0.003 -12"><span class='ocrx_word' id='word_1_711' title='bbox 2021 2677 2123 2726; x_wconf 91' lang='lat' dir='ltr'><strong>set.</strong></span> <span class='ocrx_word' id='word_1_712' title='bbox 2156 2669 2212 2724; x_wconf 91' lang='lat' dir='ltr'><strong>Si</strong></span> <span class='ocrx_word' id='word_1_713' title='bbox 2245 2680 2426 2724; x_wconf 89' lang='lat' dir='ltr'><strong>autem</strong></span> <span class='ocrx_word' id='word_1_714' title='bbox 2462 2683 2619 2722; x_wconf 84' lang='lat' dir='ltr'><strong>nemo</strong></span> <span class='ocrx_word' id='word_1_715' title='bbox 2651 2665 2930 2736; x_wconf 89' lang='lat' dir='ltr'><strong>peccaret,</strong></span> <span class='ocrx_word' id='word_1_716' title='bbox 2962 2672 3016 2718; x_wconf 91' lang='lat' dir='ltr'><strong>et</strong></span> <span class='ocrx_word' id='word_1_717' title='bbox 3042 2665 3110 2720; x_wconf 91' lang='lat' dir='ltr'><strong>ob</strong></span> <span class='ocrx_word' id='word_1_718' title='bbox 3140 2661 3242 2721; x_wconf 85' lang='lat' dir='ltr'><strong>hoc</strong></span> <span class='ocrx_word' id='word_1_719' title='bbox 3268 2667 3426 2720; x_wconf 89' lang='lat' dir='ltr'><strong>etiam</strong></span> <span class='ocrx_word' id='word_1_720' title='bbox 3449 2674 3610 2720; x_wconf 80' lang='lat' dir='ltr'><strong>nemo</strong></span> 
     </span>
    </p>
   </div>
   <div class='ocr_carea' id='block_1_89' title="bbox 2022 2753 3610 2830">
    <p class='ocr_par' dir='ltr' id='par_1_89' title="bbox 2022 2753 3610 2830">
     <span class='ocr_line' id='line_1_89' title="bbox 2022 2753 3610 2830; baseline -0.003 -14"><span class='ocrx_word' id='word_1_721' title='bbox 2022 2770 2352 2827; x_wconf 87' lang='lat' dir='ltr'><strong>moreretur;</strong></span> <span class='ocrx_word' id='word_1_722' title='bbox 2383 2769 2688 2816; x_wconf 90' lang='lat' dir='ltr'><strong>sanctorum</strong></span> <span class='ocrx_word' id='word_1_723' title='bbox 2705 2772 2930 2814; x_wconf 86' lang='lat' dir='ltr'><strong>numero</strong></span> <span class='ocrx_word' id='word_1_724' title='bbox 2953 2753 3256 2823; x_wconf 80' lang='lat' dir='ltr'><strong>terminato,</strong></span> <span class='ocrx_word' id='word_1_725' title='bbox 3273 2766 3500 2830; x_wconf 82' lang='lat' dir='ltr'><strong>quantus</strong></span> <span class='ocrx_word' id='word_1_726' title='bbox 3525 2758 3576 2812; x_wconf 87' lang='lat' dir='ltr'><strong>fu</strong></span> <span class='ocrx_word' id='word_1_727' title='bbox 3591 2789 3610 2800; x_wconf 92' lang='lat'><strong>-</strong></span> 
     </span>
    </p>
   </div>
   <div class='ocr_carea' id='block_1_90' title="bbox 2023 2843 3610 2918">
    <p class='ocr_par' dir='ltr' id='par_1_90' title="bbox 2023 2843 3610 2918">
     <span class='ocr_line' id='line_1_90' title="bbox 2023 2843 3610 2918; baseline -0.002 -12"><span class='ocrx_word' id='word_1_728' title='bbox 2023 2859 2148 2907; x_wconf 90' lang='lat' dir='ltr'><strong>turo</strong></span> <span class='ocrx_word' id='word_1_729' title='bbox 2175 2843 2448 2906; x_wconf 83' lang='lat' dir='ltr'><strong>sufficeret</strong></span> <span class='ocrx_word' id='word_1_730' title='bbox 2471 2851 2688 2918; x_wconf 62' lang='lat' dir='ltr'><strong>sa‘cnlo,</strong></span> <span class='ocrx_word' id='word_1_731' title='bbox 2721 2850 2822 2905; x_wconf 88' lang='lat' dir='ltr'><strong>hoc</strong></span> <span class='ocrx_word' id='word_1_732' title='bbox 2851 2844 3106 2907; x_wconf 74' lang='lat' dir='ltr'><strong>smculum</strong></span> <span class='ocrx_word' id='word_1_733' title='bbox 3145 2850 3403 2915; x_wconf 87' lang='lat' dir='ltr'><strong>finiretur,</strong></span> <span class='ocrx_word' id='word_1_734' title='bbox 3437 2849 3524 2904; x_wconf 90' lang='lat' dir='ltr'><strong>ubi</strong></span> <span class='ocrx_word' id='word_1_735' title='bbox 3555 2849 3610 2903; x_wconf 81' lang='lat' dir='ltr'><strong>ct</strong></span> 
     </span>
    </p>
   </div>
   <div class='ocr_carea' id='block_1_91' title="bbox 2023 2940 3602 3015">
    <p class='ocr_par' dir='ltr' id='par_1_91' title="bbox 2023 2940 3602 3015">
     <span class='ocr_line' id='line_1_91' title="bbox 2023 2940 3602 3015; baseline -0.003 -15"><span class='ocrx_word' id='word_1_736' title='bbox 2023 2959 2127 3000; x_wconf 88' lang='lat' dir='ltr'><strong>non</strong></span> <span class='ocrx_word' id='word_1_737' title='bbox 2159 2943 2412 3015; x_wconf 88' lang='lat' dir='ltr'><strong>peceandi</strong></span> <span class='ocrx_word' id='word_1_738' title='bbox 2453 2953 2507 2998; x_wconf 90' lang='lat' dir='ltr'><strong>et</strong></span> <span class='ocrx_word' id='word_1_739' title='bbox 2538 2942 2789 3014; x_wconf 87' lang='lat' dir='ltr'><strong>peccandi</strong></span> <span class='ocrx_word' id='word_1_740' title='bbox 2820 2940 3046 2998; x_wconf 79' lang='lat' dir='ltr'><strong>facultas</strong></span> <span class='ocrx_word' id='word_1_741' title='bbox 3076 2950 3239 3006; x_wconf 88' lang='lat' dir='ltr'><strong>esset,</strong></span> <span class='ocrx_word' id='word_1_742' title='bbox 3269 2947 3429 3011; x_wconf 82' lang='lat' dir='ltr'><strong>atque</strong></span> <span class='ocrx_word' id='word_1_743' title='bbox 3469 2941 3602 2996; x_wconf 91' lang='lat' dir='ltr'><strong>illud</strong></span> 
     </span>
    </p>
   </div>
   <div class='ocr_carea' id='block_1_92' title="bbox 2021 3034 3605 3107">
    <p class='ocr_par' dir='ltr' id='par_1_92' title="bbox 2021 3034 3605 3107">
     <span class='ocr_line' id='line_1_92' title="bbox 2021 3034 3605 3107; baseline -0.001 -16"><span class='ocrx_word' id='word_1_744' title='bbox 2021 3035 2375 3101; x_wconf 82' lang='lat' dir='ltr'><strong>succederet,</strong></span> <span class='ocrx_word' id='word_1_745' title='bbox 2429 3036 2515 3090; x_wconf 91' lang='lat' dir='ltr'><strong>ubi</strong></span> <span class='ocrx_word' id='word_1_746' title='bbox 2563 3037 2844 3106; x_wconf 89' lang='lat' dir='ltr'><strong>quisquam</strong></span> <span class='ocrx_word' id='word_1_747' title='bbox 2899 3051 3121 3107; x_wconf 82' lang='lat' dir='ltr'><strong>peccare</strong></span> <span class='ocrx_word' id='word_1_748' title='bbox 3151 3051 3256 3090; x_wconf 92' lang='lat' dir='ltr'><strong>non</strong></span> <span class='ocrx_word' id='word_1_749' title='bbox 3298 3044 3499 3105; x_wconf 88' lang='lat' dir='ltr'><strong>posset.</strong></span> <span class='ocrx_word' id='word_1_750' title='bbox 3545 3034 3605 3090; x_wconf 84' lang='lat' dir='ltr'><strong>Si</strong></span> 
     </span>
    </p>
   </div>
   <div class='ocr_carea' id='block_1_93' title="bbox 2024 3123 3611 3198">
    <p class='ocr_par' dir='ltr' id='par_1_93' title="bbox 2024 3123 3611 3198">
     <span class='ocr_line' id='line_1_93' title="bbox 2024 3123 3611 3198; baseline -0.001 -17"><span class='ocrx_word' id='word_1_751' title='bbox 2024 3127 2166 3182; x_wconf 89' lang='lat' dir='ltr'><strong>enim</strong></span> <span class='ocrx_word' id='word_1_752' title='bbox 2194 3128 2386 3182; x_wconf 69' lang='lat' dir='ltr'><strong>anima:</strong></span> <span class='ocrx_word' id='word_1_753' title='bbox 2412 3128 2728 3198; x_wconf 90' lang='lat' dir='ltr'><strong>corporibus</strong></span> <span class='ocrx_word' id='word_1_754' title='bbox 2752 3134 2929 3182; x_wconf 78' lang='lat' dir='ltr'><strong>exuta:</strong></span> <span class='ocrx_word' id='word_1_755' title='bbox 2947 3168 2963 3192; x_wconf 94' lang='lat'><strong>,</strong></span> <span class='ocrx_word' id='word_1_756' title='bbox 2996 3136 3221 3196; x_wconf 90' lang='lat' dir='ltr'><strong>possunt</strong></span> <span class='ocrx_word' id='word_1_757' title='bbox 3249 3142 3369 3180; x_wconf 86' lang='lat' dir='ltr'><strong>esse</strong></span> <span class='ocrx_word' id='word_1_758' title='bbox 3398 3123 3478 3180; x_wconf 90' lang='lat' dir='ltr'><strong>vel</strong></span> <span class='ocrx_word' id='word_1_759' title='bbox 3505 3127 3611 3180; x_wconf 59' lang='lat' dir='ltr'><strong>mi-s</strong></span> 
     </span>
    </p>
   </div>
   <div class='ocr_carea' id='block_1_94' title="bbox 2024 3218 3613 3288">
    <p class='ocr_par' dir='ltr' id='par_1_94' title="bbox 2024 3218 3613 3288">
     <span class='ocr_line' id='line_1_94' title="bbox 2024 3218 3613 3288; baseline -0.001 -14"><span class='ocrx_word' id='word_1_760' title='bbox 2024 3232 2159 3274; x_wconf 69' lang='lat' dir='ltr'><strong>sera:</strong></span> <span class='ocrx_word' id='word_1_761' title='bbox 2202 3220 2287 3274; x_wconf 87' lang='lat' dir='ltr'><strong>vel</strong></span> <span class='ocrx_word' id='word_1_762' title='bbox 2313 3218 2506 3284; x_wconf 70' lang='lat' dir='ltr'><strong>beatre,</strong></span> <span class='ocrx_word' id='word_1_763' title='bbox 2535 3227 2589 3273; x_wconf 90' lang='lat' dir='ltr'><strong>et</strong></span> <span class='ocrx_word' id='word_1_764' title='bbox 2621 3227 2795 3273; x_wconf 92' lang='lat' dir='ltr'><strong>tamen</strong></span> <span class='ocrx_word' id='word_1_765' title='bbox 2819 3233 3044 3288; x_wconf 81' lang='lat' dir='ltr'><strong>peccare</strong></span> <span class='ocrx_word' id='word_1_766' title='bbox 3071 3232 3176 3271; x_wconf 92' lang='lat' dir='ltr'><strong>non</strong></span> <span class='ocrx_word' id='word_1_767' title='bbox 3203 3226 3426 3286; x_wconf 90' lang='lat' dir='ltr'><strong>possunt</strong></span> <span class='ocrx_word' id='word_1_768' title='bbox 3451 3235 3464 3272; x_wconf 91' lang='lat'>:</span> <span class='ocrx_word' id='word_1_769' title='bbox 3489 3218 3613 3287; x_wconf 85' lang='lat' dir='ltr'><strong>quis</strong></span> 
     </span>
    </p>
   </div>
   <div class='ocr_carea' id='block_1_95' title="bbox 2027 3301 3611 3382">
    <p class='ocr_par' dir='ltr' id='par_1_95' title="bbox 2027 3301 3611 3382">
     <span class='ocr_line' id='line_1_95' title="bbox 2027 3301 3611 3382; baseline -0.003 -16"><span class='ocrx_word' id='word_1_770' title='bbox 2027 3311 2261 3367; x_wconf 90' lang='lat' dir='ltr'><strong>fidelium</strong></span> <span class='ocrx_word' id='word_1_771' title='bbox 2294 3321 2488 3382; x_wconf 86' lang='lat' dir='ltr'><strong>neget,</strong></span> <span class='ocrx_word' id='word_1_772' title='bbox 2523 3311 2574 3366; x_wconf 91' lang='lat' dir='ltr'><strong>in</strong></span> <span class='ocrx_word' id='word_1_773' title='bbox 2605 3325 2771 3381; x_wconf 84' lang='lat' dir='ltr'><strong>regno</strong></span> <span class='ocrx_word' id='word_1_774' title='bbox 2801 3312 2916 3377; x_wconf 90' lang='lat' dir='ltr'><strong>Dei,</strong></span> <span class='ocrx_word' id='word_1_775' title='bbox 2949 3311 3037 3365; x_wconf 90' lang='lat' dir='ltr'><strong>ubi</strong></span> <span class='ocrx_word' id='word_1_776' title='bbox 3069 3309 3170 3366; x_wconf 91' lang='lat' dir='ltr'><strong>erit</strong></span> <span class='ocrx_word' id='word_1_777' title='bbox 3198 3325 3393 3379; x_wconf 90' lang='lat' dir='ltr'><strong>corpus</strong></span> <span class='ocrx_word' id='word_1_778' title='bbox 3423 3301 3611 3363; x_wconf 86' lang='lat' dir='ltr'><strong>incor-</strong></span> 
     </span>
    </p>
   </div>
   <div class='ocr_carea' id='block_1_96' title="bbox 2026 3393 3612 3473">
    <p class='ocr_par' dir='ltr' id='par_1_96' title="bbox 2026 3393 3612 3473">
     <span class='ocr_line' id='line_1_96' title="bbox 2026 3393 3612 3473; baseline -0.002 -15"><span class='ocrx_word' id='word_1_779' title='bbox 2026 3403 2306 3473; x_wconf 85' lang='lat' dir='ltr'><strong>ruptibile,</strong></span> <span class='ocrx_word' id='word_1_780' title='bbox 2339 3401 2480 3472; x_wconf 89' lang='lat' dir='ltr'><strong>quod</strong></span> <span class='ocrx_word' id='word_1_781' title='bbox 2512 3417 2616 3457; x_wconf 89' lang='lat' dir='ltr'><strong>non</strong></span> <span class='ocrx_word' id='word_1_782' title='bbox 2661 3393 2899 3472; x_wconf 87' lang='lat' dir='ltr'><strong>gravabit</strong></span> <span class='ocrx_word' id='word_1_783' title='bbox 2926 3403 3158 3456; x_wconf 90' lang='lat' dir='ltr'><strong>animam</strong></span> <span class='ocrx_word' id='word_1_784' title='bbox 3183 3441 3199 3467; x_wconf 93' lang='lat'><strong>,</strong></span> <span class='ocrx_word' id='word_1_785' title='bbox 3243 3400 3337 3457; x_wconf 81' lang='lat' dir='ltr'><strong>sed</strong></span> <span class='ocrx_word' id='word_1_786' title='bbox 3378 3401 3612 3467; x_wconf 85' lang='lat' dir='ltr'><strong>ornabit,</strong></span> 
     </span>
    </p>
   </div>
   <div class='ocr_carea' id='block_1_97' title="bbox 2027 3491 3613 3565">
    <p class='ocr_par' dir='ltr' id='par_1_97' title="bbox 2027 3491 3613 3565">
     <span class='ocr_line' id='line_1_97' title="bbox 2027 3491 3613 3565; baseline -0.003 -15"><span class='ocrx_word' id='word_1_787' title='bbox 2027 3510 2127 3550; x_wconf 90' lang='lat' dir='ltr'><strong>nec</strong></span> <span class='ocrx_word' id='word_1_788' title='bbox 2157 3495 2424 3550; x_wconf 88' lang='lat' dir='ltr'><strong>alimentis</strong></span> <span class='ocrx_word' id='word_1_789' title='bbox 2450 3495 2682 3565; x_wconf 86' lang='lat' dir='ltr'><strong>amplius</strong></span> <span class='ocrx_word' id='word_1_790' title='bbox 2713 3493 2991 3564; x_wconf 86' lang='lat' dir='ltr'><strong>indigebit,</strong></span> <span class='ocrx_word' id='word_1_791' title='bbox 3025 3493 3168 3549; x_wconf 89' lang='lat' dir='ltr'><strong>hunc</strong></span> <span class='ocrx_word' id='word_1_792' title='bbox 3190 3491 3438 3548; x_wconf 80' lang='lat' dir='ltr'><strong>allectum</strong></span> <span class='ocrx_word' id='word_1_793' title='bbox 3467 3491 3613 3547; x_wconf 88' lang='lat' dir='ltr'><strong>futu-</strong></span> 
     </span>
    </p>
   </div>
   <div class='ocr_carea' id='block_1_98' title="bbox 2031 3584 3613 3654">
    <p class='ocr_par' dir='ltr' id='par_1_98' title="bbox 2031 3584 3613 3654">
     <span class='ocr_line' id='line_1_98' title="bbox 2031 3584 3613 3654; baseline -0.001 -14"><span class='ocrx_word' id='word_1_794' title='bbox 2031 3600 2170 3652; x_wconf 90' lang='lat' dir='ltr'><strong>rum,</strong></span> <span class='ocrx_word' id='word_1_795' title='bbox 2198 3594 2254 3640; x_wconf 93' lang='lat' dir='ltr'><strong>nt</strong></span> <span class='ocrx_word' id='word_1_796' title='bbox 2284 3585 2481 3640; x_wconf 89' lang='lat' dir='ltr'><strong>nullius</strong></span> <span class='ocrx_word' id='word_1_797' title='bbox 2523 3585 2596 3639; x_wconf 92' lang='lat' dir='ltr'><strong>ibi</strong></span> <span class='ocrx_word' id='word_1_798' title='bbox 2627 3584 2790 3639; x_wconf 91' lang='lat' dir='ltr'><strong>ullum</strong></span> <span class='ocrx_word' id='word_1_799' title='bbox 2821 3585 2988 3654; x_wconf 89' lang='lat' dir='ltr'><strong>possit</strong></span> <span class='ocrx_word' id='word_1_800' title='bbox 3023 3599 3144 3640; x_wconf 84' lang='lat' dir='ltr'><strong>esse</strong></span> <span class='ocrx_word' id='word_1_801' title='bbox 3177 3595 3474 3654; x_wconf 87' lang='lat' dir='ltr'><strong>peccatum,</strong></span> <span class='ocrx_word' id='word_1_802' title='bbox 3507 3599 3613 3638; x_wconf 79' lang='lat' dir='ltr'><strong>non</strong></span> 
     </span>
    </p>
   </div>
   <div class='ocr_carea' id='block_1_99' title="bbox 2032 3677 3616 3748">
    <p class='ocr_par' dir='ltr' id='par_1_99' title="bbox 2032 3677 3616 3748">
     <span class='ocr_line' id='line_1_99' title="bbox 2032 3677 3616 3748; baseline -0.001 -16"><span class='ocrx_word' id='word_1_803' title='bbox 2032 3678 2084 3733; x_wconf 92' lang='lat' dir='ltr'><strong>id</strong></span> <span class='ocrx_word' id='word_1_804' title='bbox 2125 3688 2316 3748; x_wconf 85' lang='lat' dir='ltr'><strong>agente</strong></span> <span class='ocrx_word' id='word_1_805' title='bbox 2347 3678 2494 3733; x_wconf 90' lang='lat' dir='ltr'><strong>nulla</strong></span> <span class='ocrx_word' id='word_1_806' title='bbox 2534 3677 2825 3745; x_wconf 81' lang='lat' dir='ltr'><strong>voluntate,</strong></span> <span class='ocrx_word' id='word_1_807' title='bbox 2853 3677 2947 3732; x_wconf 92' lang='lat' dir='ltr'><strong>sed</strong></span> <span class='ocrx_word' id='word_1_808' title='bbox 2971 3677 3150 3732; x_wconf 90' lang='lat' dir='ltr'><strong>bona?</strong></span> <span class='ocrx_word' id='word_1_809' title='bbox 3181 3677 3434 3731; x_wconf 88' lang='lat' dir='ltr'><strong>Dominus</strong></span> <span class='ocrx_word' id='word_1_810' title='bbox 3485 3692 3616 3748; x_wconf 88' lang='lat' dir='ltr'><strong>ergo</strong></span> 
     </span>
    </p>
   </div>
   <div class='ocr_carea' id='block_1_100' title="bbox 2029 3760 3617 3840">
    <p class='ocr_par' dir='ltr' id='par_1_100' title="bbox 2029 3760 3617 3840">
     <span class='ocr_line' id='line_1_100' title="bbox 2029 3760 3617 3840; baseline -0.001 -14"><span class='ocrx_word' id='word_1_811' title='bbox 2029 3772 2118 3826; x_wconf 88' lang='lat' dir='ltr'><strong>ubi</strong></span> <span class='ocrx_word' id='word_1_812' title='bbox 2145 3769 2318 3835; x_wconf 77' lang='lat' dir='ltr'><strong>dixit,</strong></span> <span class='ocrx_word' id='word_1_813' title='bbox 2360 3786 2482 3826; x_wconf 92' lang='lat' dir='ltr'><strong>cum</strong></span> <span class='ocrx_word' id='word_1_814' title='bbox 2525 3770 2592 3825; x_wconf 90' lang='lat' dir='ltr'><strong>de</strong></span> <span class='ocrx_word' id='word_1_815' title='bbox 2623 3771 3017 3826; x_wconf 88' lang='lat' dir='ltr'><strong>resurrectione</strong></span> <span class='ocrx_word' id='word_1_816' title='bbox 3063 3770 3396 3840; x_wconf 88' lang='lat' dir='ltr'><strong>loqueretur,</strong></span> <span class='ocrx_word' id='word_1_817' title='bbox 3431 3760 3617 3840; x_wconf 79' lang='lat' dir='ltr'><strong>Neque</strong></span> 
     </span>
    </p>
   </div>
   <div class='ocr_carea' id='block_1_101' title="bbox 2033 3860 3622 3931">
    <p class='ocr_par' dir='ltr' id='par_1_101' title="bbox 2033 3860 3622 3931">
     <span class='ocr_line' id='line_1_101' title="bbox 2033 3860 3622 3931; baseline -0.001 -16"><span class='ocrx_word' id='word_1_818' title='bbox 2033 3863 2258 3928; x_wconf 84' lang='lat' dir='ltr'><strong>nubent,</strong></span> <span class='ocrx_word' id='word_1_819' title='bbox 2301 3876 2458 3931; x_wconf 81' lang='lat' dir='ltr'><strong>neque</strong></span> <span class='ocrx_word' id='word_1_820' title='bbox 2484 3877 2667 3914; x_wconf 76' lang='lat' dir='ltr'><strong>uxores</strong></span> <span class='ocrx_word' id='word_1_821' title='bbox 2695 3860 2984 3929; x_wconf 58' lang='lat' dir='ltr'><strong>accipient;</strong></span> <span class='ocrx_word' id='word_1_822' title='bbox 3034 3875 3194 3928; x_wconf 83' lang='lat' dir='ltr'><strong>neque</strong></span> <span class='ocrx_word' id='word_1_823' title='bbox 3229 3861 3362 3913; x_wconf 84' lang='lat' dir='ltr'><strong>enim</strong></span> <span class='ocrx_word' id='word_1_824' title='bbox 3398 3861 3622 3914; x_wconf 82' lang='lat' dir='ltr'><strong>morien-</strong></span> 
     </span>
    </p>
   </div>
   <div class='ocr_carea' id='block_1_102' title="bbox 2033 3951 3708 4022">
    <p class='ocr_par' dir='ltr' id='par_1_102' title="bbox 2033 3951 3708 4022">
     <span class='ocr_line' id='line_1_102' title="bbox 2033 3951 3708 4022; baseline 0 -14"><span class='ocrx_word' id='word_1_825' title='bbox 2033 3965 2116 4008; x_wconf 87' lang='lat' dir='ltr'><strong>tur</strong></span> <span class='ocrx_word' id='word_1_826' title='bbox 2140 3971 2158 4020; x_wconf 87' lang='lat'><strong><em>;</em></strong></span> <span class='ocrx_word' id='word_1_827' title='bbox 2187 3969 2294 4008; x_wconf 90' lang='lat' dir='ltr'><strong>non</strong></span> <span class='ocrx_word' id='word_1_828' title='bbox 2318 3953 2438 4008; x_wconf 90' lang='lat' dir='ltr'><strong>ideo</strong></span> <span class='ocrx_word' id='word_1_829' title='bbox 2462 3952 2616 4020; x_wconf 83' lang='lat' dir='ltr'><strong>dixit,</strong></span> <span class='ocrx_word' id='word_1_830' title='bbox 2649 3963 2706 4008; x_wconf 90' lang='lat' dir='ltr'><strong>ut</strong></span> <span class='ocrx_word' id='word_1_831' title='bbox 2748 3961 2962 4022; x_wconf 88' lang='lat' dir='ltr'><strong>propter</strong></span> <span class='ocrx_word' id='word_1_832' title='bbox 2987 3951 3280 4017; x_wconf 76' lang='lat' dir='ltr'><strong>morientes</strong></span> <span class='ocrx_word' id='word_1_833' title='bbox 3304 3951 3618 4008; x_wconf 83' lang='lat' dir='ltr'><strong>ostenderet</strong></span> <span class='ocrx_word' id='word_1_834' title='bbox 3700 3985 3708 3991; x_wconf 94' lang='lat'><strong>-</strong></span> 
     </span>
    </p>
   </div>
   <div class='ocr_carea' id='block_1_103' title="bbox 2034 4033 3621 4118">
    <p class='ocr_par' dir='ltr' id='par_1_103' title="bbox 2034 4033 3621 4118">
     <span class='ocr_line' id='line_1_103' title="bbox 2034 4033 3621 4118; baseline -0.003 -16"><span class='ocrx_word' id='word_1_835' title='bbox 2034 4048 2246 4118; x_wconf 83' lang='lat' dir='ltr'><strong>nuptias</strong></span> <span class='ocrx_word' id='word_1_836' title='bbox 2274 4045 2584 4110; x_wconf 88' lang='lat' dir='ltr'><strong>institutas;</strong></span> <span class='ocrx_word' id='word_1_837' title='bbox 2633 4044 2727 4100; x_wconf 62' lang='lat' dir='ltr'><strong>sed</strong></span> <span class='ocrx_word' id='word_1_838' title='bbox 2755 4033 2876 4114; x_wconf 87' lang='lat' dir='ltr'><strong>quia</strong></span> <span class='ocrx_word' id='word_1_839' title='bbox 2926 4040 3233 4100; x_wconf 60' lang='lat' dir='ltr'><strong>sanctorum</strong></span> <span class='ocrx_word' id='word_1_840' title='bbox 3267 4054 3490 4100; x_wconf 86' lang='lat' dir='ltr'><strong>numero</strong></span> <span class='ocrx_word' id='word_1_841' title='bbox 3517 4045 3621 4099; x_wconf 83' lang='lat' dir='ltr'><strong>im-</strong></span> 
     </span>
    </p>
   </div>
   <div class='ocr_carea' id='block_1_104' title="bbox 2034 4135 3615 4210">
    <p class='ocr_par' dir='ltr' id='par_1_104' title="bbox 2034 4135 3615 4210">
     <span class='ocr_line' id='line_1_104' title="bbox 2034 4135 3615 4210; baseline 0.001 -19"><span class='ocrx_word' id='word_1_842' title='bbox 2034 4141 2198 4209; x_wconf 82' lang='lat' dir='ltr'><strong>pleto,</strong></span> <span class='ocrx_word' id='word_1_843' title='bbox 2229 4153 2332 4194; x_wconf 87' lang='lat' dir='ltr'><strong>non</strong></span> <span class='ocrx_word' id='word_1_844' title='bbox 2370 4151 2506 4208; x_wconf 80' lang='lat' dir='ltr'><strong>Opus</strong></span> <span class='ocrx_word' id='word_1_845' title='bbox 2535 4146 2676 4192; x_wconf 73' lang='lat' dir='ltr'><strong>esset</strong></span> <span class='ocrx_word' id='word_1_846' title='bbox 2699 4137 2929 4207; x_wconf 90' lang='lat' dir='ltr'><strong>aliquem</strong></span> <span class='ocrx_word' id='word_1_847' title='bbox 2962 4136 3129 4200; x_wconf 86' lang='lat' dir='ltr'><strong>nasci,</strong></span> <span class='ocrx_word' id='word_1_848' title='bbox 3162 4135 3248 4189; x_wconf 90' lang='lat' dir='ltr'><strong>ubi</strong></span> <span class='ocrx_word' id='word_1_849' title='bbox 3281 4150 3500 4210; x_wconf 84' lang='lat' dir='ltr'><strong>necesse</strong></span> <span class='ocrx_word' id='word_1_850' title='bbox 3525 4151 3615 4192; x_wconf 81' lang='lat' dir='ltr'><strong>es-</strong></span> 
     </span>
    </p>
   </div>
   <div class='ocr_carea' id='block_1_105' title="bbox 2033 4226 3616 4296">
    <p class='ocr_par' dir='ltr' id='par_1_105' title="bbox 2033 4226 3616 4296">
     <span class='ocr_line' id='line_1_105' title="bbox 2033 4226 3616 4296; baseline -0.004 -10"><span class='ocrx_word' id='word_1_851' title='bbox 2033 4241 2116 4286; x_wconf 84' lang='lat' dir='ltr'><strong>set</strong></span> <span class='ocrx_word' id='word_1_852' title='bbox 2145 4229 2412 4286; x_wconf 88' lang='lat' dir='ltr'><strong>neminem</strong></span> <span class='ocrx_word' id='word_1_853' title='bbox 2443 4228 2602 4284; x_wconf 88' lang='lat' dir='ltr'><strong>mori.</strong></span> <span class='ocrx_word' id='word_1_854' title='bbox 2632 4227 2755 4294; x_wconf 84' lang='lat' dir='ltr'><strong>Sed,</strong></span> <span class='ocrx_word' id='word_1_855' title='bbox 2801 4226 2976 4296; x_wconf 84' lang='lat' dir='ltr'><strong>inquis</strong></span> <span class='ocrx_word' id='word_1_856' title='bbox 3002 4267 3017 4291; x_wconf 93' lang='lat'><strong>,</strong></span> <span class='ocrx_word' id='word_1_857' title='bbox 3049 4226 3214 4280; x_wconf 81' lang='lat' dir='ltr'><strong>Adam</strong></span> <span class='ocrx_word' id='word_1_858' title='bbox 3250 4235 3418 4280; x_wconf 83' lang='lat' dir='ltr'><strong>secuta</strong></span> <span class='ocrx_word' id='word_1_859' title='bbox 3446 4241 3616 4280; x_wconf 80' lang='lat' dir='ltr'><strong>emen-</strong></span> 
     </span>
    </p>
   </div>
   <div class='ocr_carea' id='block_1_106' title="bbox 2035 4316 3625 4389">
    <p class='ocr_par' dir='ltr' id='par_1_106' title="bbox 2035 4316 3625 4389">
     <span class='ocr_line' id='line_1_106' title="bbox 2035 4316 3625 4389; baseline -0.006 -11"><span class='ocrx_word' id='word_1_860' title='bbox 2035 4324 2242 4378; x_wconf 85' lang='lat' dir='ltr'><strong>datione</strong></span> <span class='ocrx_word' id='word_1_861' title='bbox 2268 4339 2300 4376; x_wconf 90' lang='lat' dir='ltr'><strong>a</strong></span> <span class='ocrx_word' id='word_1_862' title='bbox 2335 4322 2519 4376; x_wconf 87' lang='lat' dir='ltr'><strong>delicto</strong></span> <span class='ocrx_word' id='word_1_863' title='bbox 2558 4337 2649 4375; x_wconf 87' lang='lat' dir='ltr'><strong>suo</strong></span> <span class='ocrx_word' id='word_1_864' title='bbox 2692 4319 2938 4374; x_wconf 83' lang='lat' dir='ltr'><strong>asseritur</strong></span> <span class='ocrx_word' id='word_1_865' title='bbox 2971 4319 3230 4389; x_wconf 68' lang='lat' dir='ltr'><strong>expiatus,</strong></span> <span class='ocrx_word' id='word_1_866' title='bbox 3269 4327 3316 4372; x_wconf 88' lang='lat' dir='ltr'><strong>et</strong></span> <span class='ocrx_word' id='word_1_867' title='bbox 3354 4317 3484 4372; x_wconf 83' lang='lat' dir='ltr'><strong>libro</strong></span> <span class='ocrx_word' id='word_1_868' title='bbox 3523 4316 3625 4374; x_wconf 85' lang='lat' dir='ltr'><strong>Sa-</strong></span> 
     </span>
    </p>
   </div>
   <div class='ocr_carea' id='block_1_107' title="bbox 2037 4397 3625 4485">
    <p class='ocr_par' dir='ltr' id='par_1_107' title="bbox 2037 4397 3625 4485">
     <span class='ocr_line' id='line_1_107' title="bbox 2037 4397 3625 4485; baseline -0.005 -17"><span class='ocrx_word' id='word_1_869' title='bbox 2037 4415 2244 4485; x_wconf 76' lang='lat' dir='ltr'><strong>pientia:</strong></span> <span class='ocrx_word' id='word_1_870' title='bbox 2266 4455 2282 4478; x_wconf 93' lang='lat'><strong>,</strong></span> <span class='ocrx_word' id='word_1_871' title='bbox 2322 4425 2370 4467; x_wconf 84' lang='lat' dir='ltr'><strong>et</strong></span> <span class='ocrx_word' id='word_1_872' title='bbox 2416 4397 2654 4483; x_wconf 84' lang='lat' dir='ltr'><strong>opinione</strong></span> <span class='ocrx_word' id='word_1_873' title='bbox 2691 4409 2967 4464; x_wconf 85' lang='lat' dir='ltr'><strong>multorum</strong></span> <span class='ocrx_word' id='word_1_874' title='bbox 3006 4415 3100 4464; x_wconf 83' lang='lat' dir='ltr'><strong>:et</strong></span> <span class='ocrx_word' id='word_1_875' title='bbox 3156 4417 3325 4462; x_wconf 86' lang='lat' dir='ltr'><strong>tamen</strong></span> <span class='ocrx_word' id='word_1_876' title='bbox 3348 4449 3364 4474; x_wconf 94' lang='lat'><strong>,</strong></span> <span class='ocrx_word' id='word_1_877' title='bbox 3407 4408 3582 4478; x_wconf 89' lang='lat' dir='ltr'><strong>inquis</strong></span> <span class='ocrx_word' id='word_1_878' title='bbox 3604 4444 3625 4477; x_wconf 86' lang='lat'><strong>,</strong></span> 
     </span>
    </p>
   </div>
   <div class='ocr_carea' id='block_1_108' title="bbox 2039 4501 3626 4570">
    <p class='ocr_par' dir='ltr' id='par_1_108' title="bbox 2039 4501 3626 4570">
     <span class='ocr_line' id='line_1_108' title="bbox 2039 4501 3626 4570; baseline -0.003 -10"><span class='ocrx_word' id='word_1_879' title='bbox 2039 4515 2268 4561; x_wconf 83' lang='lat' dir='ltr'><strong>mortuus</strong></span> <span class='ocrx_word' id='word_1_880' title='bbox 2296 4515 2390 4570; x_wconf 86' lang='lat' dir='ltr'><strong>est,</strong></span> <span class='ocrx_word' id='word_1_881' title='bbox 2413 4514 2467 4558; x_wconf 83' lang='lat' dir='ltr'><strong>ut</strong></span> <span class='ocrx_word' id='word_1_882' title='bbox 2492 4503 2734 4558; x_wconf 81' lang='lat' dir='ltr'><strong>sciremus</strong></span> <span class='ocrx_word' id='word_1_883' title='bbox 2754 4501 2982 4570; x_wconf 88' lang='lat' dir='ltr'><strong>corporis</strong></span> <span class='ocrx_word' id='word_1_884' title='bbox 3004 4509 3213 4554; x_wconf 85' lang='lat' dir='ltr'><strong>mortem</strong></span> <span class='ocrx_word' id='word_1_885' title='bbox 3233 4517 3333 4554; x_wconf 84' lang='lat' dir='ltr'><strong>non</strong></span> <span class='ocrx_word' id='word_1_886' title='bbox 3374 4501 3626 4570; x_wconf 72' lang='lat' dir='ltr'><strong>pertinere</strong></span> 
     </span>
    </p>
   </div>
   <div class='ocr_carea' id='block_1_109' title="bbox 2039 4590 3625 4668">
    <p class='ocr_par' dir='ltr' id='par_1_109' title="bbox 2039 4590 3625 4668">
     <span class='ocr_line' id='line_1_109' title="bbox 2039 4590 3625 4668; baseline -0.004 -18"><span class='ocrx_word' id='word_1_887' title='bbox 2039 4597 2108 4651; x_wconf 86' lang='lat' dir='ltr'><strong>ad</strong></span> <span class='ocrx_word' id='word_1_888' title='bbox 2147 4597 2455 4668; x_wconf 86' lang='lat' dir='ltr'><strong>supplicium</strong></span> <span class='ocrx_word' id='word_1_889' title='bbox 2504 4593 2644 4648; x_wconf 88' lang='lat' dir='ltr'><strong>illius</strong></span> <span class='ocrx_word' id='word_1_890' title='bbox 2681 4592 2894 4663; x_wconf 69' lang='lat' dir='ltr'><strong>peccati,</strong></span> <span class='ocrx_word' id='word_1_891' title='bbox 2922 4591 3010 4644; x_wconf 82' lang='lat' dir='ltr'><strong>sed</strong></span> <span class='ocrx_word' id='word_1_892' title='bbox 3048 4590 3117 4644; x_wconf 90' lang='lat' dir='ltr'><strong>ad</strong></span> <span class='ocrx_word' id='word_1_893' title='bbox 3153 4592 3382 4645; x_wconf 86' lang='lat' dir='ltr'><strong>instituta</strong></span> <span class='ocrx_word' id='word_1_894' title='bbox 3406 4601 3625 4646; x_wconf 70' lang='lat' dir='ltr'><strong>natura.</strong></span> 
     </span>
    </p>
   </div>
   <div class='ocr_carea' id='block_1_110' title="bbox 2045 4671 3629 4758">
    <p class='ocr_par' dir='ltr' id='par_1_110' title="bbox 2045 4671 3629 4758">
     <span class='ocr_line' id='line_1_110' title="bbox 2045 4671 3629 4758; baseline -0.004 -15"><span class='ocrx_word' id='word_1_895' title='bbox 2045 4688 2206 4758; x_wconf 82' lang='lat' dir='ltr'><strong>Quasi</strong></span> <span class='ocrx_word' id='word_1_896' title='bbox 2226 4702 2356 4742; x_wconf 87' lang='lat' dir='ltr'><strong>vero</strong></span> <span class='ocrx_word' id='word_1_897' title='bbox 2383 4684 2549 4740; x_wconf 89' lang='lat' dir='ltr'><strong>David</strong></span> <span class='ocrx_word' id='word_1_898' title='bbox 2575 4683 2684 4739; x_wconf 88' lang='lat' dir='ltr'><strong>duo</strong></span> <span class='ocrx_word' id='word_1_899' title='bbox 2704 4683 2790 4738; x_wconf 85' lang='lat' dir='ltr'><strong>illa</strong></span> <span class='ocrx_word' id='word_1_900' title='bbox 2813 4683 3014 4738; x_wconf 88' lang='lat' dir='ltr'><strong>scelera</strong></span> <span class='ocrx_word' id='word_1_901' title='bbox 3033 4682 3238 4752; x_wconf 85' lang='lat' dir='ltr'><strong>gravia,</strong></span> <span class='ocrx_word' id='word_1_902' title='bbox 3266 4681 3318 4736; x_wconf 90' lang='lat' dir='ltr'><strong>id</strong></span> <span class='ocrx_word' id='word_1_903' title='bbox 3340 4690 3444 4748; x_wconf 89' lang='lat' dir='ltr'><strong>est,</strong></span> <span class='ocrx_word' id='word_1_904' title='bbox 3470 4671 3629 4736; x_wconf 57' lang='lat' dir='ltr'><strong>adol?»</strong></span> 
     </span>
    </p>
   </div>
   <div class='ocr_carea' id='block_1_111' title="bbox 2051 4771 3628 4844">
    <p class='ocr_par' dir='ltr' id='par_1_111' title="bbox 2051 4771 3628 4844">
     <span class='ocr_line' id='line_1_111' title="bbox 2051 4771 3628 4844; baseline -0.006 -7"><span class='ocrx_word' id='word_1_905' title='bbox 2051 4782 2239 4836; x_wconf 88' lang='lat' dir='ltr'><strong>terium</strong></span> <span class='ocrx_word' id='word_1_906' title='bbox 2260 4789 2315 4835; x_wconf 91' lang='lat' dir='ltr'><strong>et</strong></span> <span class='ocrx_word' id='word_1_907' title='bbox 2342 4776 2711 4844; x_wconf 90' lang='lat' dir='ltr'><strong>homicidium,</strong></span> <span class='ocrx_word' id='word_1_908' title='bbox 2744 4789 2852 4830; x_wconf 92' lang='lat' dir='ltr'><strong>non</strong></span> <span class='ocrx_word' id='word_1_909' title='bbox 2878 4773 2956 4829; x_wconf 88' lang='lat' dir='ltr'><strong>sic</strong></span> <span class='ocrx_word' id='word_1_910' title='bbox 2977 4774 3273 4844; x_wconf 79' lang='lat' dir='ltr'><strong>expiaverit</strong></span> <span class='ocrx_word' id='word_1_911' title='bbox 3293 4771 3628 4842; x_wconf 74' lang='lat' dir='ltr'><strong>pmnitendo,</strong></span> 
     </span>
    </p>
   </div>
   <div class='ocr_carea' id='block_1_112' title="bbox 2044 4864 3635 4936">
    <p class='ocr_par' dir='ltr' id='par_1_112' title="bbox 2044 4864 3635 4936">
     <span class='ocr_line' id='line_1_112' title="bbox 2044 4864 3635 4936; baseline -0.008 -9"><span class='ocrx_word' id='word_1_912' title='bbox 2044 4883 2104 4927; x_wconf 91' lang='lat' dir='ltr'><strong>ut</strong></span> <span class='ocrx_word' id='word_1_913' title='bbox 2127 4873 2176 4927; x_wconf 92' lang='lat' dir='ltr'><strong>ei</strong></span> <span class='ocrx_word' id='word_1_914' title='bbox 2209 4870 2388 4926; x_wconf 88' lang='lat' dir='ltr'><strong>datam</strong></span> <span class='ocrx_word' id='word_1_915' title='bbox 2413 4869 2620 4923; x_wconf 90' lang='lat' dir='ltr'><strong>veniam</strong></span> <span class='ocrx_word' id='word_1_916' title='bbox 2647 4865 2906 4936; x_wconf 87' lang='lat' dir='ltr'><strong>propheta</strong></span> <span class='ocrx_word' id='word_1_917' title='bbox 2937 4864 3052 4932; x_wconf 87' lang='lat' dir='ltr'><strong>ipse</strong></span> <span class='ocrx_word' id='word_1_918' title='bbox 3080 4864 3169 4934; x_wconf 90' lang='lat' dir='ltr'><strong>qui</strong></span> <span class='ocrx_word' id='word_1_919' title='bbox 3199 4878 3319 4916; x_wconf 86' lang='lat' dir='ltr'><strong>eum</strong></span> <span class='ocrx_word' id='word_1_920' title='bbox 3345 4871 3635 4930; x_wconf 73' lang='lat' dir='ltr'><strong>terruerat,</strong></span> 
     </span>
    </p>
   </div>
   <div class='ocr_carea' id='block_1_113' title="bbox 2046 4951 3634 5024">
    <p class='ocr_par' dir='ltr' id='par_1_113' title="bbox 2046 4951 3634 5024">
     <span class='ocr_line' id='line_1_113' title="bbox 2046 4951 3634 5024; baseline -0.006 -8"><span class='ocrx_word' id='word_1_921' title='bbox 2046 4968 2336 5017; x_wconf 86' lang='lat' dir='ltr'><strong>testaretur</strong></span> <span class='ocrx_word' id='word_1_922' title='bbox 2367 4975 2382 5013; x_wconf 89' lang='lat'><strong>:</strong></span> <span class='ocrx_word' id='word_1_923' title='bbox 2411 4967 2466 5013; x_wconf 92' lang='lat' dir='ltr'><strong>et</strong></span> <span class='ocrx_word' id='word_1_924' title='bbox 2496 4970 2673 5013; x_wconf 88' lang='lat' dir='ltr'><strong>tamen</strong></span> <span class='ocrx_word' id='word_1_925' title='bbox 2705 4955 2774 5010; x_wconf 90' lang='lat' dir='ltr'><strong>ita</strong></span> <span class='ocrx_word' id='word_1_926' title='bbox 2796 4969 2861 5011; x_wconf 89' lang='lat' dir='ltr'><strong>ea</strong></span> <span class='ocrx_word' id='word_1_927' title='bbox 2886 4968 3006 5024; x_wconf 78' lang='lat' dir='ltr'><strong>qua:</strong></span> <span class='ocrx_word' id='word_1_928' title='bbox 3045 4953 3184 5008; x_wconf 89' lang='lat' dir='ltr'><strong>Dens</strong></span> <span class='ocrx_word' id='word_1_929' title='bbox 3213 4951 3383 5006; x_wconf 75' lang='lat' dir='ltr'><strong>fuerat</strong></span> <span class='ocrx_word' id='word_1_930' title='bbox 3403 4953 3634 5007; x_wconf 57' lang='lat' dir='ltr'><strong>contini.</strong></span> 
     </span>
    </p>
   </div>
   <div class='ocr_carea' id='block_1_114' title="bbox 2047 5041 3633 5116">
    <p class='ocr_par' dir='ltr' id='par_1_114' title="bbox 2047 5041 3633 5116">
     <span class='ocr_line' id='line_1_114' title="bbox 2047 5041 3633 5116; baseline -0.008 -9"><span class='ocrx_word' id='word_1_931' title='bbox 2047 5063 2200 5108; x_wconf 85' lang='lat' dir='ltr'><strong>natus</strong></span> <span class='ocrx_word' id='word_1_932' title='bbox 2232 5093 2247 5116; x_wconf 93' lang='lat'><strong>,</strong></span> <span class='ocrx_word' id='word_1_933' title='bbox 2299 5049 2526 5115; x_wconf 78' lang='lat' dir='ltr'><strong>legimus</strong></span> <span class='ocrx_word' id='word_1_934' title='bbox 2554 5046 2861 5107; x_wconf 77' lang='lat' dir='ltr'><strong>subsecuta,</strong></span> <span class='ocrx_word' id='word_1_935' title='bbox 2909 5053 2965 5097; x_wconf 92' lang='lat' dir='ltr'><strong>ut</strong></span> <span class='ocrx_word' id='word_1_936' title='bbox 3018 5041 3382 5113; x_wconf 84' lang='lat' dir='ltr'><strong>intelligamus</strong></span> <span class='ocrx_word' id='word_1_937' title='bbox 3428 5041 3494 5096; x_wconf 81' lang='lat' dir='ltr'><strong>ad</strong></span> <span class='ocrx_word' id='word_1_938' title='bbox 3530 5041 3633 5096; x_wconf 86' lang='lat' dir='ltr'><strong>hoc</strong></span> 
     </span>
    </p>
   </div>
   <div class='ocr_carea' id='block_1_115' title="bbox 2047 5133 3633 5215">
    <p class='ocr_par' dir='ltr' id='par_1_115' title="bbox 2047 5133 3633 5215">
     <span class='ocr_line' id='line_1_115' title="bbox 2047 5133 3633 5215; baseline -0.009 -16"><span class='ocrx_word' id='word_1_939' title='bbox 2047 5145 2310 5215; x_wconf 84' lang='lat' dir='ltr'><strong>profuisse</strong></span> <span class='ocrx_word' id='word_1_940' title='bbox 2349 5140 2497 5195; x_wconf 89' lang='lat' dir='ltr'><strong>illam</strong></span> <span class='ocrx_word' id='word_1_941' title='bbox 2545 5137 2790 5203; x_wconf 87' lang='lat' dir='ltr'><strong>veniam,</strong></span> <span class='ocrx_word' id='word_1_942' title='bbox 2832 5149 2901 5191; x_wconf 89' lang='lat' dir='ltr'><strong>ne</strong></span> <span class='ocrx_word' id='word_1_943' title='bbox 2943 5133 3105 5188; x_wconf 93' lang='lat' dir='ltr'><strong>homo</strong></span> <span class='ocrx_word' id='word_1_944' title='bbox 3150 5135 3240 5205; x_wconf 92' lang='lat' dir='ltr'><strong>qui</strong></span> <span class='ocrx_word' id='word_1_945' title='bbox 3297 5142 3440 5189; x_wconf 88' lang='lat' dir='ltr'><strong>tanta</strong></span> <span class='ocrx_word' id='word_1_946' title='bbox 3493 5133 3633 5187; x_wconf 88' lang='lat' dir='ltr'><strong>mala</strong></span> 
     </span>
    </p>
   </div>
   <div class='ocr_carea' id='block_1_116' title="bbox 2048 5225 3626 5298">
    <p class='ocr_par' dir='ltr' id='par_1_116' title="bbox 2048 5225 3626 5298">
     <span class='ocr_line' id='line_1_116' title="bbox 2048 5225 3626 5298; baseline -0.01 -8"><span class='ocrx_word' id='word_1_947' title='bbox 2048 5233 2422 5297; x_wconf 83' lang='lat' dir='ltr'><strong>commiserat,</strong></span> <span class='ocrx_word' id='word_1_948' title='bbox 2454 5227 2782 5298; x_wconf 89' lang='lat' dir='ltr'><strong>sempiterno</strong></span> <span class='ocrx_word' id='word_1_949' title='bbox 2811 5240 2909 5296; x_wconf 90' lang='lat' dir='ltr'><strong>pro</strong></span> <span class='ocrx_word' id='word_1_950' title='bbox 2941 5225 3020 5280; x_wconf 88' lang='lat' dir='ltr'><strong>eis</strong></span> <span class='ocrx_word' id='word_1_951' title='bbox 3047 5226 3309 5295; x_wconf 84' lang='lat' dir='ltr'><strong>supplicio</strong></span> <span class='ocrx_word' id='word_1_952' title='bbox 3360 5225 3626 5294; x_wconf 84' lang='lat' dir='ltr'><strong>plectere-</strong></span> 
     </span>
    </p>
   </div>
   <div class='ocr_carea' id='block_1_117' title="bbox 2052 5316 3628 5394">
    <p class='ocr_par' dir='ltr' id='par_1_117' title="bbox 2052 5316 3628 5394">
     <span class='ocr_line' id='line_1_117' title="bbox 2052 5316 3628 5394; baseline -0.009 -13"><span class='ocrx_word' id='word_1_953' title='bbox 2052 5335 2157 5382; x_wconf 86' lang='lat' dir='ltr'><strong>tur.</strong></span> <span class='ocrx_word' id='word_1_954' title='bbox 2189 5325 2316 5381; x_wconf 80' lang='lat' dir='ltr'><strong>Erat</strong></span> <span class='ocrx_word' id='word_1_955' title='bbox 2351 5337 2479 5394; x_wconf 82' lang='lat' dir='ltr'><strong>ergo</strong></span> <span class='ocrx_word' id='word_1_956' title='bbox 2497 5330 2552 5376; x_wconf 89' lang='lat' dir='ltr'><strong>et</strong></span> <span class='ocrx_word' id='word_1_957' title='bbox 2579 5319 2751 5390; x_wconf 86' lang='lat' dir='ltr'><strong>primo</strong></span> <span class='ocrx_word' id='word_1_958' title='bbox 2785 5316 3029 5383; x_wconf 90' lang='lat' dir='ltr'><strong>homini,</strong></span> <span class='ocrx_word' id='word_1_959' title='bbox 3057 5316 3122 5371; x_wconf 88' lang='lat' dir='ltr'><strong>ad</strong></span> <span class='ocrx_word' id='word_1_960' title='bbox 3170 5331 3327 5386; x_wconf 88' lang='lat' dir='ltr'><strong>quam</strong></span> <span class='ocrx_word' id='word_1_961' title='bbox 3369 5328 3480 5370; x_wconf 87' lang='lat' dir='ltr'><strong>rem</strong></span> <span class='ocrx_word' id='word_1_962' title='bbox 3511 5328 3628 5381; x_wconf 86' lang='lat' dir='ltr'><strong>pro-</strong></span> 
     </span>
    </p>
   </div>
   <div class='ocr_carea' id='block_1_118' title="bbox 2053 5408 3624 5489">
    <p class='ocr_par' dir='ltr' id='par_1_118' title="bbox 2053 5408 3624 5489">
     <span class='ocr_line' id='line_1_118' title="bbox 2053 5408 3624 5489; baseline -0.01 -12"><span class='ocrx_word' id='word_1_963' title='bbox 2053 5420 2236 5477; x_wconf 77' lang='lat' dir='ltr'><strong>liceret</strong></span> <span class='ocrx_word' id='word_1_964' title='bbox 2255 5415 2566 5489; x_wconf 71' lang='lat' dir='ltr'><strong>pmnitcntia</strong></span> <span class='ocrx_word' id='word_1_965' title='bbox 2595 5449 2609 5478; x_wconf 91' lang='lat'><strong>,</strong></span> <span class='ocrx_word' id='word_1_966' title='bbox 2641 5410 2692 5466; x_wconf 91' lang='lat' dir='ltr'><strong>id</strong></span> <span class='ocrx_word' id='word_1_967' title='bbox 2729 5421 2832 5477; x_wconf 89' lang='lat' dir='ltr'><strong>est,</strong></span> <span class='ocrx_word' id='word_1_968' title='bbox 2864 5424 2926 5466; x_wconf 81' lang='lat' dir='ltr'><strong>ut</strong></span> <span class='ocrx_word' id='word_1_969' title='bbox 2948 5425 3070 5464; x_wconf 89' lang='lat' dir='ltr'><strong>eum</strong></span> <span class='ocrx_word' id='word_1_970' title='bbox 3097 5408 3377 5472; x_wconf 89' lang='lat' dir='ltr'><strong>diuturna,</strong></span> <span class='ocrx_word' id='word_1_971' title='bbox 3407 5420 3512 5461; x_wconf 91' lang='lat' dir='ltr'><strong>non</strong></span> <span class='ocrx_word' id='word_1_972' title='bbox 3545 5414 3624 5461; x_wconf 70' lang='lat' dir='ltr'><strong>ta-</strong></span> 
     </span>
    </p>
   </div>
   <div class='ocr_carea' id='block_1_119' title="bbox 2051 5494 3638 5575">
    <p class='ocr_par' dir='ltr' id='par_1_119' title="bbox 2051 5494 3638 5575">
     <span class='ocr_line' id='line_1_119' title="bbox 2051 5494 3638 5575; baseline -0.013 -7"><span class='ocrx_word' id='word_1_973' title='bbox 2051 5526 2176 5568; x_wconf 87' lang='lat' dir='ltr'><strong>men</strong></span> <span class='ocrx_word' id='word_1_974' title='bbox 2215 5520 2414 5565; x_wconf 64' lang='lat' dir='ltr'><strong>atterna</strong></span> <span class='ocrx_word' id='word_1_975' title='bbox 2457 5519 2611 5575; x_wconf 76' lang='lat' dir='ltr'><strong>pmna</strong></span> <span class='ocrx_word' id='word_1_976' title='bbox 2663 5501 2899 5575; x_wconf 90' lang='lat' dir='ltr'><strong>puniret.</strong></span> <span class='ocrx_word' id='word_1_977' title='bbox 2934 5499 3085 5556; x_wconf 85' lang='lat' dir='ltr'><strong>Unde</strong></span> <span class='ocrx_word' id='word_1_978' title='bbox 3119 5497 3314 5551; x_wconf 89' lang='lat' dir='ltr'><strong>factum</strong></span> <span class='ocrx_word' id='word_1_979' title='bbox 3343 5503 3424 5550; x_wconf 85' lang='lat' dir='ltr'><strong>est</strong></span> <span class='ocrx_word' id='word_1_980' title='bbox 3450 5536 3466 5563; x_wconf 94' lang='lat'><strong>,</strong></span> <span class='ocrx_word' id='word_1_981' title='bbox 3491 5494 3638 5566; x_wconf 87' lang='lat' dir='ltr'><strong>qttod</strong></span> 
     </span>
    </p>
   </div>
   <div class='ocr_carea' id='block_1_120' title="bbox 2053 5586 3628 5662">
    <p class='ocr_par' dir='ltr' id='par_1_120' title="bbox 2053 5586 3628 5662">
     <span class='ocr_line' id='line_1_120' title="bbox 2053 5586 3628 5662; baseline -0.012 -4"><span class='ocrx_word' id='word_1_982' title='bbox 2053 5601 2347 5658; x_wconf 87' lang='lat' dir='ltr'><strong>rectissime</strong></span> <span class='ocrx_word' id='word_1_983' title='bbox 2373 5597 2610 5654; x_wconf 88' lang='lat' dir='ltr'><strong>creditur</strong></span> <span class='ocrx_word' id='word_1_984' title='bbox 2629 5637 2644 5662; x_wconf 90' lang='lat'><strong>,</strong></span> <span class='ocrx_word' id='word_1_985' title='bbox 2679 5605 2734 5648; x_wconf 91' lang='lat' dir='ltr'><strong>nt</strong></span> <span class='ocrx_word' id='word_1_986' title='bbox 2758 5608 2879 5649; x_wconf 87' lang='lat' dir='ltr'><strong>eum</strong></span> <span class='ocrx_word' id='word_1_987' title='bbox 2913 5591 3048 5644; x_wconf 91' lang='lat' dir='ltr'><strong>filius</strong></span> <span class='ocrx_word' id='word_1_988' title='bbox 3068 5587 3201 5657; x_wconf 81' lang='lat' dir='ltr'><strong>ejus,</strong></span> <span class='ocrx_word' id='word_1_989' title='bbox 3231 5586 3281 5642; x_wconf 92' lang='lat' dir='ltr'><strong>id</strong></span> <span class='ocrx_word' id='word_1_990' title='bbox 3311 5596 3416 5656; x_wconf 84' lang='lat' dir='ltr'><strong>est,</strong></span> <span class='ocrx_word' id='word_1_991' title='bbox 3441 5601 3628 5643; x_wconf 84' lang='lat' dir='ltr'><strong>secun-</strong></span> 
     </span>
    </p>
   </div>
   <div class='ocr_carea' id='block_1_121' title="bbox 2053 5670 3636 5749">
    <p class='ocr_par' dir='ltr' id='par_1_121' title="bbox 2053 5670 3636 5749">
     <span class='ocr_line' id='line_1_121' title="bbox 2053 5670 3636 5749; baseline -0.015 -1"><span class='ocrx_word' id='word_1_992' title='bbox 2053 5695 2176 5749; x_wconf 89' lang='lat' dir='ltr'><strong>dum</strong></span> <span class='ocrx_word' id='word_1_993' title='bbox 2234 5691 2502 5745; x_wconf 88' lang='lat' dir='ltr'><strong>hominem</strong></span> <span class='ocrx_word' id='word_1_994' title='bbox 2560 5687 2811 5742; x_wconf 84' lang='lat' dir='ltr'><strong>Dominus</strong></span> <span class='ocrx_word' id='word_1_995' title='bbox 2863 5682 3053 5746; x_wconf 76' lang='lat' dir='ltr'><strong>.Iesns,</strong></span> <span class='ocrx_word' id='word_1_996' title='bbox 3087 5677 3298 5748; x_wconf 72' lang='lat' dir='ltr'><strong>quando</strong></span> <span class='ocrx_word' id='word_1_997' title='bbox 3339 5670 3636 5733; x_wconf 68' lang='lat' dir='ltr'><strong>adinl’crna</strong></span> 
     </span>
    </p>
   </div>
  </div>
