3970 6184
338 263 358 315 i
373 260 478 317 583

343 374 616 432 descendit
638 417 650 437 ,
677 374 744 428 ab
768 374 957 429 inferni
988 373 1209 431 vinculis
1240 375 1254 404 ¹
1280 375 1527 429 Solveret.
1562 374 1710 430 Tunc
1754 374 1918 440 enim,

308 478 313 485 ‘
345 462 492 534 iuxta
534 463 724 519 librtnn
767 464 1051 537 Sapientia:
1074 505 1089 530 ,
1123 458 1496 534 intelligendus
1522 473 1605 519 est
1640 463 1862 519 eductus
1890 479 1918 517 a

344 554 538 608 delicto
561 569 678 621 suo,
711 564 768 609 ut
797 556 899 608 hoc
925 547 1011 608 ille
1033 554 1166 609 liber
1186 570 1291 608 non
1320 553 1515 610 factum
1561 553 1798 621 dixisse,
1827 554 1921 609 sed

349 649 583 702 laturum
628 645 1327 716 prmdixisse‘monstretur,
1375 647 1761 718 quamvis'per
1796 664 1921 702 ver-

343 738 466 794 htnn
495 737 746 807 prmtcriti
775 728 1035 808 temporis
1063 755 1077 792 :
1105 737 1183 793 sic
1207 739 1348 793 enim
1374 737 1472 804 ait,
1503 732 1697 791 Eduxit
1722 737 1866 791 illum
1888 752 1920 790 α

340 828 515 883 delicto
536 846 627 882 suo
654 826 809 901 (Sap.
852 846 885 883 ι
910 872 924 899 ,
977 828 1059 902 2),
1093 829 1540 899 quemadmodum
1570 829 1765 883 dictum
1804 831 1917 896 est,

343 914 603 972 Fuderunt
629 936 808 972 manus
832 936 967 972 meas
987 918 1156 992 (Psal.
1185 935 1299 985 XXI,
1331 920 1446 990 1⁸7),
1479 929 1533 974 ει
1561 904 1778 985 cetera,
1798 933 1918 989 quas

334 1012 404 1064 ibi
443 1026 536 1081 per
562 1011 719 1066 verba
750 1010 1003 1081 praeteriti
1036 1011 1290 1080 temporis
1316 1012 1338 1043 ¹
1369 1010 1545 1065 futura
1585 1025 1704 1065 esse
1731 1009 1921 1065 dicun-

335 1112 437 1156 tur.
470 1104 545 1157 Ac
570 1118 669 1173 per
694 1102 796 1158 hoc
824 1111 880 1159 et
906 1109 1077 1158 morte
1102 1102 1342 1173 corporis
1381 1101 1577 1157 factum
1607 1110 1711 1168 est,
1740 1109 1799 1155 ut
1821 1115 1917 1170 pro

336 1203 555 1262 peccato
615 1208 826 1263 pmnam
866 1193 1039 1249 lueret
1082 1193 1464 1263 temporalem;
1497 1202 1549 1248 et
1596 1190 1913 1262 paenitentia

332 1298 438 1338 non
479 1283 607 1338 nihil
634 1292 808 1338 actum
839 1292 960 1349 est,
991 1272 1051 1338 ut
1090 1283 1341 1339 evaderet
1364 1283 1741 1355 sempiternam
1776 1297 1790 1334 :
1821 1281 1914 1336 ubi

331 1375 451 1444 plus
480 1374 643 1428 valuit
671 1371 841 1445 gratia
883 1372 1157 1429 liberantis
1183 1413 1198 1439 ,
1236 1387 1396 1443 quam
1440 1371 1686 1426 meritum
1739 1370 1916 1441 pmnio

331 1464 511 1520 tentis.
551 1464 666 1520 Non
706 1474 789 1521 est
819 1464 958 1520 unde
1008 1475 1060 1520 te
1105 1465 1316 1520 munias
1356 1464 1614 1519 adversus
1657 1463 1913 1541 impetum

330 1554 592 1622 veritatis,
619 1569 724 1625 quo
768 1570 889 1610 cum
941 1556 1045 1609 tuis
1087 1553 1350 1615 machinis
1387 1554 1438 1607 in
1468 1553 1763 1608 clarissima
1795 1553 1913 1608 luce

329 1645 704 1715 prosterneris,
738 1660 836 1700 nec
863 1645 916 1699 in
944 1645 1041 1699 Dci
1075 1644 1376 1715 paradisum
1419 1654 1473 1699 et
1520 1652 1720 1699 mortes
1750 1652 1804 1699 et
1829 1645 1911 1698 in-

334 1734 696 1789 numerabiles
726 1734 962 1801 morbos,
993 1732 1282 1789 mortiferis
1332 1734 1657 1790 cruciatibus
1689 1735 1905 1805 plenos,

331 1826 619 1882 immittere
637 1826 743 1879 ulla
766 1826 975 1896 penitus
1005 1827 1211 1882 ratione
1234 1828 1576 1897 permilleris.
1604 1827 1776 1883 Crt‘de
1799 1828 1910 1883 Deo

332 1923 549 1989 dicenti,
601 1923 926 1993 Quacumque
949 1923 1031 1976 die
1052 1923 1254 1977 oderitis
1276 1939 1338 1977 ex
1359 1936 1437 1989 eo,
1470 1931 1628 1976 morte
1657 1922 1910 1976 morienti—

331 2006 384 2068 ni
409 2014 558 2086 (Cen.
590 2031 649 2079 ll,
678 2013 786 2086 l7).
821 2014 900 2068 Eo
941 2013 1137 2084 quippe
1165 2012 1252 2071 die
1291 2023 1574 2083 coeperunt
1594 2013 1728 2067 muri
1753 2055 1768 2079 ,
1801 2028 1908 2083 quo

325 2105 556 2176 separati
599 2120 629 2161 a
684 2105 828 2176 ligno
872 2106 1025 2172 vitze,
1057 2103 1196 2174 quod
1223 2105 1405 2174 utique
1434 2104 1487 2159 in
1528 2104 1648 2159 loco
1679 2104 1911 2175 p0situm'

322 2198 837 2268 corporali,.corpori
860 2198 1020 2252 vitam
1048 2196 1502 2263 subministrabat,
1533 2199 1906 2254 necessitatem

322 2288 510 2342 mortis
551 2287 1020 2358 conditionemque
1058 2297 1419 2358 sumpserunt.
1469 2287 1628 2343 Certe
1659 2287 1680 2320 ³
1721 2289 1908 2343 damna

321 2377 497 2431 mortis
543 2386 597 2432 et
621 2392 758 2432 mors
785 2393 960 2445 avara,
989 2376 1147 2432 verba
1173 2386 1297 2432 sunt
1332 2386 1416 2431 tua
1444 2394 1456 2428 :
1488 2378 1680 2432 saltem
1721 2386 1770 2433 te
1804 2378 1903 2433 ista

318 2465 479 2521 verba
507 2476 613 2520 tam
634 2466 764 2521 dura
783 2474 837 2521 et
862 2466 1147 2532 horrenda,
1177 2466 1499 2540 utparadiso
1521 2467 1612 2524 Dei
1638 2483 1902 2538 parceres,

316 2557 686 2613 admonerent.
715 2557 1014 2612 Tantumne
1031 2564 1087 2612 te
1115 2556 1337 2611 oti‘endit
1361 2556 1509 2612 locus
1536 2556 1908 2627 praedicatissi-

317 2667 439 2706 mus
464 2651 763 2716 beatorum,
794 2658 851 2705 ut
882 2665 912 2703 a
949 2658 1001 2705 te
1025 2650 1076 2704 in
1106 2665 1229 2705 eum
1258 2657 1314 2704 et
1359 2664 1507 2704 mors
1536 2657 1591 2705 et
1620 2648 1901 2705 damnifica

321 2751 379 2800 et
397 2758 556 2797 avara
582 2741 866 2797 mittatur?
888 2740 934 2797 Ο
962 2742 1160 2797 inimici
1201 2742 1296 2797 Dei
1325 2743 1530 2813 gratim,
1566 2742 1765 2797 inimici
1809 2759 1901 2813 pa-

320 2837 501 2892 radiso
532 2836 656 2901 Dei,
685 2850 792 2905 quo
811 2835 1039 2906 amplius
1070 2835 1315 2905 progredi
1342 2835 1585 2905 poteritis
1607 2876 1621 2899 ,
1651 2850 1809 2905 quam
1846 2844 1904 2889 ut

315 2935 624 2980 sanctarum
655 2925 965 2979 deliciarum
993 2922 1328 2979 dulcedinem
1352 2924 1703 2979 amarissimis
1724 2925 1902 2995 poenis

315 3016 614 3087 impleatis,
653 3016 889 3087 nihilque
936 3016 1113 3070 velitis
1159 3029 1280 3070 esse
1333 3014 1635 3086 paradisum
1675 3017 1773 3070 nisi
1803 3028 1899 3086 ge-

315 3109 543 3163 hennam
576 3108 834 3163 minorem
854 3107 879 3161 i
1893 3123 1896 3126 '

380 3196 571 3252 XXXI.
622 3196 741 3252 Jut.
801 3196 967 3252 Porro
1015 3196 1125 3266 jam
1174 3197 1302 3252 satis
1344 3197 1509 3252 multa
1557 3195 1626 3253 de
1671 3194 1890 3253 Genesi.

309 3287 667 3343 Transeamus
695 3288 759 3341 ad
803 3288 1102 3357 apostolum
1150 3287 1394 3354 Paulum,
1426 3302 1581 3358 quem
1627 3287 1897 3356 opinionis

308 3394 419 3435 suae
447 3380 767 3435 Manichants
795 3388 847 3434 et
874 3379 1235 3434 Traducianus
1258 3379 1563 3447 opinantur.
1606 3377 1740 3433 Cum
1768 3392 1896 3448 ergo

312 3471 379 3524 de
406 3479 735 3523 mortuorum
763 3468 1155 3521 resurrectione
1194 3466 1500 3530 dissereret,
1532 3467 1602 3519 ait
1628 3483 1642 3520 :
1670 3466 1817 3520 Sicut
1840 3467 1895 3519 in

312 3559 479 3615 Adam
506 3574 675 3611 onmes
700 3558 1005 3619 moriuntur,
1033 3558 1104 3610 ita
1144 3565 1189 3610 et
1230 3556 1281 3610 in
1312 3556 1512 3610 Christo
1537 3573 1711 3611 omnes
1736 3552 1895 3625 vivi/i4-

318 3651 565 3704 cabuntur
590 3646 635 3717 (l
675 3645 794 3702 Cor.
824 3663 914 3714 xv,
942 3644 1058 3719 Ἠ).
1097 3644 1207 3701 [loc
1234 3647 1594 3702 testimonium
1632 3648 1892 3718 usurpasli

310 3753 390 3809 tu,
424 3754 544 3796 cum
575 3755 680 3810 quo
708 3739 862 3794 nobis
886 3752 1045 3795 causa
1072 3748 1155 3795 est
1179 3756 1190 3791 :
1216 3738 1309 3795 sed
1337 3739 1462 3810 quid
1486 3753 1552 3796 eo
1574 3739 1762 3796 confici
1790 3752 1891 3810 pu-

302 3846 468 3903 tares,
485 3835 676 3906 quiatu
697 3834 934 3901 tacuisti,
961 3836 1061 3891 etsi
1086 3835 1344 3905 suspicer,
1371 3845 1545 3892 tamen
1573 3836 1890 3893 conﬁrmare

302 3929 387 3981 vix
414 3941 650 3997 possum.
678 3925 812 3993 Quid
834 3925 976 3980 enim
1000 3934 1202 3995 spectat
1226 3926 1291 3981 ad
1315 3928 1609 3992 traducem,
1633 3929 1677 3982 si
1699 3941 1887 3983 omnes

303 4018 355 4073 in
388 4016 553 4072 Adam
588 4017 719 4072 mori
760 4016 1038 4082 dicantur;
1070 4031 1191 4073 cum
1222 4018 1391 4073 Adam
1431 4034 1623 4075 nomen
1652 4017 1885 4074 hominis

302 4110 390 4174 sit,
440 4108 627 4163 tradux
676 4116 853 4163 autem
895 4109 1095 4177 peccati
1124 4117 1180 4162 et
1219 4108 1352 4163 labis
1394 4109 1700 4165 Manichma:
1743 4110 1884 4165 indi-

301 4196 479 4253 cium?
509 4197 616 4252 Nisi
647 4195 783 4251 forte
811 4196 943 4250 nihil
973 4195 1116 4250 aliud
1142 4196 1314 4265 ipsum
1346 4196 1512 4250 Adam
1532 4240 1546 4263 ,
1575 4213 1732 4268 quam
1760 4214 1885 4269 pec-

302 4296 480 4341 catum
512 4295 567 4342 et
609 4299 764 4354 esse,
796 4294 852 4341 et
895 4299 1087 4340 sonare
1130 4283 1378 4350 fatearis;
1409 4296 1466 4339 ut
1508 4285 1610 4342 hac
1647 4290 1884 4359 appellaa

300 4379 445 4431 tione
473 4376 762 4447 Apostolus
802 4390 991 4431 omnes
1019 4376 1155 4430 mori
1195 4375 1250 4429 in
1275 4384 1494 4445 peccato
1518 4354 1889 4446 pronuntiasse

221 4462 226 4509 ἐ
301 4464 579 4520 videatur?
598 4463 706 4520 Sed
733 4465 835 4520 hoc
860 4466 1132 4536 propalam
1159 4463 1403 4519 insanum
1435 4472 1537 4520 est.
1565 4465 1703 4533 Quid
1730 4466 1888 4536 igitur

302 4566 520 4619 novum,
553 4554 598 4606 si
627 4553 749 4623 quia
778 4553 948 4607 Adam
974 4568 1151 4609 sermo
1179 4540 1424 4609 hebrzeus
1463 4553 1594 4608 nihil
1627 4555 1769 4610 aliud
1800 4557 1884 4611 iu-

295 4643 441 4700 dicat
468 4656 625 4715 quam
667 4641 936 4697 hominem
966 4642 1092 4714 (hoc
1119 4643 1260 4698 enim
1306 4644 1674 4715 interpretatio
1717 4647 1885 4717 ipsius

300 4732 610 4803 exprimit),
633 4730 832 4787 dixerit
860 4733 1163 4803 Apostolus,
1189 4732 1255 4786 In
1274 4733 1439 4787 Adam
1462 4752 1635 4791 omnes
1654 4741 1883 4793 moriun-

293 4837 403 4889 tur,
434 4831 483 4877 et
506 4824 562 4877 in
588 4820 792 4879 Christo
814 4837 987 4879 omnes
1015 4821 1413 4892 viviﬁcabuntur
1435 4840 1453 4878 :
1472 4825 1523 4880 id
1548 4836 1634 4882 est
1650 4867 1667 4893 ,
1691 4842 1884 4884 secund-

296 4918 427 4969 tlum
467 4913 697 4971 hominis
733 4914 822 4987 qui
852 4915 1152 4970 moriuntur
1188 4922 1433 4970 naturam
1456 4958 1471 4983 ,
1513 4932 1607 4988 per
1635 4920 1883 4975 virtutem

301 5003 500 5060 Christi
527 5016 558 5058 a
584 5006 807 5061 mortuis
835 5006 1172 5062 excitantur?
1200 5004 1335 5061 Huic
1371 5008 1648 5063 sententia:
1676 5010 1766 5080 qui
1797 5012 1880 5065 in.

292 5096 533 5163 ‘tlciatur,
559 5094 755 5150 insanit
779 5114 795 5150 :
814 5096 1054 5166 ejusdem
1082 5097 1278 5169 quippe
1299 5098 1532 5152 auctoris
1552 5098 1767 5168 virtute,
1789 5103 1879 5171 qui

301 5188 355 5245 in
401 5187 500 5244 hac
538 5187 644 5242 vita
684 5185 1059 5244 fecunditatem
1100 5198 1156 5246 et
1193 5190 1569 5247 mortalitatem
1613 5192 1878 5260 instituit,

302 5278 536 5334 universi
577 5277 950 5335 excitabuntur
976 5293 1008 5333 e
1034 5279 1289 5349 sepulcris
1312 5321 1328 5348 ,
1358 5291 1419 5335 ut
1455 5282 1676 5353 recipiat
1713 5297 1879 5339 unus-

306 5373 530 5447 quisque
559 5371 768 5442 propria
797 5368 1040 5441 corporis
1075 5371 1156 5426 sui
1179 5412 1195 5438 ,
1238 5382 1394 5443 prout
1420 5374 1617 5445 gessit,
1648 5374 1760 5431 sive
1784 5376 1878 5433 bo-

362 5560 378 5625 ξ
414 5565 522 5625 κει,
574 5567 685 5625 tlar.
712 5570 773 5625 et
816 5563 971 5625 clm,
1016 5563 1077 5615 ab
1126 5565 1319 5618 nam
1371 5566 1589 5622 mitis.

359 5621 540 5697 again,
566 5624 719 5695 nam
1021 5627 1320 5697 Castigantur
1365 5644 1429 5683 ex
1451 5621 1804 5697 mentiset-iptio.

365 5681 385 5714 ³
410 5681 699 5746 vtgméﬁus,
722 5681 849 5737 ecce'.
878 5696 932 5739 Αι
954 5697 1082 5752 κει,
1106 5681 1253 5740 certe.

937 264 940 268 “
973 259 1229 319 Ol’ERlS‘
1256 262 1665 319 IMPERFECTI
1706 262 1978 320 CONTRA
2016 266 2375 332 JULMNUM.
2422 272 2477 325 S.
2525 274 2888 334 AL'GUSTINI

3482 288 3615 348 1585

2034 393 2181 470 num,
2201 380 2311 435 sive
2333 382 2525 437 malum
2546 385 2609 455 (ll
2627 385 2741 441 Cor.
2765 405 2819 455 v,
2843 390 2954 458 10).
2987 390 3094 446 lloc
3113 393 3286 464 itaque
3311 395 3455 452 dicto
3477 401 3616 470 Apo-

2031 469 2151 522 stoli
2172 513 2187 537 ,
2218 486 2325 541 quo
2352 474 2455 540 ait,
2487 473 2630 530 Sicut
2667 480 2720 533 in
2751 481 2915 535 Adam
2942 500 3111 539 omnes
3140 489 3448 557 mariuntur,
3477 469 3548 545 ita
3569 504 3616 549 et

2027 559 2078 612 iu
2103 558 2302 615 Christo
2345 580 2517 621 omnes
2554 568 2970 639 viviﬁcabuntur;
3010 587 3234 631 mortem
3281 584 3615 652 corporalem

2029 665 2150 719 quas
2194 652 2353 723 justis
2384 656 2699 743 injustisqcc
2746 666 3044 719 communis
3071 677 3192 735 est,
3232 683 3299 724 an
3349 674 3616 741 pmnalem

2022 741 2173 798 illam
2201 744 2413 800 diabolo
2434 758 2487 803 et
2518 741 2693 819 impiis
2721 751 3024 823 deputatam
3054 756 3307 814 insinuari
3339 763 3535 832 putas?
3556 762 3616 819 Si

2029 838 2322 893 naturalem
2371 840 2525 895 istam
2571 843 2865 915 simplicem
2892 890 2907 916 ,
2937 842 3057 919 quas
3104 851 3157 905 in
3206 856 3405 911 sanctis
3453 858 3615 911 etiam

2027 928 2256 996 pretiosa
2285 939 2369 984 est
2397 928 2568 1001 (Psat.
2599 948 2722 1000 cxv,
2755 936 2810 1003 5)
2832 978 2847 1003 ,
2878 952 2997 1008 qua:
3035 955 3143 995 non
3171 940 3343 998 solum
3372 945 3532 1000 bonis
3557 956 3611 1001 et

2025 1018 2199 1085 malis,
2228 1020 2412 1074 verum
2435 1024 2594 1077 etiam
2625 1024 2926 1082 hominibus
2947 1029 3345 1103 pecudibusque
3371 1049 3436 1089 ex
3461 1050 3618 1105 teque

2022 1107 2247 1174 accidit;
2282 1109 2438 1176 hanc,
2468 1114 2703 1184 inquam,
2736 1125 2960 1172 mortem
2992 1120 3077 1175 hic
3103 1121 3388 1192 Apostolus
3413 1125 3617 1181 indica-

2021 1198 2495 1256 vitzmanifesmm
2522 1212 2604 1258 est
2633 1206 2880 1274 quoniam
2928 1209 3143 1265 nomine
3190 1211 3318 1267 Ada:
3365 1216 3613 1271 naturam

2025 1287 2370 1346 humanitatis
2390 1333 2405 1357 ,
2441 1294 2656 1349 nomine
2699 1305 2877 1350 autem
2906 1296 3106 1354 Christi
3136 1302 3614 1371 potentiam'crea-

2020 1380 2151 1433 toris
2181 1389 2235 1435 et
2258 1383 2565 1446 excitatoris
2592 1389 2844 1443 ostendit.
2880 1389 2974 1445 Sin
3004 1400 3187 1447 autem
3222 1395 3514 1464 quodait,
3546 1396 3615 1453 In

2016 1469 2181 1525 Adam
2211 1488 2383 1527 omnes
2420 1476 2742 1544 moriuntur;
2782 1480 2983 1536 crimen
3033 1474 3120 1536 hic
3165 1484 3296 1539 velis
3338 1487 3611 1559 intelligi,

2020 1577 2123 1616 non
2169 1572 2447 1632 naturam;
2481 1569 2714 1638 suppetit
2758 1573 3019 1641 expositio
3063 1582 3170 1628 tam
3215 1586 3400 1646 aperta
3449 1595 3609 1649 quam

2016 1662 2182 1719 certa,
2214 1655 2460 1712 videlicet
2486 1667 2543 1712 ut
2570 1660 2786 1730 dixerit,
2817 1662 2965 1718 Sicut
2993 1678 3166 1722 omnes
3186 1709 3201 1734 ,
3230 1667 3280 1722 id
3309 1678 3416 1734 est,
3452 1671 3604 1728 mult.

2014 1742 2144 1798 Adae
2172 1744 2465 1803 imitatione
2489 1751 2827 1821 moriuntur;
2869 1754 2939 1808 ita
2981 1772 3190 1822 omnes,
3224 1758 3277 1813 id
3306 1768 3409 1827 est,
3458 1763 3612 1817 multi

2012 1831 2209 1888 Christi
2242 1834 2535 1894 imitatione
2581 1842 2879 1897 salvantur.
2913 1846 3020 1899 Aut
3066 1861 3194 1917 ergo
3236 1848 3304 1904 de
3334 1851 3613 1907 cummuni

2013 1932 2186 1979 morte
2214 1923 2421 1982 locutus
2449 1937 2550 1995 est,
2578 1939 2632 1985 et
2673 1943 2921 1987 naturam
2948 1935 3199 1992 indicavit
3224 1956 3238 1992 :
3262 1925 3359 1994 aut
3380 1940 3451 1997 de
3478 1956 3611 2012 pec-

2017 2023 2155 2079 cato,
2184 2022 2238 2069 et
2284 2016 2631 2076 imitationem
2680 2026 3011 2080 accusavit‘.
3059 2026 3149 2082 Sic
3191 2029 3332 2085 enim
3382 2040 3439 2087 et
3488 2044 3611 2103 post

2013 2117 2177 2171 pauca
2206 2106 2477 2176 subjunxit
2501 2127 2517 2164 :
2546 2109 2695 2166 Sicut
2724 2115 3054 2185 portavimus,
3084 2118 3253 2190 inquit
3280 2163 3295 2181 .
3324 2120 3610 2194 imaginem

2012 2198 2260 2252 terrestris
2286 2241 2301 2263 ,
2356 2211 2610 2271 portemus
2662 2206 2818 2261 etiam
2870 2209 3141 2285 imaginem
3190 2212 3334 2270 illius
3389 2219 3609 2275 caelestis

2010 2287 2056 2389 (l
2084 2288 2200 2343 Cor.
2233 2307 2323 2389 xv,
2356 2293 2472 2364 49).
2506 2295 2663 2353 Certe
2691 2302 2959 2372 susceptio
2987 2303 3229 2376 imaginis
3257 2322 3361 2361 non
3390 2320 3609 2379 poterat

2009 2381 2294 2447 imperari,
2327 2385 2370 2439 si
2421 2387 2677 2443 naturalis
2730 2389 2782 2445 in
2813 2392 3066 2461 qualitate
3106 2395 3358 2452 alterutra
3410 2400 3606 2458 crede«

2008 2477 2180 2523 retur.

2079 2560 2213 2617 Anc.
2241 2562 2368 2629 Quis
2388 2575 2469 2620 est
2492 2574 2595 2622 tam
2621 2568 2895 2642 negligens
2917 2574 3327 2643 apostolicorum
3354 2578 3601 2650 eloquio—

2007 2656 2154 2715 rum,
2187 2660 2245 2705 ut
2270 2667 2374 2707 non
2407 2654 2582 2711 videat
2605 2659 2747 2729 quod
2777 2661 3063 2731 Aposmlus
3096 2664 3163 2720 de
3201 2671 3601 2727 resurrectione

2005 2743 2242 2812 corporis
2267 2744 2582 2814 disserebat,
2611 2750 2701 2806 ubi
2726 2751 2819 2820 ait,
2850 2751 2996 2809 Sicut
3021 2756 3076 2810 in
3101 2756 3264 2811 Adam
3289 2770 3464 2814 onm'es
3489 2779 3600 2816 rno-

2004 2834 2232 2901 riuntur,
2260 2835 2330 2890 ita
2361 2847 2407 2891 et
2436 2839 2488 2893 in
2516 2838 2716 2896 Christo
2745 2859 2916 2899 omnes
2949 2842 3371 2917 viviﬁcabuntur?
3407 2852 3514 2908 Sed
3541 2863 3599 2909 tu

2002 2924 2069 2979 ad
2091 2926 2376 2994 dilatando,
2397 2945 2501 2986 non
2521 2932 2752 3003 eloquia,
2775 2936 2869 2991 sed
2892 2938 3187 3009 vaniloquia
3211 2950 3318 3008 tua,
3339 2942 3429 2998 ubi
3451 2945 3595 3001 nulla

2003 3017 2227 3087 quaestio
2252 3027 2353 3086 est,
2384 3020 2580 3092 ingeris
2605 3025 2975 3094 qumstionem,
2999 3036 3054 3084 ct
3077 3031 3270 3099 qumris
3297 3047 3327 3085 a
3350 3049 3439 3088 me
3465 3034 3596 3088 illud

2001 3106 2142 3177 quod
2171 3108 2374 3163 dictum
2404 3120 2517 3178 est,
2550 3110 2616 3167 In
2643 3113 2806 3169 Adam
2843 3133 3014 3172 omnes
3049 3120 3365 3187 moriuntur;
3393 3122 3461 3178 de
3486 3140 3595 3195 qua

2001 3205 2173 3254 morte
2210 3197 2279 3253 sit
2314 3199 2533 3255 dictum.
2566 3202 2789 3259 Prorsus
2815 3205 2881 3261 de
2917 3217 3088 3264 morte
3114 3212 3360 3280 corporis
3387 3214 3592 3270 dictum

2000 3296 2109 3351 est,
2145 3288 2242 3341 ista
2284 3289 2486 3346 scilicet
2518 3307 2619 3362 qua
2658 3308 2878 3351 necesse
2915 3306 2999 3353 est
3040 3300 3337 3355 moriantur
3373 3302 3499 3359 boui
3538 3312 3596 3360 et

2000 3376 2158 3444 mali,
2192 3392 2295 3433 non
2328 3377 2417 3435 illa
2444 3395 2544 3450 qua
2578 3384 2770 3439 mortui
2795 3386 3045 3442 dicuntur
3072 3391 3160 3460 qui
3190 3391 3376 3448 eadem
3415 3405 3596 3451 morte

1998 3476 2123 3522 sunt
2144 3470 2265 3524 mali
2290 3488 2302 3523 :
2325 3487 2457 3541 quas
2476 3472 2606 3528 duas
2627 3485 2845 3543 mortes,
2873 3495 2974 3534 una
2998 3481 3147 3536 brevi
3172 3483 3430 3540 Dominus
3449 3502 3597 3542 com-

1997 3559 2246 3630 plectitur
2269 3567 2551 3632 sententia,
2580 3567 2762 3626 dicens
2785 3588 2798 3625 :
2823 3571 2950 3627 Sine
2971 3582 3191 3629 mortuos
3216 3576 3429 3648 sepelire
3448 3595 3593 3633 mor-

1997 3660 2109 3707 tuos
2138 3670 2254 3709 suos
2288 3656 2509 3728 (Matth.
2540 3677 2660 3728 vnt,
2693 3661 2819 3737 22).
2859 3665 2953 3721 Est
2987 3668 3147 3723 etiam
3177 3684 3355 3739 mors,
3384 3687 3503 3743 qua:
3533 3675 3594 3729 in

1995 3742 2314 3818 Apocalypsi
2342 3762 2487 3805 mors
2513 3752 2744 3808 secunda
2768 3753 2962 3811 dicitur
2985 3757 3169 3830 (Apoc.
3195 3775 3253 3827 ιι,
3282 3762 3341 3817 ll
3367 3777 3382 3827 ;
3404 3742 3503 3829 lxx,
3528 3763 3588 3830 6,

1996 3834 2099 3901 lt;
2130 3851 2250 3901 xxt,
2282 3836 2362 3909 8),
2394 3854 2496 3908 qua
2525 3850 2579 3896 et
2606 3856 2798 3914 corpus
2827 3854 2881 3900 et
2908 3849 3083 3902 anima
3115 3849 3235 3921 igne
3263 3852 3587 3907 cruciabun-

1996 3931 2080 3978 tur
2108 3934 2341 3995 aeterno;
2380 3944 2540 4000 quam
2576 3933 2811 3989 minatur
2840 3937 3093 3993 Dominus
3123 3941 3210 3995 ubi
3240 3941 3370 3998 dicit
3399 3963 3412 3997 :
3450 3944 3589 4000 Eum

1994 4017 2186 4086 timete,
2219 4020 2306 4090 qui
2330 4021 2477 4077 habet
2502 4034 2792 4094 potestatem
2812 4070 2824 4092 ,
2857 4038 2906 4083 et
2933 4046 3116 4102 corpus
3141 4042 3187 4087 et
3212 4035 3434 4089 animam
3462 4054 3588 4107 per-

1992 4109 2109 4164 dere
2134 4112 2187 4166 in
2213 4114 2489 4184 gehennam
2514 4115 2725 4191 (Matth.
2753 4136 2810 4187 x,
2834 4121 2948 4197 28).
2971 4125 3223 4194 Quamvis
3244 4142 3371 4201 ergo
3397 4132 3587 4187 multa:

1992 4212 2189 4260 mortes
2208 4205 2544 4264 inveniantur
2562 4212 2615 4264 in
2636 4210 2953 4284 Scripturis;
2973 4217 3090 4273 dua:
3112 4226 3286 4276 tamen
3308 4230 3432 4275 stntt
3453 4237 3590 4292 pra!-

1990 4293 2178 4364 cipuae,
2207 4297 2376 4365 prima
2403 4307 2457 4353 et
2483 4302 2715 4357 secunda
2744 4321 2760 4358 :
2793 4306 2963 4376 prima
2992 4319 3092 4373 est,
3122 4323 3280 4380 quam
3309 4313 3588 4380 peccando

1991 4382 2168 4440 intulit
2206 4386 2409 4456 primus
2451 4390 2646 4458 homo;
2679 4396 2909 4456 secunda
2947 4407 3062 4465 est,
3094 4414 3253 4470 quam
3289 4401 3586 4471 iudicando

1990 4475 2235 4534 illaturus
2261 4489 2344 4535 est
2375 4483 2640 4541 secundus
2678 4484 2859 4544 homo.
2891 4487 3039 4545 Sicut
3077 4493 3130 4547 in
3169 4493 3368 4548 sanctis
3405 4493 3585 4553 Libris

1989 4568 2155 4624 multa
2185 4570 2277 4625 Dei
2302 4579 2613 4629 testamenta
2638 4590 3157 4647 commemorantur;
3186 4584 3326 4653 quod
3354 4596 3584 4654 possunt

1988 4659 2287 4729 advertere,
2309 4662 2399 4733 qui
2420 4660 2699 4735 diligenter
2716 4667 2898 4740 legunt
2920 4687 2935 4725 :
2959 4676 3081 4728 sunt
3106 4674 3282 4731 tamen
3308 4675 3415 4730 duo
3443 4694 3585 4748 pne-

1988 4748 2164 4819 cipua,
2195 4760 2349 4805 vetus
2378 4761 2432 4808 et
2461 4769 2676 4810 novum.
2709 4757 2888 4813 Prima
2916 4773 3043 4832 ergo
3071 4778 3216 4818 mors
3243 4768 3405 4835 etrapit
3433 4784 3580 4833 esse.

1988 4840 2199 4908 quando
2227 4842 2394 4897 Adam
2425 4843 2493 4900 de
2522 4847 2767 4917 paradiso
2791 4849 2993 4921 ejectus
3022 4863 3122 4918 est,
3153 4864 3207 4910 et
3240 4869 3517 4928 separatus
3549 4876 3581 4915 a

1990 4929 2134 5000 ligno
2164 4932 2288 4986 vitae
2315 4949 2330 4987 :
2358 4948 2504 4991 mors
2531 4939 2762 4994 secunda
2790 4955 2911 4998 esse
2936 4943 3170 5015 incipiet,
3199 4949 3409 5018 quando
3431 4950 3581 5004 dice-

1986 5028 2093 5083 tur.
2128 5020 2377 5076 Discedite
2404 5040 2435 5077 a
2461 5042 2541 5080 me
2558 5069 2572 5090 ,
2601 5029 2886 5097 maledicti,
2913 5033 2966 5086 in
2994 5033 3160 5105 ignem
3186 5045 3427 5092 teteruuns
3453 5038 3578 5109 (Id.

1986 5120 2114 5178 xxv,
2142 5113 2254 5184 41).
2282 5113 2413 5170 Cum
2441 5116 2601 5188 igitur
2617 5118 2687 5175 de
2709 5125 3099 5181 resurrectione
3121 5128 3362 5198 corporis
3390 5128 3581 5200 loque-

1986 5209 2133 5257 retur
2159 5203 2463 5272 Apostolus,
2493 5208 2605 5263 ait:
2633 5208 2737 5264 Per
2760 5211 3011 5268 hominem
3038 5230 3193 5280 mors,
3221 5226 3273 5272 et
3294 5234 3384 5287 per
3408 5219 3577 5272 homi-

1984 5308 2097 5347 nem
2125 5298 2420 5352 resurrectio
2447 5308 2759 5357 mortuorum
2785 5320 2803 5358 :
2826 5304 2954 5360 sicut
2975 5308 3109 5362 enim
3130 5310 3184 5363 in
3209 5309 3372 5364 Adam
3398 5326 3577 5367 ontnes

1982 5384 2289 5450 moriuntur;
2317 5387 2390 5441 sic
2414 5397 2464 5442 et
2485 5391 2539 5443 in
2558 5388 2757 5447 Christo
2782 5405 2954 5450 omnes
2978 5397 3362 5466 viviﬁcabuntur
3385 5399 3429 5472 (1
3451 5400 3570 5458 Cor.

1984 5487 2080 5539 xv,
2105 5472 2170 5529 91
2191 5474 2323 5530 et22
2340 5475 2380 5547 ).
2413 5477 2530 5534 Non
2557 5480 2736 5553 itaque
2753 5484 3010 5542 debemus
3049 5487 3342 5559 inquirere.
3375 5492 3444 5549 de
3470 5508 3574 5562 qua

1983 5573 2155 5620 morte
2173 5575 2362 5635 agatur
2385 5569 2486 5626 hoc
2507 5569 2626 5628 loco
2645 5590 2663 5645 j.
2688 5575 3026 5634 manifestum
3049 5588 3131 5635 est
3150 5583 3292 5637 enim
3314 5583 3382 5639 de
3400 5593 3574 5641 morte

2934 5673 2977 5689 ν

3037 5694 3063 5706 δ

2053 5698 2071 5729 ³
2094 5698 2254 5750 Codex
2279 5708 2422 5766 Port.,
2441 5706 2772 5760 accumulavit.
2860 5774 2871 5779 _
