3970 6184
345 335 482 392 1585

336 447 574 516 corporis
593 447 674 516 agi
703 465 715 499 :
740 445 830 502 sed
857 445 1034 516 potius
1053 444 1307 500 debemus
1329 440 1624 506 attendere,
1652 456 1744 510 per
1762 455 1917 509 quem

338 544 405 597 sit
433 553 574 595 mors
605 539 715 611 ipsa
742 538 808 592 de
837 553 938 608 qua
969 537 1161 607 agitur,
1190 544 1364 590 utrum
1397 548 1498 602 per;
1517 533 1682 587 Deum
1711 532 1798 602 qui
1828 531 1920 584 ho-

341 630 534 688 minem
561 627 820 694 condidit,
849 643 915 681 an
945 643 1036 696 per
1065 626 1332 682 hominem
1356 624 1442 694 qui
1472 622 1740 694 peccando
1761 637 1918 676 causa

338 718 491 788 hujus
520 718 706 773 mortis
735 718 955 772 exstitit.
987 715 1092 771 Sed
1123 715 1244 780 hoc,
1276 723 1335 769 ut
1362 714 1490 779 dixi,
1521 712 1793 767 attendere
1822 711 1918 764 dc.-

340 810 526 870 bemus
551 810 602 864 in
629 818 876 879 promptu
907 808 1132 877 positum
1153 849 1166 868 ,
1198 822 1303 860 non
1336 805 1485 876 quasi
1515 804 1748 858 abditum
1776 818 1925 872 qua-

336 915 472 958 rere.
515 899 646 954 Nam
687 908 739 952 et
778 899 914 952 hanc
957 897 1174 952 abstulit
1213 895 1496 964 Apostolus
1536 894 1916 964 quaestionem,

333 991 666 1062 apertissime
685 988 887 1052 dicens,
912 986 1010 1042 Per
1032 987 1279 1039 hominem
1303 1003 1456 1039 mors.
1478 986 1539 1038 Et
1561 984 1676 1053 quis
1697 993 1776 1038 cst
1799 983 1915 1045 istc,

332 1080 431 1134 nisi
465 1079 666 1149 primus
691 1077 897 1132 Adam?
924 1075 1039 1146 Ipse
1063 1086 1142 1130 est
1162 1075 1359 1146 quirpe
1379 1074 1487 1141 ille,
1511 1074 1577 1128 de
1597 1088 1700 1143 quo
1722 1072 1918 1136 dictum

331 1179 432 1236 est,
475 1170 574 1225 Per
599 1187 750 1223 unum
779 1169 1029 1222 hominem
1061 1177 1320 1237 peccatum
1348 1166 1547 1218 intravit
1573 1166 1624 1217 in
1654 1163 1916 1226 mundum,

331 1273 375 1316 et
391 1281 494 1333 per
523 1273 778 1332 peccatum
808 1262 979 1316 mors‘
1014 1279 1027 1315 :
1061 1262 1142 1315 cui
1175 1275 1204 1313 e
1231 1258 1498 1314 contrario
1526 1255 1692 1311 Adam
1725 1271 1919 1309 secun-

331 1353 429 1407 dus
461 1353 762 1424 opponitur,
792 1351 881 1422 qui
910 1360 990 1405 cst
1020 1349 1185 1406 forma
1212 1348 1368 1402 futuri
1397 1348 1574 1418 (Rom.
1598 1363 1652 1413 v,
1681 1345 1765 1413 12,
1798 1346 1917 1416 Ii);

333 1442 477 1503 unde
503 1451 556 1496 et
585 1442 668 1498 hic
693 1441 891 1496 dictum
920 1449 1022 1507 est,
1058 1439 1157 1493 Per
1183 1439 1434 1493 hominem
1463 1453 1618 1502 mors,
1648 1445 1692 1490 et
1719 1453 1807 1504 per
1831 1437 1920 1489 ho-

333 1535 518 1587 minem
541 1534 836 1588 resurrectio
857 1542 1186 1587 mortuorum.
1207 1531 1294 1586 Sic
1316 1545 1442 1600 ergo
1460 1538 1540 1585 est
1555 1527 1918 1596 accipiendum

329 1627 474 1695 quod
501 1627 593 1691 ait,
622 1625 687 1680 In
715 1626 878 1678 Adam
901 1641 1069 1680 omnes
1095 1623 1412 1686 moriuntur;
1435 1631 1490 1675 ut
1513 1636 1616 1674 nou
1642 1620 1921 1675 oblivisca-

330 1734 451 1771 mur
474 1717 612 1787 quod
633 1718 725 1780 ait,
753 1716 853 1770 Per
874 1717 1124 1770 hominem
1145 1732 1296 1768 mors.
1322 1713 1445 1768 Ideo
1464 1713 1657 1782 quippe
1679 1711 1729 1765 in
1753 1711 1919 1765 Adam

332 1823 522 1862 omnes
543 1807 862 1872 moriuntur,
887 1807 1003 1876 quia
1028 1821 1122 1876 per
1144 1804 1410 1859 hominem
1437 1817 1580 1856 mors
1604 1820 1616 1855 :
1641 1802 1777 1856 sicut
1802 1799 1920 1856 ideo

331 1897 383 1949 in
413 1897 628 1950 Christo
656 1897 1005 1971 viviiicautur,
1034 1895 1154 1964 quia
1185 1909 1280 1964 per
1307 1893 1574 1947 hominem
1603 1891 1921 1947 resurrectio

331 1998 686 2043 mortuorum.
720 1988 890 2042 Ilomo
923 1988 1106 2057 igitur,
1139 1996 1192 2041 et
1230 1987 1390 2040 homo
1418 2002 1432 2038 :
1460 1985 1598 2038 sicut
1631 1998 1756 2052 ergo
1787 1997 1922 2036 unus

331 2079 458 2145 iste,
487 2079 563 2133 sic
591 2093 726 2133 unus
752 2087 835 2132 est
862 2078 981 2142 ille;
1011 2091 1072 2130 ac
1101 2092 1194 2146 per
1221 2075 1350 2140 hoc,
1383 2073 1503 2139 quia
1539 2073 1699 2126 homo
1729 2088 1921 2126 secun-

329 2171 436 2225 dus
463 2179 545 2224 est
573 2171 694 2234 iste,
729 2169 890 2222 homo
917 2169 1117 2237 primus
1143 2175 1225 2221 est
1253 2167 1358 2220 ille.
1378 2163 1586 2220 Scimus
1603 2153 1791 2228 Adam,
1812 2165 1920 2217 sie-

331 2273 389 2315 ut
421 2275 810 2315 Commemoras
830 2301 843 2326 ,
874 2259 1082 2314 hebraea
1114 2258 1287 2327 lingua
1321 2256 1593 2311 hominem
1651 2254 1753 2309 diei
1785 2272 1795 2307 :
1829 2254 1922 2310 sed

331 2368 442 2405 non
467 2351 588 2405 hinc
609 2352 833 2406 efﬁcitur
852 2351 990 2420 quod
1017 2347 1472 2420 impudentissime
1497 2345 1813 2416 persuadere
1835 2361 1922 2401 co-

331 2443 502 2508 uaris,
537 2454 592 2496 ut
621 2443 670 2496 in
701 2458 766 2498 eo
798 2442 938 2512 quod
965 2441 1099 2496 dixit
1127 2440 1435 2510 Apostolus,
1467 2437 1533 2492 In
1561 2438 1726 2492 Adam
1755 2455 1923 2492 omnes

331 2533 657 2600 moriuntur,
703 2548 914 2587 omnem
961 2531 1238 2586 mortalem
1285 2530 1554 2584 hominem
1599 2529 1924 2600 signiﬁcasse

332 2623 616 2687 credatur;
643 2633 695 2677 ut
727 2623 928 2676 scilicet
958 2638 1061 2674 non
1091 2621 1141 2674 iu
1172 2621 1260 2674 illo
1289 2621 1460 2688 primo
1486 2619 1720 2687 homine,
1751 2619 1843 2673 sed
1872 2621 1921 2674 in

333 2730 400 2770 eo
424 2713 566 2784 quod
594 2712 843 2768 mortales
868 2720 1010 2777 sunt,
1034 2710 1398 2766 existimemus
1419 2726 1603 2769 omnes
1629 2711 1782 2766 mori.
1807 2711 1922 2765 Noli

333 2806 626 2860 obscurare
654 2803 794 2857 clara
814 2842 828 2867 ,
860 2811 1002 2857 recta
1037 2810 1376 2872 pervertere,
1411 2801 1684 2871 implicare
1718 2801 1924 2871 simpli-

333 2896 413 2949 cia
447 2912 460 2948 :
497 2895 546 2947 in
579 2894 665 2948 illo
695 2893 992 2950 moriuntur
1017 2907 1231 2957 omnes,
1271 2906 1370 2963 per
1397 2908 1553 2962 quem
1583 2907 1759 2958 mors;
1791 2893 1928 2947 sicut

335 2988 387 3042 in
417 2987 515 3041 illo
544 2985 890 3051 viviﬁcantur,
919 3001 1015 3056 per
1041 3000 1194 3054 quem
1227 2984 1546 3039 resurrectio
1571 2993 1923 3038 mortuorum.

335 3079 402 3134 Et
440 3079 565 3149 quis
602 3087 682 3133 est
720 3079 848 3144 iste,
885 3077 986 3131 nisi
1021 3075 1286 3132 secundus
1318 3074 1516 3129 homo?
1544 3075 1660 3144 quis
1693 3089 1820 3144 ergo
1848 3083 1930 3129 est

335 3171 454 3238 ilic,
494 3171 594 3226 nisi
623 3171 822 3240 primus
849 3168 1049 3223 homo?
1084 3167 1314 3222 Proinde
1341 3167 1458 3237 quis
1491 3165 1625 3232 iste,
1664 3167 1763 3220 nisi
1796 3182 1930 3221 unus

335 3272 417 3317 est
453 3261 740 3317 Christus?
773 3261 889 3331 quis
928 3261 1017 3314 ille
1054 3260 1152 3314 nisi
1188 3275 1324 3315 unus
1361 3258 1568 3313 Adam?
1598 3257 1778 3326 Itaque
1805 3259 1930 3312 sicut

337 3353 652 3422 portavimus
690 3352 959 3423 imaginem
996 3349 1240 3403 terrestris
1285 3350 1528 3413 hominis,
1567 3349 1638 3401 ita
1678 3358 1930 3418 portemus

336 3446 492 3498 etiam
533 3443 763 3497 cmlestis.
796 3442 1060 3495 Iudicatur
1098 3440 1225 3495 illud
1248 3482 1261 3507 ,
1299 3441 1400 3494 hoc
1441 3441 1729 3510 imperatur
1761 3458 1773 3492 :
1804 3439 1930 3494 illud

338 3535 539 3604 quippe
561 3531 669 3601 jam
703 3545 936 3600 prcesens
964 3538 1079 3596 est,
1112 3529 1213 3584 hoc
1247 3529 1499 3582 futurum.
1531 3529 1600 3582 Et
1633 3528 1751 3584 ideo
1790 3529 1930 3582 illam

337 3624 668 3695 portavimus
699 3623 978 3691 imaginem
1010 3619 1312 3675 conditione
1341 3619 1616 3683 nascendi,
1648 3629 1698 3674 et
1729 3621 1933 3690 peccati

338 3715 660 3785 contagione
691 3732 704 3768 :
735 3713 870 3766 haue
893 3721 1066 3767 autem
1093 3719 1365 3781 portamus
1381 3712 1549 3778 gratia
1582 3711 1931 3777 renascendi;

339 3814 617 3876 portamus
632 3812 806 3858 autem
835 3803 1044 3857 interim
1071 3817 1186 3871 spe,
1207 3816 1264 3855 re
1290 3817 1416 3855 vero
1434 3804 1452 3832 ²
1472 3802 1800 3871 portabimus
1817 3818 1934 3857 eam

343 3893 566 3962 prmmio
596 3891 904 3962 resurgendi
927 3935 940 3958 ,
972 3901 1024 3946 et
1054 3891 1204 3946 beate
1229 3891 1474 3961 justeque
1503 3892 1776 3962 regnandi.
1807 3894 1937 3959 Qua:

344 4000 462 4038 cum
499 3985 570 4037 ita
598 3984 723 4050 sint,
753 3998 898 4037 mors
923 3982 1136 4052 quidem
1167 3978 1396 4036 hominis
1424 3983 1491 4035 ita
1523 3982 1767 4046 instituti,
1800 3993 1854 4038 et
1883 3983 1935 4037 in

343 4091 405 4129 co
433 4075 708 4131 constituti
741 4074 892 4140 loco,
928 4081 982 4126 ut
1017 4087 1120 4126 non
1153 4079 1468 4137 moreretur,
1501 4072 1600 4126 nisi
1629 4082 1934 4142 peccasset,

345 4166 458 4220 sine
500 4163 828 4217 dubitatione
868 4163 1089 4232 pmnalis
1126 4171 1206 4216 est
1241 4178 1253 4213 :
1287 4161 1378 4214 sed
1425 4161 1532 4215 Deo
1578 4176 1671 4230 per
1714 4162 1934 4231 gratiam

347 4270 494 4310 suam
529 4255 580 4309 in
606 4270 758 4310 usum
789 4253 938 4308 nobis
964 4253 1157 4308 bonum
1191 4253 1418 4322 poenalia
1449 4253 1586 4306 tnala
1615 4263 1792 4307 nostra
1823 4271 1940 4308 vcr-

350 4356 518 4414 tente,
551 4346 601 4400 in
631 4355 917 4416 conspectu
951 4344 1154 4398 Domini
1185 4345 1412 4412 pretiosa
1441 4353 1522 4398 est
1551 4360 1694 4399 mors
1722 4355 1929 4398 sancto-

349 4453 466 4492 rum
510 4437 643 4506 ejus.
687 4437 787 4490 Per
819 4436 963 4489 illam
1002 4443 1238 4500 certant,
1272 4434 1406 4488 sicut
1436 4451 1529 4504 per
1558 4434 1886 4505 disciplinam
1921 4454 1936 4489 :

352 4527 634 4598 Disciplina
665 4527 804 4581 enim
825 4566 841 4593 ,
873 4526 1008 4580 sicut
1046 4524 1297 4593 scriptum
1328 4532 1442 4591 ert,
1474 4525 1542 4577 ad
1579 4541 1800 4594 prtesens
1839 4542 1939 4579 non

351 4619 525 4690 gaudii
551 4617 744 4671 videtur
770 4632 894 4684 esse,
922 4616 1011 4669 sed
1036 4615 1286 4681 tristitite;
1313 4623 1483 4683 postea
1508 4631 1637 4680 vero,
1664 4614 1940 4669 uberiorem

355 4713 589 4781 fructum,
614 4709 690 4762 his
711 4709 797 4781 qui
819 4726 907 4778 per
928 4725 1037 4762 eam
1059 4717 1330 4773 certarunt,
1349 4708 1510 4761 reddit
1521 4709 1738 4778 justitia:
1753 4708 1934 4778 (Hebr.

362 4817 450 4864 xu,
485 4803 594 4870 Il).
624 4799 704 4854 Tu
731 4807 929 4863 autem,
952 4799 1042 4868 qui
1070 4807 1295 4852 mortem
1322 4799 1560 4866 corporis
1584 4799 1742 4853 etiam
1770 4800 1820 4852 in
1848 4814 1942 4869 pa-

359 4892 562 4959 radiso,
595 4891 752 4946 etiam
782 4899 1037 4960 peccante
1065 4889 1241 4954 nullo,
1273 4888 1496 4946 futuram
1529 4889 1689 4944 fuisse
1717 4899 1940 4944 conten-

327 5007 330 5010 ’
355 4984 438 5040 dis
457 5026 473 5051 ,
503 4983 670 5038 hostis
697 4998 755 5037 es
783 4983 962 5052 gratia:
993 4981 1119 5046 Dei,
1147 4980 1420 5050 hostisque
1445 4989 1746 5036 sanctorum
1766 5023 1779 5047 ,
1806 4998 1935 5052 quo-

357 5088 476 5130 rum
507 5088 651 5129 mors
680 5071 910 5142 pretiosa
938 5079 1047 5134 est,
1082 5085 1176 5141 per
1211 5070 1352 5124 illam
1391 5070 1702 5124 certantium
1744 5071 1944 5126 intrare

359 5174 516 5236 atque
547 5165 784 5220 habitare
815 5163 1137 5234 paradisum.
1164 5161 1282 5217 Non
1315 5161 1455 5216 enim
1488 5171 1710 5218 mortem
1741 5164 1941 5231 solam,

362 5255 411 5310 id
439 5265 540 5322 est,
565 5254 946 5310 resolutionem
972 5253 1161 5308 animre
1187 5267 1216 5306 a
1242 5267 1486 5322 corpore,
1515 5254 1742 5308 nolentis
1768 5263 1942 5309 tamen

357 5348 607 5418 spoliari,
647 5346 741 5402 sed
771 5344 1148 5415 snpervestiri,
1191 5353 1246 5399 ut
1283 5344 1631 5418 absocbeatur
1663 5345 1887 5399 mortale
1917 5361 1944 5399 a

362 5439 464 5494 vita
487 5439 551 5512 (II
575 5437 694 5494 Cor.
719 5453 774 5504 v,
799 5438 885 5509 5);
914 5437 1004 5495 sed
1033 5438 1191 5492 etiam
1219 5452 1406 5493 omnes
1433 5439 1666 5503 morbos,
1693 5446 1745 5493 et
1770 5438 1947 5492 omnia

427 5614 444 5643 ¹
475 5610 610 5664 afri.
641 5618 686 5660 et
725 5624 810 5673 per
831 5609 1067 5660 hominem
1093 5623 1219 5660 mors
1246 5622 1262 5660 :
1288 5611 1522 5660 mendose
1545 5624 1598 5661 ae
1621 5610 1950 5663 dissentienti-

366 5673 459 5722 bus
481 5673 829 5734 manuscriptis.

360 5739 392 5847 Τ
421 5733 542 5840 asiae
566 5741 710 5783 vetus
723 5733 888 5784 codex
914 5741 1173 5784 t‘ortarum.
1210 5733 1292 5782 AIii
1317 5737 1569 5796 manuscrii
1591 5738 1623 5786 ti
1662 5749 1770 5785 eum
1789 5735 1948 5794 editis,

394 5803 446 5840 et
491 5802 502 5810 θ
541 5825 550 5834 .

1732 324 1926 381 unca
1961 323 2278 396 scmus“

3470 322 3605 380 I586

2021 454 2214 508 genera
2229 437 2518 503 maiorum,
2543 451 2660 506 qua:
2689 435 2928 492 homines
2955 453 3058 503 non
3087 435 3314 502 valendo
3335 435 3474 491 ferre
3493 451 3606 489 mo-

2023 533 2251 598 riuntur,
2283 540 2534 601 quantum
2563 528 2626 582 ad
2656 538 2703 582 te
2728 528 2936 597 attinet,
2961 529 3012 582 in
3045 529 3216 583 locum
3247 535 3406 583 tantm
3435 525 3601 581 felici.

2023 625 2144 678 tatis
2181 633 2233 678 ct
2267 621 2461 690 quietis
2495 620 2734 674 immittis
2765 639 2778 675 :
2809 619 2951 690 quod
2988 635 3169 675 errore
3206 628 3402 689 quanto
3445 615 3607 672 facias

2022 714 2196 778 video,
2226 713 2318 767 sed
2362 728 2461 781 qua
2497 709 2667 766 fronte
2698 712 2898 765 nescio.

2093 803 2309 858 XXXII.
2349 803 2464 859 Jun.
2509 803 2705 856 Verum
2748 812 2912 856 totutu
2955 811 3258 856 contextum
3301 799 3402 853 loci
3443 799 3608 869 ipsius

2023 899 2356 953 ventilemus.
2400 897 2492 961 Si,
2540 897 2707 967 inquit
2731 938 2746 962 ,
2784 895 3012 949 Christus
3051 893 3355 966 prardicatur
3393 893 3510 962 quia
3547 906 3610 944 ex

2022 991 2229 1046 mortuis
2254 990 2543 1054 resurrexit,
2567 987 2814 1058 quomodo
2840 987 3042 1056 quidam
3067 987 3238 1038 dicunt
3265 985 3314 1037 in
3337 982 3471 1036 vobis
3490 983 3608 1052 quia

2021 1081 2316 1136 resurrectio
2360 1089 2670 1133 mortuorum
2709 1095 2807 1132 non
2846 1077 2963 1131 est?
2999 1076 3061 1131 Si
3104 1085 3271 1128 autem
3312 1075 3609 1129 resurrectio

2023 1182 2334 1225 mortuorum
2371 1188 2469 1225 non
2499 1181 2603 1234 est,
2636 1188 2724 1224 nec
2759 1170 2986 1224 Christus
3025 1169 3295 1222 resurrexit
3327 1183 3346 1221 :
3373 1167 3417 1221 si
3444 1177 3610 1220 autem

2021 1258 2250 1315 Christus
2280 1277 2377 1314 non
2406 1262 2699 1324 resurrexit,
2729 1260 2894 1313 inanis
2919 1268 2989 1313 est
3005 1247 3317 1330 'prwdicatio
3347 1267 3538 1319 nostra,
3565 1266 3611 1308 et

2021 1368 2179 1406 vacua
2203 1359 2274 1406 est
2293 1353 2419 1420 fides
2448 1362 2611 1406 vestra
2636 1353 2648 1383 ¹
2675 1369 2688 1418 ;
2718 1352 2997 1404 invenimur
3023 1351 3171 1404 etiam
3189 1350 3306 1420 fulsi
3325 1358 3469 1402 testes
3495 1347 3606 1412 Dei,

2021 1447 2140 1515 quia
2174 1445 2510 1499 testimonium
2537 1445 2753 1499 diximus
2781 1446 3021 1498 adversus
3063 1443 3257 1509 Deum,
3286 1442 3420 1513 quod
3447 1443 3610 1497 susci-

2023 1535 2198 1588 taverit
2227 1533 2508 1600 Christum,
2538 1551 2683 1604 quem
2719 1551 2819 1588 non
2855 1534 3131 1588 suscitavit.
3172 1532 3232 1588 Si
3265 1533 3397 1585 enim
3428 1532 3612 1585 mortui

2022 1644 2124 1681 non
2155 1637 2454 1699 resurgunt,
2484 1643 2573 1681 nec
2598 1625 2827 1682 Christus
2857 1627 3126 1679 resurrexit
3157 1625 3240 1679 :si
3266 1634 3431 1678 autem
3461 1622 3608 1676 Chri-

2021 1728 2128 1772 stus
2157 1735 2259 1773 non
2288 1719 2593 1782 resurrexit,
2630 1733 2758 1771 vana
2797 1726 2868 1771 est
2903 1716 3030 1784 fides
3068 1724 3264 1780 vestra,
3300 1715 3416 1786 quia
3445 1714 3612 1766 adhuc

2021 1808 2137 1862 estis
2162 1808 2214 1864 in
2247 1808 2462 1877 peccatis
2491 1808 2659 1862 vestris
2680 1824 2701 1873 ;
2732 1817 2777 1860 et
2805 1807 2887 1876 qui
2913 1807 3222 1860 dormierunt
3246 1823 3362 1876 ergo
3391 1806 3442 1858 in
3467 1805 3613 1859 Chri-

2021 1909 2119 1966 sto,
2148 1899 2422 1971 perierunt.
2455 1899 2516 1954 Si
2542 1899 2592 1952 in
2619 1900 2712 1952 hac
2737 1899 2838 1952 vita
2863 1899 2914 1951 in
2935 1896 3133 1952 Christo
3155 1899 3176 1928 ²
3205 1899 3465 1966 speramus
3495 1908 3610 1950 tmt-

2024 2000 2162 2055 tum,
2205 1991 2589 2046 miserabiliores
2629 2006 2801 2045 sumus
2847 1989 3076 2043 omnibus
3118 1987 3418 2042 hominibus.
3463 1985 3615 2039 Nunc

2022 2091 2189 2135 autem
2212 2082 2441 2137 Christus
2465 2097 2528 2136 ex
2557 2081 2766 2135 mortuis
2794 2081 3065 2134 resurrexit
3099 2078 3334 2148 primitiw
3365 2079 3615 2150 dormien—

2025 2171 2170 2239 tium,
2199 2173 2436 2242 quoniam
2462 2172 2661 2241 quidem
2692 2188 2780 2240 per
2809 2171 3059 2224 hominem
3086 2185 3241 2234 mors,
3269 2178 3315 2223 et
3344 2186 3430 2236 per
3457 2168 3617 2222 homi-

2025 2280 2138 2316 nem
2168 2263 2462 2318 resurrectio
2488 2273 2818 2317 mortuorum.
2850 2261 2994 2316 Sicut
3019 2261 3150 2315 enim
3176 2261 3229 2314 in
3257 2260 3420 2312 Adam
3448 2277 3618 2313 omnes

2025 2355 2328 2422 moriuntur,
2356 2356 2426 2409 ita
2453 2364 2498 2408 et
2524 2355 2574 2408 in
2597 2353 2794 2409 Christo
2819 2370 2989 2408 omnes
3014 2352 3420 2420 vivificabuntur.
3448 2349 3619 2406 Unus-

2024 2439 2232 2516 quisque
2263 2455 2432 2500 autem
2461 2447 2512 2498 in
2543 2460 2633 2498 suo
2662 2444 2874 2509 ordine;
2904 2443 3139 2513 primitia:
3161 2441 3410 2508 Christus,
3439 2441 3621 2494 deinde

2026 2537 2078 2589 hi
2114 2537 2201 2605 qui
2238 2546 2353 2590 sunt
2393 2536 2612 2601 Christi,
2643 2535 2730 2604 qui
2766 2535 2819 2588 in
2857 2534 3074 2588 adventu
3113 2535 3252 2604 ejus;
3291 2531 3471 2586 deinde
3501 2532 3620 2602 ﬁnis

2028 2625 2080 2695 (I
2106 2625 2221 2680 Cor.
2256 2643 2347 2690 xv,
2380 2626 2589 2696 I2-2i).

2099 2718 2235 2774 Auc.
2268 2718 2642 2773 V'entilandum
2674 2726 2844 2773 totum
2877 2717 3037 2773 istum
3075 2717 3126 2772 iu
3166 2716 3472 2787 apostolicis
3503 2715 3617 2770 Lit-

2031 2809 2158 2864 teris
2185 2808 2251 2863 de
2277 2810 2519 2879 corporis
2560 2808 2951 2864 resurrectione
2989 2807 3164 2863 locum
3205 2807 3326 2862 ideo
3358 2816 3407 2862 te
3436 2821 3619 2860 susce-

2029 2903 2194 2970 pisse,
2224 2909 2281 2955 ut
2308 2900 2535 2955 haberes
2563 2901 2898 2957 occasionem
2924 2915 3025 2970 qua
3055 2908 3198 2954 tuum
3228 2899 3619 2970 multiloquium

2029 2991 2262 3058 c0piosa,
2296 2990 2338 3043 si
2369 2989 2469 3043 dici
2500 2998 2694 3060 potest,
2725 2998 2960 3059 egestate
2989 2987 3336 3055 diﬂ‘underes,
3366 2999 3420 3044 et
3447 2989 3512 3042 ad
3543 2998 3623 3043 tot

2029 3079 2194 3133 libros
2233 3079 2528 3148 implendos
2567 3079 2659 3134 tibi
2691 3078 2948 3148 evagandi
2987 3079 3156 3147 spatia
3191 3093 3536 3148 procurares,
3568 3069 3644 3131 in.

2034 3171 2144 3242 ipsa
2170 3180 2254 3224 tua
2278 3171 2477 3239 prolixa
2500 3180 2553 3226 et
2577 3185 2974 3240 supervacanea
2993 3170 3351 3240 disputatione
3376 3169 3621 3225 clarebit.

2104 3259 2342 3315 XXXIII.
2365 3260 2482 3316 JUL.
2512 3260 2763 3314 Instruxit
2789 3261 3046 3314 acerrime
3072 3258 3482 3329 disputationem
3510 3273 3625 3312 ma-

2033 3353 2198 3422 gister
2220 3350 2480 3420 egregius,
2505 3358 2559 3405 et
2584 3365 2731 3418 spem
2760 3348 2918 3404 nobis
2937 3348 3004 3404 de
3027 3348 3296 3404 consortio
3318 3347 3623 3404 Mediatoris

2035 3441 2288 3512 ingessit,
2319 3456 2567 3496 asserens
2606 3441 2750 3496 illum
2794 3440 3098 3507 hominem,
3131 3449 3382 3515 quantum
3421 3448 3626 3512 spectat

2034 3533 2101 3588 ad
2128 3533 2476 3589 substantiam
2501 3548 2600 3603 qua
2626 3532 2776 3588 nobis
2795 3533 3052 3604 jungitur,
3077 3532 3207 3588 nihil
3231 3540 3510 3602 exceptum
3532 3532 3625 3587 lia-

2034 3627 2236 3691 buisse,
2268 3625 2678 3696 opinionemque
2707 3642 2866 3695 quam
2900 3625 3180 3680 inﬁdelitas
3212 3625 3488 3689 seiscebat,
3519 3639 3622 3678 non

2036 3718 2216 3772 minus
2237 3717 2448 3772 Christo
2469 3717 2816 3786 praijudicare
2837 3732 2994 3787 posse
3014 3734 3171 3788 quam
3195 3711 3368 3772 nobis.
3391 3716 3478 3772 Sic
3498 3732 3626 3787 ergo

2037 3808 2227 3864 miscet
2251 3807 2520 3878 negotium
2542 3805 2738 3862 Christi
2761 3816 2813 3860 et
2840 3807 3133 3873 hominum,
3159 3816 3216 3861 ut
3241 3822 3459 3863 necesse
3481 3808 3550 3862 sit
3573 3808 3622 3862 in

2038 3910 2262 3970 utraque
2284 3910 2433 3970 parte
2458 3899 2622 3965 credi,
2651 3898 2790 3968 quod
2819 3898 2870 3952 in
2900 3899 3062 3953 altera
3091 3908 3390 3954 censeatur.
3415 3897 3624 3968 Opinati

2039 3993 2234 4064 quippe
2264 3992 2472 4047 fuerant
2496 4006 2590 4061 per
2616 3991 2756 4046 idem
2787 4000 2997 4060 tempus
3019 3990 3278 4056 homines,
3305 3991 3423 4060 quia
3451 3996 3633 4045 resur-

2039 4085 2206 4139 rectio
2249 4091 2579 4138 mortuorum
2615 4083 2787 4136 futura
2819 4097 2924 4136 non
2961 4091 3103 4137 esset
3135 4099 3146 4134 :
3179 4098 3286 4136 non
3323 4093 3498 4136 tamen
3537 4095 3628 4136 re-

2039 4173 2338 4230 surrexisse
2376 4173 2646 4230 Christum
2689 4171 2969 4243 negabant.
3005 4170 3206 4242 Arripit
3241 4170 3342 4225 hoc
3381 4170 3631 4242 Magister

2041 4265 2313 4330 Gentium,
2339 4273 2393 4319 et
2417 4264 2722 4335 pronuntiat
2748 4278 2967 4320 necesse
2987 4278 3107 4319 esse
3128 4271 3184 4317 ut
3204 4262 3293 4316 uni
3321 4261 3630 4331 prarjudicio

2043 4370 2165 4425 pars
2193 4365 2414 4426 utraque
2439 4356 2507 4410 sit
2537 4355 2738 4424 pervia,
2769 4364 2820 4410 et
2848 4363 2938 4410 aut
2965 4367 3151 4408 omnes
3176 4352 3418 4406 homines
3447 4367 3622 4406 resur-

2039 4449 2258 4514 recturi,
2289 4457 2379 4502 aut
2407 4464 2505 4504 nec
2531 4447 2773 4502 Christus
2800 4447 3156 4520 resurrexisse
3180 4445 3444 4501 credatur.
3471 4445 3631 4500 Certe

2040 4538 2180 4594 hanc
2203 4540 2308 4594 vim
2336 4539 2387 4593 in
2414 4537 2736 4610 disputando
2759 4537 3044 4606 Apostolus
3071 4552 3175 4592 non
3203 4536 3443 4601 haberet,
3471 4537 3516 4590 si
3545 4551 3632 4591 sec

2041 4630 2274 4692 cundum
2302 4629 2618 4684 ManICIKBOS
2646 4638 2699 4683 et
2722 4643 2908 4684 eorum
2938 4629 3225 4699 discipulos
3249 4619 3626 4693 Tradueianos,

2042 4736 2258 4775 carnem
2284 4719 2481 4776 Christi
2510 4735 2538 4774 a
2567 4731 2769 4776 naturze
2803 4730 3000 4777 nostra:
3037 4721 3411 4777 communione
3437 4721 3631 4776 distin-

2042 4819 2250 4882 gucrct.

2117 4904 2248 4958 Acs.
2277 4902 2550 4958 Manichaii
2579 4919 2683 4958 non
2714 4911 2856 4965 sunt,
2891 4903 2977 4971 qui
3009 4917 3224 4958 carnem
3255 4902 3451 4958 Christi
3477 4918 3507 4956 a
3535 4919 3633 4957 na-

2047 5004 2178 5050 tura:
2209 5003 2406 5048 nostra:
2431 4995 2806 5050 communione
2827 4994 2847 5024 ³
2874 4993 3236 5064 distinguunt;
3270 4993 3362 5050 sed
3393 4993 3480 5066 qui
3511 4993 3634 5048 nul-

2049 5085 2150 5139 lam
2173 5101 2388 5140 carnem
2410 5084 2677 5139 Christum
2708 5083 2954 5138 habuisse
2979 5084 3324 5139 contendunt.
3348 5083 3510 5140 Nobis
3537 5083 3637 5136 ita-

2048 5194 2151 5248 que
2175 5177 2445 5249 jungendo
2484 5176 2805 5232 Maniclncos
2825 5218 2839 5241 ,
2867 5177 3286 5232 anathemandos
3321 5177 3591 5232 vobiscum
3614 5177 3635 5208 δ

2049 5277 2206 5337 atque
2250 5267 2614 5333 damnandos,
2659 5267 2816 5322 etiam
2867 5283 3050 5323 eorum
3100 5269 3344 5324 sublevas
3384 5281 3637 5333 causam,

2051 5359 2234 5415 dicens
2267 5374 2360 5415 eos
2397 5375 2609 5415 carnem
2639 5357 2834 5431 Christi
2863 5375 2893 5415 a
2923 5370 3126 5417 naturae
3159 5369 3357 5416 nostra:
3392 5373 3636 5414 commu-

2119 5554 2134 5585 ¹
2165 5554 2238 5617 sic
2260 5559 2439 5617 ttss.tn
2478 5555 2637 5617 \'ign.,
2660 5561 2838 5617 nostra.

2118 5617 2139 5645 ¹
2170 5613 2630 5676 ι’ἱςηὶθτίιιενδϊὶη
2663 5614 2754 5664 hac
2779 5615 2870 5665 vita
2893 5626 3140 5675 speramus
3163 5618 3345 5662 tantum
3375 5623 3391 5661 :
3417 5625 3480 5662 ex
3529 5617 3637 5659 Mss.

2055 5675 2264 5733 additur,
2290 5675 2340 5723 in
2362 5675 2567 5726 ('hristo.

2124 5738 2141 5767 ³
2173 5738 2245 5785 sic
2277 5743 2358 5785 Ms.
2402 5745 2522 5786 Puri.
2576 5744 2626 5786 At
2682 5737 2824 5792 editi,
2878 5751 2905 5783 η
2961 5744 3130 5786 natura
3185 5735 3542 5789 communioni-5.

2123 5799 2143 5830 ⁸
2169 5800 2239 5844 sic
2261 5805 2365 5847 mss.
2396 5805 2442 5847 In
2461 5802 2617 5860 \igu,
2638 5797 2897 5848 nobiscum.
3395 5803 3402 5808 ·
