3970 6184
311 314 448 370 I537

307 431 468 488 itione
512 409 834 499 distinguere
873 446 886 482 :
927 429 1074 498 quasi
1119 442 1333 484 carnem
1374 427 1645 481 Christum
1694 424 1893 480 habere

311 518 596 586 fateantur,
629 536 782 588 quam
813 533 1025 588 quoquo
1053 519 1212 574 modo
1240 534 1269 592 a
1301 526 1479 573 nostra
1509 533 1669 573 carne
1700 516 1891 571 distin-

304 617 491 680 guant.
523 610 734 665 Dimitte
763 609 878 665 illos
905 610 1128 666 mullum
1159 596 1188 665 a
1217 610 1391 676 nobis,
1419 610 1752 680 multumque
1779 598 1832 662 et
1857 599 1889 662 ia

302 703 490 767 vobis,
522 703 574 757 in
607 702 704 763 ista
740 702 808 758 de
835 719 996 758 carne
1025 688 1218 758 Christi
1255 703 1548 775 qumstione
1580 701 1838 767 distantes
1872 717 1885 753 :

303 794 578 852 nobiscum
603 809 699 865 age
724 794 862 863 quod
891 796 1035 870 agis;
1057 795 1178 866 quia
1205 795 1478 849 nobiscum
1501 807 1711 847 carnem
1733 791 1890 847 Chri-

299 884 400 948 sti,
429 885 530 940 etsi
565 870 1233 960 dissimiliter,confiteris.
1266 885 1373 940 Nec
1403 899 1500 938 nos
1534 871 1673 938 enim
1710 899 1825 938 eam
1855 897 1886 936 a

297 987 502 1037 natura:
539 986 700 1052 atque
738 978 1045 1044 substantim
1084 978 1260 1032 carnis
1302 986 1529 1041 nostrae,
1572 975 1664 1029 sed
1701 989 1732 1029 a
1772 960 1885 1027 vitii

297 1065 673 1120 communione
697 1065 1091 1138 distinguimus.
1118 1065 1254 1121 Caro
1278 1074 1360 1121 est
1387 1065 1528 1120 enim
1556 1072 1736 1118 nostra
1763 1077 1887 1132 pec-

298 1157 400 1212 cati
428 1173 442 1210 :
477 1165 694 1226 propter
721 1157 860 1227 qttod
886 1145 973 1210 illa
1003 1150 1142 1212 dicta
1170 1166 1279 1222 est,
1311 1146 1416 1210 non
1445 1154 1736 1209 similitudo
1762 1171 1882 1209 car-

301 1247 401 1312 nis,
429 1247 550 1316 quia
580 1262 702 1301 vera
733 1261 858 1302 caro
884 1255 994 1311 est;
1024 1247 1116 1301 sed
1147 1247 1435 1301 similitudo
1460 1244 1634 1320 carnis
1659 1244 1879 1314 peccati,

300 1337 416 1406 ptia
447 1337 644 1408 peccati
675 1353 800 1393 caro
831 1353 934 1393 non
965 1348 1064 1393 est.
1097 1337 1150 1393 Si
1173 1325 1308 1409 ergo
1345 1324 1542 1409 peccati
1573 1331 1728 1407 caro,
1756 1351 1882 1410 caro

302 1439 474 1488 nostra
501 1443 606 1483 non
631 1437 802 1495 esset;
825 1428 1110 1498 quomodo,
1141 1443 1269 1500 rogo
1295 1437 1366 1492 te,
1394 1427 1682 1496 similitudo
1705 1428 1881 1482 carnis

295 1519 496 1586 peccati
522 1533 646 1580 caro
671 1501 866 1580 Christi
896 1507 1077 1574 esset?
1103 1519 1183 1572 An
1205 1505 1378 1588 usque
1405 1511 1538 1572 adeo
1563 1517 1760 1586 desipis
1778 1525 1881 1584 ,λιι

290 1607 438 1669 dicas
464 1608 662 1679 aliquid
691 1591 862 1664 simile
888 1594 1029 1682 esse,
1061 1607 1156 1663 sed
1183 1609 1268 1663 cui
1295 1609 1468 1662 simile
1498 1608 1567 1661 sit
1594 1623 1700 1661 non
1726 1609 1879 1662 esse?

291 1699 548 1754 Hilarium
571 1700 691 1754 audi
715 1700 1032 1777 catholicum
1055 1701 1360 1777 antistitem,
1380 1715 1536 1771 quem
1557 1708 1704 1755 certe
1725 1699 1878 1770 quid-

290 1792 415 1862 quid
437 1791 504 1848 de
527 1793 617 1847 illo
642 1775 861 1858 sentias,
885 1775 1228 1847 Manichmum
1251 1807 1354 1864 non
1383 1779 1531 1862 potes
1551 1791 1730 1846 dicere
1753 1807 1767 1844 :
1787 1777 1874 1862 qui

289 1901 410 1940 eum
437 1885 504 1944 de
531 1871 727 1956 Christi
757 1900 916 1940 carne
950 1885 1269 1954 loqueretur,
1301 1902 1319 1934 ι
1357 1883 1499 1954 Ergo
1527 1898 1648 1937 cum
1681 1883 1876 1938 missus
1913 1891 1917 1894 ‘

286 1987 387 2042 est,
421 1995 439 2030 ι
474 1977 658 2052 inquit,
690 1995 708 2028 ‹
744 1978 796 2031 in
824 1968 1170 2032 similitudine
1193 1976 1369 2030 carnis
1397 1973 1617 2046 peccati,
1642 1989 1745 2027 non
1773 1973 1876 2052 sic-

283 2080 344 2132 ut
378 2085 591 2132 carnem
623 2068 833 2146 habuit,
885 2069 953 2123 ita
987 2067 1171 2124 habuit
1201 2075 1254 2122 et
1294 2076 1602 2146 peccatum;
1631 2066 1724 2121 sed
1750 2066 1871 2136 quia

286 2178 351 2218 es
393 2170 613 2232 peccato
642 2161 814 2219 omnis
837 2159 971 2217 ‘caro
1001 2167 1116 2226 est,
1145 2174 1174 2213 a
1212 2161 1429 2230 peccato
1465 2157 1666 2229 scilicet
1704 2152 1869 2210 Adam

287 2265 504 2323 parente
521 2237 766 2320 deducta,
789 2253 842 2306 in
863 2233 1205 2309 Similitudine
1221 2235 1426 2320 peccati
1449 2248 1623 2320 carnis
1643 2255 1723 2301 cst
1747 2247 1872 2301 mis-

285 2358 376 2399 sus
394 2385 410 2414 ,
439 2344 700 2418 existente
728 2344 779 2398 in
808 2357 872 2398 eo
891 2382 907 2409 ,
935 2358 1040 2419 non
1071 2331 1318 2412 peccato,
1346 2339 1439 2394 sed
1469 2338 1666 2408 peccati
1695 2335 1871 2393 carnis

283 2419 647 2518 similitudine.
681 2452 700 2486 ι
726 2433 860 2516 Quid
886 2433 952 2488 ad
978 2433 1077 2487 ista
1098 2433 1334 2487 dicturus
1354 2445 1430 2496 es,
1457 2430 1866 2501 improbissime,

284 2525 688 2596 loquacissime,
733 2522 1306 2587 contumeliosissime,
1354 2520 1869 2575 calumniosissime?

281 2615 548 2694 Numquid
568 2625 621 2671 et
643 2615 873 2697 Hilarius
898 2613 1361 2697 Manichteusest?
1380 2612 1484 2668 Sed
1498 2603 1648 2667 absit
1673 2621 1727 2666 ut
1751 2621 1869 2697 tuas

280 2707 523 2782 accipere
550 2705 805 2776 dedigner
826 2695 1096 2778 injurias,
1127 2695 1233 2758 non
1273 2703 1444 2758 solum
1473 2717 1594 2759 cum
1633 2695 1864 2777 Hilario,

279 2783 588 2875 cretei-isque
610 2781 865 2854 ministris
887 2782 1114 2863 Christi;
1137 2796 1230 2852 sed
1252 2789 1409 2851 etiam
1429 2810 1548 2851 eum
1573 2795 1685 2875 ipsa
1706 2810 1867 2850 carne

279 2890 496 2958 Christi,
514 2873 601 2945 eui
630 2899 827 2945 tantam
856 2889 1028 2944 facere
1056 2885 1159 2942 non
1183 2886 1492 2958 expavescis
1519 2873 1783 2957 iujnriam,
1808 2893 1868 2940 ut

277 2980 475 3037 audeas
502 2968 617 3036 eam
647 2976 924 3052 coaequare
953 2987 1160 3034 caetera:
1190 2977 1460 3032 hominum
1492 2977 1636 3030 carni
1658 3018 1673 3043 ,
1705 2991 1863 3045 qualn

276 3089 490 3130 carnem
533 3061 741 3151 constat
776 3056 896 3129 esse
931 3073 1168 3150 precati;
1200 3071 1243 3125 si
1282 3087 1390 3126 non
1424 3069 1749 3126 mendaciter
1779 3069 1863 3124 di-

261 3167 419 3222 ‘rtum
466 3173 578 3243 cst,
623 3165 893 3238 Christum
943 3165 995 3219 in
1046 3163 1392 3226 similitudine
1434 3164 1610 3226 carnis
1654 3162 1865 3242 venisse

277 3260 476 3336 peccati
504 3259 678 3330 (Rom.
709 3276 823 3325 vm,
852 3260 931 3332 '5).
1248 3246 1250 3248 V
1521 3251 1524 3256 ’
1798 3250 1800 3254 ’

347 3342 588 3405 XXXIV.
628 3351 748 3422 JuL.
779 3350 1059 3420 Nunquam
1085 3351 1282 3422 quippe
1313 3351 1550 3416 diceret,
1587 3351 1650 3406 Si
1676 3355 1865 3405 mortui

276 3457 378 3494 non
414 3425 722 3520 resurgunt,
770 3458 861 3495 nec
887 3439 1118 3496 Christus
1159 3428 1434 3496 resurreatit
1481 3459 1500 3496 :
1542 3443 1625 3498 cui
1659 3453 1866 3513 poterat

276 3530 462 3587 referri
487 3573 502 3598 ,
525 3531 629 3586 Sed
655 3531 900 3606 Christus
924 3573 938 3598 ,
969 3522 1317 3602 quoniam‘de
1351 3534 1550 3603 virgine
1573 3543 1728 3588 natus
1757 3543 1858 3598 est,

277 3624 618 3702 peculiariter
661 3624 952 3706 resurrexit
995 3641 1010 3690 ;
1064 3625 1305 3700 homines
1342 3635 1556 3692 autem,
1598 3627 1718 3696 quia
1755 3627 1863 3681 nati

275 3725 402 3771 sunt
443 3715 508 3769 de
537 3715 916 3777 commixtione
941 3715 1199 3792 diabolica
1221 3759 1236 3783 ,
1274 3732 1380 3794 non
1423 3707 1729 3790 resurgunt.
1764 3717 1866 3775 Ve-

275 3823 392 3862 rum
412 3807 506 3888 ille,
529 3807 769 3878 protinus
796 3807 1047 3883 referret,
1073 3809 1138 3862 Et
1164 3824 1282 3888 quae
1309 3807 1408 3866 fuit
1433 3809 1746 3880 resurgendi
1773 3826 1863 3865 va-

278 3899 447 3967 nitas,
489 3900 541 3980 si.
571 3913 670 3955 nee
707 3901 819 3970 spei
847 3908 1042 3980 nostrae
1071 3915 1171 3956 nec
1196 3897 1502 3980 magisterio
1532 3901 1813 3971 parabatur
1838 3902 1864 3956 ?

276 3991 405 4060 Qua:
449 3977 591 4072 enim
621 4000 765 4072 esset
792 3977 1379 4072 ratio'docendipquai.
1412 3992 1640 4062 gravitas
1683 4008 1865 4048 exem-

279 4083 348 4152 pli
369 4123 384 4150 ,
426 4083 470 4137 si
501 4065 683 4154 natura
724 4065 775 4138 in
803 4083 956 4158 nobis
981 4068 1256 4140 dissimilis
1275 4123 1290 4148 ,
1321 4069 1374 4138 et
1399 4098 1495 4153 spe
1529 4069 1872 4160 conregnané

275 4177 370 4242 di,
405 4186 459 4232 et
497 4176 544 4230 vi
586 4161 793 4248 careret
822 4175 1109 4251 imitandi?
1145 4175 1333 4251 Procul
1373 4175 1564 4246 igitur,
1616 4184 1669 4231 et
1705 4176 1862 4230 nimis

278 4269 458 4338 procul
498 4266 628 4338 fides
660 4251 900 4340 Apostoli
930 4265 999 4340 ab
1043 4248 1143 4345 hac
1179 4248 1431 4342 opinione
1460 4267 1719 4320 consistit.
1754 4267 1861 4321 Eo-

278 4360 401 4422 dem
430 4359 614 4430 plenus
643 4359 850 4430 spiritu,
890 4373 996 4429 quo
1021 4357 1179 4413 etiam
1210 4356 1399 4412 Petrus
1422 4397 1438 4426 ,
1467 4357 1566 4413 scit
1593 4355 1862 4413 Christum

279 4464 378 4520 pro
409 4448 561 4503 nobis
593 4449 662 4519 ob
703 4449 805 4505 hoc
835 4439 1136 4513 mortuum,
1175 4458 1231 4504 ut
1263 4449 1416 4504 nobis
1440 4447 1663 4505 donaret
1691 4437 1873 4504 citem?

277 4539 423 4608 plum
447 4578 463 4604 ,
506 4546 564 4591 ut
608 4552 953 4612 sequeremur
987 4539 1204 4610 vestigia
1233 4538 1348 4608 ejus
1374 4529 1431 4613 (Ἰ
1459 4536 1600 4596 Petr.
1629 4554 1700 4607 ιι,
1728 4537 1788 4593 21
1816 4537 1861 4611 ).

289 4629 352 4683 Et
375 4628 497 4698 quia
540 4615 755 4698 causam
793 4629 921 4689 tanti
957 4630 1233 4702 mysterii,
1274 4631 1592 4689 sacrificium
1637 4631 1783 4686 novit
1812 4640 1866 4686 et

277 4716 582 4786 exemplum
622 4703 819 4786 fuisse,
865 4702 1210 4786 pronuntiare
1243 4715 1348 4774 non
1385 4720 1621 4790 dubitat,
1648 4722 1755 4776 imo
1784 4711 1872 4776 di-‘

279 4809 506 4878 ligenter
534 4807 794 4888 inculcat,
827 4808 960 4892 quiaw
975 4823 1094 4892 non!
1116 4809 1405 4892 accesserit
1441 4810 1607 4886 homo
1621 4809 1863 4871 Christus

279 4899 480 4969 aliquo,
513 4915 540 4951 a
568 4881 673 4984 quo
703 4881 978 4978 quisquam
1011 4881 1251 4958 nostrum
1284 4886 1482 4956 natura!
1522 4884 1634 4957 suae
1670 4903 1866 4973 prmiu-

281 4987 434 5044 diciis
460 5000 720 5044 arceatur.
751 4991 830 5055 Si,
864 4991 1069 5060 inquit,
1095 4993 1389 5047 resurrectio
1412 5010 1509 5048 non
1541 5004 1612 5048 est
1641 5004 1866 5048 mortuo—

285 5098 426 5146 mm,
472 5095 630 5149 neque
667 5079 896 5135 Christus
937 5066 1225 5138 resurreait.
1268 5081 1332 5138 Si
1355 5093 1520 5137 autem
1550 5068 1780 5144 Christus
1805 5101 1867 5137 ea:

284 5169 492 5224 mortuis
533 5159 842 5234 resurrexit,
894 5158 1138 5247 quotttodo
1187 5173 1357 5226 dicunt
1403 5173 1604 5245 quidam
1650 5173 1702 5227 in
1732 5163 1867 5228 vehis

279 5263 397 5321 quia
429 5271 722 5316 resurrectio
746 5254 1061 5313 mortuorum
1093 5280 1191 5315 non
1224 5274 1298 5316 est
1327 5265 1350 5314 ?
1380 5263 1432 5316 Id
1462 5275 1543 5319 est
1571 5305 1584 5328 ,
1623 5265 1664 5316 si
1697 5249 1864 5318 conli-

281 5353 462 5408 temini
491 5355 725 5430 ejusdem
757 5339 900 5407 illum
928 5341 1216 5408 secundum
1245 5354 1535 5421 hominem,
1567 5356 1714 5425 cujus
1747 5370 1862 5420 nos,

280 5446 444 5499 fuisse
474 5457 673 5500 natura:
697 5487 712 5513 ,
741 5460 842 5517 qua
887 5445 1090 5524 ratione
1119 5447 1198 5500 vel
1245 5447 1295 5500 in
1337 5448 1426 5503 illo
1456 5448 1645 5502 factam
1687 5463 1865 5503 resur-

281 5536 594 5602 rectionem,
623 5537 704 5610 vel
723 5527 785 5591 in
820 5537 1036 5612 reliquis
1063 5553 1166 5591 non
1201 5536 1429 5595 futuram
1464 5540 1694 5610 putatis?
1720 5540 1866 5595 Prte-

282 5627 460 5688 rnissis
501 5629 925 5696 conditionibus,
973 5629 1154 5700 implet
1181 5645 1243 5686 es
1289 5632 1432 5686 omni
1465 5642 1612 5702 parte
1652 5644 1865 5689 senten-

279 5717 405 5796 tiam
435 5734 448 5772 ε
479 5716 631 5798 Nunc
651 5708 840 5801 attigui,
874 5715 1064 5801 inquit,
1093 5721 1321 5808 Christus
1350 5724 1618 5782 resurrexit
1644 5743 1707 5782 ex
1728 5745 1862 5784 mor-

866 5845 958 5859 ua-

979 313 1224 370 OPERIS
1263 311 1668 389 IMPERFECTI
1707 307 1977 365 CONTRA
2019 288 2380 377 ιυιιΛΝυιὶ,
2418 313 2476 369 S.
2523 313 2884 372 AUCUSTINI

3446 323 3582 380 1588

2002 425 2100 480 tuis
2126 445 2146 492 ;
2179 427 2281 507 erit
2309 443 2434 499 ergo
2462 432 2783 486 resurrectio
2811 440 3161 489 mortuorum.

2069 517 2204 601 Acs.
2243 519 2709 596 Resurreetionem
2749 533 3083 580 mortuorum
3111 541 3214 581 non
3240 539 3362 582 esse
3393 535 3587 596 putan-

1997 609 2172 686 tibus,
2213 621 2268 668 et
2297 621 2472 669 tamen
2501 615 2765 688 Christum
2805 617 3167 687 resurresisse
3204 618 3580 686 credentibus,

1997 712 2277 771 propterea
2311 705 2506 774 dicitur
2530 747 2545 771 ,
2577 707 2640 763 Si
2667 708 2964 776 resurrectio
2995 719 3309 771 mortuorum
3339 725 3440 763 non
3463 720 3536 764 est
3562 750 3578 776 ,

1994 786 2151 863 neque
2179 781 2405 871 Christus
2445 782 2716 852 resurrexit
2741 815 2761 863 ;
2795 798 2916 867 quia
2943 796 3188 853 Christus
3237 798 3359 854 ideo
3387 814 3581 854 resur-

1993 885 2148 947 rexit,
2168 894 2223 940 ut
2247 889 2653 942 resurrectionis
2677 889 2694 920 ί
2717 897 3045 943 mortuorum
3066 888 3357 944 aedificaret
3383 888 3540 944 fidem
3560 931 3577 954 ,

1991 973 2044 1027 in
2075 989 2234 1030 carne
2258 989 2651 1032 resurreetnros
2671 978 2913 1033 homines
2935 979 3223 1034 ostendens
3246 1021 3262 1045 ,
3297 980 3438 1034 sicut
3465 980 3582 1049 ipse

1989 1063 2151 1119 homo
2186 1065 2356 1121 factus
2400 1069 2690 1123 resurrexit
2719 1069 2772 1123 in
2798 1083 2977 1124 carne.
3010 1069 3089 1124 Ac
3124 1085 3220 1140 per
3249 1070 3352 1125 hoc
3379 1085 3580 1126 conse-

1988 1169 2157 1225 quens
2191 1165 2305 1212 erat
2329 1200 2343 1224 ,
2388 1167 2445 1212 ut
2476 1167 2730 1228 negarent
2758 1161 3115 1216 resurrexisse
3141 1160 3416 1218 Christum
3441 1203 3459 1229 ,
3486 1163 3579 1232 qui

1987 1242 2432 1326 resurrectionem
2455 1265 2560 1304 non
2585 1251 2870 1316 crederent
2892 1268 3011 1318 esse
3038 1263 3390 1315 mortuorum.
3421 1254 3578 1313 Unde

1985 1336 2104 1406 quia
2133 1338 2217 1419 isti
2241 1379 2256 1403 ,
2284 1354 2404 1394 cum
2426 1340 2614 1408 quibus
2640 1342 2928 1410 agebatur,
2961 1343 3090 1412 illud
3116 1359 3311 1414 negare
3339 1360 3444 1399 non
3475 1360 3574 1413 po.

1985 1423 2203 1495 terant;
2237 1429 2337 1486 hoc
2379 1447 2590 1501 quoque
2619 1432 2884 1504 debebant
2927 1433 3102 1489 ablata
3133 1435 3360 1506 caligine
3399 1436 3575 1504 conti,

1986 1521 2104 1575 teri.
2122 1521 2250 1590 Nam
2273 1521 2315 1576 si
2337 1532 2554 1595 propter
2571 1523 2800 1593 aliquam
2817 1524 3007 1580 Christi
3027 1525 3403 1594 differentiam,
3427 1537 3575 1597 recte

1983 1611 2083 1666 sibi
2111 1610 2358 1676 homines
2373 1598 2617 1692 videntur
2637 1601 3082 1670 resurrectionem
3107 1632 3301 1686 negare
3329 1626 3572 1673 mortuoo

1982 1720 2131 1771 rum,
2162 1714 2216 1760 et
2255 1713 2430 1785 tamen
2459 1706 2902 1785 resurrectionem
2947 1706 3157 1776 Domini
3186 1723 3290 1760 non
3322 1723 3522 1777 negare
3553 1726 3569 1773 ;

1981 1803 2204 1865 possunt
2228 1805 2281 1851 et
2305 1781 2407 1876 alia
2447 1781 2624 1852 dicere
2649 1838 2664 1862 ,
2693 1813 2810 1867 quze
2849 1799 3014 1851 multa
3039 1799 3311 1867 reperiunt
3331 1839 3346 1861 ,
3375 1799 3571 1869 quibus

1980 1900 2216 1940 errorem
2242 1901 2394 1940 suum
2417 1885 2700 1942 defendere
2719 1881 2816 1942 Sibi
2847 1888 3141 1943 videantur.
3165 1889 3300 1957 Quid
3324 1890 3369 1943 si
3396 1891 3569 1956 enim,

1979 1990 2096 2029 cum
2128 1975 2396 2050 audierint
2418 2019 2432 2038 .
2464 1977 2526 2033 Si
2550 1979 2735 2041 mortui
2755 1995 2857 2032 non
2883 1989 3150 2054 resurgunt
3168 1975 3370 2050 {neque
3396 1997 3568 2034 resur-

1975 2069 2104 2122 rexit
2143 2068 2412 2133 Christus;
2450 2069 2807 2140 respondeant
2834 2079 2891 2126 et
2935 2069 3151 2131 dicant.
3181 2069 3288 2126 Sed
3325 2070 3418 2126 ille
3457 2087 3564 2126 non

1979 2166 2179 2212 tantum
2209 2159 2399 2226 homo,
2441 2175 2626 2228 verum
2662 2161 2820 2214 etiam
2852 2159 2992 2214 Deus
3020 2169 3139 2225 est;
3166 2160 3306 2231 quod
3332 2162 3564 2216 aliorum

1976 2249 2253 2306 hominum
2294 2252 2498 2306 nemo?
2537 2251 2628 2306 Ille
2668 2251 3162 2322 secundumipsum
3197 2251 3470 2307 hominem
3496 2254 3566 2310 de

1972 2339 2172 2410 Spiritu
2199 2351 2382 2397 sancto
2409 2352 2563 2399 natus
2588 2344 2681 2397 et’
2709 2358 2772 2399 ex
2797 2343 2998 2414 virgine
3026 2342 3190 2398 Maria
3219 2360 3234 2408 ;
3259 2344 3402 2412 quod
3427 2345 3564 2400 alio-

1972 2449 2090 2487 rum
2118 2433 2390 2489 hominum
2423 2449 2580 2488 nemo
2603 2434 3066 2504 illezpotestatem
3103 2436 3287 2490 habuit
3325 2437 3559 2506 ponendi

1971 2525 2203 2578 animam
2229 2539 2397 2590 suam,
2422 2534 2475 2580 et
2496 2525 2685 2580 iterum
2713 2527 2957 2581 sumendi
2983 2541 3100 2582 eam
3132 2525 3308 2596 (Joan.
3342 2544 3399 2593 ι,
3430 2528 3556 2599 l8);

1970 2613 2112 2684 quod
2137 2614 2359 2668 aliorum
2390 2614 2661 2668 hominum
2689 2631 2846 2670 nemo
2879 2633 2893 2670 :
2926 2616 3049 2686 quid
3080 2631 3208 2687 ergo
3245 2617 3438 2671 mirum
3463 2659 3479 2682 ,
3512 2619 3559 2672 si

1969 2703 2254 2758 a’mortuis
2302 2700 2582 2773 resurgere
2607 2705 2778 2773 potuit
2809 2721 2824 2769 ;
2855 2705 2997 2775 quod
3027 2706 3252 2760 aliorum
3277 2706 3557 2764 hominum

1971 2793 2166 2864 poterit
2216 2781 2425 2850 nemo?
2466 2795 2522 2851 Si
2553 2812 2680 2875 ergo
2722 2798 2820 2851 ista
2860 2779 3081 2863 dicant,
3113 2799 3236 2869 quia
3287 2796 3555 2855 Christum

1969 2877 2141 2941 solum
2169 2889 2523 2952 resurrexisse
2551 2877 2878 2955 concedunt,
2909 2889 3337 2944 cmterosnolunt
3363 2907 3378 2954 ;
3403 2907 3558 2944 num-

1968 2977 2093 3050 quid
2124 2978 2242 3034 ideo
2271 2978 2390 3032 illas
2413 2978 2611 3049 Christi
2643 2989 2747 3034 tam
2779 2995 2998 3051 magnas
3020 2969 3286 3036 alcmteris
3305 2980 3557 3036 differen-

1971 3065 2071 3124 tias
2098 3070 2338 3140 negaturi
2379 3085 2564 3137 sumus
2590 3113 2605 3137 ,
2635 3080 2692 3126 ut
2716 3071 2943 3126 aliorum
2970 3061 3192 3143 quoque
3221 3057 3553 3130 mm'tuorum

1970 3164 2416 3226 resurrectionem
2458 3155 2542 3219 dei
2563 3163 2756 3219 Christi
2782 3179 2902 3219 eum
2931 3165 3008 3238 eis
3034 3165 3339 3234 aequalitate
3369 3165 3390 3197 ³
3428 3181 3552 3235 per-

1967 3255 2193 3310 suadere
2236 3242 2548 3326 possimus?
2574 3256 2661 3312 Sic
2689 3272 2818 3326 ergo
2861 3272 2960 3312 nec
2998 3257 3152 3321 istam
3199 3257 3550 3312 differentiam

1966 3333 2292 3418 denegantes
2312 3389 2326 3411 ,
2357 3333 2457 3416 qua
2486 3347 2715 3402 fatemur
2735 3349 2903 3402 solam
2931 3337 3146 3402 carnem
3176 3347 3375 3402 Christi
3399 3391 3414 3411 ,
3443 3341 3557 3403 non

1968 3447 2025 3492 ut
2050 3438 2273 3492 aliorum
2311 3436 2472 3508 fuisse
2509 3452 2724 3492 carnem
2754 3438 2954 3508 peccati
2983 3479 2997 3503 ,
3027 3437 3120 3492 sed
3148 3438 3325 3492 carnis
3350 3439 3551 3507 peccati

1968 3506 2412 3595 similitudinem';
2442 3543 2548 3584 non
2585 3527 2706 3584 ideo
2745 3519 3128 3583 tamen‘solam
3161 3529 3550 3592 resurrexisse,

1967 3620 2060 3674 sed
2091 3620 2314 3674 aliorum
2343 3635 2555 3690 quoque
2579 3628 2998 3675 resurrecturam
3023 3607 3140 3674 esse
3176 3619 3513 3674 defendimus
3531 3660 3550 3687 ,

1967 3720 2020 3766 et
2045 3711 2125 3766 sic
2151 3709 2486 3766 defendimus
2509 3751 2524 3776 ,
2552 3719 2611 3765 ut
2635 3710 2873 3766 dicamus
2901 3696 3043 3781 quod
3073 3712 3359 3781 Apostolus
3384 3711 3550 3779 dixit,

1968 3802 2032 3858 Si
2063 3803 2251 3857 mortui
2292 3819 2393 3857 non
2430 3812 2729 3874 resurgunt,
2759 3819 2918 3874 neque
2955 3802 3185 3858 Christus
3233 3804 3550 3858 resurrexit:

1969 3878 2269 3951 resurrexit
2295 3904 2472 3950 autem
2502 3895 2743 3950 Christus
2772 3911 2787 3960 ;
2817 3883 3099 3965 resurgunt
3139 3895 3303 3965 igitur
3332 3894 3550 3950 mortui.

1965 3977 2150 4058 Neque
2195 3988 2338 4042 enim
2386 3987 2508 4058 quia
2536 4002 2641 4048 non
2673 3986 2858 4042 eadem
2889 3996 3014 4042 sunt
3042 3987 3095 4042 in
3139 3995 3365 4057 utraque
3392 3977 3562 4043 earne-

1966 4080 2183 4150 originis
2219 4079 2434 4144 merita,
2481 4079 2601 4135 ideo
2630 4095 2736 4136 non
2766 4088 2849 4136 est
2887 4080 3072 4135 eadem
3104 4090 3315 4142 terrena
3349 4089 3552 4134 morta-

1967 4172 2138 4240 lisque
2183 4169 2495 4224 substantia.
2542 4169 2712 4225 llabet
2749 4170 2961 4241 quidem
3013 4170 3366 4226 differentiam
3398 4185 3552 4224 suam

1966 4249 2255 4315 similitudo
2273 4261 2448 4314 carnis
2470 4259 2690 4330 peccati,
2713 4276 2815 4331 qua
2841 4260 3161 4323 discernitur
3180 4277 3210 4314 a
3232 4274 3395 4316 carne
3424 4247 3562 4329 pec?

1967 4352 2070 4406 cati
2105 4370 2117 4405 :
2147 4351 2240 4406 sed
2281 4349 2419 4406 absit
2444 4359 2504 4406 ut
2537 4334 2778 4430 Christus
2802 4352 2878 4406 eis
2908 4367 2966 4407 se
2991 4351 3255 4421 disparem
3283 4351 3439 4406 faciat
3466 4365 3555 4405 re-

1969 4443 2232 4512 surgendo
2257 4485 2270 4509 ,
2323 4442 2513 4512 quibus
2562 4458 2621 4498 se
2658 4443 2824 4497 voluit
2857 4437 3076 4514 requare
3104 4443 3404 4501 moriendo.
3433 4441 3552 4499 Non

1967 4533 2144 4607 itaque
2163 4526 2440 4607 propterea
2461 4533 2714 4588 debemus
2735 4532 3129 4590 similitudinem
3151 4533 3328 4588 carnis
3353 4531 3556 4602 peccati

1969 4605 2115 4680 carni
2162 4605 2373 4695 requare
2413 4617 2649 4694 peccati,
2679 4633 2932 4695 quantum
2969 4611 3154 4678 attinet
3190 4621 3258 4678 ad
3304 4622 3561 4677 differen-

1971 4717 2095 4771 tiam
2123 4715 2428 4790 pertinendi
2457 4713 2523 4770 ad
2549 4723 2822 4788 peccatum
2853 4724 2906 4770 et
2937 4731 3039 4769 non
3068 4713 3362 4790 pertinendi
3386 4708 3404 4779 ,
3431 4713 3558 4783 quia

1970 4801 2141 4862 noluit
2168 4807 2189 4839 ⁸
2213 4822 2332 4862 esse
2359 4798 2498 4862 inter
2537 4793 2815 4878 utramque
2842 4822 3055 4862 carnem
3083 4804 3435 4865 differentiam
3472 4794 3558 4860 re;

1971 4898 2218 4970 surgendi
2249 4907 2304 4952 et
2333 4889 2437 4975 non
2460 4885 2776 4969 resurgendi
2798 4939 2812 4961 ,
2841 4899 2929 4967 qui
2959 4898 3125 4952 noluit
3153 4912 3273 4952 esse
3301 4913 3406 4952 non
3439 4887 3561 4950 mo-

1972 4990 2143 5045 riendi
2161 4982 2317 5067 atque
2335 4979 2621 5070 moriendi;
2642 4987 2870 5045 lmitatio
2890 4999 3065 5060 autem
3089 5005 3269 5061 quam,
3291 4988 3560 5070 suffulcis,

1973 5083 2060 5136 uhi
2093 5099 2196 5136 non
2223 5065 2356 5152 opus
2383 5065 2497 5145 est,
2525 5081 2649 5154 quid
2685 5083 2751 5158 ad
2783 5083 2936 5137 istam
2972 5098 3185 5138 causam
3221 5081 3409 5137 valet?
3437 5065 3566 5136 lmi-

1973 5176 2103 5229 tatio
2127 5175 2318 5244 quippe
2333 5160 2390 5229 in
2419 5166 2687 5230 voluntate
2706 5185 2790 5230 est
2819 5191 2833 5242 ;
2858 5175 2951 5230 sed
2981 5191 3100 5230 cum
3126 5176 3264 5230 bona
3286 5184 3396 5241 est,
3426 5191 3563 5244 pra:-

1976 5277 2202 5334 porutur,
2237 5267 2372 5321 sicut
2394 5267 2647 5336 scriptum
2671 5276 2794 5326 est.‘
2816 5269 3044 5321 uoluntas
3064 5284 3095 5320 a
3120 5267 3337 5321 Domino
3364 5264 3561 5336 (Prae.

1977 5372 2089 5421 vnt,
2119 5373 2217 5410 see.
2250 5355 2389 5412 LXX
2409 5358 2444 5427 ).
2471 5357 2637 5412 Nemo
2663 5371 2790 5427 ergo
2821 5357 3074 5423 imitatur,
3110 5357 3209 5411 nisi
3241 5356 3367 5411 velit
3399 5374 3412 5410 :
3445 5371 3562 5440 mol-

2041 5492 2053 5522 ¹
2083 5492 2217 5550 Editi,
2238 5493 2538 5544 resurrectio.
2560 5493 2716 5545 Codex
2739 5503 3004 5554 Portarum,
3025 5491 3400 5546 resurrectionis.

2041 5554 2061 5628 ξ
2087 5555 2540 5628 t‘.igu_ierius,.r_tatus
2563 5568 2627 5606 ea:
2646 5554 2846 5628 virgine.
2872 5564 3001 5617 Mss,
3026 5563 3163 5607 natus
3183 5565 3229 5607 et
3267 5568 3330 5608 ea:
3357 5554 3562 5622 virgata.

2040 5615 2059 5681 ξ
2084 5615 2160 5681 sic
2181 5623 2284 5664 uss.
2311 5619 2426 5666 miti
2455 5631 2599 5681 vero,
2615 5615 2858 5681 (equitate.

2041 5676 2203 5726 ιεόίιι
2231 5712 2247 5738 ,
2299 5681 2414 5741 quia
2477 5678 2638 5731 voluit.
2673 5676 3002 5742 'Castigantur
3055 5693 3117 5731 ex
3173 5679 3342 5741 codice
3401 5681 3564 5736 Porta-

1975 5749 2100 5787 rum.

3501 5835 3590 5855 ,ςρ
