3970 6184
307 374 438 434 1589
451 410 464 424 .

305 489 436 542 ritur
472 491 648 538 autem
676 482 837 538 homo
860 491 914 538 et
952 482 1209 552 resurgit,
1253 480 1382 538 velit
1406 479 1557 536 nolit.
1584 477 1784 534 Verum
1825 485 1902 534 et-

308 575 663 648 ipsaimitatio
688 589 791 628 non
815 589 1027 644 semper
1053 583 1177 628 tunc
1211 572 1268 628 iit
1286 613 1302 639 ,
1335 570 1546 642 quando
1570 569 1756 626 eadem
1785 583 1884 622 na-

309 677 420 730 tum
463 673 544 721 est
590 663 862 730 imitandi,
891 679 1008 734 quae
1047 663 1302 718 imitantis
1342 679 1357 715 :
1388 660 1620 730 alioquin
1651 659 1886 729 Angclo-

306 774 456 822 rum,
480 771 703 826 quorum
731 753 939 809 diversa
972 763 1157 808 natura
1192 761 1316 818 est,
1351 750 1896 822 justitiametpietm

311 860 422 905 tem.
460 863 564 901 non
606 860 886 917 possemus
916 845 1158 909 imitari;
1189 843 1329 914 quod
1362 853 1538 898 tamen
1584 857 1680 896 nos
1708 856 1739 894 a
1781 841 1888 892 Do-

308 941 450 999 mino
483 953 704 1009 poscere
733 939 784 992 in
813 937 1052 993 oratione
1074 979 1088 1002 ,
1125 936 1502 992 cumcdicimus
1528 977 1543 1000 ,
1577 933 1697 986 Fiat
1722 933 1890 986 volun-

305 1042 381 1086 tas
400 1041 490 1084 tua
513 1029 640 1084 sicut
667 1030 719 1082 in
739 1029 862 1084 calo
887 1036 933 1081 et
962 1029 1013 1082 in
1044 1039 1176 1080 terra
1203 1027 1220 1098 (
1243 1026 1432 1080 Matth.
1462 1041 1538 1090 vi,
1569 1021 1694 1096 10),
1726 1023 1906 1077 etiam.

308 1124 417 1192 ipse
442 1121 717 1183 confessus
739 1136 799 1178 es
823 1120 842 1193 (
866 1119 1059 1190 Supra,
1087 1120 1182 1174 lib.
1201 1121 1256 1183 9.,
1287 1136 1403 1188 cap.
1433 1117 1502 1174 5‘2
1515 1117 1556 1189 ).
1585 1116 1906 1172 Nechum.

309 1216 518 1270 Patrem
558 1215 925 1276 imitaremur,
957 1213 1109 1281 cujus
1135 1227 1162 1265 a
1193 1213 1342 1267 nobis
1372 1212 1527 1282 longe
1551 1210 1759 1264 diversa
1793 1222 1902 1265 nas

308 1317 418 1360 tura
451 1314 532 1362 cst
564 1324 577 1362 :
617 1305 1076 1362 tantanominus
1099 1305 1210 1368 ait,
1244 1303 1413 1358 Estote
1444 1304 1572 1357 sicut
1620 1300 1778 1356 Pater
1805 1315 1892 1352 ve-

303 1407 403 1454 ster
421 1398 511 1466 qui
535 1397 587 1449 in
607 1394 742 1450 caelis
766 1405 839 1451 est
860 1393 1090 1464 (Matth.
1113 1411 1166 1461 vi,
1191 1394 1334 1464 48);
1375 1401 1430 1450 et
1457 1409 1554 1462 per
1571 1391 1890 1475 _pr0phetam

304 1486 518 1548 dicitur.
544 1485 722 1542 Sancti
746 1494 899 1540 estote
920 1527 934 1549 ,
963 1485 1084 1550 quia
1111 1501 1200 1556 ego
1234 1494 1445 1538 sanctus.
1458 1499 1567 1538 sum
1592 1481 1786 1552 (Levit.
1813 1495 1891 1548 χι,

305 1575 427 1648 ιι).
462 1577 578 1632 Νοη
607 1592 734 1646 ergo
763 1576 880 1631 ideo
906 1575 1176 1631 Christum
1211 1590 1319 1629 non
1349 1587 1630 1644 possumus
1656 1571 1848 1626 imitari
1873 1610 1888 1634 ,

304 1670 422 1736 quia
454 1670 542 1726 ille
567 1670 618 1724 in
653 1668 998 1724 similitudine
1028 1667 1204 1724 carnis
1229 1665 1428 1736 peccati
1457 1666 1508 1719 in
1549 1664 1652 1720 hoc
1689 1662 1887 1719 smculo

306 1760 400 1815 fuit
419 1801 437 1825 ,
472 1775 568 1815 nos
593 1769 769 1814 autem
793 1759 844 1814 in
874 1773 1035 1814 carne
1062 1757 1288 1828 peccati.

375 1850 594 1906 XXXV.
635 1851 756 1907 Jun.
802 1850 906 1905 llas
953 1850 1094 1906 vires
1132 1862 1442 1905 exseramus
1486 1846 1539 1901 in
1579 1847 1848 1902 traducem
1875 1887 1890 1912 ,

306 1942 650 2013 dicamusque
680 1961 694 1998 :
723 1943 777 1998 Si
803 1942 1078 2009 Christus,
1120 1942 1210 2012 qui
1241 1941 1402 1996 homo
1430 1939 1602 1995 factus
1642 1947 1756 2005 est,
1785 1954 1893 1994 non

307 2031 494 2088 habuit
523 2032 760 2088 naturale
802 2042 1075 2104 peccatum
1111 2048 1127 2098 ;
1159 2031 1424 2103 quomodo
1452 2030 1637 2086 dicunt
1674 2029 1890 2100 quidam

307 2122 360 2176 in
403 2123 555 2178 vobis
591 2124 712 2193 quia
753 2123 970 2193 imagini
1013 2122 1111 2177 Dei
1158 2122 1390 2192 pravitas
1419 2121 1720 2176 dominetur
1745 2120 1898 2189 inge-

303 2213 464 2272 nita?
493 2211 547 2268 Si
567 2220 742 2266 autem
764 2212 816 2266 in
847 2221 1034 2266 natura
1059 2212 1258 2265 malum
1285 2220 1363 2266 est
1393 2227 1408 2276 ;
1435 2219 1491 2266 et
1511 2209 1776 2276 Christus,
1803 2209 1896 2279 qui

304 2301 361 2355 in
407 2301 594 2356 eadem
635 2311 818 2356 natura
861 2301 1311 2372 deprehenditur,
1359 2301 1458 2356 sub
1495 2315 1660 2370 regno
1696 2300 1895 2356 diaboli

305 2401 392 2446 est
418 2391 755 2446 constitutus.
786 2390 842 2447 Si
871 2400 1049 2448 autem
1080 2392 1170 2447 ille
1195 2392 1428 2448 creditur
1451 2407 1596 2458 reus,
1620 2391 1790 2446 inanis
1812 2399 1897 2447 est

303 2480 618 2551 prazdicatio
647 2491 824 2538 nostra
850 2524 866 2549 ,
897 2491 954 2538 et
988 2497 1152 2538 vacua
1195 2492 1279 2538 est
1306 2483 1439 2539 fides
1474 2491 1651 2538 vestra
1685 2502 1700 2538 :
1743 2483 1896 2540 inve-

305 2572 526 2628 niuntur
547 2579 724 2626 autem
751 2571 870 2626 falsi
898 2579 1060 2628 testes
1085 2573 1348 2642 Apostoli,
1381 2573 1502 2642 quia
1531 2572 1892 2627 testimonium

303 2661 554 2717 dixerunt
581 2662 834 2717 adversus
864 2663 1028 2717 Deum
1055 2704 1068 2726 ,
1096 2661 1237 2732 quod
1268 2662 1457 2716 Filium
1488 2677 1643 2718 suum
1672 2701 1689 2728 ,
1720 2677 1784 2716 ex
1807 2676 1895 2718 se-

306 2752 452 2806 mine
485 2752 646 2807 David
687 2751 978 2817 secundum
1010 2767 1222 2807 carnem
1249 2792 1264 2816 ,
1297 2751 1584 2806 innocuum
1623 2761 1896 2807 sanetum-

304 2860 406 2915 que
429 2845 754 2912 formaverit,
779 2845 821 2900 si
843 2860 964 2900 cum
999 2844 1267 2900 maledicti
1285 2845 1510 2904 seminis
1526 2845 1728 2900 crimen
1754 2843 1892 2901 infe-

305 2937 396 2992 cit.
418 2937 644 2992 Prorsus
663 2938 706 2994 si
735 2937 786 2992 in
815 2936 902 2991 tali
923 2935 1134 2992 Christo
1155 2949 1451 3006 speramus,
1477 2935 1890 2994 miserabiliores

305 3045 494 3086 sumus
520 3029 766 3085 omnibus
793 3029 1112 3084 hominibus.
1138 3027 1288 3082 Nunc
1313 3037 1490 3082 autem
1514 3026 1762 3084 Christus
1787 3041 1892 3082 non

305 3125 488 3180 minus
526 3137 682 3178 verus
727 3123 921 3186 homo,
972 3135 1128 3191 quam
1177 3133 1337 3174 verus
1381 3119 1556 3184 Deus,
1609 3117 1680 3176 de
1720 3117 1891 3173 Adam

306 3216 476 3287 stirpe
507 3222 826 3285 generatus,
859 3213 1028 3268 factus
1071 3228 1136 3266 ex
1177 3211 1434 3278 muliere,
1479 3210 1754 3281 factusque
1791 3211 1892 3267 sub

306 3308 456 3378 lege,
491 3307 694 3362 nullum
724 3305 879 3371 fecit,
913 3314 967 3360 et
994 3303 1114 3360 ideo
1152 3305 1355 3362 nullum
1381 3303 1563 3359 habuit
1591 3312 1890 3374 peccatum.

306 3399 545 3470 Apparet
587 3399 746 3471 igitur
785 3397 989 3453 crimen
1033 3395 1322 3450 voluntatis
1364 3409 1519 3464 esse,
1572 3410 1676 3449 non
1728 3394 1890 3450 semi-

308 3490 410 3554 nis.
1389 3545 1396 3552 .

377 3584 520 3638 Anc.
561 3581 635 3635 Ex
663 3579 766 3635 hoc
793 3587 940 3635 certe
973 3580 1120 3650 quasi
1153 3578 1454 3634 fundamine
1479 3587 1584 3634 tota
1610 3579 1896 3636 ratiocina—

309 3675 470 3731 tionis
498 3684 599 3727 tuae
619 3680 882 3727 structura
907 3671 1199 3740 consurgit,
1222 3671 1360 3741 quod
1389 3671 1616 3740 primum
1642 3672 1887 3742 posuisti,

309 3765 494 3822 dicens
526 3781 540 3817 :
573 3763 632 3819 Si
662 3761 892 3818 Christus
915 3802 931 3827 ,
961 3760 1044 3833 qui
1083 3763 1230 3814 homo
1259 3763 1419 3832 factus
1458 3770 1562 3826 est,
1596 3778 1696 3814 non
1723 3762 1895 3816 habuit

309 3855 542 3910 naturale
585 3863 842 3924 peccatum
879 3851 1176 3922 ,°quomodo
1222 3852 1390 3905 dicunt
1429 3852 1634 3923 quidam
1663 3853 1715 3906 in
1761 3853 1896 3907 vobis

308 3949 422 4021 quia
469 3946 678 4017 imagini
709 3944 800 3998 Dei
833 3945 1053 4009 pravitas
1079 3943 1365 4001 dominetur
1388 3945 1608 4014 ingenita
1634 3946 1659 3998 ?
1691 3946 1895 4015 istaque

311 4037 671 4109 prepositione
713 4035 965 4090 convulsa
1015 4042 1070 4089 et
1115 4032 1346 4097 ell‘ossa,
1398 4033 1650 4104 quidquid
1703 4033 1896 4090 deinde

313 4140 560 4202 tanquam
579 4128 909 4198 subsequens
937 4123 1206 4191 addidisti,
1228 4123 1476 4180 facillima
1506 4125 1624 4179 labe
1639 4125 1898 4180 subverti-

311 4229 414 4277 tur.
441 4221 560 4276 Non
580 4219 720 4274 enim
739 4217 976 4288 sequitur
992 4225 1050 4271 ut
1076 4216 1121 4271 si
1143 4215 1402 4282 Christus,
1422 4217 1514 4286 qui
1543 4215 1702 4271 homo
1731 4216 1920 4272 factus”

314 4323 410 4381 est,
441 4328 549 4368 non
574 4310 756 4366 habuit
785 4308 1045 4374 naturale,
1071 4307 1172 4362 hoc
1193 4315 1295 4372 est,
1317 4307 1576 4377 originale
1598 4315 1895 4377 peccatum,

312 4405 452 4458 nulla
482 4401 694 4472 imagini
727 4399 818 4455 Dei
847 4398 1076 4469 pravitas
1115 4397 1417 4457 dominetur
1455 4397 1686 4468 ingenita
1721 4415 1732 4450 :
1761 4412 1909 4468 quos

318 4496 454 4549 niam
484 4509 587 4548 non
618 4492 855 4563 sequitur
884 4500 942 4545 ut
961 4491 1006 4545 si
1034 4490 1166 4548 nihil
1193 4489 1378 4545 habuit
1408 4490 1681 4559 pravitatis
1709 4491 1898 4546 simili-

317 4588 438 4643 tudo
479 4585 654 4642 carnis
702 4583 940 4654 peccati,
995 4581 1126 4636 nihil
1157 4580 1347 4637 habeat
1387 4581 1665 4651 pravitatis
1703 4581 1786 4637 cui
1815 4591 1910 4637 est

317 4682 410 4735 ista
454 4679 644 4735 similis
667 4719 683 4745 ,
714 4676 766 4739 id
805 4685 926 4743 est,
966 4689 1091 4730 caro
1120 4674 1231 4743 ipsa
1259 4673 1456 4742 peccati
1492 4689 1507 4738 ;
1555 4673 1663 4727 imo
1691 4688 1819 4728 vero
1845 4673 1897 4729 id

313 4771 572 4841 sequitur,
600 4768 725 4825 utsi
751 4775 834 4822 est
860 4764 1152 4824 similitudo
1180 4764 1358 4834 carnis
1383 4763 1608 4832 peccati,
1637 4763 1706 4819 sit
1734 4765 1894 4819 etiam

312 4877 440 4917 caro.
473 4859 694 4932 peccati.
723 4858 856 4926 Quia
881 4871 1040 4912 omne
1069 4855 1244 4920 simile
1263 4895 1278 4919 ,
1305 4854 1464 4910 alicui
1499 4855 1674 4910 simile
1710 4859 1779 4910 sit
1804 4872 1899 4911 ne-

311 4968 462 5010 cesse
498 4961 578 5007 est
609 4968 624 5004 :
653 4949 774 5006 etsi
800 4949 948 5008 solus
988 4946 1170 5004 habuit
1198 4945 1444 5000 Christus
1471 4961 1651 5000 veram
1683 4945 1896 5016 quidem

313 5021 548 5109 carnem,
581 5042 717 5097 sicut
741 5040 920 5098 caeteri
949 5037 1215 5103 homines,
1248 5035 1340 5090 sed
1372 5045 1547 5092 tamen
1578 5037 1754 5092 carnis
1782 5053 1898 5106 pec-

311 5138 412 5193 cati
439 5152 541 5191 non
563 5133 961 5206 proprietatem,
989 5129 1081 5185 sed
1108 5128 1509 5183 similitudinem
1541 5145 1555 5194 ;
1586 5142 1692 5184 non
1719 5130 1893 5184 solum

313 5244 528 5285 necesse
545 5237 630 5285 est
658 5235 716 5282 ut
738 5226 808 5282 sit
829 5225 931 5278 alia
959 5223 1044 5279 cui
1073 5222 1187 5277 haec
1209 5221 1400 5276 similis
1425 5222 1494 5276 sit
1516 5237 1644 5278 caro
1659 5223 1892 5294 .peccati,

310 5295 402 5378 sed
447 5321 683 5377 omnium
724 5326 1040 5380 cmtcrorum
1071 5315 1347 5378 hominum
1377 5328 1482 5369 non
1527 5315 1596 5368 sit
1630 5315 1732 5370 nisi
1768 5331 1894 5371 caro

312 5414 528 5483 peccati.
568 5410 902 5481 QuaprOptcr
928 5407 1026 5462 etsi
1068 5405 1260 5460 malum
1285 5413 1367 5460 est
1394 5405 1444 5458 in
1475 5420 1636 5460 carne
1667 5413 1892 5476 peccati,

311 5521 414 5558 non
458 5513 538 5559 est
583 5514 757 5558 tamen
791 5502 840 5556 in
883 5500 1114 5564 Christo,
1149 5498 1236 5568 qui
1278 5497 1425 5553 venit
1458 5499 1508 5553 in
1552 5515 1713 5555 carne
1743 5516 1885 5563 vera,

311 5609 414 5648 non
449 5603 618 5649 tamen
653 5593 705 5648 in
733 5606 894 5647 carne
921 5589 1120 5661 peccati
1143 5631 1156 5656 ,
1191 5589 1282 5643 sed
1315 5589 1365 5645 in
1399 5589 1745 5644 similitudine
1775 5606 1893 5645 car-

312 5685 393 5740 nis
420 5685 638 5754 peccati,
667 5698 882 5739 carnem
911 5697 1098 5736 sanare
1125 5680 1345 5749 peceati.
1380 5679 1493 5733 Non
1520 5697 1647 5750 ergo
1676 5681 1764 5736 ille
1786 5699 1894 5736 cre-

311 5776 451 5838 ditur
471 5792 615 5840 reus.
637 5775 731 5834 sed
752 5775 820 5831 ab
847 5775 937 5830 illo
965 5783 1145 5830 noster
1170 5773 1394 5830 solvitur
1421 5782 1618 5839 reatus,
1650 5783 1701 5828 et
1731 5775 1891 5846 origi-

1657 361 1862 420 LIBE'R-
1875 361 2185 422 SEXTUS:

3444 373 3582 429 1590

1998 476 2163 543 nalis,
2205 483 2260 531 ct
2286 474 2516 532 additus.
2552 476 2704 533 Unde
2729 491 2828 534 nec
2857 478 3028 536 inanis
3065 492 3143 539 est
3171 484 3415 558 Apostoli
3441 502 3581 558 prte-

1993 567 2217 637 dicatio,
2245 568 2334 639 qui
2367 583 2471 622 non
2499 569 2813 639 praedicaret
2839 572 2893 626 in
2932 573 3148 630 Christo
3174 574 3579 634 similitudinem

1993 661 2170 715 carnis
2200 660 2422 729 peccati,
2457 661 2559 715 nisi
2585 661 2814 718 aliorum
2854 679 3070 722 carnem
3108 668 3270 724 sciret
3293 685 3415 726 esse
3459 687 3584 742 pee-

1994 753 2117 808 cati.
2142 751 2252 808 Nec
2276 767 2438 808 vacua
2464 762 2548 808 est
2574 751 2705 810 fides
2732 764 2912 811 nostra
2933 799 2949 825 ,
2976 773 3080 829 qua
3117 771 3378 817 vacuatur
3402 762 3581 820 haere-

1995 846 2070 899 sis
2095 853 2293 900 vestra.
2318 844 2428 902 Nec
2465 845 2585 903 falsi
2613 855 2778 903 testes
2803 848 3145 906 inveniuntur
3187 854 3428 924 Apostoli
3451 895 3466 922 ,
3493 861 3582 927 qui

1996 940 2396 998 similitudinem
2429 942 2607 997 carnis
2644 943 2850 1012 peccati
2877 943 3184 1001 discernunt
3211 962 3240 1002 a
3267 962 3430 1005 carne
3459 964 3585 1020 pec-

1997 1033 2121 1099 cati,
2152 1033 2298 1104 quod
2324 1049 2430 1088 non
2458 1033 2581 1090 facit
2606 1036 2826 1093 hairesis
2850 1047 3027 1092 vestra
3058 1055 3072 1104 ;
3103 1047 3157 1094 et
3180 1039 3259 1096 sic
3283 1023 3346 1097 ex
3378 1043 3585 1097 semine

2000 1123 2164 1178 David
2203 1124 2570 1195 evangelizant
2597 1125 2899 1193 Christum,
2954 1136 3011 1183 ut
3060 1138 3237 1186 tamen
3281 1130 3350 1188 de
3385 1133 3584 1202 Spiritu

1999 1224 2186 1269 sancto
2214 1223 2393 1270 natum
2421 1225 2664 1272 asseram
2689 1227 2743 1273 et
2769 1219 2972 1290 virgine
2996 1220 3181 1290 Maria,
3222 1239 3326 1281 non
3353 1223 3423 1280 de
3461 1239 3583 1280 car-

1999 1305 2083 1361 nis
2125 1305 2586 1376 concupiscentia,
2632 1316 2692 1363 ut
2719 1309 3118 1367 similitudinem
3165 1316 3343 1372 carnis
3380 1318 3584 1386 peccati

1999 1395 2240 1462 haberet,
2271 1411 2485 1453 carnem
2513 1413 2640 1456 vero
2663 1401 2864 1470 peccati
2887 1401 3083 1459 habere
3109 1419 3214 1460 non
3242 1416 3442 1476 posset.
3471 1407 3583 1464 Nec

1999 1488 2414 1549 miserabiliores
2455 1511 2640 1552 sumus
2682 1499 2930 1556 omnibus
2964 1500 3275 1558 hominibus
3322 1503 3420 1558 ista
3461 1518 3583 1560 cre-

1997 1577 2187 1635 dentes
2219 1599 2235 1646 ;
2264 1584 2356 1639 sed
2383 1601 2599 1642 carnem
2625 1587 2823 1644 Christi
2852 1606 2881 1644 a
2911 1605 3072 1648 carne
3099 1593 3300 1663 peccati
3332 1609 3436 1649 non
3464 1609 3585 1651 esse

1998 1668 2280 1726 discretam
2305 1715 2320 1739 ,
2353 1689 2543 1746 magna
2576 1677 2788 1733 miseria
2820 1681 3106 1736 credimus.
3155 1682 3386 1738 Proinde
3422 1700 3584 1755 argu-

1999 1764 2380 1822 mentationem
2413 1777 2555 1823 tuam
2586 1787 2719 1825 vana
2749 1774 3092 1830 conclusione
3120 1773 3463 1843 determinas,
3497 1776 3584 1833 di-

1997 1868 2126 1910 ccns
2153 1873 2166 1908 :
2197 1857 2423 1928 Apparet
2446 1861 2620 1930 igitur,
2647 1863 2835 1918 crimen
2866 1865 3137 1922 voluntatis
3156 1883 3281 1934 esse,
3309 1885 3410 1923 non
3434 1869 3604 1923 semi-.

1999 1947 2098 2000 nis.
2147 1947 2260 2002 lloc
2302 1951 2523 2006 omnino
2563 1951 2792 2008 inaniter
2817 1955 3036 2010 intulisti
3071 1973 3086 2010 :
3126 1957 3376 2028 quoniam
3420 1973 3585 2029 supeo

1999 2034 2138 2090 riora
2158 2077 2172 2102 ,
2199 2052 2264 2092 ex
2302 2039 2496 2109 quibus
2521 2056 2638 2096 eam
2663 2041 2960 2099 confectam
2986 2053 3140 2116 putas
3161 2087 3176 2114 ,
3203 2049 3583 2118 consequentia

1999 2139 2105 2179 non
2135 2141 2256 2182 esse
2281 2132 2573 2186 monstravi
2604 2148 2619 2198 ;
2662 2142 2713 2188 et
2754 2134 3126 2203 proculdubio
3145 2177 3160 2202 ,
3191 2137 3312 2208 quia
3340 2138 3392 2192 in
3423 2153 3581 2209 para-

1999 2215 2116 2271 diso
2157 2232 2277 2273 esse
2319 2231 2570 2290 possent,
2604 2223 2745 2278 nulla
2790 2239 2910 2280 esse
2951 2235 3072 2296 post
3115 2228 3415 2296 paradisum
3459 2231 3584 2285 vitia

1999 2307 2328 2362 nascentium
2350 2350 2368 2376 ,
2413 2310 2514 2366 nisi
2551 2312 2688 2366 mala
2722 2315 3000 2372 voluntate
3029 2317 3328 2386 primorum
3358 2320 3581 2390 gignen-

1999 2397 2130 2452 tium
2161 2400 2474 2458 vitiarentur
2499 2412 2555 2460 et
2583 2405 2807 2460 semina.
2836 2407 2943 2463 Cur
2971 2424 3075 2464 nou
3106 2425 3234 2481 ergo
3272 2413 3448 2482 potius
3487 2414 3584 2470 tibi

1999 2487 2192 2545 dicitur
2217 2492 2238 2562 (
2262 2501 2316 2546 ut
2342 2507 2443 2549 nos
2469 2497 2733 2552 veraciter
2755 2539 2770 2564 ,
2819 2514 2922 2569 qua
2962 2508 3017 2555 tu
3042 2500 3302 2558 fallaciter
3330 2518 3458 2559 usus
3483 2519 3542 2562 es
3565 2548 3581 2573 ,

1999 2578 2186 2634 eadem
2240 2581 2409 2637 forma
2453 2586 2876 2644 ratiocinationis
2913 2591 3197 2662 utamur),
3236 2592 3292 2649 Si
3338 2593 3628 2652 Christusx.

1996 2667 2229 2728 homoaia
2251 2673 2592 2731 similitudine
2611 2680 2788 2735 carnis
2814 2683 3014 2751 peccati
3037 2683 3102 2739 ad
3124 2683 3367 2742 homines
3388 2687 3585 2745 missus

1996 2767 2079 2814 est
2099 2801 2116 2828 ,
2145 2763 2414 2832 quomodo
2453 2780 2559 2821 non
2579 2753 2804 2838 quidam
2846 2772 2900 2825 in
2939 2773 3090 2830 vobis
3109 2816 3124 2843 ,
3153 2775 3247 2831 sed
3273 2791 3460 2834 omnes
3489 2794 3584 2834 vos

1995 2851 2171 2907 dicitis
2195 2894 2210 2920 ,
2251 2854 2410 2911 aliam
2438 2858 2523 2913 cui
2565 2859 2635 2914 sit
2672 2851 2775 2916 ista
2803 2862 3028 2932 similis,
3072 2881 3286 2923 carnem
3328 2884 3433 2925 non
3463 2885 3584 2927 esse

1995 2945 2232 3014 peccati,
2265 2947 2308 3002 si
2339 2963 2443 3004 non
2469 2959 2554 3006 est
2575 2951 2677 3006 alia
2704 2966 2832 3009 caro
2857 2953 3102 3025 peccati?
3128 2957 3183 3015 Si
3206 2958 3445 3015 Christus
3476 2976 3582 3017 non

1995 3033 2182 3091 habuit
2218 3038 2620 3097 similitudinem
2663 3044 2841 3100 carnis
2869 3047 3106 3115 peccati,
3137 3049 3308 3106 inanis
3339 3060 3420 3108 est
3445 3067 3583 3124 prae-

1995 3122 2192 3179 dicatio
2210 3125 2326 3195 ejus
2351 3129 2440 3198 qui
2471 3129 2572 3184 hoc
2595 3130 2750 3198 dixit,
2783 3132 2956 3188 inanis
2985 3145 3066 3191 est
3092 3146 3146 3193 et
3171 3137 3302 3194 fides
3327 3122 3583 3200 Ecclesiae

1995 3214 2270 3271 catholica:
2290 3233 2409 3287 qum
2428 3219 2530 3275 hoc
2555 3221 2780 3277 credidit
2809 3240 2823 3290 ;
2852 3224 3120 3283 invenitur
3140 3237 3317 3285 autem
3341 3240 3395 3285 et
3420 3231 3584 3288 falsus

1996 3307 2147 3363 testis
2199 3303 2528 3379 Apostolus,
2581 3315 2673 3385 qui
2727 3317 3092 3376 testimonium
3148 3322 3282 3378 dixit
3327 3323 3584 3385 adversus

1995 3395 2301 3468 Christum,
2332 3402 2456 3474 quia
2483 3404 2886 3464 similitudinem
2923 3413 3102 3468 carnis
3140 3416 3339 3484 peccati
3366 3416 3581 3489 habuit,

1996 3505 2155 3561 quam
2183 3507 2290 3548 non
2323 3493 2522 3552 habuit.
2550 3497 2654 3554 Sed
2684 3499 2728 3554 si
2760 3503 2862 3557 hoc
2886 3503 3176 3574 credimus,
3209 3506 3450 3566 fidelibus
3477 3527 3582 3568 non

1996 3583 2262 3640 sociamur
2304 3585 2626 3645 hominibus.
2656 3589 2809 3648 Nunc
2849 3602 3025 3650 autem
3071 3597 3315 3655 Christus
3346 3601 3540 3659 missus
3564 3604 3580 3636 ¹

1996 3682 2078 3728 est
2120 3675 2172 3728 in
2200 3676 2550 3734 similitudine
2577 3681 2755 3738 carnis
2793 3685 2998 3754 peccati
3027 3702 3043 3753 ;
3075 3688 3198 3758 quia
3228 3691 3374 3755 solus
3403 3708 3582 3749 veram

1997 3780 2211 3821 carnem
2242 3769 2318 3824 sie
2348 3768 2550 3837 habuit,
2579 3781 2638 3826 ut
2662 3789 2767 3828 non
2797 3785 2940 3832 esset
2958 3792 3083 3833 caro
3100 3784 3321 3849 peccati,
3349 3783 3442 3838 sed
3470 3783 3586 3854 ejus

1997 3859 2287 3915 similitudo
2320 3879 2334 3916 :
2364 3875 2426 3916 ac
2451 3878 2547 3933 per
2577 3863 2679 3918 hoc
2707 3880 2927 3923 necesse
2951 3878 3035 3924 est
3070 3879 3127 3924 ut
3147 3871 3407 3928 fateamur
3429 3915 3444 3940 ,
3469 3889 3588 3930 car-

1999 3965 2121 4004 nem
2167 3959 2482 4007 cretcrorum
2527 3953 2799 4010 hominum
2829 3971 2951 4014 esse
2980 3962 3217 4030 peccati,
3267 3964 3353 4017 cui
3395 3964 3587 4021 similis

1996 4037 2135 4095 facta
2163 4050 2246 4096 est
2272 4058 2395 4098 vera
2425 4058 2551 4100 caro
2576 4043 2806 4114 Christi,
2830 4049 2925 4104 sed
2954 4064 3059 4106 non
3082 4066 3209 4108 caro
3231 4056 3454 4124 peccati.

2072 4131 2314 4196 XXXVI.
2363 4134 2482 4190 Jun.
2527 4135 2915 4196 Confodiuntur
2954 4157 3148 4214 nempe
3185 4144 3497 4215 Manichtei,
3530 4159 3591 4205 et

2000 4231 2280 4293 peccatum
2307 4225 2555 4281 naturale
2580 4227 2882 4297 credentes,
2909 4243 2962 4286 et
2991 4235 3436 4292 resurrectionem
3461 4252 3585 4292 car-

2001 4313 2386 4386 nisnegantes.
2417 4315 2570 4372 Nunc
2597 4329 2784 4385 autent,
2822 4323 3011 4393 inquit,
3044 4322 3276 4382 Christus
3309 4331 3584 4401 resurrexit

2001 4423 2033 4460 a
2059 4408 2269 4462 mortuis
2310 4409 2548 4478 primitice
2570 4411 2964 4479 dormientium;
2989 4417 3228 4486 quoniam
3255 4417 3458 4488 quidem
3495 4437 3587 4497 per

2003 4500 2253 4555 Immineat
2280 4518 2436 4568 mors,
2465 4511 2509 4556 et
2536 4520 2625 4574 per
2648 4504 2899 4560 hominem
2926 4509 3227 4562 resurrectio
3248 4520 3584 4568 mortuorum.

2001 4593 2079 4648 De
2098 4595 2491 4649 resurrectione
2513 4593 2601 4648 hic
2617 4595 2908 4664 Apostolus
2937 4613 3042 4652 non
3068 4601 3304 4668 generali
3330 4603 3576 4674 loquitur,

2001 4701 2159 4755 quam
2189 4684 2459 4754 experturi
2506 4693 2630 4740 sunt
2673 4688 2835 4742 etiam
2883 4690 3128 4758 scelesti,
3166 4693 3327 4750 etiam
3380 4697 3584 4766 profani

2001 4774 2276 4840 homines;
2305 4776 2397 4831 sed
2423 4775 2490 4832 de
2514 4791 2698 4833 eorum
2722 4781 3106 4847 tantummodo,
3136 4785 3224 4854 qui
3257 4786 3584 4844 transferen-

2003 4873 2091 4919 tur
2112 4867 2162 4920 in
2185 4867 2428 4945 gloriam.
2464 4869 2678 4924 Beatam
2703 4885 2830 4941 ergo
2852 4875 3298 4931 resurrectionem
3323 4893 3456 4948 puro
3487 4896 3583 4935 no-

2002 4959 2146 5013 mine
2196 4961 2601 5017 resurrectionis
2645 4963 2912 5030 ostendit,
2959 4967 3112 5033 cujus
3157 4973 3581 5040 comparatione,

2003 5049 2095 5104 illa
2117 5050 2400 5120 impiorum
2430 5054 2581 5123 quasi
2611 5070 2715 5107 non
2746 5055 2816 5109 sit
2843 5058 3187 5126 resurrectio,
3216 5065 3583 5132 praitcritur’.

2003 5141 2099 5196 llic
2133 5158 2260 5214 ergo
2301 5145 2589 5214 Apostolus
2617 5160 2722 5197 non
2767 5145 2940 5200 solum
2990 5153 3472 5223 resurrectionem,
3530 5167 3588 5211 nt

2001 5232 2139 5297 dixi,
2171 5249 2288 5300 quive
2330 5234 2484 5288 bonis
2523 5235 2785 5305 malisque
2826 5240 3126 5296 communis
3148 5251 3250 5309 est,
3284 5243 3378 5299 sed
3408 5261 3585 5298 resur-

2001 5325 2292 5379 rectionem
2317 5325 2546 5379 inculcat
2575 5325 2780 5380 beatam
2808 5344 2820 5380 :
2850 5337 2903 5383 et
2929 5328 3051 5385 licet
3077 5347 3181 5386 non
3209 5333 3279 5388 sit
3305 5349 3466 5388 unum
3500 5351 3583 5390 re-

1999 5416 2262 5471 surrectio
2290 5424 2345 5469 et
2366 5415 2637 5471 beatitudo
2667 5420 3090 5487 resurrectionis,
3123 5422 3259 5477 sicut
3283 5438 3381 5478 nec
3404 5440 3582 5480 rcsur—

2002 5508 2170 5563 reclio
2224 5517 2278 5563 et
2321 5509 2745 5576 resurrectionis-
2777 5512 2992 5585 miseria
3047 5528 3206 5567 unum
3253 5523 3372 5580 est;
3407 5526 3581 5574 tamen

2067 5664 2080 5693 ί
2113 5663 2400 5736 \‘ignicrius,
2425 5661 2641 5716 Christus
2658 5671 2731 5736 est
2749 5665 2796 5736 in
2819 5663 3145 5718 similitudine.
3174 5668 3446 5724 addidimus
3468 5673 3601 5736 mis-~

2003 5737 2100 5801 Sus:
2119 5725 2241 5801 quia
2273 5733 2350 5773 est
2374 5725 2804 5801 immaniuscriptis.
3171 5793 3180 5801 _
3223 5792 3252 5801 Α

2075 5788 2094 5817 ³
2119 5786 2254 5845 Editi,
2281 5786 2508 5848 partitur.
2531 5786 2830 5861 castigantur
2859 5801 2918 5840 ex
2946 5792 3297 5868 manuscriptis.
