3970 6184
370 347 498 408 1591

359 472 480 538 quia
513 468 780 526 butitudo
806 475 1004 522 mterna
1031 467 1230 535 absque
1256 465 1652 521 resurrectione
1681 478 1786 519 non
1824 471 1942 528 est,

359 561 578 618 nomine
605 560 720 630 ejus
762 559 848 613 illa
875 571 1086 628 quoque
1122 556 1375 621 felicitas,
1403 571 1522 626 qua:
1562 555 1940 611 excitationem

361 652 500 707 haud
531 648 887 720 paenitentiam
929 647 1056 702 facit
1084 663 1225 711 esse,
1257 648 1520 718 signatur.
1570 646 1637 702 Ut
1679 647 1723 701 si
1753 646 1944 716 aliquis

360 741 693 804 industriam.
727 741 885 806 vires,
916 749 970 794 et
995 739 1169 794 studia
1191 739 1402 794 diversa
1436 738 1765 804 collaudaus,
1791 753 1943 794 com-

359 832 554 901 pendio
579 845 642 886 ea
667 831 788 885 vittc
817 831 945 886 velit
968 830 1267 894 ostendere,
1299 829 1445 884 verbi
1465 830 1651 899 gratia,
1680 829 1942 884 eruditam

360 923 501 978 illius
530 924 711 988 vitam,
731 922 1028 994 elegantem
1054 921 1229 992 hujus,
1256 922 1534 990 impigram
1558 921 1790 991 appellet
1811 922 1946 976 alte-

359 1016 507 1081 rius;
537 1031 644 1070 non
684 1014 866 1085 utique
911 1014 1206 1070 admoverit
1247 1013 1642 1069 distinctionem
1664 1053 1680 1079 ,
1715 1022 1773 1068 ut
1801 1013 1940 1068 idem

362 1105 466 1159 vita
520 1105 660 1174 quod
694 1103 972 1169 industria,
1000 1103 1144 1174 quod
1173 1103 1454 1173 elegantia,
1498 1102 1642 1172 quod
1688 1101 1942 1157 fortitudo

361 1195 605 1252 videatur
636 1213 650 1250 :
678 1195 820 1250 aliud
847 1205 929 1250 est
948 1195 1146 1264 quippe
1173 1195 1372 1258 vivere,
1400 1193 1542 1247 aliud
1569 1193 1814 1257 studere;
1851 1209 1944 1246 ve-

365 1296 666 1343 rumtamen
693 1288 792 1342 nisi
819 1287 1034 1353 vixeris,
1067 1287 1243 1341 nullus
1263 1285 1518 1340 studebis.
1549 1286 1624 1340 lta
1646 1286 1806 1340 etiam
1837 1300 1942 1339 non

361 1391 443 1436 est
469 1380 611 1436 idem
639 1380 964 1438 resurrectio
1003 1378 1146 1449 quod
1173 1376 1482 1442 beatitudo;
1513 1387 1596 1432 est
1622 1377 1819 1446 quippe
1841 1376 1943 1430 mi-

361 1486 481 1527 sera
521 1472 770 1528 excitatio
799 1474 1040 1534 cinerum
1075 1488 1088 1524 :
1123 1480 1300 1525 tamen
1339 1469 1516 1524 nullus
1542 1467 1812 1538 regnabis,
1842 1466 1945 1522 nisi

363 1574 488 1622 ante
523 1565 907 1620 resurrexeris.
939 1563 1081 1618 Mors
1110 1578 1238 1634 ergo
1265 1562 1510 1632 corporis
1538 1570 1595 1616 et
1621 1560 1948 1616 resurrectio

367 1656 606 1724 corporis
633 1670 663 1710 e
693 1656 910 1725 regione
930 1655 1229 1710 consistunt
1251 1673 1264 1708 :
1289 1653 1333 1708 si
1362 1667 1506 1707 mors
1533 1660 1676 1707 esset
1698 1651 1945 1706 universa

363 1745 615 1814 poenalis,
660 1754 806 1802 esset
835 1760 1046 1816 quoque
1073 1745 1316 1799 universa
1342 1743 1663 1798 resurrectio
1699 1742 1947 1813 praamia-e

361 1837 431 1894 lis
471 1855 486 1891 :
521 1850 666 1893 nunc
712 1845 891 1890 autem
941 1845 1025 1894 est
1070 1834 1393 1890 resurrectio
1425 1833 1646 1903 pmnalis
1665 1833 1902 1888 omnium
1931 1873 1946 1897 ,

361 1929 452 1998 qui
484 1928 692 1998 ignibus
734 1927 1055 1998 deputantur
1095 1927 1315 1982 internis
1349 1945 1360 1980 :
1393 1941 1522 1997 ergo
1552 1934 1608 1982 et
1647 1940 1793 1981 mors
1840 1939 1946 1979 non

361 2022 690 2092 supplicialis
713 2030 815 2086 est,
835 2021 930 2076 sed
949 2020 1230 2076 naturalis.
1251 2020 1400 2075 Sicut
1422 2020 1564 2075 enim
1589 2035 1693 2074 non
1720 2017 1842 2074 facit
1858 2032 1951 2088 ge-

361 2113 618 2169 neraliter
661 2129 808 2168 mors
845 2113 1110 2184 corporis,
1151 2121 1208 2168 ut
1261 2113 1516 2182 pceniteat
1545 2111 1846 2174 interiisse;
1871 2109 1950 2164 sic

361 2220 467 2259 non
489 2202 616 2260 facit
640 2205 966 2276 generaliter
985 2205 1330 2270 resurrectio,
1357 2214 1415 2260 ut
1433 2204 1640 2273 placeat
1665 2203 1943 2258 revixisse.

362 2293 560 2349 Verum
580 2303 637 2351 et
663 2295 815 2351 istius
837 2296 1033 2351 bonum
1063 2296 1114 2350 in
1133 2295 1565 2352 remuneratione
1592 2294 1942 2364 surgentium,

358 2393 416 2440 et
442 2385 582 2442 illius
609 2386 910 2443 amaritudo
942 2385 996 2444 in
1037 2386 1316 2442 adustione
1357 2387 1660 2456 punitorum
1685 2394 1799 2441 est:
1830 2401 1948 2455 qua:

361 2485 583 2547 utraque
636 2493 732 2546 pro
783 2478 988 2533 meritis
1032 2486 1449 2548 consequuntur.
1493 2480 1728 2547 Apparet
1790 2477 1950 2548 igitur

360 2567 676 2636 Apostolum
703 2583 809 2623 non
832 2568 900 2623 de
927 2579 1102 2624 morte
1122 2571 1379 2634 naturali,
1424 2571 1515 2625 sed
1543 2569 1610 2624 de
1636 2571 1950 2624 criminoso-

358 2674 500 2723 rum,
534 2674 691 2726 quam
715 2657 980 2730 infelicem
1007 2657 1132 2714 facit
1157 2674 1313 2728 paena
1341 2669 1626 2728 perpetua;
1651 2676 1750 2715 nec
1775 2660 1843 2715 de
1865 2675 1948 2715 re-

359 2749 692 2809 surrectione
740 2750 1029 2817 communi,
1073 2750 1168 2806 sed
1194 2765 1352 2820 quam
1381 2750 1588 2806 beatam
1631 2751 1757 2806 facit
1780 2751 1946 2821 gloria

359 2840 682 2909 sempiterna
706 2881 720 2906 ,
760 2839 1028 2898 disserere
1057 2858 1069 2894 :
1103 2856 1203 2896 nec
1245 2841 1330 2895 ubi
1359 2841 1426 2895 de
1445 2843 1692 2912 personis
1714 2842 1948 2912 disputat

359 2928 724 3001 pra-judicium
756 2931 772 2962 ί
802 2930 995 2986 inferre
1043 2932 1340 2994 creaturis,
1391 2931 1484 2987 scd
1528 2932 1691 2987 salvis
1733 2948 1944 3004 semper

361 3023 788 3079 distinctionibus
818 3023 1042 3093 latisque
1071 3023 1328 3079 limitibus
1350 3033 1657 3080 naturarum
1678 3034 1733 3080 et
1761 3026 1948 3080 volun-

360 3124 547 3181 tatum,
581 3116 657 3170 sic
681 3115 908 3172 miscere
927 3131 1307 3186 nonnunquam
1339 3115 1617 3181 vocabula,
1641 3132 1710 3172 ne
1735 3118 1948 3186 specia-

360 3207 480 3263 litas
514 3223 691 3262 rerum
736 3208 1045 3264 confusione
1079 3208 1350 3279 depereat.
1391 3207 1496 3264 Per
1526 3209 1782 3264 hominem
1817 3225 1946 3281 ergo

356 3315 512 3364 mors,
541 3308 587 3356 et
617 3315 706 3368 per
726 3299 978 3353 hominem
1005 3300 1302 3354 resurrectio
1327 3309 1637 3356 mortuorum
1666 3317 1683 3355 :
1711 3317 1814 3356 non
1859 3301 1947 3358 hic

357 3388 424 3441 ab
450 3388 665 3444 homine
697 3399 921 3444 mortem
957 3390 1260 3454 conditam;
1307 3389 1400 3446 sed
1442 3391 1493 3444 in
1527 3390 1745 3446 homine
1777 3407 1944 3461 appa-

358 3479 532 3534 ruisse
551 3479 827 3535 denuntiat
862 3496 874 3531 :
905 3481 1042 3534 sicut
1067 3489 1122 3534 ct
1142 3481 1587 3540 resurrectionem
1614 3493 1943 3538 mortuorum

359 3586 465 3622 non
493 3568 621 3626 dicit
647 3569 713 3626 ab
747 3569 960 3623 homine
991 3569 1180 3624 factam
1202 3610 1218 3635 ,
1255 3570 1358 3624 hoc
1382 3577 1485 3636 est,
1521 3586 1550 3625 a
1577 3571 1820 3635 Christo;
1850 3574 1942 3628 sed

359 3658 412 3710 in
438 3657 668 3721 homine,
695 3657 832 3712 sicut
859 3657 923 3711 ad
949 3657 1314 3728 Philippenses
1335 3659 1474 3713 idem
1493 3661 1743 3731 magister
1769 3679 1781 3714 :
1815 3661 1945 3717 Obe-

358 3747 525 3812 diens,
555 3745 745 3816 inquit,
773 3749 938 3818 fartus
966 3756 1035 3803 est
1070 3765 1224 3827 usque
1251 3749 1320 3802 ad
1343 3758 1580 3815 mortem,
1615 3761 1824 3805 mortem
1851 3769 1944 3807 att-

305 3819 308 3822 .
357 3849 454 3890 tem
477 3839 676 3904 crucis;
703 3848 912 3910 prapter
935 3839 1072 3909 quod
1092 3822 1138 3893 et
1166 3839 1305 3908 Deus
1334 3841 1478 3894 illum
1498 3843 1756 3911 exultavit,
1781 3854 1827 3898 et
1847 3845 1942 3899 do-

357 3927 492 3980 navit
521 3927 599 3981 illi
628 3945 806 3983 nomen
825 3945 979 3999 super
1007 3947 1154 3984 autne
1175 3947 1355 3985 nomen
1375 3933 1395 3963 ²
1420 3930 1678 4003 (Philipp.
1699 3949 1756 4001 tt,
1785 3935 1839 4001 8,
1860 3934 1938 4007 9).

361 4018 499 4073 Petri
529 4034 739 4089 quoque
777 4021 1000 4090 apostoli
1029 4021 1080 4076 in
1111 4021 1211 4077 hoc
1237 4023 1502 4076 concurrit
1533 4025 1757 4079 assertio
1782 4041 1795 4076 :
1832 4023 1942 4079 Viri

358 4109 637 4175 Israelita',
666 4111 838 4172 audite
875 4128 893 4164 :
921 4113 1100 4166 Iesum
1129 4113 1290 4177 virum
1331 4112 1655 4168 Nazarenam
1681 4116 1940 4186 approba-

356 4213 464 4255 tum
491 4219 522 4255 a
553 4201 658 4257 Deo
694 4204 748 4256 in
778 4202 912 4257 vobis
937 4219 1026 4273 per
1059 4220 1238 4257 manus
1264 4204 1551 4274 iniquorum
1588 4206 1930 4274 interemistis,

352 4309 502 4362 quem
530 4294 666 4349 Deus
690 4296 943 4350 suscitavit
967 4295 1144 4350 solaris
1178 4295 1437 4358 doloribus
1459 4287 1751 4368 infernifEt
1772 4299 1897 4354 item
1921 4319 1935 4355 :

358 4384 512 4439 llum:
532 4385 563 4439 J
571 4403 708 4440 esum
733 4385 867 4442 Deus
889 4387 1224 4453 resuscitavit,
1251 4387 1334 4440 cui
1360 4403 1531 4442 omnes
1569 4404 1658 4441 nos
1684 4398 1829 4444 testes
1849 4407 1943 4445 su-

355 4492 466 4530 mus
498 4478 631 4546 (Aet.
664 4493 720 4541 ιι,
747 4477 941 4544 22-24,
967 4477 1080 4550 52).
1116 4477 1190 4534 lbi
1209 4493 1338 4549 ergo
1363 4477 1500 4533 sicut
1526 4480 1800 4550 proprium
1827 4490 1942 4536 erat

356 4569 590 4623 hominis
618 4571 732 4624 sine
771 4570 984 4627 deitatis
1011 4570 1200 4641 injuria
1246 4571 1396 4627 obire
1436 4580 1688 4639 mortem,
1718 4572 1788 4626 ita
1819 4587 1942 4640 pro-

360 4661 533 4728 prium
574 4659 864 4714 divinitatis
890 4661 1160 4717 hominem
1205 4663 1354 4720 illum
1375 4679 1404 4716 a
1434 4664 1656 4718 mortuis
1684 4665 1937 4720 excitare.

355 4750 507 4819 Quod
537 4733 725 4807 autem.
761 4752 903 4808 Deus
951 4755 1324 4822 pronuntiatur
1351 4756 1559 4823 operari
1605 4771 1670 4811 ex
1716 4772 1940 4827 persona

357 4843 543 4911 Verbi,
569 4843 682 4914 ipse
705 4860 915 4915 quoque
935 4843 1180 4900 Christus
1219 4843 1363 4900 facit.
1391 4846 1479 4902 Sic
1506 4848 1647 4902 enim
1686 4849 1894 4906 dixerat
1923 4870 1936 4907 :

355 4935 424 4992 In
464 4947 707 5007 potestate
732 4939 890 4993 habeo
931 4955 1115 5010 ponere
1149 4939 1372 4992 animam
1411 4955 1587 5005 meam,
1621 4950 1668 5002 et
1709 4941 1761 4993 in
1797 4952 1939 5012 pote-

353 5036 486 5103 state
532 5027 686 5082 habeo
725 5046 920 5103 sumere
949 5030 1092 5084 illam
1123 5028 1302 5100 (Joan.
1336 5046 1390 5094 π,
1420 5028 1528 5102 18).
1560 5031 1690 5086 Cum
1719 5047 1845 5103 ergo
1872 5034 1940 5087 sit

358 5101 472 5175 r‘ilii
505 5135 607 5174 uua
653 5101 901 5191 persona.
936 5133 1108 5178 tamen
1157 5124 1499 5179 distinctione
1529 5125 1764 5196 legitima
1793 5128 1936 5183 aliud

354 5210 650 5280 applicatur
665 5213 830 5277 carni,
851 5212 990 5266 aliud
1007 5213 1212 5269 deitati.
1238 5212 1342 5268 Per
1365 5215 1617 5269 hominem
1634 5232 1762 5287 ergo
1781 5236 1934 5283 mors,

357 5315 403 5356 et
431 5321 520 5372 per
547 5304 797 5359 hominem
842 5306 1137 5369 resurrectio
1182 5318 1529 5374 mortuorum,
1579 5310 1935 5378 manifestata,

419 5543 433 5573 ί
461 5542 596 5612 illiti,
620 5543 1034 5607 prtejmlicialibus
1059 5547 1326 5608 :mendose
1353 5555 1402 5600 el
1421 5551 1826 5604 dissentientibus
1845 5570 1937 5604 ma-

388 5615 606 5644 ilif'l‘lltllh‘

375 5615 441 5650 ιιι·
473 5611 513 5650 rt
537 5611 626 5652 itis.
1827 5658 1832 5662 .

353 5615 369 5651 1
415 5617 748 5737 fvilguierius,
770 5679 941 5737 nomen
975 5669 1102 5731 quod
1125 5677 1192 5720 est
1217 5685 1360 5737 super
1393 5685 1530 5724 omne
1567 5690 1752 5728 nomen.
1781 5685 1937 5729 Manu-

350 5725 518 5791 Iﬂipti
537 5728 782 5790 omittunt,
805 5730 931 5791 quod
949 5725 1036 5782 est.

1031 351 1270 408 OPERIS
1309 349 1716 406 IMPERFECTI
1753 346 2028 404 CONTRA
2066 344 2425 415 JULIANUM,
2464 351 2520 405 S.
2563 351 2928 410 AUGUSTINI

3494 359 3652 418 1592'

2051 476 2156 516 non
2182 472 2359 518 creata
2391 482 2403 517 :
2436 475 2684 521 cancrum
2713 477 2996 539 utrumque
3025 468 3321 527 institutum
3346 489 3444 544 per
3464 475 3629 534 Deum

2049 560 2166 616 est;
2199 552 2294 608 sed
2337 553 2390 608 in
2421 554 2588 611 Adam
2617 561 2806 614 mortis
2849 560 3108 627 conditio,
3147 563 3202 616 in
3247 578 3478 633 persona
3501 584 3632 624 vero

2051 640 2246 698 Christi
2292 644 2538 714 primitiae
2570 650 2978 704 resurrectionis
3019 651 3346 708 claruerunt.
3381 655 3480 710 llic
3506 673 3636 728 ergo

2050 733 2138 787 ubi
2157 734 2285 790 dicit
2307 738 2616 806 Apostolus,
2647 739 2749 794 Per
2768 742 3020 797 hominem
3048 761 3180 800 mors
3205 762 3224 800 :
3249 747 3294 801 si
3321 763 3420 817 per
3447 751 3637 805 volun-

2052 832 2214 880 tatem
2244 828 2362 898 ejus
2393 830 2573 897 dicas,
2602 833 2737 887 nihil
2765 837 2994 904 pertinet
3037 837 3102 892 ad
3136 849 3410 906 naturam;
3455 843 3500 896 si
3543 858 3640 912 per

2051 927 2315 987 naturam,
2350 922 2480 976 nihil
2512 934 2717 994 spectat
2753 926 2820 981 ad
2863 929 3094 998 culpam.
3127 931 3381 987 Homines
3417 949 3636 1005 nempe,

2050 1010 2276 1067 alterum
2324 1018 2514 1071 mortis
2538 1059 2553 1082 ,
2594 1019 2820 1073 alterum
2852 1024 3261 1078 resurrectionis
3298 1041 3364 1081 ex
3407 1027 3639 1086 adverso

2051 1102 2262 1170 locavit,
2296 1106 2452 1162 istum
2505 1110 2795 1165 secundum
2843 1112 3031 1168 nolens
3061 1113 3133 1169 illi
3172 1118 3422 1174 subdere.
3455 1121 3523 1175 Et
3547 1137 3628 1176 se-

2051 1197 2249 1265 quitur,
2275 1198 2419 1254 Sicut
2444 1201 2494 1253 in
2524 1203 2687 1256 Adam
2713 1221 2886 1259 omnes
2914 1208 3218 1275 moriuntur,
3251 1212 3324 1264 ita
3350 1215 3466 1267 etin
3493 1215 3642 1268 Chriv

2051 1295 2126 1341 sto
2152 1304 2322 1343 omnes
2346 1291 2748 1359 viviﬁcabuntur.
2776 1296 2889 1351 Hoc
2912 1312 3040 1367 ergo
3061 1300 3202 1369 quod
3228 1303 3303 1357 ait
3321 1347 3333 1367 ,
3365 1303 3556 1358 Omnes
3586 1306 3640 1359 in

2053 1378 2250 1434 Christo
2272 1382 2676 1461 viviﬁcabuntur,
2706 1387 2865 1443 etiam
2891 1389 2959 1443 de
3001 1391 3196 1461 impiis,
3232 1410 3298 1446 an
3330 1403 3535 1450 tantum
3572 1398 3642 1452 de

2053 1468 2299 1534 ﬁdelibus
2323 1460 2489 1527 dicit?
2515 1475 2572 1530 Si
2601 1475 2670 1531 de
2697 1479 2894 1546 impiis,
2923 1460 3285 1548 quodiontnes
3303 1485 3642 1544 vivilicentur

2054 1559 2106 1614 in
2127 1560 2370 1628 Christo;
2400 1577 2532 1635 ergo
2562 1567 2741 1623 nullus
2771 1569 2820 1622 in
2847 1585 3002 1638 pugna
3029 1585 3112 1628 cst
3145 1611 3155 1624 .
3185 1575 3229 1628 si
3255 1575 3323 1631 de
3348 1575 3638 1644 ﬁdelibus;

2054 1665 2159 1706 non
2189 1667 2316 1722 ergo
2343 1655 2579 1710 universi
2599 1658 2937 1714 viviticautur
2957 1662 3008 1716 in
3037 1663 3138 1719 fide
3164 1662 3380 1732 Christi,
3405 1669 3501 1724 sed
3527 1680 3642 1725 tau-

2054 1753 2163 1800 tum
2193 1746 2401 1812 tideles,
2435 1751 2677 1818 quamvis
2725 1767 2912 1808 omnes
2938 1757 3159 1811 omnino
3198 1759 3392 1816 virtute
3436 1763 3641 1832 ipsius,

2053 1851 2155 1904 qua
2201 1839 2399 1894 conditi
2451 1841 2696 1909 fuerant,
2739 1847 3062 1902 excitentur.
3095 1848 3152 1904 Si
3181 1865 3311 1922 ergo
3350 1853 3420 1908 de
3467 1865 3646 1911 morte

2054 1929 2296 1998 corporis
2346 1932 2598 2002 loquitur,
2626 1933 2694 1989 In
2723 1936 2890 1990 Adam
2920 1954 3090 1994 omnes
3119 1943 3406 1997 moriuntur
3424 1961 3448 1998 :
3466 1947 3644 2001 nullus

2056 2018 2160 2074 hoc
2181 2021 2396 2078 nomine
2427 2023 2691 2080 indicatur
2709 2036 2911 2094 reatus,
2935 2030 3152 2099 quando
3177 2032 3229 2086 in
3259 2034 3449 2088 eodem
3470 2035 3643 2092 Adam

2055 2119 2109 2166 et
2150 2111 2390 2169 Christus
2432 2125 2675 2173 mortuus
2718 2119 3013 2187 invenitur;
3059 2137 3234 2192 neque
3260 2125 3405 2180 enim
3455 2138 3643 2182 secuta

2054 2211 2200 2256 esset
2240 2203 2436 2259 veritas
2462 2211 2891 2276 resurrectionis,
2919 2213 3019 2266 nisi
3052 2216 3419 2282 prmcessisset
3441 2219 3644 2274 veritas

2053 2292 2262 2347 mortis.
2298 2293 2463 2363 Igitur
2508 2297 2560 2350 in
2596 2298 2764 2353 Adam
2799 2304 3107 2370 pronuntiat
3132 2306 3420 2374 Apostolus
3450 2325 3645 2366 omnes

2053 2384 2210 2437 mori.
2243 2385 2298 2441 Si
2340 2386 2455 2442 haec
2501 2403 2646 2445 mors
2678 2405 2782 2446 non
2815 2393 3014 2448 indicat
3041 2395 3180 2450 aliud
3209 2413 3368 2467 quam
3398 2403 3645 2471 corporis

2053 2474 2436 2532 resolutionem
2462 2480 2498 2543 ¹;
2526 2478 2654 2533 nihil
2677 2491 2881 2551 spectat
2899 2484 3136 2552 profecto
3162 2487 3227 2540 ad
3252 2490 3495 2544 naturale
3519 2507 3646 2560 pec-

2064 2577 2276 2635 catum,
2328 2585 2427 2625 nec
2472 2572 2761 2642 quidquam
2812 2576 3126 2645 prtejudicat
3170 2579 3563 2648 innocentibus,
3595 2587 3642 2639 si

2054 2657 2106 2712 in
2134 2659 2301 2714 Adam
2336 2662 2469 2715 mori
2500 2663 2765 2731 dicantur,
2799 2665 2852 2720 in
2889 2683 2995 2736 quo
3032 2678 3086 2723 et
3113 2669 3354 2726 Christus
3380 2684 3461 2728 est
3495 2691 3644 2735 mor-

2053 2758 2194 2805 tuus.
2227 2752 2320 2807 Sin
2352 2762 2527 2809 autem
2569 2755 2671 2810 hoc
2705 2758 2847 2826 quod
2877 2759 2971 2824 ait,
3005 2759 3072 2814 In
3098 2760 3261 2815 Adam
3281 2780 3456 2819 omnes
3483 2768 3642 2819 mori-

2053 2852 2225 2909 untur,
2254 2844 2321 2897 ad
2356 2853 2631 2914 peccatum
2659 2847 2738 2902 vis
2759 2850 2943 2914 animi,
2979 2860 3033 2906 et
3076 2866 3180 2906 non
3207 2853 3273 2907 ad
3301 2863 3532 2910 mortem
3555 2871 3645 2910 sn-

2052 2933 2182 3000 lum,
2229 2935 2322 2990 sed
2367 2936 2432 2989 ad
2465 2945 2691 2992 mortem
2720 2955 2865 2995 ream
2896 2951 2950 2996 et
2975 2944 3222 2999 miseram
3257 2947 3550 3015 pertinere,
3589 2950 3642 3004 id

2052 3033 2153 3091 est,
2184 3043 2341 3097 quam
2387 3028 2637 3098 deputata
2666 3032 2981 3088 criminibus
3005 3036 3026 3066 ³
3059 3050 3212 3104 pmna
3243 3039 3596 3108 consequitur
3625 3060 3637 3093 :

2052 3117 2104 3171 in
2153 3133 2216 3173 ea
2242 3127 2417 3174 autem
2445 3121 2694 3178 videlicet
2735 3124 2982 3194 gehenna
3029 3142 3127 3181 nec
3169 3126 3418 3184 Christus
3467 3134 3640 3201 potuit

2051 3222 2192 3274 esse,
2222 3224 2321 3264 nec
2348 3212 2518 3266 sancti
2545 3230 2557 3266 :
2584 3213 2744 3283 igitur
2771 3231 2871 3270 nec
2898 3217 3274 3273 innocentibus
3302 3222 3637 3291 prmjudicat,

2051 3299 2140 3368 qui
2170 3309 2226 3354 ut
2253 3300 2382 3354 nihil
2409 3301 2556 3368 boni,
2582 3305 2650 3357 ita
2674 3305 2801 3358 nihil
2831 3306 3261 3365 malivoluuL'Irii
3285 3312 3518 3379 habent;
3544 3319 3638 3370 sed

2051 3389 2156 3445 hoe
2179 3391 2353 3446 solum
2383 3395 2636 3461 retinent,
2669 3397 2811 3465 quod
2830 3417 2855 3448 ιι
2880 3399 2992 3454 Deo
3025 3399 3146 3456 laeti
3169 3410 3327 3467 sunt;
3359 3420 3498 3473 quos
3517 3407 3639 3476 jure

2052 3479 2393 3550 Baptismatis
2420 3498 2797 3540 consecramus
2817 3529 2832 3554 ,
2864 3498 2922 3542 ut
2963 3492 3051 3560 qui
3081 3507 3176 3546 eos
3201 3494 3328 3549 fecit
3355 3498 3640 3554 condendo

2055 3569 2266 3639 bonos,
2327 3573 2486 3630 faciat
2533 3577 2836 3634 innovando
2893 3589 2948 3635 et
3001 3583 3304 3654 adoptando
3358 3591 3636 3647 meliores.

2050 3662 2202 3728 Quod
2225 3665 2402 3735 itaque
2422 3667 2548 3722 dicit
2576 3671 2882 3739 Apostolus,
2910 3673 3052 3728 Sicut
3079 3677 3131 3730 in
3154 3679 3318 3731 Adam
3339 3697 3512 3736 omnes
3531 3700 3639 3737 mo-

2049 3754 2270 3823 riuntur,
2303 3759 2373 3811 ita
2417 3769 2463 3813 et
2506 3760 2560 3814 in
2596 3761 2796 3817 Christo
2833 3780 3004 3820 omnes
3027 3769 3412 3837 viviﬁcabuntur
3439 3789 3459 3826 :
3483 3776 3637 3831 abest

2051 3854 2253 3902 tantum
2281 3849 2349 3904 ab
2375 3850 2474 3905 ista
2514 3854 2821 3923 suSpicione
2854 3857 3088 3915 traducis
3114 3861 3443 3931 Maniehmze,
3463 3881 3638 3937 quan-

2051 3947 2160 3991 tum
2189 3939 2430 3995 Christus
2455 3957 2484 3996 a
2512 3954 2752 4013 peccato,
2796 3947 2887 4017 qui
2931 3959 2988 4004 et
3032 3951 3364 4023 iniquitatem
3397 3973 3504 4013 non
3541 3959 3640 4014 ha-

2047 4031 2181 4098 buit,
2209 4040 2264 4087 et
2287 4034 2464 4088 minus
2489 4036 2558 4090 de
2583 4036 2818 4093 hominis
2848 4050 3034 4097 natura
3067 4044 3198 4099 nihil
3227 4045 3430 4105 habuit.

2118 4123 2255 4179 Aac.
2285 4124 2422 4192 Quid
2450 4136 2552 4193 est,
2582 4128 2726 4194 quod
2757 4129 3014 4188 adversus
3042 4149 3140 4190 nos
3167 4136 3447 4208 disputans
3478 4141 3634 4210 dicis,

2059 4231 2078 4264 ‹
2111 4210 2500 4271 Confodiuntur
2529 4233 2721 4289 nempe
2748 4219 3046 4294 Manichaei,
3089 4235 3142 4283 et
3169 4238 3444 4298 peccatum
3487 4243 3636 4288 natu-

2048 4303 2159 4358 rale
2187 4303 2488 4374 credentes,
2521 4316 2575 4363 et
2601 4315 3047 4372 resurrectionem
3075 4322 3254 4374 carnis
3279 4325 3574 4392 negantes?
3609 4345 3628 4378 ι

2046 4394 2309 4467 Numquid
2337 4413 2454 4467 nos,
2488 4401 2626 4456 sicut
2653 4402 2750 4468 illi,
2780 4420 2871 4465 aut
2893 4421 3168 4476 peccatum
3200 4412 3480 4469 tribuimus
3501 4415 3637 4472 alie-

2048 4503 2130 4541 nat
2179 4499 2415 4556 natura,
2466 4501 2558 4547 aut
2611 4495 2789 4550 carnis
2838 4501 3289 4557 resurrectionem
3340 4507 3639 4576 negamus?

2047 4577 2272 4633 Prorsus
2299 4579 2572 4637 Manichaei
2621 4583 2998 4643 eonfodiautur
3037 4604 3068 4642 a
3118 4592 3291 4659 vobis,
3318 4595 3408 4663 qui
3448 4597 3634 4650 vobis-

2047 4666 2167 4724 cuiu
2216 4672 2596 4732 confodiuntur
2637 4693 2666 4731 a
2710 4679 2885 4747 nobis,
2919 4690 2973 4735 et
3014 4684 3228 4752 quando
3256 4685 3574 4755 adjuvantur
3602 4705 3632 4742 a

2048 4763 2197 4817 vobis
2223 4763 2265 4816 ³.
2298 4765 2352 4818 1η
2399 4780 2584 4824 eorum
2607 4769 2802 4841 quippe
2829 4772 3152 4843 adjutorium
3179 4775 3500 4833 discordiam
3523 4795 3640 4835 car-

2046 4855 2131 4909 nis
2149 4864 2205 4910 et
2232 4857 2451 4927 spiritus
2479 4871 2696 4931 peccato
2721 4863 2852 4918 Adae
2877 4867 3083 4936 negatis
3107 4883 3228 4923 esse
3259 4870 3594 4926 tribuendam
3619 4892 3635 4934 ;

2047 4955 2106 5000 ut
2133 4947 2208 5001 illi
2239 4947 2396 5018 hujus
2426 4952 2548 5006 mali
2580 4967 2792 5008 causam
2815 4956 3149 5025 requirentes
3177 4960 3291 5014 sive
3319 4962 3632 5032 reddenles,

2045 5039 2271 5094 alienam
2285 5042 2410 5113 mali
2423 5052 2664 5099 naturam
2681 5046 2788 5101 Deo
2805 5046 2944 5102 bono
2955 5058 3273 5113 coaeternam
3285 5055 3633 5109 commixtam

2049 5131 2204 5186 nobis
2224 5147 2346 5188 csse
2372 5134 2712 5190 concludant.
2734 5137 2972 5209 Exponis
2997 5140 3191 5198 deinde
3212 5146 3511 5214 sequentia,
3542 5146 3634 5203 ubi

2045 5223 2113 5279 de
2139 5224 2315 5277 carnis
2360 5229 2753 5283 resurrectione
2783 5231 3068 5300 Apostolus
3093 5234 3364 5304 disputat,
3399 5245 3452 5293 et
3472 5239 3630 5305 dicis,

2052 5333 2069 5365 ι
2106 5330 2209 5370 non
2238 5331 2364 5371 cum
2412 5319 2554 5389 loqui
2585 5319 2651 5373 de
2700 5323 3091 5381 resurrectione
3132 5331 3421 5394 communi,
3457 5331 3628 5387 bono-

2109 5559 2120 5622 ?
2155 5559 2439 5620 \igtticritts,
2481 5562 2894 5612 resin-rectionem
2932 5571 3060 5622 Mss,
3089 5566 3436 5620 resolutionem.

2049 5681 2062 5728 ί
2107 5621 2124 5649 ¹
2150 5621 2220 5668 sic
2242 5626 2345 5669 Mss.
2374 5623 2489 5670 Μιιί
2517 5636 2632 5672 vero
2659 5638 2762 5685 pro,
2787 5624 3096 5687 criminibus.
3122 5631 3438 5691 substituunt,
3475 5634 3625 5684 οηιηὲυ

2063 5695 2147 5729 ms.

2109 5715 2336 5805 ἶἈιὶιιιιυι
2362 5744 2508 5793 γει-ω
2533 5745 2622 5794 huc
2657 5759 2944 5800 revocamus
2969 5763 3028 5802 ex
3059 5759 3162 5805 uss.
