3958 6188
249 318 383 381 i593

246 522 632 580 transferentur
684 520 734 574 in
767 522 1007 591 gloriam.
1063 540 1081 574 ›
1117 520 1187 575 lta
1216 528 1298 577 est
1346 520 1561 591 quidem
1592 536 1606 572 :
1638 527 1815 573 tamen

246 619 313 672 de
335 614 723 670 resurrectione
750 614 991 685 corporis
1010 614 1268 684 loquitur.
1300 613 1434 668 Huic
1464 627 1593 684 ergo
1622 627 1652 668 e
1681 627 1812 668 con-

243 709 403 761 trario
431 720 575 760 mors
600 707 886 776 opponitur
921 709 1197 776 corporis,
1226 707 1431 777 eisque,
1473 706 1525 760 id
1555 714 1635 760 est
1664 705 1821 759 morti

240 796 478 866 corporis
505 805 557 850 et
576 796 978 862 resurrectioni,
1008 797 1198 868 singuli
1228 797 1617 851 distribuuntur
1632 806 1819 851 aucto-

242 898 345 949 I'CS,
378 884 622 941 homines
646 885 752 942 duo
777 905 790 941 :
820 886 1071 954 Quoniam
1095 903 1183 955 per
1203 887 1454 941 hominem
1475 902 1630 951 mors,
1662 896 1708 939 et
1729 901 1819 955 per

236 976 489 1031 hominem
521 979 815 1032 resurrectio
846 987 1175 1031 mortuorum.
1206 977 1272 1031 Et
1303 975 1402 1048 ipsi
1439 976 1684 1031 homines
1710 974 1817 1029 duo

237 1066 470 1136 propriis
490 1070 654 1123 etiam
687 1066 988 1123 ιιοιιιίιιὶὺυε
1012 1069 1405 1139 exprimuntur,
1438 1081 1499 1124 ut
1528 1067 1594 1123 de
1621 1066 1815 1138 quibus

236 1156 337 1211 hoc
367 1156 563 1212 dictum
592 1158 694 1223 sit,
724 1158 997 1214 evidenter
1036 1162 1307 1231 appareat,
1346 1166 1505 1228 atque
1549 1157 1761 1211 additur
1796 1174 1810 1212 :

196 1246 387 1328 ;Sicut
416 1249 547 1301 enim
571 1249 625 1302 i't
656 1249 816 1302 Adam
844 1266 1013 1304 autne:
1039 1250 1340 1315 moriuntur,
1372 1250 1445 1303 sic
1472 1248 1590 1322 etin
1614 1247 1814 1302 Christo

230 1353 406 1393 omnes
432 1339 834 1408 ririﬁcabuntur.
867 1340 1177 1406 Moriuntur,
1204 1341 1310 1404 ait;
1332 1354 1436 1395 non
1458 1339 1551 1406 ait,
1582 1338 1814 1394 Morien-

232 1440 352 1483 tur:
383 1445 447 1485 ex
476 1430 641 1485 altera
668 1446 795 1485 vero
810 1441 969 1502 parte
995 1450 1099 1487 non
1127 1433 1235 1498 ait,
1266 1431 1650 1497 Viviﬁcantur;
1691 1427 1810 1493 sed,

226 1523 612 1592 viviﬁcabuntur
634 1525 672 1579 ⁸.
704 1523 854 1579 Nunc
882 1527 1022 1579 enim
1052 1526 1349 1580 moriuntur
1373 1541 1437 1580 ex
1465 1538 1622 1595 poena
1644 1564 1660 1591 ,
1684 1531 1812 1577 tunc

226 1613 634 1669 viviﬁcabuntur
658 1631 723 1673 ex
763 1617 980 1686 praemio
1030 1616 1145 1671 Non
1185 1616 1362 1686 itaque
1401 1615 1469 1670 de
1516 1615 1605 1669 illa
1637 1622 1809 1669 morte

224 1718 372 1758 nunc
400 1704 667 1775 ~loquitur,
709 1723 825 1777 qua:
855 1706 1024 1760 futura
1069 1714 1150 1760 est
1176 1707 1254 1760 eis
1282 1707 1370 1778 qui
1394 1721 1513 1759 cum
1551 1707 1724 1758 anima
1755 1712 1810 1761 ct

220 1812 451 1868 corpore
473 1797 591 1870 igne
619 1799 997 1854 cruciabuntur
1032 1809 1233 1855 :eterno
1252 1817 1266 1865 ;
1296 1799 1531 1870 alioquin
1563 1817 1628 1854 cx
1661 1809 1809 1854 utra-

217 1904 325 1959 que
372 1901 516 1959 parte
562 1891 784 1945 verbum
813 1890 972 1947 futuri
1007 1892 1260 1962 temporis
1300 1900 1549 1962 poneret,
1579 1899 1633 1947 et
1667 1889 1808 1947 sicut

216 1978 378 2045 dixit,
412 1980 814 2051 viviﬁcabuntur,
848 1982 917 2035 ita
939 1982 1159 2050 diceret,
1186 1981 1498 2037 Moriemur.
1526 1980 1660 2036 Cum
1678 1995 1807 2035 vero

187 2056 373 2135 dixit,
406 2073 709 2138 moriuntur,
741 2072 882 2143 quod
909 2074 1092 2142 utique
1120 2078 1261 2128 nunc
1303 2073 1394 2140 ﬁt;
1424 2071 1807 2141 viviﬁcabuntur

212 2169 420 2226 autem,
449 2161 590 2230 quod
621 2171 745 2216 tunc
768 2163 855 2215 ﬁet
885 2180 898 2214 :
924 2164 1053 2223 satis
1077 2162 1311 2217 ostendit
1337 2177 1394 2217 se
1424 2160 1490 2217 de
1517 2163 1604 2215 illa
1630 2170 1805 2217 morte

209 2248 399 2316 agere,
433 2251 484 2301 in
513 2264 577 2303 eo
597 2250 736 2322 quod
758 2251 905 2317 dicit,
933 2250 1036 2305 Per
1063 2253 1314 2305 hominem
1345 2268 1498 2319 mors,
1529 2267 1646 2321 qua:
1683 2252 1799 2306 anis

210 2354 361 2391 mam
392 2339 635 2394 dissolvit
664 2356 691 2394 a
722 2356 883 2398 carne
913 2343 1190 2413 :quamvis
1220 2351 1270 2397 et
1297 2342 1362 2396 ad
1390 2342 1533 2397 illam
1574 2352 1802 2396 mortem

210 2428 452 2482 futuram
481 2430 501 2459 ³
530 2431 851 2500 pertineant,
884 2448 1001 2503 qua:
1030 2433 1264 2488 secunda
1293 2447 1439 2488 mors
1469 2433 1682 2499 dicitur,
1712 2433 1803 2502 qui

210 2528 422 2572 reatum
474 2535 632 2589 quem
684 2535 780 2591 per
855 2522 1023 2578 Adam
1078 2524 1422 2593 generatione
1488 2531 1798 2591 traxerunt,

211 2625 304 2677 per
371 2608 642 2664 Christum
704 2614 1109 2685 regeneratione
1175 2629 1282 2669 non
1352 2614 1587 2670 solvunt.
1647 2613 1799 2669 Nunc

209 2701 441 2767 proinde
474 2701 594 2771 quia
627 2701 693 2756 de
718 2705 1106 2759 resurrectione
1132 2704 1374 2774 corporis
1404 2706 1655 2777 loquitur,
1679 2721 1800 2778 quae

209 2790 397 2845 futura
421 2800 521 2857 est,
549 2791 635 2847 cui
663 2794 885 2862 opponit
913 2810 944 2850 e
971 2795 1240 2850 contrario
1267 2808 1499 2852 mortem
1532 2812 1794 2868 COI'le'lS,

207 2897 332 2950 qum
371 2897 512 2937 nunc
543 2886 632 2950 tit;
659 2893 710 2938 et
737 2884 842 2939 duo
871 2886 967 2940 ista
997 2888 1260 2941 contraria
1287 2889 1524 2960 singulos
1551 2894 1797 2946 auctores

209 2972 435 3038 habent,
466 2973 632 3026 Adam
661 2990 806 3030 mors
832 3018 846 3042 ,
895 2973 1164 3032 Christum
1196 2978 1515 3035 resurrectio
1555 2991 1796 3037 mortuo-

205 3077 327 3115 rum
364 3063 540 3117 :sicut
564 3063 873 3135 intelligitur
901 3067 1225 3122 resurrectio
1260 3067 1346 3121 illa
1373 3070 1690 3143 pracmialis,
1725 3058 1796 3128 ita

206 3168 335 3208 esse
356 3154 695 3226 intelligenda
716 3165 797 3211 est
815 3172 959 3213 mors
981 3158 1078 3212 ista
1099 3160 1343 3229 poenalis.
1360 3161 1586 3218 Praemio
1600 3164 1799 3236 quippe

131 3289 140 3299 .
207 3261 234 3297 a
259 3247 539 3301 contrario
568 3262 674 3302 non
696 3250 980 3319 opponitur
1011 3258 1216 3319 natura,
1253 3252 1345 3309 sed
1375 3270 1550 3324 pmna.
1583 3256 1649 3312 Et
1674 3257 1794 3312 ideo

210 3338 312 3393 isto
347 3338 487 3404 loco,
532 3340 619 3395 ubi
660 3343 980 3398 resurrectio
1024 3346 1267 3415 corporis
1310 3347 1598 3416 opponitur
1633 3349 1793 3403 morti

207 3434 476 3502 corporis,
514 3447 621 3486 non
649 3433 716 3488 de
745 3436 1011 3490 communi
1045 3437 1435 3493 resurrectione
1478 3439 1585 3511 agit
1638 3440 1786 3510 Apo-

210 3523 407 3589 stolus,
436 3539 554 3593 qua:
585 3524 649 3579 ad
670 3525 842 3594 justos
868 3534 922 3581 et
948 3526 1173 3597 injustos
1193 3529 1453 3598 pertinet;
1487 3530 1579 3585 sed
1606 3531 1674 3588 de
1701 3532 1789 3587 illa

209 3615 418 3683 potius,
458 3613 512 3667 in
552 3629 655 3685 qua
699 3624 855 3672 erunt
893 3618 981 3688 qui
1011 3618 1415 3675 viviﬁcabuntur
1455 3621 1509 3675 in
1554 3620 1789 3691 Christo,

207 3720 313 3759 non
357 3705 448 3775 qui
490 3705 880 3762 damuabuntur
903 3724 933 3763 a
959 3709 1171 3764 Christo
1204 3728 1217 3765 :
1248 3712 1489 3780 quamvis
1533 3723 1793 3785 utrosque

209 3796 324 3866 ipse
346 3810 627 3868 resurgere
657 3799 832 3866 faciat,
855 3799 1007 3870 cujus
1034 3815 1218 3855 vocem
1250 3801 1467 3857 audient
1494 3818 1679 3858 omnes
1702 3804 1822 3875 qui-

205 3883 257 3938 in
281 3888 649 3942 monumentis
672 3898 825 3955 sunt;
849 3899 902 3944 et
930 3890 1223 3960 procedent
1238 3891 1327 3963 qui
1365 3891 1502 3947 bene
1523 3892 1789 3960 fecerunt,

209 3977 263 4031 in
288 3979 736 4034 resurrectionem
762 3979 918 4045 vitae;
949 3980 1036 4050 qui
1067 3991 1247 4036 autem
1290 3982 1426 4051 mala
1451 3992 1696 4054 egerunt,
1735 3986 1788 4040 in

210 4070 660 4126 resurrectionem
681 4071 1064 4141 judieii'ann.
1090 4089 1142 4141 ν,
1180 4073 1287 4141 28,
1316 4074 1434 4144 29.)
1486 4076 1608 4133 Ideo
1641 4092 1791 4151 ergo,

210 4167 268 4213 ut
291 4159 427 4226 dixi,
458 4175 575 4216 eam
606 4161 746 4216 volui
771 4162 792 4193 ³
818 4165 1215 4232 commendare,
1245 4182 1362 4238 qua:
1389 4165 1454 4222 ad
1476 4166 1789 4224 beneﬁcium

208 4250 409 4307 Christi
445 4253 694 4323 pertinet,
724 4267 826 4311 non
854 4255 1010 4309 etiam
1048 4255 1213 4321 illam,
1241 4274 1359 4328 qua:
1386 4266 1589 4316 tantum
1615 4257 1681 4314 ad
1706 4260 1792 4330 ju.

209 4343 408 4398 dicium
435 4360 450 4409 ;
482 4353 539 4398 ut
567 4345 814 4416 quoniam
838 4346 935 4399 ista
963 4347 1246 4415 prmmialis
1277 4358 1380 4415 est,
1413 4364 1556 4404 mors
1575 4366 1790 4422 quoque

209 4433 472 4505 corporis,
498 4451 616 4504 qua:
641 4451 669 4488 a
694 4436 961 4491 contrario
992 4436 1113 4492 huic
1146 4438 1450 4508 opponitur,
1479 4441 1792 4496 ostendatur

208 4540 329 4582 esse
361 4514 603 4595 ptenalis.
627 4527 773 4584 Sicut
802 4528 944 4582 enim
967 4528 1086 4582 vita:
1112 4543 1275 4595 mors,
1300 4529 1369 4584 ita
1392 4532 1610 4601 prmmio
1634 4547 1791 4602 poena

207 4617 477 4672 contraria
500 4628 582 4672 est
605 4635 618 4669 ε
643 4632 738 4687 ρει·
758 4634 916 4689 quam
941 4634 1172 4693 pugnam,
1197 4619 1247 4673 id
1270 4629 1370 4684 est,
1389 4621 1629 4690 corporis
1649 4637 1793 4678 mor-

210 4719 338 4773 tem,
370 4710 618 4779 quouiam
656 4711 823 4764 sancti
855 4720 1117 4782 martyres
1158 4720 1496 4766 certaverunt
1518 4721 1676 4784 atque
1708 4714 1791 4767 vi-

206 4808 413 4866 cerunt,
448 4816 593 4855 mors
629 4816 814 4857 eorum
856 4801 907 4855 in
937 4817 1037 4872 qua
1077 4796 1216 4856 nunc
1252 4801 1523 4857 dormiunt
1567 4806 1617 4860 in
1664 4820 1792 4861 con-

205 4901 392 4960 spectu
435 4892 663 4957 Domini,
712 4908 819 4946 non
848 4908 946 4948 suo
986 4908 1206 4963 genere,
1252 4894 1344 4949 sed
1395 4895 1537 4949 illius
1569 4896 1818 4953 munerc'

209 4982 442 5052 pretiosa
494 4990 577 5037 est
609 4980 778 5054 (Paul.
821 4998 944 5049 cxv,
992 4984 1105 5055 t5).
1158 4984 1328 5041 Etiam
1377 5000 1547 5054 pmaa:
1597 4988 1791 5058 quippe

204 5080 546 5137 Sanctorum,
579 5074 694 5128 sine
722 5072 1053 5129 dubitatione
1089 5074 1335 5144 pretiosae
1365 5084 1489 5130 sunt
1518 5094 1533 5130 :
1561 5078 1654 5133 sed
1685 5096 1787 5133 non

203 5164 328 5231 quia
369 5164 619 5234 pretiosas
664 5174 821 5230 sunt,
856 5166 974 5220 ideo
1004 5180 1176 5236 pmnae
1205 5182 1311 5222 non
1342 5178 1495 5234 sunt;
1525 5169 1656 5224 sicut
1684 5188 1788 5225 non

271 5391 413 5455 ‘_l_toc
456 5387 575 5455 item
619 5388 724 5442 loco
754 5405 904 5455 unum
938 5403 990 5442 et
1029 5391 1236 5443 alterum
1277 5408 1501 5455 versum,
1548 5397 1733 5448 scilicet
1764 5415 1790 5451 a

206 5451 392 5526 verbis,
430 5450 720 5526 yoriinttur,
744 5454 829 5526 ait,
852 5469 913 5526 με
931 5468 1010 5516 [ue
1036 5457 1098 5507 ad
1148 5457 1371 5519 verbum,
1412 5450 1790 5526 riuiﬁcabwuur,

206 5515 496 5583 auctoritate
517 5520 645 5583 .ttss.
672 5515 985 5583 restituimus.
1208 5575 1218 5583 θ

273 5575 616 5649 χιιειιὶετίυε,
643 5575 708 5625 ad
726 5576 859 5649 illam
878 5587 1074 5632 mortem
1093 5575 1373 5645 pertineant.
1399 5585 1688 5645 Audiamus,
1716 5588 1792 5649 fu-

206 5638 386 5701 turam,
411 5648 475 5685 ex
518 5639 866 5701 manuscriptis.

275 5696 296 5730 ³
320 5702 477 5760 rorte,
500 5697 660 5751 voluit.

1600 311 1795 369 LIBER
1835 312 2125 372 SEXTUS.

245 450 359 492 rum
403 431 607 489 scilicet
657 438 708 488 et
757 430 1055 497 malorum;
1106 431 1199 488 sed
1248 446 1431 487 eorum
1464 437 1689 494 tantum,
1722 428 1815 499 qui

2013 194 2099 208 ..νν

3372 340 3511 398 1594

1932 430 2050 501 quia
2096 450 2265 503 poena:
2310 446 2461 509 sunt,
2498 440 2618 495 ideo
2649 443 2894 511 pretiosa:
2940 456 3094 514 sunt;
3126 419 3383 523 scd‘quia
3417 472 3514 525 pro

1929 523 2153 580 veritate
2175 538 2456 599 susceptae,
2472 530 2555 585 vel
2573 547 2691 587 cum
2718 534 2911 603 pietate
2938 538 3175 594 tolerata:
3194 553 3337 597 sum.
3359 523 3511 600 llunc

1929 627 2142 669 sensum
2170 632 2353 672 sanum
2379 629 2431 674 et
2457 621 2775 678 catholicum
2801 625 2844 681 si
2884 634 3117 695 teneres,
3142 647 3250 686 non
3279 634 3329 687 in
3357 649 3508 704 para-

1926 704 2098 761 disum
2133 709 2253 776 Dei,
2288 712 2387 766 hoc
2424 724 2526 778 est,
2552 715 2603 768 in
2631 715 2804 770 locum
2834 730 3138 777 sanctarum
3163 724 3506 794 deliciarum,

1877 802 1887 811 '
1926 811 2030 852 non
2052 799 2222 853 solum
2255 803 2501 857 mortium
2547 819 2752 874 pmnas,
2783 823 2964 865 verum
3004 813 3163 867 etiam
3204 816 3507 873 mortifera-

1924 901 2040 940 rum
2075 889 2432 946 valetudinum
2456 895 2711 951 mitteres.
2739 898 2924 955 Omnis
2951 911 3127 957 autem
3153 919 3305 973 ptena
3331 908 3503 963 homi-

1923 977 2008 1033 nis
2037 979 2162 1049 quid
2203 990 2302 1046 est,
2336 984 2435 1036 nisi
2465 1000 2622 1054 pinna
2652 987 2893 1059 imaginis
2922 991 3041 1045 Dei?
3066 1008 3181 1063 qua:
3209 996 3253 1049 si
3282 996 3506 1053 infertur

1922 1066 2155 1138 injuste,
2212 1070 2452 1140 profecto
2494 1090 2523 1128 a
2569 1092 2673 1146 quo
2714 1078 2950 1146 infertur,
2988 1080 3214 1152 iniustus
3243 1094 3345 1142 est.
3376 1088 3505 1156 Quis

1922 1175 2082 1228 porro
2123 1161 2327 1219 dubitet
2381 1167 2520 1235 quod
2565 1169 2760 1239 injuste
2790 1172 3044 1229 inferatur
3090 1193 3245 1247 postia
3289 1180 3504 1250 imagini

1920 1250 2034 1318 Dei,
2067 1252 2167 1307 nisi
2212 1253 2314 1310 hoc
2362 1258 2516 1327 culpa
2549 1263 2846 1317 meruerit?
2890 1264 3045 1320 Solus
3070 1248 3211 1322 enim
3247 1248 3504 1327 mediator

1919 1340 2015 1397 Dei
2042 1352 2096 1397 et
2118 1344 2415 1412 hominum,
2447 1350 2606 1403 tonio
2627 1350 2870 1408 Christus
2891 1354 3046 1411 Jesus
3067 1358 3181 1413 sine
3206 1362 3357 1431 culpa
3383 1379 3503 1432 per-

1919 1433 2035 1486 tulit
2056 1435 2072 1465 ¹
2105 1450 2339 1505 pmnam,
2373 1448 2428 1493 ut
2470 1453 2705 1509 nostram
2737 1445 2940 1501 scilicet
2986 1457 3038 1502 et
3067 1450 3276 1520 culpam
3307 1468 3501 1508 vacua-

1918 1532 2001 1579 ret
2023 1535 2076 1580 et
2105 1542 2351 1597 paruam;
2388 1547 2491 1586 non
2521 1548 2636 1588 eam
2661 1550 2873 1605 pinnam
2901 1556 3019 1608 qua:
3046 1541 3236 1598 luenda
3265 1546 3285 1576 ¹
3316 1546 3368 1601 in
3399 1546 3501 1603 hoc

1917 1615 2146 1687 maligno
2167 1620 2362 1674 sacculo
2383 1620 2498 1689 fuit,
2527 1624 2618 1678 sed
2642 1610 2757 1694 qua:
2785 1628 2939 1682 nobis
2958 1629 3253 1686 debebatur
3278 1647 3525 1693 mterna.‘

1908 1706 1981 1765 Et
2008 1716 2179 1763 tamen
2213 1710 2325 1780 ipse
2353 1713 2514 1766 etiam
2547 1724 2786 1769 nostrum
2821 1717 2870 1771 in
2907 1733 2964 1773 se
3005 1720 3249 1776 aﬁ‘ectum
3271 1766 3286 1790 ,
3328 1708 3501 1782 morte

1914 1798 2336 1869 propinquante,
2378 1803 2676 1872 suscipiens
2707 1823 2721 1858 :
2749 1805 2923 1872 Pater,
2974 1810 3163 1881 inquit,
3188 1814 3234 1867 si
3260 1814 3374 1882 ﬁeri
3401 1835 3498 1887 po-

1912 1899 2025 1957 test,
2054 1899 2332 1947 transeata
2361 1910 2440 1948 me
2484 1896 2620 1949 calix
2662 1897 2755 1951 iste
2799 1897 3009 1970 (Matt/1.
3053 1919 3196 1969 xxvn,
3240 1905 3353 1978 59).
3396 1907 3498 1975 Qui

1912 1980 2094 2051 utique
2134 1991 2449 2051 potestatem
2482 1984 2707 2039 habebat
2736 1989 2964 2056 ponendi
3007 1999 3060 2045 et
3088 1995 3330 2048 sumendi
3379 1998 3497 2052 ani-

1912 2084 2052 2123 mam
2098 2085 2247 2125 suam
2278 2089 2292 2126 :
2324 2073 2419 2128 sed
2449 2085 2709 2143 mortem,
2751 2094 2909 2148 quam
2950 2081 3091 2135 nulla
3118 2084 3269 2154 culpa
3296 2101 3494 2155 praece-

1910 2158 2089 2226 dente,
2124 2176 2221 2230 pro
2247 2162 2402 2217 nobis
2425 2164 2717 2232 voluntate,
2745 2184 2850 2223 non
2894 2171 3210 2229 necessitate
3239 2178 3493 2248 suscepit,

1913 2264 2124 2319 poenam
2150 2260 2325 2308 tamen
2356 2268 2474 2310 esse
2506 2254 2588 2311 his
2613 2257 2793 2313 verbis
2819 2260 2930 2315 suis
2953 2261 3100 2318 Deus
3126 2264 3214 2320 ille
3243 2267 3493 2337 magister

1908 2343 2164 2408 ostendit,
2199 2357 2356 2412 quam
2384 2345 2531 2400 solus
2556 2361 2652 2415 pro
2681 2359 2858 2404 nostra
2891 2351 3008 2407 sine
3038 2353 3144 2408 ulla
3173 2369 3266 2410 sua
3298 2356 3494 2428 iniqui-

1910 2439 2016 2485 tate
2044 2434 2312 2489 sustinuit.
2339 2434 2395 2490 Si
2417 2450 2546 2507 ergo
2567 2437 2667 2491 ista
2689 2439 2855 2509 gloria
2870 2442 3249 2501 misericordia:
3269 2446 3490 2513 Christi,

1907 2537 2009 2590 qua
2038 2537 2135 2592 pro
2166 2526 2318 2580 nobis
2347 2541 2561 2596 poenam
2594 2530 2708 2584 sine
2734 2531 2890 2601 culpa
2932 2536 3180 2603 pertulit,
3211 2537 3494 2609 singularis

1907 2622 2009 2678 est,
2038 2622 2098 2668 ut
2127 2630 2231 2670 non
2261 2618 2472 2687 quidem
2496 2620 2548 2673 in
2577 2635 2738 2675 carne
2764 2626 2966 2692 peccati
2991 2667 3004 2687 ,
3039 2628 3131 2681 sed
3161 2637 3379 2699 propter
3415 2632 3494 2686 si-

1906 2703 2258 2764 militudinem
2297 2708 2474 2763 carnis
2510 2715 2737 2779 peccati,
2790 2713 2840 2767 in
2867 2712 3037 2770 Adam
3080 2725 3292 2785 tamen,
3326 2736 3356 2775 a
3386 2737 3493 2792 quo

1906 2794 2180 2851 descendit
2207 2814 2335 2854 caro
2364 2804 2589 2871 peccati,
2619 2804 2778 2860 etiam
2809 2806 2920 2877 ipse
2940 2821 3278 2869 moreretur:
3305 2818 3490 2884 procul

1904 2884 2067 2942 dubio
2106 2890 2286 2945 caeteri
2334 2891 2578 2949 homines
2612 2895 2664 2949 in
2694 2895 2796 2953 hoc
2840 2899 3073 2971 maligno
3098 2904 3314 2972 szeculo,
3347 2907 3490 2977 quod

1904 2986 2054 3034 extra
2084 2981 2387 3051 paradisum
2416 2993 2520 3052 est,
2555 3001 2739 3056 ptenas
2765 3005 3126 3064 quascumque
3164 2998 3435 3065 patiuntur
3457 3016 3488 3054 a

1905 3068 2180 3125 nativitate
2207 3086 2373 3141 usque
2399 3073 2466 3127 ad
2511 3087 2739 3131 mortem
2760 3118 2776 3145 ,
2808 3079 2859 3133 in
2889 3082 3080 3150 quibus
3110 3086 3282 3154 pomis
3309 3089 3491 3160 utique

1904 3155 2177 3227 patiuntur
2200 3168 2255 3214 et
2281 3170 2506 3216 mortem
2526 3204 2540 3228 ,
2570 3179 2667 3233 pro
2697 3167 2808 3222 suis
2837 3171 3070 3238 peccatis
3099 3175 3181 3228 vel
3217 3155 3490 3233 nascendo

1905 3248 2107 3315 tractis,
2138 3250 2217 3305 vel
2239 3251 2378 3307 male
2407 3252 2632 3309 vivendo
2652 3255 2865 3325 additis,
2896 3262 3087 3316 merito
3114 3264 3374 3337 digneque
3394 3283 3489 3339 pa-

1904 3339 2107 3394 tiuntur
2134 3343 2233 3398 sub
2257 3343 2404 3414 justo
2436 3356 2491 3401 et
2536 3348 2902 3419 omnipotente
2938 3353 3148 3424 judice;
3178 3360 3266 3429 qui
3305 3361 3489 3432 utique

1902 3445 2005 3486 nec
2052 3430 2281 3499 faceret,
2329 3450 2429 3491 nec
2460 3437 2663 3493 sineret
2701 3439 2883 3496 inferri
2932 3459 3118 3513 pwnas
3171 3430 3489 3520 imaginibus
3530 3479 3536 3485 ~

1903 3525 2035 3592 suis,
2068 3526 2184 3582 sine
2213 3526 2362 3597 cujus
2387 3528 2658 3587 vohmtate
2684 3547 2782 3588 nec
2812 3550 2995 3605 passer
3019 3536 3161 3594 cadit
3183 3540 3235 3594 in
3279 3529 3475 3598 terram

1906 3615 2014 3687 (Id.
2044 3634 2097 3684 χ,
2122 3618 2238 3690 29),
2276 3621 2375 3675 nisi
2403 3620 2546 3692 juste
2570 3624 2731 3681 sciret
2756 3626 2959 3682 inferri.
2991 3628 3058 3684 Et
3077 3630 3202 3701 quid
3225 3641 3304 3687 est
3319 3632 3485 3703 juste,

1901 3710 2003 3764 nisi
2034 3712 2224 3767 merito
2253 3722 2614 3783 peccatorum,
2646 3718 2731 3772 vel
2767 3720 3156 3777 examinatione
3194 3724 3486 3790 virtutum;

1902 3803 1974 3858 ita
2006 3815 2063 3858 ut
2093 3806 2328 3860 remissis
2351 3809 2512 3862 etiam
2540 3810 2793 3879 peccatis,
2822 3812 3013 3882 pignus
3039 3814 3180 3882 quod
3201 3817 3369 3870 renati
3395 3832 3485 3872 ac~

1901 3895 2104 3959 cipiunt
2129 3895 2317 3950 salutis
2345 3908 2581 3964 (eterna),
2614 3900 2669 3953 in
2701 3900 2932 3956 futurum
2967 3907 3042 3956 eis
3070 3905 3324 3960 sacculum
3360 3924 3486 3976 pro-

1900 3985 1990 4052 sit,
2020 3986 2106 4042 hic
2126 3997 2302 4043 autem
2333 3991 2563 4058 solvant,
2597 3992 2851 4062 quidquid
2883 3993 2933 4046 in
2969 3993 3124 4064 lujus
3147 3996 3326 4050 saeculi
3364 4012 3482 4067 pa:-

1900 4078 2036 4132 nalis
2082 4079 2314 4136 vanitate
2366 4089 2421 4136 et
2469 4082 2796 4155 malignitate
2826 4083 3138 4140 solvendum
3185 4088 3306 4142 est?
3342 4080 3487 4157 Quid

1900 4176 1984 4223 est
2027 4184 2157 4240 ergo
2195 4169 2335 4240 quod
2364 4171 2531 4237 dicis,
2587 4192 2607 4226 ι
2660 4173 2783 4229 ideo
2813 4174 3069 4244 baptizari
3108 4179 3376 4247 parvulos,
3427 4193 3484 4257 ut

1899 4273 2034 4329 quos
2059 4258 2204 4316 Deus
2235 4261 2435 4317 fecerat
2464 4263 2745 4319 condendo
2766 4264 2956 4331 bonos,
2995 4264 3152 4322 faciat
3181 4268 3483 4326 innovando
3568 4280 3572 4283 ‘

1899 4361 1955 4406 et
1982 4351 2285 4422 adeptando
2335 4355 2620 4411 meliores?
2657 4375 2676 4408 ι
2711 4357 2886 4412 Bonos
2932 4358 3146 4428 quidem
3174 4358 3319 4426 fecit,
3358 4364 3480 4432 quia

1899 4443 2071 4496 omnis
2097 4451 2282 4498 natura
2328 4445 2380 4500 in
2406 4455 2661 4516 quantum
2690 4456 2883 4502 natura
2910 4457 3018 4515 est,
3051 4448 3186 4504 bona
3216 4459 3301 4505 est
3342 4470 3355 4506 :
3386 4452 3481 4510 sed

1899 4548 2033 4608 quos
2062 4535 2186 4590 fecit
2212 4535 2401 4603 bonos,
2431 4553 2537 4591 non
2561 4538 2753 4608 injuste
2784 4538 2980 4594 faceret
3008 4540 3089 4595 vel
3125 4540 3327 4617 sineret
3360 4558 3481 4600 esse

1900 4627 2144 4682 miseros.
2174 4628 2426 4696 Quamvis
2446 4626 2499 4685 et
2521 4638 2594 4695 tu,
2620 4631 2709 4701 qui
2735 4644 2828 4686 eos
2848 4630 3087 4687 innovari
3104 4632 3478 4696 dicis,ducere

1900 4727 2216 4775 vetustatem
2236 4722 2432 4778 veteris
2458 4721 2709 4789 hominis,
2733 4739 2851 4779 cum
2879 4724 2988 4780 sint
3012 4726 3280 4783 nascendo
3300 4729 3478 4800 utique

1899 4812 2044 4876 novi,
2076 4811 2320 4867 incautus
2340 4821 2393 4869 et
2422 4815 2668 4871 nesciens
2691 4815 2979 4871 conﬁteris.
3009 4815 3356 4888 Compelleris
3382 4820 3479 4891 igi-

1900 4912 1988 4959 tur
2016 4920 2176 4959 unum
2198 4919 2262 4960 ex
2295 4904 2377 4961 his
2412 4907 2578 4962 tribus
2602 4908 2819 4978 eligere,
2842 4916 2897 4961 ut
2924 4916 3015 4962 aut
3040 4909 3341 4977 paradisum
3372 4911 3466 4966 im-

1897 4996 2047 5066 pleas
2089 4997 2262 5066 poenis
2290 4995 2564 5052 hominum
2590 5012 2604 5061 ;
2634 5007 2724 5051 aut
2769 4997 3023 5075 injustum
3052 4998 3221 5055 Deum
3247 4999 3393 5058 dicas
3415 5003 3472 5059 iu

1897 5086 2073 5156 pcenis
2093 5086 2382 5156 imaginum
2405 5087 2540 5156 ejus,
2568 5101 2701 5157 quas
2724 5086 2920 5156 patitur
2948 5086 3248 5145 innocentia
3280 5106 3476 5161 parvu-

1898 5177 2102 5240 lorum;
2148 5185 2240 5232 aut
2279 5179 2398 5249 quia
2431 5178 2546 5233 lucc
2586 5177 2692 5232 duo
2734 5177 3047 5234 detestanda
3089 5189 3145 5237 et
3177 5183 3472 5242 damnanda

1898 5279 2044 5337 sunt,
2076 5284 2334 5341 agnoscas
2370 5270 2624 5341 originale
2647 5281 2921 5341 peccatum
2955 5292 2967 5329 :
3002 5283 3054 5329 et
3079 5274 3158 5330 sic
3184 5276 3469 5346 intelligas.

1899 5375 2087 5418 omnes
2115 5363 2205 5434 qui
2228 5374 2398 5419 morte
2424 5363 2664 5434 corporis
2692 5366 3010 5435 moriuntur,
3041 5368 3092 5423 in
3123 5367 3291 5453 Adam
3318 5367 3475 5435 mori,

1968 5540 1981 5571 ι
2011 5539 2146 5615 mliti.
2161 5539 2241 5615 hic
2261 5547 2311 5589 et
2335 5539 2632 5615 pauloﬂpost,
2658 5543 2757 5593 sine
2781 5544 2923 5607 culpa
2938 5542 3135 5606 protulit
3158 5543 3477 5598 mandantur

1901 5608 2111 5663 utroque
2134 5601 2239 5651 loco
2261 5616 2323 5651 ex
2348 5609 2451 5652 Mss.
2476 5601 2586 5652 ﬁde.
2620 5601 2625 5602 ⁷
2861 5601 2871 5607 ’
2938 5601 2948 5606 ’
3080 5666 3090 5675 .

1907 5663 2146 5771 madidi“,
2194 5662 2357 5713 lurida
2392 5674 2409 5713 .'
2452 5673 2675 5729 Ct‘tl'l‘ltple
2714 5680 2768 5716 ac
2805 5666 3186 5727 repugnauuhus
3222 5667 3483 5719 nummi,

1907 5736 1951 5788 pt
1962 5738 2018 5773 ts.
