3958 6188
432 391 456 446 1
467 386 570 449 595

430 498 553 568 quia
584 511 677 566 per
705 495 873 563 ipsum
904 489 1170 545 hominem
1206 490 1218 519 ‘
1251 501 1394 541 mors
1414 527 1430 553 ,
1463 484 1515 538 id
1549 493 1651 548 est,
1685 497 1776 552 per
1801 480 2008 549 culpam

431 589 546 659 ejus
570 597 620 642 et
649 598 892 656 prunam;
924 591 977 637 et
1008 595 1193 635 omnes
1229 580 1316 650 qui
1349 577 1741 632 resurrectione
1771 572 2011 642 corporis

435 696 538 734 non
567 677 909 740 damnantur,
929 673 1020 729 sed
1048 672 1400 736 viviﬁcantnr,
1426 669 1478 723 in
1499 669 1712 723 Christo
1729 664 2008 734 viviﬁcari,

433 769 554 839 quia
584 783 678 836 per
708 767 878 836 ipsum
908 764 1175 818 hominem
1207 761 1526 818 resurrectio
1563 767 1892 812 mortuorum
1914 798 1928 821 ,
1961 754 2031 809 id-

432 869 534 924 est,
578 873 672 927 per
691 858 947 926 justitiam
972 856 1086 924 ejus
1115 863 1169 909 et
1192 854 1436 924 gratiam.
1463 852 1594 920 Quia
1615 852 1756 906 enim
1787 857 1869 904 est
1896 863 2015 919 pas-

436 949 570 1004 nalis
590 950 612 980 ¹
642 946 883 1018 corporis
905 962 1070 1011 mors,
1097 945 1217 1000 ideo
1243 945 1313 998 illi
1346 943 1792 997 resurrectionem
1820 955 2014 1010 corpo-

436 1041 513 1093 ris
563 1037 931 1092 tantummodo
962 1035 1286 1108 prmmiulem
1319 1034 1338 1065 ³
1367 1031 1509 1107 (cum
1547 1033 1617 1086 sit
1658 1031 1764 1103 alia,
1805 1044 2018 1102 quoque

436 1125 710 1199 patnalis),
734 1143 763 1180 e
789 1128 1055 1182 contrario
1075 1125 1319 1184 videmus,
1339 1123 1659 1194 oppositam.

507 1216 772 1271 XXXVII.
812 1217 930 1272 JUL.
976 1215 1328 1286 Unusquisque
1369 1224 1538 1268 autem
1582 1216 1635 1269 in
1663 1231 1753 1269 suo
1797 1215 2018 1278 ordine;

435 1307 675 1378 primitiae
698 1306 944 1370 Christus,
974 1306 1153 1360 deinde
1182 1306 1234 1358 hi
1258 1305 1344 1374 qui
1369 1313 1485 1360 sunt
1508 1303 1692 1359 Christi
1727 1305 1781 1358 in
1805 1305 2021 1359 adventu

437 1398 572 1466 ejus,
603 1396 786 1452 deinde
826 1397 962 1465 ﬁnis.
995 1395 1158 1460 Idem,
1191 1402 1246 1451 ct
1271 1395 1395 1452 alibi
1427 1412 1439 1447 :
1473 1393 1574 1458 Qui
1602 1401 1672 1448 est
1713 1395 2022 1464 primogeni-

439 1499 539 1548 tus.
570 1488 759 1557 inquit,
787 1504 852 1541 ea:
893 1487 1103 1540 mortuis
1135 1485 1350 1557 (Coloss.
1380 1500 1417 1547 ι,
1451 1484 1564 1552 18).
1616 1484 1810 1538 Deinde
1852 1485 1904 1538 hi
1937 1486 2025 1558 qui

439 1587 556 1631 sunt
601 1578 786 1632 Christi
827 1593 845 1632 :
890 1578 938 1632 id
991 1588 1108 1643 cst,
1154 1578 1319 1630 sancti
1374 1579 1648 1645 rapiuntur
1693 1577 1744 1631 ir.
1795 1579 2025 1636 nubibus

443 1669 494 1737 (1
537 1669 712 1723 Thess.
749 1685 818 1735 tv,
858 1670 964 1738 17).
1001 1667 1125 1722 Post
1154 1669 1248 1723 hoc
1297 1669 1414 1738 finis
1445 1685 1463 1721 :
1493 1669 1743 1737 quoniam
1781 1670 1833 1724 hi
1877 1673 2025 1740 ibunt

444 1759 496 1812 in
527 1775 748 1829 regnum
795 1769 1075 1824 aeternum,
1108 1760 1254 1827 impii
1290 1775 1418 1813 νυνί)
1464 1759 1514 1812 in
1563 1761 1732 1828 ignem
1765 1771 2024 1817 internum

445 1847 658 1916 (Matth.
690 1865 818 1914 xxv,
847 1848 958 1919 46).
987 1849 1112 1903 Cum
1142 1847 1404 1902 tradiderit
1433 1865 1640 1919 regnum
1664 1849 1767 1904 Deo
1789 1862 1834 1904 et
1857 1849 2024 1918 Patri,

447 1956 561 1996 cum
590 1941 900 1999 evacuarerit
932 1939 952 1970 ‘
970 1957 1164 1994 omnem
1204 1941 1561 2010 principatum,
1590 1951 1638 1995 et
1666 1958 1863 1996 omnem
1892 1953 2028 2014 pote-

443 2039 648 2095 statem,
674 2039 719 2082 et
751 2031 1016 2084 virtutem:
1043 2039 1236 2098 Oportet
1282 2032 1415 2084 enim
1459 2046 1573 2084 eum
1613 2048 1842 2102 regnare,
1871 2034 2028 2086 donec

446 2131 602 2193 ponat
644 2121 872 2176 inimicos
914 2138 1084 2176 omnes
1124 2123 1218 2176 sub
1266 2123 1476 2191 pedibus
1515 2123 1672 2194 ejus:
1698 2126 1867 2177 omnia
1897 2126 2028 2179 enim

445 2212 656 2282 subjecit
675 2212 846 2266 subtus
872 2212 1022 2282 pedes
1043 2213 1184 2282 ejus;
1205 2213 1475 2266 novissima
1497 2223 1665 2268 autem
1687 2215 1922 2268 inimica'
1937 2215 2030 2269 de-

447 2311 664 2356 struetur
691 2319 845 2360 mors.
875 2301 1001 2370 Cum
1030 2312 1196 2356 autem
1225 2303 1429 2366 dixerit,
1456 2303 1642 2357 Omnia
1682 2305 1780 2359 ista
1807 2306 2031 2376 subjecta

446 2404 584 2462 sunt,
611 2395 720 2450 sine
752 2395 905 2450 dubio
944 2405 1126 2464 prwter
1163 2397 1311 2450 illum
1339 2397 1426 2466 qui
1469 2397 1548 2451 illi
1575 2398 1783 2470 subjecit
1821 2400 2030 2466 omnia:

447 2501 567 2538 nam
605 2503 718 2539 cum
743 2486 966 2558 subjecta
997 2487 1183 2558 fuerint
1209 2488 1286 2541 ilii
1314 2489 1506 2555 omnia,
1539 2498 1659 2543 tunc
1701 2499 1747 2544 et
1775 2491 1884 2560 ipse
1908 2493 2029 2558 sub-

439 2575 608 2644 jectus
633 2575 724 2628 erit
753 2577 797 2628 ei
820 2576 906 2646 qui
928 2577 1022 2632 sibi
1051 2577 1258 2646 subjecit
1289 2579 1479 2644 omnia,
1519 2589 1574 2632 ut
1601 2581 1666 2634 sit
1698 2580 1834 2636 Deus
1863 2583 2032 2639 omnia

449 2667 503 2718 in
532 2666 761 2720 omnibus
801 2665 852 2738 (ι
883 2665 1000 2720 Cor.
1033 2683 1128 2732 xv,
1158 2667 1374 2741 25-28).
1417 2669 1660 2740 Regnum
1708 2672 1802 2726 Dei
1847 2683 1900 2726 et
1928 2674 2030 2728 Pa-

452 2757 548 2811 tris
572 2767 682 2825 est,
716 2769 774 2812 ut
809 2758 1028 2828 impleto
1072 2775 1293 2813 numero
1335 2772 1640 2816 sanctorum
1683 2765 1772 2833 qui
1818 2764 1869 2819 in
1915 2768 2032 2834 ejus

453 2849 783 2916 prscscientia
813 2850 1136 2916 continetur,
1154 2850 1328 2904 omnis
1355 2852 1681 2922 principatus
1701 2861 1755 2909 et
1783 2856 2030 2911 universa

452 2940 621 2995 virtus
649 2941 970 2996 adversariae
999 2943 1279 3013 potestatis
1305 2944 1550 3000 intereat.
1581 2945 1804 3016 Oportet
1837 2949 2034 3019 quippe

451 3030 592 3085 hanc
633 3030 972 3088 efﬁcientiam
1004 3035 1131 3090 tanti
1175 3050 1296 3090 esse
1333 3038 1592 3106 mysterii,
1624 3048 1682 3093 ut
1719 3055 1905 3096 omnes
1935 3043 2034 3096 ini-

452 3118 578 3174 mici
611 3121 830 3193 justitite
859 3122 959 3179 sub
999 3123 1192 3179 divinis
1221 3125 1444 3194 pedibus
1486 3129 1834 3185 collocentur.
1881 3132 2033 3200 Quod

451 3219 576 3265 tunc
606 3212 716 3278 ﬁet,
747 3228 868 3268 cum
901 3213 1224 3271 deStructam
1255 3231 1315 3271 se
1355 3225 1409 3272 et
1450 3219 1642 3274 victam
1693 3220 1760 3275 ab
1789 3221 2035 3277 omnibus

449 3303 650 3357 sanctis
689 3319 834 3358 mors
872 3312 1071 3360 mterna
1113 3307 1426 3376 conspiciet.
1459 3308 1592 3365 Cum
1635 3319 1811 3366 autem
1841 3313 2034 3368 iuerint

450 3401 560 3446 tam
592 3393 807 3449 Christo
834 3411 991 3466 quam
1015 3397 1227 3467 corpori
1249 3398 1364 3466 ejus
1390 3401 1567 3454 omnia
1595 3402 1684 3456 illa
1716 3411 2032 3471 potestatum

450 3499 644 3552 genera
673 3487 820 3554 regni
848 3487 1278 3544 manifestatione
1311 3490 1568 3559 subjecta,
1597 3494 1766 3547 multo
1803 3496 2034 3550 maxime

452 3575 792 3643 congregatio
831 3578 1008 3634 omnis
1054 3577 1348 3648 gloriﬁcata
1395 3591 1702 3636 sanctorum
1753 3599 1873 3640 esse
1923 3587 2035 3643 Deo

454 3663 662 3717 subdita
707 3680 810 3718 non
839 3665 1093 3733 desistet;
1136 3669 1228 3723 sed
1273 3678 1438 3726 totum
1469 3687 1662 3741 corpus
1703 3674 1918 3746 dignum
1951 3694 2033 3735 rc-

451 3769 557 3824 gno
596 3755 876 3825 emlornm,
915 3759 1055 3829 quod
1101 3761 1199 3815 sub
1225 3759 1437 3818 Christo
1469 3765 1642 3834 capite
1683 3768 2030 3835 construitur,

451 3846 644 3901 divina:
675 3848 925 3904 voluntati
957 3850 1186 3920 perfecta
1211 3853 1486 3915 all'ectioue
1513 3857 1820 3926 coluerebit,
1853 3869 1911 3915 ut
1938 3878 2034 3917 ex-

451 3938 640 3994 stincta
672 3940 814 3994 omni
845 3942 1129 4012 cupiditate
1158 3946 1454 4016 culparum,
1488 3947 1628 4004 Deus
1671 3959 1726 4005 ct
1766 3953 2035 4009 contineat

451 4040 692 4094 cunctos,
732 4042 785 4084 et
815 4035 1100 4107 compleat.

523 4124 658 4178 Anc.
701 4123 754 4181 ιη
803 4123 900 4178 hac
949 4137 1098 4194 parte
1137 4128 1510 4199 disputationis
1553 4140 1657 4188 ture
1701 4134 1830 4191 nihil
1873 4151 2031 4206 pene,

452 4211 591 4282 quod
618 4212 682 4267 ad
713 4229 926 4270 causam
957 4231 1074 4285 qna:
1103 4218 1240 4274 inter
1265 4237 1364 4275 nos
1393 4224 1564 4292 agitur
1591 4226 1875 4295 pertineat,
1906 4243 2032 4297 pro-

452 4312 665 4358 secutus
694 4319 770 4358 es.
798 4303 906 4360 Cur
944 4301 1083 4360 enim
1116 4317 1282 4364 totum
1324 4311 1494 4366 locum
1524 4313 1704 4384 i’stum,
1732 4317 1821 4370 ubi
1848 4317 1915 4372 de
1945 4335 2033 4374 re-

453 4394 784 4448 surrectione
818 4396 1058 4464 corporis
1096 4398 1379 4468 Apostolus
1418 4401 1652 4470 disserit,
1689 4407 2030 4465 inserendum

453 4483 671 4552 putasti,
697 4485 794 4540 nisi
845 4499 1062 4556 pmpter
1109 4490 1236 4546 illud
1277 4492 1417 4561 quod
1461 4495 1555 4560 ait,
1583 4495 1728 4551 Sicut
1771 4501 1825 4553 in
1869 4501 2034 4560 Adam

452 4591 625 4628 omnes
653 4577 951 4642 moriuntur,
997 4579 1067 4633 ita
1109 4591 1156 4634 et
1199 4582 1248 4635 in
1280 4583 1480 4639 Christo
1510 4603 1679 4643 omnes
1707 4590 2032 4660 viviﬁcabun-

453 4665 574 4717 tur?
614 4664 746 4731 Quia
773 4668 974 4721 scilicet
1010 4673 1250 4740 corporis
1293 4685 1519 4732 mortem
1567 4694 1670 4735 non
1717 4683 1874 4737 vultis
1906 4700 2032 4753 pec-

451 4764 572 4810 cato
598 4756 752 4826 primi
795 4756 1024 4813 hominis
1055 4762 1306 4832 tribuere,
1338 4769 1430 4823 sed
1460 4782 1661 4828 natura:
1697 4793 1710 4827 :
1752 4792 1908 4844 quam
1953 4779 2033 4835 sic

452 4847 504 4904 in
531 4848 624 4904 illo
651 4848 867 4904 homine
911 4853 1083 4922 primo
1107 4854 1281 4912 dicitis
1322 4861 1635 4933 institutam,
1666 4877 1722 4923 ut
1749 4870 1866 4925 sive
1911 4889 2035 4942 pec-

451 4951 618 5009 caret,
641 4943 755 5000 sive
783 4960 886 5002 non
915 4957 1178 5017 peccaret,
1213 4953 1500 5010 moriturus
1529 4969 1690 5013 esset.
1721 4960 1873 5018 Unde
1902 4965 2032 5021 satis

453 5031 543 5086 tibi
591 5036 838 5090 existimo
867 5053 986 5093 esse
1036 5055 1370 5110 reSponsum.
1404 5046 1760 5114 Quamobrem
1811 5065 2032 5124 perter-

452 5122 628 5178 missis
654 5125 752 5193 eis,
785 5119 836 5180 in
865 5129 1054 5198 quibus
1079 5135 1403 5202 exponendis
1442 5139 1708 5208 superﬂuo
1735 5155 1785 5200 te
1811 5119 2033 5204 dilatare

1098 375 1344 435 OPEIlIS
1380 369 1800 432 l—lll‘ERFECTl-
1829 365 2098 424 CONTRA
2139 363 2504 432 JULIANUM,
2544 363 2600 419 S.
2643 363 3012 436 AUGUSTINI

3564 365 3708 421 1595

2119 474 2356 540 voluisti,
2393 474 2522 530 illud
2552 475 2690 546 quod
2720 476 2794 530 ait
2835 475 3141 545 Apostolus,
3179 473 3474 530 Novissima
3495 479 3713 534 inimica

2117 566 2400 639 destruetur
2445 584 2600 632 mors,
2641 567 3031 623 discutiendum
3082 566 3302 622 forsitan
3349 569 3441 634 sit,
3473 570 3569 652 ‘de.
3602 588 3713 642 qua

2118 667 2291 718 morte
2319 659 2390 722 sit
2417 659 2614 714 dictum
2639 675 2654 726 ;
2699 669 2878 714 utrum
2904 659 2974 714 de
3012 659 3109 713 ista
3149 675 3271 729 qua:
3301 676 3446 715 nunc
3472 673 3574 726 est,
3605 679 3714 733 qua

2119 748 2186 812 de
2211 765 2436 820 corpore
2463 750 2612 821 exire
2649 751 2824 806 anima
2862 750 3242 824 compellitur;
3273 767 3339 805 an
3381 752 3450 807 de
3479 754 3566 808 illa
3606 770 3714 824 qua

2119 843 2186 899 de
2213 859 2440 914 corpore
2473 844 2647 901 anima
2675 845 2822 900 exire
2851 859 2958 898 non
2984 843 3197 907 sinitur,
3228 845 3470 908 utsimul
3501 856 3717 907 utrum-

2121 951 2224 1005 que
2267 936 2595 1005 sempiterno
2637 935 2760 1007 igne
2804 935 3072 998 crucietur
3113 951 3127 988 :
3173 950 3293 1005 qua;
3337 950 3485 996 mors
3531 938 3719 1006 utique

2122 1025 2356 1080 nondum
2399 1034 2511 1091 est,
2541 1025 2636 1092 sed
2688 1024 2862 1080 futura
2913 1029 3037 1081 est‘:
3067 1041 3241 1096 neque
3296 1035 3425 1082 tunc
3467 1027 3719 1083 destrue-

2124 1124 2230 1183 tur,
2258 1115 2354 1170 scd
2397 1115 2573 1186 potius
2610 1129 2730 1171 esse
2767 1124 2896 1182 tunc,
2934 1116 3157 1186 incipit;
3189 1131 3348 1188 quam
3393 1133 3537 1172 mute
3584 1133 3720 1173 non-

2125 1208 2249 1268 dum
2287 1223 2407 1264 esse
2448 1208 2567 1279 quis
2613 1207 2872 1281 ambigit?
2918 1207 3048 1272 llaec
3092 1218 3292 1272 autem,
3323 1224 3445 1278 qua:
3495 1219 3620 1265 tunc
3665 1211 3719 1264 in

2126 1299 2371 1356 omnibus
2399 1313 2624 1368 corpore
2653 1297 3004 1368 morientibus
3040 1297 3425 1367 frequentatur,
3455 1301 3544 1354 cui
3589 1315 3722 1355 con-

2128 1389 2286 1445 traria
2314 1397 2396 1446 est
2424 1389 2663 1458 corporis
2699 1388 3135 1462 resnrrectiotde
3165 1399 3352 1458 quant
3384 1389 3498 1444 hzec
3538 1391 3720 1447 omnia

2128 1478 2329 1546 diceret
2375 1478 2667 1548 Apostolus
2717 1478 3059 1548 disputabat;
3111 1478 3263 1545 haec,
3315 1481 3552 1550 inquam,
3599 1497 3721 1550 qum

2128 1583 2271 1638 nunc
2299 1569 2491 1637 agitur,
2522 1572 2713 1622 usitata
2746 1576 2798 1622 et
2823 1569 3071 1624 omnibus
3096 1569 3247 1624 nobis
3273 1579 3398 1624 nota
3423 1586 3582 1631 mors.
3599 1588 3736 1649 cor:

2130 1658 2295 1729 poris,
2330 1666 2454 1712 tunc
2484 1658 2664 1727 utique
2701 1659 2989 1713 novissima
3021 1658 3348 1726 destruetur,
3378 1676 3501 1716 cum
3531 1677 3722 1716 corru-

2128 1750 2312 1820 ptihile
2354 1748 2456 1804 hoc
2503 1748 2737 1804 induerit
2779 1749 3252 1818 incorruptionem,
3279 1759 3333 1806 et
3363 1749 3589 1808 mortale
3619 1752 3724 1809 hoc

2129 1838 2361 1902 induerit
2402 1839 2850 1896 immortalitatem
2882 1840 2933 1912 (ἰ
2959 1839 3078 1894 Cor.
3119 1857 3208 1908 xv,
3261 1842 3350 1907 55,
3397 1843 3513 1915 54).
3560 1844 3718 1912 Quod

2129 1929 2314 2000 procul
2339 1927 2500 1987 dubio
2519 1928 2587 1985 de
2612 1931 3004 1986 resurrectione
3025 1933 3264 2002 corporis
3292 1948 3411 2003 quae
3441 1945 3570 1999 tune
3594 1935 3718 2002 erit,

2130 2028 2312 2073 contra
2365 2029 2592 2085 mortem
2637 2022 2876 2092 corporis
2915 2038 3035 2094 qua:
3063 2040 3204 2088 nunc
3243 2034 3343 2091 est,
3375 2026 3572 2084 dictum
3600 2044 3724 2086 esse

2130 2110 2501 2181 perspicimus.
2529 2111 2887 2184 Quapropter,
2919 2115 2963 2168 si
3003 2129 3149 2170 mors
3187 2125 3387 2170 teterna
3421 2133 3541 2188 qua:
3581 2136 3723 2174 unn-

2131 2215 2290 2269 quam
2322 2199 2438 2267 fuit,
2466 2216 2569 2264 non
2601 2210 2778 2270 potest
2813 2211 2936 2257 tunc
2971 2203 3194 2272 destrui,
3223 2207 3438 2276 quando
3465 2223 3587 2264 esse
3626 2226 3725 2280 po-

2132 2290 2239 2347 tius
2267 2290 2472 2360 incipit,
2490 2307 2590 2362 necv
2608 2308 2838 2368 unquam
2860 2293 3184 2364 destruetur,
3206 2297 3326 2366 quia
3353 2313 3566 2370 semper
3583 2300 3721 2368 erit;

2133 2389 2300 2436 restat
2327 2391 2384 2436 ut
2428 2382 2525 2437 ista
2552 2398 2671 2454 qum.
2702 2399 2842 2440 nunc
2869 2395 2970 2452 est,
2999 2386 3111 2457 ipsa
3141 2388 3449 2456 novissima,
3467 2389 3582 2462 hoc
3614 2401 3721 2458 est,

2135 2473 2186 2526 in
2221 2473 2325 2528 ﬁne
2351 2473 2674 2540 destruatur,
2703 2474 2918 2545 quando
2949 2475 3040 2532 ﬁet
3080 2480 3502 2547 resurrectione‘
3542 2481 3724 2537 carnis

2135 2570 2194 2619 ut
2222 2578 2326 2617 non
2356 2564 2443 2618 sit.
2473 2563 2641 2620 Porro
2664 2565 2884 2624 inimica
2909 2568 3176 2638 quomodo
3205 2580 3371 2637 esset,
3395 2572 3438 2625 si
3466 2574 3725 2628 naturalis

2135 2653 2204 2708 ila
2227 2662 2388 2721 esset,
2421 2661 2481 2713 ut
2524 2656 2746 2724 poenalis
2773 2671 2878 2711 non
2905 2659 3088 2714 esset?
3133 2657 3362 2716 Pmnalis
3405 2670 3582 2717 autem
3622 2664 3727 2718 sub

2129 2743 2276 2815 justo
2312 2754 2366 2801 et
2389 2747 2754 2816 omnipotente
2777 2748 2990 2818 judice‘
3035 2750 3181 2804 nullo
3226 2759 3382 2821 pacto
3419 2764 3586 2819 esset,
3617 2756 3724 2811 nisi

2136 2835 2342 2890 meritis
2374 2838 2576 2906 peccati
2603 2839 2904 2895 accidisset.
2929 2839 3044 2895 Jam
3069 2841 3281 2897 tandem
3311 2859 3524 2899 sensum
3551 2855 3725 2914 tuum.

2135 2940 2404 2996 rogamus,
2434 2928 2696 2995 emenda;
2748 2940 2802 2984 et
2850 2931 3151 2999 paradisum
3202 2933 3510 3000 beatorum,
3563 2953 3725 3008 quem

2137 3020 2310 3088 pinnis
2340 3017 2612 3073 hominum
2640 3020 3122 3091 contaminareras,
3151 3025 3367 3083 munda.
3399 3027 3511 3083 Dici
3544 3039 3727 3084 autem

2137 3125 2241 3163 non
2270 3119 2464 3179 potest,
2494 3121 2748 3180 quantum
2792 3112 2918 3166 mihi
2968 3114 3189 3184 placeat,
3225 3117 3367 3187 quod
3411 3119 3616 3186 dixisﬁ,
3660 3121 3730 3175 tu

2136 3215 2295 3269 regno
2324 3200 2564 3254 calorum
2611 3205 2836 3273 futurum
2863 3219 2990 3269 esse,
3023 3213 3076 3258 ut
3118 3208 3365 3264 exstincta
3407 3210 3546 3263 omni
3575 3211 3728 3280 cupi-

2137 3288 2295 3342 ditate
2316 3289 2600 3360 culparum,
2627 3289 2760 3346 Deus
2787 3300 2833 3346 et
2857 3293 3109 3350 contineat
3137 3307 3364 3364 cunctos,
3385 3307 3432 3351 et
3451 3301 3726 3369 compleat.

2137 3379 2180 3432 Ο
2203 3381 2402 3434 utinam
2435 3389 2538 3435 tuae
2569 3381 2723 3454 hujus
2745 3385 3022 3442 sententia:
3040 3391 3454 3449 commonitione
3483 3400 3535 3448 te
3556 3395 3729 3459 corri-

2136 3483 2252 3538 gas,
2288 3478 2340 3524 et
2378 3470 2722 3542 cupiditatem
2751 3474 3049 3544 culparum,
3080 3492 3200 3548 qua:
3244 3480 3297 3534 in
3340 3495 3504 3537 carne
3547 3495 3727 3543 nostra

2137 3574 2298 3623 nunc,
2330 3560 2490 3616 etiam
2529 3563 2791 3630 coercita,
2839 3565 2992 3622 nobis
3032 3583 3330 3639 repugnare
3372 3587 3478 3628 non
3510 3573 3728 3644 desinit,

2140 3657 2264 3706 tunc
2313 3667 2467 3726 vero,
2491 3662 2550 3708 ut
2591 3656 2889 3711 rectissime
2935 3659 3228 3730 conﬁteris,
3271 3665 3532 3720 exstincta
3581 3669 3727 3724 nulla

2138 3743 2260 3809 erit,
2280 3743 2391 3812 jam
2420 3760 2525 3799 non
2560 3754 2614 3801 te
2641 3747 2801 3802 libeat
2827 3749 3043 3806 laudare
3069 3760 3127 3805 ut
3150 3752 3366 3824 aliquod
3389 3755 3614 3823 bonum,
3633 3761 3728 3815 sed

2138 3845 2198 3889 ut
2242 3837 2437 3892 malum
2482 3839 2658 3908 potius
2703 3844 2988 3898 accusare!
3041 3843 3158 3915 Ipsa
3199 3855 3285 3902 est
3323 3850 3466 3904 enim
3509 3859 3596 3906 tua
3640 3852 3730 3908 illa

2137 3935 2404 3996 suscepta,
2436 3943 2540 3998 qua
2567 3944 2694 3986 caro
2723 3934 3052 4003 concupiscit
3087 3935 3346 3994 adversus
3374 3941 3638 4010 Spiritum,
3668 3953 3732 4008 ut

2138 4030 2359 4071 necesse
2400 4017 2470 4072 sit
2512 4018 2671 4074 etiam
2715 4021 2920 4090 Spiritui
2963 4024 3219 4082 adversus
3269 4043 3485 4085 carnem
3530 4048 3732 4096 concu-

2139 4106 2347 4176 piscere
2393 4106 2591 4178 (Galat.
2623 4126 2676 4176 v,
2711 4111 2823 4181 l7),
2866 4128 2933 4168 ne
2971 4118 3333 4174 committatur
3377 4123 3520 4178 unde
3568 4125 3732 4180 homo

2139 4195 2442 4251 damnetur.
2491 4198 2645 4266 Quod
2700 4201 2980 4259 discordiae
3043 4207 3273 4275 malum,
3325 4211 3402 4265 rei
3453 4214 3729 4284 utriusque

2139 4286 2294 4342 bona:
2319 4297 2374 4342 et
2407 4304 2436 4342 a
2477 4288 2588 4344 Deo
2617 4290 2790 4347 bono’
2816 4295 3062 4364 conditae,
3087 4297 3138 4351 id
3167 4309 3250 4354 est
3289 4303 3467 4357 carnis
3496 4314 3550 4358 et
3574 4307 3732 4374 spiri-

2141 4384 2243 4442 tus,
2272 4393 2372 4449 per
2410 4381 2898 4450 praevaricationem
2940 4386 3094 4454 primi
3129 4388 3358 4446 hominis
3398 4393 3450 4447 in
3482 4406 3733 4465 naturain

2138 4457 2362 4524 vertiSse
2387 4511 2401 4536 ,
2431 4470 2739 4540 proclamat,
2787 4490 2958 4546 neque
2985 4477 3329 4548 Manichmus,
3359 4499 3536 4554 neque
3567 4488 3734 4543 Mani-

2139 4557 2407 4612 clneorum
2451 4560 2684 4632 adjutor,
2717 4563 2810 4618 sed
2852 4566 3153 4624 destructor
3178 4571 3494 4647 Ambrosius
3527 4576 3662 4648 (Lib.
3695 4580 3730 4633 7

2139 4649 2190 4701 in
2218 4647 2342 4702 Luc.
2376 4665 2472 4716 xu,
2502 4650 2620 4722 55).

2210 4739 2497 4796 XXXVIII.
2533 4742 2653 4798 JUL.
2692 4744 2950 4817 Alioquin,
3000 4751 3194 4822 inquit,
3245 4757 3369 4823 quid
3416 4759 3603 4828 facient
3645 4765 3736 4833 qui

2142 4830 2462 4900 baptizantur
2492 4852 2584 4904 pro
2629 4841 2858 4909 mortuis,
2889 4843 2932 4896 si
2962 4846 3165 4900 omnino
3193 4853 3381 4904 mortui
3425 4869 3528 4908 non
3566 4872 3737 4910 resur-

2139 4924 2306 4994 gunt?
2341 4927 2464 4995 quid
2486 4938 2534 4984 et
2571 4929 2894 5001 baptizantur
2919 4954 3012 5007 pro
3050 4939 3197 4995 illis?
3229 4942 3366 5010 Quid
3390 4957 3438 5009 et
3481 4965 3575 5004 nos
3599 4952 3734 5021 peri,-

2139 5013 2372 5068 clitamur
2397 5019 2533 5072 omni
2561 5020 2684 5074 hora
2706 5022 2732 5076 .9
2776 5026 3010 5090 Quotidie
3037 5031 3224 5084 morior
3252 5050 3342 5102 per
3371 5013 3736 5111 restrant'glor

2139 5104 2289 5172 riam,
2318 5123 2470 5175 quam
2503 5109 2660 5168 habeo
2687 5114 2740 5168 in
2786 5115 3023 5172 Domino.
3057 5120 3116 5175 Si
3155 5125 3433 5180 secundum
3479 5104 3737 5200 hominem

2045 5280 2054 5285 ἱ
2141 5197 2360 5266 pugnavi
2386 5197 2555 5254 bestiis
2582 5200 2793 5272 Ephesi,
2821 5207 2944 5278 quid
2963 5211 3087 5264 mihi
3112 5214 3333 5282 prodest,
3354 5217 3398 5270 si
3420 5223 3609 5275 mortui
3631 5197 3738 5279 non

515 5298 629 5362 tsic
666 5305 774 5349 Mss.
807 5300 1048 5362 Athediti,
1085 5302 1344 5358 hominum.

510 5361 532 5392 ⁸
558 5367 689 5434 vos,
708 5360 936 5425 poenalis,
961 5360 1133 5414 omissa
1158 5368 1235 5418 hic
1259 5371 1308 5418 in
1343 5371 1501 5434 editis,
1548 5377 1819 5429 restituitur
1843 5396 1902 5430 ex
1932 5397 2030 5433 ma-

450 5432 970 5597 ηῃξσέιὲςὲῖῖωηαιωη.
991 5489 1159 5538 verius
1185 5497 1290 5540 Mss.
1307 5527 1321 5551 ,
1346 5497 1655 5555 pt'wntt'alem.

511 5547 532 5576 ⁸
556 5554 619 5596 Ita
731 5561 795 5597 ex
836 5557 960 5597 Port.
1009 5551 1092 5597 Alii
1128 5565 1246 5597 vero
1279 5563 1381 5597 Mss.
1407 5571 1515 5597 mm
1541 5561 1652 5597 mliti

511 5547 619 5626 tua
639 5547 795 5597 codex
836 5557 960 5626 tjprt.
1009 5551 1092 5626 Alii
1128 5565 1246 5626 vero
1279 5547 1381 5626 Mss.
1407 5571 1515 5626 cum
1541 5547 1698 5626 editis,
1730 5570 2030 5626 (variaverit:

450 5604 733 5738 mg}
777 5611 1126 5674 mitiquaverit;
1171 5615 1216 5662 id
1260 5624 1367 5676 est,
1403 5604 1698 5674 aboieeeirfif'

506 5706 1138 5818 iiﬁgnigfigsxﬁiwl‘iS-Sinm
1159 5744 1316 5818 autem
1340 5737 1610 5815 destruetur
1633 5761 1780 5818 ηιοεοε,
1823 5754 1998 5806 omisso
2013 5792 2028 5818 ν

466 5792 659 5851 aranea,
683 5792 808 5856 quod
832 5801 994 5846 tainen
1019 5801 1261 5867 repetitur
1287 5803 1333 5848 in
1357 5792 1714 5872 manuscriptis'.

2139 5301 2405 5358 resurgunt
2427 5290 2454 5345 2
2496 5291 2866 5353 Manducemus
2900 5311 2948 5354 et
2975 5301 3221 5372 bibamus,
3251 5324 3364 5363 cras
3390 5312 3524 5366 enim
3551 5316 3740 5371 morie-

2139 5395 2272 5432 mur.
2305 5381 2381 5444 Si,
2421 5383 2608 5454 inquit.
2654 5387 2751 5443 ista
2799 5406 2920 5461 spes
2969 5392 3157 5450 futura:
3202 5398 3408 5468 gloriae,
3437 5420 3540 5472 qua
3594 5407 3739 5465 Deus

2139 5473 2316 5526 omnia
2359 5474 2410 5528 in
2441 5478 2688 5534 omnibus
2732 5483 2853 5549 erit,
2884 5485 3043 5555 impia
3085 5487 3395 5547 inﬁdelitate
3435 5497 3735 5565 quatiatur,

2205 5581 2377 5656 traditi,
2403 5587 2706 5656 resurrectio.
2725 5598 3023 5656 castigantur
3049 5610 3110 5646 ex
3137 5603 3492 5656 manuscriptis.

2553 5655 2597 5699 et
2631 5642 3110 5717 omnipotente-17MB-
3116 5642 3492 5718 iiiEéZYllEé’i
3506 5701 3522 5726 ,
3562 5677 3680 5732 Deo,
3708 5686 3741 5723 τι

2139 5714 2491 5767 manuscriptis.

2139 5764 2535 5889 ηυέεὲῗὲἕριίιις,
2563 5778 2608 5823 et
2632 5785 2661 5824 α
2686 5782 2785 5842 pro
2802 5779 3021 5832 condiat.
3053 5782 3340 5850 Addidimus,
3369 5787 3504 5853 (rana,
3534 5805 3598 5844 ex
3629 5809 3738 5846 nu.
