3970 6184
176 371 288 429 {5‘37

174 489 467 553 negeturque
503 473 823 532 resurrectio
863 483 1216 540 mortuorum,
1239 471 1363 544 quid
1407 471 1603 528 facient
1631 471 1720 541 qui

175 573 475 641 baptizautur
511 582 608 638 pro
647 567 912 622 mortuis?
952 566 1115 621 Natus
1155 565 1279 619 hinc
1320 578 1472 620 error
1509 563 1722 632 aliquo-

175 679 272 719 rum
289 669 384 724 est,
412 660 703 730 pntantium
735 659 874 714 inter
896 657 1114 714 exordia
1143 656 1414 728 Evangelii
1444 671 1567 710 eum
1603 670 1721 709 mo-

177 769 270 808 lem
295 751 469 812 fuisse,
487 751 624 819 quo‘
655 757 892 804 astantes
921 764 1016 819 pro
1036 748 1382 804 cadaveribus
1404 747 1690 818 proﬁteren
1706 775 1724 786 -

175 856 262 908 tur,
283 852 335 898 et
359 855 489 912 aqua
537 841 874 910 Baptismatis
900 841 1059 894 etiam
1087 839 1456 895 defunctorum
1484 837 1722 892 membra

176 933 527 1004 perfunderent
557 948 570 985 :
612 931 752 1002 quod
782 942 1000 1001 apparet
1023 931 1092 986 de
1121 931 1380 1001 imperitia
1412 930 1721 1000 contigisse.

175 1027 267 1080 Iloc
304 1023 440 1078 enim
483 1021 624 1093 quod
655 1023 727 1076 ait
755 1023 1064 1092 Apostolus,
1093 1021 1426 1092 Baptisantur
1465 1038 1555 1090 pro
1585 1037 1725 1074 mor-

173 1117 271 1181 tuis,
289 1113 410 1169 nihil
438 1113 581 1168 aliud
609 1113 826 1179 indicat,
845 1129 1002 1185 quam
1034 1114 1162 1168 illud
1188 1113 1329 1184 quod
1356 1113 1423 1168 ad
1453 1113 1724 1168 Romanos

171 1206 303 1270 dixit,
329 1203 617 1275 Consepulti
664 1204 742 1258 illi
783 1221 956 1259 sumus
999 1221 1087 1275 per
1130 1203 1395 1274 Baptisma
1433 1204 1486 1258 in
1517 1212 1727 1257 mortem

171 1297 322 1370 (Rom.
351 1312 420 1361 vt,
442 1293 499 1367 4)
526 1313 538 1348 :
571 1295 622 1349 id
652 1302 754 1362 est,
781 1295 893 1363 Qua
921 1295 1113 1366 gratia,
1145 1288 1234 1349 tali
1262 1293 1330 1350 ad
1355 1293 1728 1364 Baptismatis’

171 1389 540 1461 susceptionem
579 1386 760 1441 animo
788 1387 1114 1462 accedimus,
1159 1395 1218 1442 ut
1263 1385 1502 1441 membra
1550 1392 1729 1438 nostra

171 1479 531 1535 mortiticemus
571 1478 624 1532 in
671 1487 966 1547 posterum,
998 1486 1055 1532 et
1100 1491 1197 1548 pro
1248 1477 1473 1532 mortuis
1511 1475 1731 1529 omnino

174 1570 422 1640 degamus,
443 1569 486 1622 si
510 1583 635 1638 spes
662 1584 767 1622 non
794 1577 898 1635 est,
918 1569 1039 1639 quia
1069 1577 1188 1638 post
1213 1577 1439 1622 mortem
1460 1566 1732 1621 vivamus?

170 1659 262 1715 Cur
296 1668 465 1715 autem
509 1667 565 1714 et
606 1659 949 1728 quotidianis,
982 1658 1170 1728 inquit,
1215 1657 1416 1720 subdor
1461 1657 1729 1727 periculis,

176 1751 220 1803 in
255 1759 472 1804 mortem
510 1749 710 1821 jugiter
747 1749 1017 1816 incidens,
1061 1764 1219 1820 quam
1265 1749 1498 1804 inferunt
1547 1763 1732 1819 perse-

169 1847 401 1908 quentes,
447 1849 509 1896 ut
558 1840 626 1896 de
681 1841 876 1894 vestris
923 1848 1047 1894 ante
1095 1840 1257 1894 Deum
1301 1839 1502 1910 possim
1556 1839 1734 1908 profe-

169 1929 323 1983 ctibus
359 1929 600 2000 gloriari,
633 1930 679 1985 si
711 1931 908 1986 mortui
938 1945 1042 1984 non
1075 1931 1396 2001 resurgunt?
1423 1929 1532 1985 Cur
1555 1938 1732 1984 autem

169 2028 213 2074 et
235 2021 518 2074 secundum
542 2021 812 2076 hominem
836 2021 1062 2092 pugnavi
1089 2021 1277 2076 bestiis
1300 2020 1518 2091 Ephesi,
1549 2019 1602 2074 id
1629 2028 1730 2085 est,

168 2125 246 2162 cur
264 2111 492 2164 sustinui
515 2110 789 2164 bestialem
812 2109 1186 2165 seditiosorum
1209 2109 1466 2175 furorem,
1485 2109 1531 2162 si
1553 2109 1730 2163 adhuc

168 2205 298 2251 nutat
323 2198 470 2268 quod
518 2199 714 2252 mortui
745 2197 1066 2268 resurgunt?
1115 2197 1292 2252 Nolite
1335 2197 1551 2252 seduci:
1578 2197 1734 2251 bonos

169 2305 310 2342 mores
353 2299 686 2358 corrumpunt
727 2290 983 2360 colloquia
1022 2290 1179 2343 mala.
1214 2288 1566 2360 Ignorantiam
1603 2290 1736 2343 enim

170 2378 247 2432 Dei
269 2378 483 2448 quidam
508 2378 690 2432 habent
718 2396 735 2433 :
769 2381 838 2432 ad
862 2380 1206 2452 confusionqm
1232 2381 1368 2434 vobis
1389 2363 1500 2434 dico
1534 2379 1585 2452 (l
1614 2379 1732 2434 Cor.

170 2485 248 2534 sv,
286 2467 505 2539 29-54).
539 2471 723 2534 Amor,
755 2471 926 2540 inquit
977 2479 1315 2539 peccatorum
1360 2471 1604 2525 diflidere
1641 2486 1736 2526 vos

170 2557 340 2613 suadet
381 2557 452 2612 de
503 2557 739 2613 futuris:
788 2569 1003 2628 putatur
1047 2575 1152 2612 non
1199 2575 1320 2614 esse
1353 2559 1633 2629 judicium,
1679 2568 1737 2615 ut

170 2648 355 2718 majore
405 2657 658 2718 peccetur
700 2648 940 2702 audacia.
971 2650 1223 2716 Omnino,
1269 2650 1456 2719 inquit,
1491 2650 1737 2704 nesciunt

174 2741 422 2795 :cstimare
464 2741 654 2804 Deum,
684 2741 774 2808 qui
804 2739 1102 2795 inﬁciantur
1139 2739 1572 2795 resurrectioni'.
1617 2740 1732 2794 Non

172 2845 282 2901 ergo
327 2831 503 2885 solum
552 2832 1068 2897 remunerationem,
1099 2831 1194 2886 sed
1241 2832 1493 2888 virtutem
1541 2831 1736 2886 divini-

175 2921 282 2978 tatis
315 2921 539 2992 negatis,
570 2921 709 2975 unde
751 2920 974 2975 nimium
1017 2921 1226 2976 debetis
1269 2923 1607 2978 erubescere.
1653 2921 1736 2977 Ad

177 3010 526 3067 confusionem
556 3011 706 3066 vobis
747 3013 892 3078 dico,
923 3025 1081 3082 posse
1109 3012 1245 3067 inter
1276 3027 1368 3067 vos
1413 3015 1544 3068 tales
1570 3026 1734 3084 quos-

177 3102 299 3171 piam
326 3103 572 3174 reperiri.

231 3195 357 3249 Aue.
394 3195 458 3248 Et
504 3193 594 3248 hic
621 3192 749 3248 nihil
779 3207 996 3263 prorsus
1029 3193 1170 3264 quod
1201 3193 1269 3249 ad
1299 3209 1411 3249 rem
1452 3194 1736 3264 pertineat,

174 3301 276 3354 qua:
300 3287 350 3340 iu
373 3296 559 3341 nostra
584 3285 974 3357 disceptatione
997 3296 1262 3354 versatur,
1293 3285 1475 3342 dicere
1504 3286 1736 3340 voluisti.

177 3375 382 3433 Proinde
407 3379 590 3434 verbis
615 3378 856 3448 Apostoli
883 3417 898 3443 ,
949 3393 1068 3448 quae
1096 3392 1193 3449 pro
1229 3388 1321 3432 tuo
1362 3389 1519 3447 captu
1549 3379 1737 3448 expia.-

175 3482 288 3524 nare
326 3481 554 3526 conatus
591 3486 682 3536 es,
737 3471 857 3541 quia
901 3485 962 3526 ea
998 3485 1115 3540 quae
1155 3469 1374 3536 dixisti,
1419 3472 1658 3540 quamvis
1687 3471 1738 3525 in

178 3563 424 3618 nonnullis
448 3578 670 3618 sensum
703 3579 810 3618 non
855 3563 1233 3636 tenuerisgejus
1261 3565 1492 3619 auctoris
1517 3606 1531 3630 ,
1563 3574 1738 3620 tamen

178 3666 269 3706 non
295 3665 414 3708 sunt
448 3663 639 3710 contra
666 3654 823 3710 fidem
844 3696 858 3721 ,
897 3669 1002 3710 non
1029 3668 1165 3723 opus
1206 3653 1376 3710 habeo
1417 3655 1742 3724 respondere

179 3745 495 3817 multiloquio
525 3757 642 3802 tuo.

239 3836 467 3893 XXXIX.
517 3838 637 3895 Jun.
687 3837 798 3894 Sed
838 3837 967 3892 dicet
1009 3837 1192 3906 aliquis
1224 3852 1243 3891 :
1271 3835 1534 3903 Quomodo
1576 3853 1744 3891 resur-

180 3936 286 3997 gunt
308 3931 488 3985 mortui
506 3932 533 3985 7
566 3946 664 4001 quo
693 3939 857 3983 autem
887 3929 940 3982 in
963 3945 1176 3999 corpore
1201 3928 1443 3983 veniunt?
1469 3927 1496 3981 I
1503 3929 1741 3999 nsipiens,

181 4027 227 4070 ιι
247 4021 371 4089 quod
404 4023 627 4077 seminus
664 4037 765 4075 non
803 4021 1083 4089 vivi/icatur
1107 4062 1122 4087 ,
1174 4021 1274 4075 nisi
1313 4021 1453 4090 prius
1479 4022 1741 4074 moriatur.

184 4108 288 4165 Non
331 4117 490 4168 omnis
528 4100 1059 4177 ceracadem'caro;
1108 4112 1212 4165 alia
1260 4112 1462 4182 quidem
1505 4112 1742 4177 hominis,

179 4203 270 4256 alia
295 4208 515 4274 pecoris;
551 4207 658 4260 alia
682 4221 800 4260 caro
825 4205 1104 4259 volatilium
1125 4247 1139 4270 ,
1172 4206 1274 4258 alia
1299 4215 1464 4260 autem
1493 4206 1704 4275 piscium
1725 4221 1744 4258 :

184 4301 223 4344 et
246 4309 445 4365 corpora
465 4296 689 4352 ctelestia
717 4306 761 4351 et
791 4297 1076 4360 terrestria;
1115 4295 1204 4351 sed
1224 4297 1327 4350 alia
1355 4297 1557 4366 quidem
1586 4297 1738 4352 caele-

183 4383 312 4438 stium
335 4388 562 4452 claritas,
588 4388 692 4441 alia
714 4403 830 4442 vero
861 4389 1209 4452 terrestrium;
1239 4389 1341 4441 alia
1367 4389 1572 4442 claritas
1599 4389 1740 4452 solis,

184 4485 226 4528 et
248 4476 344 4530 alia
365 4479 574 4533 claritas
613 4482 748 4533 lunw
767 4520 783 4544 ,
833 4489 879 4532 et
905 4479 1008 4532 alia
1035 4479 1242 4533 claritas
1268 4479 1527 4532 stellarum
1559 4479 1746 4534 :stella

185 4568 300 4621 enim
324 4587 354 4622 a
390 4571 540 4626 stella
571 4571 743 4637 di/fert
787 4571 838 4624 in
875 4571 1070 4640 gloria;
1112 4570 1183 4622 ita
1211 4579 1259 4623 et
1295 4570 1588 4624 resurrectio
1615 4587 1748 4623 mor-

186 4667 383 4714 tuorum.
435 4663 734 4717 Sentinatur
771 4666 825 4714 in
850 4661 1201 4730 corruptione,
1249 4668 1419 4730 surget
1446 4661 1748 4713 inincorru-

186 4750 338 4817 ptela;
366 4753 642 4806 seminatur
670 4753 723 4805 in
743 4751 1050 4822 ignominia,
1078 4760 1246 4821 surget
1278 4751 1330 4804 in
1359 4749 1560 4820 gloria;
1599 4750 1751 4804 semi-

187 4851 318 4896 natur
337 4844 389 4898 in
410 4843 726 4914 infirmitate,
757 4851 926 4914 surget
951 4843 1005 4896 in
1029 4843 1240 4906 virtute;
1273 4842 1550 4896 seminatur
1569 4859 1749 4913 corpus

185 4932 418 5001 animale,
455 4943 625 5005 surget
650 4950 837 5002 corpus
870 4933 1154 5002 spirituale.
1203 4933 1291 4987 Sic
1319 4933 1473 4987 etiam
1505 4934 1750 5003 scriptum

188 5030 246 5073 est
271 5039 289 5076 :
319 5021 508 5078 Factus
527 5033 599 5078 est
625 5023 773 5076 homo
809 5023 1003 5092 primus
1042 5021 1205 5075 Adam
1245 5023 1296 5075 in
1325 5023 1548 5075 animam
1580 5025 1749 5076 viven-

186 5119 292 5178 tem,
317 5115 608 5175 novissimus
639 5116 799 5168 Adam
827 5115 877 5167 in
907 5115 1140 5184 spiritum
1162 5115 1512 5182 viviﬁcantem.
1544 5115 1749 5170 Primus

189 5201 321 5256 hoino
347 5205 407 5258 de
433 5214 567 5259 terra
584 5246 601 5273 ,
634 5205 882 5259 terrestris
904 5220 924 5270 ;
952 5204 1200 5264 secundus
1225 5209 1376 5260 homo
1398 5206 1461 5260 de
1480 5207 1624 5271 caelo,
1651 5222 1750 5260 ca:—

187 5289 310 5345 lrstis
346 5309 363 5347 :
394 5295 559 5364 qualis
611 5296 858 5351 terrestris
881 5336 896 5361 ,
959 5296 1085 5349 tales
1129 5305 1176 5350 et
1220 5298 1437 5361 terreni;
1489 5307 1535 5352 et
1581 5299 1750 5369 qualis

187 5384 411 5448 celestis,
452 5388 575 5442 tales
613 5399 658 5442 et
692 5388 931 5442 ctelcstes.
965 5388 1110 5442 Sicut
1139 5391 1446 5457 portavimus
1473 5390 1745 5461 imaginem
1783 5418 1796 5430 -

189 5477 434 5543 terrestris,
453 5488 703 5547 portemus
722 5481 870 5533 etiam
888 5480 1156 5551 imaginem
1173 5482 1309 5534 illius
1331 5483 1540 5536 cazlestis
1566 5483 1612 5553 (Ι
1624 5484 1748 5547 bid.,

245 5609 597 5676 {uidex_t‘ort.,
622 5615 767 5676 quod.

183 5670 365 5781 εαξὴξξξ
397 5674 513 5724 editi
544 5670 750 5737 addunt,
796 5675 939 5727 etiam
981 5677 1330 5738 defunctorum.
1357 5679 1505 5729 Abest
1537 5694 1558 5727 ξι
1585 5693 1750 5732 manu-

243 5746 254 5775 Γ
293 5749 302 5776 l
369 5769 381 5781 .

243 5746 476 5855 ’Ἐῖἑδμι
504 5805 557 5848 At
581 5799 716 5861 editi,
740 5797 1014 5866 inﬁtiantur
1042 5799 1453 5850 resurrectionem.

1509 358 1706 416 LIBER
1744 356 2029 418 SEXTUS.

3273 366 3412 424 1598

1831 473 2043 536 55-49).
2097 473 2471 534 Diflleultatem
2519 477 2599 534 rei
2626 476 2886 549 exemplis
2909 477 3155 544 edomat,
3200 491 3254 536 et
3278 481 3412 538 dicit

1831 565 1960 619 nihil
1987 581 2106 620 esse
2145 567 2472 637 impossibile
2495 609 2512 636 ,
2551 583 2674 624 cum
2713 570 3096 640 omnipotentia
3132 573 3412 640 pollicetur

1829 653 2095 711 ell‘ectum.
2139 657 2244 712 Sed
2288 659 2425 714 sicut
2453 661 2896 716 resurrectionem
2923 676 3206 731 corporum
3243 677 3411 718 setm-

1829 759 1956 798 num
1984 747 2269 803 collatione
2308 750 2685 816 commendat,
2724 751 2796 806 ita
2826 751 2984 806 etiam
3021 757 3411 822 resurgentium

1829 833 2188 891 diversitatem
2215 847 2579 894 creaturarum
2605 841 2951 896 varietatibus
2977 842 3150 912 aperit
3186 861 3201 897 :
3243 851 3411 896 totum

1831 935 2006 983 tamen
2048 928 2283 1000 loquitur
2307 930 2374 986 de
2401 931 2796 987 resurrectione
2829 933 3125 987 beatorum.
3173 931 3412 986 Semina-

1830 1026 1929 1080 tur,
1966 1019 2168 1088 inquit,
2213 1021 2264 1073 in
2296 1021 2574 1092 ignominia
2595 1063 2608 1081 ,
2635 1032 2804 1093 surget
2833 1024 2886 1076 in
2911 1023 3074 1092 gloria
3097 1037 3116 1086 ;
3139 1023 3416 1077 seminatur

1830 1110 1882 1162 in
1908 1109 2199 1177 inﬁrmitate
2220 1153 2236 1178 ,
2272 1123 2439 1182 surget
2474 1114 2526 1167 in
2560 1114 2739 1168 virtute
2762 1131 2779 1176 ;
2804 1115 3080 1168 seminatur
3105 1131 3286 1184 corpus
3304 1116 3416 1168 ani-

1833 1204 1983 1269 male,
2006 1215 2176 1276 surget
2201 1222 2388 1276 corpus
2407 1209 2690 1277 spirituale.
2727 1208 2836 1262 Hoc
2860 1217 3007 1264 certe
3025 1210 3124 1264 nisi
3148 1209 3200 1264 in
3216 1213 3418 1264 sanctis

1834 1292 2040 1364 impleri
2072 1310 2179 1350 non
2211 1306 2387 1366 potest
2416 1315 2429 1351 :
2471 1298 2616 1366 impii
2661 1314 2872 1368 quoque
2897 1301 2915 1332 ί
2947 1315 3051 1354 non
3095 1301 3147 1354 in
3191 1300 3414 1370 gloriam

1834 1383 2165 1448 excitantur,
2205 1385 2301 1440 sed
2330 1385 2382 1440 in
2410 1387 2752 1455 opprobrium
2780 1431 2794 1454 ,
2823 1391 2960 1444 sicut
2986 1389 3242 1459 propheta
3269 1403 3412 1444 asse~

1835 1477 1923 1540 rit,
1961 1478 2345 1548 sempiternum
2379 1478 2592 1550 (Jerem.
2625 1498 2798 1546 xxm,
2839 1483 2954 1552 40).
3004 1483 3418 1552 llicopportuno

1835 1565 2137 1622 distantiam
2177 1578 2382 1623 natura:
2406 1579 2564 1639 atque
2593 1571 2778 1641 gratia:
2817 1570 2971 1637 facit,
3005 1572 3420 1640 recordaturque

1839 1656 2125 1710 testimonii
2164 1657 2364 1712 veteris
2395 1674 2501 1726 quo
2542 1659 2742 1714 dictum
2784 1669 2901 1726 est,
2946 1660 3134 1715 Factus
3166 1671 3239 1714 est
3273 1661 3422 1714 homo

1837 1746 2032 1814 primus
2061 1747 2224 1800 Adam
2249 1747 2301 1802 in
2333 1748 2555 1802 animam
2575 1749 2816 1803 viventem
2844 1766 2862 1803 :
2893 1749 3178 1819 subditque
3206 1749 3273 1804 de
3298 1764 3417 1813 suo,

1837 1840 2136 1894 novissimus
2160 1841 2325 1894 Adam
2355 1841 2407 1894 in
2434 1842 2668 1913 spiritum
2695 1842 3045 1911 viviﬁcantem.
3074 1840 3423 1910 Ostenditque

1839 1929 2255 1984 immortalitatis
2295 1930 2434 1986 dona
2479 1930 2545 1984 ad
2586 1926 2942 1985 viviﬁcantem
2979 1941 3221 2000 spiritum
3264 1930 3422 1997 perti-

1838 2034 1967 2074 nere
1997 2035 2012 2071 :
2040 2021 2270 2074 animam
2319 2035 2448 2075 vero
2493 2021 2666 2075 solum
2721 2021 3018 2087 viventem,
3065 2021 3130 2073 ad
3179 2029 3422 2073 naturam

1838 2109 2158 2180 quandoque
2207 2109 2547 2164 morientem.
2597 2109 2713 2164 Non
2753 2120 2836 2166 est
2864 2125 3024 2180 ergo,
3076 2110 3278 2178 inquit,
3322 2109 3425 2162 hoc

1838 2201 2025 2255 vivens
2063 2199 2205 2269 quod
2251 2200 2525 2255 viviﬁcans
2558 2218 2571 2255 :
2604 2201 2876 2256 viviﬁcaris
2926 2209 3051 2267 est,
3097 2199 3190 2270 qui
3217 2197 3426 2254 confert

1841 2292 2291 2348 immortalitatem
2318 2333 2332 2356 ,
2372 2307 2531 2363 quam
2569 2291 2788 2348 Christo
2827 2292 3058 2363 applicat
3089 2309 3102 2346 :
3136 2291 3320 2345 vivens
3343 2299 3426 2345 est

1839 2392 2016 2438 autem
2042 2426 2058 2450 ,
2090 2384 2178 2454 qui
2207 2385 2312 2438 vita
2345 2386 2510 2439 utitur
2533 2387 2581 2453 ’,
2613 2383 2710 2440 sed
2738 2399 2844 2438 non
2869 2382 3100 2437 excludit
3127 2381 3426 2436 mortalita-

1843 2482 1973 2528 tem.
2027 2474 2169 2542 Ergo
2199 2473 2300 2528 hoc
2345 2485 2624 2544 utramque
2669 2477 2986 2529 sententiam
3017 2471 3124 2527 line
3149 2471 3424 2538 discrevit,

1841 2573 1902 2619 ut
1931 2565 2238 2619 ostenderet
2267 2565 2438 2620 Adam
2479 2567 2674 2621 factum
2702 2580 2822 2620 esse
2848 2567 3116 2619 viventem
3141 2605 3157 2630 ,
3195 2561 3288 2617 sed
3319 2578 3425 2617 non

1845 2657 2200 2712 immortalem
2228 2674 2242 2722 ;
2290 2657 2564 2712 Christum
2595 2665 2772 2712 autem
2802 2657 2854 2711 in
2891 2656 3135 2726 spiritum
3160 2697 3174 2718 ,
3205 2671 3314 2709 non
3339 2668 3429 2709 so-

1844 2749 1952 2803 lum
1979 2749 2262 2815 viventem,
2295 2755 2477 2804 verum
2508 2750 2668 2804 etiam
2693 2748 3057 2804 conferentem
3084 2747 3429 2802 resurrectio-

1844 2855 1964 2894 nem
1983 2880 1996 2902 ,
2027 2840 2138 2893 suis
2168 2840 2452 2910 gloriosam
2479 2882 2494 2906 ,
2519 2841 2771 2895 omnibus
2795 2851 3073 2894 aeternam.

1915 2933 2050 2986 Aue.
2076 2929 2341 3001 Numquid
2371 2931 2492 2986 ideo
2513 2931 2800 2986 moriturus
2823 2930 2994 2985 fuerat
3012 2930 3201 2996 Adam,
3219 2927 3428 2984 etiamsi

1846 3035 1951 3073 non
1978 3028 2280 3088 peccasset,
2329 3021 2450 3095 quia
2490 3021 2544 3074 in
2573 3036 2800 3090 corpore
2830 3021 3079 3086 animali,
3125 3036 3230 3073 non
3272 3018 3430 3088 spiri-

1847 3109 2006 3175 tuali,
2057 3119 2170 3162 erat
2197 3110 2405 3164 factus?
2453 3111 2678 3164 Prorsus
2705 3127 2883 3176 erras,
2924 3110 2968 3164 si
3010 3119 3291 3179 propterea
3336 3123 3432 3162 ne-

1846 3214 2000 3254 cesse
2035 3199 2186 3253 nobis
2215 3213 2334 3254 esse
2361 3200 2639 3254 arbitraris
2659 3241 2674 3266 ,
2716 3199 3018 3270 paradisum
3051 3199 3142 3254 Dei
3169 3198 3432 3252 mortibus

1846 3290 2127 3361 primisque
2157 3289 2494 3344 morientium
2515 3332 2530 3355 ,
2559 3299 2832 3361 postremo
2859 3289 3168 3359 ignominia,
3205 3287 3434 3341 inﬁmi-

1853 3387 1982 3445 tate,
2014 3379 2388 3447 corruptione,
2415 3379 2470 3437 in
2503 3379 2695 3450 quibus
2721 3395 2860 3434 nunc
2883 3379 3131 3434 animalia
3159 3377 3432 3433 hominum

1848 3485 2073 3540 corpora
2117 3471 2482 3537 seminantur,
2532 3471 2772 3542 implere.
2818 3471 3044 3542 Lignum
3090 3471 3234 3526 enim
3279 3469 3427 3534 vitae,

1848 3565 1987 3632 quod
2016 3565 2066 3617 in
2113 3563 2358 3636 paradiso
2392 3579 2491 3618 suo
2530 3565 2783 3634 plantavit
2811 3565 2988 3630 Deus,
3036 3563 3196 3619 etiam
3236 3577 3435 3630 corpus

1849 3656 2078 3710 animale
2130 3655 2450 3710 defendebat
2491 3670 2520 3709 a
2566 3666 2772 3722 morte,
2817 3655 2990 3710 donec
3043 3653 3436 3726 perseverantis

1849 3746 2168 3800 obedientize
2191 3746 2383 3800 merito
2405 3785 2422 3812 ,
2452 3745 2503 3799 in
2527 3746 2746 3815 gloriam
2772 3746 3098 3815 spiritualem
3115 3785 3131 3808 ,
3163 3759 3322 3814 quam
3348 3758 3436 3798 re-

1848 3846 2134 3906 surgentes
2158 3835 2385 3890 habituri
2412 3845 2531 3890 sunt
2552 3837 2704 3904 justi,
2723 3837 2838 3890 sine
2853 3845 3023 3890 morte
3049 3836 3436 3890 interveniente

1848 3929 2118 3983 transiret.
2163 3927 2370 3982 Iustum
2402 3927 2544 3982 enim
2587 3934 2700 3982 erat
2736 3934 2795 3980 ut
2838 3927 3012 3996 imago
3040 3925 3134 3981 Dei
3164 3925 3310 3979 nullo
3348 3924 3434 3978 fu-

1849 4030 1993 4075 scata
2023 4029 2080 4075 et
2115 4019 2350 4074 obsoleta
2398 4027 2650 4089 peccato,
2698 4017 2787 4072 tali
2834 4018 3162 4073 insereretur
3199 4016 3432 4086 corpori,

1849 4109 2092 4181 quamvis
2115 4109 2182 4164 de
2205 4118 2416 4165 terrena
2445 4108 2667 4164 materie
2691 4116 2872 4163 creato
2906 4115 3066 4176 atque
3091 4106 3319 4160 formato
3335 4146 3350 4170 ,
3377 4113 3436 4158 ut

1853 4206 1902 4259 ei
1932 4203 1998 4260 de
2037 4203 2182 4274 ligno
2211 4202 2331 4257 vitae
2357 4201 2754 4256 subministrata
2789 4199 2999 4253 vivendi
3032 4197 3290 4254 stabilitas
3315 4211 3438 4266 per-

1849 4303 2126 4359 maneret;
2157 4308 2220 4348 ac
2259 4294 2460 4348 viveret
2503 4291 2714 4346 interim
2745 4305 2842 4362 per
2873 4291 3104 4346 animam
3144 4290 3432 4364 viventem,

1851 4401 2010 4456 quam
2037 4385 2179 4439 nulla
2208 4385 2274 4438 ab
2315 4384 2403 4438 illo
2444 4382 2732 4439 necessitas
2761 4391 3035 4452 separaret
3059 4397 3072 4445 ;
3103 4387 3266 4446 atque
3290 4377 3433 4444 inde,

1851 4485 2070 4545 propter
2089 4475 2446 4530 obedientiam
2472 4473 2810 4538 custoditam,
2853 4472 2918 4526 ad
2954 4471 3305 4524 viviﬁcantem
3327 4470 3438 4538 spi-

1853 4569 2011 4622 ritum
2045 4567 2392 4638 perveniret,
2439 4568 2507 4620 ita
2536 4574 2592 4619 ut
2632 4581 2737 4618 non
2783 4565 2832 4618 ei
2881 4562 3283 4618 subtraheretur
3323 4561 3438 4616 lucc

1853 4661 1957 4714 vita
1987 4662 2160 4715 minor
2183 4701 2197 4721 .
2244 4659 2332 4713 ubi
2355 4667 2409 4712 et
2434 4659 2568 4711 mori
2598 4663 2784 4711 etnon
2815 4638 2950 4710 mori
2989 4662 3191 4724 posset,
3229 4652 3323 4708 sed
3351 4652 3436 4707 illa

1855 4751 2082 4820 amplior
2106 4749 2426 4815 adderetur,
2453 4745 2538 4802 ubi
2570 4747 2775 4802 viveret
2801 4747 2917 4801 sine
2947 4746 3103 4799 ullius
3127 4745 3252 4814 ligni
3277 4743 3439 4798 benc-

1857 4839 1976 4894 ficio
1997 4881 2012 4906 ,
2044 4830 2289 4908 morique
2316 4852 2420 4892 non
2461 4845 2661 4908 posset.
2704 4827 2833 4891 Nam
2864 4851 3044 4906 quacro
3068 4853 3097 4888 a
3127 4843 3178 4889 te
3204 4835 3257 4888 in
3297 4833 3437 4903 quali

1855 4945 2080 5000 corpore
2111 4943 2252 4984 nunc
2276 4944 2396 4984 esse
2435 4929 2708 4984 existimes
2749 4929 2915 4982 Etiam
2954 4936 3008 4980 et
3047 4925 3266 4990 Enoch;
3320 4927 3438 4978 ani-
3531 4957 3538 4962 -

1857 5022 1980 5075 mali
1999 5063 2013 5083 ,
2049 5036 2115 5075 an
2144 5020 2442 5090 spirituali?
2467 5018 2522 5074 Si
2553 5019 2780 5082 dixeris,
2814 5017 3037 5071 Animali
3067 5033 3080 5069 :
3104 5030 3200 5071 cur
3228 5031 3334 5070 non
3360 5015 3440 5071 vis

1857 5111 2078 5167 credere
2105 5111 2272 5166 Adam
2291 5151 2305 5177 ,
2331 5119 2386 5166 et
2414 5111 2580 5165 Evam
2602 5149 2618 5176 ,
2643 5117 2698 5164 et
2725 5117 2968 5180 posteros
2990 5121 3173 5163 eorum
3191 5147 3207 5174 ,
3231 5108 3274 5161 si
3301 5121 3439 5176 prte-

1859 5214 2068 5272 ceptum
2102 5203 2192 5256 Dei
2220 5202 2363 5256 nulla
2402 5201 2834 5272 przevaricatione
2863 5198 3156 5265 violarent,
3200 5196 3440 5269 quamvis

1862 5295 1913 5348 in
1943 5308 2169 5362 corpore
2194 5293 2406 5346 animali
2433 5334 2448 5358 ,
2480 5292 2548 5345 ita
2579 5290 2742 5346 fuisse
2767 5291 3031 5354 victuros,
3061 5299 3118 5344 ut
3147 5304 3286 5343 nunc
3313 5287 3335 5319 ³
3362 5285 3442 5340 vi-

1862 5395 1992 5439 vunt
2022 5385 2145 5438 isti?
2174 5382 2614 5453 Quandoquidem
2647 5383 2713 5436 ibi
2743 5390 2894 5436 erant
2922 5381 3017 5444 illi,
3061 5394 3168 5450 quo
3197 5375 3436 5431 translati

1862 5485 1986 5532 sunt
2025 5475 2150 5541 isti;
2201 5485 2255 5529 et
2301 5473 2408 5528 illic
2451 5473 2634 5528 vivunt
2680 5473 2800 5540 isti,
2842 5471 2985 5526 unde
3021 5481 3076 5524 ut
3105 5474 3440 5523 morerentur

1863 5566 2016 5638 ejecti
2060 5576 2183 5621 sunt
2225 5565 2318 5619 illi.
2370 5564 2655 5635 Corporale
2697 5579 2921 5636 namque
2961 5563 3157 5632 lignum
3200 5558 3322 5614 vitae
3365 5555 3441 5612 sic

1929 5680 2128 5747 '.".°“.‘?*
2151 5679 2345 5747 WW?’
2481 5735 2492 5745 .
2528 5735 2539 5747 .

1939 5739 2044 5787 ἐκ
2067 5745 2173 5786 Mss.
2195 5743 2246 5788 ta
2267 5739 2426 5794 κίστη..
2445 5739 2575 5787 vivit.

1943 5801 1965 5834 ι
1979 5799 2262 5863 \‘ignicrius,
2285 5809 2396 5849 non.
2413 5800 2475 5848 At
2498 5801 2626 5855 Mssa
2648 5808 2791 5847 ututs.
