3958 6188
515 361 655 420 1599

513 479 677 531 vitam
717 468 1150 529 subministrabat
1190 466 1508 539 corporibus
1547 461 1900 524 animalibus,
1947 459 2086 514 sicut

433 596 437 600 ~
515 564 785 634 spirituale
812 563 1008 631 lignum
1037 559 1191 622 vita,
1218 556 1361 628 quod
1391 563 1473 611 est
1500 554 1593 609 Dei
1618 552 1899 623 sapientia,
1928 549 2090 603 vitam

514 656 802 711 salutifera:
845 651 1102 707 doctrinm
1146 649 1344 704 sanctis
1389 645 1656 702 mentibus
1699 641 2089 698 subministrat.

518 747 666 803 Unde
702 745 939 799 nonnulli
970 743 1267 798 divinorum
1295 739 1627 810 eloquiorum
1651 736 1809 790 etiam
1845 729 2095 820 catholici

518 843 832 890 tractatores
863 832 1164 902 paradisum
1208 829 1533 901 Spiritualem
1556 822 1952 880 'commeudare
1976 834 2093 875 ma-

517 926 763 988 luerunt;
796 937 900 979 non
926 932 1101 977 tamen
1130 920 1367 976 historiae
1403 918 1713 973 resistentes
1731 956 1747 981 ,
1777 928 1894 984 qua:
1918 921 2101 966 osten—

517 1015 595 1071 dit
636 1015 937 1071 evidentius
976 1013 1327 1085 corporalem.
1375 1010 1431 1065 Si
1474 1022 1602 1063 vero
1651 1004 1831 1061 Enoch
1870 1011 1926 1059 et
1967 1001 2097 1055 Elim

519 1106 794 1174 spirituale
810 1106 918 1175 jam
943 1119 1136 1172 corpus
1165 1117 1284 1158 esse
1308 1099 1652 1170 responderis
1684 1116 1698 1152 :
1729 1112 1824 1151 cur
1853 1110 1957 1149 non
1988 1093 2098 1164 pri-

522 1214 731 1251 morum
768 1196 1044 1251 hominum
1067 1237 1083 1261 ,
1133 1204 1397 1250 eteorum
1425 1194 1515 1262 qui
1552 1207 1619 1247 ex
1646 1191 1751 1247 illis
1785 1204 1881 1259 per
1904 1187 2099 1242 seriem

521 1289 876 1343 successionis
895 1295 1265 1351 nascerentur,
1294 1285 1338 1341 si
1365 1284 1566 1339 nullum
1599 1290 1871 1352 peceatum
1900 1280 2101 1334 existe-

522 1386 624 1443 ret,
653 1377 792 1447 quod
820 1378 943 1432 illos
962 1394 991 1431 a
1018 1377 1159 1447 ligno
1186 1375 1307 1429 vita:
1336 1374 1526 1428 merito
1550 1379 1843 1442 separaret,
1874 1368 2103 1423 animale

524 1478 721 1533 corpus
779 1467 830 1519 in
880 1465 1156 1535 Spiritualc
1214 1463 1451 1533 potuisse
1497 1460 1723 1515 transire
1767 1458 1884 1513 sine
1928 1464 2104 1512 morte

523 1553 699 1611 media
724 1554 992 1609 conﬁteris
1021 1554 1072 1618 ¹,
1105 1569 1172 1608 ne
1201 1552 1498 1622 paradisum
1526 1550 1656 1619 Dei,
1696 1565 1765 1604 ne
1791 1550 1966 1604 locum
1987 1547 2104 1602 l'eli-

522 1644 665 1698 cium
691 1644 1023 1714 gaudiorum,
1051 1645 1225 1714 pmnis
1248 1643 1496 1697 mortium
1522 1642 1717 1712 atque’
1733 1639 2098 1705 morientium,

524 1742 580 1788 et
604 1734 1077 1789 innumerabilibus
1107 1735 1498 1788 mortiferorum
1537 1732 1843 1787 morborum
1867 1730 2108 1787 cruciati-

524 1822 626 1878 bus
643 1822 863 1892 implere
886 1823 1131 1893 cogaris?

599 1912 712 1966 XL.
737 1912 855 1968 Jun.
901 1913 1005 1968 Sed
1031 1931 1132 1968 non
1158 1915 1372 1985 primum
1394 1956 1408 1982 ,
1452 1914 1652 1984 inquit,
1680 1912 1816 1983 quod
1843 1910 2107 1983 spirituale

522 2012 632 2068 est;
679 2003 769 2057 sed
805 2004 940 2072 quod
975 2004 1237 2060 animate:
1265 2005 1483 2071 deinde,
1529 2005 1663 2075 quod
1704 2003 1969 2071 spirituale
2008 2009 2102 2057 est.

524 2090 734 2149 Primus
772 2095 920 2149 homo
954 2097 1019 2150 de
1059 2109 1191 2150 terra
1214 2138 1228 2162 ,
1265 2100 1545 2161 terrestris;
1586 2097 1834 2151 secundus
1863 2095 2015 2149 homo
2043 2093 2107 2148 de

521 2185 648 2249 calo
671 2227 686 2253 ,
734 2186 947 2241 caelestis
978 2203 997 2241 :
1023 2188 1153 2241 sicut
1186 2190 1492 2258 portavimus
1529 2188 1802 2258 imaginem
1838 2185 2103 2252 terrestris,

524 2284 779 2342 portemus
825 2285 871 2331 et
909 2278 1177 2349 imaginem
1215 2279 1354 2333 illius
1397 2280 1627 2335 caelestis.
1681 2279 1878 2348 Aperte
1915 2292 2106 2346 nempe

524 2368 717 2425 transit
763 2368 829 2422 ad
874 2369 1089 2433 studia,
1141 2370 1362 2439 vultque
1415 2380 1617 2423 tantum
1663 2370 1921 2424 interesse
1967 2368 2105 2422 inter

524 2458 848 2524 prasteritam
897 2468 1132 2514 nostram
1175 2468 1230 2515 ct
1261 2470 1577 2529 praesentem
1620 2460 2100 2525 conversationem,

520 2556 776 2615 quantum
816 2548 1037 2603 interest
1063 2549 1201 2603 inter
1237 2550 1614 2605 mortalitatem
1632 2548 1698 2605 'ct
1733 2550 2105 2604 immortalita-

524 2644 654 2689 tem.
685 2635 908 2701 Primus,
941 2637 1132 2708 inquit,
1165 2639 1314 2693 homo
1340 2640 1403 2693 de
1432 2650 1586 2707 terra,
1615 2640 1898 2702 terrestris;
1922 2655 2101 2692 secun-

522 2728 621 2781 dus
660 2729 809 2782 homo
843 2729 907 2782 de
932 2729 1056 2783 caelo
1079 2771 1095 2793 ,
1137 2731 1348 2786 caelestis
1379 2746 1398 2784 :
1437 2732 1650 2786 nomine
1686 2730 2101 2785 substantiarutn

523 2819 779 2888 propositi
814 2819 1012 2873 indicat
1037 2820 1418 2875 diversitatem.
1454 2821 1638 2891 Neque
1674 2822 1814 2876 enim
1840 2821 2100 2888 Christus,

522 2925 682 2978 quem
728 2910 994 2966 hominem
1041 2912 1312 2968 caelestem
1353 2922 1540 2981 vocat,
1588 2928 1800 2969 carnem
1845 2929 1992 2968 suam
2035 2912 2102 2967 de

520 3002 661 3056 caelo
690 3002 970 3071 deposuit,
1011 3018 1169 3074 quam
1208 3004 1277 3061 de
1307 3006 1511 3060 semine
1552 3004 1750 3069 David,
1795 3004 1864 3059 de
1901 3004 2103 3060 semine

523 3093 716 3158 Adam,
747 3103 802 3149 et
826 3094 964 3150 intra
992 3097 1272 3151 mulierem
1301 3096 1369 3151 de
1396 3097 1636 3152 mulieris
1663 3111 1822 3152 carne
1848 3096 2100 3166 suscepit.

521 3180 855 3239 Terrestrem
901 3199 1031 3254 ergo
1069 3193 1125 3240 et
1164 3186 1438 3245 caelestem
1486 3186 1648 3242 refert
1684 3186 1751 3241 ad
1788 3186 2008 3241 virtutes
2049 3194 2106 3242 et

519 3273 668 3328 vitia.
716 3274 956 3345 Denique
991 3278 1232 3347 sequitur
1262 3295 1278 3333 :
1310 3277 1455 3335 Sicut
1493 3281 1800 3350 portavimus
1835 3279 2103 3349 imaginem

520 3366 806 3428 terrestris;
861 3376 1115 3436 portemus
1169 3369 1317 3422 etiam
1366 3370 1637 3440 imaginem
1683 3369 1822 3424 illius
1871 3371 2101 3424 celestis.

521 3455 613 3510 Sic
636 3464 691 3510 ct
713 3456 780 3510 ad
812 3456 1080 3513 Romanos
1112 3475 1126 3512 :
1161 3458 1453 3513 Humanum
1502 3469 1573 3514 est
1618 3462 1755 3531 quod
1796 3462 1941 3525 dico,
1980 3478 2101 3531 pro-

522 3552 635 3611 pter
658 3544 999 3612 infirmitatem
1025 3549 1193 3602 carnis
1224 3557 1400 3601 uestra:
1427 3565 1448 3602 :
1474 3550 1603 3602 sicut
1640 3550 1771 3603 enim
1812 3551 2103 3605 exlzibuistis

522 3635 745 3689 membra
767 3645 928 3689 vestra
960 3639 1144 3692 servire
1170 3639 1533 3704 inmunditiae,
1571 3649 1618 3693 et
1642 3641 1894 3711 iniquitati
1911 3642 1980 3694 ad
1998 3642 2099 3695 ini-

521 3726 797 3791 qvitatem;
830 3728 901 3781 ita
937 3745 1070 3783 nunc
1098 3731 1324 3785 eat/libate
1349 3732 1568 3785 membra
1608 3742 1769 3786 vestra
1804 3734 1989 3787 seruire
2007 3734 2102 3803 ju-

521 3814 670 3869 stitiae
694 3816 746 3870 in
765 3819 1216 3886 sanctiﬁcationem
1245 3821 1418 3893 (Rom.
1442 3839 1514 3887 v1,
1548 3823 1656 3893 l9)‘.
1681 3823 1946 3878 Tcnorem
1963 3838 2102 3896 vero

521 3920 751 3976 sequens
781 3907 1166 3966 exhortationis
1193 3922 1479 3981 assumpta:
1504 3956 1519 3981 ,
1565 3913 1777 3980 subdit,
1820 3913 1960 3984 quod
2000 3913 2101 3969 nisi

523 3995 885 4067 intelligatur,
934 4002 1111 4056 omnia
1154 4003 1270 4072 ejus
1314 4003 1578 4060 videbitur
1620 4005 1759 4060 dicta
1800 4005 2100 4063 subruere:

525 4084 637 4153 Hoc
653 4106 772 4157 ergo
792 4090 924 4155 dico,
957 4096 1159 4164 fratres,
1189 4096 1308 4163 quia
1330 4112 1457 4150 caro
1476 4105 1520 4149 et
1539 4098 1745 4168 sanguis
1768 4114 1977 4168 regnum
2004 4097 2101 4154 Dei

520 4180 777 4251 possidere
804 4198 903 4236 non
928 4193 1137 4252 possunt
1154 4227 1169 4250 ,
1203 4202 1293 4239 nec
1326 4188 1706 4257 perpetuitatem
1727 4188 1955 4243 interitus
1979 4205 2098 4259 pos-

518 4270 716 4334 sidebit.
746 4271 949 4343 Nempe
974 4274 1024 4328 in
1056 4274 1138 4329 his
1159 4275 1310 4342 locis,
1335 4277 1387 4331 in
1403 4278 1595 4346 quibus
1621 4278 1751 4332 nihil
1772 4278 1913 4334 aliud
1939 4294 2100 4349 quam

518 4358 585 4427 de
608 4360 917 4418 afﬁrmando
943 4365 1120 4420 carnis
1144 4366 1534 4421 resurrectione
1559 4367 1911 4435 laboraverat,
1939 4385 2101 4440 quam

517 4448 726 4517 dixerat
751 4452 800 4506 in
833 4453 979 4523 regni
1007 4453 1174 4523 gloria
1190 4453 1572 4523 collocandam,
1599 4470 1743 4515 nunc
1769 4464 2097 4532 p‘mnuntiat,

516 4539 634 4615 quia
662 4555 782 4593 caro
818 4550 865 4595 et
890 4542 1103 4615 sanguis
1126 4558 1336 4618 regnum
1356 4546 1451 4601 Dei
1474 4547 1728 4617 possidere
1749 4566 1846 4604 non
1870 4562 2096 4621 possunt.

516 4625 575 4687 Si
615 4641 744 4685 caro
772 4647 879 4687 non
909 4624 1188 4704 possidet,
1233 4636 1280 4691 si
1319 4638 1536 4709 sanguis
1561 4654 1667 4694 non
1706 4641 1976 4711 possidet,
2009 4642 2098 4698 ubi

517 4726 620 4787 est,
651 4719 801 4789 cujus
829 4736 987 4791 supra
1020 4738 1266 4794 pompam
1293 4737 1573 4797 regenerat
1600 4731 1920 4787 resurrectio
1949 4748 2101 4788 mor-

515 4812 761 4867 tuorum?
808 4813 1002 4870 Verum
1032 4815 1518 4888 Scripturznmorc,
1548 4836 1763 4878 carnem
1788 4833 1845 4880 et
1877 4826 2096 4896 sangui-

516 4917 670 4971 nem,
700 4905 847 4971 vitia,
879 4921 985 4962 non
1015 4908 1364 4966 substantiam
1393 4914 1704 4971 nominavit.
1735 4916 1971 4989 Denique
1995 4919 2096 4976 hoc

517 4992 653 5048 idem
683 4998 890 5066 aperuit
919 5014 933 5052 :
964 4997 1096 5055 Ecce
1130 5002 1422 5072 mysterium
1437 5004 1574 5060 vobis
1599 5007 1710 5061 dico
1738 5024 1758 5062 :
1785 5025 1956 5063 omnes
1978 5010 2094 5079 qui-

516 5082 633 5136 dem
667 5101 982 5157 resurgcmus
1004 5131 1019 5155 ,
1059 5092 1149 5146 sed
1172 5109 1273 5147 non
1299 5109 1473 5149 omnes
1500 5096 1896 5154 immutabimur.
1929 5100 2093 5155 Intel-

516 5172 643 5227 lexit
668 5188 729 5229 se
757 5179 1007 5246 magister
1032 5183 1276 5253 egregius
1298 5227 1314 5252 ,
1353 5201 1514 5256 supra
1549 5186 1860 5243 beatitudini
1889 5199 2092 5247 tantum

513 5265 703 5322 lutum
722 5271 1125 5328 resurrectionis
1152 5276 1464 5332 vocabulum
1495 5277 1790 5335 vindicasse
1811 5280 1866 5346 ³;
1899 5288 1953 5337 et
1972 5280 2094 5337 ideo

514 5445 687 5560 ﬁt;
703 5453 813 5498 uss.
833 5454 888 5500 Αι
903 5447 1038 5511 editi,
1060 5456 1209 5513 morte
1231 5453 1529 5519 mediatoris,
1545 5456 1749 5519 habent;
1773 5469 1968 5520 omaso,
1983 5470 2095 5510 con-

575 5571 596 5642 f
621 5571 736 5623 Editi
774 5571 1026 5634 omittunt,
1067 5569 1292 5624 mortium
1312 5583 1471 5642 atque.
1505 5579 1596 5630 sed
1620 5579 1804 5631 habent
1823 5573 2107 5633 manuscri-'

532 5648 543 5673 ι
569 5638 598 5678 ⁷,
1375 5638 1383 5642 ·

513 5638 814 5767 ἱιέβρεμες.
839 5698 887 5744 ιη
913 5697 1071 5767 \'i_gn_.,
1086 5707 1236 5767 suprg
1248 5695 1585 5757 beatitudinem
1616 5710 1796 5757 tantum
1820 5704 1995 5766 futura
2012 5717 2091 5756 rc-

515 5756 819 5815 surrcctionis
841 5756 1114 5823 iocandum
1133 5756 1387 5821 indicasse.

1088 360 1112 379 ‘
1144 351 1390 410 OPERl-S
1427 346 1836 405 lMl’EliFECTl
1876 345 2146 402 CONTRA
2183 341 2539 412 JULIANUM,
2578 343 2634 400 S.
2679 342 3047 401 AUGUSTINI

3641 348 3776 408 1600

2206 456 2329 511 illud
2348 472 2415 512 nc
2433 456 2737 528 ambiguum
2757 465 3081 524 remaneret,
3100 456 3347 521 absolvit,
3378 458 3567 515 Omnes
3583 458 3783 528 quidem

2201 535 2556 616 resurgentus,’
2605 562 2733 602 ecce
2767 562 2886 617 quae
2923 555 3008 603 est
3041 547 3291 603 oscitatio
3326 550 3627 606 communis
3656 567 3673 605 :
3701 554 3784 606 sed

2202 654 2305 692 non
2346 654 2515 693 omnes
2563 639 2975 705 immutabimur;
3028 654 3156 695 cccc
3200 639 3311 694 ubi,
3334 648 3435 696 est
3467 644 3783 699 resurrectio

2202 728 2501 783 beatorum.
2528 728 2836 785 immutatio
2857 745 2988 801 ergo
3006 730 3058 785 in
3076 731 3296 801 gloriam
3329 732 3435 787 illis
3462 741 3663 788 tantum
3693 732 3777 789 de

2204 816 2362 873 betur
2380 859 2395 884 ,
2431 818 2522 889 qui
2551 834 2657 874 non
2680 819 2812 874 iram
2840 819 2969 887 Dei,
3007 819 3104 875 sed
3132 835 3369 876 amorem
3397 832 3692 877 merentur.
3726 822 3787 878 In

2203 918 2471 975 momento,
2501 909 2688 979 inquit,
2709 909 2762 965 in
2787 910 2893 964 ictu
2913 910 3177 965 oculorum
3208 911 3251 978 ⁸,
3280 911 3333 965 in
3353 914 3629 968 nouissima
3652 914 3786 980 tuba,

2204 1009 2251 1051 et
2293 999 2477 1052 mortui
2517 1008 2773 1070 resurgant
2808 999 3127 1070 incorrupti,
3167 1010 3216 1055 et
3238 1018 3350 1056 anas
3390 1003 3789 1058 immutabimnr.

2206 1090 2389 1145 Denuo
2414 1090 2501 1147 hic
2546 1093 2735 1155 transit
2762 1090 2829 1145 ad
2867 1107 2961 1147 cos
3002 1100 3257 1159 sanctos,
3297 1108 3433 1163 quos
3461 1092 3580 1150 dies
3624 1095 3714 1151 ille
3735 1094 3787 1150 in

2206 1196 2368 1238 carne
2413 1182 2676 1251 reperiet;
2718 1191 2775 1237 et
2818 1183 2945 1239 dicit
2981 1185 3231 1254 quoniam
3276 1185 3329 1240 in
3368 1195 3646 1243 momento
3685 1194 3787 1242 tam

2208 1271 2395 1338 brevi,
2426 1287 2584 1342 quam
2616 1272 2791 1342 potest
2819 1288 2939 1329 esse
2978 1282 3251 1330 extremus
3282 1275 3398 1332 ﬁnis
3422 1290 3713 1341 sonorum,
3737 1285 3784 1332 et

2211 1364 2300 1434 qui
2332 1366 2522 1419 mortui
2549 1366 2786 1431 fuerant,
2827 1367 3128 1422 excitentur
3155 1368 3558 1443 inco‘rrupti,id
3582 1380 3689 1431 est,
3714 1370 3785 1423 in-

2212 1456 2382 1525 tegri;
2412 1465 2465 1510 et
2493 1456 2581 1526 qui
2612 1456 2811 1511 inventi
2842 1455 3062 1523 fuerint,
3090 1457 3443 1513 immutentur
3467 1460 3519 1512 in
3542 1459 3784 1528 gloriam.

2212 1544 2421 1616 Oportet
2456 1546 2588 1601 enim
2628 1547 2723 1601 hoc
2767 1549 3097 1617 corruptibile
3129 1549 3337 1604 induere
3360 1551 3786 1620 incorruptelaat,

2209 1644 2256 1691 et
2282 1637 2492 1690 mortale
2515 1637 2609 1691 hoc
2629 1638 2837 1692 induere
2851 1639 3298 1694 immortalitatem.
3329 1638 3457 1695 Cum
3476 1652 3649 1695 autem
3664 1658 3787 1695 mor-

2209 1724 2310 1779 tale
2352 1724 2446 1778 Iwc
2477 1726 2697 1781 induerit
2735 1727 3165 1783 immortalitatem
3187 1769 3204 1795 ,
3249 1737 3369 1783 tunc
3398 1730 3488 1798 [iet
3517 1745 3686 1784 sermo
3710 1732 3791 1799 qui

2207 1814 2424 1882 scriptus
2462 1825 2536 1869 est
2554 1854 2570 1879 ρ
2611 1818 2861 1887 Absorpta
2898 1827 2971 1871 est
3005 1834 3140 1872 mors
3179 1819 3233 1873 in
3279 1819 3537 1873 victoriam
3587 1829 3729 1873 tuam
3744 1821 3787 1874 ³.

2210 1901 2312 1958 Ubi
2351 1913 2423 1958 est
2445 1944 2462 1971 ,
2501 1922 2666 1973 mors,
2718 1917 2834 1962 tuus
2873 1908 3115 1965 aculeus?
3165 1910 3252 1965 ubi
3294 1919 3367 1965 est
3414 1911 3628 1966 uictoria
3669 1912 3786 1965 tu!

2207 1993 2428 2049 Aculcus
2449 2004 2616 2050 autent
2650 1998 2854 2064 mortis,
2896 2009 3193 2067 peccatum;
3218 2001 3373 2057 virtus
3390 2010 3560 2056 autem
3584 2004 3786 2069 peccati,

2209 2084 2311 2139 lex.
2358 2085 2634 2154 Ostendit,
2661 2096 2720 2142 ut
2745 2102 2918 2159 stupe,
2949 2091 3197 2160 quoniam
3227 2092 3297 2147 de
3321 2101 3634 2147 sanctorum
3677 2101 3785 2148 ιω·

2213 2182 2321 2227 tum
2366 2176 2759 2233 resurrectione
2803 2178 3111 2249 loqueretur
3154 2199 3170 2235 :
3215 2181 3334 2236 ideo
3384 2184 3785 2251 pra‘termittens

2209 2263 2351 2318 illam
2397 2264 2679 2342 impiorum
2716 2268 3122 2336 excitationem,
3162 2269 3379 2341 dignum
3406 2287 3530 2327 esse
3556 2288 3785 2342 pronun-

2213 2354 2307 2409 tiat
2334 2363 2391 2409 ut
2433 2338 2831 2427 in'corporibus
2859 2369 3162 2416 sanctorum
3189 2338 3608 2432 corruptibilitas
3636 2371 3785 2429 mter-

2209 2444 2374 2500 nitate
2420 2446 2604 2516 gloriae
2647 2446 2955 2504 devoretur.
3013 2448 3145 2504 Cum
3192 2461 3368 2506 autem
3416 2451 3554 2517 hoc,
3603 2453 3784 2523 inquit,

2208 2535 2368 2591 fuerit
2412 2537 2723 2608 impletum,
2766 2548 2890 2596 tunc
2931 2541 3109 2597 licebit
3156 2543 3410 2598 insultare
3438 2543 3695 2611 diabolo,
3738 2553 3787 2600 et

2208 2627 2370 2683 morti
2412 2640 2680 2698 perpetuae
2701 2672 2716 2697 ,
2761 2647 2879 2702 qua:
2907 2632 3049 2689 hanc
3071 2636 3465 2705 corruptionem
3493 2637 3784 2692 naturalem

2208 2714 2406 2771 fecerat
2449 2720 2642 2774 malam
2685 2722 2890 2790 videri;
2938 2732 3062 2780 tunc
3104 2726 3450 2795 increpabant
3483 2738 3786 2784 sanctorum

2205 2806 2393 2874 gaudia
2422 2848 2436 2870 ,
2475 2819 2757 2867 contusum
2795 2827 2827 2868 a
2865 2828 2925 2870 se
2966 2816 3206 2871 aculeum
3250 2817 3437 2873 mortis
3474 2818 3786 2886 videntium,

2205 2895 2512 2967 dicentque,
2545 2899 2645 2954 Ubi
2671 2912 2745 2957 est
2764 2944 2782 2971 ,
2809 2920 2977 2973 mors,
3008 2908 3214 2962 aculeus
3245 2908 3401 2962 tuus?
3424 2909 3510 2962 ubi
3532 2920 3612 2965 est
3638 2912 3789 2965 uicto-

2206 2987 2284 3040 ria
2305 2997 2390 3041 tua
2406 2989 2433 3043 7
2456 2990 2675 3047 Aculeus
2695 3004 2862 3049 autem
2887 2997 3084 3063 mortis,
3111 3008 3406 3069 peccatum;
3442 3000 3607 3054 uirtus
3628 3009 3790 3055 autem

2207 3079 2416 3149 peccati,
2439 3081 2539 3135 lex.
2568 3081 2622 3136 Id
2653 3095 2754 3151 est,
2782 3084 2827 3140 O
2856 3094 2911 3139 tu
2938 3102 3084 3142 mors
3111 3097 3331 3152 mtcrna,
3360 3089 3610 3145 aculeum
3633 3090 3790 3146 hahe-

2207 3170 2302 3225 bas
2331 3180 2640 3242 peccatum,
2685 3191 2792 3245 quo
2832 3176 3135 3235 desertores
3173 3179 3393 3250 justitizn
3431 3181 3785 3238 vulnerares:

2206 3263 2455 3331 quoniam
2507 3265 2553 3320 si
2602 3265 2706 3322 hoc
2745 3269 2930 3325 aculeo
2971 3280 3174 3325 armata
3220 3287 3323 3328 non
3364 3287 3544 3337 esses,
3590 3273 3649 3329 id
3688 3282 3787 3337 est,

2206 3361 2427 3419 peccato
2469 3355 2808 3425 voluntario,
2851 3359 2980 3414 nulli
3007 3361 3223 3417 omnino
3251 3363 3543 3417 nocuisses.
3591 3363 3787 3419 Pecca-

2206 3449 2318 3497 tum
2361 3444 2461 3499 boc
2487 3454 2541 3501 et
2580 3448 2721 3503 hunc
2761 3450 3000 3505 aculeum
3046 3452 3245 3508 viribus
3292 3452 3417 3509 ﬁdei
3455 3453 3786 3509 confractum

2206 3536 2354 3592 vides
2371 3576 2387 3603 ,
2435 3541 2862 3598 remuneratione
2896 3552 3076 3598 tiostra
3108 3553 3242 3601 teste
3262 3585 3277 3611 ,
3318 3560 3350 3599 a
3373 3561 3479 3615 qua
3503 3560 3608 3601 nos
3634 3560 3788 3605 cona-

2204 3623 2350 3679 baris
2396 3626 2661 3686 abducere
2692 3648 2705 3684 :
2738 3632 2954 3687 aculeus
2981 3634 3175 3705 quippe
3204 3643 3327 3689 tuus
3364 3644 3646 3704 peccatum
3675 3635 3787 3702 fuit,

2206 3716 2452 3771 ctvirtus
2494 3721 2693 3787 peccati
2743 3723 2813 3775 tui
2856 3723 2937 3777 lex
2978 3735 3124 3791 erat;
3170 3727 3421 3795 quoniam
3464 3726 3545 3781 ubi
3592 3736 3789 3783 nonest

2205 3804 2288 3858 lea:
2307 3846 2322 3871 ,
2353 3823 2443 3861 nec
2471 3810 2819 3878 prauaricatio
2848 3810 3021 3883 (Rom.
3047 3829 3131 3881 tv,
3162 3812 3273 3888 15).
3298 3814 3395 3870 Vel
3425 3825 3573 3872 certe
3600 3832 3788 3888 quam.

2205 3895 2287 3952 vis
2333 3898 2549 3954 aculeus
2605 3910 2725 3957 tuus
2763 3902 2783 3933 ³
2823 3912 3097 3972 peccatum
3144 3914 3321 3972 esset;
3375 3917 3551 3966 tamen
3604 3907 3789 3969 [crtior

2205 3986 2377 4044 {actus
2421 4000 2504 4046 est
2547 3993 2687 4061 apud
2738 3995 3206 4063 prevaricatorem
3252 3997 3511 4057 duntaxat
3553 4005 3784 4069 annuos,

2204 4088 2482 4151 postquam
2513 4097 2658 4138 mors
2683 4084 2731 4138 ei
2756 4084 2887 4155 legis
2901 4085 3112 4145 admota
3139 4099 3224 4147 est
3249 4089 3302 4158 δς
3330 4108 3451 4164 qua:
3471 4102 3657 4151 tamen
3685 4110 3787 4151 non

2205 4169 2273 4225 ad
2299 4170 2401 4226 hoc
2424 4171 2547 4228 data
2572 4173 2762 4247 fuerat,
2790 4188 2850 4235 ut
2873 4190 3090 4237 acueret
3115 4184 3158 4236 ⁸.
3188 4180 3298 4239 Leo;
3319 4185 3462 4240 enim
3499 4198 3717 4253 sancta,
3745 4195 3789 4241 et

2205 4260 2499 4320 mandatum
2522 4276 2772 4335 sanctum,
2800 4280 2848 4324 et
2861 4272 3083 4342 justum,
3106 4281 3153 4328 et
3180 4274 3396 4342 bonum;
3420 4276 3510 4330 sed
3530 4287 3790 4344 peccatum

2208 4357 2266 4409 ut
2290 4365 2534 4425 appareat
2558 4357 2841 4427 peccatum,
2871 4378 2959 4432 per
2989 4364 3193 4429 bonum,
3209 4365 3334 4420 milii
3367 4376 3579 4425 mortem
3609 4385 3789 4439 opera-

2208 4444 2358 4500 batur
2382 4488 2397 4511 ,
2424 4457 2478 4503 ut
2504 4449 2644 4516 ﬁeret
2667 4466 2821 4520 supra
2850 4452 3054 4511 modum
3077 4455 3240 4524 ipsum
3280 4465 3541 4526 peccatum
3577 4474 3789 4528 peccans

2206 4553 2294 4607 per
2315 4538 2607 4594 mandatum
2625 4539 2736 4612 (Id.
2753 4557 2844 4606 vu,
2867 4535 2992 4597 lict
3010 4542 3119 4616 l5).
3140 4546 3260 4603 llarc
3279 4560 3407 4616 ergo
3424 4547 3617 4614 virtus,
3635 4562 3788 4617 quam

2202 4630 2421 4687 aculeus
2447 4640 2568 4688 tuus
2592 4642 2901 4702 spontaneos
2923 4635 2973 4688 in
3004 4636 3173 4697 nobis,
3192 4636 3486 4707 iniquitatis
3503 4653 3791 4709 conseque

2200 4719 2358 4775 batur
2383 4721 2584 4791 adjutu,
2616 4722 2851 4778 ﬁdelium
2882 4724 3165 4783 virtutibus
3184 4767 3197 4791 ,
3228 4726 3462 4782 ﬁdelium
3492 4728 3608 4797 jam
3635 4743 3790 4784 coro-

2205 4810 2286 4865 nis
2319 4811 2456 4866 victa
2497 4813 2911 4883 comprobatur,
2939 4824 2993 4870 ct
3033 4815 3215 4871 fracta.
3264 4814 3589 4883 Insultamus
3634 4816 3789 4887 igitur

2204 4900 2319 4965 tibi,
2353 4901 2460 4957 Deo
2480 4912 2652 4959 nostra
2680 4906 2871 4974 gratias
2898 4911 3190 4977 referentes,
3216 4907 3302 4978 qui
3330 4907 3468 4961 dedit
3491 4908 3637 4963 nobis
3662 4908 3790 4961 hanc

2201 4992 2459 5048 uictoriam
2483 5010 2572 5063 per
2590 4992 2865 5051 Dominum
2886 5006 3113 5053 nostrum
3131 4996 3162 5052 J
3168 5014 3306 5053 esum
3329 4997 3586 5060 Christum
3606 4999 3655 5071 (l
3671 4999 3789 5054 Cor.

2200 5099 2270 5139 xv
2287 5126 2303 5151 ,
2334 5084 2402 5139 46
2420 5114 2441 5124 -
2460 5084 2575 5156 57).

2266 5217 2282 5282 ξ
2307 5216 2380 5282 sic
2531 5222 2583 5266 in
2606 5216 2764 5282 vign.,
2788 5218 2931 5271 oculi.

2263 5277 2439 5342 facta,
2465 5291 2631 5342 suam.
2648 5277 2704 5342 5t
2724 5277 2852 5342 Mss,
2876 5288 3024 5334 tamn.

2263 5339 2284 5400 ξ
2306 5340 2407 5399 Hic,
2424 5344 2552 5400 tuus,
2576 5341 2766 5392 additur
2790 5339 2854 5394 ei
2877 5350 2985 5394 Mss.

2260 5398 2284 5431 ⁸
2306 5398 2455 5470 vetus
2477 5398 2633 5470 eode};
2656 5408 2767 5470 star.
2795 5417 2809 5452 :
2831 5413 2930 5470 ptas
2949 5404 2995 5455 ei
3020 5402 3138 5470 legis
3157 5405 3351 5470 admota
3370 5410 3458 5470 est.
3485 5407 3790 5470 Arbitrantur

2199 5458 2482 5530 legendum,
2508 5461 2651 5514 Hosis
2672 5462 2754 5530 lea:
2774 5464 2970 5516 admota
3004 5458 3092 5518 est".
3117 5476 3230 5530 Nam
3264 5475 3319 5518 et
3338 5468 3389 5517 id
3406 5468 3542 5530 quod
3563 5467 3786 5517 Julianus

2199 5522 2453 5596 subiungit
2471 5532 2609 5596 :RLea:
2780 5532 2973 5596 .s-tmcta,
2996 5536 3116 5596 etc.,
3134 5529 3191 5578 ad
3217 5522 3462 5596 ttosaicarit
3486 5527 3654 5596 legem
3674 5541 3788 5596 spe-

2204 5589 2304 5653 ctat
2329 5596 2340 5630 :
2370 5590 2422 5633 et
2440 5583 2581 5653 intra,
2605 5597 2711 5648 cap.
2740 5586 2845 5653 tu,
2866 5583 3073 5653 veretur
3094 5583 3201 5652 irse
3225 5604 3288 5641 ne
3311 5590 3374 5653 ab
3391 5583 3679 5653 Αυκυὲὡιον

2201 5650 2276 5716 tus
2298 5645 2481 5705 peccati
2514 5645 2611 5707 leas,
2636 5645 2886 5710 speciatim
2909 5650 2972 5700 dc
3014 5645 3256 5716 praecepto
3280 5651 3388 5703 Atla:
3414 5645 3572 5716 posito
3593 5645 3777 5700 metu.

2200 5711 2356 5765 gatur.

2265 5765 2285 5797 ³
2310 5764 2468 5817 codex
2494 5774 2637 5832 Port.,
2661 5775 2709 5821 ut
2730 5774 2776 5821 te
2798 5779 3009 5825 acueret.
