3958 6188
197 320 218 376 Ι
227 317 314 376 601
1540 312 1738 370 LIBER

1856 313 2065 373 LXTUS.

257 436 382 491 huc.
425 433 497 488 De
532 430 762 502 imagine
802 430 1104 497 terrestris,
1135 438 1186 484 et
1221 429 1287 486 de
1330 430 1559 502 imagine
1584 431 1754 487 coele-

193 528 279 583 stis
304 522 535 580 hominis
564 524 694 577 satis
717 523 827 592 jam
856 522 1098 592 superius
1136 523 1461 593 disputatum
1483 534 1602 589 est;
1630 525 1753 582 tibi-

144 596 148 600 θ
191 623 282 687 que
304 613 672 684 respondimus
706 611 847 683 quod
896 613 1071 683 imago
1106 613 1343 668 caelestis
1384 628 1527 670 nunc
1562 608 1758 671 tide'ac

190 718 277 776 spe
305 704 500 775 portari
529 713 738 773 potest;
766 703 1065 774 perlabitur
1091 714 1271 759 autem
1297 719 1356 760 re
1384 704 1495 774 ipsa
1524 720 1759 775 praiscn-

191 805 283 854 tata
305 804 460 867 atque
487 795 703 860 donata,
722 809 842 850 cum
868 795 1221 850 resurrexerit
1244 810 1439 866 corpus
1458 797 1753 867 spirituale,

178 888 315 959 'quod
342 902 480 942 nunc
498 886 727 941 animale
747 886 1060 941 seminatur.
1091 886 1231 940 Duas
1254 886 1448 957 quippe
1469 886 1599 942 istas
1626 886 1755 941 ima.

186 980 346 1049 gines,
375 977 644 1033 terrestris
668 975 914 1031 videlicet
940 975 1171 1031 hominis
1198 992 1377 1043 unam,
1410 977 1646 1035 cmlestis
1669 994 1758 1032 au-

190 1079 287 1123 tem
325 1068 544 1123 alteram
565 1106 583 1134 ,
614 1066 838 1136 singulis
867 1065 1029 1121 rebus
1057 1066 1332 1132 attribuit;
1377 1067 1518 1122 illam
1548 1066 1757 1122 scilicet

186 1156 388 1212 animali
427 1156 661 1225 corpori,
698 1154 835 1210 hanc
855 1155 1137 1226 spirituali.
1160 1155 1417 1225 Superius
1432 1156 1573 1211 enim
1600 1156 1752 1221 dixit.

186 1246 283 1304 Sed
307 1264 404 1301 non
424 1246 644 1317 primum
668 1245 804 1315 quod
825 1246 1092 1315 spirituate
1115 1255 1206 1311 est,
1230 1245 1320 1300 sed
1339 1245 1474 1315 quod
1496 1246 1753 1310 animate;

187 1347 367 1407 postea,
403 1335 540 1408 quod
577 1335 841 1405 spiritual'e
874 1344 948 1390 est
989 1349 1009 1390 :
1052 1335 1398 1405 protinusque
1444 1335 1751 1406 subjunxit,

188 1428 382 1483 Primus
420 1428 569 1482 homo
612 1427 675 1481 de
712 1435 868 1494 terra,
900 1428 1177 1493 terrestris;
1214 1427 1462 1482 secundus
1498 1428 1650 1484 homo
1693 1428 1756 1485 de

185 1520 316 1585 ccta,
361 1518 613 1573 caelestis:
660 1519 789 1571 sicut
827 1519 1137 1589 portavimus
1172 1518 1443 1588 imaginem
1477 1519 1748 1586 terrestris,

186 1620 424 1679 portemus
447 1609 598 1663 etiam
628 1608 901 1679 imaginem
922 1608 1063 1662 illius
1089 1607 1323 1663 cmlestis.
1353 1607 1482 1676 Quis
1520 1619 1603 1664 est
1641 1608 1751 1678 ille,

184 1698 275 1753 nisi
306 1698 475 1753 Adam
498 1739 513 1763 ,
554 1714 648 1768 per
686 1713 845 1768 quem
885 1699 1066 1752 mors?
1098 1698 1165 1752 Et
1193 1699 1313 1768 quis
1354 1706 1438 1754 est
1484 1698 1618 1763 iste,
1653 1699 1755 1755 nisi

183 1789 429 1856 Christus,
459 1804 558 1861 per
577 1804 735 1860 quem
763 1789 1084 1843 resurrectio
1109 1788 1473 1844 mortuorum?
1501 1788 1755 1853 Quoniam

182 1895 263 1950 per
281 1880 531 1932 hominem
558 1896 715 1946 mors,
742 1888 787 1933 et
813 1895 903 1949 per
929 1878 1181 1934 hominem
1202 1879 1502 1934 resurrectio
1529 1890 1755 1936 mortuae

180 1980 299 2021 rum.
338 1966 485 2023 Sicut
527 1969 661 2023 enim
706 1970 759 2022 in
787 1968 951 2022 Adam
988 1964 1159 2024 omnes
1195 1969 1506 2035 moriuntur,
1532 1971 1605 2025 sic
1630 1979 1675 2027 et
1701 1975 1753 2026 in

181 2055 366 2111 Christo
387 2074 558 2113 omnes
585 2058 969 2127 viviﬁcabuntur
993 2072 1013 2113 :
1037 2058 1088 2113 id
1125 2066 1229 2122 est,
1258 2060 1578 2131 quicumque
1620 2061 1755 2115 vivi-

182 2149 485 2218 ﬁcabuntur,
533 2151 741 2206 nonnisi
790 2151 842 2205 in
894 2150 1107 2205 Christo
1134 2150 1577 2217 vivificabuntur;
1608 2152 1753 2208 unde

179 2240 272 2311 jam
309 2256 473 2311 supra
512 2256 697 2297 sumus
737 2241 922 2296 locuti.
968 2240 1119 2296 Nulla
1161 2248 1243 2295 est
1289 2240 1473 2311 utique
1513 2244 1530 2274 ί
1579 2241 1752 2298 ambi-

183 2333 355 2401 guitas,
382 2332 452 2386 ad
497 2346 629 2401 quas
665 2330 799 2386 duas
839 2346 926 2386 res
966 2330 1085 2386 duae
1130 2331 1243 2385 ista:
1281 2331 1583 2388 referantur
1616 2332 1753 2387 ima-

182 2423 361 2493 gines;
419 2421 507 2475 illa
561 2436 789 2492 namque
837 2420 1069 2477 refertur
1101 2421 1167 2475 ad
1209 2432 1467 2490 mortem,
1519 2423 1637 2480 haec
1686 2422 1755 2479 ad

184 2512 640 2567 resurrectionem.
678 2510 768 2566 Illa
810 2526 938 2582 ergo
966 2511 1033 2567 ad
1060 2521 1285 2568 mortem
1326 2514 1601 2584 corporis;
1631 2514 1755 2584 quia

186 2602 286 2658 huic
330 2602 397 2657 ad
444 2601 893 2656 resurrectionem
942 2602 1182 2671 corporis
1234 2619 1248 2654 :
1298 2604 1388 2658 illa
1436 2603 1528 2658 ad'
1559 2618 1753 2674 corpus

186 2693 436 2760 animale,
485 2690 629 2763 quod
684 2691 979 2746 seminatur
1030 2691 1084 2745 in
1134 2692 1461 2761 ignominia;
1516 2691 1632 2749 haec
1682 2693 1751 2749 ad

186 2785 460 2857 spirituale,
503 2782 644 2854 quod
690 2788 931 2851 resurget
954 2780 1023 2835 .in
1066 2770 1233 2852 gloria
1278 2799 1294 2838 :
1337 2781 1424 2836 illa
1461 2782 1750 2852 nascendo,

186 2875 274 2930 hac
300 2874 569 2930 induimur
592 2872 943 2928 renascendo.
975 2870 1082 2926 Sed
1107 2873 1356 2943 quoniam
1392 2872 1493 2928 sub
1535 2881 1753 2943 peccato

188 2966 473 3032 nascimur,
507 2965 559 3019 in
591 2970 930 3034 peccatorum
961 2972 1139 3017 autem
1170 2962 1487 3018 remissione
1513 2962 1750 3019 renasci.

185 3072 290 3112 mur
330 3076 343 3112 :
386 3056 537 3112 Sicut
566 3055 906 3126 portavimus,
934 3054 1142 3121 inquit,
1175 3054 1446 3125 imaginem
1481 3056 1749 3123 terrestris,

186 3132 418 3216 portemus
460 3147 615 3201 etiam
656 3144 926 3216 imaginem
953 3144 1093 3199 illius
1117 3145 1347 3199 cmlestis.
1387 3143 1523 3200 Illud
1553 3144 1751 3200 factum

186 3253 288 3293 esse
324 3244 733 3304 commemorat,
778 3234 881 3290 hoc
914 3235 1227 3290 exhortatur
1268 3243 1326 3289 ut
1378 3233 1475 3290 fiat
1500 3237 1544 3289 ’.
1584 3235 1752 3291 Nemo

188 3329 311 3384 enim
342 3338 522 3400 potest
550 3327 764 3384 efﬁcere
791 3333 848 3381 ut
874 3341 981 3381 non
1010 3324 1171 3380 fuerit
1197 3335 1349 3380 natus
1366 3325 1418 3380 in
1451 3341 1628 3396 paena,
1648 3342 1751 3396 qua

188 3434 359 3490 corpus
386 3421 508 3490 ejus
533 3418 824 3474 seminetur
853 3417 905 3471 in
931 3416 1219 3488 ignominia
1251 3433 1264 3469 :
1307 3415 1402 3472 sed
1446 3416 1546 3471 nisi
1593 3415 1753 3471 fuerit

187 3519 398 3576 renatus,
427 3521 487 3564 et
517 3506 935 3579 perseveraverit
956 3506 1008 3560 in
1045 3520 1112 3562 eo
1141 3504 1282 3576 quod
1314 3512 1400 3561 est
1436 3516 1650 3560 renatus
1696 3505 1750 3561 in

186 3599 330 3667 gratia
350 3641 365 3666 ,
397 3615 508 3653 non
538 3597 809 3668 perveniet
848 3596 914 3650 ad
945 3596 1234 3666 spiritualis
1264 3594 1506 3666 corporis
1535 3595 1748 3651 habitu«

186 3689 341 3744 dinem
365 3732 379 3755 ,
409 3688 556 3761 quod
596 3696 836 3758 resurget
858 3687 909 3741 in
939 3686 1128 3756 gloria.
1158 3685 1296 3752 Quid
1340 3695 1424 3741 est
1455 3701 1583 3758 ergo
1609 3685 1750 3756 quod

187 3775 303 3832 dicis
328 3796 342 3833 :
370 3782 560 3851 Aperte
586 3793 763 3847 nempe
788 3776 985 3830 transiit
1009 3775 1078 3828 ad
1102 3774 1291 3842 studia,
1321 3773 1524 3846 vultque
1552 3786 1751 3829 tantum

187 3868 395 3925 interesse
413 3871 551 3924 inter
576 3868 880 3939 praeteritam
901 3876 1126 3922 nostram
1147 3875 1193 3921 et
1223 3876 1519 3937 praesentem
1539 3883 1749 3922 conver-

188 3957 424 4026 sationem,
446 3968 698 4027 quantum
718 3959 920 4013 interest
935 3958 1066 4011 inter
1086 3958 1447 4013 mortalitatem
1466 3967 1515 4012 et
1539 3959 1750 4014 immor-

187 4046 448 4104 talitatem?
482 4047 617 4104 Cum
645 4048 819 4119 potius
834 4048 1120 4118 Apostolus
1140 4062 1244 4103 non
1276 4047 1339 4104 ad
1367 4048 1511 4104 aliud
1532 4048 1553 4081 ³
1575 4059 1752 4105 trans-

190 4132 288 4205 eat;
316 4141 405 4195 sed
463 4139 520 4196 id
547 4139 688 4210 quod
721 4139 789 4194 de
812 4140 1206 4195 resurrectione
1230 4139 1407 4195 carnis
1429 4137 1453 4171 ⁸
1480 4148 1746 4211 eruperat,

190 4239 504 4300 exsequatur,
535 4231 623 4286 cui
649 4246 680 4286 e
703 4227 977 4286 contrario
1018 4238 1246 4286 mortem
1284 4231 1460 4286 carnis
1504 4232 1743 4302 opponit.

188 4316 287 4377 Non
314 4324 486 4395 itaque
533 4322 668 4378 duas
706 4322 1142 4378 conversationes
1163 4364 1178 4389 ,
1209 4323 1404 4377 malam
1441 4323 1662 4391 scilicet,
1693 4331 1746 4380 et

190 4407 384 4478 bonam,
413 4414 523 4469 vult
552 4411 657 4467 hoc
686 4412 813 4467 ioco
852 4411 1074 4483 intelligi
1107 4429 1120 4466 :
1158 4410 1252 4468 sed
1298 4414 1747 4468 resurrectionem

189 4503 344 4555 carnis
374 4504 444 4558 ita
490 4517 587 4573 per
626 4500 900 4558 Christum
954 4500 1218 4566 futuram,
1266 4502 1407 4557 sicut
1445 4517 1541 4572 per
1576 4500 1747 4558 Adam

188 4603 393 4649 mortem
443 4595 623 4651 carnis
670 4594 862 4650 asserit
906 4592 1122 4649 factam.
1165 4592 1294 4649 Sine
1339 4594 1610 4649 hominem
1655 4593 1748 4649 Dei

189 4696 329 4753 agere
354 4684 493 4755 quod
520 4685 660 4755 agit:
686 4693 740 4739 tu
769 4699 890 4739 eum
917 4698 1163 4753 sequere,
1193 4683 1301 4737 noli
1329 4692 1387 4738 ut
1416 4689 1469 4737 te
1496 4691 1748 4753 sequatur

190 4770 287 4831 inse
314 4776 516 4830 conari.
546 4775 661 4829 Non
693 4775 836 4830 enim
865 4774 1126 4844 sequitur,
1153 4780 1639 4844 quantumcumque
1656 4787 1748 4828 co-

189 4869 333 4921 neris.
362 4874 558 4937 Aperte
587 4868 963 4923 resurrectioni
985 4868 1161 4922 carnis
1191 4877 1417 4922 mortem
1443 4867 1620 4922 carnis
1649 4882 1746 4938 op-

186 4957 356 5023 ponit:
386 4967 567 5030 aperte
606 4957 688 5012 his
726 4958 951 5028 singulis
987 4958 1145 5013 rebus
1175 4957 1413 5028 singulos
1436 4956 1746 5026 dispertitur

186 5056 431 5115 auctores,
462 5051 621 5104 morti
661 5049 902 5119 corporis
928 5047 1120 5113 Adam,
1150 5047 1533 5104 resurrectioni
1556 5063 1744 5117 corpo-

188 5138 249 5192 ris
270 5141 529 5197 Christum
556 5161 569 5197 :
601 5151 786 5213 aperte
812 5141 944 5197 duas
974 5142 1250 5213 imagines,
1284 5155 1444 5195 unam
1478 5138 1743 5195 terrestris

188 5225 420 5297 hominis,
441 5231 600 5286 aliam
628 5232 863 5289 celestis
882 5273 898 5299 ,
929 5246 958 5285 a
999 5231 1270 5286 contrario
1301 5231 1441 5286 inter
1470 5244 1531 5286 se
1564 5229 1742 5286 confe-

190 5331 314 5388 rens,
346 5322 488 5377 illam
516 5323 725 5394 corpori
755 5319 995 5378 attribuit
1022 5322 1269 5387 animali,
1292 5320 1434 5392 quod
1462 5336 1557 5392 per
1577 5320 1740 5375 Adam

243 5499 258 5566 ξ
279 5501 433 5566 Codex
448 5509 598 5562 PaL,
619 5500 796 5566 itaque.

241 5561 261 5626 ἶ
280 5564 465 5626 510m:
477 5569 540 5626 ,ω
557 5560 712 5626 ήδη-ξ

245 5621 747 5693 ξδςξαιιληὶμιιαηῑιεέᾴ
769 5621 924 5693 aliud:
1209 5684 1223 5693 Δ
1265 5688 1275 5693 _
1302 5679 1317 5693 .
1335 5680 1362 5693 ﬁ
1386 5680 1397 5693 _
1420 5692 1435 5693 ί
1570 5689 1614 5693 μ
1635 5676 1697 5693 M-

245 5680 262 5711 ⁵
282 5679 554 5746 \‘ignierius,
577 5688 638 5735 de
657 5679 1001 5747 resurrectione
1014 5684 1239 5747 coeperat.
1254 5679 1538 5743 Addidtmus,
1558 5679 1737 5740 cumis,

191 5752 246 5790 ex
274 5745 691 5809 manuscriptorum
708 5745 820 5797 tide.

3314 325 3450 392 16οΞ

1871 433 2065 489 meruit
2091 443 2147 490 ut
2178 437 2473 493 seminetur
2512 440 2563 493 in
2602 441 2926 511 ignominia;
2960 445 3116 503 istam
3163 448 3450 521 spirituatl.

1869 522 2012 592 quod
2051 539 2143 593 per
2186 525 2453 582 Christum
2499 531 2793 588 merebitur
2831 549 3111 606 resurgere
3155 539 3208 593 in
3255 539 3449 611 gloria.

1866 612 1965 679 Qui
1993 615 2151 670 etiam
2190 617 2480 674 secundum
2520 635 2734 678 carnem
2778 624 2937 680 homo
2967 628 3200 684 caelestis
3237 639 3320 685 est
3363 630 3449 685 di-

1861 714 1998 774 ctus,
2017 724 2119 763 non
2142 710 2263 779 quia
2289 726 2406 766 eam
2437 716 2661 784 sumpsit
2682 732 2712 772 e
2738 718 2897 787 coelo,
2923 721 3016 775 sed
3047 722 3171 790 quia
3191 731 3245 777 et
3274 724 3445 791 ipsam

1863 796 2054 852 levavit
2077 800 2126 852 in
2154 802 2369 856 ctelum.
2391 802 2447 858 Si
2474 806 2708 860 studium
2736 807 2933 864 bonum
2955 819 3007 866 et
3038 811 3178 866 bona
3211 827 3440 867 conver-

1861 890 1998 945 satio
2044 890 2190 958 t'acit,
2223 904 2280 948 ut
2321 896 2387 950 ad
2431 896 2717 966 gloriosam
2760 902 3207 958 resurrectionem
3255 913 3445 973 perve-

1862 981 2013 1034 niant
2035 981 2052 1013 ¹
2078 998 2094 1048 ;
2135 986 2393 1055 numquid
2420 987 2595 1041 studio
2624 989 2765 1044 malo
2792 999 2843 1046 et
2872 991 3008 1046 mala
3033 993 3446 1049 conversatione

1860 1069 1982 1124 vita:
2011 1070 2188 1141 hujus,
2219 1090 2376 1145 quam
2399 1078 2529 1143 nati,
2560 1089 2616 1134 et
2638 1095 2857 1136 accessu
2877 1082 3048 1137 mtatis
3064 1084 3204 1138 aucti
3225 1084 3247 1115 ³
3277 1083 3439 1138 (1υή-

1859 1175 2000 1223 mus,
2032 1162 2226 1217 factum
2252 1176 2333 1219 est
2363 1175 2419 1221 ut
2460 1167 2513 1221 in
2551 1184 2778 1238 corpore
2822 1173 3039 1228 animali
3081 1189 3203 1228 cum
3252 1177 3441 1229 mortis

1860 1252 2151 1322 propagine
2192 1259 2577 1313 nasceremur?
2604 1260 2734 1327 Quis
2773 1262 2915 1317 enim
2956 1263 3095 1316 malo
3141 1263 3316 1318 studio
3361 1262 3446 1320 vel

1861 1340 1971 1396 ullo
1990 1342 2167 1398 studio
2196 1345 2296 1400 sibi
2324 1350 2656 1417 comparavit
2680 1367 2993 1407 aerumnosas
3021 1354 3310 1409 nativitatis
3355 1355 3445 1410 ind

1858 1431 2051 1489 itium?
2076 1434 2205 1504 Quis
2227 1437 2361 1492 mata
2388 1442 2792 1498 conversatione
2818 1444 2870 1498 id
2899 1445 3024 1513 egit,
3053 1455 3109 1500 ut
3132 1462 3277 1512 eum,
3297 1462 3440 1516 quov

1858 1525 2150 1582 modolibet
2166 1528 2375 1595 vixerit,
2397 1533 2534 1587 mori
2554 1548 2772 1590 necesse
2794 1536 2901 1590 sit?
2922 1537 3085 1592 Plane
3105 1539 3149 1592 si
3178 1537 3291 1593 haec
3312 1538 3441 1607 duo,

1858 1616 1913 1672 id
1939 1627 2041 1686 est,
2072 1620 2356 1691 imaginem
2388 1628 2659 1682 terrestris
2692 1627 2944 1695 hominis,
2976 1647 3094 1701 quae
3133 1633 3201 1687 ad
3246 1648 3442 1705 corpus

1857 1710 2088 1779 pertinet
2114 1712 2368 1781 animale,
2395 1723 2450 1770 et
2477 1717 2760 1787 imaginem
2791 1719 3047 1787 cmlestis,
3074 1736 3192 1790 qua:
3216 1722 3282 1777 ad
3309 1737 3436 1778 core

1858 1816 1959 1871 pus
2002 1804 2234 1872 pertinet
2272 1807 2569 1875 spirituale,
2600 1809 2758 1864 etiam
2799 1810 2864 1865 ad
2893 1812 3331 1869 conversationes
3359 1829 3445 1868 re-

1856 1890 1997 1948 terre
2024 1895 2298 1961 volumus;
2343 1897 2480 1952 sicut
2511 1902 2957 1959 resurrectionem
2999 1904 3289 1972 spiritualis
3315 1919 3441 1961 coro

1856 1983 2003 2051 poris
2025 1984 2075 2037 in
2110 1994 2258 2054 parte
2281 1985 2499 2056 justitia:
2530 1990 2798 2059 ponimus,
2832 1992 2902 2046 ita
2933 2005 3161 2049 mortem
3189 1996 3439 2064 corporis

1858 2072 2101 2127 animalis
2122 2089 2321 2144 ponere
2347 2076 2399 2132 in
2427 2079 2628 2147 peccati
2650 2092 2798 2148 parte
2823 2082 3081 2137 debemus
3112 2102 3126 2139 :
3155 2086 3277 2154 quia
3298 2087 3441 2143 sicut

1857 2160 1912 2217 in
1940 2162 2135 2218 Christi
2155 2165 2357 2234 justitia
2385 2167 2475 2222 tiet
2498 2167 2599 2222 ista
2630 2170 2969 2247 resurrectio,
3006 2172 3075 2226 ita
3102 2173 3155 2226 in
3177 2173 3307 2228 Adae
3331 2175 3440 2230 ini-

1858 2252 2059 2322 quitate
2086 2253 2224 2311 facta
2250 2267 2330 2312 est
2356 2274 2503 2314 mors
2531 2259 2639 2314 illa.
2668 2260 2819 2328 Quod
2846 2262 2890 2317 si
2918 2263 3203 2334 intelligas,
3232 2274 3287 2319 et
3312 2265 3439 2321 huic

1856 2347 2207 2415 apertissimae
2230 2349 2538 2406 consentias
2568 2353 2775 2406 veritati
2799 2369 2814 2419 ;
2842 2353 3080 2410 concedo
3114 2355 3254 2424 quod
3285 2356 3441 2423 dicis.

1858 2443 2164 2493 terrestrem
2206 2449 2260 2495 et
2301 2442 2575 2497 caelestem
2618 2441 2805 2499 referri
2833 2444 2899 2499 ad
2932 2445 3055 2498 vitia
3081 2456 3136 2501 et
3164 2447 3392 2502 virtutes
3424 2465 3439 2502 :

1856 2525 1993 2581 sicut
2012 2528 2155 2582 enim
2180 2529 2349 2586 virtus
2363 2529 2563 2587 Christi
2588 2532 2749 2588 faciet
2767 2543 2826 2588 ut
2846 2544 3086 2607 resurgat
3113 2550 3307 2607 corpus
3331 2539 3442 2608 spi-

1856 2617 2064 2685 rituale,
2113 2618 2185 2674 ita
2231 2621 2414 2675 vitium
2463 2622 2593 2678 Adae
2640 2624 2764 2679 fecit
2804 2634 2860 2680 ut
2904 2636 3204 2682 moreretur
3242 2642 3438 2697 corpus

1856 2709 2104 2765 animale.
2133 2710 2248 2767 Non
2280 2713 2458 2784 itaque
2495 2714 2620 2770 huic
2643 2717 2908 2788 congruit,
2937 2719 3179 2788 ejusdem
3208 2720 3438 2790 apostoli

1855 2798 1923 2852 ad
1972 2799 2242 2856 Romanos
2283 2802 2373 2856 illa
2416 2805 2680 2860 sententia
2725 2824 2739 2859 :
2783 2805 2931 2862 Sicut
2968 2810 3103 2862 enim
3145 2809 3439 2865 exltibuislis

1855 2890 2078 2944 membra
2104 2900 2265 2946 vestra
2285 2894 2470 2948 servire
2493 2895 2846 2963 immunditiis,
2874 2908 2922 2953 et
2951 2899 3205 2970 iniquitati
3238 2901 3308 2955 ad
3334 2903 3439 2956 ini-

1854 2980 2129 3050 quitatem;
2153 2982 2226 3036 ita
2240 2999 2374 3036 nunc
2400 2984 2623 3040 exhibete
2652 2996 2810 3040 vestra
2827 2991 3049 3042 membra
3076 2990 3260 3045 servire
3277 2992 3440 3062 justi-

1856 3071 1942 3125 tite
1964 3071 2016 3125 in
2042 3074 2491 3143 sanctiﬁcatione»:
2512 3076 2686 3147 (Rom.
2720 3093 2793 3143 vt,
2826 3079 2936 3150 19).
2963 3080 3035 3134 lbi
3058 3081 3199 3135 enim
3230 3082 3296 3150 de
3324 3099 3440 3137 ma-

1855 3161 1921 3217 lis
1946 3172 1999 3218 et
2033 3163 2187 3219 bonis
2225 3166 2460 3221 moribus
2487 3166 2509 3198 ⁸
2534 3167 2878 3237 loquebatur;
2907 3168 2991 3224 hic
3019 3179 3196 3225 autem
3237 3172 3305 3227 de
3344 3189 3438 3229 re-

1854 3253 2455 3325 surrectionecorporis
2482 3264 2537 3310 et
2566 3265 2738 3311 morte
2775 3259 3014 3327 corporis
3042 3259 3291 3329 loquitur.
3329 3261 3436 3318 Sed

1853 3343 2107 3412 quoniam
2129 3344 2216 3413 qui
2251 3345 2457 3401 ratione
2480 3345 2591 3417 jam
2622 3355 2863 3413 utuntur,
2893 3350 2960 3405 ad
2988 3354 3432 3410 resurrectionem

1853 3431 2160 3503 gloriosam,
2197 3448 2318 3504 qua:
2361 3443 2488 3490 tunc
2522 3435 2631 3503 ﬁet,
2675 3437 2887 3507 quando
2926 3440 3199 3509 spirituale
3240 3457 3436 3513 corpus

1853 3531 2116 3594 resurget,
2142 3524 2325 3580 venire
2354 3540 2460 3579 non
2489 3536 2757 3596 poterunt,
2790 3529 2892 3583 nisi
2922 3530 3023 3585 hoc
3050 3539 3107 3586 et
3130 3534 3352 3588 credant
3379 3544 3433 3591 et

1853 3624 2071 3685 sperent
2101 3633 2115 3670 :
2146 3615 2267 3671 ideo
2292 3616 2434 3687 quod
2457 3620 2725 3674 terrestris
2743 3620 2974 3676 hominis
2997 3622 3279 3694 imaginem
3307 3640 3436 3695 por-

1856 3706 2140 3762 laverimus
2181 3720 2627 3776 commemorans,
2674 3710 2728 3764 in
2769 3727 2872 3782 qua
2907 3722 2988 3766 est
3024 3730 3117 3783 per
3162 3714 3434 3783 hominem

1853 3809 2030 3857 mors;
2055 3805 2110 3855 ut
2137 3796 2416 3867 imaginem
2438 3800 2670 3854 etelestis
2702 3800 2932 3857 hominis
2960 3813 3232 3871 portemus
3254 3805 3434 3862 horta—

1855 3894 1957 3951 tur,
1987 3887 2041 3940 iu
2066 3902 2166 3958 qua
2187 3897 2271 3944 est
2301 3905 2395 3959 per
2420 3888 2688 3945 hominem
2713 3893 3034 3948 resurrectio
3062 3904 3431 3951 mortuorum:
3511 3945 3519 3952 .

1856 3984 1916 4034 ut
1935 3975 2203 4048 quomodo
2233 3994 2327 4049 per
2351 3966 2482 4034 Adae
2519 3988 2795 4049 peccaturo
2833 3982 3076 4036 venimus
3119 3983 3172 4038 in
3198 3994 3426 4040 mortem

1852 4068 2093 4139 corporis
2132 4068 2396 4135 animalis,
2425 4069 2496 4124 ita
2526 4084 2621 4140 per
2643 4068 2841 4126 Christi
2862 4070 3124 4139 justitiam
3153 4074 3432 4130 veniamus

1852 4154 1913 4214 in
1933 4159 2377 4215 resurrectionem
2401 4159 2640 4230 corporis
2655 4159 2962 4230 spiritualis.
2990 4161 3189 4217 Deinde
3212 4163 3434 4233 subjun-

1850 4249 1964 4320 git:
1994 4248 2108 4303 Iloc
2136 4260 2302 4303 autem
2325 4251 2454 4316 dico,
2481 4253 2682 4322 fratres,
2710 4252 2829 4322 quia
2869 4268 2986 4305 caro
3025 4261 3071 4306 et
3106 4254 3313 4324 sanguis
3349 4270 3432 4309 reo

1850 4356 2005 4413 gnum
2026 4338 2121 4394 Dei
2148 4340 2404 4410 possidere
2426 4357 2526 4395 non
2548 4350 2777 4411 possunt.
2809 4342 2907 4397 Ubi
2941 4351 2991 4397 te
3016 4358 3120 4396 non
3144 4345 3435 4413 reprehen-

1851 4431 2024 4486 dimus
2059 4433 2272 4486 nomine
2300 4434 2478 4488 carnis
2516 4440 2570 4487 et
2613 4433 2884 4503 sanguinis
2923 4433 3270 4505 signiﬁcatam
3310 4452 3430 4492 ear~

1851 4523 2022 4577 nalem
2050 4522 2384 4591 prudentiam
2414 4522 2724 4588 credidisse,
2744 4538 2850 4577 non
2879 4523 3044 4592 ipsam
3074 4525 3430 4585 substantiam

1845 4613 2089 4682 corporis
2113 4613 2376 4677 animalis,
2405 4626 2525 4682 qua:
2550 4612 2844 4667 seminatur
2870 4613 3085 4684 quidem
3116 4616 3169 4671 in
3197 4618 3426 4688 ignomi-

1850 4703 1955 4770 nia,
1997 4705 2092 4760 sed
2134 4713 2313 4760 tamen
2354 4714 2599 4776 resurget
2640 4705 2693 4760 in
2735 4706 2938 4777 gloria,
2972 4718 3027 4765 et
3067 4726 3290 4782 regnum
3336 4713 3433 4772 Det

1851 4795 2031 4866 procul
2057 4794 2218 4849 dubio
2249 4794 2556 4866 possidebit.
2592 4797 2845 4864 Quamvis
2874 4809 2928 4856 et
2952 4801 3111 4857 aliter
3131 4803 3234 4859 hoc
3259 4806 3431 4875 possit

1851 4864 2090 4955 intelligi,
2109 4895 2165 4939 ut
2191 4885 2290 4941 isto
2316 4885 2455 4952 loco,
2483 4887 2695 4943 nomine
2719 4890 2895 4944 carnis
2921 4864 3282 4963 etsanguinis',
3304 4910 3429 4953 cor-
3472 4864 3488 4961 ι

1848 4979 2025 5050 ruptio
2052 4977 2344 5049 significata
2374 4978 2461 5046 sit,
2494 4994 2649 5050 quam
2673 4996 2812 5035 nunc
2836 4982 2887 5035 in
2914 4997 3077 5038 carne
3104 4984 3345 5042 videmus
3372 4996 3429 5045 ct
3472 5026 3479 5035 ε

1849 5068 2139 5140 sanguine;
2167 5084 2285 5139 qua:
2307 5066 2487 5140 utique
2514 5071 2784 5140 corruptio
2811 5086 3031 5140 regnum
3054 5074 3147 5130 Dei
3179 5092 3284 5131 non
3309 5090 3432 5149 pos-

1849 5161 2060 5227 sidebit,
2087 5161 2209 5231 quia
2240 5156 2579 5229 corruptibile
2596 5160 2698 5215 hoc
2723 5160 2970 5217 induetur
3002 5158 3423 5237 incorruptione.

1853 5251 2003 5308 Unde
2030 5266 2152 5306 cum
2182 5250 2418 5317 dixisset,
2444 5249 2575 5306 Caro
2604 5260 2649 5303 et
2678 5252 2882 5322 sanguis
2903 5270 3112 5326 regnum
3142 5254 3236 5311 Dei
3259 5259 3427 5328 passi.

1912 5496 1930 5528 ι
1950 5500 2110 5555 Forte,
2131 5492 2433 5559 perveniatur
2462 5503 2480 5541 :
2503 5488 2585 5541 vel
2607 5463 2878 5541 addendum
2903 5491 2996 5549 hic,
3017 5496 3070 5539 ut
3089 5487 3141 5536 in
3171 5493 3249 5537 διδ.
3277 5493 3425 5548 corn;

1851 5569 2053 5628 corpora
2078 5563 2257 5628 nostra.
2658 5612 2671 5624 ,
2850 5614 2862 5625 _

1915 5620 1933 5649 ⁸
1957 5619 2228 5687 ξἰειιῇειυιιιε
2247 5623 2293 5687 et
2309 5627 2502 5666 accessu
2537 5619 2694 5687 {etatis
2737 5612 2983 5666 dtmnuts.
3016 5609 3191 5660 omisso
3213 5638 3230 5669 ί
3264 5604 3413 5670 ωιτη,

1850 5678 1975 5742 quod
1992 5740 1998 5742 ν
2016 5678 2222 5727 habetur
2243 5678 2665 5742 inmanuscriptis,

1918 5741 1938 5772 ³
1960 5740 2030 5787 sic
2056 5745 2158 5787 Mss.
2180 5738 2310 5802 Apud
2336 5744 2494 5801 ωειλ,
2518 5734 2759 5802 operibus.

3610 5020 3635 5036 ό
