3970 6184
476 337 622 411 'toos

483 476 604 522 itere
627 482 726 522 non
769 470 976 536 possunt
1007 475 1024 513 :
1051 468 1298 527 tanquam
1345 453 1660 524 esponendo
1687 449 1813 521 quid
1847 447 1936 502 his
1965 461 2064 499 no-

483 559 715 612 minibus
761 551 1163 625 signiﬁCav‘crit,
1216 563 1282 601 ne
1331 548 1442 617 ipsa
1499 541 1730 599 carnalis
1773 538 2067 594 substantia

483 650 810 710 crederetur,
839 642 1098 712 adiunxit,
1137 639 1316 709 Neque
1348 637 1604 706 corruptio
1644 631 2068 699 incorruptionem

484 739 776 804 possidebit.
799 737 866 791 Et
894 733 1184 790 secundum
1212 732 1370 786 istum
1397 743 1613 784 sensum
1655 725 1820 794 magis
1861 722 2069 776 videtnr

483 839 679 885 cetera
722 837 979 882 attexere.
1027 823 1131 879 Sed
1171 820 1480 876 utrumlibet
1523 818 1606 871 Itis
1651 814 1827 870 verbis
1887 816 2070 866 aucmr

483 920 796 976 eorumdem
818 919 1101 973 verborum
1127 903 1426 982 signiﬁcare
1447 906 1695 971 voluerit,
1719 913 1964 960 neutrum
1988 909 2071 954 est

483 1012 879 1077 eontraﬁdem,
909 1025 1026 1079 qua:
1065 1008 1133 1060 ita
1177 1021 1235 1060 se
1277 1004 1471 1065 habet,
1513 1011 1570 1054 ιιι
1599 1014 1705 1054 non
1755 995 1963 1051 dubitet
2017 995 2068 1046 in

485 1120 649 1160 carne
697 1099 1082 1170 incorruptibili
1144 1108 1510 1166 possessorem
1570 1103 1792 1159 regnum
1845 1085 1936 1140 Dei
2005 1094 2072 1137 ex

485 1198 736 1253 omnibus
778 1194 1026 1266 gentibus
1071 1195 1444 1258 congregalam
1492 1183 1583 1237 Dei
1633 1179 1909 1235 familiam.
1956 1175 2070 1229 Non

487 1289 666 1358 itaque
694 1287 708 1317 ί
739 1265 840 1340 hoc
866 1279 1327 1352 reprehendimus,
1357 1273 1497 1343 quod
1525 1272 1684 1327 etiam
1709 1277 1831 1323 ante
1861 1281 1960 1322 nos
1986 1265 2072 1320 di-

489 1382 733 1435 vinarum
760 1376 1151 1444 Scripturarum
1201 1366 1448 1423 catholici
1493 1371 1808 1417 tractatores
1834 1358 2074 1429 plerique

489 1470 760 1530 dixerunt,
791 1479 1006 1520 carnem
1047 1469 1100 1516 ct
1126 1457 1435 1528 sanguinem
1476 1453 1561 1506 hic
1601 1465 1756 1521 posse
1785 1447 1949 1518 accipi
1978 1445 2074 1499 ho-

491 1563 664 1618 mines
692 1601 707 1626 ,
752 1559 841 1628 qui
865 1553 1157 1613 secundum
1185 1564 1400 1605 carnem
1429 1555 1482 1601 et
1501 1545 1811 1615 sanguinem
1841 1541 2072 1609 sapiunt,

491 1663 549 1710 et
574 1653 696 1708 ideo
740 1664 963 1720 regnum
1011 1646 1105 1700 Dei
1149 1658 1257 1698 non
1309 1639 1650 1710 possidebunt
1684 1647 1698 1690 :
1730 1636 1806 1689 sic
1833 1634 1975 1688 enim
2003 1631 2078 1684 ait

493 1746 636 1802 idem
665 1744 854 1798 doctor
875 1738 1146 1802 Gentium,
1178 1733 1373 1804 Sapere
1399 1728 1676 1785 secundum
1709 1740 1912 1779 carnem
1941 1736 2077 1775 mors

500 1847 597 1892 est.
632 1834 738 1890 Sed
765 1829 908 1902 quod
933 1845 1038 1884 non
1070 1828 1148 1881 vis
1190 1833 1414 1880 mortem
1441 1820 1682 1890 corporis
1709 1815 1955 1871 animalis
1985 1828 2078 1883 per

495 1935 772 1998 peceatum
802 1921 958 1993 primi
987 1917 1216 1975 hominis
1259 1913 1539 1976 aecidisse,
1567 1926 1688 1965 cum
1718 1907 1900 1963 audias
1925 1921 2078 1960 eum-

493 2020 616 2074 dem
646 2014 945 2086 apostolum
972 2011 1261 2071 dicentem,
1290 2004 1486 2074 Corpus
1510 2012 1764 2058 mortuum
1784 2010 1854 2054 est
1877 2006 2080 2069 propter

495 2117 756 2178 peccatum
780 2103 954 2177 (Rom.
988 2115 1082 2155 vnt
1106 2141 1122 2165 ,
1154 2097 1209 2164 6,
1240 2094 1358 2165 10);
1406 2109 1580 2165 neque
1621 2106 1815 2163 negare
1845 2089 2076 2153 audeas,

495 2201 942 2258 resurrectionem
985 2193 1226 2265 corporis
1256 2189 1570 2261 spiritualis,
1613 2202 1732 2258 qua:
1761 2183 1918 2240 morti
1951 2191 2075 2238 cor-

499 2295 646 2367 poris
689 2289 939 2347 animalis
975 2286 1264 2359 opponitur
1289 2300 1320 2339 e
1348 2281 1619 2339 contrario
1643 2321 1658 2346 ,
1707 2274 2080 2350 perjustitiam

497 2366 719 2442 secundi
764 2381 998 2436 hominis
1022 2377 1362 2439 adiuturam;
1394 2382 1450 2429 et
1483 2372 1585 2427 hoc
1616 2370 1736 2425 ideo
1761 2383 1865 2423 non
1897 2366 1996 2430 vis,
2025 2368 2082 2420 ut

497 2473 814 2544 Corporibus
838 2478 1194 2532 mortuorum,
1233 2473 1286 2519 et
1312 2475 1407 2536 per
1432 2463 1546 2516 hzec
1569 2461 1732 2515 etiam
1762 2456 2082 2513 cruciatibus

502 2565 842 2624 morientium
867 2561 1090 2630 impleas
1112 2556 1441 2628 paradisum,-
1476 2553 1750 2608 beatarum
1772 2547 2080 2603 deliciarum

504 2655 904 2714 memorabilem
939 2652 1114 2704 loeum
1156 2665 1169 2701 :
1215 2646 1319 2700 hoc
1361 2641 1827 2712 reprehendimus,
1857 2637 1959 2690 hoc
1983 2635 2080 2689 de¢

503 2754 786 2811 testamur,
835 2744 936 2799 hoc
973 2741 1191 2812 dignum
1234 2736 1572 2791 anathemate
1611 2733 1932 2802 judicamus.
1982 2727 2082 2783 Cui

502 2842 645 2896 enim
675 2837 832 2894 morti
858 2837 910 2888 in
937 2833 1042 2887 line
1068 2828 1428 2891 insultabitur,
1455 2839 1577 2879 cum
1600 2822 1826 2888 dicetur,
1863 2818 1958 2875 Ubi
1989 2827 2078 2884 est,

503 2947 639 2986 mors
657 2970 674 2996 ,
715 2925 922 2981 victoria
949 2933 1033 2976 tua
1056 2922 1080 2976 2
1106 2919 1189 2973 ubi
1232 2926 1324 2978 est.
1355 2931 1489 2969 mors
1507 2954 1523 2980 ,
1555 2912 1760 2966 aculeus
1791 2909 1950 2964 tuus?
1977 2908 2081 2962 nisi

505 3035 597 3080 aut
619 3020 854 3085 diabolo,
891 3017 1051 3084 etiam
1079 3012 1267 3068 mortis
1291 3007 1584 3078 corporalis
1608 3004 1847 3067 auctori,
1875 3009 1965 3057 aut
1986 2999 2086 3070 ipsi

505 3113 664 3171 tuorti
710 3109 972 3180 corporis,
1021 3118 1180 3175 quam
1213 3098 1536 3156 resurrectio
1559 3095 1798 3164 corporis
1827 3091 2086 3148 absorbe-

506 3206 620 3261 hit?
666 3202 762 3258 llic
787 3201 928 3257 enim
956 3210 1134 3251 sermo
1160 3202 1290 3248 tunc
1316 3191 1437 3256 ﬁet,
1468 3204 1589 3244 cum
1613 3184 1958 3256 corrttptlbile
1984 3182 2088 3237 hoc

508 3294 742 3351 induerit
772 3287 1252 3356 incorruptionem,
1277 3290 1333 3336 et
1356 3278 1580 3334 mortale
1604 3277 1704 3331 hoc
1733 3275 1963 3330 induerit
1989 3273 2090 3327 inr-

509 3385 911 3443 Iuortalitatem.
952 3378 1080 3433 Sine
1111 3373 1455 3443 ambiguitate
1481 3369 1677 3440 quippe
1705 3367 1835 3422 dicit
1860 3367 2088 3435 Aposto-

507 3481 590 3533 lus
620 3493 636 3531 :
667 3473 795 3530 Cum
836 3465 1164 3538 corruptibile
1204 3464 1300 3518 hoc
1345 3461 1568 3514 induerit
1613 3452 2045 3512 immortalitatem
2070 3497 2084 3521 ,

510 3575 629 3621 tunc
657 3565 743 3633 fiet
787 3571 950 3615 sermo
993 3557 1080 3628 qui
1105 3555 1319 3624 scriptus
1362 3561 1432 3604 est
1457 3591 1472 3613 ,
1503 3549 1753 3618 Absorpta
1778 3556 1850 3601 est
1877 3563 2012 3600 mors
2037 3547 2089 3599 in

508 3657 789 3713 victoriam.
820 3651 916 3708 Ubi
941 3660 1012 3705 est
1036 3691 1050 3712 ,
1082 3663 1218 3700 mors
1236 3687 1250 3710 ,
1279 3643 1488 3698 victoria
1527 3651 1613 3695 tua
1631 3641 1658 3694 2
1684 3641 1768 3694 ubi
1801 3649 1901 3705 est,
1929 3655 2088 3703 mors,

511 3750 720 3806 aculeus
741 3755 854 3800 tuus
880 3744 905 3798 2
933 3741 1031 3798 Cui
1063 3737 1220 3795 morti
1252 3737 1356 3791 hoc
1381 3734 1607 3799 dicetur,
1633 3732 1734 3787 nisi
1759 3746 1878 3801 qua:
1906 3730 2092 3784 absor-

515 3840 728 3896 bebitur
755 3837 808 3890 in
849 3827 1167 3888 victoriam?
1191 3836 1246 3883 et
1267 3841 1388 3896 qua:
1415 3825 1514 3879 ista
1542 3831 1625 3878 est
1647 3864 1662 3890 ,
1694 3822 1796 3877 nisi
1822 3830 1940 3892 quae
1967 3829 2092 3875 tunc

509 3928 903 3989 absorhcbitur,
931 3920 1145 3994 quando
1183 3915 1530 3987 corruptibile
1563 3915 1666 3970 hoc
1691 3921 1887 3984 Corpus
1927 3919 2088 3982 atque

518 4020 746 4078 mortale
791 4013 1188 4084 incorruptione
1215 4018 1374 4080 atque
1395 4005 1792 4063 immortalitate
1813 4001 2092 4059 vestietur?

517 4115 685 4185 Hujus
715 4126 842 4182 ergo
867 4105 1163 4178 corporalis
1202 4103 1390 4158 mortis
1417 4101 1634 4156 aculeus
1663 4106 1938 4169 peccatum
1963 4104 2046 4152 est
2078 4112 2093 4150 :

513 4209 636 4280 quia
665 4206 789 4261 huic
814 4201 975 4257 morti
1002 4199 1232 4262 dicetur,
1265 4193 1362 4250 Ubi
1387 4203 1478 4255 est,
1510 4209 1668 4260 more,
1701 4192 1906 4245 aculeus
1935 4188 2098 4243 tuus!

516 4301 686 4369 Quem
717 4295 960 4351 aculeum
1000 4290 1130 4345 dixit
1161 4302 1279 4344 esse
1303 4297 1610 4357 peccatum;
1638 4285 1880 4339 aculeum
1904 4281 2098 4338 videli-

516 4401 604 4448 eet
631 4403 738 4461 quo
764 4399 911 4442 mors
936 4389 1024 4439 est
1060 4381 1194 4435 facta
1214 4420 1230 4445 ,
1273 4394 1377 4432 non
1426 4391 1584 4446 quem
1613 4376 1732 4430 fecit
1763 4377 1872 4443 ipsa
1899 4391 1914 4440 ;
1960 4373 2099 4427 sicut

517 4482 769 4554 poculum
811 4476 1001 4532 mortis
1030 4481 1114 4530 est
1143 4481 1250 4542 quo
1279 4481 1423 4525 mors
1453 4467 1531 4531 lit,
1563 4479 1668 4520 nOn
1696 4465 1838 4535 quod
1867 4480 1898 4519 a
1928 4473 2099 4518 morte

520 4576 600 4629 iit.
633 4567 910 4638 Quomodo
937 4557 1176 4636 crgo.’ut
1203 4567 1381 4632 putas,
1401 4568 1508 4612 non
1538 4555 1680 4620 huic,
1710 4554 1801 4608 sed
1828 4563 2098 4623 perpetuae

466 4720 470 4726 ,
522 4660 866 4718 lusultabitur
909 4653 1114 4711 morti?
1159 4649 1423 4719 Numquid
1473 4648 1585 4716 ipsa
1629 4645 2001 4700 absorbcbitnr
2046 4645 2097 4698 in

525 4750 824 4814 victoriam,
847 4759 968 4800 cum
988 4742 1215 4798 mortale
1235 4739 1338 4794 hoc
1365 4738 1596 4792 induerit
1620 4735 2102 4790 immortalitatem?

471 4833 480 4912 ξ
526 4838 792 4911 Numquid
816 4836 1078 4891 adversus
1100 4841 1314 4888 sanctos
1340 4831 1452 4898 ipsa
1481 4829 1777 4892 contendit,
1809 4836 1867 4882 ut
1892 4827 2006 4897 ejus
2037 4828 2103 4882 ti-

464 4913 480 4976 Ῑ
527 4947 646 4989 mor
672 4927 966 4987 certamine
1005 4925 1248 4979 vincatur
1276 4920 1510 4985 illorum,
1540 4935 1660 4990 qua:
1705 4920 1848 4989 prius
1874 4933 1969 4973 eos
1996 4918 2105 4973 vic-

527 5035 612 5081 tos
639 5023 872 5088 tenebat,
900 5017 1114 5090 quando
1138 5027 1256 5072 eam
1295 5012 1530 5068 timendo
1559 5009 1890 5082 peccabant?
1920 5010 2106 5065 Nonne

531 5102 748 5185 propter
773 5113 941 5181 ipsam
984 5107 1300 5164 vincendam
1347 5105 1601 5168 Dominus
1627 5110 1866 5158 mortuus
1908 5111 2008 5166 est,
2052 5109 2108 5157 et

531 5202 806 5261 evacuavit
824 5217 944 5256 eum
969 5201 1059 5270 qui
1101 5207 1414 5269 potestatem
1443 5194 1670 5250 habebat
1693 5193 1900 5260 mortis,
1931 5192 1980 5245 id
2004 5200 2104 5255 cst,

538 5296 828 5359 diabolum,
857 5301 912 5346 et
953 5291 1196 5345 liberavit
1219 5303 1314 5345 eos
1341 5287 1430 5358 qui
1461 5287 1653 5341 timore
1682 5283 1868 5339 mortis
1899 5297 1992 5353 per
2023 5293 2106 5338 to-

535 5398 642 5444 tam
693 5387 857 5440 vitam
903 5381 979 5437 rei
1026 5388 1182 5436 erant
1230 5377 1501 5435 servitutis
1547 5375 1728 5446 (Hebr.
1760 5392 1817 5442 u,
1849 5376 1937 5440 ii,
1974 5373 2111 5444 ib)?

533 5474 796 5547 Numquid
829 5473 1019 5528 timore
1045 5469 1230 5525 mortis
1257 5476 1474 5524 aeternae
1504 5469 1523 5499 ⁸
1549 5467 1626 5523 rei
1654 5474 1844 5532 erant;
1874 5479 1996 5520 cum
2017 5479 2111 5535 po-

596 5657 612 5685 ι
639 5651 926 5714 Vtgnierius,
946 5659 1038 5697 non
1063 5643 1237 5714 utique.
1253 5652 1344 5694 Nos
1360 5657 1420 5714 ex
1441 5650 1522 5714 Ms.
1543 5651 1804 5703 Portaruat,
1821 5655 1912 5692 non
1936 5641 2110 5706 itaque.

597 5715 619 5745 ι
650 5708 745 5762 v6:
765 5751 777 5774 ,
815 5719 1039 5770 wteruw,
1063 5708 1248 5758 additur
1275 5719 1337 5756 ex
1364 5713 1445 5755 Ms.
1465 5713 1587 5754 t‘ort.

1190 337 1435 397 OPERIS
1475 333 1886 394 IMPEBFECTI
1925 327 2194 386 CONTRA
2235 322 2592 384 JULIANUH.
2634 324 2689 378 S.
2733 316 3099 378 AUGUSl'lNl

3611 317 3760 372 l605

2182 443 2287 496 tius
2315 441 2403 500 oui
2434 455 2549 494 eam
2587 454 2692 492 non
2722 435 3012 498 timuerint,
3042 435 3116 489 rei
3146 433 3311 488 liant!
3343 433 3574 503 Propter
3612 435 3761 503 quod

2180 531 2452 592 Dominus,
2486 545 2552 584 ne
2584 543 2727 582 mors
2757 527 2854 582 ista
2892 524 3136 594 corporis
3185 525 3451 589 timeatur,
3500 525 3656 592 cujus
3692 526 3767 579 ti-

2174 633 2293 675 mor
2319 620 2443 672 facit
2468 633 2608 683 reos,
2636 617 2729 672 sed
2761 617 2845 671 illa
2877 618 3052 686 potius
3079 617 3424 684 sempiterna,
3457 630 3620 686 quam
3651 630 3763 670 non

2179 711 2434 777 timendo,
2485 711 2615 764 ﬁunt
2665 709 2764 776 rei,
2813 707 3153 778 apertissime
3176 707 3306 762 dicit
3337 725 3352 761 :
3383 706 3562 760 Nolite
3587 709 3765 761 timere

2175 815 2260 857 eos
2279 803 2364 873 qui
2391 812 2576 870 carpas
2597 799 2852 865 occidunt,
2881 808 2929 853 et
2966 811 3136 868 postea
3163 815 3264 853 non
3289 799 3472 852 habent
3515 801 3653 869 quod
3680 805 3739 869 fa

2176 894 2312 946 ciant
2334 909 2355 958 ;
2379 891 2467 946 sed
2493 906 2608 943 eum
2638 889 2822 952 timete,
2845 890 2931 960 qui
2951 889 3099 942 habet
3122 899 3415 958 potestatem
3442 899 3488 942 et
3515 903 3704 958 corpus
3725 901 3774 943 et

2176 985 2398 1037 animam
2427 984 2635 1053 perdere
2663 982 2714 1034 in
2736 982 3016 1052 gehennam
3040 980 3191 1053 (Luc.
3219 997 3312 1048 xu,
3342 983 3395 1047 Α,
3427 983 3505 1052 5).
3539 981 3665 1036 "mc
3688 991 3777 1036 est

2177 1083 2323 1129 eerte
2363 1089 2507 1126 mors
2533 1071 2762 1127 secunda
2794 1079 2952 1140 atque
2980 1079 3258 1141 perpetua,
3287 1078 3472 1125 contra
3504 1072 3661 1140 cujus
3707 1071 3778 1123 ti-

2178 1181 2384 1219 morem
2435 1179 2539 1218 non
2590 1172 2799 1218 certant
2839 1162 3032 1227 sancti,
3059 1163 3152 1216 sed
3183 1171 3367 1216 contra
3405 1163 3563 1217 istam
3594 1164 3778 1233 petitis

2177 1257 2418 1326 Corporis
2447 1257 2812 1326 temporalem.
2838 1255 2968 1309 Nam
2997 1264 3056 1309 ut
3084 1255 3220 1310 hanc
3251 1257 3486 1322 vincant,
3523 1257 3671 1310 illaut
3707 1257 3776 1310 ti-

2181 1358 2364 1413 ment;
2399 1348 2521 1417 quia
2547 1363 2667 1401 cum
2688 1347 2823 1401 hanc
2848 1361 2944 1415 pro
2976 1348 3169 1415 pietate
3200 1357 3253 1401 ct
3281 1347 3486 1416 jnstitia
3514 1349 3772 1414 vicerint,

2183 1440 2328 1494 illam
2358 1456 2461 1492 non
2492 1438 2750 1502 sentient,
2783 1437 2915 1491 lluic
2945 1453 3092 1506 ergo,
3128 1450 3231 1492 nan
3263 1429 3337 1492 illi
3360 1481 3373 1500 ,
3407 1440 3773 1506 insultabunt,

2180 1529 2453 1590 dicentes;
2489 1529 2588 1584 Ubi
2617 1539 2709 1597 est,
2741 1540 2896 1594 mors,
2929 1529 3137 1583 victoria
3165 1539 3252 1584 tua
3273 1530 3297 1582 2
3321 1529 3461 1601 quod
3487 1531 3615 1586 alibi
3636 1533 3778 1587 Scri-

2182 1633 2328 1694 ptum
2359 1632 2476 1685 est,
2538 1621 2634 1677 Ubi
2674 1630 2766 1687 est,
2807 1638 2973 1687 mors,
3016 1623 3268 1674 contentio
3316 1632 3403 1674 tua
3449 1622 3604 1694 (Osee
3648 1639 3769 1686 xm,

2184 1715 2271 1780 14,
2303 1729 2402 1768 sec.
2431 1712 2598 1783 LXX)
2622 1712 2646 1766 2
2673 1713 2802 1766 Cum
2848 1712 3005 1781 igitur
3048 1711 3205 1781 hujus
3233 1713 3416 1766 mortis
3446 1714 3666 1769 aculeus
3706 1713 3778 1769 sit

2184 1816 2632 1876 peccatum;qua
2685 1803 2858 1857 fronte
2909 1803 3074 1858 audes
3120 1803 3340 1866 dicere,
3396 1820 3502 1858 non
3552 1813 3780 1874 peccato

2181 1895 2340 1966 primi
2372 1893 2602 1948 hominis
2629 1907 2749 1948 esse
2778 1890 2974 1946 factum
3003 1900 3058 1946 ut
3099 1892 3151 1945 in
3184 1893 3274 1946 illo
3303 1909 3332 1946 a
3366 1893 3508 1964 ligno
3536 1894 3662 1948 vite
3691 1911 3782 1948 se-

2185 1995 2516 2054 pararemur,
2563 1989 2616 2036 et
2661 1989 2830 2034 morte
2871 1982 3028 2035 etiam
3080 1982 3319 2050 corporis
3365 1981 3779 2052 plecteremur?

2183 2076 2320 2144 Quid
2343 2085 2445 2141 est,
2473 2089 2602 2144 rogo
2627 2083 2698 2139 te,
2731 2072 2873 2143 quod
2902 2072 3158 2127 adverStts
3185 2074 3486 2129 divinorum
3525 2077 3778 2146 eloquio-

2187 2179 2305 2221 rutu
2329 2165 2670 2231 evidentiam,
2702 2162 2998 2218 incredibili
3030 2163 3176 2218 rabie
3206 2166 3506 2233 Spumantis
3535 2159 3779 2235 loquaci-'-

2187 2257 2311 2312 tatis
2343 2256 2608 2322 oblatras,
2656 2263 2904 2324 tanquam
2931 2269 3038 2308 non
3077 2256 3243 2324 possit
3284 2256 3336 2309 in
3382 2256 3475 2310 Dei
3525 2257 3780 2326 paradiso

2185 2347 2363 2402 anima
2388 2355 2474 2401 tua
2506 2345 2750 2401 obtinere
2774 2345 2957 2412 vitam,
2984 2345 3085 2401 nisi
3115 2347 3239 2402 illuc
3267 2347 3635 2403 iutroduxeris
3663 2364 3779 2404 cor-

2187 2437 2333 2509 poris
2357 2445 2605 2500 mortcm,
2641 2451 2762 2489 cum
2793 2444 2870 2489 tot
2889 2445 2943 2490 et
2971 2435 3130 2490 tantis
3151 2437 3516 2504 corporalibus
3547 2438 3776 2506 morbis,-

2187 2529 2542 2592 carnificibus,
2578 2527 2998 2596 praecursoribus
3025 2527 3253 2580 mortis?
3279 2527 3510 2582 Attende
3549 2529 3647 2583 tibi
3677 2544 3778 2598 pos

2190 2619 2312 2684 tius,
2337 2633 2404 2672 ne
2436 2618 2486 2672 in
2510 2618 2682 2672 locum
2707 2616 3018 2672 deliciarum
3041 2627 3342 2671 sanctarum
3367 2618 3634 2672 mittendo
3655 2633 3780 2672 cor-

2191 2710 2337 2780 poris
2363 2722 2567 2779 pteuas,
2603 2717 2654 2762 tu
2685 2708 2797 2778 ipse
2824 2707 3022 2777 pendas
3048 2707 3102 2760 in
3125 2707 3240 2762 loco
3266 2718 3648 2778 perpetuorum
3681 2709 3781 2763 dos

2194 2801 2367 2856 lorum
2391 2809 2444 2856 ct
2464 2799 2626 2855 animi
2655 2809 2710 2854 et
2736 2799 2978 2869 corporis
2995 2812 3200 2868 pmuas.

2261 2910 2397 2969 XLl.
2437 2911 2554 2968 JUL.
2592 2908 2650 2966 In
2682 2911 2784 2966 hoc
2830 2927 2958 2966 sane
2995 2910 3113 2965 loco
3154 2910 3482 2981 Augustinus
3525 2909 3777 2967 aculeum

2192 3004 2404 3070 mortis,
2454 3011 2730 3073 peccatum
2760 3000 2892 3056 illud
2935 3000 3182 3074 qpiuatur
3223 3002 3522 3071 antiquum,
3555 3019 3668 3056 non
3697 3004 3783 3056 in—

2195 3095 2437 3166 telligens
2475 3093 2603 3163 quid
2648 3101 2920 3162 sequatur,
2970 3092 3023 3147 id
3063 3103 3165 3159 est,
3225 3093 3380 3146 virtus
3422 3094 3614 3163 pec‘cati
3656 3091 3741 3148 lex
3767 3111 3787 3148 :

2193 3201 2350 3256 quam
2380 3186 2569 3256 legem,
2604 3195 2924 3255 prmceptum
2955 3183 3095 3254 quod
3126 3184 3254 3238 Ada:
3285 3187 3512 3254 positum
3545 3197 3655 3251 est,
3683 3202 3783 3243 cos

2193 3282 2353 3332 natur
2376 3291 2636 3332 asserere.
2654 3273 2758 3331 Sed
2784 3272 2870 3330 illa
2892 3275 2974 3330 lex
2993 3291 3095 3330 non
3123 3273 3219 3330 fuit
3247 3278 3447 3345 peccati
3472 3278 3663 3342 virtus,
3689 3293 3785 3332 ve.

2195 3383 2311 3424 rum
2340 3367 2542 3438 peccati
2582 3383 2768 3438 genus.
2800 3367 2956 3421 Aliud
2984 3377 3068 3422 est
3107 3368 3248 3422 enim
3289 3370 3516 3423 exstanti
3549 3370 3625 3423 rei
3655 3371 3789 3425 dare

2195 3461 2465 3527 virtutem,
2512 3459 2658 3515 aliud
2699 3459 2841 3530 quod
2885 3474 2992 3513 non
3038 3460 3242 3514 exstitit
3295 3475 3601 3530 procreare.
3647 3461 3788 3516 Esus

2197 3565 2327 3622 ergo
2367 3551 2510 3605 illius
2537 3549 2768 3616 arboris,
2817 3549 2864 3605 si
2909 3564 3014 3604 non
3046 3558 3190 3604 esset
3235 3550 3570 3615 iutcrdictus,
3615 3544 3790 3604 malus

2199 3659 2302 3698 non
2346 3642 2876 3712 fuisset:postquam
2925 3651 3105 3696 autem
3154 3629 3467 3695 interdictus
3505 3645 3610 3705 est,
3657 3649 3713 3695 et
3756 3652 3788 3695 a

2148 3796 2149 3799 η
2199 3733 2633 3805 prmvaricatione
2670 3741 2976 3801 usurpatus,
3009 3741 3192 3785 natum
3235 3730 3320 3786 est
3356 3725 3427 3786 ibi
3455 3742 3521 3786 ex
3560 3731 3788 3786 interdi-

2198 3837 2354 3882 cente
2396 3835 2451 3880 et
2485 3820 2858 3880 eontemuente
2899 3825 3478 3893 peccatum:quamvis
3519 3839 3627 3879 non
3669 3819 3792 3878 ideo

2200 3907 2324 3971 data
2365 3915 2452 3970 lex
2491 3914 2698 3978 fuisset,
2727 3920 2786 3968 ut
2821 3911 3260 3982 delinqueretnr;
3293 3912 3387 3967 sed
3432 3924 3611 3968 tamen
3647 3913 3789 3967 idem

2203 3995 2466 4068 faciendo,
2501 4003 2552 4058 id
2579 4014 2681 4070 est,
2706 4002 2773 4058 de
2800 4004 2992 4058 arbore
3017 4001 3368 4066 comedendo,
3398 4018 3502 4056 non
3535 4003 3794 4072 deliquis-

2202 4108 2286 4154 set
2315 4098 2496 4159 homo,
2544 4096 2667 4167 quia
2708 4095 2845 4150 bona
2888 4095 3048 4149 arbor
3091 4106 3226 4161 erat,
3260 4094 3362 4150 nisi
3386 4103 3577 4164 gustus
3621 4096 3794 4164 ejus:

2203 4191 2322 4260 lege
2369 4189 2682 4244 interdictus
2727 4188 2934 4243 fuisset.
2980 4187 3134 4255 Quod
3179 4203 3307 4258 ergo
3349 4202 3445 4256 per
3471 4202 3532 4242 se
3571 4203 3795 4257 pravum
3867 4175 3874 4182 ’

2205 4291 2308 4347 est,
2349 4280 2495 4335 verbi
2542 4280 2710 4350 gratia
2755 4267 3122 4349 parricidium,
3169 4278 3532 4348 Sacrilegium,
3578 4275 3796 4334 adulteo

2205 4371 2363 4435 rium,
2395 4377 2450 4424 et
2475 4363 2671 4423 malum
2700 4383 2821 4424 esse
2845 4370 3004 4424 etiam
3025 4361 3140 4422 sine
3171 4359 3274 4421 lata
3296 4363 3413 4438 lege
3438 4367 3795 4437 dignoscitur,

2205 4455 2343 4518 bene
2383 4459 2575 4516 dicitur
2615 4451 2752 4530 apud
2797 4460 3250 4527 praevaricatores,
3303 4460 3393 4530 qui
3436 4460 3799 4528 cupientiores

2207 4544 2562 4624 prohibitione
2605 4551 2920 4616 redduntur,
2958 4550 3203 4605 virtutem
3244 4551 3536 4619 acquisisse
3578 4564 3678 4620 per
3720 4550 3794 4604 le.

2207 4660 2326 4716 gem
2355 4661 2368 4696 :
2395 4641 2535 4714 quod
2563 4658 2691 4698 vero
2734 4640 2913 4712 inique
2957 4656 3062 4696 non
3096 4649 3398 4710 usurpatur,
3432 4641 3532 4694 nisi
3572 4637 3802 4694 interdi-

2208 4717 2377 4802 catur',
2401 4750 2569 4805 genus
2599 4733 2668 4787 ibi
2699 4725 2933 4802 proprie,
2976 4747 3079 4785 non
3113 4730 3276 4785 robur
3297 4731 3349 4786 ei
3373 4736 3579 4785 constat
3603 4745 3634 4783 a
3665 4730 3802 4801 legis

2209 4827 2489 4880 occasione
2526 4823 2800 4880 collatum.
2833 4823 3029 4877 Verum
3062 4823 3311 4891 quoniam
3342 4821 3428 4876 hic
3457 4816 3524 4874 fui
3566 4821 3802 4890 longior,

2211 4917 2368 4988 hujus
2396 4932 2607 4988 quoque
2652 4915 2771 4969 libri
2814 4907 2920 4968 [ine
2955 4929 3273 4969 commoneo
3302 4914 3550 4968 lectorem
3592 4929 3803 4976 meum.

2211 5017 2268 5062 ut
2293 5006 2573 5076 vigilanter
2593 5005 2860 5076 inspiciat,
2895 5004 3092 5057 nullam
3123 5004 3174 5057 in
3207 5003 3322 5074 lege
3353 5002 3444 5059 Dei
3464 5003 3805 5060 occasionem

2211 5091 2515 5154 Manicltma:
2570 5095 2856 5166 impietatis
2898 5089 3124 5159 oll‘endi;
3171 5094 3264 5149 sed
3304 5094 3348 5148 si
3400 5107 3502 5164 qua
3549 5102 3807 5164 putantur

2213 5189 2478 5260 ambigua,
2508 5189 2799 5244 secundum
2822 5187 3031 5257 regulas
3059 5186 3298 5240 veritatis
3322 5192 3481 5256 atque
3505 5186 3735 5243 rationis
3754 5196 3807 5239 et

2213 5282 2414 5351 espoui
2456 5295 2634 5352 posse,
2679 5290 2732 5334 et
2755 5277 2974 5348 justitize
3003 5277 3291 5332 convenire
3332 5291 3436 5330 non
3475 5272 3706 5331 dubitet.
3740 5275 3810 5331 Et

2217 5371 2335 5427 illos
2367 5385 2494 5441 ergo
2522 5370 2611 5438 qui
2639 5368 2844 5435 dicunt,
2872 5367 2987 5423 Non
3017 5382 3110 5437 per
3138 5364 3413 5421 Christum
3445 5366 3546 5421 erit
3566 5380 3810 5420 resurre-

2215 5467 2323 5522 ctio
2359 5475 2712 5528 mortuorum,
2753 5471 2807 5518 et
2848 5463 2979 5516 istos
3019 5460 3108 5530 qui
3145 5469 3394 5514 asserunt
3428 5471 3580 5528 teque
3615 5471 3807 5512 contra

2216 5557 2554 5627 Apostolutn,
2586 5571 2692 5610 non
2719 5564 2915 5610 nostra:
2937 5564 3141 5607 natura:
3161 5564 3357 5621 corpus
3372 5548 3620 5604 habuisse
3645 5546 3809 5602 Clu-io

2218 5661 2356 5704 stum
2383 5691 2396 5714 ,
2453 5662 2548 5718 per
2602 5644 2743 5717 quod
2795 5643 3204 5699 Manichaeorum
3257 5641 3390 5696 scita
3447 5650 3803 5703 veneramur;
