3970 6184
228 301 353 361 1605

226 416 395 473 eodem
424 422 473 466 et
496 410 582 482 qui
626 409 725 480 legi
756 407 846 464 Dei
873 413 1129 478 congruat
1147 404 1327 473 vigore
1348 401 1692 456 damnamns'

287 508 412 560 Avo.
456 499 566 570 Ego
593 514 860 570 nunquam
888 498 994 551 dixi
1019 511 1136 551 eam
1178 495 1367 564 legem,
1397 508 1516 562 qua:
1552 491 1604 545 in
1633 505 1787 559 para-

225 595 330 650 diso
351 593 480 648 ‘data
525 600 628 658 est,
657 589 968 659 Apostolum
999 585 1344 657 signiﬁcasse,
1377 585 1464 639 ubi
1505 583 1599 646 ait,
1631 583 1788 635 virtus

224 685 400 755 peccati
423 683 523 737 lex.
552 680 768 735 Frustra
813 693 940 750 ergo
972 677 1228 732 adversus
1256 689 1363 740 me,
1397 683 1644 740 tanquam
1687 671 1790 724 hoc

223 776 456 836 dixerim,
489 780 543 825 tu
585 769 749 824 multa
785 767 984 823 dixisti.
1015 766 1276 820 Virtutem
1307 777 1534 832 namque
1561 761 1785 830 peceati,

218 863 317 933 jam
356 861 568 932 quidem
599 858 892 923 existentis,
939 855 1034 910 sed
1078 855 1252 908 minus
1295 852 1621 923 operantis',
1671 865 1788 904 eam

224 957 381 1024 legem
415 966 628 1021 semper
657 947 914 1013 intellexi,
941 947 1006 1001 de
1035 961 1134 1015 qna
1167 945 1305 1000 idem
1333 942 1624 1013 apostolus,
1657 940 1793 1007 Quid

220 1060 330 1114 ergo
375 1043 618 1106 dicemus,
662 1040 867 1109 inquit?
911 1036 1018 1091 Lex
1060 1045 1316 1105 peccatum
1354 1034 1470 1087 est?
1494 1032 1679 1086 Absit:
1705 1031 1793 1084 sed

220 1141 469 1206 peccatum
509 1147 611 1184 non
655 1129 865 1200 cognovi
908 1127 1006 1180 nisi
1034 1141 1124 1196 per
1161 1125 1338 1194 legem.
1374 1121 1514 1175 Nam
1553 1121 1794 1190 concupi-

219 1224 449 1279 scentiam
478 1221 774 1286 nesciebam,
809 1218 906 1272 nisi
944 1215 1026 1270 lea:
1049 1215 1252 1280 diceret,
1290 1212 1413 1266 Non
1451 1213 1790 1281 concupisces.

223 1315 492 1368 Occasione
509 1321 672 1366 autem
699 1318 924 1378 accepta,
951 1316 1207 1379 peccatum
1234 1322 1323 1376 per
1351 1303 1644 1357 mandatum
1669 1317 1794 1372 ope-

219 1416 375 1458 ratum
398 1413 474 1457 est
502 1404 555 1456 in
583 1419 660 1455 me
686 1417 883 1454 omnem
924 1397 1378 1467 concupiscentiam
1406 1394 1580 1467 (Rom.
1615 1409 1707 1458 vlt,
1740 1394 1793 1460 7,

219 1497 288 1568 8).
314 1497 455 1551 Ecce
475 1493 742 1565 quomodo
765 1501 847 1547 est
870 1491 1036 1544 virtus
1057 1489 1258 1560 peccati
1289 1489 1380 1542 lex
1404 1505 1418 1542 :
1447 1487 1624 1541 minus
1652 1486 1795 1541 enim

218 1589 530 1657 operabatur
567 1595 864 1656 peccatum,
893 1581 1106 1654 quando
1129 1579 1621 1651 przevaricationem
1662 1594 1798 1632 non-

219 1679 334 1733 dum
373 1677 715 1747 operabatur,
762 1676 883 1745 quia
926 1675 1014 1728 lex
1057 1671 1292 1726 nondum
1340 1670 1461 1724 data
1501 1677 1616 1724 erat
1651 1685 1664 1721 :
1699 1668 1796 1724 Ubi

217 1769 341 1822 enim
369 1768 455 1821 lex
489 1783 589 1820 non
632 1774 722 1831 est,
753 1781 843 1818 nec
877 1763 1225 1829 prwvaricatio
1255 1760 1369 1828 (Id.
1399 1775 1476 1826 tv,
1508 1758 1619 1829 15).
1655 1759 1800 1814 Non-

217 1859 335 1913 dum
348 1872 480 1930 ergo
504 1867 619 1914 erat
638 1857 809 1910 omnis
827 1852 1274 1923 concupiscentia,
1306 1859 1590 1919 antequam
1613 1849 1797 1920 prohi-

218 1949 412 2004 bitione
458 1949 536 2004 sic
568 1954 860 2010 cresceret,
903 1955 1116 2015 tamque
1154 1943 1307 1999 fortis
1337 1943 1509 2008 ﬁeret,
1549 1952 1606 1997 ut
1634 1943 1798 2013 ipsius

221 2039 611 2108 prolribitionis,
649 2053 750 2108 qua
777 2046 1039 2102 creverat,
1061 2036 1329 2090 vinculum
1363 2043 1655 2104 rumperet.
1690 2034 1800 2088 lloc

216 2139 268 2185 et
316 2141 366 2185 te
413 2131 590 2200 ipsum
635 2128 774 2182 scire
821 2125 1148 2189 monstrasti,
1201 2125 1365 2178 multa
1409 2125 1461 2177 in
1501 2123 1640 2177 hanc
1672 2137 1800 2177 scn-

220 2220 439 2274 tentiam
463 2216 777 2273 disserendo
803 2234 814 2269 :
845 2215 1085 2286 quamvis
1122 2223 1182 2269 ut
1206 2213 1309 2269 hoc
1336 2213 1665 2279 ostenderes,
1699 2213 1800 2266 alia

217 2312 393 2381 potius
421 2309 708 2364 adhibuisti
737 2308 1038 2363 testimonia
1067 2306 1377 2376 apostolica,
1421 2320 1528 2360 non
1572 2305 1674 2360 hoc
1697 2320 1803 2375 quo

219 2419 312 2474 ego
339 2419 486 2457 nunc
511 2418 641 2457 usus
663 2418 820 2466 sitm;
849 2401 1078 2456 fortasse
1113 2401 1255 2466 ideo,
1292 2415 1358 2455 ne
1389 2409 1662 2470 peccatum
1685 2413 1805 2454 esse

219 2495 705 2564 concupiscentiam
733 2486 1007 2548 fatereris.
1042 2493 1392 2562 Apertissime
1421 2491 1615 2561 quippe
1659 2490 1804 2544 illam

221 2584 600 2640 demonstravit
638 2597 759 2638 esse
787 2591 1081 2652 peccatum,
1109 2581 1198 2650 qui
1225 2580 1375 2645 dixit,
1399 2579 1540 2650 quod
1566 2593 1804 2634 comme-

225 2675 418 2730 moravi
451 2691 467 2726 :
497 2671 770 2728 Peccatum
811 2687 912 2724 non
961 2669 1201 2740 cognovi,
1249 2669 1347 2722 nisi
1389 2684 1478 2737 per
1521 2668 1698 2738 legem.
1737 2667 1804 2722 Et

225 2767 363 2822 velut
418 2776 783 2835 qua‘reremus
837 2761 978 2831 quod
1022 2768 1298 2831 peccatum
1329 2777 1341 2812 :
1372 2759 1511 2812 Nam
1563 2759 1805 2830 concupi-

224 2859 481 2924 scentiam,
514 2856 701 2926 inquit,
730 2853 1026 2917 nesciebam,
1057 2852 1152 2905 nisi
1183 2853 1265 2904 (ea:
1289 2851 1493 2914 diceret,
1529 2847 1653 2904 Non
1680 2865 1803 2902 con-

221 2949 462 3018 cupisces.
494 2945 616 2999 Haec
638 2944 793 3014 igitur
818 2941 1265 3011 concupiscentia,
1298 2941 1477 3010 utique
1507 2939 1666 3006 mala,
1701 2954 1806 3009 qna

223 3053 345 3096 caro
390 3035 726 3105 concupiscit
777 3033 1033 3088 adversus
1085 3031 1350 3101 spiritum,
1403 3030 1638 3085 nondum
1691 3037 1807 3084 erat

225 3141 340 3186 ante
376 3129 541 3201 primi
569 3125 801 3180 hominis
824 3124 952 3179 illud
985 3123 1185 3194 grande
1218 3132 1495 3192 peccatum
1520 3139 1534 3176 :
1562 3121 1658 3177 sed
1686 3137 1806 3176 csse

229 3231 346 3276 tunc
369 3219 559 3289 cmpit,
599 3225 948 3286 naturamque
978 3216 1262 3268 humanam
1303 3221 1552 3282 tanquam
1600 3212 1652 3266 in
1698 3220 1809 3266 tra-

228 3312 392 3369 duce'
423 3310 654 3374 vitiavit,
697 3309 837 3363 unde
877 3306 1037 3362 trahit
1065 3305 1323 3376 originale
1352 3314 1648 3375 peccatum.
1675 3303 1809 3358 Cum

230 3404 310 3459 illa
332 3405 533 3474 quippe
559 3401 734 3457 omnis
765 3400 926 3454 homo
957 3399 1192 3453 nascitur
1217 3415 1230 3452 :
1259 3413 1358 3453 nec
1379 3396 1536 3465 hujus
1561 3396 1812 3466 concupi-

231 3497 436 3552 scentia:
494 3502 712 3557 reatus,
754 3491 851 3546 nisi
892 3491 944 3545 in
990 3489 1395 3544 renascentibus
1441 3486 1704 3553 solvitur,
1754 3495 1813 3540 ιιι

233 3599 292 3640 eo
340 3592 463 3654 post
506 3583 644 3638 hanc
704 3579 1096 3640 absolutionem
1150 3592 1256 3632 non
1309 3576 1652 3646 inquinetur,
1706 3575 1811 3629 nisi

231 3677 314 3746 qui
340 3675 389 3732 ei
417 3675 491 3730 ad
520 3657 932 3746 perpetrandum
959 3685 1094 3741 opus
1123 3670 1344 3735 malum,
1375 3669 1560 3738 spiritu
1610 3667 1809 3722 adver-

232 3784 317 3826 sus
355 3785 478 3826 eam
505 3769 587 3824 vel
613 3783 718 3822 non
745 3766 1175 3835 concupiscente,
1212 3763 1298 3816 vel
1328 3777 1430 3816 non
1481 3760 1668 3815 fortius
1693 3775 1814 3814 con-

237 3862 557 3930 cupiscente,
587 3859 870 3916 consentit.
915 3855 1132 3912 Addunt
1166 3869 1294 3925 ergo
1327 3852 1466 3908 vires
1492 3851 1662 3907 eidem
1694 3867 1814 3905 con-

240 3951 569 4022 cupiscentia:
596 3959 832 4021 peccata,
857 3962 974 4018 qua:
1014 3945 1273 4002 accedunt
1301 3943 1511 4014 propria
1539 3941 1812 3996 voluntate

241 4046 588 4114 peccantium,
632 4052 687 4099 et
726 4043 838 4112 ipsa
867 4037 1196 4095 consuetudo
1225 4035 1499 4106 peccandi,
1543 4049 1662 4104 qnze
1707 4047 1814 4087 non

239 4133 422 4190 frustra
472 4135 577 4189 dici
607 4133 746 4189 solet
791 4130 1018 4187 secunda
1052 4138 1236 4184 natura
1264 4144 1278 4182 :
1304 4126 1396 4182 sed
1431 4142 1498 4180 ne
1542 4133 1665 4180 tunc
1708 4125 1817 4192 qni-

241 4224 351 4280 dem
385 4226 564 4281 omnis
602 4233 684 4280 est
724 4221 1174 4293 concupiscentia.
1229 4215 1417 4273 Adhuc
1464 4217 1605 4271 enim
1658 4215 1818 4270 habet

241 4330 338 4385 quo
372 4325 616 4381 crescat;
655 4316 901 4386 quoniam
944 4313 1120 4367 minor
1165 4318 1266 4377 est,
1327 4309 1576 4381 quamdiu
1620 4325 1722 4362 non
1785 4323 1814 4364 a

243 4409 470 4475 sciente,
517 4408 612 4463 sed
650 4400 717 4462 ah
760 4407 1036 4476 ignorante
1082 4411 1348 4473 peccatur.
1397 4401 1522 4455 Ideo
1575 4414 1679 4454 non
1719 4399 1813 4461 ait,

244 4495 353 4552 Non
383 4499 681 4563 habebam;
709 4495 825 4564 sed,
874 4493 1172 4549 Nesciebam
1215 4490 1685 4562 concupiscentiam;
1718 4489 1817 4542 nisi

247 4590 322 4643 lex
360 4590 565 4656 diceret,
614 4586 735 4641 Non
796 4585 1134 4656 concupisces.
1205 4581 1480 4656 Occasione
1539 4590 1703 4634 autem
1730 4596 1818 4633 ac-

244 4689 398 4748 cepta,
449 4655 706 4748 peccatum
749 4693 838 4748 per
879 4655 1172 4729 mandatum
1223 4655 1485 4743 operatum
1527 4680 1600 4724 est
1647 4670 1700 4723 in
1741 4687 1820 4725 me

244 4787 434 4824 onmem
481 4766 957 4836 concupiscentiam.
1006 4763 1192 4820 Omnis
1247 4771 1330 4817 θυι
1371 4761 1511 4816 enim
1561 4761 1816 4830 concupi—

243 4859 460 4925 scentia,
501 4857 710 4927 quando
727 4855 992 4926 prohibita
1031 4855 1481 4921 concupiscuntur
1519 4850 1816 4918 ardentius,

241 4957 292 5003 ct
320 4959 530 5018 peccata
561 4949 671 5020 jam
715 4947 948 5016 cognita,
990 4944 1301 5016 ignorantiae
1347 4943 1549 4997 sublata
1591 4957 1818 4997 excusa-

242 5040 400 5103 tione,
428 5048 483 5094 et
508 5038 794 5094 accedente
818 5037 950 5107 legis
978 5033 1436 5106 przevaricatione,
1469 5034 1816 5087 committun-

245 5136 324 5182 tur
346 5131 645 5185 immanius.
676 5127 829 5185 Unde
853 5128 937 5183 lex
970 5126 1087 5191 Dei,
1121 5123 1257 5196 apud
1287 5138 1382 5179 eos
1419 5138 1552 5194 quos
1583 5140 1686 5178 non
1716 5123 1813 5178 ad-
1851 5116 1854 5120 ’

246 5407 441 5511 “Qui?”
475 5404 580 5458 '°°°
612 5408 663 5456 ίιι
683 5407 1018 5471 mussri-[ms
1037 5407 1312 5469 subjicitur:
1341 5403 1546 5468 Explicit
1585 5403 1706 5456 liber
1726 5415 1815 5456 Ju-

247 5479 322 5513 ιω
361 5503 372 5514 .

247 5480 280 5634 ἱ
293 5480 412 5577 "ut-1x
437 5531 771 5592 manuscriptis
791 5529 884 5579 hoc
905 5528 1011 5579 loco
1043 5528 1260 5578 addimus
1275 5563 1290 5585 ,
1331 5529 1416 5579 sed
1440 5528 1598 5579 minus
1619 5542 1818 5592 operan-

264 5601 317 5636 ιδ.

306 5624 491 5710 δεᾶὶιί,
523 5657 775 5715 temonem
827 5648 1097 5702 traducem.
1156 5659 1207 5699 Αι
1253 5659 1360 5715 .Vss.
1396 5650 1515 5700 Clar.
1564 5647 1614 5702 et
1668 5661 1813 5715 itan,

252 5714 471 5772 tauquam
515 5711 565 5761 in
611 5712 829 5763 traduce.
878 5720 1001 5763 Port.
1021 5748 1036 5767 .
1083 5719 1306 5770 umquam
1343 5712 1392 5762 iit
1438 5719 1706 5765 traducem.

1538 287 1740 343 LlBER
1779 285 2072 342 SEXTUS.

3339 285 3476 346 1608

1891 396 2038 467 juvat
2067 399 2232 468 gratia
2271 400 2359 452 Dei
2389 415 2481 468 per
2521 399 2726 470 Agnum
2760 400 2851 453 Dei
2878 400 2963 470 qui
2995 401 3132 455 tollit
3165 404 3475 472 peceatum'

1897 490 2096 550 mundi.
2125 506 2228 544 non
2255 490 2518 544 correctio
2550 492 2835 558 peccantis,
2867 489 2960 544 sed
2993 491 3157 546 virtus
3186 494 3363 562 potius
3397 501 3478 548 est

1894 580 2032 634 dicta
2071 584 2290 650 peccati.
2335 582 2401 635 Et
2441 581 2560 636 ideo
2609 597 2726 636 cum
2780 582 3020 647 dixisset,
3073 583 3238 639 Virtus
3284 587 3477 653 peccati

1895 667 1998 735 lex,
2031 679 2278 740 tanquam
2308 670 2740 740 responderetur,
2790 671 2924 738 Quid
2957 686 3086 741 ergo
3125 672 3397 738 lacienms,
3432 675 3478 728 si

1897 771 2173 838 pcecatpm
2222 779 2320 817 nec
2365 763 2480 831 lcge
2526 763 2748 828 tollitur,
2788 763 2880 816 sed
2925 765 3186 832 augetur?
3229 767 3481 818 continuo

1896 852 2185 921 subjiciens
2219 855 2305 908 ubi
2349 870 2472 922 spes
2498 854 2687 907 debeat
2712 869 2833 908 esse
2861 855 3224 909 certantibus:
3249 853 3477 919 Gratius,

1897 942 2086 1012 inquit,
2123 943 2231 997 Deo
2258 945 2345 1014 qui
2383 944 2517 996 dedit
2557 943 2698 997 nobis
2743 944 3043 1007 victoriam;
3070 944 3173 1007 vel,
3216 945 3354 998 sicut
3393 946 3483 1000 alii

1896 1034 2106 1089 codices
2138 1034 2352 1100 habent,
2393 1040 2530 1105 quod
2573 1043 2625 1089 et
2653 1036 2808 1105 gru'ci
2853 1037 3065 1100 habent,
3099 1038 3186 1105 qui
3223 1038 3309 1090 dat
3338 1039 3483 1091 nobis

1896 1127 2157 1179 victoriam
2191 1143 2279 1193 per
2303 1127 2577 1180 Dominum
2617 1138 2842 1180 nostrum
2869 1127 3046 1182 Jesum
3073 1129 3345 1183 Christum.
3379 1129 3486 1183 Vua

1897 1217 2108 1270 tissime
2150 1232 2368 1285 prorsus
2401 1235 2412 1270 :
2449 1216 2511 1271 Si
2548 1217 2681 1270 enim
2711 1217 2833 1270 data
2871 1229 2997 1271 esset
3027 1217 3129 1283 lex,
3169 1235 3281 1288 qua:
3320 1222 3488 1288 posset

1897 1308 2171 1376 vivi/icore,
2206 1308 2412 1361 omnino
2455 1325 2518 1362 ea:
2552 1309 2658 1379 lege
2697 1318 2823 1361 esset
2855 1309 3058 1379 justitiu
3085 1325 3104 1362 :
3128 1310 3217 1364 sed
3243 1311 3486 1363 conclusit

1899 1396 2170 1467 Scriptura
2198 1398 2367 1450 omnia
2391 1397 2480 1452 sub
2509 1410 2732 1468 peccato,
2761 1409 2814 1452 ut
2844 1399 3110 1469 promissio
3145 1416 3208 1454 ex
3234 1400 3336 1468 fide
3359 1400 3486 1453 Jesu

1899 1488 2086 1543 Christi
2134 1488 2341 1542 daretur
2395 1489 2708 1543 credentibus
2756 1488 2948 1560 (Galat.
2993 1505 3069 1554 ιιι,
3113 1489 3176 1545 21
3202 1490 3387 1560 e122).
3423 1491 3485 1545 lli

1899 1581 2041 1634 enim
2088 1589 2212 1635 sunt
2258 1580 2348 1635 ﬁlii
2397 1581 2764 1649 promissionis
2808 1590 2862 1636 et
2904 1597 3027 1635 vasa
3082 1583 3484 1649 miscricordim,

1898 1673 2091 1743 quibus
2128 1672 2250 1728 ideo
2284 1673 2405 1728 data
2437 1682 2519 1728 est
2561 1674 2841 1743 promissio
2881 1690 2944 1728 ex
2975 1674 3078 1728 llde
3109 1674 3234 1730 Jcsn
3263 1675 3484 1740 Christi,

1899 1767 2020 1836 quia
2048 1765 2464 1820 misericordiam
2495 1767 2765 1820 consecuti
2803 1775 2946 1830 sunt,
2980 1776 3034 1819 ut
3064 1765 3247 1820 ﬁdeles
3282 1778 3486 1832 essent,

1898 1855 2041 1926 quod
2072 1855 2235 1912 etiam
2255 1855 2322 1910 de
2343 1869 2400 1910 se
2419 1857 2533 1925 ipso
2553 1855 2682 1909 dicit
2706 1856 2993 1924 Apostolus
3017 1856 3062 1924 (l
3084 1855 3203 1910 Cor.
3236 1871 3327 1919 vn,
3350 1855 3447 1925 25)
3473 1875 3486 1908 :

1902 1962 1970 2002 ne
1998 1947 2081 2000 vel
2110 1947 2221 2014 ipsa
2250 1945 2402 2008 ﬁdes.
2433 1961 2498 2000 ex
2520 1961 2623 2015 qua
2649 1946 2850 2015 incipit,
2877 1955 2929 2000 et
2956 1947 3020 2001 ad
3049 1963 3205 2017 quam
3235 1949 3487 2012 refertur,

1902 2035 2158 2105 quidquid
2210 2045 2569 2105 temperanter
2616 2037 2833 2104 etjuste
2879 2045 2933 2090 et
2983 2036 3066 2104 pie
3107 2038 3363 2107 gerimus,
3419 2040 3489 2093 ita

1907 2126 2168 2180 tribuatur
2213 2135 2408 2181 nostra:
2451 2127 2742 2180 voluntatis
2790 2126 3030 2191 arbitrio,
3082 2137 3330 2198 tanquam
3384 2145 3489 2185 non

1907 2217 2061 2271 nobis
2091 2217 2202 2272 Deo
2243 2217 2532 2271 miserante
2566 2216 2827 2279 donetur;
2859 2232 2889 2270 a
2920 2232 3024 2285 quo
3049 2219 3206 2271 etiam
3246 2219 3494 2274 voluntas

1908 2308 2042 2376 ipsa,
2096 2308 2236 2362 sicut
2277 2307 2532 2376 scriptum
2590 2315 2692 2371 est,
2751 2315 3078 2376 praeparatur
3130 2306 3323 2375 (Prov.
3375 2325 3490 2374 vui,

1907 2415 2008 2452 sec.
2037 2397 2224 2470 LXX).
2258 2397 2412 2453 Unde
2449 2409 2629 2452 sancta
2658 2399 2894 2454 Ecclesia
2928 2415 3022 2468 per
3063 2413 3155 2454 ora
3185 2401 3493 2470 supplican-

1910 2491 2040 2544 tium
2081 2489 2416 2544 sacerdotum
2465 2505 2571 2544 non
2611 2491 2782 2544 solum
2822 2505 2919 2558 pro
2946 2489 3208 2557 ﬁdelibus,
3253 2500 3310 2544 ιιι
3337 2491 3388 2545 in
3428 2507 3498 2545 eo

1907 2581 2048 2651 quod
2075 2581 2322 2647 credunt,
2347 2591 2725 2652 perseverante
2746 2583 2942 2652 pietate
2968 2597 3072 2636 non
3099 2582 3369 2647 deﬁciant,
3401 2600 3495 2639 ve-

1909 2688 2028 2726 rum
2071 2672 2231 2726 etiam
2269 2686 2364 2742 pro
2396 2672 2696 2726 inﬁdelibus
2736 2679 2872 2732 orat,
2917 2681 2973 2725 ut
2997 2671 3240 2727 credant.
3284 2673 3362 2727 Ex
3389 2688 3496 2743 quo

1909 2765 2052 2819 enim
2083 2779 2180 2834 per
2208 2764 2498 2818 humanum
2521 2764 2746 2818 liberum
2768 2763 3046 2818 arbitrium
3075 2763 3242 2818 Adam
3271 2767 3498 2819 commi-

1909 2857 1980 2911 sit
2013 2856 2142 2911 illud
2169 2856 2370 2926 grande
2401 2865 2697 2925 peccaturo,
2729 2865 2784 2910 et
2813 2870 2971 2910 omne
3007 2869 3178 2924 genus
3204 2855 3494 2911 humanum

1913 2947 1965 3000 in
1993 2961 2276 3001 commune
2301 2945 2572 3000 damnavit
2595 2945 2876 3017 (Chrysost.
2923 2943 3089 3016 Epist.
3129 2945 3198 2998 ad
3233 2944 3499 3016 Olympia-

1912 3035 2074 3108 dem),
2106 3037 2174 3092 ab
2198 3037 2296 3091 hac
2318 3035 2588 3090 communi
2613 3035 2952 3089 damnatione
2980 3033 3224 3090 homines
3253 3037 3497 3106 quicum-

1912 3145 2016 3200 que
2043 3129 2357 3192 liberantur,
2390 3127 2600 3182 nonnisi
2628 3127 2804 3181 divina
2845 3128 3015 3197 gratia
3047 3138 3101 3182 et
3134 3129 3499 3184 misericordia

1913 3221 2240 3284 liberantur;
2270 3227 2324 3273 et
2359 3217 2613 3288 quidquid
2639 3218 2724 3273 lex
2759 3219 2848 3272 Dei
2868 3218 3042 3288 jubet,
3075 3221 3284 3274 nonnisi
3315 3235 3380 3276 eo
3407 3221 3498 3291 qni

1909 3311 2063 3380 jubet
2101 3309 2404 3380 adjuvante.
2437 3309 2750 3379 inspirante,
2782 3309 3015 3364 donante
3041 3310 3380 3379 completur:
3407 3311 3499 3380 qui

1915 3410 2132 3472 rogatur
2171 3411 2226 3455 ut
2257 3411 2622 3472 permaneant,
2665 3411 2720 3456 ut
2751 3401 3046 3470 proﬁciant,
3078 3409 3134 3456 ut
3159 3403 3501 3472 pcrliciantur

1917 3492 2131 3557 lideles;
2161 3492 2248 3562 qui
2271 3500 2487 3561 rogatur
2514 3493 2674 3546 etiam
2704 3501 2760 3548 ut
2788 3493 3008 3549 credere
3028 3493 3281 3564 incipiant
3307 3495 3498 3550 inlide-

1918 3583 2016 3638 les.
2048 3584 2190 3652 Quas
2222 3585 2472 3640 Ecclesia:
2496 3595 2692 3640 saneta:
2719 3601 2908 3656 preces
2935 3596 3045 3642 t0to
3071 3596 3330 3644 terrarum
3370 3591 3502 3645 orbe

1916 3683 2220 3730 crescentes
2268 3685 2320 3731 et
2361 3676 2644 3743 ferventes,
2693 3679 2998 3748 opprimere
3051 3695 3114 3736 ac
3159 3683 3501 3754 exstinguere

1917 3765 2156 3834 cupiunt,
2201 3767 2288 3835 qui
2331 3775 2517 3822 contra
2556 3767 2710 3821 istam
2746 3768 2840 3822 Dei
2882 3771 3102 3840 gratiam
3132 3770 3376 3828 humanm
3405 3790 3502 3828 vo-

1919 3857 2133 3910 luntatis
2173 3857 2472 3925 arbitrium,
2520 3865 2580 3913 ut
2629 3861 2842 3929 gravius
2889 3860 2958 3916 de
2996 3863 3103 3916 alto
3147 3864 3500 3933 przccipitcut,

1919 3947 2180 4003 extollunt
2217 3935 2413 4017 potius,
2443 3964 2602 4019 quam
2629 3947 2940 4004 defendunt.
2979 3949 3034 4005 In
3057 3952 3248 4021 quibus
3274 3965 3502 4009 conten-

1922 4043 2112 4098 tiosum
2143 4042 2316 4096 locum
2346 4042 2428 4097 vel
2462 4041 2581 4105 soli,
2606 4042 2689 4096 vel
2721 4042 2987 4112 pra-cipue
3008 4059 3104 4098 vos
3135 4045 3325 4100 tenetis
3339 4047 3384 4113 ',
3412 4047 3502 4116 qui

1919 4131 2186 4187 Christum
2212 4132 2394 4188 .lesnm
2418 4133 2650 4202 parvulis
2677 4149 2779 4187 non
2810 4134 2971 4188 vultis
2996 4149 3117 4191 esse
3140 4134 3342 4200 Iesum,
3369 4152 3505 4207 quos

1921 4224 2066 4277 nullo
2095 4233 2310 4294 peccato
2341 4224 2585 4294 originali
2610 4225 2951 4279 attaminatus
2987 4241 3107 4282 esse
3141 4228 3500 4282 contenditis:

1921 4329 2040 4368 cum
2070 4314 2158 4368 ille
2187 4324 2465 4384 propterea
2491 4313 2646 4368 Jesus
2691 4315 2986 4385 appellatus
3027 4317 3114 4380 sit,
3146 4317 3267 4386 quia
3295 4317 3502 4377 salvum

1921 4404 2045 4461 fecit
2068 4408 2317 4476 populum
2345 4422 2523 4474 suum,
2550 4421 2654 4461 non
2682 4423 2710 4461 a
2733 4407 3097 4476 corporalibus
3121 4408 3340 4477 morbis,
3369 4425 3509 4481 quos,

1922 4505 1976 4552 et
2010 4497 2061 4551 in
2090 4498 2285 4567 popqu
2313 4513 2417 4550 non
2457 4512 2555 4551 suo
2592 4511 2780 4552 sanare
2807 4498 3105 4564 consuevit,
3135 4498 3228 4553 sed
3258 4514 3288 4553 a
3317 4515 3508 4569 peccas

1924 4589 1990 4643 tis
2013 4603 2195 4643 eorum
2221 4587 2444 4659 (Matth.
2477 4603 2514 4653 ι,
2535 4585 2650 4656 21).
2692 4589 2941 4654 Quamvis
2977 4602 3105 4658 ergo
3133 4589 3418 4659 Apostolus
3450 4591 3504 4652 in

1925 4695 1990 4735 eo
2005 4679 2144 4750 quod
2171 4680 2264 4740 ait,
2302 4677 2517 4732 Aculeus
2542 4687 2708 4732 autem
2745 4679 2918 4732 mortis
2946 4689 3018 4734 est
3044 4692 3318 4751 peccatum,
3355 4683 3501 4739 illam

1924 4772 2040 4827 sine
2073 4769 2418 4839 ambiguitate
2453 4771 2776 4839 expresserit
2815 4780 3063 4835 mortem,
3105 4787 3225 4842 qua:
3266 4789 3504 4831 resurre-

1924 4861 2088 4916 ctioni
2115 4861 2374 4930 corporis,
2417 4860 2485 4915 de
2509 4876 2610 4932 qua
2653 4861 2982 4932 loquebatur,
3029 4864 3269 4930 opposita
3305 4875 3410 4932 est,
3451 4866 3503 4923 id

1924 4966 2022 5020 est,
2053 4955 2294 5025 corporis
2324 4963 2580 5019 mortem;
2615 4955 2725 5023 ipsa
2766 4955 2906 5008 enim
2931 4953 3296 5009 absorbehitur
3339 4955 3392 5011 in
3423 4956 3508 5012 vi-

1926 5047 2168 5111 ctoriam,
2214 5044 2428 5115 quando
2476 5059 2703 5113 corpore
2746 5042 3005 5113 spirituali
3053 5055 3370 5114 resurgente
3390 5051 3503 5117 jam

1928 5153 2030 5191 non
2059 5137 2178 5200 erit,
2207 5135 2329 5206 quia
2374 5134 2742 5188 immortalitas
2773 5133 2930 5188 etiam
2958 5136 3202 5204 corporis
3229 5138 3352 5204 erit,
3384 5153 3508 5207 qua

1929 5229 2072 5283 nullo
2114 5235 2332 5297 peccato
2367 5225 2533 5296 possit
2569 5224 2775 5279 amitti:
2807 5232 2979 5280 tamen
3025 5227 3077 5281 in
3121 5241 3189 5283 eo
3225 5227 3364 5298 quod
3413 5243 3504 5283 se-

1926 5329 2079 5375 cutus
2118 5317 2377 5387 adjunxit,
2435 5314 2608 5370 Virtus
2637 5331 2750 5369 vero
2789 5318 3001 5386 peccati,
3031 5318 3135 5382 (ex,
3183 5332 3288 5371 non
3333 5317 3504 5385 legem

1926 5409 2260 5480 signiﬁcavit,
2287 5423 2406 5479 quae
2435 5407 2557 5463 data
2588 5414 2670 5462 est
2696 5406 2746 5460 in
2781 5407 3060 5477 paradiso;
3091 5409 3178 5462 illa
3209 5407 3350 5461 enim
3378 5419 3502 5473 pec-

1926 5503 2050 5569 cati,
2072 5501 2211 5572 quod
2236 5501 2438 5555 nullum
2468 5498 2644 5554 adhuc
2671 5509 2803 5564 erat,
2826 5500 2990 5554 virtus
3014 5513 3130 5553 esse
3159 5511 3262 5551 non
3288 5503 3508 5564 posset;

1991 5655 2005 5686 ¹
2031 5663 2102 5705 Sic
2126 5660 2230 5702 Mss.
2258 5659 2304 5701 tn
2331 5655 2487 5715 \‘ign.,
2513 5659 2721 5710 nece-rm.

1989 5719 2008 5748 ι
2033 5724 2104 5763 διε
2129 5722 2231 5761 Mss.
2257 5723 2305 5762 tu
2336 5717 2484 5776 \ign.,
2507 5721 2712 5764 tenentes
