3970 6184
488 366 623 425 ΙὸὑἹ

482 483 579 536 sed
613 496 729 536 eam
754 480 926 550 legem
951 480 1198 533 Virtutem
1228 475 1359 529 dixit
1386 489 1505 528 esse
1534 473 1759 543 peccati,
1787 487 1907 541 quze
1934 470 2062 524 sub-

483 573 700 628 iutravit
726 582 783 626 ut
807 570 1101 625 abundaret
1127 572 1422 636 peccatum,
1441 576 1495 618 et
1515 571 1825 633 operaretur
1849 575 2062 615 omnem

484 661 968 732 concupiscentiam
1008 677 1021 712 :
1052 658 1102 712 id
1150 665 1252 721 est,
1286 670 1391 710 non
1441 669 1560 710 eam
1602 662 1830 719 tantum,
1860 667 1979 722 qua:
2011 651 2064 705 in

482 753 731 823 paradiso
784 760 971 805 exorta
1018 748 1357 802 mortiﬁcavit
1401 755 1455 800 et
1499 758 1730 813 corpus,
1782 758 1905 805 eum
1962 755 2067 811 qua

484 845 659 899 omnis
682 842 840 897 homo
865 841 1134 903 nascitur;
1165 855 1264 893 nec
1289 853 1405 893 eam
1436 844 1661 903 tantum,
1687 851 1807 906 qua:
1836 834 2067 905 peccttis

487 950 580 1000 per
607 933 866 1002 cujusque
904 930 1072 984 malos
1110 942 1287 983 mores
1320 926 1698 982 accedentibus
1741 926 1941 990 crevit;
1972 938 2066 979 ve-

488 1039 602 1077 rum
641 1022 801 1077 etiam
824 1022 992 1086 illam,
1020 1035 1138 1089 qua:
1166 1017 1416 1072 mandato
1445 1016 1761 1086 prohibente
1793 1014 2070 1069 ardentius

487 1115 736 1180 excitata,
778 1113 843 1167 ad
869 1112 1357 1182 praevaricationem
1392 1124 1558 1178 usque
1594 1109 1872 1178 pervenit:
1906 1116 1962 1161 ut
1986 1107 2070 1161 vi-

487 1204 676 1264 ctoria,
704 1218 805 1273 qua
828 1217 945 1256 non.
963 1202 1132 1256 solum
1163 1200 1368 1270 peccati
1392 1198 1675 1268 cupiditas,
1698 1212 1882 1252 verum
1911 1196 2071 1250 etiam

494 1294 681 1349 mortis
724 1293 1017 1362 corporalis
1042 1293 1344 1346 vinceretur
1386 1291 1560 1353 timor,
1594 1299 1866 1358 postremo
1907 1288 2073 1357 ipsius

492 1386 827 1441 mortalitatis
880 1385 1256 1440 absorberetur
1302 1382 1613 1445 inﬁrmitas,
1660 1396 1764 1436 non
1815 1381 1931 1451 lege
1981 1393 2075 1449 per

495 1475 732 1545 Muyscm
757 1476 899 1538 data,
936 1476 1029 1529 sed
1060 1490 1154 1544 per
1179 1473 1450 1529 Christum
1493 1472 1628 1526 facta
1651 1472 1820 1542 gratia
1850 1478 2075 1541 prmstab

495 1576 661 1621 retur.
712 1566 941 1620 Proinde
993 1566 1063 1619 ita
1117 1564 1257 1619 dixit
1299 1563 1605 1633 Apostolus,
1654 1560 1872 1615 Acuieus
1910 1569 2077 1613 autem

419 1657 429 1692 ε’
496 1657 670 1711 mortis
704 1666 776 1711 est
821 1666 1109 1726 peccatum;
1148 1656 1305 1709 virtus
1343 1669 1458 1708 vero
1498 1653 1706 1722 peccati,
1735 1651 1858 1706 lex:
1887 1651 2078 1721 gratias

501 1757 668 1801 autem
711 1747 816 1800 Deo
842 1748 924 1816 qui
952 1746 1039 1799 dat
1073 1747 1214 1799 nobis
1248 1744 1506 1798 victoriam
1547 1759 1636 1814 per
1672 1742 1946 1796 Dominum
1986 1754 2079 1794 no-

404 1834 437 1866 ”
496 1852 662 1895 stram
707 1839 887 1894 Jesum
927 1838 1181 1894 Christum
1222 1853 1242 1893 :
1278 1847 1526 1907 tauquam
1569 1836 1791 1901 diceret,
1846 1834 2079 1890 Aculcus

499 1932 715 2001 quidem
760 1920 948 1985 mortis
1005 1940 1086 1985 est
1137 1938 1434 2000 peccatum,
1478 1929 1599 1998 quia
1646 1935 1865 1998 peccato
1916 1927 2076 1980 etiam

499 2035 648 2076 mors
689 2022 790 2075 ista
829 2022 1071 2089 corporis
1113 2020 1247 2074 facta
1274 2028 1384 2084 est;
1416 2021 1569 2088 cujus
1617 2018 1819 2073 auctori
1845 2017 1930 2071 vel
1978 2016 2079 2088 ipsi

499 2112 663 2167 etiam
702 2112 862 2165 morti
891 2111 1099 2165 dicetur
1128 2111 1179 2164 in
1210 2111 1313 2164 ﬁne
1352 2110 1418 2164 ab
1456 2110 1555 2178 eis,
1599 2111 1790 2181 quibus
1827 2110 1879 2164 in
1910 2109 2079 2180 gloria

497 2202 901 2272 resurgentibus
942 2201 1337 2267 absorbcbitur,
1384 2200 1482 2255 Ubi
1524 2209 1619 2265 est,
1665 2216 1821 2267 mors,
1872 2201 2080 2255 victoria

459 2308 470 2318 ·
499 2292 624 2346 tua?
650 2292 733 2346 ubi
756 2302 851 2358 est,
885 2307 1038 2356 mors,
1071 2292 1278 2347 aculeus
1304 2294 1460 2346 tuus?
1485 2292 1578 2348 sed
1618 2293 1719 2347 iste
1745 2293 1984 2357 aculeus,
2026 2291 2079 2347 id

499 2393 584 2438 est
613 2390 907 2452 peccatum,
938 2397 1033 2451 per
1065 2398 1227 2437 unum
1259 2383 1581 2453 ingrediens,
1608 2390 1663 2437 et
1688 2383 1739 2436 in
1767 2396 1953 2437 omnes
1986 2382 2086 2437 ho-

504 2474 678 2528 mines
715 2488 835 2528 cum
877 2482 1050 2528 morte
1075 2474 1458 2543 pertransiens,
1490 2475 1610 2528 aliis
1647 2488 1860 2544 quoque
1888 2474 2083 2529 additis

503 2566 937 2634 multiplicatum,
975 2580 1073 2620 nec
1102 2566 1187 2621 lex
1211 2575 1395 2620 sancta
1425 2575 1480 2621 ct
1495 2566 1635 2635 justa
1664 2575 1717 2620 et
1748 2566 1884 2621 bona
1916 2566 2083 2635 quivit

503 2658 756 2713 auierre‘
796 2674 810 2709 :
850 2657 1020 2711 virtus
1063 2658 1204 2710 enim
1233 2657 1410 2726 potius
1446 2657 1563 2726 ejus
1598 2656 1783 2711 eﬁ'ecta
1824 2666 1926 2722 est,
1959 2670 2082 2710 cum

502 2747 767 2819 prohibita
788 2748 1216 2818 concupiscentia
1243 2747 1411 2817 magis
1430 2747 1750 2812 ardesceret,
1779 2757 1833 2803 et
1858 2747 1923 2803 ad
1946 2763 2084 2818 pra:-

497 2837 843 2893 varicationis
862 2836 1131 2891 cumulum
1162 2837 1486 2907 perveniret.
1507 2837 1643 2905 Quid
1668 2850 1795 2908 ergo
1824 2839 2080 2907 restabat,

503 2927 608 2982 nisi
638 2936 696 2981 ut
721 2927 890 2998 gratia
920 2927 1267 2983 subveniret?
1308 2925 1511 2981 Gratias
1539 2924 1717 2997 itaque
1744 2928 1854 2982 Deo
1880 2930 1966 2999 qui
1993 2928 2083 2983 dat

503 3018 650 3071 nobis
673 3017 931 3072 victoriam
955 3034 1044 3087 per
1064 3017 1340 3072 Dominum
1355 3027 1578 3073 nostrum
1595 3018 1771 3073 Jcsum
1790 3018 2044 3075 Christum
2063 3038 2085 3088 ,-

499 3109 597 3177 qui
637 3115 817 3162 nostra
846 3094 1023 3163 debita
1047 3108 1383 3173 dimittenda,
1427 3119 1480 3163 et
1510 3125 1608 3164 nos
1653 3109 1704 3163 in
1737 3110 2082 3166 tentatiouem

509 3214 614 3253 non
654 3196 950 3265 inferendo,
995 3199 1061 3252 ad
1094 3200 1435 3254 novissimam
1476 3200 1770 3268 victoriam,
1802 3217 1903 3271 qua
1938 3217 2085 3257 mors

504 3290 665 3344 etiam
705 3289 944 3357 corporis
989 3289 1359 3357 absorbeatur,
1408 3290 1655 3355 adducit;
1688 3291 1856 3361 utqui
1886 3292 2086 3361 gloria.

505 3390 609 3440 tur.
642 3393 747 3434 non
778 3379 1013 3434 conﬁdat
1046 3379 1098 3433 iu
1125 3381 1319 3435 virtute
1361 3397 1477 3448 sua,
1504 3382 1596 3436 sed
1637 3383 1687 3436 in
1720 3383 1945 3437 Domino
1972 3384 2089 3454 glo-

503 3472 669 3525 rietur
690 3471 755 3540 (li
778 3470 895 3525 Cor.
928 3488 981 3536 κ,
1016 3472 1128 3540 t7).
1160 3473 1283 3526 [huc
1311 3483 1452 3527 recta
1477 3482 1533 3527 et
1563 3473 1821 3529 catholica
1852 3475 2002 3541 ﬁdes,
2033 3476 2087 3530 in

506 3575 609 3628 qua
661 3561 822 3614 etiam
865 3561 1148 3616 didicimus
1191 3571 1245 3616 et
1290 3572 1552 3629 tenemus,
1604 3573 1829 3619 mortem
1874 3580 2089 3636 quoque

509 3650 751 3719 corporis
788 3665 855 3704 eo
882 3651 1067 3706 aculeo
1097 3651 1306 3718 iactam,
1339 3654 1477 3723 quod
1517 3669 1599 3710 eet
1622 3665 1895 3724 peccatum
1917 3699 1931 3722 ,
1966 3666 2085 3711 tan-

509 3748 618 3794 tum
652 3756 682 3792 a
709 3740 1120 3797 Manichaeorum
1160 3747 1379 3798 errore’l
1406 3745 1615 3800 diversa
1661 3755 1763 3814 est,
1806 3747 2089 3818 eique'po-

570 3882 695 3958 {sic
726 3894 900 3958 omnes
923 3883 1071 3947 editi;
1095 3891 1159 3958 at_
1179 3899 1356 3958 sensus
1377 3891 1583 3958 requirit
1601 3899 1655 3942 ut
1676 3893 1747 3943 sic
1779 3891 2090 3958 legaturjste

512 3941 735 4019 WE,“
748 3944 862 4019 aliis
883 3941 1274 4019 (ιυορςιὲτιίιιιξιίδ
1292 3941 1653 4019 multiplicatus,
1679 3941 1771 4006 nec
1784 3941 2093 4019 133851135

513 4007 936 4096 εί
953 4007 1328 4096 Ἱξῖέἴέὶέἓὶῗῖῗὲ
1349 4007 1533 4096 ιεηζλὲ

619 4069 936 4143 \‘ignieriusn
959 4069 1330 4143 Manichaeorum
1351 4073 1542 4126 diversa
1561 4082 1649 4127 est.
1688 4078 1959 4143 Adjecimus
1977 4115 1991 4142 ,
2016 4094 2093 4132 er-

508 4134 640 4188 rore,
681 4140 746 4177 ex
779 4134 1131 4194 manuscriptis.

909 362 1154 421 OPERIS
1194 363 1602 419 IMPERFHJTI
1641 361 1913 415 CONTRA
1950 357 2309 424 JULIANUM,
2348 356 2406 413 S.
2436 354 2799 414 AUGUSTINI
2840 354 3039 411 LlBER
3078 355 3370 415 SEXTUS.

3617 359 3750 418 1608

2174 469 2283 523 tius
2310 467 2610 522 declaratur
2651 466 2899 532 adversa,
2933 475 2991 521 ut
3022 467 3297 522 vobiscum
3340 467 3414 522 illi
3444 468 3624 524 dicant
3656 484 3751 539 po-

2174 560 2302 626 tius,
2327 574 2484 630 quam
2515 559 2815 626 nobiscum,
2843 559 2921 614 sic
2943 559 3223 614 mortalem
3252 560 3421 615 Adam
3454 562 3669 627 factum,
3694 573 3753 618 ut

2177 651 2291 706 sive
2333 658 2599 720 peccaret,
2646 651 2758 705 sive
2799 665 2906 723 non
2951 660 3217 719 peccaret,
3262 650 3557 708 moriturus
3598 666 3751 708 esset.

2175 741 2286 797 Nec
2310 742 2519 797 tamen‘
2551 740 2671 795 ideo
2694 755 2790 795 vos
2814 740 3135 796 Manichaeos
3159 741 3408 805 dicimus.
3440 743 3566 812 quia
3596 751 3652 798 et
3672 758 3758 798 vos

2178 831 2284 886 hoc
2310 830 2487 885 dicitis
2510 848 2523 883 :
2544 844 2643 885 nec
2661 829 2854 886 videtis
2875 839 3073 897 tamen,
3096 846 3269 902 neque
3292 846 3390 886 nos
3413 847 3444 886 a
3469 833 3623 887 vobis
3647 833 3759 888 ideo

2177 921 2284 978 dici
2310 922 2508 978 debere
2549 922 2891 985 Manichaaos,
2935 923 3057 991 quia
3108 923 3306 977 malum
3346 938 3467 978 esse
3508 925 3760 995 concupi-

2180 1012 2458 1075 scentiam,
2488 1026 2592 1081 qua
2621 1026 2746 1066 caro
2770 1012 3100 1081 concupiscit
3124 1012 3382 1068 adversus
3406 1014 3680 1083 spiritum,
3710 1024 3762 1069 et

2181 1102 2259 1156 illi
2298 1110 2353 1156 et
2380 1116 2478 1155 nos
2499 1100 2745 1155 dicimus.
2770 1101 2877 1155 Sed
2897 1115 2993 1155 vos
3020 1100 3088 1155 ab
3114 1101 3213 1168 eis,
3256 1102 3308 1155 in
3344 1118 3411 1157 eo
3437 1105 3584 1173 quod
3613 1105 3762 1157 simul

2181 1193 2377 1260 dicitis,
2407 1192 2650 1248 dissimili
2679 1193 2915 1264 quidem,
2946 1203 3311 1250 verumtamen
3343 1196 3448 1251 alio
3473 1212 3667 1251 errore
3686 1198 3763 1251 di-

2182 1284 2352 1351 statis,
2382 1285 2471 1355 qui
2512 1294 2736 1340 mortem
2775 1284 2954 1339 carnis
2994 1300 3100 1340 nou
3141 1285 3278 1341 sicut
3306 1287 3381 1341 illi
3425 1298 3637 1343 natura:
3678 1289 3764 1343 tri-

2183 1374 2344 1430 buitis
2370 1376 2579 1442 alienae,
2611 1376 2871 1446 nobisque
2915 1377 3223 1447 permixtae,
3272 1377 3369 1433 sed
3405 1393 3524 1434 eam
3566 1390 3764 1435 natura

2184 1466 2330 1521 nullo
2363 1465 2558 1521 vitiata:
2587 1475 2804 1536 peccato
2834 1468 3124 1539 impii-gitis
3149 1476 3349 1524 nostra:
3372 1484 3387 1524 :
3414 1485 3477 1524 ac
3502 1472 3585 1526 sie
3613 1486 3766 1541 para-

2184 1558 2359 1614 disum
2387 1558 2777 1614 honestissima:
2820 1574 2885 1615 ac
2912 1552 3237 1616 felicissima:
3262 1561 3572 1631 voluptatis,
3616 1561 3763 1617 fune-

2186 1648 2334 1704 ribus
2357 1659 2686 1705 mortuorum
2706 1658 2759 1705 et
2779 1649 3101 1707 cruciatibus
3126 1651 3465 1707 morientium
3492 1653 3769 1710 infeliciter

2187 1748 2347 1811 atque
2392 1739 2701 1797 indecenter
2730 1741 2965 1812 impletis
2984 1740 3085 1814 (a).
3129 1741 3241 1798 Nos
3265 1752 3415 1809 vero,
3446 1744 3497 1798 in
3536 1758 3609 1799 eo
3635 1744 3766 1814 quod

2186 1846 2308 1887 cum
2337 1832 2644 1889 Manichteis
2668 1834 2895 1893 dicimus
2919 1836 3403 1905 concupiscentiam
3431 1838 3637 1905 carnis,
3671 1854 3769 1909 qua

2189 1934 2372 1981 contra
2422 1926 2663 1995 spiritum
2713 1928 3059 1997 concupiscit,
3113 1925 3310 1982 malum
3358 1942 3499 1997 esse,
3544 1939 3707 1999 atque
3738 1946 3768 1985 a

2189 2018 2346 2073 Patre
2366 2033 2471 2072 non
2496 2033 2615 2074 esse
2645 2018 2688 2089 (l
2712 2017 2867 2073 Joan.
2896 2034 2951 2082 ιι,
2978 2018 3091 2093 16),
3120 2034 3224 2074 non
3244 2020 3312 2075 ab
3336 2022 3416 2077 eis
3436 2022 3562 2088 alio,
3593 2037 3771 2093 quatu-

2190 2110 2275 2164 vis
2303 2109 2564 2175 dissimili,
2600 2119 2779 2165 tamen
2810 2111 2927 2180 ipso
2956 2110 3211 2166 haeretica
3235 2124 3442 2174 errore.
3472 2112 3569 2169 sed
3594 2113 3770 2169 callio-

2190 2199 2290 2255 lica
2314 2198 2542 2256 veritate
2567 2200 2853 2268 distamus;
2883 2202 3005 2273 quia
3030 2203 3183 2259 istam
3206 2202 3523 2259 discordiam
3549 2203 3768 2258 duarum

2190 2293 2739 2362 concupiscentiarum
2776 2295 2953 2349 carnis
2991 2305 3046 2350 et
3086 2296 3322 2365 spiritus,
3362 2310 3472 2350 non
3512 2310 3640 2350 cum
3676 2297 3769 2351 illis

2190 2398 2288 2453 per
2333 2385 2520 2439 aliena:
2566 2385 2691 2463 Deo.
2721 2394 3003 2441 consternat
3051 2387 3312 2456 malasque
3363 2395 3569 2441 natura
3623 2401 3765 2441 com-

2190 2476 2503 2532 mixtionem
2545 2477 2698 2533 nobis
2733 2478 3010 2543 accidisse,
3048 2478 3142 2533 sed
3183 2493 3305 2533 cum
3345 2478 3617 2534 catholico
3650 2480 3770 2532 Am-

2192 2567 2372 2622 brosio
2425 2567 2647 2638 ejusque
2700 2570 3070 2637 consortibus,
3135 2584 3232 2640 per
3279 2571 3761 2640 prmvaricatimrem

2193 2657 2348 2725 primi
2379 2654 2609 2712 hominis
2654 2657 2707 2711 in
2740 2667 2979 2713 naturam
3020 2670 3253 2714 nostram
3280 2662 3505 2716 vertisse
3540 2661 3771 2732 (Artibus

2193 2748 2316 2811 sius,
2359 2748 2445 2802 lib.
2494 2749 2525 2803 7
2564 2751 2617 2803 in
2661 2749 2790 2806 Luc.
2836 2766 2935 2813 xu.
2975 2744 3065 2824 55)
3111 2752 3443 2821 disserimus,
3486 2763 3543 2809 et
3587 2764 3765 2809 contra

2193 2848 2447 2907 utrosque
2508 2848 2741 2895 vestrum
2800 2841 3025 2897 ﬁdenter
3091 2845 3379 2901 asserimns
3410 2863 3423 2899 :
3455 2860 3772 2917 caulemque

2194 2926 2414 2994 Christi,
2460 2943 2566 2982 non
2612 2931 2751 2985 sicut
2781 2930 2853 2985 illi
2890 2933 3108 2996 nullam,
3148 2949 3248 2988 nec
3289 2937 3427 2989 sicut
3451 2949 3548 2990 vos
3572 2936 3772 2992 caluit»

2196 3018 2436 3086 niamini,
2468 3033 2499 3073 a
2522 3029 2709 3076 natura
2736 3030 2931 3076 nostra:
2952 3025 3135 3095 carnis
3162 3025 3426 3090 alienam;
3458 3025 3553 3081 sed
3578 3028 3647 3081 ab
3673 3028 3770 3082 hoc

2195 3117 2381 3164 nostro
2419 3110 2566 3177 vitio,
2610 3126 2718 3181 quo
2753 3126 2880 3166 caro
2912 3122 3095 3169 contra
3141 3116 3384 3184 spiritum
3429 3114 3771 3186 concupiscit,

2197 3200 2484 3258 imnumcm
2522 3212 2681 3273 atque
2720 3204 2939 3259 omnino
2981 3205 3237 3276 integram
3270 3207 3639 3276 prmdicamus.
3668 3205 3774 3262 Vos

2197 3298 2383 3348 autem‘
2412 3294 2549 3348 mala
2591 3295 2832 3366 negando
2860 3311 2981 3352 esse
3009 3313 3126 3368 quze
3153 3299 3286 3352 mala
3315 3308 3459 3363 sunt,
3489 3312 3774 3369 eorumque

2198 3384 2457 3454 originem
2485 3400 2589 3439 non
2616 3387 2681 3441 ad
2714 3387 2870 3456 primi
2904 3387 3137 3443 hominis
3166 3390 3447 3445 referendo
3484 3402 3769 3460 peccatum,

2198 3490 2303 3530 non
2338 3485 2393 3529 ut
2416 3490 2477 3530 ea
2505 3477 2643 3531 mala
2671 3491 2774 3531 non
2800 3478 2908 3533 sint
2932 3479 3179 3546 efﬁcitis;
3211 3480 3303 3536 sed
3334 3487 3392 3535 ut
3420 3496 3489 3537 ex
3525 3482 3656 3536 mala
3682 3497 3774 3535 na-

2202 3575 2317 3621 tura
2360 3568 2501 3623 bono
2544 3578 2748 3624 atteruo
2798 3581 3063 3627 coaeterua
3110 3588 3232 3629 esse
3276 3574 3583 3639 credantur,
3633 3573 3774 3628 dete-

2199 3656 2375 3712 stabili
2410 3658 2649 3714 cmcitate
2680 3659 3042 3731 suifragamini
3084 3663 3407 3729 Martii-lucis,
3455 3670 3654 3733 eosque
3687 3679 3773 3720 ac‘

2199 3748 2397 3803 cusatis
2420 3749 2668 3817 inaniter,
2693 3751 2817 3820 quia
2840 3752 3220 3809 miserabiliter
3248 3754 3514 3822 adjuvatis
3527 3757 3574 3812 ⁸.

2264 3840 2284 3905 ξ
2321 3840 2405 3890 Hic
2426 3852 2491 3889 ex
2514 3843 2946 3905 manuscripton
2969 3842 3065 3894 ﬂde
3087 3846 3406 3905 restituimus,
3431 3859 3521 3897 nec
3542 3852 3715 3897 lauat.

2264 3902 2285 3932 ³
2319 3907 2379 3950 tn“
2399 3908 2507 3951 Mss.
2550 3902 2770 3970 διέντι-εί
2797 3902 2919 3970 ciae.
2952 3912 3008 3970 et
3028 3907 3080 3970 in
3101 3906 3236 3970 νίκῃ.
3261 3902 3515 3970 subjicitur
3540 3922 3555 3957 :
3582 3905 3777 3969 Explicit

2200 3959 2319 4030 iiber
2331 3970 2497 4030 sextus
2515 3963 2694 4030 Aurelii
2720 3964 2964 4030 Augustini
3231 3959 3475 4027 catholici,
3509 3959 3673 4019 cauri:
3690 3975 3775 4030 Ju-

2402 4022 2685 4094 hiereticurn
2708 4021 3038 4094 Ρεῖαῃὶφψιηζ
3059 4021 3284 4094 feliciter,
3306 4037 3357 4078 tu
3380 4021 3507 4082 ναὶ.
3534 4027 3776 4094 ςεερὸτίι

2199 4082 2319 4134 liber
2342 4091 2505 4135 sextus
2539 4084 2663 4139 beati
2710 4082 2954 4144 Augustali
2995 4082 3163 4141 coiura
3182 4085 3448 4144 lulianum

2263 4144 2336 4208 (α)
2360 4147 2476 4197 vide
2497 4160 2660 4213 supra,
2686 4144 2837 4212 lily-3,
2863 4162 2969 4214 cap.
2996 4150 3102 4201 154.

1689 4605 1843 4691 Νι
2393 4613 2504 4707 ‘9

1729 4703 1734 4706 -
1803 4699 1813 4709 »
1828 4613 2085 4799 se
2449 4712 2492 4724 υ
