3970 6184
314 398 443 455 13H

309 511 601 572 libidinem,
636 511 785 579 cujus
816 508 1192 579 impudentiam
1238 507 1496 577 pudentes
1535 508 1675 564 foliis
1703 508 1786 563 llci
1818 519 1913 563 te-r

307 590 517 635 xerunt.
544 581 695 647 Quod
725 581 768 634 si
795 580 972 633 dicere
1010 580 1235 652 nequis,
1258 590 1438 652 aperte
1471 580 1632 634 Deum
1677 580 1896 652 pudoris

308 651 467 718 liujns
492 661 763 704 auctorem
811 663 931 703 esse
970 650 1269 702 criminaris
1301 664 1313 700 :
1342 649 1463 718 quia
1506 665 1626 704 cum
1654 649 1718 704 ex
1756 651 1895 703 malo

308 721 544 776 libidinis
587 734 616 772 a
656 719 807 789 vobis
849 728 1093 789 negatur,
1112 718 1359 789 confusio
1401 720 1705 789 contigisse,
1754 722 1895 774 Deus

307 791 643 861 apertissime
694 787 968 861 hominum
1010 787 1187 861 opifex
1234 800 1528 861 accusatur.
1554 787 1664 845 Sed
1693 791 1892 844 utinam

306 859 385 916 sic
410 876 505 914 ros
535 862 688 914 istam
732 859 1001 913 libidinem
1030 859 1247 913 laudare
1302 860 1708 927 erubesceretis,
1738 861 1893 915 sicuti

308 944 437 986 tunc
489 931 586 989 illi.
626 945 748 985 cum
785 944 845 984 se
891 942 1146 998 peccasse
1187 928 1305 997 ejus
1350 928 1698 984 convincente
1740 939 1889 985 motu

306 1000 794 1072 deprehenderent,
822 1000 1168 1072 erubucrunt.
1225 998 1362 1072 Quid
1392 1015 1519 1053 vero
1545 1000 1780 1072 indicant
1809 999 1891 1072 fr}-

308 1069 517 1135 lia'l'ici,
553 1071 766 1141 quibus,
816 1078 874 1123 ut
902 1069 1033 1131 dixi,
1086 1084 1192 1141 non
1236 1070 1344 1123 Deo
1388 1070 1891 1141 auctorepudedda

309 1137 678 1206 menilira,'sed
704 1155 799 1209 per
827 1149 1102 1209 peccatum
1132 1137 1269 1192 facta
1293 1146 1555 1198 texerunt.
1585 1137 1683 1194 niSi
1705 1156 1893 1209 quem-

309 1214 432 1267 dam
455 1213 712 1278 pruritum
727 1209 958 1266 libidinis
984 1219 1188 1277 turpem
1206 1210 1231 1260 Υ
1259 1209 1368 1262 lino
1388 1224 1483 1263 cur
1512 1210 1630 1264 illas
1653 1211 1893 1278 corporis

312 1293 491 1349 partes
514 1288 779 1346 texerunt,
805 1290 860 1334 et
902 1293 1006 1333 non
1057 1280 1229 1347 potius
1259 1293 1445 1333 manus
1473 1279 1664 1344 quibus
1713 1280 1892 1346 probi-

309 1348 423 1407 bita
467 1358 901 1414 attrectaverunt,
944 1358 1033 1405 aut
1057 1365 1149 1402 ora
1178 1348 1370 1417 quibus
1419 1350 1557 1403 male
1594 1349 1891 1403 desiderata

309 1423 580 1478 ederunt?
608 1419 712 1475 Sed
742 1422 825 1475 illa
844 1419 1078 1474 membra
1096 1426 1339 1471 texerunt
1359 1461 1371 1480 ,
1394 1419 1444 1472 in
1471 1419 1663 1488 quibus
1692 1420 1892 1488 peccati

309 1494 570 1562 cupiditas
596 1493 950 1562 exardescens
990 1489 1493 1562 concupiscentiam
1509 1490 1889 1562 incontinentis

307 1558 537 1633 gutturis
563 1563 862 1633 accuSabat.
896 1559 996 1614 Ista
1015 1567 1098 1613 est
1126 1568 1305 1633 vestra
1325 1558 1601 1633 laudabilis
1631 1568 1788 1628 atque
1811 1560 1894 1613 di-

315 1629 447 1686 lecta
494 1632 654 1687 libido
678 1634 721 1697 ί,
754 1647 849 1699 per
874 1645 1054 1699 quam,
1086 1636 1140 1682 ιιι
1168 1629 1241 1699 ait
1270 1629 1590 1699 Apostolus,
1619 1644 1739 1683 caro
1767 1646 1891 1682 con-

310 1703 519 1772 cupiscit
574 1694 814 1755 adversus
862 1694 1093 1772 spiritum
1127 1694 1348 1772 (Aquat:
1394 1715 1449 1772 v,
1478 1694 1562 1772 r'l‘7
1590 1699 1653 1772 )4:
1707 1710 1891 1754 contra

310 1769 466 1841 quam
495 1773 707 1844 spiritus
734 1786 882 1839 spem
913 1770 1113 1825 habens
1141 1770 1198 1844 in
1232 1769 1487 1844 Deo._nisi
1519 1769 1724 1844 fortiter
1765 1783 1893 1844 con-

311 1840 562 1912 cupiscat,
613 1858 711 1912 nec
748 1855 875 1912 caro
926 1854 1026 1912 nec
1074 1840 1289 1906 spiritus
1334 1840 1495 1912 vitam
1548 1840 1895 1912 possidebunt

311 1909 586 1967 mternam.
618 1911 707 1967 Sic
735 1911 879 1965 stulti
910 1910 1059 1971 estis,
1091 1919 1148 1962 ut
1175 1912 1326 1963 istam
1355 1909 1674 1963 discordiam
1716 1911 1893 1965 carnis

312 1992 364 2052 et
419 1982 653 2052 spiritus,
699 1981 1333 2052 diabolumexcusantes,
1371 1979 1537 2052 Deum
1581 1989 1894 2052 accusantes

313 2048 500 2106 fecisse
529 2052 775 2105 credatis.
799 2051 903 2104 Sed
944 2049 1252 2109 absit,absit
1285 2048 1387 2102 lioc
1427 2050 1621 2101 malum
1646 2064 1675 2101 a
1706 2049 1893 2103 catho-

312 2122 426 2174 licis
450 2122 713 2181 sensibus,
759 2128 1107 2173 utauctorem
1135 2117 1368 2172 libidinis
1411 2119 1575 2173 Deum
1623 2132 1764 2183 esse,
1796 2134 1891 2172 au-

308 2192 471 2245 deant
493 2192 725 2257 rogitare
745 2192 825 2242 Vel
848 2190 1043 2243 dicere.

382 2261 608 2328 CAPUT
650 2260 735 2314 IV.
766 2289 837 2299 -—-
862 2260 915 2313 4.
951 2259 1144 2313 Contra
1181 2257 1281 2311 lioc
1319 2271 1581 2312 venenum
1615 2257 1682 2311 de
1707 2258 1891 2328 gratia)

308 2331 554 2384 antidoto
581 2330 908 2384 confidentes
936 2343 1123 2382 omnes
1144 2329 1331 2389 sancti,
1357 2329 1679 2398 castigantes
1698 2343 1895 2398 corpus

310 2416 466 2454 suum
494 2441 507 2461 ,
548 2408 603 2454 et
642 2402 690 2453 in
732 2401 1038 2455 servitutem
1078 2398 1414 2467 redigcutes,
1456 2414 1522 2451 ne
1561 2398 1695 2452 forte
1731 2412 1760 2452 a
1793 2398 1896 2453 ﬁde

312 2469 511 2524 Christi
559 2471 770 2537 reprobi
812 2469 1179 2528 efficerentur,
1214 2468 1421 2522 fortiter
1452 2478 1815 2537 pugnaverunt
1843 2478 1894 2524 et

316 2547 570 2607 pugnant.
608 2539 681 2593 De
720 2541 819 2593 liae
842 2541 991 2609 enim
1020 2539 1400 2609 congcessione
1432 2539 1744 2606 loquebatur
1768 2554 1897 2609 apo-

314 2606 481 2662 Sto'ltts
517 2610 711 2662 Paulus
736 2649 750 2671 ,
781 2624 901 2662 cum
942 2608 1076 2661 dixit
1109 2606 1267 2676 :Ego
1295 2607 1448 2676 igitur
1475 2608 1547 2660 sic
1574 2623 1724 2660 curro
1747 2649 1762 2674 ,
1794 2606 1897 2663 non

314 2680 458 2746 quavi
483 2680 532 2731 in
560 2681 809 2731 incertum
832 2695 849 2741 ;
888 2678 960 2730 sic
993 2693 1163 2747 pugno
1186 2719 1200 2741 ,
1235 2693 1337 2729 non
1362 2677 1507 2746 quasi
1532 2692 1695 2730 aerem
1722 2679 1893 2733 verbe-

315 2766 434 2803 rarts
456 2765 474 2801 :
501 2757 553 2802 et
582 2758 828 2818 tauquam
858 2763 887 2801 e
913 2747 1181 2801 contrario
1211 2747 1621 2814 reSpondcretur
1651 2749 1698 2801 ei
1719 2789 1733 2811 ,
1765 2749 1894 2814 Quis

315 2828 417 2882 est,
438 2819 517 2872 Vel
542 2819 627 2871 iilii
651 2817 733 2872 eSt
752 2817 1087 2872 adversarius
1111 2826 1250 2881 tuus,
1276 2827 1459 2870 contra
1482 2832 1639 2885 quem
1664 2819 1913 2887 pugnas?

315 2890 642 2958 respondens
666 2890 769 2951 ait,
803 2887 1003 2958 Castng
1031 2902 1211 2958 corpus
1236 2904 1398 2958 meum
1419 2928 1434 2952 ,
1462 2897 1508 2939 et
1532 2887 1584 2939 in
1609 2890 1896 2942 servitutem

312 2956 486 3029 redigo
513 2960 530 3029 (
556 2959 571 3010 Ι
599 2957 715 3013 Cor.
750 2972 829 3021 ix,
851 2957 942 3022 9.6,
968 2956 1065 3025 ‘27)
1094 2974 1107 3009 :
1134 2957 1184 3011 id
1205 2966 1303 3018 est.
1328 2957 1379 3029 in
1401 2971 1628 3029 corpore
1649 2966 1891 3029 menest,

315 3026 441 3083 non
462 3026 663 3083 iu'aere
688 3069 702 3095 ,
732 3035 914 3082 centra
941 3042 1099 3097 quem
1130 3040 1336 3097 pugno;
1368 3026 1530 3080 libido
1570 3036 1651 3080 est
1690 3027 1896 3083 scilicet

315 3101 525 3153 inimica
568 3101 688 3152 vita:
732 3101 864 3151 mere
889 3139 903 3161 ,
942 3113 1060 3166 quze
1096 3112 1182 3168 me
1216 3104 1517 3168 currentem
1543 3097 1756 3168 placere
1783 3097 1897 3153 Deo

317 3184 413 3238 per
438 3169 683 3223 ducatum
712 3168 897 3239 gratiae
926 3168 1067 3239 ejus,
1089 3166 1419 3239 diversorum
1452 3166 1693 3221 libiiuum
1723 3168 1893 3222 malo-

315 3255 435 3293 rum
457 3241 478 3271 '
501 3255 593 3309 per
612 3238 878 3309 momenta
904 3238 1103 3309 aculeis
1125 3238 1395 3307 impugnat
1421 3247 1473 3290 et
1496 3246 1765 3306 provocat,
1788 3253 1896 3309 quo

313 3307 509 3379 agonis
530 3308 632 3363 mei
663 3322 877 3363 cursum
910 3307 1205 3376 impediens
1231 3315 1575 3379 ,_:iuctoreni
1598 3321 1751 3361 suum
1783 3308 1896 3364 dia-

317 3376 493 3434 bolum
549 3379 702 3433 faciat
752 3393 872 3434 esse
922 3379 1202 3432 victorem.
1264 3377 1386 3449 Ideo
1446 3376 1647 3446 castigo
1700 3391 1895 3449 corpus

316 3464 514 3512 meum,
541 3450 628 3503 ubi
659 3458 811 3515 porto
832 3449 1038 3503 hostem
1067 3463 1241 3501 meum
1271 3449 1359 3500 :iii
1383 3461 1467 3501 me
1488 3448 1737 3518 pugnanti
1760 3462 1893 3501 cou-

317 3529 399 3573 tra
442 3536 528 3574 ine
568 3521 769 3589 virtute
799 3520 983 3589 gratiae
1026 3518 1353 3589 confortatus
1383 3531 1620 3587 repugno
1658 3532 1757 3589 pro
1785 3534 1891 3572 me.

315 3590 421 3645 Sed
472 3600 594 3645 tunc
637 3586 823 3643 liostis'
854 3588 1143 3659 potentiam
1181 3586 1418 3659 d_estruo,
1448 3586 1586 3659 cum
1630 3588 1894 3658 castigans

314 3674 510 3727 corpus
530 3675 704 3714 meum
728 3656 967 3713 inlirinor
984 3658 1036 3712 in
1059 3672 1164 3711 me.
1190 3656 1317 3712 Cum
1346 3658 1475 3710 enim
1496 3657 1745 3727 iii/irritati,
1772 3656 1897 3711 tunc

316 3724 489 3799 potens
504 3747 614 3784 sum
630 3730 692 3801 (Il
712 3730 828 3783 Cor.
852 3745 946 3801 xii,
967 3728 1074 3801 10).
1099 3726 1301 3782 Gratias
1323 3735 1486 3801 autem
1510 3724 1635 3788 Deo,
1650 3727 1900 3801 quidedit.

315 3795 458 3854 nobis
481 3795 735 3854 victorian:
768 3815 855 3867 per
887 3795 1156 3852 Dominum
1180 3807 1404 3850 nostrum
1430 3796 1605 3848 Jesuut
1638 3795 1894 3867 Christum

317 3872 370 3943 (Ι
398 3870 517 3925 Cor.
561 3886 627 3923 xv
651 3912 664 3934 ,
702 3869 815 3941 57).
860 3869 1009 3943 Quod
1052 3869 1095 3921 si
1137 3882 1241 3921 non
1281 3875 1560 3943 propterea
1600 3866 1893 3935 castigabat

317 3937 513 4011 corpus
542 3957 715 3999 suum,
744 3937 849 4008 quo
877 3940 1129 3993 malarum
1155 3937 1701 4011 conciipisccntiai'um
1728 3950 1890 4011 appe-

317 4006 445 4065 titus
476 4011 555 4066 vel
586 4006 827 4063 stimulos
853 4016 1128 4077 superaret
1163 4006 1399 4060 libidinis
1423 4047 1437 4071 ,
1456 4019 1562 4077 cur
1588 4006 1688 4059 lioc
1724 4021 1783 4060 se
1812 4006 1891 4057 fa-

316 4094 439 4135 cere
467 4081 696 4145 dicebat,
732 4081 820 4134 illo
844 4075 1036 4132 melius
1065 4078 1331 4145 sapientes
1353 4084 1409 4130 et
1437 4075 1693 4129 docentes
1722 4090 1889 4143 ρκρο-

316 4152 445 4206 nite.
470 4150 583 4205 Non
612 4152 751 4204 enim
781 4149 1019 4203 naturale
1045 4162 1165 4202 esse
1192 4148 1386 4201 bonum
1412 4146 1678 4199 libidinem
1702 4146 1899 4214 praedi:

316 4222 511 4275 caretis
534 4263 549 4285 ,
578 4222 620 4273 si
653 4220 944 4274 castitatem
978 4218 999 4249 ³
1027 4218 1293 4271 intuentes
1317 4257 1332 4281 ,
1366 4226 1422 4269 ut
1449 4216 1640 4269 Paulus
1667 4229 1890 4283 corpora

316 4303 492 4345 vestra
514 4290 869 4361 castigaretis;
896 4291 1000 4342 imo
1023 4287 1311 4361 impudenti
1336 4287 1508 4361 fronte
1531 4286 1888 4361 lascivientes,

316 4363 433 4432 ejus
461 4352 677 4415 motuiuv
691 4361 713 4391 ⁴
740 4361 813 4413 sic
844 4360 1051 4432 procaci
1079 4352 1255 4432 lingua
1296 4357 1519 4432 laudatis
1556 4352 1606 4409 in
1639 4356 1847 4426 publica
1873 4398 1888 4432 ε

318 4428 374 4485 ιιί
404 4431 609 4486 cunctis
637 4440 811 4499 pateat
839 4429 961 4499 quid
992 4444 1021 4481 a
1047 4428 1199 4481 vobis
1224 4428 1425 4499 geritur
1453 4428 1746 4499 iusecreto
1773 4443 1804 4499 _:
1844 4428 1889 4480 si

317 4512 494 4557 tamen
522 4496 654 4572 quos
683 4496 906 4572 laudare
924 4499 1131 4572 publice
1154 4514 1259 4572 non
1283 4497 1460 4565 pudet.
1485 4496 1682 4572 eligant
1704 4496 1894 4572 vel-sc-

313 4565 556 4625 cretum:
582 4572 727 4641 Rogo
748 4612 761 4632 ,
798 4565 1096 4623 crulicseite
1117 4610 1130 4629 ,
1156 4570 1297 4641 unde
1325 4567 1631 4635 protoplasti
1658 4608 1670 4628 ,
1699 4573 1757 4618 ut
1780 4565 1890 4641 jam

315 4643 515 4697 dictum
541 4651 643 4699 est,
666 4637 786 4710 post
808 4648 1079 4708 peccatum
1103 4639 1447 4710 erubuerunt,
1471 4652 1694 4710 quorum
1717 4643 1770 4710 ct
1790 4637 1890 4710 ipsi

316 4720 625 4782 peccatores
650 4706 833 4782 simius
859 4710 985 4775 lilii;
1017 4717 1075 4782 et
1089 4708 1291 4782 credite
1316 4707 1512 4782 malum
1542 4722 1606 4759 ex
1622 4706 1847 4782 diabolo
1872 4748 1887 4772 ,

318 4777 423 4836 non
465 4783 656 4835 bonum
686 4796 747 4835 ex
780 4781 886 4833 Deo
909 4793 1027 4833 esse
1068 4778 1357 4832 libidinem.
1393 4778 1564 4843 Quam
1607 4777 1891 4844 Apostolus

315 4856 485 4922 legem
512 4891 527 4914 ,
559 4852 659 4905 line
683 4860 765 4903 cst
787 4891 801 4915 ,
833 4850 1025 4922 malam
1065 4847 1499 4922 consuetudinem
1531 4847 1768 4922 nominat
1791 4887 1811 4922 ,_
1837 4853 1894 4899 et

313 4917 436 4977 esse
457 4923 582 4975 dicit
604 4923 654 4975 in
684 4920 937 4975 membris
960 4920 1278 4974 contrariam
1307 4919 1406 4987 legi
1427 4918 1649 4981 'iiientis,
1677 4931 1743 4971 ne
1763 4917 1891 4971 obe-

309 4994 489 5047 diatur
514 4992 612 5047 legi
645 4992 756 5045 Dei.

383 5007 489 5046 itur
514 5007 612 5116 tegi
645 5007 756 5045 vei.
1044 5059 1056 5072 ο
1561 5056 1573 5069 υ
1638 5057 1650 5069 ν
1695 5056 1706 5067 _
1790 5057 1801 5068 ι

383 5062 560 5117 CAPU
650 5062 712 5114 V.
743 5091 815 5101 --
837 5060 890 5116 5.
924 5059 1115 5114 Audite
1142 5073 1270 5129 ergo
1299 5065 1491 5127 quanta
1526 5064 1600 5129 sit
1639 5064 1889 5127 iniquitas

313 5132 473 5203 hujus
497 5132 639 5195 mali,
664 5132 858 5203 quidve
882 5132 1004 5184 hinc
1031 5131 1190 5203 homo
1214 5128 1440 5197 patiatur
1460 5128 1718 5203 inlicmus,
1748 5129 1892 5195 Apo-

309 5195 450 5259 sto'lo
478 5195 695 5257 dicente
709 5212 765 5257 et
788 5202 1088 5271 disputante
1114 5195 1254 5253 inter
1276 5210 1469 5271 cetera
1499 5195 1683 5271 :_lVam
1702 5210 1892 5271 concu-

314 5277 605 5344 piscentiam
628 5315 641 5337 ,
670 5273 839 5344 inquit
862 5267 893 5344 ,ξ
906 5272 1183 5344 nesciebam
1207 5312 1222 5335 ,
1255 5270 1351 5344 nisi
1392 5271 1482 5344 (eat
1509 5267 1693 5344 dicere:
1715 5307 1731 5331 ,
1765 5267 1889 5320 Non

310 5337 649 5413 concupisces.
700 5337 815 5395 Non
863 5341 1027 5405 dixit,
1078 5340 1596 5413 Concupisceiitiani_
1619 5337 1729 5405 jam
1781 5350 1887 5391 non

312 5409 571 5470 habebam
596 5428 609 5477 ;
640 5414 755 5477 sed,
777 5413 1076 5477 nesciebam,
1106 5410 1268 5481 quid?
1299 5420 1473 5463 utrum
1498 5409 1691 5462 malum
1718 5417 1883 5462 esset.

371 5550 389 5581 ί
428 5555 475 5597 ιιι
498 5553 665 5608 editis,
688 5544 865 5597 dilecta
898 5545 1090 5609 cupido.

371 5611 394 5642 ³
427 5612 501 5659 sic
541 5602 738 5658 ictui-es
784 5608 910 5657 libri.
957 5602 1013 5657 λι
1059 5607 1211 5663 editi,
1246 5612 1547 5661 exurentem,
1594 5610 1641 5654 et
1695 5602 1889 5667 placere

311 5678 412 5736 pec
449 5683 534 5736 per
565 5673 794 5736 amatam
830 5668 1005 5736 gratim
1038 5668 1144 5736 ejus
1182 5668 1409 5718 uolentem
1453 5668 1574 5729 (Αω.
1603 5674 1656 5718 et
1680 5672 1775 5726 Et'.,
1806 5678 1890 5716 no-

308 5730 995 5801 latteiit),_diiicrsorgtm:lilrjtu
1016 5730 1270 5801 uariorum,
1296 5737 1391 5778 etc.

368 5795 394 5827 ³
427 5796 560 5853 Fditi,
584 5807 628 5843 st
647 5795 1130 5853 castittat'scirtutem.

372 5856 395 5888 ⁸
429 5862 528 5905 Am.
548 5852 621 5905 tr.
648 5861 700 5904 et
722 5861 849 5912 Mss,
870 5852 922 5903 in
945 5852 1047 5914 ejus
1063 5859 1253 5902 motum.

578 5936 851 5998 ΡΑτῐιοι.
885 5939 1066 5999 XLV.

1360 393 1914 451 lli'POGNOSTlCON
1957 392 2159 450 LIBER
2195 392 2544 461 QUARTUS.

3441 398 3587 457 ιοη

2007 506 2275 579 Habebam
2314 508 2471 577 igitur
2493 549 2510 574 ,
2547 507 2642 562 sed
2682 514 2929 579 tanquam
2958 510 3197 579 naturale
3233 509 3429 567 bonum
3455 527 3581 569 esse

2003 578 2284 654 credebam
2312 594 2328 632 :
2355 593 2477 632 eum
2502 586 2681 654 autem
2710 577 3039 654 lex'diceret,
3069 577 3193 633 Non
3216 584 3578 654 concupisces:

2001 649 2223 718 cognovi
2254 663 2358 702 non
2392 647 2631 702 naturale
2656 648 2873 710 bonum.
2904 649 2996 703 sed
3020 664 3117 718 per
3141 647 3411 718 peceatum
3431 656 3579 708 sccl-

2001 716 2285 772 dens'esse
2324 719 2520 771 malum
2550 716 3053 787 concupiscentiam.
3097 716 3374 775 Occasione
3412 733 3581 778 autem

2000 796 2206 856 accepta
2226 829 2241 854 ,
2270 796 2528 861 peccatum
2557 804 2645 861 per
2672 788 2969 861 mandatum
3006 801 3268 861 operatum
3303 802 3376 847 est
3408 794 3462 847 in
3500 810 3581 847 me

2000 874 2198 933 omnem
2230 858 2706 933 concupiscfnti'am.
2745 858 2883 933 (lum
2916 858 3048 927 ergo
3081 876 3354 930 sperarem
3379 903 3395 925 .
3434 865 3583 933 quod

1998 929 2203 1001 viribus
2227 929 2457 999 propriis
2495 926 2716 1001 iubente
2760 929 2875 1001 iege
2927 926 3139 998 possem
3194 926 3583 1001 concupiscen-

2001 997 2127 1070 tiam
2140 997 2395 1070 Avin'cere;
2425 998 2715 1070 majoribus
2740 997 2908 1068 magis
2932 997 3051 1065 ejus
3077 1003 3306 1070 urgebar
3329 997 3580 1069 stimulis,

1999 1078 2052 1122 et
2073 1067 2374 1121 iulirmante
2397 1082 2504 1130 me,
2535 1068 2797 1143 cupiditas
2826 1067 3293 1143 attgeliattirfSine
3320 1074 3427 1143 lege
3448 1067 3583 1128 enini

2000 1147 2260 1205 peccatum
2290 1146 2541 1190 mortuum
2569 1150 2696 1191 erat.
2724 1138 2875 1204 Quod
2909 1145 3221 1207 peccatum?
3259 1138 3446 1197 Libido
3472 1148 3581 1199 uti-

1998 1222 2123 1278 que,
2155 1222 2272 1277 qua:
2298 1215 2355 1261 et
2388 1209 2814 1278 concupiscentia
2844 1211 2985 1264 mala
3015 1210 3228 1266 dicitur.
3261 1211 3378 1267 Non
3408 1214 3578 1278 dixit,

1997 1276 2114 1354 Non
2142 1286 2287 1340 erat;
2319 1276 2436 1354 sed,
2462 1276 2714 1354 mortuum
2735 1286 2841 1354 erat
2865 1296 2878 1332 :
2904 1279 2953 1334 id
2977 1288 3081 1354 est,
3105 1296 3229 1336 cum
3253 1276 3580 1354 pra-ceptum
3664 1340 3673 1350 ,

2000 1347 2133 1416 legis
2155 1389 2169 1407 .
2196 1346 2335 1413 quod
2373 1355 2456 1401 est
2479 1347 2529 1402 ei
2569 1350 2895 1404 contrarium
2921 1391 2936 1413 ,
2978 1351 3156 1407 adhuc
3178 1346 3284 1407 non
3315 1346 3458 1408 esset
3479 1396 3493 1417 ,
3526 1355 3581 1410 iu

2000 1428 2279 1491 peccatore
2304 1418 2535 1491 latebat,
2577 1419 2701 1491 quia
2738 1420 2871 1491 legis
2897 1421 3121 1491 imperio
3155 1422 3580 1479 demonstratum

2003 1496 2105 1564 est.
2134 1488 2245 1559 Ego
2268 1497 2436 1564 autem
2455 1488 2567 1564 sine
2583 1489 2690 1564 lege
2709 1488 2929 1564 iacebam
2949 1488 3245 1564 aliquando.
3268 1493 3580 1564 Priusquam

1999 1558 2190 1631 scirem
2221 1558 2525 1631 mandatum
2554 1558 2686 1631 legis
2709 1601 2723 1621 .
2758 1559 2809 1613 in
2837 1558 3089 1629 operibus
3114 1563 3134 1595 ⁸
3161 1558 3467 1631 cupiditatis
3493 1579 3583 1618 nio

1999 1628 2177 1682 vivere
2204 1628 2519 1703 arbitrabar.
2553 1628 2661 1682 Sed
2678 1645 2792 1682 cum
2817 1628 3028 1685 uenisset
3054 1628 3370 1699 antidotum,
3395 1649 3581 1703 pecca-

2000 1699 2309 1781 tumfeeixit
2331 1714 2353 1764 ς
2375 1713 2466 1781 ego
2494 1709 2663 1781 autem
2689 1709 2923 1781 mortuus.
2946 1716 3083 1781 sum.
3123 1703 3286 1781 ὶῖίιίιΔ
3304 1699 3446 1781 enim
3493 1704 3580 1759 in-

2000 1768 2234 1843 tentione
2255 1768 2528 1843 mortifera
2553 1769 2720 1836 prima
2748 1770 2882 1843 lege,
2907 1770 2958 1825 id
2985 1780 3083 1843 est,
3108 1773 3323 1843 quando
3342 1774 3394 1828 iu
3421 1788 3580 1843 para-

1999 1839 2116 1893 diso
2143 1839 2427 1908 captivavit
2453 1840 2618 1892 Adam
2644 1855 2657 1892 :
2688 1841 2881 1894 revixit
2902 1841 3089 1896 eadem
3110 1839 3316 1899 fallacia
3342 1839 3577 1900 secunda

2000 1908 2133 1979 lege,
2167 1918 2221 1963 et
2244 1909 2445 1980 occidit
2464 1924 2553 1980 me
2572 1949 2585 1974 ,
2618 1916 2867 1978 tanquam
2894 1925 3046 1964 suam
3071 1915 3339 1980 captivum
3366 1956 3378 1977 ,
3410 1913 3581 1969 lilium

2001 1979 2443 2050 transgressoris;
2471 1979 2591 2046 quia
2614 1994 2717 2101 Er
2741 1980 2909 2046 legem
2937 1979 3170 2049 cognitio
3200 1985 3400 2049 peccati
3426 2026 3440 2046 ,
3473 2000 3579 2038 non

2001 2046 2219 2101 victoria
2240 2049 2307 2101 de
2337 2057 2570 2101 peccato.
2720 2049 2974 2101 inventum
3015 2060 3090 2101 est
3126 2050 3253 2101 mihi
3284 2054 3579 2101 mandatum

1999 2049 2219 2102 victoria
2240 2049 2307 2101 de
2337 2057 2570 2113 met-ato.
2614 2049 2681 2101 Et
2720 2049 2974 2101 inventum
3015 2060 3090 2103 est
3126 2050 3253 2104 mihi
3284 2054 3582 2108 mandatum

2069 2118 2135 2169 od
2155 2128 2261 2170 erat
2286 2118 2354 2170 ad
2376 2118 2551 2190 vitam,
2575 2118 2669 2190 hac
2694 2135 2800 2171 esse
2828 2119 2897 2170 ad
2925 2130 3155 2174 mortem.
3183 2123 3396 2190 Optime
3421 2122 3577 2189 dixit,

2037 2196 2266 2240 nitentum
2304 2196 2378 2240 est
2416 2188 2541 2240 milii
2571 2188 2667 2241 :~id
2693 2198 2813 2253 est,
2846 2202 2951 2241 non
2993 2188 3301 2245 mandatum
3344 2193 3483 2245 Dens
3512 2194 3582 2248 ad

2007 2267 2232 2311 mortem
2262 2256 2754 2331 deditasedyisum
2782 2267 2865 2314 est
2898 2259 3027 2331 mibi
3062 2267 3312 2331 tanquam
3341 2261 3585 2318 mortife-

2002 2340 2120 2382 rum
2141 2369 2155 2392 ,
2185 2342 2251 2382 eo
2276 2328 2415 2398 quod
2444 2326 2573 2381 illud
2594 2329 3031 2410 virtuteipropria
3059 2326 3283 2410 implere
3316 2347 3421 2410 non
3448 2347 3581 2401 pos-

2001 2411 2154 2464 sum;
2184 2412 2303 2452 cum
2338 2411 2438 2467 ego
2462 2413 2567 2451 non
2604 2398 2837 2451 mandati
2865 2398 3029 2459 vitio.
3059 2401 3151 2454 sed
3197 2400 3415 2458 stimulo
3451 2398 3585 2458 con-
3618 2452 3621 2455 .

2000 2469 2341 2537 cupiscentite
2369 2468 2868 2537 mortispercussus
2897 2471 3113 2522 moriar.
3143 2469 3401 2526 Stimulus
3434 2474 3579 2528 enim

1999 2539 2187 2613 mortis
2207 2546 2501 2613 peceatum:
2528 2536 2668 2591 Nam
2696 2546 2952 2613 peccatum
2969 2540 3471 2613 Δοιειπιρξίῃιιε-ματερία
3494 2558 3585 2613 per

1999 2607 2295 2661 mandatam
2319 2607 2521 2683 seduxit
2546 2624 2644 2671 me,
2667 2618 2713 2661 et
2738 2607 2981 2683 perillud
3002 2610 3206 2662 occidit.
3234 2607 3434 2683 Videtis
3459 2607 3584 2683 pec-

1999 2687 2198 2748 catum,
2224 2681 2366 2746 quod
2393 2687 2476 2733 est
2495 2719 2511 2743 ,
2543 2686 2602 2732 ut
2628 2692 2771 2747 smpe
2796 2677 2994 2731 dictum
3021 2688 3125 2746 est,
3156 2681 3419 2748 cupiditas
3443 2677 3584 2737 unde

2001 2747 2163 2802 libido
2191 2756 2373 2801 exorta
2400 2756 2502 2811 est,
2526 2748 2595 2802 de
2626 2749 2757 2818 legis
2785 2748 3103 2804 auctoritate
3132 2747 3265 2804 nihil
3293 2752 3471 2807 valere
3497 2767 3585 2809 me

1999 2826 2182 2892 contra
2228 2832 2325 2892 se;
2358 2819 2495 2892 sicut
2530 2819 2697 2892 Adam
2718 2861 2732 2883 ,
2767 2819 3322 2892 interjectomaudato
3349 2823 3415 2876 ad
3442 2837 3583 2892 prai-

1998 2888 2364 2952 varicaudum,
2379 2888 2445 2943 de
2468 2903 2575 2958 quo
2598 2889 2779 2942 vitium
2809 2888 3057 2957 peccandi
3087 2892 3350 2958 contraxi,
3372 2888 3584 2948 seduxit

1999 2965 2055 3030 et
2081 2967 2470 3030 me,_tanquam
2498 2959 2676 3030 denuo
2701 2959 2885 3030 dicens
2903 3001 2917 3024 ,
2950 2959 3063 3013 Non
3095 2971 3269 3016 morte
3295 2963 3541 3018 morieris
3561 3003 3579 3030 ,

1999 3028 2044 3080 si
2074 3027 2142 3101 de
2181 3027 2337 3101 ligno
2356 3027 3104 3101 manducat'erisjulerdicto;
3134 3032 3243 3085 imo
3276 3027 3586 3101 aperientur

1966 3097 2141 3151 .oculi
2179 3096 2252 3151 tui
2278 3138 2292 3161 ,
2334 3106 2387 3151 et
2426 3098 2534 3151 eris
2573 3098 2710 3152 sicut
2747 3096 2853 3159 dii,
2881 3099 3055 3153 sciens
3082 3101 3277 3154 bonum
3302 3096 3360 3156 et
3383 3103 3581 3158 malum

2001 3165 2152 3236 (Gen.
2170 3182 2260 3237 illi,
2291 3168 2346 3233 ὅ,
2376 3167 2456 3237 ὅ).
2483 3167 2607 3221 ideo
2632 3176 2686 3223 et
2709 3181 2805 3237 per
2823 3168 2950 3221 illud
2977 3170 3192 3223 occidit.

2071 3237 2126 3290 6.
2158 3236 2340 3304 Itaque
2365 3236 2449 3290 lea:
2490 3238 2690 3306 quidem
2712 3236 2889 3291 sancta
2913 3279 2927 3298 ,
2960 3248 3006 3291 et
3034 3240 3328 3296 mandatum
3352 3254 3583 3300 sanctum

2000 3315 2049 3386 et
2066 3309 2260 3386 justum
2290 3305 2569 3386 eternium.
2587 3305 2712 3386 μοι)
2743 3308 2904 3377 igitur
2928 3307 3130 3377 imputo
3160 3311 3259 3386 legi
3284 3314 3411 3386 Dei,
3437 3314 3580 3386 quod

2000 3377 2127 3430 vitio
2168 3392 2289 3431 meo
2329 3376 2799 3455 lactusjnlirmus,
2832 3376 3155 3455 przeceptum
3201 3376 3317 3451 Ejus
3359 3376 3584 3455 implere

2000 3461 2208 3515 nequeo
2238 3464 2251 3499 ε
2281 3462 2402 3516 quin
2425 3447 2526 3501 etsi
2547 3446 2783 3515 jubendo
2810 3462 2913 3502 non
2942 3446 3108 3516 juvat,
3135 3446 3310 3508 tanien
3332 3446 3583 3511 sua'ssn-

1997 3518 2191 3595 ctitate-
2208 3527 2261 3571 et
2281 3517 2481 3583 justitia
2512 3519 2721 3595 malum
2740 3532 2861 3573 esse
2883 3521 3368 3595 concupiscentiam
3390 3564 3405 3589 ,
3436 3526 3579 3595 quod

1998 3588 2321 3653 nesciebam,
2345 3586 2605 3652 ostendit;
2632 3588 2753 3657 quia
2765 3586 3071 3711 (peccatum,
3095 3591 3190 3657 ait,
3214 3608 3318 3647 non
3343 3586 3576 3667 cognovi,

1998 3656 2097 3711 nisi
2124 3673 2212 3711 aer
2232 3658 2387 3711 leuem
2412 3672 2430 3710 :
2454 3666 2508 3711 et
2531 3656 2713 3711 docuit
2732 3674 2758 3710 a
2824 3660 3155 3711 superandos
3183 3662 3300 3711 eius
3321 3664 3532 3711 illim’tns
3558 3668 3576 3699 ι

1998 3656 2097 3711 nisi
2124 3673 2212 3731 per
2232 3658 2387 3728 legem
2412 3672 2430 3710 :
2454 3666 2508 3731 et
2531 3656 2713 3731 docuit
2732 3656 2797 3731 ad
2817 3660 3155 3731 superandos
3178 3656 3300 3731 ejus
3321 3656 3532 3721 illicitas
3558 3656 3581 3699 ί

1998 3727 2301 3794 appetitus,
2331 3741 2452 3782 cum
2483 3728 2535 3781 in
2562 3742 2647 3782 me
2675 3727 2905 3795 delicio,
2934 3729 3135 3784 debere
3161 3727 3397 3788 divinum
3426 3736 3579 3789 auxi-

1997 3796 2123 3850 lituii
2152 3798 2454 3872 implorare.
2485 3796 2780 3872 Quodergo
2803 3799 2985 3851 bonum
3003 3811 3106 3872 est,
3132 3802 3257 3854 milii
3286 3807 3478 3872 factum
3504 3815 3580 3859 est

1997 3866 2173 3919 more?
2200 3866 2358 3920 Absit.
2391 3866 2656 3938 Numquid
2690 3866 2831 3938 enim
2858 3867 3164 3922 mandatum
3195 3866 3411 3938 bonum,
3443 3888 3581 3927 cen-

1999 3945 2076 3988 Ira
2105 3938 2291 3991 mortis
2316 3950 2476 4004 opera
2504 3937 2707 3999 datum,
2740 3937 2791 3989 in
2814 3947 3039 3990 mortem
3073 3940 3199 3992 milii
3233 3949 3315 3994 est
3340 3937 3583 3998 commu-

2000 4014 2163 4076 latum
2178 4008 2205 4058 ?
2227 4006 2393 4061 Absit.
2419 4006 2531 4076 Ego
2552 4006 2797 4060 videlicet
2816 4006 2958 4075 quod
2981 4008 3199 4071 morior,
3215 4025 3320 4063 non
3344 4013 3578 4068 mandati

1998 4075 2120 4129 boni
2151 4078 2277 4130 vitio
2307 4075 2527 4140 morior,
2554 4075 2648 4130 sed
2670 4076 2922 4130 mandato
2947 4076 3086 4132 bono
3106 4079 3234 4132 vitio
3258 4096 3377 4135 ineo
3405 4091 3579 4136 trans-

1996 4159 2198 4219 gresso.
2225 4145 2333 4201 Sed
2355 4156 2612 4211 peccatum
2632 4153 2690 4199 ut
2714 4155 2960 4219 appareat
2980 4157 3255 4216 peccatum.
3283 4165 3372 4219 per
3389 4153 3574 4207 bonum

1996 4216 2120 4268 mihi
2146 4226 2409 4286 operatum
2430 4225 2502 4269 est
2522 4225 2831 4288 niortemtut
2849 4217 2939 4286 ﬁat
2963 4234 3119 4288 supra
3136 4216 3339 4273 modum
3363 4238 3575 4287 peccans

1997 4296 2255 4355 peccatum
2282 4302 2371 4355 per
2399 4285 2713 4340 mandatum.
2748 4286 2817 4343 Ut
2839 4285 2966 4357 ergo
2985 4285 3430 4357 concupiscentia
3454 4307 3538 4346 ma
3554 4320 3573 4331 ι

1997 4357 2104 4430 lum
2130 4399 2144 4420 ,
2175 4373 2291 4427 qua:
2327 4357 2477 4410 radix
2502 4366 2584 4430 est
2616 4359 2851 4430 omnium
2881 4357 3179 4430 malorum,
3204 4371 3576 4430 cognoscatur

1997 4427 2229 4502 malum,
2242 4442 2338 4502 per
2357 4427 2661 4502 mandatum
2687 4426 2884 4502 bonum
2908 4428 3181 4502 praevaluit
3201 4428 3254 4483 in
3275 4426 3361 4502 me
3382 4431 3570 4502 magis.

1996 4510 2104 4551 non
2138 4498 2331 4551 defecit
2358 4514 2371 4550 :
2400 4499 2521 4566 quia
2559 4498 2642 4550 lex
2671 4498 2993 4566 subintravit
3018 4504 3079 4550 ut
3113 4499 3410 4557 abundaret
3434 4498 3571 4556 diali-

1996 4574 2160 4621 ctum.
2185 4567 2404 4621 Mortem
2422 4565 2559 4635 ergo
2589 4565 2719 4619 milii
2748 4574 3022 4635 operatum
3044 4577 3125 4620 est
3149 4569 3425 4635 delictum,
3448 4586 3571 4627 cum

1996 4648 2061 4692 ex
2089 4638 2303 4701 delicto,
2332 4636 2384 4688 id
2405 4646 2507 4699 εει,
2534 4651 2597 4689 ex
2632 4637 3062 4704 concupiscentia
3088 4640 3247 4703 mala,
3272 4641 3577 4697 iutirmante

1997 4723 2082 4763 me
2112 4709 2305 4778 virtute
2335 4707 2541 4774 propria
2565 4706 2630 4759 ad
2657 4706 3007 4778 obedientium
3030 4708 3152 4778 legi,
3178 4709 3369 4766 delicta
3388 4727 3576 4768 creve-

1996 4786 2141 4832 runt.
2180 4776 2469 4851 Etlactum
2496 4784 2578 4830 est
2602 4790 2762 4851 supra
2794 4777 3009 4831 modum
3040 4776 3268 4851 pifccans
3293 4790 3570 4851 peccatum

1997 4862 2093 4918 per
2122 4846 2449 4911 mandatum,
2480 4862 2599 4918 cum
2618 4863 2722 4916 per
2747 4848 2919 4918 legem
2940 4888 2956 4913 ,
2984 4846 3197 4913 utdixi,
3228 4846 3331 4904 non
3357 4851 3573 4916 defecit,

1997 4917 2091 4972 Sed
2122 4918 2288 4987 magis
2303 4917 2670 4992 immoderatis
2690 4917 3063 4992 cupiditatibus
3086 4920 3260 4972 crevit
3283 4938 3294 4972 :
3321 4923 3441 4992 quia
3463 4924 3575 4975 vir-

1999 4998 2082 5042 tus
2115 4988 2316 5057 peccati
2358 4987 2440 5040 lex
2481 4996 2562 5057 est
2585 5027 2599 5049 ,
2626 4987 2958 5055 prohibendo
2986 4996 3042 5041 et
3068 5003 3172 5041 nou
3209 4987 3577 5048 aul‘crcndo’.

1998 5056 2203 5113 Scimus
2223 5058 2356 5111 enim
2375 5056 2511 5124 quod
2532 5056 2614 5110 lea:
2635 5057 2913 5127 spiritualis
2935 5067 3036 5119 cst;
3058 5074 3148 5127 ego
3169 5070 3334 5115 autem
3354 5065 3576 5118 carnalis

1995 5144 2109 5201 sum
2133 5168 2148 5192 ,
2189 5127 2521 5201 venumdatus
2542 5128 2636 5180 sub
2666 5135 2891 5201 peccato.
2921 5127 3123 5201 Spiritu
3156 5129 3313 5201 igitur
3340 5133 3433 5187 Dei
3468 5144 3573 5186 tam

1997 5198 2225 5255 ducente
2247 5213 2407 5269 quam
2423 5197 2662 5269 juvante,
2685 5212 2789 5265 quo
2815 5196 2898 5251 lex
2926 5196 3045 5253 data
3076 5196 3315 5265 estfnon
3342 5203 3455 5257 sola
3482 5218 3575 5254 vo-

1997 5269 2198 5340 luntate
2223 5266 2577 5340 carnalilcgis
2592 5266 2633 5331 ",
2652 5277 2875 5335 possnnt
2900 5268 3105 5337 impleri
3130 5281 3389 5340 praecepta
3416 5288 3430 5324 :
3454 5272 3577 5339 quia

1998 5355 2095 5410 per
2135 5336 2307 5411 legem
2343 5338 2471 5392 vitia
2510 5336 2630 5391 inea
2676 5346 2878 5392 tantum
2923 5336 3190 5409 agnosco,
3224 5336 3326 5393 non
3368 5336 3574 5394 aufero.

2061 5541 2078 5573 ί
2113 5542 2196 5591 Hic
2234 5538 2349 5589 editi
2384 5536 2580 5597 addunt,
2621 5534 2779 5586 totius.

2063 5604 2084 5634 '
2118 5602 2422 5662 Antiquiores
2440 5599 2579 5657 libri,
2611 5597 2779 5662 inlices
2801 5597 3052 5662 appetitis.

2023 5723 2036 5736 .
2060 5664 2082 5695 ³
2114 5664 2186 5736 sic
2206 5655 2310 5711 Mss.
2336 5668 2392 5710 At
2413 5670 2534 5720 tum,
2557 5655 2601 5710 et
2624 5673 2717 5724 rion
2751 5655 3033 5708 hauriendo.
3074 5661 3202 5712 Lam,
3243 5660 3291 5703 et
3319 5665 3411 5704 non
3431 5655 3581 5707 auxi-

1996 5724 2247 5859 thliti,
2380 5783 2532 5835 solum
2550 5784 2783 5834 voluntate
2800 5776 3010 5831 carnales
3032 5776 3170 5842 legis.
3194 5781 3494 5845 castigantur
3514 5790 3575 5827 ex

2001 5863 2271 5897 mantISCl'lD
2294 5862 2352 5897 IS.

2001 5862 2352 5911 manitscriptis.

2657 5908 3299 6009 {Cinquantc-deux.)
