3970 6184
314 428 330 480 l
341 427 435 480 6ιό

307 539 434 592 enim
465 553 567 590 non
601 549 703 605 poti
726 535 790 589 rit
820 535 994 604 proles
1023 535 1268 587 exii'tere.
1304 552 1318 583 ι
1350 532 1424 586 Ex
1457 532 1556 585 hoc
1585 532 1863 605 advertant

306 610 501 661 dilect:c
531 604 717 658 vestri-
753 605 1031 660 castissimi
1063 614 1452 670 expugnatores
1473 644 1486 662 ,
1519 614 1771 666 quantum
1801 604 1867 655 li-

306 680 404 737 lict,
434 675 574 744 quod
603 685 802 726 tantum
836 673 1051 728 laudare
1081 675 1310 726 delectat
1337 691 1348 727 :
1372 684 1460 725 aut
1491 672 1534 725 si
1567 687 1669 744 non
1701 673 1827 726 libet
1850 714 1863 733 ,

302 764 414 802 Cum
453 743 638 799 suadet
682 756 736 797 ut
778 746 966 805 libeat,
994 754 1045 798 et
1086 754 1415 811 expugnatur
1444 760 1470 794 a
1501 743 1650 793 vobis
1683 744 1698 773 ¹
1725 784 1738 805 ,
1771 757 1867 796 cur

304 820 490 871 bonum
523 815 836 884 praedicatis,
867 814 1006 882 quod
1037 815 1084 884 in
1111 815 1260 866 vobis
1291 813 1570 865 adversum
1601 827 1718 884 esse
1745 825 1868 884 scn-

303 887 440 941 titis.’
472 883 598 954 rogo
619 927 632 947 ,
661 885 975 938 erubescite.
1023 883 1186 937 Nemo
1233 899 1458 954 unquam
1488 883 1626 954 quod
1657 883 1754 935 sibi
1787 891 1868 936 est

302 953 584 1012 inimicum.
607 956 800 1007 bonum
828 954 915 1007 dic
937 969 1006 1006 're
1036 955 1329 1006 delectatur
1350 961 1402 1004 et
1428 953 1638 1005 landum
1668 967 1870 1020 praco-

300 1029 393 1080 niis
418 1027 698 1077 adornare.
733 1023 989 1093 Fallimini
1023 1039 1237 1093 prorsus
1264 1033 1315 1074 et
1344 1023 1541 1080 fallitis.
1577 1023 1681 1073 imo
1707 1022 1866 1092 dece-

301 1098 365 1166 pti
391 1097 518 1148 estis
544 1105 595 1149 et
615 1094 873 1166 t’lecipilis.
900 1092 1123 1166 t‘ioiiest
1147 1094 1243 1148 iste
1273 1093 1418 1166 calor
1444 1093 1750 1166 boiiiis,_uec
1774 1108 1866 1166 ge-

299 1160 468 1220 nitalis
519 1166 568 1218 iu
619 1160 768 1216 bonis
818 1163 1132 1231 genitalibus
1181 1163 1594 1228 membris,qu;e
1623 1160 1867 1215 formavit

300 1237 451 1297 Deus,
480 1235 572 1288 sed
605 1235 791 1294 malus,
819 1243 872 1285 ut
898 1248 1038 1299 smpc
1058 1234 1255 1286 dictum
1283 1243 1383 1292 est,
1409 1241 1627 1286 auctore
1655 1232 1867 1285 diabolo

300 1306 624 1373 pra-cedente
657 1314 891 1369 peccato.
944 1303 1046 1373 lsto
1075 1304 1254 1355 calore
1292 1304 1335 1356 si
1372 1304 1518 1369 vigor
1551 1303 1740 1354 mentis
1773 1318 1866 1355 ve-

298 1372 414 1427 stra:
453 1375 519 1426 :nl
566 1375 742 1428 illicita
783 1389 886 1424 non
927 1372 1328 1433 dissolveretur,
1376 1389 1479 1425 non
1517 1387 1545 1423 a
1577 1372 1728 1423 vobis
1759 1382 1865 1425 tam

300 1445 434 1498 licitc
482 1446 811 1506 laudaretur,
852 1444 980 1511 quin
1023 1444 1196 1512 potius
1224 1444 1358 1496 sicut
1387 1457 1415 1494 a
1445 1441 1734 1496 Catholicis
1769 1442 1867 1495 da-

297 1531 410 1568 mna
420 1526 583 1569 retur.

366 1587 451 1638 Η.
480 1585 582 1637 sed
614 1585 803 1636 iterum
832 1581 1196 1650 respondetis.
1230 1589 1287 1634 ut
1315 1581 1559 1649 superius
1584 1581 1718 1642 dixi,
1749 1589 1868 1634 tan-

297 1670 448 1724 quam
481 1655 724 1725 clypeum
756 1663 931 1706 vestro
961 1652 1193 1725 dogmati
1224 1660 1552 1725 opponentes
1575 1692 1588 1714 ,
1625 1667 1702 1725 ne
1720 1652 1870 1725 vobis

297 1721 502 1778 valeant
533 1721 801 1791 simplices
827 1737 960 1791 quos
985 1722 1228 1791 decipitis
1258 1721 1537 1791 resistere,
1568 1734 1622 1774 et
1653 1721 1826 1775 dicitis
1852 1740 1865 1774 :

303 1813 322 1845 t
351 1795 555 1862 Nuptiae
603 1790 998 1846 damnalmntur
1021 1834 1034 1856 ,
1059 1795 1117 1862 isi
1173 1791 1334 1845 libido
1365 1790 1664 1862 damnetur
1687 1832 1700 1850 ,
1745 1793 1868 1859 quia

297 1861 497 1933 absque
529 1864 612 1916 illa
645 1864 856 1916 soboles
885 1877 989 1915 non
1021 1861 1267 1933 gignitur.
1303 1881 1328 1933 »Α
1348 1861 1481 1928 Quid
1513 1863 1870 1930 priestigiosis-

296 1931 446 1987 simis
492 1935 870 1987 assertionibus
903 1932 1093 1985 vestris
1133 1931 1272 1984 diem
1319 1931 1370 1983 in
1413 1941 1619 1984 noctem
1665 1941 1870 1984 mutare

297 2005 558 2058 nitimini?
593 2004 716 2072 quid
763 2002 970 2072 nebulis
1009 2016 1196 2072 serena
1238 2001 1583 2072 convolvitis?
1614 2001 1738 2068 quid
1787 2001 1866 2072 in-

296 2075 566 2128 tuentibus
592 2071 781 2136 lucem,
812 2071 1072 2124 ferventes
1098 2071 1149 2124 in
1171 2071 1347 2124 calore
1372 2071 1530 2138 turpi,
1551 2085 1706 2138 quem
1736 2071 1872 2137 opti-

297 2157 442 2196 mum
478 2143 795 2211 pra-dicatis.
825 2152 880 2193 ut
907 2141 1082 2196 cordis
1112 2157 1303 2211 eorum
1322 2140 1504 2211 oculos
1531 2140 1869 2208 perturbetis,

295 2212 428 2265 fumi
479 2208 884 2264 amaritudinem
934 2211 1219 2262 eructatis?
1260 2208 1464 2277 Nuptia:
1507 2221 1723 2262 auctore
1766 2211 1872 2261 Deo

292 2283 451 2334 valde
476 2291 597 2334 sunt
624 2284 794 2343 home,
826 2295 921 2333 nec
949 2280 1267 2332 damnantur
1299 2295 1511 2345 prorsus
1534 2320 1547 2340 ,
1572 2294 1690 2332 cum
1719 2280 1871 2331 volu-

295 2364 486 2420 ptuosa
515 2352 673 2406 libido
697 2351 997 2404 damnatur.
1027 2348 1230 2414 Nuptia:
1261 2349 1486 2420 liliorum
1517 2349 1874 2420 procreando-

297 2419 417 2474 rum
444 2436 598 2472 causa
624 2431 744 2474 sunt
775 2421 1044 2480 institute,
1075 2421 1209 2472 sicut
1235 2419 1486 2486 scriptum
1512 2428 1611 2480 est,
1636 2419 1870 2482 Crescite,

295 2502 340 2544 et
373 2489 802 2557 multiplicamini,
834 2498 878 2540 et
906 2490 1092 2557 replete
1119 2499 1302 2541 terram
1333 2488 1482 2556 (Gen.
1513 2504 1547 2548 ι,
1577 2488 1666 2556 98)
1701 2507 1713 2542 :
1739 2505 1872 2556 qua-

298 2559 414 2615 rum
447 2559 616 2613 licitns
642 2575 766 2612 usus
791 2575 894 2612 non
927 2561 976 2610 in
1005 2559 1210 2611 luxuria
1232 2557 1462 2611 libidinis
1483 2559 1748 2611 institutus
1770 2568 1870 2621 est,

298 2631 390 2684 sed
423 2629 540 2683 sine
569 2631 653 2684 illa
686 2628 908 2694 imperio
930 2630 949 2658 ²
984 2628 1369 2681 honestissima:
1398 2628 1680 2680 voluntatis
1701 2668 1716 2692 ,
1753 2638 1870 2681 tan-

300 2707 436 2761 tum,
470 2709 524 2752 ut
550 2700 676 2765 dixi,
708 2713 864 2752 causa
895 2706 1156 2752 natorum.
1199 2697 1329 2761 Quia
1363 2697 1488 2750 Adae
1518 2706 1572 2750 et
1604 2699 1727 2752 Eva:
1752 2709 1876 2754 ante

301 2780 598 2838 peccatum,
627 2786 744 2824 cuin
778 2767 950 2838 adhuc
975 2768 1177 2821 scilicet
1202 2767 1252 2819 in
1285 2767 1362 2820 cis
1389 2765 1605 2838 morlms
1636 2769 1735 2822 iste
1768 2784 1872 2822 non

298 2835 461 2903 esset,
492 2841 623 2892 dixit.
652 2841 808 2901 Deus,
837 2835 1070 2897 Crescite,
1097 2846 1143 2890 et
1171 2837 1594 2906 multiplicamini,
1625 2848 1671 2890 et
1692 2837 1875 2906 replete

301 2919 507 2964 terram.
538 2910 662 2963 Post
686 2917 955 2976 peccatum
983 2923 1129 2972 vero,
1161 2915 1215 2959 ut
1235 2908 1343 2973 jam
1369 2907 1614 2974 superius
1633 2909 1872 2974 diSputa-

300 2987 408 3032 tum
439 2990 544 3039 est.
578 2981 734 3032 sibilo
763 2978 1012 3032 venenosi
1038 2978 1319 3044 serpentis,
1339 2977 1487 3044 cujus
1511 2979 1716 3031 callidis
1738 2979 1758 3009 ³
1783 2980 1875 3033 de-

299 3050 438 3116 cepti
459 3058 586 3103 sunt
603 3049 996 3113 blandimentis,
1017 3049 1151 3100 hanc
1173 3049 1456 3115 inquietam
1478 3057 1527 3100 et
1551 3048 1872 3102 mortiferam

303 3130 506 3186 pestem
553 3135 737 3173 eorum
780 3132 1002 3185 corpora
1045 3127 1433 3184 conceperant;
1464 3127 1518 3171 et
1553 3133 1646 3185 per
1677 3119 1874 3173 licitum

300 3205 454 3242 usum
475 3231 489 3252 ,
527 3201 865 3257 posteaquam
891 3187 958 3241 de
985 3187 1228 3255 paradiso
1257 3187 1474 3256 projecti
1506 3197 1659 3252 sunt,
1695 3189 1745 3240 in
1779 3205 1873 3256 po-

299 3270 472 3313 steros
521 3261 951 3322 transmiserunt,
983 3268 1229 3324 tanquam
1275 3259 1472 3325 peccati
1518 3259 1596 3309 sui
1639 3259 1878 3312 testimo-

299 3331 445 3383 nium
470 3329 946 3396 bzcreditariojure
965 3327 1290 3381 dimittcutcs
1313 3327 1362 3381 in
1394 3327 1544 3380 nobis
1568 3346 1579 3379 :
1608 3338 1662 3380 ut
1685 3344 1746 3381 ex
1775 3327 1876 3383 hoc

301 3402 766 3467 pran'aricatorum
815 3415 910 3451 nos
950 3413 1068 3451 esse
1122 3398 1258 3450 lilios
1306 3407 1723 3463 cognoscentes,
1769 3415 1872 3452 non

298 3471 592 3537 gloriemur
629 3469 696 3522 de
739 3469 924 3532 nobis,
959 3469 1005 3520 id
1036 3478 1114 3520 est
1146 3468 1211 3519 de
1238 3477 1424 3520 natura
1457 3476 1638 3520 nostra
1683 3483 1872 3536 pecca—

301 3541 451 3600 trice.
483 3542 538 3594 in
569 3550 851 3607 conspectu
876 3537 1215 3607 jnstijudicis
1249 3539 1336 3592 Dei
1364 3538 1492 3600 ;sed
1523 3537 1637 3604 ejus
1664 3539 1873 3592 miseri-

297 3611 520 3677 Cordiie,
548 3626 665 3678 qua:
695 3625 796 3661 non
826 3609 878 3662 in
903 3609 1104 3678 meritis
1133 3618 1359 3670 constat,
1385 3623 1596 3675 semper
1627 3609 1758 3662 colla
1781 3609 1876 3661 lle-

298 3688 538 3742 ctamus;
569 3677 672 3748 quo
699 3680 944 3746 dignetur
969 3677 986 3708 ⁴
1016 3679 1068 3731 in
1103 3679 1401 3748 paradisum
1433 3693 1703 3744 revocare,
1738 3679 1875 3733 unde

296 3753 490 3804 merito
523 3751 736 3803 exsules
763 3749 903 3803 fecit.

368 3821 457 3873 19..
482 3821 550 3874 Et
580 3821 630 3872 in
658 3820 950 3888 eonjugatis
972 3818 1126 3887 igitur
1146 3827 1197 3872 et
1227 3818 1444 3870 inomni
1476 3818 1688 3871 homine
1715 3818 1875 3872 libido

297 3891 432 3942 mala
464 3899 549 3944 est
583 3908 595 3942 :
627 3905 1001 3955 nonnunquam
1034 3890 1171 3942 enim
1203 3888 1268 3941 ad
1301 3888 1481 3941 illicita
1515 3889 1706 3952 trahit,
1752 3890 1873 3955 quia

295 3961 558 4014 voluntati
592 3959 890 4028 peccatrici,
918 3975 1018 4028 qua
1052 3960 1242 4012 factum
1274 3967 1354 4011 est
1384 3967 1438 4011 ut
1464 3967 1603 4010 esset
1629 3957 1680 4010 in
1706 3975 1874 4010 mem-

296 4029 426 4096 bris,
457 4031 726 4086 Contraria
754 4040 835 4083 est
865 4031 914 4081 in
949 4039 1181 4089 tantum,
1218 4036 1273 4081 ut
1303 4030 1533 4095 ip~orum
1561 4028 1873 4096 eonjugato-

297 4114 411 4152 rum
440 4103 506 4154 ad
539 4102 736 4153 licitum
768 4115 920 4152 usuin
952 4099 1140 4151 ardore
1166 4100 1244 4151 sui
1273 4099 1348 4151 sic
1369 4099 1676 4151 anhelantes
1701 4100 1876 4166 prioci-

297 4170 426 4236 pitct
469 4181 676 4224 mentes
696 4212 709 4234 ,
743 4186 848 4237 quo
876 4169 1059 4222 eadem
1091 4169 1298 4222 licentia
1329 4170 1349 4199 ⁵
1377 4169 1479 4222 acti
1521 4169 1692 4234 potius
1717 4183 1874 4237 quam

294 4252 518 4306 agentes
553 4251 729 4305 agant.
768 4239 850 4292 Fit
879 4241 1018 4293 enim
1052 4241 1292 4292 voluntas
1333 4240 1664 4292 incontinens
1689 4280 1703 4302 ,
1749 4239 1873 4293 dum

296 4309 468 4364 illecta
494 4311 516 4341 ⁶
547 4311 771 4363 vincitur
800 4310 1094 4378 voluptate;
1129 4309 1220 4362 si-d
1249 4310 1467 4362 venialis
1493 4318 1576 4362 est
1607 4311 1655 4360 in
1687 4310 1874 4375 conju-

292 4382 449 4446 gatis,
481 4381 623 4434 malo
650 4381 790 4433 bene
817 4381 1100 4433 utentibus.
1125 4379 1274 4443 Quod
1302 4379 1532 4431 ostendit
1563 4381 1870 4443 Apostolus,

292 4461 412 4503 eum
444 4465 604 4502 causa
631 4450 969 4503 continentia:
996 4449 1249 4502 orationis
1274 4458 1481 4516 tempus
1523 4449 1700 4502 indicit
1743 4464 1873 4502 con-

288 4517 520 4584 jugatis,
552 4531 603 4572 et
631 4520 692 4572 ad
719 4521 887 4587 ipsum
917 4520 1104 4571 iterum
1138 4519 1510 4572 revertendum
1545 4529 1760 4586 prepter
1787 4520 1871 4572 in-

291 4591 674 4657 continentiam
727 4589 1032 4642 tenta‘tionis
1085 4600 1283 4642 satana:
1332 4589 1603 4657 praecipit,
1649 4589 1869 4642 dicens:

293 4656 472 4711 Nolite
514 4661 753 4728 fraudare
791 4662 1028 4720 invicem,
1061 4660 1158 4711 nisi
1186 4675 1248 4710 ea:
1274 4656 1516 4711 consensit
1546 4659 1612 4710 ad
1644 4669 1837 4723 tempus
1856 4701 1870 4724 ,

289 4739 342 4800 ut
364 4731 554 4783 vacetis
575 4730 789 4781 orationi
814 4741 830 4781 .'
855 4738 898 4781 et
925 4729 1104 4781 iterum
1131 4730 1429 4800 revertiuiii'ii
1460 4729 1510 4780 in
1542 4730 1876 4800 idipsumtne

289 4805 443 4852 tentet
475 4816 560 4852 vos
585 4809 788 4852 satanas
833 4809 1034 4868 propter
1057 4799 1466 4852 incontinentiam
1495 4811 1728 4853 vestram.
1765 4799 1875 4853 Hoc

288 4880 461 4920 autem
490 4869 900 4938 diceat-cundum
929 4869 1315 4938 indulgentiam,
1345 4883 1443 4921 non
1473 4873 1746 4921 secundum
1774 4871 1872 4921 im-

286 4939 488 5004 perium
519 4937 570 5007 (l
597 4937 713 4992 Cor.
747 4955 844 5004 vn,
876 4939 927 4998 5,
959 4934 1034 5008 6).
1069 4934 1389 4992 liainuabilis
1419 4947 1501 4991 est
1529 4955 1656 4992 vero
1692 4940 1743 4992 in
1774 4939 1872 4992 ad—

286 5008 480 5061 ulteris
518 5019 570 5061 et
615 5009 1040 5073 l'oriiieatoribus,
1075 5009 1215 5061 malo
1245 5010 1381 5063 male
1416 5009 1707 5062 utentibus.
1752 5009 1870 5063 Jam

284 5091 418 5146 ergo
437 5080 748 5147 cttgthSClle
771 5088 942 5132 utrum
966 5079 1249 5139 Apostolus
1271 5078 1336 5132 de
1357 5079 1498 5132 malo
1525 5080 1731 5133 veniam
1760 5095 1873 5146 pro-

283 5149 496 5201 miscr’t
532 5151 831 5214 conjugatis
851 5191 864 5212 ,
895 5165 958 5201 an
996 5149 1062 5201 de
1105 5149 1240 5201 bono
1268 5167 1280 5202 :
1305 5148 1370 5202 de
1398 5150 1539 5202 malo
1568 5149 1632 5202 ad
1665 5157 1872 5216 tempus

285 5219 518 5288 qrationi
543 5220 836 5273 vacandum
865 5220 1130 5272 abstinere
1161 5220 1494 5288 praeceperit,
1515 5235 1580 5272 an
1603 5218 1669 5272 dc
1693 5218 1873 5272 bono?

281 5275 495 5342 Erratis
521 5305 754 5358 prorsus,
779 5291 899 5360 quia
929 5275 1354 5358 Deusqui'jussit:
1372 5275 1493 5344 lieri
1513 5291 1729 5352 bonum,
1753 5305 1872 5343 nus-

342 5447 358 5478 ι
397 5447 475 5496 sic
495 5455 596 5497 Mss.
619 5455 670 5496 Αι
689 5447 825 5505 editi,
850 5452 930 5496 aut
952 5448 996 5498 si
1015 5460 1106 5497 non
1131 5445 1261 5508 libet,
1287 5460 1374 5496 cur
1395 5447 1608 5498 suadetis
1632 5454 1680 5496 ut
1704 5446 1866 5508 libeat,

272 5512 320 5556 et
352 5510 554 5558 castitas
575 5515 912 5571 expugnatura
935 5509 1058 5558 tabis
1079 5510 1102 5558 ξ’

338 5571 359 5632 ξ
393 5572 532 5631 Apud
556 5568 662 5620 Iov)
687 5568 772 5620 sed
796 5583 844 5620 in
864 5571 1092 5632 inmerio;
1119 5572 1310 5629 omisso,
1335 5568 1435 5620 sine
1459 5568 1562 5619 illa.

337 5631 358 5694 ξ
393 5637 607 5694 niam.
628 5632 765 5693 cujus
788 5631 972 5681 callidi.
1104 5693 1109 5694 γ
1421 5691 1447 5694 __
1597 5691 1603 5694 _
1637 5686 1671 5694 _.

285 5754 287 5758 η
334 5691 356 5722 ⁸
394 5691 777 5758 ιληιίηιίθηζιιιιν
809 5706 926 5758 nos;
966 5701 1017 5742 et.
1040 5693 1189 5753 intra,
1228 5693 1355 5744 unde
1393 5691 1500 5745 illos
1523 5691 1709 5744 merito.
1754 5693 1860 5743 Mss.

270 5754 384 5809 nec,
403 5766 512 5810 nos.
537 5753 642 5812 nec,
670 5753 792 5812 illos,
818 5755 1015 5802 habent.

331 5815 354 5872 ἒ
387 5824 572 5864 mones
592 5824 720 5872 Mss,
743 5818 959 5864 camitem
985 5814 1240 5864 licentiam.

331 5871 352 5906 ‘
389 5885 498 5924 Am.
522 5881 594 5925 Er.
624 5884 672 5927 ιι
697 5871 910 5926 nonnulli
931 5884 1057 5938 διεδ..
1075 5874 1266 5927 illicita.

1309 396 1864 470 uvrochtis'iICON
1903 403 2102 470 ΜΒέρἰ
2142 400 2483 484 QUARTUS.

3420 413 3550 476 ιϐιδ

1976 547 2131 597 quam
2154 547 2181 584 a
2203 533 2344 586 bono
2367 531 2654 600 prohibuit,
2682 530 2773 584 sed
2800 546 2828 582 a
2854 531 3011 594 malo,
3036 529 3218 585 dicens
3240 545 3334 599 per
3357 530 3541 591 David,

1976 601 2186 656 Declina
2212 620 2242 655 a
2271 605 2424 664 titulo,
2455 613 2499 654 et
2525 606 2606 672 [uc
2637 604 2817 654 bonum
2851 600 3226 672 (Parthicum,
3254 600 3367 672 27).

2051 673 2135 726 l5.
2164 671 2531 727 Incunctanter
2552 672 2770 724 omnino
2792 673 3000 730 dicitur,
3022 671 3156 724 bene
3183 673 3253 725 uti
3286 671 3384 726 hoc
3409 674 3547 726 malo

1977 743 2169 796 veniali
2218 743 2560 810 coujogatos,
2608 742 2831 793 lilioruiu
2879 743 3261 809 gignendortun
3307 741 3546 795 videlicet

1975 828 2134 864 causa
2157 854 2171 874 ,
2199 813 2288 881 qui
2337 822 2626 865 nascuntur
2653 812 2762 865 Deo
2787 814 2974 878 opilire
2993 853 3005 872 ,
3035 827 3138 864 non
3168 812 3234 864 de
3260 811 3546 866 accidentis
3581 819 3585 842 ί

1977 882 2210 936 libidinis
2233 883 2392 948 malo,
2416 882 2604 938 sed\de
2633 883 2770 934 bono
2793 882 3018 936 licenti:e
3043 883 3364 948 nuptiarum.
3387 881 3547 935 Num-
3579 881 3590 944 ἶ

1975 953 2100 1020 quid
2123 954 2262 1005 enim
2286 969 2405 1005 cmn
2431 954 2549 1005 vitis
2572 952 2801 1020 undique
2825 953 3106 1005 descrente
3135 952 3364 1019 agricola
3395 953 3546 1005 fuerit
3589 953 3595 959 ’

1977 1024 2215 1075 sentibus
2252 1032 2535 1090 occupata.
2561 1034 2612 1076 et
2655 1031 2889 1089 tempore
2927 1037 3024 1073 suo
3061 1021 3241 1086 jaeeus
3282 1022 3332 1074 in
3375 1022 3549 1074 dumis

1979 1093 2283 1159 produxerit
2313 1094 2492 1147 botros
2517 1093 2555 1155 ¹,
2584 1091 2651 1145 de
2679 1092 2958 1144 contrariis
2992 1091 3091 1144 sibi
3123 1090 3291 1158 spinis
3310 1131 3324 1154 ,
3355 1093 3549 1160 quibus

1976 1164 2253 1230 premitur,
2284 1178 2438 1216 uvam
2472 1163 2752 1230 produxit?
2783 1164 2950 1216 Absit.
2981 1162 3084 1216 Sed
3113 1161 3178 1215 de
3207 1172 3408 1214 natura:
3438 1178 3547 1215 smn

1975 1231 2144 1295 bono,
2179 1233 2301 1286 licet
2327 1233 2596 1298 spinarum
2627 1232 2827 1286 aculeis
2856 1242 3104 1298 corrupto
3125 1271 3138 1294 ,
3171 1233 3338 1285 bonos
3375 1236 3550 1286 attulit

1975 1302 2197 1357 fructus.
2223 1302 2480 1356 Similiter
2505 1311 2556 1356 et
2588 1303 2840 1367 triticum,
2863 1305 2906 1354 si
2933 1314 3112 1354 natum
3137 1303 3550 1370 circumquaque

1975 1372 2189 1425 zizaniis
2215 1374 2501 1440 operiatur,
2526 1373 2575 1425 in
2605 1383 2859 1441 quantum
2887 1372 3085 1438 Spicaiu
3117 1372 3458 1439 produxerit,
3482 1373 3549 1425 de

1974 1453 2176 1495 natura:
2221 1457 2330 1496 sua:
2370 1443 2528 1507 bono,
2562 1459 2662 1495 non
2702 1442 2768 1496 de
2810 1443 3131 1495 zizaniorum
3178 1442 3317 1494 malo
3359 1443 3550 1510 quibus

1976 1512 2279 1580 impeditur,
2306 1514 2499 1566 bonum
2530 1513 2706 1566 intulit
2735 1527 2949 1580 germen
2977 1530 2988 1564 :
3022 1513 3098 1565 sic
3131 1513 3218 1564 lilii
3249 1511 3317 1565 de
3345 1522 3549 1565 natum

1976 1583 2116 1635 bono
2137 1583 2259 1637 boni
2284 1591 2406 1636 sunt
2428 1583 2645 1644 fructus,
2670 1598 2774 1636 non
2795 1582 2862 1636 de
2889 1583 3028 1634 malo
3057 1582 3287 1635 libidinis
3311 1597 3553 1635 Corrum-

1977 1652 2149 1714 pentis
2187 1663 2240 1706 et
2283 1653 2548 1717 vitiantis,
2582 1669 2703 1708 eum
2747 1667 2854 1721 quo
2897 1653 3134 1705 nascitur
3158 1655 3333 1705 omnis
3365 1653 3549 1706 homo.

1975 1721 2313 1791 Unaqnieque
2340 1738 2467 1789 ergo
2494 1738 2579 1777 res
2610 1738 2829 1776 mancus
2875 1723 2924 1776 in
2971 1733 3174 1776 natura:
3221 1736 3331 1775 sua:
3376 1723 3550 1786 bono,

1974 1792 2334 1846 aet-identibus
2361 1794 2463 1847 sibi
2490 1793 2896 1847 adversitatibus
2925 1793 3119 1846 arescit
3143 1795 3162 1822 ⁸
3185 1801 3344 1861 atque
3376 1802 3557 1861 torpe-

1976 1863 2091 1926 scit,
2125 1864 2341 1915 CllllOt‘lS
2367 1878 2580 1928 semper
2605 1864 2845 1931 indigens
2873 1878 3029 1915 manu
3057 1862 3140 1915 vel
3169 1862 3464 1930 diligentia,
3497 1871 3554 1915 ut

1976 1943 2177 1985 naturm
2205 1949 2344 1993 sum,
2374 1932 2458 1985 cui
2490 1933 2617 1984 nihil
2646 1943 2726 1984 est
2751 1934 3073 1984 contrarium
3112 1934 3178 1984 ab
3202 1942 3419 1983 auctore
3449 1946 3551 1984 suo

1980 2002 2087 2055 Deo
2115 2003 2472 2067 congci‘iitum,
2501 2001 2675 2054 valeat
2699 2001 3039 2068 respondere.
3077 2001 3185 2054 lloc
3209 2003 3383 2069 agitur
3410 2011 3464 2054 et
3497 2005 3547 2053 in

1977 2081 2154 2124 nostra
2189 2072 2478 2139 peceatrice
2509 2081 2693 2123 natura
2723 2090 2735 2123 :
2760 2087 2969 2138 semper
3008 2071 3204 2138 indiget
3241 2080 3457 2124 auctore
3497 2082 3552 2124 et

1977 2141 2182 2193 cultore
2211 2156 2308 2193 suo
2335 2149 2490 2207 atque
2517 2149 2891 2194 conservatm'e
2932 2142 3036 2193 Deo
3056 2183 3070 2203 ,
3097 2153 3149 2193 ut
3176 2141 3346 2204 Spinis
3373 2152 3425 2194 et
3453 2144 3549 2193 tri-

1979 2211 2115 2265 bulis
2146 2211 2464 2278 zizaniisque
2495 2210 2724 2263 libidinis
2753 2213 2833 2263 vel
2865 2211 3099 2262 omnium
3131 2209 3384 2263 malarum
3414 2228 3546 2264 eon-

1977 2283 2450 2348 cupisCentiaruin,
2486 2296 2632 2347 quze,
2663 2289 2719 2333 ut
2743 2295 2884 2348 swpe
2910 2280 3168 2341 diximus,
3198 2296 3302 2334 non
3333 2291 3551 2336 auctore

1981 2350 2089 2404 Deo
2110 2391 2123 2413 ,
2151 2351 2242 2402 sed
2287 2351 2554 2418 peccando
2592 2354 2856 2404 contraxit
2875 2393 2888 2415 ,
2915 2367 3072 2404 manu
3108 2353 3292 2419 gratia:
3318 2367 3426 2403 sua:
3459 2367 3552 2418 per

1978 2421 2160 2474 Jesum
2191 2420 2458 2474 Christum
2491 2419 2768 2473 Dominum
2801 2432 3059 2482 nostrum,
3088 2421 3339 2488 quamdiu
3364 2423 3416 2474 in
3442 2431 3550 2475 ter”-

1979 2506 2090 2543 ram
2121 2491 2185 2543 de
2213 2507 2312 2558 qua
2343 2500 2549 2558 sumpta
2571 2502 2653 2544 est
2681 2491 2881 2550 redeat.
2910 2493 3171 2560 expietur,
3197 2492 3264 2545 de
3290 2500 3426 2545 terra
3451 2493 3551 2546 ite-

1979 2577 2095 2614 rum
2124 2561 2179 2613 in
2207 2577 2398 2613 novum
2425 2563 2675 2614 sarculum
2707 2562 2985 2628 purissima
3018 2561 3269 2623 reditura,
3297 2577 3390 2629 per
3411 2577 3553 2615 eum-

1977 2632 2096 2684 dem
2139 2630 2317 2684 Jesum
2363 2630 2628 2684 Christum
2675 2631 2953 2684 Dominum
2996 2641 3232 2684 nostrum
3275 2634 3546 2685 suscitata.

1979 2701 2173 2755 lterum
2196 2715 2321 2762 ergo
2353 2701 2646 2769 iterumque
2674 2715 2857 2769 repeto
2883 2719 2894 2754 :
2923 2700 3107 2754 Libido
3135 2702 3268 2754 mala
3298 2701 3425 2754 nihil
3454 2702 3550 2756 bo:

1980 2773 2061 2824 nis
2091 2770 2308 2839 impedit
2329 2771 2349 2801 ³
2373 2772 2586 2838 nuptiis,
2614 2773 2734 2840 quia
2764 2786 2866 2824 non
2888 2772 2953 2826 ab
2985 2773 3131 2824 initio
3163 2772 3212 2824 in
3242 2772 3357 2838 ejus
3386 2773 3552 2827 sordi-

1977 2841 2075 2895 bus
2100 2850 2222 2895 suut
2242 2883 2255 2904 ,
2284 2842 2435 2895 sicuti
2464 2844 2572 2909 jam
2599 2857 2759 2908 supra
2787 2841 3016 2894 diximus
3037 2862 3058 2906 ,-
3085 2842 3361 2894 ordinatae.
3407 2843 3549 2896 Deus

1978 2913 2118 2966 enim
2145 2913 2234 2981 qui
2265 2913 2380 2966 sine
2405 2911 2686 2965 concubitu
2718 2926 2844 2978 apes
2875 2911 3038 2964 fetarc
3068 2914 3287 2975 creavit,
3319 2923 3372 2965 et
3398 2927 3553 2981 agro-

1979 2998 2094 3034 rum
2121 2991 2308 3036 cunela
2335 2981 2536 3034 semina
2558 2982 2756 3048 absque
2778 2981 2995 3034 libidine
3020 2983 3270 3034 seminari
3295 2983 3373 3035 vel
3399 2983 3547 3036 nasci

1977 3051 2234 3114 decrevit,
2262 3051 2529 3103 hominem
2557 3065 2766 3119 quoque
2791 3066 2853 3102 ex
2887 3050 3120 3114 homine,
3146 3052 3188 3104 si
3213 3067 3314 3103 non
3342 3067 3555 3118 peccas-

1979 3131 2081 3184 set,
2112 3137 2208 3189 per
2249 3121 2586 3173 concubitum
2633 3119 3011 3181 voluntarium,
3038 3135 3140 3174 non
3186 3136 3281 3189 per
3323 3121 3554 3175 libidinis

1979 3201 2211 3244 scortum
2241 3191 2432 3244 exoriri
2467 3191 2517 3242 in
2550 3189 2794 3256 paradiso
2821 3190 3166 3256 permisisset.
3200 3190 3296 3244 Cui
3327 3190 3554 3259 qualiter

1979 3261 2030 3313 id
2052 3261 2350 3330 contigerit,
2381 3261 2430 3312 in
2457 3259 2611 3330 hujus
2628 3259 2997 3326 diSputatiunis
3017 3260 3268 3328 capitulo,
3293 3270 3553 3329 quantum

1981 3329 2236 3384 Dominus
2257 3331 2530 3390 revelavit.
2554 3329 2662 3398 jam
2691 3345 2776 3383 me
2802 3330 3031 3382 arbitror
3061 3331 3378 3384 ostendisse.
3406 3330 3555 3385 Ideo-

1978 3416 2080 3469 que
2124 3401 2422 3469 nuptiarum
2469 3400 2731 3453 liceutiam
2775 3400 2966 3453 bonam
3008 3400 3159 3453 valde
3206 3402 3461 3464 l'atcmur,
3501 3411 3555 3454 et

1981 3472 2171 3525 malam
2203 3469 2684 3538 concupiscentiam
2711 3470 2764 3523 in
2792 3470 3088 3538 conjugatis
3119 3470 3472 3525 damnabilem
3500 3483 3555 3524 ct

1979 3543 2343 3609 voluptuosam
2371 3555 2490 3595 esse
2519 3541 2781 3593 catholico
2806 3556 2898 3594 ore
2929 3539 3220 3594 clamamus
3241 3583 3254 3603 ,
3285 3552 3552 3594 vestrum-

1979 3627 2080 3678 que
2103 3613 2290 3680 dogma
2319 3612 2369 3663 in
2396 3610 2509 3678 ejus
2533 3611 2853 3680 turpitudine
2885 3609 3226 3676 horrendum,
3251 3620 3554 3665 sanctarum

1978 3681 2147 3751 Script
2160 3678 2384 3751 iiraruni
2399 3678 2716 3751 auctoritate
2737 3681 3067 3736 damnamus.

2048 3749 2274 3805 CAPUT
2306 3749 2434 3802 Vill.
2457 3780 2529 3790 —
2569 3750 2654 3803 M.
2701 3750 2892 3802 Paulus
2915 3760 2994 3804 est
3024 3751 3294 3817 apostolus
3319 3749 3554 3817 Christi,

1981 3835 2084 3874 non
2118 3821 2356 3887 Pelagius
2382 3820 2672 3885 discipulus
2699 3820 3028 3883 Antichristi,
3057 3820 3326 3883 liieretice,
3354 3821 3440 3888 qui
3467 3819 3550 3875 di-

1979 3892 2052 3944 cit
2079 3890 2557 3958 concupiscentiam
2586 3889 2637 3940 in
2669 3904 2828 3942 carne
2851 3905 2948 3958 sua
2982 3906 3084 3942 non
3115 3891 3310 3942 bonum
3336 3889 3544 3943 habita-

1978 3977 2038 4013 re
2066 3979 2078 4013 τ
2109 3962 2215 4013 imo
2242 3959 2575 4028 apertissime
2607 3959 2800 4011 malum
2831 3957 2988 4021 dicit,
3023 3969 3294 4026 peccatum
3324 3974 3442 4014 esse
3469 3969 3550 4013 tc-

1980 4040 2168 4091 statur,
2191 4030 2461 4083 stimulum
2480 4028 2653 4082 carnis
2669 4043 2780 4081 sure
2803 4030 3059 4091 nominat,
3081 4046 3109 4082 a
3131 4045 3235 4098 quo
3251 4043 3310 4084 se
3327 4031 3556 4098 colaphi-

1981 4101 2087 4153 zari
2115 4102 2339 4162 clamat,
2373 4115 2440 4152 ne
2464 4098 2826 4167 magnitudine
2853 4100 3238 4153 revelatiouum
3271 4100 3554 4153 extollatur

1981 4171 2055 4236 (ll
2080 4170 2197 4224 Cor.
2228 4185 2330 4234 xtt,
2357 4171 2408 4238 7)
2437 4188 2448 4224 :
2473 4170 2622 4236 cujus
2649 4169 2802 4223 malis
2830 4170 3180 4223 consideratis
3202 4168 3224 4200 ι
3253 4171 3301 4221 iu
3329 4173 3555 4238 corpore

1981 4242 2167 4294 mortis
2202 4257 2343 4302 ειη),
2376 4242 2425 4292 in
2454 4255 2558 4308 quo
2587 4239 2782 4293 bellum
2812 4241 3117 4295 intestinum
3149 4253 3270 4294 cum
3303 4239 3554 4293 invisibili

1982 4311 2132 4378 hoste
2161 4311 2410 4378 gerebat,
2440 4309 2731 4364 remedium
2761 4310 2945 4363 salutis
2974 4323 3081 4364 suae
3115 4311 3313 4378 nullum
3349 4310 3554 4376 penitus

1980 4377 2083 4434 nisi
2108 4374 2274 4434 solam
2305 4374 2523 4446 gratiam
2560 4381 2646 4433 Dei
2679 4381 2728 4432 iu
2761 4380 2975 4433 Christo
3001 4379 3125 4433 Jesu
3159 4374 3470 4433 liberantem
3495 4397 3554 4432 se.

1982 4453 2244 4506 invenisse
2269 4462 2509 4504 testatur.
2539 4451 2655 4518 lpse
2677 4451 2803 4502 dicit
2826 4451 3062 4503 scribens
3090 4451 3154 4503 ad
3178 4449 3550 4504 Coloss’ens‘cS:

1982 4522 2288 4588 Morti/iane
2314 4522 2534 4574 membra
2561 4529 2718 4571 rrstru
2743 4535 2854 4588 qua:
2874 4531 2988 4571 sunt
3016 4525 3166 4586 super
3198 4531 3414 4582 terram;
3441 4521 3550 4588 [or-

1982 4587 2279 4647 uicatiouem
2303 4633 2316 4654 ,
2349 4589 2746 4651 immunditiam,
2780 4587 3034 4642 libidinem
3053 4631 3067 4655 ,
3092 4587 3551 4659 concupiscentiam

1981 4665 2166 4716 malum
2221 4661 2435 4730 (Coloss.
2462 4677 2536 4723 Ill,
2561 4659 2615 4714 5)
2647 4670 2748 4712 etc.
2787 4660 3121 4725 lieSpondete
3152 4661 3272 4714 lmic
3296 4665 3440 4714 tanto
3461 4662 3556 4714 do-

1980 4735 2132 4792 ctori,
2166 4748 2258 4786 cur
2284 4747 2343 4785 ea
2373 4731 2735 4784 niortilicanda
2767 4730 3022 4799 priecipit,
3053 4732 3094 4782 si
3125 4733 3381 4784 naturalia
3415 4733 3551 4785 bona

1980 4804 2134 4854 sunt?
2159 4802 2260 4856 Sed
2289 4802 2477 4855 melius
2503 4801 2553 4852 in
2578 4802 2724 4852 vobis
2756 4800 2963 4869 Pelagio
2983 4811 3034 4852 et
3055 4801 3306 4854 leestio
3333 4801 3553 4868 loquen-

1981 4873 2120 4926 tibus
2140 4914 2153 4936 ,
2178 4888 2332 4940 quam
2361 4872 2570 4924 Christo
2601 4871 2650 4922 in
2677 4870 2872 4931 Paulo,
2903 4885 2932 4923 e
2956 4871 3222 4940 contrario
3255 4870 3552 4938 pr:edicatis

1980 4957 2098 4995 cum
2131 4938 2382 4995 laudabili
2407 4941 2610 5009 plausu,
2638 4941 2874 4992 dicentes
2908 4957 2920 4990 ε
2952 4958 2977 5009 ι
3011 4938 3285 4994 νίνιιίοξιισ
3311 4941 3551 4996 membra

1982 5022 2154 5066 vestra
2196 5028 2310 5077 qua:
2353 5008 2476 5064 sunt
2509 5025 2670 5077 super
2705 5020 2927 5070 terram;
2959 5008 3362 5065 fornicationem
3391 5029 3548 5065 inuu-

1979 5081 2121 5147 dam,
2153 5081 2423 5135 libidinem
2454 5081 2642 5133 bonam
2664 5122 2676 5135 .
2707 5079 3186 5146 concupiscentiam
3219 5083 3491 5148 optimam.
3527 5102 3544 5131 ο

1983 5153 2226 5213 Demens,
2254 5161 2308 5204 et
2337 5151 2624 5205 secundum
2654 5149 2972 5202 voluntatem
3007 5159 3155 5201 tuam
3183 5151 3232 5202 in
3268 5153 3548 5218 reprohum

1978 5238 2191 5276 sensum
2222 5222 2440 5275 dimisso
2471 5221 2720 5272 hmretice
2752 5237 2763 5270 :
2799 5219 2864 5271 de
2895 5219 3110 5272 istarum
3143 5219 3378 5272 sordium
3413 5221 3550 5273 malo

1981 5293 2169 5345 iterum
2209 5293 2335 5344 dicit
2375 5293 2512 5344 idem
2553 5288 2822 5356 apostolus
2851 5289 3092 5342 scribens
3135 5290 3198 5343 ad
3243 5290 3548 5355 Romanos,

1978 5361 2099 5416 Non
2130 5373 2296 5433 regnet
2328 5371 2582 5433 peccatum
2608 5361 2657 5410 in
2689 5371 2848 5433 uestro
2874 5360 3076 5433 mortali
3099 5374 3330 5433 corpore,
3354 5369 3406 5410 ut
3432 5361 3550 5433 obes

1975 5435 2129 5486 diutis
2159 5428 2575 5502 concupiscentiis
2604 5429 2913 5502 eiiis‘Ulom.
2944 5445 3022 5488 vr.
3045 5431 3180 5502 θέλ,
3201 5428 3289 5502 ille
3321 5430 3370 5480 in
3403 5429 3547 5502 veri-

1976 5513 2082 5558 tate
2107 5499 2348 5556 doeendo
2377 5501 2616 5568 prohibet
2648 5501 2728 5554 liis
2759 5499 3104 5553 immunditiis
3135 5499 3384 5553 obedire:
3412 5509 3462 5551 tu
3493 5500 3546 5555 in

1973 5590 2156 5629 errore
2187 5573 2469 5641 Pelagiano
2496 5571 2704 5625 suades.
2757 5570 2848 5625 llle
2873 5568 3352 5637 concupiscentiam
3382 5571 3550 5630 menti

2035 5693 2049 5757 ξ
2090 5689 2392 5751 Antiquiores
2412 5687 2602 5757 codices
2619 5723 2633 5746 ,
2659 5686 2862 5757 botritos.

2033 5754 2052 5782 ²
2092 5762 2190 5798 Am.
2214 5749 2290 5798 Er.
2313 5757 2363 5798 et
2386 5757 2510 5807 Mss,
2536 5749 2813 5799 mierevcit.

2036 5813 2056 5843 ³
2086 5813 2156 5860 sic
2175 5819 2278 5860 Mss.
2307 5819 2359 5860 at
2381 5813 2515 5867 editi”,
2536 5810 2785 5870 impendit.

2037 5876 2058 5906 ι
2089 5875 2159 5925 sic
2181 5882 2282 5924 Mss.
2311 5881 2364 5922 At
2386 5874 2527 5935 editi,
2552 5869 2689 5938 cujus
2710 5869 2887 5920 malum
2919 5870 3247 5922 considerem.
