3970 6184
369 410 507 467 1647

368 522 713 586 contrariam,
743 525 1013 589 peccatum
1033 521 1185 569 vocat
1204 531 1223 589 _:
1249 520 1301 567 tu
1328 526 1443 567 eam
1463 510 1750 589 laudando,
1773 509 1857 565 vel
1888 509 1939 562 in

370 611 431 648 ea
462 583 793 655 delectando,
826 590 1022 655 bonum
1051 585 1248 655 asseris
1277 583 1537 655 naturale.

444 664 531 718 l5.
560 661 737 722 Stulti.
778 651 1062 727 aliquando
1083 654 1193 727 jam
1220 653 1408 722 sapite,
1438 661 1494 707 et
1523 652 1689 727 nolite
1712 651 1779 704 de
1801 657 1947 727 tanta

371 734 510 787 malo
533 720 768 801 gloriari,
806 720 979 797 neque
1021 720 1305 780 mendaces
1325 736 1444 777 esse
1472 722 1726 801 adversus
1757 720 1949 801 veriia-

373 814 501 867 tem,
530 790 649 871 qua:
673 790 854 868 peros
880 790 1186 871 sanctorum
1224 807 1441 871 suorum
1469 790 1948 871 iaudabiiemdile-

372 860 618 939 ctamque
632 860 861 939 vestram
878 863 1359 939 con_cup_is_centi_am
1379 862 1593 939 malam,
1607 869 1663 916 et
1681 860 1949 939 libidinem

377 930 546 1010 punit'
572 938 919 1010 immundam.
962 930 1164 990 Ex'his
1197 934 1339 987 enim
1367 930 1591 1010 diversae
1629 932 1953 1010 tentationes

375 999 636 1073 briuntur,
668 999 858 1078 quibus
885 1022 978 1078 per
1003 1011 1267 1059 momenta
1287 1017 1419 1078 cum
1453 1002 1565 1078 Deo
1594 1000 1953 1078 placere_con-

376 1069 642 1139 tendimus
666 1069 1105 1146 Cprmpédimur,
1155 1083 1215 1126 ut
1251 1074 1326 1146 ait
1359 1069 1633 1146 apustolus
1681 1069 1909 1146 Jacobus
1938 1086 1951 1121 :

381 1150 544 1204 Nemo
563 1165 676 1202 cum
700 1139 935 1208 tentatur,
959 1146 1092 1198 dicat
1112 1143 1347 1208 quoniam
1372 1156 1404 1194 a
1431 1140 1533 1194 Deo
1549 1148 1798 1194 tentatur:
1819 1139 1957 1192 Deus

378 1222 511 1274 enim
533 1221 803 1272 intentator
831 1216 1081 1270 malorum
1107 1222 1202 1275 est,
1238 1213 1346 1281 ipse
1373 1219 1540 1265 autem
1556 1210 1810 1264 neminem
1846 1219 1957 1261 ten-

379 1301 493 1344 tat:
515 1288 853 1357 unusquisque
872 1302 988 1357 veto
1007 1292 1237 1357 tentatur
1261 1298 1294 1357 ιι
1317 1282 1717 1357 concupiscentia
1736 1296 1830 1334 sua
1854 1280 1959 1357 obs-

379 1369 571 1414 tructus
595 1367 640 1411 et
659 1350 890 1411 illectus.
923 1355 1053 1408 Dein
1081 1352 1482 1422 concupiscentia
1518 1366 1633 1403 cum
1658 1350 1957 1419 conceperit,

381 1430 514 1487 οατῑι
540 1436 798 1499 peccatum
828 1442 846 1480 τ
876 1432 1133 1499 peccem"!
1148 1430 1837 1499 3’"?£".’!‘..‘°'3.‘.".m”‘“f!‘.m
1857 1423 1961 1499 Ταα-

379 1501 468 1564 rit,
494 1489 697 1568 generat
719 1489 929 1568 mortem
955 1492 1159 1568 (Jacobi
1177 1508 1214 1556 ι,
1249 1491 1457 1561 1545).
1504 1489 1687 1568 Videte
1716 1489 1960 1568 dilectam

382 1559 618 1624 vestram
655 1567 858 1620 semine
886 1559 1097 1619 laudum
1127 1559 1425 1616 vestrarum
1454 1560 1840 1629 concipientem
1868 1559 1964 1613 do-

385 1639 555 1692 lorem
582 1638 623 1701 ι,
643 1636 1017 1704 parturientem
1028 1639 1334 1704 peccatum,
1352 1638 1692 1704 generantem
1715 1639 1962 1704 mortem.

385 1707 551 1777 Cujus
575 1698 698 1777 dum
728 1712 998 1758 auctorem
1025 1698 1196 1777 Deum
1227 1716 1346 1754 esse
1360 1698 1690 1777 praedicatis,
1730 1700 1845 1753 sine
1864 1698 1965 1777 du-

383 1768 480 1832 bio
502 1776 719 1841 arguitis
749 1783 952 1828 tantum
993 1771 1324 1841 apostolum,
1356 1780 1410 1823 et
1438 1770 1607 1841 Deum,
1638 1782 1760 1823 esse
1794 1768 1965 1841 malo—

387 1862 504 1900 rum
533 1838 707 1898 dicitis
736 1838 1093 1897 tentatorem:
1127 1842 1249 1910 quia
1287 1840 1404 1909 ipse
1440 1840 1640 1895 creavit
1676 1838 1966 1910 secundum

389 1930 505 1979 vos,
537 1913 675 1968 unde
701 1921 972 1972 tententur
998 1908 1259 1974 homines,
1282 1908 1657 1979 abstrahamur
1672 1917 1725 1963 et
1748 1908 1971 1979 illiciau-

388 1977 505 2050 tur;
534 1998 598 2037 ac
627 1998 720 2052 per
750 1983 851 2036 hoc
877 1981 991 2050 ipse
1017 1980 1160 2034 unde
1197 1989 1418 2052 pereant
1444 1978 1589 2052 fecit2
1621 1977 1771 2052 Qund
1815 1979 1859 2031 si
1900 1978 1969 2052 ita

388 2046 501 2108 non
520 2046 808 2115 sentiretis,
830 2046 995 2105 Deum
1012 2057 1236 2103 mortem
1254 2046 1444 2102 fecisse
1464 2048 1680 2101 minime
1697 2047 1966 2102 diceretis.

390 2123 495 2179 Sed
521 2122 701 2176 audite
724 2121 899 2175 adhuc
925 2118 1367 2189 repercutientem
1394 2116 1537 2184 virga
1563 2116 1838 2189 sapientiae
1862 2132 1971 2171 cce-

392 2193 543 2247 lestis
566 2190 843 2258 vaniloqua
875 2186 1176 2258 orat—vestra
1205 2187 1450 2258 eumdem
1487 2186 1784 2258 apostolum
1811 2186 1971 2241 Jaco-

390 2262 536 2316 bum.
575 2258 721 2315 Unde
747 2255 936 2329 inquit,
966 2257 1096 2329 bella
1124 2267 1171 2310 et
1211 2258 1322 2310 lites
1358 2257 1413 2329 in
1449 2256 1626 2329 vobis?
1655 2255 1840 2329 Nonne
1859 2258 1974 2311 hinc

391 2348 456 2386 ea:
480 2326 894 2400 concupiscentiis
922 2328 1116 2400 vestris,
1148 2342 1264 2400 qua:
1308 2326 1525 2400 ruiiitant
1556 2326 1608 2400 in
1634 2326 1972 2400 membrisve-

390 2402 508 2455 stris
523 2394 732 2470 (ldftv,
766 2400 845 2469 l)?
881 2398 1087 2470 Auditis
1116 2398 1272 2470 quaie
1305 2394 1536 2470 officium
1566 2396 1723 2470 habet
1751 2396 1972 2470 nimium

392 2465 585 2526 dilecta
630 2465 811 2523 vestra
841 2466 1292 2535 concupiscentia,
1332 2465 1385 2518 id
1422 2474 1525 2530 est,
1573 2466 1710 2520 bella
1740 2474 1795 2519 et
1833 2466 1971 2533 lites,

392 2540 584 2609 quibus
606 2535 1295 2609 discordarefacitucorpus
1321 2544 1377 2590 et
1418 2536 1660 2609 spiritum
1687 2544 1925 2609 nostrum
1958 2555 1971 2589 :

393 2604 449 2664 et
476 2613 528 2663 in
551 2609 667 2676 ejus
695 2606 883 2662 castris
909 2605 1207 2676 hostilibus,
1240 2613 1399 2676 atque
1425 2604 1526 2658 sub
1562 2606 1679 2676 lege
1698 2605 1976 2676 mortifera

395 2688 465 2741 te,
495 2674 764 2741 lueretice,
797 2676 1022 2730 militare
1045 2674 1310 2729 delectat?
1348 2674 1402 2728 Si
1434 2688 1615 2741 pacem
1642 2674 1765 2729 fidei
1787 2676 1972 2728 catho-

392 2750 512 2804 lica:
544 2747 864 2817 sequereris;
896 2761 927 2799 a
958 2743 1455 2817 turbineubellorum
1487 2743 1673 2817 horum
1703 2755 1757 2817 et
1782 2744 1973 2817 litium,

393 2834 501 2888 quo
527 2818 579 2872 in
600 2812 775 2873 cordis
797 2816 869 2888 tui
897 2815 1083 2888 pelago
1100 2814 1554 2888 '_circ_umquaque
1571 2812 1790 2888 jactaris
1820 2830 1885 2875 ne
1908 2815 1975 2888 ad

393 2882 603 2957 portum
636 2882 913 2957 pervenias
940 2882 1197 2945 veritatis,
1226 2882 1376 2937 facile
1401 2883 1583 2957 gratia:
1620 2884 1977 2957 gubernaculo

393 2952 609 3027 poteras
635 2952 848 3010 liberari
870 2955 991 3019 ',_et
1013 2966 1337 3027 cognoscere
1365 2952 1561 3006 malum
1589 2952 1731 3023 quod
1760 2954 1813 3008 in
1837 2955 1977 3010 malo

390 3022 604 3097 positus
628 3034 777 3097 putas
805 3039 926 3097 esse
952 3022 1383 3097 pulcherrimum.

470 3096 561 3152 16.
580 3091 714 3151 Audi
737 3105 792 3152 et
813 3091 974 3150 alium
998 3108 1159 3162 super
1176 3092 1301 3146 Jesu
1328 3098 1510 3159 pectus
1530 3091 1973 3158 discumbentem,

395 3174 450 3224 ct
473 3175 886 3230 contestantem,
923 3163 1405 3232 concupiscentiam
1432 3176 1535 3216 nou
1565 3177 1683 3217 esse
1724 3178 1788 3218 ex
1819 3164 1977 3220 Patre

396 3239 527 3304 Deo,
553 3235 649 3292 sed
676 3252 741 3290 ex
767 3233 985 3298 mundo,
1012 3243 1068 3288 et
1092 3247 1351 3304 eameam
1375 3232 1573 3304 mundo
1600 3233 1973 3304 transiturum:

392 3301 651 3362 Joannem
679 3306 799 3359 dico
840 3304 1160 3372 apostolum.
1208 3301 1402 3367 Nolite,
1438 3302 1542 3372 ait,
1584 3302 1795 3372 diligere
1837 3321 1979 3359 mun-

395 3377 538 3442 dum,
561 3392 717 3443 neque
743 3391 802 3428 ea
825 3371 939 3444 quae
968 3374 1021 3427 in
1042 3372 1236 3444 ntundo
1256 3381 1391 3425 sunt.
1421 3371 1481 3425 Si
1506 3371 1617 3444 quis
1637 3372 1803 3442 diligit
1830 3391 1980 3427 mun-

395 3441 539 3509 dum,
566 3441 666 3498 non
686 3454 757 3497 est
781 3441 1002 3496 Charitas
1033 3441 1203 3494 Patris
1222 3442 1273 3494 in
1294 3458 1351 3494 eo
1368 3456 1391 3512 ς
1416 3441 1652 3510 quoniam
1676 3441 1821 3497 omne
1843 3444 1979 3512 quod

394 3524 467 3567 est
493 3516 545 3566 in
575 3513 780 3574 mundo,
813 3512 1215 3581 concupiscentia
1239 3510 1405 3563 carnis
1430 3519 1522 3576 est,
1553 3520 1600 3563 et
1623 3510 1979 3581 concupiscen-

400 3584 470 3635 tia
495 3582 775 3643 oculorum,
807 3590 853 3633 et
880 3580 1115 3649 superbia
1160 3579 1292 3644 rite,
1330 3593 1455 3649 quat
1477 3595 1575 3633 non
1600 3589 1674 3632 est
1700 3597 1762 3634 ea:
1784 3579 1974 3649 Patre,

397 3652 488 3705 sed
510 3667 572 3706 ea:
600 3649 785 3702 mundo
810 3659 901 3720 est.
941 3648 1009 3720 Et
1045 3649 1261 3720 mundus
1298 3648 1477 3720 trgnsit
1502 3657 1547 3701 et
1579 3648 1980 3720 concupiscentia

399 3722 511 3787 ejus
538 3736 557 3773 :
574 3720 660 3787 qui
679 3729 844 3771 autem
873 3718 994 3786 facit
1016 3718 1315 3787 uoluntatem
1334 3716 1451 3783 Dei,
1481 3728 1644 3772 manet
1664 3721 1715 3773 in
1739 3716 1980 3776 internum

399 3740 427 3773 ε
455 3740 511 3772 us
538 3740 557 3773 ἔ
574 3740 659 3787 qut
679 3740 844 3771 aurem
873 3740 993 3786 lacu
1016 3740 1315 3771 ινυιιιηιαιειη
1334 3740 1451 3783 νινι,
1481 3740 1643 3772 ηιαηει
1664 3740 1715 3773 tn
1739 3740 1980 3776 (meritum

399 3740 448 3859 (ί
470 3788 624 3843 Joan.
654 3804 713 3859 ιι,
761 3787 969 3859 15-17).
999 3786 1241 3859 Claudite
1276 3786 1468 3854 adhuc,
1497 3788 1540 3842 si
1577 3789 1766 3859 placet,
1797 3794 1980 3847 oculos

399 3858 577 3914 eordis
604 3858 669 3912 ad
698 3858 1003 3921 videndum,
1036 3866 1089 3911 et
1112 3858 1354 3912 obturate
1379 3872 1535 3912 aures
1562 3858 1628 3913 ad
1657 3861 1978 3918 audiendum

398 3928 530 3984 tanti
560 3928 785 3997 apostoli
817 3926 1089 3997 veritatem
1123 3946 1137 3980 :
1165 3936 1219 3980 et
1246 3928 1471 3982 clamate
1499 3929 1760 3996 dicentes,
1793 3948 1860 3988 ne
1886 3934 1982 3989 scio

400 3999 523 4053 licet
558 3997 778 4055 dilecta:
812 4006 998 4053 vestrae
1046 3996 1247 4052 faciatis
1285 3998 1550 4067 injuriam,
1583 4016 1601 4050 ι
1643 3998 1722 4055 Ex
1765 4003 1876 4059 Deo
1900 4012 1982 4059 est

465 4223 480 4249 ι
517 4213 651 4273 aditi,
683 4218 846 4267 Videte
884 4214 1108 4265 dilectam
1132 4219 1339 4266 vestram
1373 4213 1518 4265 simul
1550 4222 1597 4266 et
1629 4216 1878 4270 laudatam
1897 4235 1977 4272 ve-

401 4286 553 4345 stram
572 4276 913 4345 concipientem
934 4274 1165 4345 dolorem.
1190 4276 1500 4338 Corriguntur
1536 4290 1599 4325 ex
1624 4284 1997 4345 manuscriptis:

466 4342 487 4403 ξ
520 4346 647 4403 uss,
673 4333 1042 4403 pelagus.hAm.,
1067 4333 1277 4403 peiagos.

463 4402 485 4433 ο
515 4401 586 4450 sic
609 4395 713 4450 ηεξ,
746 4395 803 4450 Αἱ
846 4399 982 4458 editi,
1013 4395 1195 4461 gr'atia’
1216 4395 1509 4460 gubernante
1539 4399 1716 4460 poteris
1754 4400 1970 4456 liberari.

1504 393 1899 456 APPENDICIS
1936 392 2113 448 PARS
2151 395 2380 450 PRIMA.

3498 400 3642 460 1648

2050 510 2471 579 concupiscentia
2498 510 2692 575 carnis,
2724 525 2828 564 non
2869 526 2936 567 ex
2974 510 3191 577 mundo,
3238 520 3294 565 et
3336 512 3457 568 ideo
3491 514 3642 567 calor

2052 581 2221 634 bonus
2246 590 2327 633 est
2349 581 2609 634 aenitalis.
2644 600 2662 631 ι

2122 595 2221 634 [HIS
2246 590 2327 633 est

2383 581 2609 635 enitalis.
2644 600 2662 631 ι

2123 596 2221 634 nus
2246 596 2327 633 est
2349 596 2609 650 genuaus.
2644 600 2662 631 ι

2123 651 2347 706 CAPUT
2374 652 2463 704 IX.
2494 679 2566 690 —
2592 652 2677 704 l7.
2723 649 2827 721 Sed
2877 649 3005 719 quid
3039 651 3177 705 ultra
3211 651 3264 705 in
3310 651 3645 721 proferendis

2055 722 2371 775 testimoniis
2388 763 2403 785 ,
2439 721 2629 790 quibus
2651 719 2892 775 defensio
2923 729 3099 775 vestra
3120 719 3377 790 probatur
3396 737 3516 777 esse
3549 724 3646 776 da-

2055 791 2325 857 mnabilis,
2353 792 2493 844 nitar
2519 790 2854 859 promulgare
2879 791 3217 844 sermonem?
3243 792 3376 859 Quia
3402 794 3447 846 si
3464 795 3644 847 omnia

2056 861 2299 932 deflegis
2343 861 2540 915 divina:
2582 860 2844 932 thesauris
2886 861 3275 932 producantur,
3321 870 3531 932 tempus
3560 880 3646 917 me

2057 931 2238 986 deficit
2263 940 2621 985 enarrantem.
2655 931 2846 983 Audite
2873 945 3000 999 ergo
3026 931 3277 999 breviter,
3306 947 3411 985 non
3440 931 3644 995 brevia,

2058 1001 2151 1055 sed
2179 1001 2401 1055 crimine
2430 1000 2661 1070 iungentia
2681 1001 2874 1072 caloris
2897 998 3057 1072 vestri
3078 998 3429 1072 amantissimi
3456 1017 3643 1072 opera,

2060 1072 2251 1140 quibus
2294 1073 2345 1124 in
2389 1071 2626 1125 illicitmn
2663 1070 2810 1125 coire
2838 1070 2855 1100 ¹
2885 1071 3177 1140 prmcipitat
3216 1071 3462 1126 hebetata
3483 1070 3649 1129 corda

2062 1141 2384 1206 mortalium,
2415 1149 2469 1195 et
2495 1142 2793 1195 crubcscite
2823 1148 2878 1194 et
2906 1142 3247 1195 contieescite
3273 1142 3509 1198 tandem.
3539 1142 3652 1198 Isto

2062 1211 2241 1283 calore
2260 1225 2552 1283 succensus
2579 1219 2634 1264 et
2663 1209 2887 1279 turpiter
2914 1210 3121 1283 illectus
3150 1226 3525 1283 nonnunquam
3551 1229 3650 1283 pa-

2066 1289 2145 1334 ter
2168 1280 2384 1335 inclinat
2414 1281 2597 1342 filiam,
2629 1289 2683 1335 et
2711 1289 2961 1349 operatur
2989 1280 3247 1335 incestum
3283 1300 3296 1335 :
3326 1282 3468 1335 illius
3488 1280 3652 1338 etiam

2065 1352 2231 1419 patris
2275 1352 2485 1405 thorum
2526 1351 2774 1413 maculat,
2817 1364 2937 1404 cum
2970 1352 3132 1419 matri
3162 1352 3247 1406 vel
3279 1367 3522 1408 noverat!
3547 1355 3652 1409 ali-

2064 1418 2278 1489 quando
2306 1420 2577 1475 miscetur.
2608 1419 2663 1473 In
2690 1434 2927 1475 sororem
2955 1418 3117 1475 frater
3143 1420 3391 1489 cupidine
3411 1424 3433 1453 ⁸
3459 1424 3656 1477 ductus

2068 1490 2289 1544 incurrit
2319 1508 2334 1563 ς
2367 1500 2647 1563 cognatam
2695 1506 2802 1544 non
2841 1490 3107 1563 erubescit
3134 1494 3456 1563 Opprimere.
3491 1493 3656 1563 Virgo

2070 1574 2175 1615 non
2206 1561 2430 1615 sustinet
2459 1561 2721 1614 licentiam
2766 1560 3088 1628 nuptiarum,
3121 1561 3213 1614 sed
3244 1571 3485 1630 stuprum
3513 1560 3655 1617 tern-

2072 1644 2201 1697 pore
2243 1630 2572 1698 concupiscit
2617 1630 2822 1684 illicito.
2869 1630 3085 1683 Maritus
3127 1632 3345 1686 minime
3369 1639 3658 1686 contentus

2072 1699 2218 1754 licito
2242 1701 2422 1755 uxoris
2458 1700 2724 1768 amplexu,
2779 1708 2964 1753 uteros
3012 1702 3336 1754 contaminat
3378 1703 3583 1759 alienas
3611 1703 3653 1754 ³.

2071 1770 2326 1825 Similiter
2353 1779 2408 1824 et
2434 1785 2567 1823 uxor
2590 1771 2872 1824 immemor
2897 1770 3093 1839 proprii
3118 1770 3326 1836 cubilis,
3353 1771 3660 1826 adulterino

2073 1854 2255 1894 amore
2280 1840 2461 1895 uxoris
2475 1848 2701 1908 occupat
2718 1840 2906 1894 aliena:
2923 1839 2964 1890 ⁸.
2983 1839 3113 1893 Nam
3134 1849 3185 1895 et
3204 1842 3442 1905 masculi,
3465 1842 3662 1896 relicto

2074 1910 2300 1964 naturali
2347 1925 2445 1964 usu
2491 1911 2720 1976 feminae,
2769 1909 3123 1964 exardescunt
3160 1912 3211 1963 in
3240 1911 3519 1966 desideriis
3542 1916 3662 1965 suis

2076 1981 2127 2034 in
2173 1981 2418 2045 invicem,
2463 1980 2783 2050 masculiwin
2830 1980 3094 2033 masculos
3122 1980 3501 2049 turpitudinem
3525 1997 3661 2050 ope-

2075 2051 2439 2115 rantes(Rom.
2471 2065 2508 2116 t,
2536 2049 2651 2118 27).
2687 2049 2883 2103 Horret
2919 2050 3079 2103 etiam
3122 2050 3241 2119 plus
3280 2050 3343 2104 iis
3371 2066 3493 2119 qua:
3519 2051 3665 2105 dixi-

2076 2134 2195 2174 mus
2220 2120 2415 2182 dicere,
2464 2120 2606 2189 quod
2650 2119 2774 2174 dum
2806 2119 2966 2173 homo
3008 2120 3288 2175 immemor
3313 2135 3424 2175 sua:
3448 2130 3665 2175 natura:

2076 2190 2366 2261 rationalis,
2379 2189 2664 2261 irrationali
2684 2200 2906 2261 natum,
2922 2198 2976 2261 et
2988 2192 3175 2245 alienae
3189 2205 3216 2241 a
3231 2205 3324 2244 sua
3348 2190 3420 2261 (α)
3431 2233 3446 2256 ,
3465 2191 3663 2261 pecudi

2077 2260 2221 2314 coire
2246 2260 2598 2329 compellitur.
2621 2260 2754 2326 Quid
2782 2260 2849 2330 de
2876 2260 3028 2312 ruina
3048 2260 3439 2330 aliquantorum
3468 2260 3664 2315 servo-

2078 2345 2195 2383 rum
2225 2331 2315 2385 Dei
2342 2339 2395 2384 et
2425 2343 2693 2385 sacrarum
2725 2329 2984 2398 virginum
3025 2329 3221 2394 dicam,
3247 2345 3367 2398 quze
3395 2329 3494 2385 hac
3517 2339 3665 2385 tem-

2080 2409 2282 2468 pestate
2316 2399 2584 2470 naufragia
2609 2398 2917 2468 patiuntur?
2948 2400 3151 2464 Quidve
3178 2399 3246 2454 de
3289 2399 3517 2455 diversis
3554 2402 3665 2455 im-

2082 2470 2374 2541 munditiis,
2397 2470 2678 2541 inquibus
2697 2484 2881 2541 eorum
2912 2478 3181 2541 auctorem
3210 2470 3387 2541 ipsum
3404 2472 3505 2541 sibi
3533 2480 3668 2539 puto

2082 2556 2179 2609 pro
2203 2539 2355 2595 vobis
2379 2539 2646 2593 diabolum
2687 2539 3005 2607 displicere?
3030 2540 3165 2594 Ecce
3189 2538 3336 2609 calor
3360 2538 3448 2593 ille
3473 2538 3669 2595 aman-

2082 2608 2315 2665 tissimus
2341 2618 2519 2663 vester
2547 2610 2598 2663 in
2627 2625 2757 2678 quas
2785 2609 3190 2678 ignominiarum
3211 2608 3236 2642 ⁸
3257 2609 3445 2665 sordes
3469 2609 3669 2664 buma-

2080 2695 2178 2735 nas
2195 2683 2273 2735 ire
2296 2680 2445 2734 illicit
2466 2687 2519 2732 et
2534 2680 2825 2748 prmcipitat
2841 2678 3079 2733 mentes?
3100 2680 3406 2749 Eccequam
3423 2680 3668 2735 illuviem

2080 2751 2240 2805 etiam
2269 2750 2323 2803 in
2366 2750 2567 2804 sanctis
2605 2750 2805 2803 Christi
2844 2750 3099 2804 membris
3147 2749 3309 2804 fuisse
3346 2750 3529 2806 dicere
3552 2764 3672 2804 non

2082 2819 2394 2876 tremuistis.
2414 2820 2549 2874 Ecce
2560 2819 2711 2887 cujus
2732 2818 3074 2874 obscenitatis
3100 2827 3155 2873 et
3174 2820 3513 2888 turpitudinis
3530 2821 3671 2875 estis

2081 2891 2327 2945 acerrimi
2366 2889 2687 2953 laudatores,
2720 2889 3165 2958 impudentissimi
3202 2888 3550 2953 defensores;
3584 2900 3669 2955 et,

2081 2962 2126 3014 si
2151 2975 2257 3014 non
2287 2959 2458 3023 fallor,
2491 2973 2612 3013 cum
2639 2959 2812 3013 adhuc
2840 2974 2945 3013 non
2968 2959 3231 3028 displicet,
3264 2959 3482 3013 forsitan
3505 2968 3565 3013 et
3585 2958 3675 3013 fa-

2081 3038 2279 3085 ctores.
2308 3030 2438 3096 Quis
2461 3031 2602 3083 enim
2621 3029 2687 3084 de
2710 3030 2862 3084 vobis
2882 3030 3018 3099 bene
3042 3030 3255 3093 sentiat,
3274 3043 3407 3099 quos
3425 3029 3494 3083 de
3515 3038 3675 3084 tanto

2083 3101 2224 3154 malo
2252 3100 2387 3154 bene
2424 3100 2623 3153 sentire
2652 3101 2953 3169 cognoscit?
2987 3098 3041 3155 Si
3074 3100 3229 3169 igitur
3257 3098 3309 3152 in
3343 3099 3493 3153 vobis
3523 3100 3675 3156 ullus

2081 3170 2254 3239 pudor
2276 3179 2379 3235 est,
2419 3170 2463 3223 si
2493 3169 2744 3224 honestas
2780 3171 2954 3239 aliqua
2976 3210 2991 3233 ,
3027 3170 3072 3224 si
3115 3170 3374 3224 castitatis
3417 3170 3670 3235 intentio.

2084 3250 2282 3295 tantam
2329 3239 2451 3293 mali
2500 3241 2891 3310 necessitatem.
2937 3239 2989 3294 id
3027 3248 3131 3310 est,
3180 3239 3672 3310 concupiscentiam

2081 3312 2257 3365 carnis
2282 3310 2529 3364 sordibus
2546 3310 2774 3365 libidinis
2801 3309 3043 3376 mixtam,
3070 3309 3265 3363 bonum
3284 3309 3532 3364 dicereet
3556 3310 3667 3363 lau-

2081 3380 2211 3435 dare
2225 3381 2451 3435 desinite
2469 3397 2482 3434 :
2500 3380 2651 3447 cujus
2667 3388 2936 3434 auctorem
2956 3395 3059 3434 non
3079 3380 3265 3445 Deum,
3284 3380 3375 3434 sed
3391 3378 3671 3433 diabolum

2081 3464 2201 3505 esse
2224 3450 2443 3516 credite,
2468 3449 2799 3519 prtccedente
2826 3450 3135 3519 prot0plasti
3164 3458 3381 3518 peccato
3406 3466 3421 3503 :
3442 3452 3501 3519 et
3523 3450 3671 3517 quod

2082 3534 2200 3575 eam
2226 3518 2477 3575 voluntas
2494 3520 2719 3573 humana
2734 3520 2785 3573 in
2809 3518 3128 3589 turpissimis
3146 3520 3378 3574 motibus
3396 3518 3674 3574 refrenare

2084 3605 2190 3644 non
2216 3591 2389 3645 valeat
2414 3589 2712 3661 singularis.
2749 3590 2850 3644 nisi
2891 3592 3059 3657 gratia
3082 3605 3176 3657 per
3194 3589 3467 3645 Christum
3489 3589 3675 3645 Domi-

2085 3675 2210 3715 num
2239 3670 2478 3715 nostrum
2507 3661 2814 3716 subvenerit
2840 3661 3089 3715 salutaris
3113 3661 3155 3712 ‘.

2151 3797 2167 3828 ι
2203 3795 2332 3859 Apud
2350 3800 2481 3856 Lov.,
2495 3792 2780 3859 in‘illicittan
2797 3791 2991 3844 coittan.

2148 3860 2169 3890 ⁸
2202 3854 2253 3906 tri
2274 3865 2401 3913 Mss,
2427 3854 2739 3919 turpitudine.

2150 3920 2171 3951 ³
2202 3927 2379 3968 omnes
2397 3913 2520 3976 Mss;
2545 3915 2707 3966 vetitos
2727 3914 3019 3976 contaminat
3039 3913 3234 3976 alienos.

2150 3980 2172 4011 ⁸
2204 3980 2336 4039 Editi,
2364 3974 2550 4043 proprii
2572 3975 2740 4045 mariti
2781 3974 2980 4036 cubilis,
3002 3975 3273 4045 adulterino
3295 3974 3677 4045 amore-uxoris

2087 4038 2277 4104 tuorum
2298 4036 2497 4104 occrtpat
2534 4037 2723 4089 alienar.
2767 4047 2824 4088 At
2847 4039 3153 4100 manuscripti
3178 4051 3286 4097 nec,
3330 4036 3510 4096 mariti,
3559 4049 3677 4096 nec,

2087 4102 2293 4160 litorum,
2315 4102 2510 4152 addunt.

2150 4165 2172 4227 ξ
2205 4164 2510 4227 Antiquiores
2530 4158 3144 4227 codices,

2152 4225 2173 4256 ⁸
2205 4226 2279 4273 Sic
2311 4218 2417 4273 tiss.
2443 4231 2499 4273 Αι
2521 4224 2657 4285 editi,
2682 4218 2930 4285 rerrbnare
2952 4234 3044 4271 non
3081 4221 3253 4281 valeat,

2088 4285 2246 4357 gratia
2289 4298 2375 4348 per
2419 4283 2663 4336 Christum
2704 4280 2959 4335 Dominum
3002 4288 3216 4335 nostrum
3244 4280 3531 4333 subvertet-it
3568 4281 3677 4332 sat-

2091 4354 2282 4398 vatem.

2153 4410 2226 4470 (α)
2258 4407 2481 4468 Subaudi,
2503 4412 2696 4457 natura.

425 4505 3680 4531 ..____________—_______________________________

1408 4561 1882 4669 LIBER
1944 4566 2675 4693 QUINTUS.

1501 4741 1741 4791 Adversus
1762 4744 1981 4805 quintum
2002 4748 2175 4813 dogma
2196 4750 2575 4813 Pelagianorum.

1822 4871 2291 4922 Mope“.—

473 4994 695 5053 CAPUT
726 4994 1007 5051 PRIMUM.
1037 5022 1110 5033 —
1135 4993 1185 5046 l.
1230 4991 1359 5046 item
1399 4990 1641 5059 inquiunt
1667 5032 1682 5055 ,
1731 4991 1980 5047 Parvulos

404 5080 509 5121 non
551 5067 760 5119 trahere
796 5064 1053 5135 originale
1091 5070 1388 5131 peccatum,
1415 5076 1613 5135 _neque
1658 5062 1924 5135 perituros
1948 5079 1977 5117 a

403 5137 508 5189 vita
544 5144 761 5198 aeterna,
801 5135 845 5188 si
881 5130 1000 5189 sine
1042 5130 1372 5187 sacramento
1415 5130 1752 5199 Baptismatis
1790 5148 1853 5186 ex
1882 5133 1981 5188 hac

402 5206 509 5259 vita
553 5205 912 5273 migraverint.
946 5222 963 5255 ι
1011 5202 1415 5272 Respondemus
1451 5219 1465 5256 :
1510 5200 1729 5273 Multum
1765 5202 1978 5270 quidem

401 5275 508 5346 jam
534 5274 603 5329 de
626 5271 868 5346 originali
895 5282 1140 5346 peccato,
1160 5289 1267 5341 quo
1295 5281 1350 5326 et
1378 5271 1576 5346 parvuli
1609 5280 1859 5346 tenentur
1885 5275 1982 5328 ob-

400 5342 592 5411 stricti,
621 5344 866 5413 superius
884 5343 1265 5409 disputm-imus
1288 5360 1300 5394 :
1325 5357 1388 5413 ac
1405 5343 1519 5396 luce
1538 5342 1982 5413 veritatisosteu-

400 5416 597 5473 dinms.
629 5412 787 5467 omne
823 5413 1107 5465 humanum
1149 5427 1316 5480 genus
1360 5412 1461 5465 hoc
1498 5412 1627 5464 vitio
1659 5412 1976 5467 claudicare.

361 5546 365 5557 ι
403 5485 496 5540 Dei
512 5486 682 5557 etiam
714 5483 902 5537 Filium
923 5482 974 5534 in
997 5481 1341 5537 similitudine
1362 5482 1538 5557 carnis
1559 5482 1757 5550 peccati
1784 5481 1854 5535 ob
1876 5482 1978 5538 hoc

401 5556 635 5620 venisse,
668 5563 725 5608 ut
758 5563 929 5608 morte
957 5566 1050 5605 sua
1084 5566 1176 5615 per
1219 5566 1430 5606 crucem
1458 5553 1693 5606 vinceret
1730 5561 1977 5618 mortem,

400 5632 460 5679 et
483 5627 650 5693 gratia
673 5638 767 5680 sua
794 5623 1042 5693 gratuita,
1064 5621 1280 5693 vulnera
1303 5631 1478 5676 nostra
1504 5629 1733 5675 curaret.
1766 5621 1978 5693 verum-

401 5690 578 5747 tamen
606 5694 733 5749 falsa
759 5690 879 5749 esse
902 5693 968 5747 de
998 5692 1244 5761 parvulis,
1267 5690 1533 5754 lueretice,
1556 5707 1673 5760 quae
1699 5690 1976 5759 praedicas,

404 5776 511 5816 non
536 5762 704 5817 solum
732 5773 936 5828 nostro,
969 5762 1061 5817 sed
1093 5771 1144 5815 ct
1168 5776 1350 5816 eorum
1386 5762 1647 5815 salvatore
1666 5761 1982 5827 Cbristoju-

404 5842 595 5899 vente,
648 5831 1037 5902 Scripturarum
1085 5831 1395 5887 auctoritate
1448 5831 1779 5886 convincam.
1837 5830 1977 5900 Quid

2089 4999 2246 5069 igitur
2265 5000 2519 5069 apertius,
2548 4998 2688 5069 quod
2717 4997 2917 5067 parvuli
2963 4995 3090 5069 Adae
3130 5004 3349 5063 peccato
3388 4996 3683 5069 nascaninr

2086 5064 2322 5139 tilmoxii',
2342 5071 2444 5124 dici
2473 5064 2661 5139 potuit,
2688 5064 2844 5139 quam
2871 5066 3010 5137 quod
3034 5066 3232 5119 dictum
3263 5070 3345 5118 est
3370 5079 3465 5139 per
3489 5064 3677 5139 David.

2095 5138 2222 5194 Ecce
2239 5141 2375 5194 enim
2400 5141 2453 5194 in
2473 5134 2833 5210 iniquitatibus
2852 5134 3119 5210 conceptus
3144 5150 3293 5210 sum,_
3308 5143 3353 5210 ei
3389 5134 3454 5210 in_
3481 5135 3684 5210 delictis

2087 5213 2278 5280 peperit
2302 5228 2383 5265 me
2413 5203 2577 5264 mater
2601 5209 2750 5263 mea?
2779 5209 2872 5280 Ille
2899 5203 3044 5280 enim
3063 5219 3201 5280 Δειιιιι
3229 5203 3551 5257 adulterium
3567 5205 3677 5280 de-

2086 5276 2258 5347 ﬂeret,
2287 5292 2341 5335 et
2368 5281 2708 5335 homicidium
2729 5278 2869 5348 quod
2897 5276 3175 5331 Bersabete
3200 5288 3360 5348 causa
3381 5276 3676 5348 commisit,

2088 5350 2225 5405 hanc
2246 5345 2527 5407 veritatem
2559 5351 2613 5405 in
2638 5345 2759 5403 sure
2774 5348 3125 5403 confessionis
3158 5345 3357 5414 gemitu
3392 5346 3678 5407 eructavit,

2087 5428 2335 5491 tauquam
2368 5422 2588 5486 diceret,
2621 5421 2736 5474 Non
2764 5419 2904 5491 quod
2934 5432 3000 5471 ex
3027 5418 3129 5470 hoc
3154 5416 3271 5491 solo
3292 5415 3531 5491 facinore
3551 5429 3679 5491 pcr-

2089 5484 2294 5560 petrato
2325 5484 2583 5561 peccator
2612 5491 2734 5555 sim,
2767 5484 2856 5561 qui
2901 5496 3183 5556 antequam
3215 5485 3270 5561 id
3302 5484 3535 5538 facerem
3561 5486 3680 5561 sine

2087 5554 2303 5630 peccato
2327 5554 2435 5616 non
2460 5577 2603 5614 cram
2631 5562 2670 5626 ⁸,
2700 5554 2807 5613 imo
2823 5560 2932 5627 jam
2962 5554 3208 5630 peccator
3224 5556 3292 5609 ab
3317 5566 3470 5609 utero
3490 5554 3681 5608 matris

2086 5628 2219 5702 mea:
2238 5648 2383 5686 eram
2411 5650 2424 5686 :
2456 5630 2589 5685 Ecce
2606 5631 2739 5685 enim
2756 5629 2809 5682 in
2823 5628 3165 5702 iniquitatibus
3182 5635 3456 5702 conceptus
3472 5639 3607 5689 sum,
3629 5632 3681 5702 et

2086 5701 2139 5755 in
2170 5702 2363 5757 delictis
2403 5702 2594 5774 peperit
2620 5717 2697 5754 me
2724 5708 2884 5753 mater
2910 5695 3053 5752 'mea.
3094 5695 3289 5752 Vitium
3313 5708 3442 5766 ergo
3467 5695 3675 5765 peccati

2150 5838 2165 5868 ι
2200 5842 2328 5899 uss,
2351 5836 2454 5887 sine
2475 5839 2664 5898 peccato
2687 5845 2856 5898 erant;
2878 5832 3072 5898 omisso,
3095 5842 3206 5883 noti.
