3970 6184
1759 226 1789 241 Ὀ

331 330 353 385 Ι
364 328 462 384 649

329 442 611 498 seminatus
652 447 705 494 et
738 446 1022 508 conceptus
1067 435 1479 508 deparentibus
1522 437 1767 507 sumpsit,
1806 452 1900 507 per

330 512 466 583 quod
495 510 811 583 adulterium
836 519 890 563 et
908 507 1255 583 homicidium
1287 509 1494 583 proprii:
1538 516 1750 583 peccata
1781 523 1901 583 per-

327 577 432 653 egit
462 583 500 634 ⁸.
532 584 672 653 lium
700 580 841 653 enim
872 580 1195 653 subjungens
1221 578 1409 647 inquit,
1448 577 1576 631 Ecce
1610 580 1741 653 enim
1767 578 1898 653 ueri-

329 646 473 705 ta'tem
505 646 912 720 dilexistiU’sal.
945 646 995 715 ι,
1018 646 1193 720 7,18);
1230 646 1441 720 peCcata
1471 650 1680 720 propria
1712 649 1899 702 volun-

328 732 430 776 tate
475 717 760 775 commissa
815 717 1025 772 fatetur.
1083 718 1215 785 Quia
1275 719 1552 772 veritatem
1611 717 1745 772 dicit
1791 719 1898 772 Dco

420 791 611 854 nitens,
638 789 851 860 quando
873 788 1001 843 nihil
1031 787 1105 860 illi
1134 788 1200 860 de
1227 788 1525 860 commissis
1547 788 1656 860 suis
1681 788 1897 860 sceleri-

342 857 421 915 )us
446 862 583 916 celat
612 878 624 912 :
656 857 759 913 non
799 860 937 929 quod
971 858 1070 913 etsi
1097 859 1367 929 voluntate
1404 857 1657 929 celaverit
1686 858 1727 923 ',
1760 858 1898 912 Deus

230 952 236 965 ·
326 932 560 1001 ignoret;
591 929 683 985 sed
709 927 987 1001 veritatem
1018 928 1117 983 sibi
1142 930 1209 1001 ab
1234 942 1299 982 eo
1327 927 1579 1001 dicivult.
1613 935 1669 980 ut
1688 929 1894 1001 veniam

320 996 676 1071 consequatur
702 1016 715 1071 ς
736 1000 780 1054 si
794 1014 923 1054 vero
937 1006 1116 1053 mente
1139 998 1313 1071 aliqua
1327 996 1898 1071 esciderint,eonliteri

319 1067 593 1125 veritatem
622 1070 743 1137 Dei;
780 1079 838 1124 ut
871 1084 992 1123 cum
1022 1069 1339 1137 generaliter
1362 1068 1384 1099 ³
1423 1067 1593 1139 ιῘὶιιὶί,Δ
1619 1068 1778 1139 Deus,
1807 1069 1898 1139 qui

319 1143 453 1195 nosti
479 1140 683 1195 occulta
712 1140 907 1203 cordis,
932 1149 986 1193 tu
1011 1139 1116 1193 scis
1132 1153 1291 1207 opera
1318 1153 1454 1202 mea,
1485 1146 1539 1207 et
1564 1137 1754 1191 delicta
1780 1137 1899 1193 mea

319 1219 429 1290 a‘te
458 1225 565 1290 non
591 1220 713 1290 sunt
740 1209 1049 1290 abscondita
1072 1206 1247 1290 ipset.
1275 1206 1559 1290 L‘xvm,‘_6),
1593 1208 1783 1290 quitum
1808 1223 1898 1290 ve-

320 1276 457 1334 niam
489 1280 744 1350 largiaris.
791 1280 859 1334 Et
892 1280 1005 1335 haec
1031 1276 1208 1349 utique
1236 1286 1320 1333 est
1353 1279 1548 1334 veritas
1573 1276 1895 1345 conﬁtentis,

317 1367 476 1421 quam
506 1350 674 1421 diligit
700 1352 860 1405 Deus.

384 1444 439 1498 2.
488 1443 604 1499 Eva
637 1459 766 1513 ergo
800 1453 1073 1515 peccatum
1108 1458 1137 1496 a
1167 1442 1379 1498 diabolo
1412 1442 1691 1515 mutuavit,
1729 1440 1895 1515 Adam

316 1529 582 1584 consensu
623 1513 923 1570 cautionem
970 1514 1115 1578 fecit,
1166 1514 1661 1584 usurarposteritati
1705 1513 1893 1584 crevit.

318 1583 452 1639 llinc
494 1595 574 1639 est
614 1591 673 1640 ut
710 1584 884 1639 infans
912 1584 963 1638 in
1001 1593 1153 1637 utero
1196 1581 1381 1637 matris
1420 1581 1754 1636 limreditario
1777 1581 1899 1650 jure

315 1655 633 1725 constrictus
660 1664 783 1709 ante
823 1654 1096 1725 promittat
1121 1653 1379 1725 debitum,
1410 1666 1567 1725 quam
1597 1652 1897 1725 cautionem

318 1724 482 1792 patris
501 1733 770 1792 agnoscat,
792 1721 874 1779 vi-l
899 1723 1190 1779 debitorem
1212 1724 1369 1779 etiam
1385 1721 1699 1792 genitorem.
1730 1721 1896 1789 llujus

317 1791 655 1864 chirographi
686 1809 858 1848 usurze
882 1802 1025 1859 sunt,
1056 1794 1158 1847 illa:
1183 1792 1576 1864 malignissimte
1601 1791 1894 1864 passiones,

315 1862 508 1934 quibus
539 1862 642 1917 tam
674 1864 933 1934 majorum
961 1872 1115 1918 celate
1151 1862 1672 1934 quam'parvulorum
1702 1862 1896 1934 anima;

315 1932 701 2001 deprimuntur,
735 1931 771 1985 a'
805 1934 993 2002 quibus
1033 1932 1246 1987 tiberari
1285 1932 1553 2002 neminem
1596 1945 1754 2001 posse
1796 1931 1895 1984 nisi

315 2017 412 2071 per
438 2002 729 2070 Christum,
762 2001 930 2058 David
957 2005 1068 2072 ipse
1093 2003 1182 2071 qui
1212 2017 1270 2055 se
1300 2002 1353 2056 in
1382 2001 1743 2072 iniquitatibus
1767 2016 1896 2055 con-

312 2070 529 2141 ceptum
557 2083 611 2127 et
639 2073 690 2127 in
718 2073 925 2128 delictis
955 2070 1136 2127 natum
1163 2086 1283 2141 esse
1314 2071 1467 2137 dixit,
1496 2070 1745 2141 ostendit,
1774 2086 1893 2125 cum

312 2142 366 2196 in
384 2139 783 2212 septuagesimo
807 2144 979 2211 primo
1002 2142 1215 2209 Psalmo
1238 2140 1306 2195 de
1345 2155 1566 2209 persona
1593 2139 1786 2212 Christi
1814 2140 1892 2194 lo-

311 2210 498 2280 quitur
522 2210 729 2266 dicens:
752 2210 1001 2265 Liberabit
1032 2227 1303 2281 pauperem
1329 2226 1360 2262 a
1384 2219 1599 2278 potente,
1627 2217 1673 2263 et
1695 2210 1896 2281 inopem

310 2277 395 2333 cui
414 2298 517 2334 non
542 2290 646 2334 erat
665 2282 869 2349 odjutor
888 2298 907 2334 :
932 2281 983 2335 id
1012 2277 1114 2346 est,
1137 2277 1424 2333 humanum
1449 2294 1613 2349 genus
1643 2296 1669 2331 a
1695 2277 1894 2333 diaboli

310 2350 612 2420 dominatu.
642 2349 824 2420 Parcet
847 2350 1057 2420 pauperi
1077 2359 1123 2403 et
1152 2350 1310 2419 inOpi,
1334 2359 1380 2402 et
1399 2350 1595 2420 animas
1616 2365 1895 2419 pauperum

310 2418 486 2473 salvas
507 2421 676 2491 fugiet.
703 2418 784 2474 Ea:
802 2417 965 2491 usuris
987 2433 1032 2491 et
1058 2417 1402 2491 iniquitatibus
1437 2417 1662 2491 liberavit
1699 2417 1893 2491 animus

311 2505 490 2561 eorum
508 2487 685 2561 '(Psul.
716 2506 859 2556 LXXI,
893 2487 1398 2561 12~14)A:7Christus
1439 2489 1615 2561 utique
1652 2487 1778 2541 Ada:
1802 2489 1895 2561 de.

314 2560 507 2623 bitum,
525 2558 675 2629 quod
696 2574 792 2614 nos
822 2561 994 2613 usuris
1016 2558 1709 2629 obligaverat,solvit,_cum
1734 2558 1893 2613 nullis

313 2644 471 2685 suum
526 2626 718 2697 (orpus
762 2630 992 2696 peccatis
1032 2626 1318 2682 obnoxium
1361 2628 1413 2697 in
1452 2626 1683 2696 patibulo
1721 2629 1893 2682 crucis

312 2697 565 2769 suspendi
597 2696 854 2769 permisit.
896 2698 1065 2767 Ipsius
1103 2698 1247 2769 enim
1293 2697 1344 2750 in
1389 2696 1604 2769 _P_sali_no
1648 2712 1743 2750 vox
1772 2706 1888 2769 est:

315 2765 443 2832 Qua:
490 2765 614 2822 non'
643 2768 813 2839 rapui,
864 2765 982 2823 tunc
1032 2766 1341 2839 exsoluebam
1381 2765 1550 2838 (Psal.
1595 2782 1778 2839 vaut,
1812 2767 1888 2837 5).

313 2841 647 2908 Quapropter
674 2836 788 2907 ipse
812 2853 874 2893 ex
902 2837 1077 2891 usuris
1102 2847 1155 2908 et
1179 2836 1455 2906 iniquitate
1477 2844 1534 2908 et
1555 2836 1890 2908 parvulorum

312 2905 507 2962 liberat
531 2905 747 2962 ‘animas
788 2926 801 2960 :
832 2909 974 2977 quia,
1018 2916 1074 2961 ut
1109 2905 1579 2977 dicitiApostolus,
1614 2905 1757 2977 Unus
1799 2923 1891 2977 pro

311 2978 545 3032 omnibus
563 2989 787 3032 mortuus
806 2989 907 3032 est:
927 2989 980 3034 et
1005 2979 1216 3041 iterum,
1234 2976 1366 3046 Ergo
1383 2992 1553 3046 omnes
1571 2976 1754 3030 mortui
1772 2976 1891 3030 sunt

314 3048 376 3114 (ll
401 3046 528 3103 Cor.
546 3064 600 3113 v,
621 3050 745 3120 li).
765 3048 833 3102 Et
860 3050 901 3102 si
926 3062 1113 3120 omnes
1125 3047 1316 3120 mortui
1330 3053 1470 3120 sunt,
1485 3045 1891 3120 stimuloutique

312 3120 501 3173 mortis
518 3116 774 3186 percuSsi,
790 3119 980 3172 mortui
995 3128 1138 3180 sunt;
1157 3117 1278 3186 quia
1296 3116 1539 3169 stimulus
1556 3116 1761 3186 mortis,
1779 3131 1892 3184 pecs

310 3197 486 3243 ratum
514 3185 554 3261 (Ι
580 3186 697 3261 Cor.
721 3205 814 3252 xv,
841 3186 953 3261 56).
982 3188 1078 3242 Dic
1094 3185 1221 3261 ergo
1236 3186 1493 3256 quaarenti
1512 3185 1735 3261 mihi,_Si
1763 3201 1890 3254 pec—

309 3267 482 3328 catum
514 3255 764 3327 parvulus
790 3255 991 3312 nullum
1008 3255 1299 3328 carnaliter
1325 3263 1478 3328 natus
1502 3255 1759 3328 attraxit,
1796 3270 1893 3311 cur

309 3326 487 3383 brevis
517 3324 720 3383 dierum
746 3338 891 3383 sorte
922 3327 1107 3381 mortis
1131 3326 1473 3394 astringitur?
1497 3324 1629 3390 Quia
1662 3324 1747 3379 ubi
1773 3340 1894 3392 pec-

309 3409 481 3452 catum
517 3413 619 3453 non
642 3407 741 3462 est,
769 3398 948 3467 utique
974 3413 1117 3451 mors
1137 3410 1255 3467 esse
1275 3410 1381 3449 non
1405 3395 1600 3467 debet:
1626 3410 1728 3448 non
1751 3395 1892 3467 enim

309 3484 392 3522 me
410 3469 667 3538 fingente,
689 3467 782 3523 sed
804 3463 1058 3536 Apostulo
1085 3466 1407 3538 praedicante
1436 3465 1635 3518 dictum
1665 3473 1765 3530 est,
1794 3463 1895 3518 Per

311 3535 570 3607 peccatum
611 3556 764 3592 mors.
819 3539 896 3592 Ac
947 3555 1039 3606 per
1078 3538 1180 3591 hoc
1208 3535 1497 3607 secundum
1538 3549 1773 3607 errorem
1799 3550 1892 3607 ve-

309 3605 472 3663 Strum
510 3649 527 3674 ,
582 3609 790 3678 iniquus
847 3605 1025 3671 Deus,
1081 3615 1137 3659 ut
1194 3606 1328 3659 mori
1386 3605 1660 3678 parvulum
1707 3605 1892 3678 patia-

312 3691 393 3734 tur
456 3694 568 3733 non
611 3674 893 3733 habentem
931 3685 1203 3747 peccatum
1254 3690 1350 3746 per
1390 3674 1530 3744 quod
1580 3674 1746 3743 possit
1788 3677 1892 3728 vita

312 3750 530 3818 privari.

375 3839 607 3897 CAPUT
638 3838 866 3894 ll.—5.
906 3836 1010 3892 Sed
1048 3835 1115 3890 ad
1159 3835 1304 3889 illam
1349 3833 1608 3887 fallaciam
1634 3833 1894 3902 dogmatis

310 3912 467 3965 vestri
514 3910 889 3979 reSpicientes,
917 3908 1001 3961 cui
1038 3907 1147 3974 jam
1170 3907 1416 3979 superius
1446 3917 1759 3979 re5p0nsum
1788 3913 1890 3979 est,

313 3980 562 4051 inquietis
582 3972 742 4033 mihi:
767 3972 903 4033 Deus
923 3972 1134 4031 mortem
1153 3972 1423 4051 fecit,_quia
1442 3972 1706 4051 mortalem
1726 3974 1893 4051 homi-

312 4043 419 4105 nem
444 4051 563 4121 fecit
578 4066 596 4114 ;
616 4059 871 4123 peccatum
891 4057 1057 4101 autem
1079 4043 1179 4100 non
1203 4046 1337 4123 [eoin
1373 4044 1495 4123 quia
1523 4044 1591 4123 iit
1615 4043 1894 4123 primordio

313 4113 841 4188 hominemprohibuit
866 4134 926 4171 ne
947 4124 1189 4188 peccaret.
1206 4113 1328 4188 lino
1355 4113 1667 4188 quidaiiud
1694 4113 1891 4178 dicitis,

312 4208 427 4245 cum
457 4184 631 4246 Deum
666 4197 895 4245 mortem
923 4184 1112 4242 fecisse
1143 4185 1395 4262 creditis,_
1412 4184 1513 4238 nisi
1540 4192 1594 4238 et
1622 4192 1894 4262 peccatum

316 4262 449 4316 Deus
478 4262 624 4325 fecit,
655 4269 711 4314 ut
740 4275 832 4328 per
873 4267 1144 4327 peccatum
1190 4271 1335 4310 mors
1384 4255 1581 4309 intrare
1622 4262 1801 4328 posset
1842 4255 1894 4306 in

314 4324 615 4387 mundum?
635 4324 788 4396 Quia,
823 4324 885 4382 ut
902 4328 1090 4382 iterum
1115 4328 1408 4394 iterumque
1424 4334 1507 4378 est
1523 4324 1891 4393 repetendum,

314 4400 524 4473 dicente
545 4402 796 4473 magistro
811 4399 1075 4461 Gentium,
1100 4396 1200 4450 Per
1222 4406 1478 4473 peccatum
1490 4409 1653 4473 mors;
1676 4409 1896 4473 respon-

314 4471 448 4526 detis
479 4490 494 4526 :
527 4465 689 4535 Absit,
735 4469 873 4523 Deus
903 4478 1156 4537 peccatum
1191 4484 1292 4520 non
1321 4468 1456 4536 fecit.
1483 4465 1893 4537 AErgopccasio-

316 4555 434 4615 nem
461 4533 733 4615 peccandi
754 4533 955 4615 homini
984 4538 1183 4615 tribuit,
1211 4544 1268 4590 ut
1295 4533 1428 4615 opgs
1447 4535 1582 4603 ejus,
1611 4535 1746 4615 sicut
1765 4533 1895 4615 dici-

316 4614 400 4674 tis,
428 4605 575 4665 niors
596 4611 794 4665 homini
816 4620 993 4679 posset
1008 4608 1345 4679 contingere._
1363 4605 1726 4679 Sinepeccato
1750 4605 1894 4659 enim

319 4672 458 4736 mors
477 4697 598 4737 esse
626 4672 998 4755 non_poterat;
1023 4678 1172 4755 quia,
1194 4672 1602 4755 'velitispolitis,
1634 4672 1739 4727 Per
1781 4691 1896 4755 pec:

316 4764 483 4805 catum
502 4768 656 4805 mors.
686 4769 702 4801 ι
734 4744 843 4805 Nec
860 4744 1215 4811 occasionem,
1242 4766 1262 4798 ι
1295 4754 1351 4799 ut
1375 4746 1567 4809 dicitis,
1592 4764 1609 4794 ι
1640 4744 1893 4813 peccandi

322 4821 456 4876 Deus
483 4822 683 4875 homini
729 4820 895 4884 dedit,
943 4835 1046 4888 quo
1083 4819 1233 4888 mori
1265 4826 1464 4885 posset,
1494 4815 1587 4869 sed
1595 4815 1893 4888 _inortalem

317 4889 460 4948 fecit.
501 4910 519 4943 ι
550 4891 664 4945 Jam
692 4883 1003 4959 responsum
1030 4896 1112 4943 est
1134 4883 1386 4959 scriptum
1412 4901 1552 4959 esse,
1585 4883 1732 4959 Deus
1755 4900 1895 4937 inor-

317 4971 412 5014 tem
438 4978 540 5015 non
560 4961 696 5029 fecit,
720 4954 809 5014 nec
832 4961 1028 5013 lwtatur
1051 4959 1104 5011 in
1129 4958 1406 5027 perditione
1430 4956 1651 5029 vitiorum
1673 4954 1831 5029 (sap.
1851 4970 1892 5029 ῃ,

317 5032 407 5101 15)
427 5051 441 5084 :
464 5041 523 5101 et
548 5025 782 5101 iterum,_
804 5030 941 5101 Deus
982 5025 1163 5083 creavit
1192 5029 1442 5080 hominem
1484 5025 1894 5101 inexterminabi-

319 5094 411 5154 tem
431 5101 451 5132 ‘
474 5100 583 5171 (Id.
615 5118 673 5167 ιι,
702 5094 908 5171 πλεῖ
928 5115 1053 5167 ergo
1081 5107 1349 5171 peccatum
1380 5110 1485 5171 non
1510 5094 1653 5156 fecit.
1676 5110 1777 5171 nec
1805 5111 1896 5149 oc-

318 5166 584 5229 casionem
612 5166 866 5243 peccandi
895 5166 1096 5229 homini
1122 5168 1284 5233 dedit,
1320 5167 1458 5237 quod
1487 5177 1632 5220 recte
1656 5166 1892 5233 dicitur;

383 5414 398 5444 ³
433 5416 503 5462 Sic
521 5419 629 5461 ιον.
652 5411 783 5472 Apud
798 5413 871 5457 Er.
891 5407 1035 5470 Lugd.
1058 5414 1109 5456 et
1130 5414 1268 5464 ven.,
1290 5402 1525 5467 sumpsi...
1551 5401 1729 5466 peregi.
1754 5406 1803 5449 tn
1827 5408 1893 5461 ιλ,

319 5470 828 5542 sumpsi..._._.pere’qi._
853 5477 911 5542 at,
949 5536 959 5542 _
1028 5541 1031 5542 ν
1166 5540 1171 5542 Α

382 5538 403 5597 ξ
424 5526 495 5597 'tn
509 5526 669 5593 editis,
692 5526 1037 5597 si'votiquatem
1057 5526 1296 5597 celaverit.
1776 5583 1803 5597 μ

383 5596 405 5628 ⁸
438 5596 585 5645 ιωὶιὶο
607 5584 738 5650 Lov.,
761 5591 1039 5657 conﬁteatur
1062 5590 1306 5657 veritatem
1332 5597 1445 5657 Deo,
1460 5600 1569 5657 cum
1590 5584 1894 5657 generaliter,

321 5666 416 5708 etc.
467 5663 520 5706 At
555 5666 680 5717 Μωη
704 5650 938 5726 ,ροηίίὶεγὶ
976 5650 1185 5714 (supjle,
1216 5659 1342 5701 Deus
1367 5650 1497 5713 vult)
1526 5650 1764 5700 veritatem
1795 5650 1896 5707 Dt‘i,

320 5725 373 5769 ut
394 5715 822 5783 cumgcneroliter;
847 5724 939 5764 etc.
1254 5772 1263 5782 .
1306 5773 1314 5781 .

392 5775 412 5806 ⁵
434 5773 617 5830 Omnes
637 5776 945 5843 manuscripti
960 5809 975 5839 ,
1000 5772 1427 5837 incorruptibitcm.

1393 322 1951 380 UYPOGNOSTICON
1990 324 2191 381 LIBER
2229 325 2543 394 QUINTUS.

3455 332 3475 386 ί
3487 332 3591 389 650

2004 436 2200 492 bonum
2220 440 2418 512 mortis
2443 437 2731 512 secundum
2763 455 2877 512 vos,
2906 441 3044 507 quod
3076 454 3215 496 recte
3239 459 3341 496 non
3368 442 3584 512 dicitur,

2003 510 2280 581 quomodo
2300 525 2393 581 per
2421 511 2615 581 malum
2645 511 2846 579 peccati
2873 512 2939 565 ad
2970 513 3235 566 hominem
3268 516 3435 581 potuit
3466 510 3586 581 per-1

2002 579 2227 653 venire?
2251 579 2394 653 Quid
2418 580 2559 653 enim
2605 581 2866 653 lucidcnm
2900 582 3169 653 tenebris?
3196 579 3426 653 antqua!
3462 579 3587 653 pars

1997 648 2218 721 justitice
2241 666 2359 703 cum
2383 650 2657 721 iniquitate
2682 649 2748 720 (ll
2775 649 2893 721 Cor.
2935 666 3009 715 vi,
3036 651 3159 721 l4)?
3206 648 3411 714 Videte,
3444 648 3585 708 infe-

2005 719 2154 789 lices,
2201 721 2245 774 si
2291 729 2469 774 tamen
2499 719 2944 786 viderepotestis,
2988 719 3119 789 quas
3146 722 3407 775 amicitias
3447 724 3580 777 inter

2007 788 2168 842 Deum
2217 800 2265 844 et
2308 790 2575 844 diabolum
2618 790 2858 856 faciatis,
2901 788 3042 856 quod
3081 790 3221 845 absit
3260 807 3289 843 a
3338 793 3579 846 Domino.

2003 856 2168 912 Deum
2198 861 2339 915 enim
2384 869 2607 914 mortem
2646 858 2837 914 fecisse
2867 860 3061 924 dicitis,
3093 860 3361 915 diabolum
3394 876 3584 930 pecca-

2002 936 2113 982 tum
2145 948 2158 982 :
2192 930 2234 983 si
2265 938 2439 984 tamen
2468 930 2551 984 vel
2577 930 2677 985 hoc
2704 931 2984 1000 assignans
3011 931 3243 985 diabolo.
3263 930 3583 986 Miscuerunt

2002 1013 2129 1068 ergo
2154 1015 2312 1067 opera
2344 1015 2459 1065 sua,
2488 1016 2552 1054 ex
2582 1016 2842 1054 consensu
2868 1010 3117 1070 tanquam
3139 1002 3238 1055 sibi
3261 1001 3313 1055 iu
3329 1000 3581 1056 auxilium

2002 1069 2298 1141 venientes,
2340 1081 2397 1141 ut
2426 1071 2691 1125 hominem
2720 1072 2822 1125 vita
2853 1069 3060 1141 privare
3086 1081 3307 1141 possent
3336 1090 3349 1126 :
3381 1081 3434 1127 et
3460 1071 3579 1127 ideo

2003 1138 2200 1193 dictum
2229 1151 2331 1205 est,
2362 1140 2462 1194 Per
2488 1151 2741 1207 peccatum
2768 1138 2920 1196 mors.

2073 1232 2125 1283 Δ.
2167 1229 2282 1284 Jam
2314 1230 2398 1285 hic
2424 1230 2711 1297 advertite,
2740 1232 2845 1287 imo
2873 1234 2960 1302 qui
2992 1233 3105 1288 sani
3135 1242 3260 1287 sunt
3293 1248 3451 1288 sensu
3477 1234 3578 1288 ad-

2003 1307 2245 1364 vertant,
2295 1302 2415 1375 quia
2461 1303 2641 1375 soletis
2690 1317 2786 1357 nos
2820 1303 3014 1375 dicere
3061 1303 3420 1369 ManichmOs,
3461 1302 3581 1375 quis

2002 1379 2243 1425 nostrum
2274 1372 2343 1443 sit
2369 1372 2669 1443 Mauichma:
2696 1373 2861 1441 pestis
2887 1384 3119 1428 assertor
3145 1390 3157 1426 :
3190 1389 3307 1435 nos,
3334 1374 3421 1443 qui
3447 1372 3579 1427 nihil

2003 1456 2284 1512 commune
2311 1440 2411 1495 luci
2444 1441 2507 1494 ad
2540 1440 2788 1497 tenebras
2814 1443 3037 1498 dicimus
3061 1460 3076 1507 ;
3118 1458 3185 1497 an
3209 1458 3302 1497 vos
3327 1440 3415 1512 qui
3442 1459 3577 1512 Opus

2003 1509 2247 1583 lucis,_ut_
2273 1512 2482 1583 putatis,
2513 1511 2562 1565 id
2587 1521 2686 1577 est,
2715 1522 2962 1578 mortem,
2994 1528 3113 1567 cum
3142 1528 3303 1583 opere
3335 1509 3581 1568 tenebra-

2002 1595 2117 1633 rum
2144 1581 2354 1634 diabolo
2372 1623 2387 1647 ,
2416 1582 2466 1635 id
2492 1589 2604 1646 est,
2639 1591 2856 1650 peccato
2882 1581 3247 1637 confunditis?
3284 1584 3393 1637 Nisi
3433 1584 3575 1639 enim

2001 1650 2331 1722 credideritis
2372 1660 2593 1704 mortem
2621 1661 2675 1706 et
2703 1662 2976 1721 peccattnn
3019 1662 3240 1722 utraqbe
3274 1668 3392 1708 esse
3415 1653 3575 1719 mala,

2000 1730 2052 1791 et
2082 1720 2274 1774 nullius
2307 1721 2493 1775 horum
2523 1720 2790 1776 auctorem
2820 1738 2938 1777 esse
2965 1720 3165 1791 Deum,
3192 1722 3283 1777 sed
3311 1723 3576 1778 diabolum

2000 1790 2428 1861 delinquentibus
2473 1793 2489 1822 ¹
2541 1793 2920 1861 proleplastis;
2983 1790 3197 1861 prorsus
3255 1793 3575 1849 Manicliteos

2000 1859 2260 1928 adjuvatis
2282 1902 2294 1926 ,
2325 1862 2431 1915 imo
2460 1863 2587 1915 estis
2626 1859 2828 1917 similes
2854 1859 3158 1916 Manichmis
3183 1864 3224 1913 '.
3256 1862 3577 1921 Manichacus

1999 1941 2176 1985 autem
2206 1932 2522 2002 nonrcredit,
2555 1932 2648 1985 sed
2676 1932 2969 1987 catholicus
2997 1934 3189 1986 dicenti
3222 1934 3406 1995 Paulo,
3433 1934 3574 2002 quod

2001 2015 2089 2066 per
2123 2017 2281 2053 unum
2312 2001 2562 2053 hominem
2590 2012 2849 2070 peccatum
2888 2003 3088 2054 intrauit
3129 2003 3181 2054 in
3213 2001 3459 2054 mundum
3481 2045 3494 2066 ,
3529 2014 3575 2055 et

2001 2085 2089 2135 per
2114 2080 2373 2139 peccatum
2398 2087 2551 2134 mors,
2576 2079 2621 2123 et
2642 2072 2713 2122 ita
2738 2071 2787 2123 in
2802 2087 2983 2140 omnes
3014 2071 3237 2140 homines
3263 2074 3570 2140 pertransiit,

1999 2140 2050 2190 in
2079 2137 2176 2207 quo
2202 2155 2373 2210 omnes
2401 2148 2729 2209 peccaverunt
2759 2139 2935 2208 (Rom.
2963 2156 3015 2205 v,
3048 2137 3157 2210 η).
3191 2137 3315 2195 llaec
3337 2149 3419 2194 est
3442 2141 3575 2196 fides

2001 2217 2213 2274 nostra,
2259 2208 2485 2263 fatemur
2527 2210 2895 2264 incunctanter
2935 2208 3206 2278 peccatum
3236 2210 3286 2263 in
3313 2212 3570 2278 parvulis,

1998 2287 2049 2330 et
2077 2293 2170 2346 per
2196 2287 2468 2348 peccaturo
2495 2290 2717 2334 mortem
2744 2280 3095 2348 pertransisse
3119 2281 3170 2333 in
3196 2294 3382 2334 omnes
3403 2281 3572 2334 homi-

1999 2362 2113 2401 nes.
2166 2349 2231 2402 Et
2273 2349 2478 2416 parvuli
2527 2359 2712 2403 natura
2759 2349 3002 2404 homines
3045 2358 3186 2404 sunt.
3240 2349 3574 2418 Quapropter

1997 2420 2177 2485 quanti
2228 2418 2456 2484 fuerint,
2498 2435 2684 2473 omnes
2731 2419 2974 2473 homines
3021 2428 3164 2485 sunt,
3206 2419 3399 2485 quibus
3443 2418 3569 2474 dum

1997 2489 2275 2559 contigerit
2324 2490 2487 2559 mori,
2522 2497 2737 2559 propter
2765 2498 3036 2559 peceatum
3056 2530 3072 2556 ,
3104 2489 3245 2559 quod
3276 2489 3328 2544 in
3359 2490 3437 2544 eis
3464 2505 3571 2545 non

1996 2558 2237 2624 actione,
2278 2560 2371 2613 sed
2419 2558 2645 2613 ulterina
2682 2558 3028 2627 conceptione
3074 2558 3415 2628 pertransiit,
3451 2576 3570 2614 mo-

1996 2629 2223 2681 riuntur.
2272 2628 2389 2683 Non
2434 2630 2574 2682 enim
2618 2637 2977 2694 morerentur,
3026 2629 3126 2682 nisi
3171 2642 3327 2683 como
3370 2631 3569 2699 peccati

1996 2709 2332 2769 necarentur.
2382 2699 2484 2754 Per
2527 2708 2800 2769 peccatum
2831 2700 2973 2753 enim
2997 2739 3011 2764 ,
3041 2706 3098 2753 ut
3135 2713 3277 2768 saepe
3304 2708 3385 2754 est
3414 2712 3569 2769 repe-

1997 2767 2234 2833 tendum,
2266 2784 2443 2832 mors;
2489 2767 2594 2824 non
2619 2769 2733 2823 sine
2760 2780 2976 2838 peccato
3008 2786 3021 2821 :
3051 2769 3119 2822 ab
3144 2767 3314 2823 morte
3336 2768 3389 2834 ³,
3419 2767 3489 2824 ne
3515 2771 3570 2824 in

1996 2847 2253 2891 mternum
2302 2848 2556 2907 pereant,
2589 2849 2762 2894 morte
2806 2839 3014 2892 Domini
3057 2839 3408 2894 redimuntur.
3458 2839 3572 2893 Hoc

1995 2921 2151 2979 emno
2183 2910 2380 2976 peccati
2409 2925 2514 2978 quo
2558 2920 2846 2965 nascuntur
2875 2908 3098 2978 squalidi
3124 2950 3139 2976 ,
3183 2919 3239 2964 ut
3268 2910 3319 2964 in
3350 2924 3570 2979 regnum

1995 2977 2251 3050 caelorum
2298 2977 3049 3050 ingredianturimmaculati,
3096 2977 3434 3034 immaculato
3479 2995 3572 3050 per

1996 3044 2323 3115 Baptismum
2350 3044 2605 3118 sanguine
2632 3048 2831 3103 Christi
2861 3048 3201 3103 mundantur.

2066 3135 2289 3209 CAPUT
2330 3138 2415 3192 lll.
2442 3168 2513 3178 --
2536 3139 2589 3194 5.
2616 3139 2754 3209 Audi
2780 3146 2837 3193 et
2859 3138 3105 3205 alterum,
3135 3139 3228 3194 Dei
3259 3142 3572 3209 sapientiam

1998 3205 2371 3279 inquirentem,
2402 3217 2454 3279 et
2487 3224 2579 3279 per
2606 3208 2750 3262 illam
2780 3210 3061 3279 veritatem
3097 3205 3412 3279 mortalibus
3437 3226 3573 3279 prte—

1996 3276 2264 3349 dicantem
2296 3295 2310 3330 :
2340 3278 2460 3349 audi
2505 3278 2657 3332 aliter
2701 3278 2914 3347 quidem
2944 3294 3100 3348 quam
3134 3277 3299 3333 David
3345 3276 3571 3349 loquen-

1998 3354 2127 3412 tem,
2149 3348 2243 3419 sed
2269 3362 2373 3402 non
2398 3348 2554 3402 aliter
2580 3349 3013 3419 prOphetantem;
3044 3349 3151 3402 imo
3175 3350 3325 3404 nnito
3349 3348 3535 3419 spiritu
3554 3349 3572 3379 ⁵

1996 3430 2121 3470 vera
2144 3417 2429 3489 dicentem,
2453 3419 2593 3485 quod
2611 3417 2740 3472 Adae
2764 3428 2980 3487 peccato
3000 3428 3054 3474 et
3073 3419 3279 3489 parvuli
3307 3417 3572 3475 nascendo

1998 3496 2324 3557 premantur.
2360 3488 2522 3542 David
2550 3489 2691 3542 enim
2731 3488 2933 3555 inquit,
2966 3499 3023 3543 ut
3050 3488 3207 3557 supra
3234 3490 3343 3557 jam
3372 3488 3573 3545 dictum

1996 3563 2112 3620 est,
2146 3554 2277 3610 Ecce
2317 3559 2449 3611 enim
2476 3559 2531 3611 in
2571 3554 2925 3622 iniquitatibus
2950 3554 3218 3626 conceptus
3235 3554 3394 3625 sum,
3434 3570 3481 3614 et
3521 3562 3575 3614 iu

1998 3625 2189 3679 delictis
2219 3628 2412 3695 peperit
2441 3644 2520 3681 me
2548 3639 2707 3682 mater
2734 3644 2864 3682 mea.
2910 3629 3012 3684 Iste
3035 3625 3110 3683 ait
3138 3630 3191 3684 in
3222 3631 3356 3685 libro
3385 3628 3573 3686 Eccle-

1998 3695 2212 3769 siaslico
2242 3714 2255 3750 :
2286 3695 2448 3751 Grave
2471 3700 2655 3768 jugum
2680 3715 2831 3769 super
2859 3698 2995 3767 ﬁlios
3017 3699 3183 3754 Adam
3203 3743 3217 3766 ,
3246 3717 3277 3753 a
3304 3700 3385 3755 die
3414 3702 3575 3755 exitus

1998 3765 2060 3819 de
2087 3775 2254 3820 ventre
2292 3765 2481 3842 matris
2509 3765 2682 3842 eorum
2705 3810 2721 3835 ,
2742 3765 2905 3842 usque
2944 3770 2998 3842 in
3030 3770 3163 3842 diem
3206 3765 3483 3842 sepultura:
3523 3772 3575 3824 in

1997 3845 2210 3908 matrem
2247 3837 2470 3908 omnium
2505 3836 2689 3908 (Eccli.
2714 3836 2921 3906 Χιζί).
2967 3838 3118 3905 Quod
3161 3836 3387 3894 est'hoc
3415 3856 3574 3908 grave

1994 3904 2176 3979 jugtnn
2197 3946 2211 3968 ,
2246 3905 2344 3979 nisi
2376 3906 2690 3979 peccatum?
2717 3908 2803 3979 _Et
2832 3904 3001 3979 quar_e
3023 3908 3222 3962 dictum
3251 3919 3335 3964 est
3366 3904 3573 3979 ju'gum,

1999 3975 2101 4028 nisi
2141 3975 2282 4044 quod
2312 3991 2382 4029 ex
2419 3975 2623 4030 duobus
2651 3975 2822 4029 Adam
2862 3985 2917 4029 et
2945 3976 3052 4030 Eva
3082 3979 3294 4044 veniat,
3325 3975 3409 4032 vel
3433 3975 3573 4033 duo-

1999 4060 2116 4098 rum
2166 4054 2369 4113 premat
2414 4054 2469 4099 et
2511 4053 2752 4099 conterat
2790 4045 2946 4111 colla,
2994 4047 3046 4101 id
3093 4058 3197 4114 est,
3250 4049 3471 4102 masculi
3520 4054 3573 4103 et

2000 4114 2230 4180 feminze,
2262 4114 2521 4188 majorum
2552 4115 2798 4170 videlicet
2825 4125 2985 4188 atque
3021 4117 3324 4181 minorum;
3369 4119 3489 4188 quia
3522 4119 3572 4173 in

2001 4193 2225 4258 utroque
2265 4200 2399 4239 sexu
2446 4185 2833 4258 juguniusunt.
2868 4186 2993 4258 Ideo
3030 4197 3086 4242 et
3125 4187 3200 4240 ait
3237 4185 3575 4258 generaliter.

2002 4253 2164 4329 Grave
2195 4257 2379 4324 jugum
2403 4253 2577 4329 superi
2594 4256 2938 4329 ﬁtiosAMant.
2974 4257 3210 4313 Dicenda
3236 4253 3362 4329 Ergo
3384 4299 3398 4321 ,
3426 4275 3574 4329 δυρινγ

2000 4324 2152 4407 ﬁlios,
2183 4334 2499 4407 :etatcsnon
2528 4326 2880 4407 discregigel
2906 4343 3065 4383 sexus
3094 4345 3107 4382 :
3136 4336 3192 4407 et
3215 4324 3573 4407 comparando

1994 4395 2178 4465 jugum
2207 4404 2452 4468 peccato,
2485 4407 2679 4466 prieter
2708 4397 2729 4428 ⁸
2751 4395 3051 4463 Christum,
3096 4399 3184 4468 qui
3225 4395 3363 4453 sicut
3395 4403 3574 4454 caeteri

1999 4481 2065 4520 ex
2097 4481 2193 4521 usu
2219 4466 2619 4536 conjugatorum
2646 4475 2803 4521 natus
2830 4484 2936 4521 non
2963 4477 3066 4533 est,
3089 4466 3279 4524 omnes
3304 4484 3425 4525 esse
3455 4484 3576 4536 pec-

1999 4544 2216 4609 catores,
2234 4537 2481 4605 mquavit.
2511 4537 2643 4590 lluic
2665 4536 2792 4609 jugo
2809 4536 2850 4602 ⁸,
2880 4536 2932 4591 id
2960 4547 3063 4603 est,
3089 4539 3331 4609 originali
3360 4550 3581 4608 peccato

2000 4607 2221 4662 revincti
2247 4608 2474 4674 majores
2499 4614 2665 4680 atque
2685 4607 2939 4672 minores,
2968 4609 3150 4680 vitium
3178 4607 3241 4664 ex
3276 4607 3389 4680 ipso
3416 4611 3575 4663 ortu"

2001 4685 2250 4746 tanquam
2272 4686 2508 4747 aratrum
2533 4676 2811 4747 trahimus,
2834 4678 3083 4747 quamdiu
3107 4676 3362 4735 sumus'in
3390 4680 3577 4734 mortis

1999 4761 2244 4819 corpore,
2290 4746 2439 4814 cujus
2485 4746 2895 4815 copiditatum'”
2929 4764 3147 4804 vomere
3194 4751 3573 4819 proscinditur,

2000 4815 2103 4890 hoc
2141 4826 2222 4890 est
2242 4857 2255 4880 ,
2286 4819 2645 4890 corrumpitur
2675 4826 2816 4875 terra
2844 4828 3048 4890 nostra.
3091 4815 3314 4889 Propter
3352 4819 3492 4890 quod
3525 4819 3575 4873 in

2000 4886 2137 4941 libro
2182 4887 2465 4959 sapientiae
2512 4887 2712 4959 dictum
2758 4897 2885 4957 puto
2928 4907 2945 4959 ξ
2995 4886 3404 4959 Corpus—autem
3443 4889 3577 4959 quod

2000 4958 2337 5029 corrumpitur
2363 4966 2604 5027 aggravut
2630 4958 2852 5011 animum
2877 4957 3042 5027 (Sap.
3074 4957 3127 5012 ix
3153 5001 3166 5019 .
3202 4960 3324 5029 15).
3359 4963 3394 5013 Α
3428 4957 3579 5029 cujus

1994 5028 2107 5097 jugi
2133 5027 2315 5082 labore
2338 5038 2388 5082 et
2418 5043 2602 5091 onere,
2626 5029 2709 5082 vel
2734 5030 2896 5082 aratri
2922 5030 3264 5097 corruptione
3284 5027 3345 5085 'ut
3368 5027 3578 5098 requie—

2000 5106 2114 5152 seat
2136 5138 2152 5164 ,
2193 5112 2354 5153 nemo
2380 5098 2604 5154 solvitur
2650 5099 2863 5169 propria
2894 5099 3164 5155 voluntate
3190 5108 3245 5156 ct
3292 5108 3576 5171 potestate,

2066 5336 2083 5402 ξ
2119 5336 2200 5402 Hic
2216 5331 2341 5395 apud
2357 5339 2466 5383 nov.
2488 5330 2697 5402 additur,
2719 5330 2994 5402 inﬂigissea
3052 5391 3063 5401 .
3203 5392 3213 5402 '
3251 5390 3263 5402 .
3330 5392 3339 5401 ,

2065 5398 2085 5428 ⁸
2121 5390 2307 5457 Aliquot
2330 5402 2454 5452 Mss,
2480 5393 2577 5444 imo
2593 5390 2704 5445 estis
2726 5390 3063 5457 perfectissimi
3086 5390 3355 5444 :tlanichasi.

2067 5458 2087 5488 ³
2121 5454 2257 5515 aditi,
2280 5454 2371 5505 hac
2394 5462 2563 5505 morte.

2066 5519 2088 5549 δ
2120 5521 2191 5567 sic
2230 5514 2402 5566 Omnes
2422 5522 2528 5565 Mss.
2567 5522 2622 5567 At
2644 5516 2787 5577 editi,
2830 5517 2970 5568 wn‘co
2990 5514 3177 5578 spiritu.

2068 5581 2088 5611 ⁸
2120 5581 2210 5629 Soli
2232 5580 2367 5641 editi,
2390 5585 2602 5641 propter.

2070 5643 2090 5708 ξ
2124 5640 2365 5708 Εόίιῌιρς
2382 5637 2518 5708 iugo.
2544 5648 2600 5689 At
2622 5647 2749 5699 Mss,
2770 5638 2889 5689 Huic
2911 5637 3051 5708 iugo.
3108 5696 3117 5706 ο
3190 5707 3195 5708 ν
3297 5696 3327 5708 Α.

2069 5705 2088 5734 ⁷
2126 5711 2214 5751 Mss
2237 5736 2250 5759 ,
2277 5700 2391 5751 ritis
2411 5700 2475 5751 εὶ
2492 5700 2594 5761 ipso
2610 5709 2732 5752 orta.
2753 5713 2873 5762 am,
2894 5700 3004 5750 vitio
3016 5710 3079 5749 ea;
3101 5700 3202 5760 ipso
3230 5700 3344 5750 orti.

2069 5766 2092 5797 ⁵
2125 5764 2258 5825 Editi,
2286 5763 2578 5827 cupiditatis.
