3970 6184
470 290 610 348 1663

469 401 734 456 destinato
757 399 1046 455 secundum
1076 412 1288 452 carnem
1333 413 1400 452 ex
1438 398 1639 451 semine
1680 396 1840 451 David
1864 439 1878 460 ,
1904 409 2043 465 prte-

470 472 770 525 destinante
816 478 992 523 autem
1042 468 1332 521 secundum
1387 475 1674 533 potentiam
1726 468 1819 522 Dei
1873 466 2043 519 Patris

402 540 411 596 ἒ
470 555 591 593 cum
620 540 777 593 Patre
818 549 873 592 et
917 538 1115 606 Spiritu
1150 548 1344 607 sancto
1381 554 1394 589 :
1442 536 1656 607 Vigilate
1693 548 1739 590 et
1778 546 1950 607 orate,
1983 550 2047 607 nc

469 609 662 662 intretis
681 611 732 662 in
757 608 1073 661 tentationem
1099 606 1320 677 (Matth.
1366 606 1517 671 xxvi,
1544 608 1606 661 41
1631 606 1671 675 ).
1701 607 1863 670 Item,
1904 606 2042 675 Vigi-

470 679 570 732 Iate
593 680 644 731 in
663 679 799 731 omni
820 688 1040 746 tempore
1062 687 1290 742 orantes;
1317 687 1371 730 ut
1396 678 1535 746 digni
1563 678 1844 730 habeamini
1872 680 2046 746 fugere

466 749 564 800 ista
587 750 756 818 omnia
783 763 895 816 qua:
920 745 1089 818 futura
1120 757 1236 800 sunt
1254 788 1268 811 ,
1300 756 1344 800 et
1373 745 1641 818 stareiante
1664 746 1854 800 Filium
1875 745 2044 798 homi-

470 818 549 870 nis
588 816 755 888 (Luc.
786 834 893 881 xitt,
922 816 1030 888 Eli)
1067 835 1080 870 :
1106 818 1267 888 item,
1299 817 1590 871 Contendite
1616 818 1805 888 intrare
1843 832 1930 888 per
1952 831 2045 888 an-_

466 886 665 957 gustum
696 897 893 954 portam
933 886 1049 956 (Id.
1096 904 1219 949 xm,
1243 887 1404 955 24)’:
1444 888 1603 957 item,
1628 886 1743 957 AVos
1780 886 1929 939 amici
1950 886 2044 957 mei

467 955 604 1023 estis,
626 958 671 1010 si
692 958 905 1026 feceritis
921 973 1035 1026 quae
1058 974 1148 1027 ego
1170 957 1405 1027 prwcipio
1428 958 1562 1010 vobis
1586 955 1761 1028 (Joan.
1786 971 1877 1028 sv,
1909 955 1999 1023 M)
2026 972 2039 1007 :

465 1036 522 1080 et
549 1028 711 1081 multa
739 1028 862 1092 alia,
893 1043 1014 1096 qua:
1040 1026 1251 1096 longum
1281 1038 1363 1080 est
1398 1026 1667 1081 enarrare.
1708 1026 1833 1091 Sed,
1866 1034 1924 1078 ut
1950 1039 2042 1096 su-

469 1096 650 1163 perius
679 1094 988 1162 memoravi,
1017 1098 1104 1166 qui
1133 1094 1209 1151 eis
1238 1097 1392 1163 dixit,
1426 1097 1551 1150 Sine
1579 1112 1658 1149 me
1682 1097 1811 1149 nihil
1839 1094 2044 1166 potestis

466 1168 993 1246 {acereipcr‘ipsum
1034 1164 1156 1236 qua:
1180 1168 1442 1246 jubentu:
1456 1166 1630 1246 facere
1656 1175 1896 1246 possuui.
1929 1164 2041 1245 Hu—

461 1235 772 1301 justnodi’in
800 1236 1011 1290 Christo
1036 1235 1155 1292 esse
1179 1237 1377 1291 electos
1407 1236 1524 1299 Dei,
1556 1238 1633 1302 ait
1654 1236 1958 1303 Apostolus,
1989 1235 2040 1288 in

466 1320 574 1374 quo
602 1307 955 1375 pnedestiuati
1000 1318 1125 1360 sunt
1160 1308 1433 1360 secundum
1472 1307 1785 1375 propositum
1824 1307 1933 1375 ejus
1957 1305 2043 1373 qui

466 1377 636 1429 omnia
660 1387 913 1446 Operatur.
944 1377 1180 1446 Intelligo
1208 1376 1427 1442 dictum,
1459 1376 1544 1445 qui
1569 1377 1738 1446 omnia
1767 1384 2001 1446 operatur
2023 1389 2042 1427 :

466 1452 521 1498 et
548 1444 707 1502 crede
745 1461 863 1501 esse
892 1462 1027 1515 opus
1058 1444 1145 1501 Dei
1170 1488 1184 1507 ,
1228 1462 1389 1516 Opera
1436 1444 1622 1500 eOrum
1652 1444 1742 1514 qui
1769 1444 2044 1499 ambulant

469 1518 760 1571 secundum
792 1518 1117 1585 prepositnut
1150 1517 1266 1570 Dei.

540 1587 625 1639 Η.
666 1587 765 1653 Qui
793 1584 917 1640 vero
942 1588 1146 1655 absque
1173 1584 1655 1655 przedestinationis
1678 1585 1844 1653 gratia
1873 1591 2036 1650 sunt,

469 1654 519 1725 id
545 1664 627 1710 est
648 1697 663 1722 ,
690 1657 846 1709 alieni
875 1672 903 1709 a
933 1654 1206 1725 proposito
1230 1656 1322 1710 Dei
1348 1697 1361 1716 ,
1394 1665 1447 1709 et
1477 1656 1762 1725 perdurant
1788 1655 1839 1707 in
1865 1655 2042 1722 operi-

470 1723 571 1794 bus
599 1727 750 1779 malis
774 1768 788 1789 ,
817 1727 859 1779 si
886 1723 1047 1780 etiam
1071 1741 1135 1780 ex
1168 1726 1265 1780 hac
1291 1725 1629 1794 migraverint
1656 1724 1781 1788 vita,
1812 1738 1916 1777 non
1946 1739 2041 1779 eos

465 1793 707 1864 dicimus,
729 1806 784 1849 ut
799 1810 893 1849 vos
909 1798 1121 1864 putatis,
1146 1814 1164 1845 ί
1190 1796 1263 1849 Ita
1283 1810 1311 1847 a
1333 1795 1689 1849 Deo‘omninm
1709 1794 1724 1825 ί
1745 1793 2041 1861 Opilice'or-

456 1863 672 1935 iliuatos
702 1874 756 1918 ut
786 1863 1053 1935 perirent,
1087 1877 1333 1934 tanquam
1381 1866 1494 1933 ipse
1538 1865 1643 1918 illis
1685 1879 1862 1918 mores
1886 1864 2040 1918 mala:

465 1933 586 2007 vita:
611 1933 888 2007 creaverit,
914 1938 1030 2004 ipse
1046 1937 1120 2007 ad
1142 1951 1297 2007 omne
1312 1949 1454 2007 Aopus
1477 1935 1660 2007 mortis
1682 1935 1871 2007 invitos
1901 1949 2040 2007 prie-

462 2003 778 2074 cipitaverit.
814 2025 834 2057 ι
865 2003 1016 2059 Absit
1042 2005 1140 2059 hoc
1166 2020 1194 2058 a
1216 2004 1395 2074 divino
1430 2005 1721 2074 prmiosito.
1752 2003 1866 2057 Non
1894 2004 2038 2058 enim

463 2073 647 2143 volens
673 2083 754 2127 est
781 2076 1106 2143 iniquitatem
1137 2076 1273 2129 Deus
1301 2074 1318 2141 (
1345 2072 1489 2128 Psat.
1520 2090 1549 2125 v
1573 2116 1587 2137 ,
1611 2072 1683 2142 5)
1714 2088 1858 2129 :ucc
1881 2089 2038 2127 man-

462 2141 604 2195 tluvit
627 2141 1060 2214 cuiquam—impie
1088 2159 1272 2214 agere,
1294 2159 1393 2198 nec
1414 2144 1573 2214 alicui
1602 2141 1748 2198 dedit
1774 2143 2038 2197 laxamen-

464 2222 572 2266 tum
595 2212 852 2286 peccandi
892 2212 1077 2286 (Eccli.
1121 2212 1207 2281 iv,
1253 2213 1373 2284 2|).
1403 2213 1553 2286 Fecit
1593 2216 1735 2268 enim
1776 2222 1830 2267 ut
1857 2222 2037 2286 essent

462 2282 640 2354 omnia
665 2325 680 2349 ,
704 2292 766 2354 et
799 2282 1061 2339 sanabiles
1103 2282 1346 2338 nationes
1388 2284 1534 2338 orbis
1572 2293 1832 2337 terrarum
1861 2284 1877 2353 (
1902 2283 2033 2354 Sap.

466 2368 502 2417 ι,
543 2353 666 2422 14).
699 2353 897 2408 Invidia
924 2364 1100 2409 autem
1127 2354 1323 2409 diaboli
1350 2370 1494 2407 mors
1533 2354 1749 2408 intravit
1774 2354 1823 2407 in
1850 2353 2035 2408 orbem

464 2430 747 2494 terrarum.
774 2425 1049 2480 Imitantur
1068 2440 1194 2490 ergo
1215 2425 1362 2478 illum
1384 2424 1472 2494 qui
1494 2434 1617 2477 sunt
1637 2440 1698 2477 ex
1724 2435 1873 2494 parte
1888 2424 2035 2494 illius

462 2490 657 2566 (Id._n,
686 2494 918 2566 24.725).
950 2495 1058 2566 Nec
1098 2490 1476 2566 dicimus,_'ut
1502 2490 1760 2566 fingitis]
1811 2511 1830 2544 ι
1866 2492 1947 2566 _Et
1989 2494 2035 2547 si

462 2562 681 2633 credere
707 2562 905 2629 velint',
930 2566 1013 2619 vel
1040 2565 1192 2621 bonis
1215 2564 1465 2633 operibus
1501 2564 1593 2618 Dei
1614 2562 1807 2617 vacare
1826 2603 1840 2626 ,
1860 2563 2033 2633 Deum

461 2630 692 2705 hociIIis
718 2635 857 2688 nolle
893 2645 1148 2705 prmstare
1181 2652 1194 2685 :
1231 2630 1401 2688 {cum
1439 2632 1738 2705 huiusmodi
1768 2632 1922 2705 velle
1938 2632 2035 2687 Dei

460 2702 530 2754 sit
553 2702 770 2775 donum.
797 2706 852 2775 _Si
879 2702 1004 2775 ergo
1026 2721 1092 2759 ex
1121 2705 1233 2759 Deo
1256 2714 1339 2758 est
1361 2705 1502 2775 quod
1528 2704 1731 2767 volunt,
1758 2702 1865 2775 vult
1895 2702 2034 2757 Deus

462 2770 753 2844 perfectum
784 2773 895 2829 ﬁeri
934 2770 1073 2844 quod
1116 2774 1331 2829 donavit
1359 2770 1446 2828 {si
1474 2782 1652 2844 autem
1691 2787 1759 2844 ex
1792 2772 1900 2826 Deo
1925 2788 2031 2826 non

460 2851 540 2895 est
563 2884 578 2900 .
601 2843 692 2897 sed
719 2845 891 2900 estde
918 2843 1169 2913 jactantia
1209 2844 1435 2913 propria:
1477 2843 1759 2913 voluntatis
1782 2881 1797 2906 ,
1831 2857 1933 2911 qua
1973 2857 2034 2913 se

462 2914 664 2966 meritis
693 2914 855 2968 Deum
900 2911 1168 2969 instituant
1208 2911 1533 2982 promereri,
1574 2911 1852 2982 manifeste
1889 2912 2030 2981 quod

462 2983 641 3035 volunt
664 2999 855 3052 capere
881 3000 984 3039 non
1018 2981 1276 3054 possunt;
1309 2984 1432 3053 quia
1459 3000 1560 3038 non
1589 2981 1833 3054 volentis,
1866 2982 2034 3054 inquit

465 3049 766 3125 Apostolus,
791 3072 949 3125 neque
966 3049 1229 3121 currentis,
1253 3049 1340 3108 sed
1360 3054 1634 3107 miscrentis
1653 3061 1723 3125 est
1742 3049 1836 3105 Dei
1857 3049 2029 3125 (Rom.

464 3136 535 3185 I\',
569 3123 673 3194 16)
706 3142 717 3173 :
748 3134 801 3178 et
838 3122 960 3194 quia
992 3142 1096 3181 non
1126 3134 1298 3193 potest
1325 3125 1484 3179 homo
1526 3137 1644 3194 asc
1672 3122 1847 3176 facere
1875 3123 2031 3194 quid-

460 3191 782 3263 {luampnisi
812 3191 991 3249 datum
1025 3196 1096 3249 illi
1129 3191 1284 3250 luerit
1310 3195 1539 3262 desuper
1565 3191 1756 3260 (Joan.
1789 3208 1867 3259 tu,
1896 3192 1965 3245 27
1986 3192 2026 3263 ).

460 3261 573 3315 Non
599 3265 697 3317 hoc
717 3267 824 3330 agit
851 3266 989 3319 Deus
1012 3282 1220 3321 summe
1246 3266 1415 3320 bonus
1437 3261 1655 3326 malitia,
1678 3264 1776 3318 sed
1793 3261 2030 3331 justitia;

461 3348 558 3404 nec
584 3349 925 3401 personarum
945 3337 1269 3404 acceptione,
1289 3336 1383 3388 sed
1404 3349 1682 3404 causarum
1705 3340 2030 3404 secretarum

461 3402 799 3457 discretione.
828 3401 1085 3459 Novimus
1108 3419 1479 3473 nonnunquam
1509 3401 1763 3473 quosdam
1793 3403 2035 3473 volentes

460 3480 675 3543 aeterna:
699 3475 819 3527 vita:
860 3473 1017 3528 Iidem
1045 3475 1284 3543 accipere
1304 3514 1318 3537 ,
1345 3471 1403 3526 et
1440 3471 1555 3543 eam
1585 3471 1839 3538 adipisci;
1871 3487 2033 3543 quos-

462 3541 582 3593 dam
621 3550 795 3595 autem
838 3558 961 3595 non.
1006 3541 1228 3611 Aliquos
1270 3544 1428 3596 etiam
1474 3541 1714 3595 nolentes
1742 3542 2032 3611 consequi,

463 3624 585 3663 cum
613 3610 663 3663 in
694 3612 771 3663 eis
791 3611 967 3665 divina
990 3610 1153 3680 gratia
1180 3652 1195 3676 ,
1229 3619 1287 3665 ut
1316 3611 1509 3672 velint,
1536 3610 1818 3664 mutaverit
1846 3612 2034 3665 volun-

465 3688 656 3751 tatem,
688 3680 893 3751 aliquos
921 3696 1047 3736 non.
1078 3681 1332 3738 Novimus
1357 3681 1562 3751 aliquos
1586 3681 1745 3733 etiam
1776 3681 2036 3751 perfectos

464 3764 529 3820 ex
574 3749 751 3805 labore
778 3749 1079 3806 ‘multorum
1127 3766 1387 3806 annorum
1437 3750 1713 3820 prolapsos
1758 3751 1807 3804 in
1850 3750 2036 3805 ultimo

469 3819 591 3891 vita;
617 3836 728 3873 suae
750 3861 765 3886 ,
802 3831 855 3875 et
880 3822 1121 3891 periisse.
1151 3824 1371 3891 Aliquos
1399 3819 1527 3876 vero
1553 3821 1619 3874 ab
1644 3819 1858 3891 ineunte
1882 3831 2036 3876 aetate

463 3904 557 3943 sua
576 3888 630 3942 in
650 3891 791 3944 omni
813 3888 1016 3947 scelere
1035 3901 1090 3948 et
1107 3888 1506 3947 datntiabilitatc
1524 3905 1690 3958 uSque
1708 3892 1774 3944 ad
1796 3890 2007 3959 decrepi
2022 3923 2037 3931 -

465 3969 570 4013 tam
599 3970 806 4015 aetatem
837 3964 1152 4031 perdurasse
1174 4004 1190 4028 ,
1222 3971 1275 4016 ct
1303 3971 1520 4031 repente
1548 3961 1757 4016 caelitus
1784 3961 2035 4029 inspirata

464 4031 654 4094 salute,
671 4040 864 4109 _raptos
887 4047 1005 4109 esse
1031 4034 1098 4088 ad
1124 4034 1360 4109 requiem
1391 4031 1843 4109 regn_i__cceioru_m.
1862 4031 2033 4109 ’δυή-

466 4116 586 4154 mus
613 4101 772 4173 etiam
816 4101 1059 4169 parvulos
1081 4144 1095 4167 ,
1127 4101 1320 4173 quibus
1342 4109 1485 4156 'usus
1513 4102 1664 4173 liberi
1693 4102 1895 4173 arbitrii
1926 4116 2031 4155 non

467 4178 571 4234 est,
601 4178 657 4224 ut
680 4172 747 4225 de
777 4173 929 4227 bonis
954 4181 1044 4225 aut
1076 4170 1228 4226 malis
1265 4188 1449 4227 eorum
1478 4172 1681 4226 meritis
1700 4170 2031 4239 judicemns,

467 4250 745 4308 parentum
774 4244 1019 4296 manibus
1047 4242 1115 4296 ad
1143 4243 1364 4311 gratiam
1402 4242 1539 4295 sacri
1575 4241 1913 4309 Baptismatis
1941 4241 2037 4296 de-

467 4320 726 4379 portatos,
754 4321 807 4367 et
831 4328 949 4366 cum
982 4314 1033 4366 in
1067 4327 1171 4366 uno
1194 4326 1381 4366 eorum
1411 4325 1505 4379 per
1534 4326 1721 4364 manus
1745 4311 2039 4365 sacerdotis

468 4383 774 4451 mysterium
806 4382 924 4437 lidei
964 4382 1380 4450 adimpleretur,
1411 4381 1692 4449 aliquoties
1734 4381 1958 4451 alterum
1987 4383 2037 4434 in

468 4449 744 4517 parentum
798 4453 1042 4507 manibus
1094 4449 1290 4506 factum
1342 4450 1682 4514 exanimem,
1741 4449 2038 4505 fraudatum

467 4522 633 4591 gratia
660 4519 967 4576 Salvatoris.
997 4523 1125 4588 Quis
1146 4523 1375 4591 sapiens,
1404 4529 1460 4575 et
1483 4520 1753 4591 intelliget,
1771 4519 1925 4591 huic?
1949 4531 2041 4575 aut

468 4590 585 4656 quis
607 4590 829 4645 idoneus
858 4594 959 4646 erit
991 4595 1177 4647 horum
1210 4590 1436 4647 reddere
1463 4590 1761 4645 rationem?
1794 4590 2041 4646 Dicamus

468 4674 588 4712 eum
617 4660 774 4713 David
800 4700 815 4725 ,
844 4660 1023 4715 Justus
1062 4662 1304 4716 Dominus
1352 4662 1405 4714 in
1449 4662 1678 4715 omnibus
1715 4661 1805 4713 viis
1833 4661 1958 4725 suis,
1992 4671 2041 4715 et

470 4738 671 4800 sanctus
699 4730 750 4783 in
767 4731 996 4785 omnibus
1021 4733 1250 4796 operibus
1265 4732 1369 4785 suis
1398 4729 1763 4799 (Psal.cxuv,
1799 4731 1885 4800 15)
1918 4748 1930 4784 ;
1964 4742 2038 4798 ct,

471 4799 636 4861 Quam
652 4802 975 4871 magni/icata
988 4812 1102 4854 sunt
1118 4817 1270 4870 opera
1285 4811 1391 4871 tua,
1408 4800 1622 4856 Domine
1633 4803 1653 4855 .’
1670 4802 1817 4871 nimis
1833 4806 2045 4871 profun-

470 4872 549 4942 da:
565 4873 714 4939 facta
730 4870 847 4925 sunt
870 4872 1193 4942 cogitationes
1214 4871 1350 4942 tua:(
1368 4870 1513 4925 Psal.
1546 4887 1653 4937 XCI,
1678 4873 1711 4927 6
1727 4870 1767 4942 ).
1798 4870 2043 4925 Dicamus

469 4941 626 4994 etiam
665 4957 784 4995 cum
830 4942 991 5004 Paulo
1014 4982 1028 5007 ,
1065 4941 1109 4995 Ο
1137 4941 1351 4997 altitudo
1391 4942 1677 4995 divitiarum
1703 4941 1964 5011 sapientitc
1987 4952 2034 4995 et

469 5011 862 5082 scientiteDei!
906 5014 1069 5077 Quam
1114 5013 1639 5082 incomprehensibilia
1685 5022 1802 5065 sunt
1849 5012 2045 5082 judicia

470 5080 1061 5155 eius,etincesngabiles
1087 5085 1179 5155 vite
1197 5080 1306 5155 ejus
1338 5084 1523 5155 (Rom.
1552 5099 1625 5155 xt,
1658 5082 1751 5151 3'5)
1776 5082 1790 5135 Ξ

540 5150 765 5205 CAPUT
806 5150 935 5205 VIII.
965 5183 1039 5193 —
1068 5154 1152 5208 12.
1195 5150 1300 5209 Sed
1329 5150 1373 5209 si
1398 5154 1573 5208 adhuc
1600 5154 1699 5207 hac
1724 5150 1926 5207 reddita
1953 5168 2042 5205 ra-

471 5219 611 5293 tione
628 5220 787 5274 vultis
803 5236 919 5275 esse
937 5225 1275 5288 coutentiosi,
1292 5239 1391 5279 nec
1406 5226 1747 5293 acquiescere
1764 5222 1969 5277 veritati
1987 5225 2041 5293 ’λς

470 5289 621 5363 nobis
648 5300 823 5345 tamen
848 5333 862 5353 .
896 5307 961 5346 co
996 5294 1133 5362 quod
1161 5295 1301 5349 male
1337 5295 1405 5349 de
1434 5289 1543 5349 Deo
1578 5294 1723 5363 justo
1750 5308 1812 5348 ac
1836 5291 2047 5363 miseri-

469 5361 786 5416 cordissinto
807 5361 1116 5433 sentiamus,
1141 5366 1449 5419 calumniari
1468 5361 1693 5419 desinite
1719 5382 1731 5417 :
1755 5362 1849 5417 sed
1868 5364 2041 5433 ipsum

467 5445 485 5499 ι
506 5434 644 5486 otius
670 5433 951 5505 Dominum
975 5432 1249 5488 Christum
1274 5476 1290 5501 ,
1321 5437 1470 5504 cujus
1499 5434 1841 5505 Evangelium
1866 5432 2046 5505 sequi-

467 5515 607 5570 mur,
635 5504 679 5557 si
706 5504 931 5568 audetis,
956 5505 1159 5574 arguitc
1191 5523 1203 5559 :
1234 5522 1352 5561 cum
1381 5503 1721 5578 illojurgium
1752 5504 1946 5560 sumite
1979 5503 2044 5557 li-

530 5656 548 5687 ¹
583 5661 634 5704 tn
654 5664 780 5714 uss,
805 5656 1061 5708 hominum.

530 5716 553 5749 ³
582 5722 707 5779 Mss,
749 5719 938 5769 rationi.

1069 286 1463 344 APPENDICIS
1500 283 1676 341 PARS
1715 282 1943 339 PRIMA.
1985 277 2547 336 HYPOGNOSTICON
2586 280 2790 337 LIBER
2829 278 3118 339 SEXTUS.

3593 283 3742 342 Im

2152 394 2349 465 ligandi
2371 413 2385 459 ;
2430 396 2502 449 illi
2529 394 2668 463 quod
2713 395 2847 449 absit
2874 436 2889 457 ,
2918 397 3058 450 male
3084 396 3319 451 sensisse
3343 395 3411 451 de
3434 397 3545 452 Deo
3571 398 3739 455 Patre

2150 479 2250 519 suo
2274 466 2692 538 calumniamini,
2717 467 2805 535 qui
2833 466 2926 527 ait,
2953 465 3112 538 Multi
3137 468 3338 538 quidcm
3362 470 3548 531 uocati,
3573 472 3733 538 pauci

2149 546 2314 588 autem
2340 536 2479 588 electi
2508 534 2870 605 (Matthgxxn
2896 576 2910 598 ,
2944 536 3051 603 Η)
3086 553 3100 587 :
3130 534 3217 601 et,
3254 537 3423 590 Nemo
3464 534 3622 605 potest
3646 556 3736 594 vs-

2150 606 2258 658 nire
2277 607 2343 659 ad
2363 622 2459 670 me,
2484 606 2581 657 nisi
2606 604 2759 658 Pater
2778 607 2864 674 qui
2891 606 3027 659 misit
3051 622 3148 670 me,
3178 609 3440 661 attraa‘erit
3461 604 3575 661 eum
3607 628 3626 662 :
3650 620 3731 674 et,

2153 674 2317 728 Nemo
2346 684 2503 740 potest
2526 676 2689 728 venire
2711 676 2779 727 ad
2809 692 2903 738 me,
2930 677 3027 729 nisi
3052 677 3229 729 datum
3253 680 3301 730 ei
3329 680 3479 745 fuerit
3508 696 3539 731 a
3572 679 3733 733 Patre

2149 762 2258 816 meo
2286 746 2476 813 (Joan.
2504 761 2580 809 γι,
2612 746 2702 809 44,
2732 745 2839 815 66)
2872 762 2885 797 :
2918 756 3005 810 cr,
3040 745 3159 800 Non
3185 764 3355 800 omnes
3382 750 3587 816 capiunt
3613 767 3731 803 rer-

2149 814 2265 888 hum
2292 816 2385 868 hoc
2425 816 2442 847 ί
2464 857 2478 879 ,
2504 816 2602 869 nisi
2646 814 2825 888 quibus
2865 816 3041 869 datum
3083 827 3153 870 est
3180 817 3407 886 (Matth.
3437 814 3523 873 ius
3548 861 3562 882 ,
3598 822 3657 875 il
3686 834 3728 888 ).

2148 885 2349 939 Caetera
2378 887 2535 939 etiam
2564 900 2720 954 quam
2748 886 2917 953 plura.

2226 956 2307 1030 i5.
2354 974 2373 1030 ς
2408 954 2728 1030 FalsumAest
2753 970 2899 1030 ergo,
2939 976 2957 1007 ι
2992 957 3220 1030 inquies,
3256 975 3275 1007 ι
3312 958 3452 1030 quod
3483 960 3557 1012 ait
3584 967 3727 1030 Apo-

2148 1025 2316 1097 stolus
2336 1025 2412 1097 de
2438 1026 2565 1087 Deo,
2597 1025 2699 1097 Qui
2727 1026 2830 1097 vult
2853 1041 3025 1080 omnes
3049 1028 3275 1081 homines
3294 1028 3460 1081 salvos
3489 1032 3601 1097 ﬁeri
3630 1025 3648 1089 ζ
3679 1044 3729 1085 et

2148 1095 2218 1176 ad
2256 1095 2557 1176 agnitionem
2601 1096 2821 1176 veritatis
2860 1098 3171 1176 succpenire
3203 1115 3220 1147 ι
3254 1097 3307 1163 (Ι
3341 1095 3592 1176 T_iin.;tt,_
3614 1103 3681 1171 4)
3704 1104 3729 1155 ?

2147 1164 2374 1237 ()mniuo
2402 1181 2505 1219 non
2537 1175 2619 1219 est
2647 1164 2836 1218 falsum
2870 1183 2883 1217 :
2915 1167 3034 1237 quia
3064 1182 3223 1221 omne
3251 1169 3392 1236 quod
3423 1170 3533 1222 vult
3560 1164 3723 1234 Dens,

2147 1234 2322 1290 facere
2344 1245 2535 1308 potest,
2561 1250 2659 1308 nec
2676 1249 2896 1308 prorsus
2922 1236 3149 1308 humana
3171 1234 3437 1308 voluntate
3459 1243 3727 1308 przepedi-

2148 1314 2235 1379 tur
2258 1305 2397 1379 quod
2426 1307 2553 1379 vult.
2588 1306 2691 1359 Sed
2720 1321 2904 1379 qua-ro
2938 1321 2968 1359 a
3011 1306 3159 1379 vobis
3197 1316 3255 1379 ut
3290 1305 3513 1379 dicatis,
3555 1305 3727 1379 quare

2150 1375 2287 1446 Deus
2302 1376 2390 1443 qtti
2404 1375 2513 1428 vult
2526 1390 2714 1446 omnes
2731 1374 2973 1429 homines
2993 1376 3169 1430 salvos
3189 1377 3324 1441 ﬁeri,
3342 1374 3719 1446 quorumdam,

2147 1454 2204 1498 ut
2226 1445 2354 1516 dicit
2379 1447 2539 1499 Isaias
2564 1445 2818 1514 propheta
2844 1486 2858 1506 ,
2890 1455 3123 1501 exerceat
3159 1445 3435 1502 oculosue
3463 1449 3722 1516 videant,

2144 1524 2198 1567 et
2226 1515 2452 1569 obdurat
2475 1530 2567 1570 cor
2592 1531 2658 1570 ne
2685 1516 3015 1582 intelligant,
3059 1524 3126 1570 ne
3152 1524 3532 1572 convertantur
3555 1529 3612 1574 et
3638 1515 3723 1574 sa?

2144 1594 2338 1657 nentur
2366 1585 2533 1657 (Isai1
2560 1601 2632 1649 vn,
2668 1585 2735 1639 10
2755 1585 2771 1654 )
2793 1586 2827 1645 ?,
2844 1585 2996 1657 Quod
3021 1601 3205 1657 verum
3245 1602 3364 1657 csse
3387 1591 3724 1655 evangelista

2145 1654 2383 1709 Joannes
2401 1655 2702 1722 conﬁrmat,
2731 1656 2915 1710 dicens
2938 1656 3010 1726 de
3033 1656 3274 1726 Judaeisﬂ:
3310 1656 3591 1726 Propterea
3620 1678 3723 1714 non

2146 1734 2375 1792 poterant
2399 1727 2599 1779 credere
2620 1765 2633 1788 ,
2664 1726 2780 1794 quia
2817 1726 2943 1778 dixit
2983 1724 3148 1779 Isaias
3177 1743 3195 1780 :
3220 1724 3508 1781 Exctecain‘t
3547 1732 3725 1785 oculos

2144 1811 2337 1859 eorum,
2368 1806 2413 1849 et
2433 1797 2687 1849 induravit
2712 1812 2797 1847 cor
2822 1812 3014 1856 eorum.
3042 1806 3221 1849 utnon
3247 1799 3446 1851 videant
3466 1801 3655 1865 oculis,
3676 1810 3722 1854 et

2141 1865 2614 1939 inteliigantcorde,
2645 1875 2692 1918 et
2714 1875 3098 1939 convertantur,
3129 1874 3176 1919 et
3198 1883 3371 1939 senem
3403 1884 3488 1921 eos
3521 1868 3717 1939 (Joan.

2142 1950 2234 2001 χιι,
2268 1936 2356 2009 ὅξ),
2384 1934 2672 2009 t0).ltem
2712 1936 2764 1988 in
2798 1936 3083 2009 Evangelia
3120 1936 3411 2009 secundum
3439 1934 3717 2009 Marcum,

2141 2020 2261 2059 cum
2300 2006 2490 2076 Iesum
2514 2007 2902 2073 interrogarent
2943 2006 3188 2075 discipuli
3235 2009 3315 2061 sui
3358 2008 3429 2062 de
3466 2006 3717 2076 parabols

2141 2076 2361 2148 seminis
2392 2095 2407 2148 ς
2452 2074 2629 2148 Voltis,
2664 2076 2864 2148 inquit,
2910 2074 3092 2129 datum
3127 2086 3200 2129 est
3239 2093 3385 2131 nosse
3421 2074 3717 2148 mysterium

2139 2148 2277 2217 regni
2304 2144 2400 2198 Dei
2428 2162 2446 2198 :
2469 2145 2571 2217 illis
2587 2154 2753 2217 autem
2774 2147 2858 2214 qui
2878 2148 3002 2216 foris
3025 2156 3156 2210 sunt,
3191 2148 3242 2199 in
3267 2144 3525 2217 parabolis
3550 2152 3717 2205 omnia

2140 2215 2307 2283 ﬁunt;
2333 2225 2385 2269 ut
2414 2216 2633 2268 videntes
2670 2215 2884 2268 videant
2907 2225 2956 2270 et
2989 2233 3092 2269 non
3128 2215 3349 2283 videant,
3376 2228 3428 2271 et
3454 2219 3717 2276 audientes

2139 2286 2350 2339 audiant
2380 2296 2426 2339 et
2454 2301 2552 2338 non
2590 2286 2905 2355 intelligant,
2941 2302 3003 2339 nc
3024 2287 3229 2355 quando
3248 2297 3632 2353 conuertantur,
3668 2300 3715 2345 et

2139 2355 2456 2426 dimittantur
2496 2357 2566 2408 eis
2614 2364 2816 2420 peccata
2863 2355 3065 2423 (Marc.
3112 2372 3186 2423 tv,
3237 2359 3326 2423 Ii,
3371 2358 3501 2426 12).
3554 2361 3716 2415 Dicite

2139 2425 2316 2492 igitur.
2339 2440 2503 2495 quare
2526 2427 2683 2497 Dt;us,
2711 2426 2798 2497 qui
2829 2435 3075 2495 acceptor
3099 2441 3446 2497 personarum
3463 2425 3586 2483 non
3615 2440 3712 2495 est,

2137 2504 2191 2548 et
2216 2497 2326 2550 vult
2354 2510 2540 2550 omnes
2582 2495 2828 2549 homines
2872 2497 3052 2550 salvos
3096 2495 3208 2551 Iieri
3234 2538 3249 2562 ,
3290 2498 3523 2552 aliorum
3554 2502 3715 2555 corda

2139 2576 2343 2620 reserat
2369 2565 2435 2620 ad
2464 2565 2811 2631 credendum,
2840 2567 3023 2621 oculos
3047 2568 3311 2623 illuminat
3335 2568 3401 2622 ad
3430 2568 3717 2625 videndum

2137 2644 2191 2715 et
2217 2635 2283 2715 ad
2311 2635 2586 2715 sciendum
2617 2637 3124 2715 myst_erium__regui
3152 2638 3413 2715 caelorum
3436 2681 3451 2703 ,
3473 2655 3596 2715 quo
3619 2643 3721 2715 sci-

2136 2704 2261 2759 licet
2300 2706 2433 2761 salvi
2475 2706 2589 2758 ﬁeri
2630 2704 2867 2773 pOssint;
2910 2704 3133 2760 aliorum
3167 2723 3296 2761 vero
3322 2704 3427 2774 ,'ttt
3473 2704 3722 2765 lectionis

2135 2783 2279 2848 textu
2295 2776 2512 2845 praedixi
2525 2778 2566 2840 ',
2581 2775 2853 2848 involvens
2866 2778 2915 2831 in
2928 2777 3193 2848 parabolis
3205 2779 3509 2842 veritatem,
3523 2782 3720 2835 obtun-

2138 2845 2216 2921 dii
2235 2842 2347 2921 cor,
2372 2855 2605 2902 excazcat
2631 2845 2836 2908 oculos,
2854 2842 3048 2921 claudit
3068 2842 3246 2913 aures,
3271 2864 3339 2921 ne
3365 2849 3722 2921 Evangelium

2135 2916 2320 2971 salutis
2340 2925 2656 2988 agnoscant,
2686 2932 2753 2971 ne
2776 2918 3145 2972 remissionem
3174 2920 3437 2986 accipiant
3468 2916 3719 2988 peccate-

2137 2988 2297 3061 rum‘i
2330 2987 2504 3061 _Di_ci_te
2526 3028 2541 3052 ,
2583 3001 2801 3061 quaeso,
2826 2988 3056 3061 qualiter
3080 2990 3208 3061 haec
3250 2990 3365 3044 loca
3410 2994 3721 3061 evangelia

2135 3057 2410 3128 accipitis?
2439 3058 2636 3128 Docete
2657 3099 2674 3124 ,
2716 3056 2840 3125 quid
2870 3057 2956 3128 hic
2980 3057 3049 3112 de
3078 3059 3187 3112 Deo
3207 3100 3222 3124 ,
3255 3061 3343 3128 qui
3382 3061 3498 3114 vult
3531 3056 3726 3117 omnes

2137 3126 2382 3201 homines
2408 3128 2583 3201 salvos
2610 3127 2743 3191 fieri,
2772 3127 3035 3201 sentitis}
3053 3128 3190 3201 Ecce
3210 3126 3319 3198 jam
3340 3145 3535 3186 omnes
3560 3147 3723 3201 gene-

2136 3199 2321 3253 raliter
2344 3198 2475 3252 salvi
2504 3214 2608 3252 non
2630 3207 2775 3265 sunt,
2803 3212 2925 3251 cum
2953 3198 3071 3252 aliis
3092 3198 3251 3253 datur
3274 3201 3415 3253 viam
3446 3198 3612 3256 nosse
3639 3219 3719 3257 sa-

2135 3268 2282 3332 lutis,
2305 3269 2423 3323 aliis
2447 3282 2550 3322 non
2574 3268 2763 3331 datur.
2781 3269 2903 3322 ηερε
2928 3270 3105 3339 itaque
3128 3285 3247 3323 cum
3276 3269 3398 3324 facit
3422 3271 3590 3334 Dens,
3616 3290 3714 3326 non

2139 3354 2483 3411 personarum
2512 3339 2970 3411 acceptioneifacit
2993 3380 3007 3404 ,
3038 3355 3142 3411 non
3172 3340 3466 3411 injustitia:
3514 3344 3611 3397 sed
3632 3346 3716 3411 ju-

2137 3410 2278 3464 stitia
2307 3409 2663 3479 inenarrabili,
2688 3416 2743 3462 et
2770 3409 3131 3464 misericordia
3163 3410 3417 3465 indebita.
3450 3409 3712 3479 Quoniam

2139 3494 2265 3533 vero
2295 3479 2418 3535 hinc
2448 3478 2643 3548 liquido
2669 3487 2892 3547 utraque
2923 3494 3044 3547 pars
3069 3479 3248 3535 dicere
3271 3482 3407 3535 nihil
3439 3478 3711 3545 valemus,

2137 3549 2418 3604 credamus
2447 3558 2651 3603 tantum
2691 3564 2841 3602 reum
2886 3550 3071 3603 mortis
3110 3565 3177 3603 ex
3213 3551 3410 3619 judicis
3450 3554 3716 3607 voluntate

2140 3619 2391 3688 pendere.
2432 3619 2509 3675 Ne
2555 3620 2831 3689 quisquam
2876 3629 3054 3672 autem
3101 3630 3309 3688 putaret
3337 3621 3526 3676 divino
3552 3622 3715 3677 vitio'

2139 3691 2273 3750 licri.
2333 3706 2437 3744 non
2495 3703 2681 3743 omnes
2715 3689 2959 3743 homines
2984 3689 3215 3760 salvari;
3241 3690 3378 3744 dixit
3406 3693 3711 3760 Aposwlus,

2142 3760 2241 3824 Qui
2262 3762 2364 3827 vult
2384 3777 2554 3814 omnes
2575 3760 2803 3813 homines
2822 3760 2987 3812 salvos
3010 3761 3141 3828 ﬁeri.
3169 3759 3514 3830 Quapropter
3534 3777 3715 3817 omnes

2140 3830 2383 3884 homines
2411 3831 2501 3898 qui
2529 3832 2797 3884 salvantur
2816 3871 2831 3895 ,
2884 3829 2993 3883 Deo
3017 3831 3227 3885 volente
3255 3829 3554 3886 salvantur.
3584 3832 3715 3885 Deus

2139 3900 2280 3954 enim
2312 3910 2478 3954 noster
2525 3899 2661 3953 Dens
2708 3898 2874 3953 salvos
2918 3900 3170 3969 faciendi,
3216 3911 3262 3954 et
3307 3899 3524 3954 Domini
3562 3904 3716 3957 exitus

2139 3972 2314 4043 mortis
2339 3969 2516 4043 (Psal.
2551 3985 2717 4043 van,
2738 3969 2800 4043 2i
2826 3972 2842 4037 )
2872 3978 2992 4043 :_e_t,
3027 3970 3159 4043 Quia
3195 3972 3273 4023 ira
3307 3972 3563 4043 infuso"
3589 3974 3712 4043 ejus,

2139 4050 2186 4093 et
2210 4042 2308 4093 vita
2336 4037 2387 4093 in
2425 4041 2679 4111 voluntate
2697 4040 2856 4111 ipsius
2896 4037 3076 4107 (Psut.
3106 4056 3229 4094 xxix
3258 4083 3271 4104 ,
3313 4037 3407 4111 6).
3440 4037 3715 4110 lutelli’gite

2139 4111 2317 4233 iit‘aque
2360 4112 2412 4164 in
2450 4112 2631 4164 furore
2663 4110 2964 4179 justitiam:
2995 4111 3048 4162 in
3090 4110 3367 4166 voluntate
3419 4112 3716 4168 misericor-

2196 4195 2303 4233 am.

2196 4195 2303 4233 am.

2214 4252 2298 4305 14.
2340 4249 2867 4321 Prtedestiuationem
2906 4250 3067 4319 igitur
3093 4266 3329 4321 negare,
3373 4268 3537 4321 quam
3579 4251 3710 4319 apud

2141 4321 2304 4375 Deum
2323 4335 2441 4374 esse
2463 4320 2691 4375 breviter
2707 4321 3067 4389 probavimus,
3084 4320 3316 4376 immane
3334 4322 3712 4391 blasphemiam

2140 4401 2222 4446 est
2246 4390 2297 4457 ‘;
2327 4405 2487 4460 quam
2512 4405 2618 4444 non
2640 4398 2841 4445 tantum
2866 4431 2882 4455 ,
2910 4391 3049 4444 sicut
3073 4391 3255 4445 soletis
3279 4390 3480 4456 dicere,
3507 4394 3557 4445 in
3582 4394 3715 4459 Apo'

2142 4463 2291 4515 stolis
2308 4460 2567 4516 debemus
2591 4461 2864 4529 accipere;
2893 4460 2987 4515 sed
3008 4472 3061 4514 et
3086 4462 3137 4514 in
3161 4463 3488 4516 Patriarchis
3504 4473 3559 4517 et
3582 4463 3707 4515 Pro-

2145 4533 2321 4601 phctis
2344 4574 2358 4593 ,
2388 4533 2441 4585 in
2466 4533 2793 4603 martyribus
2830 4540 2883 4585 et
2919 4530 3320 4587 confessorihus
3342 4574 3357 4597 ,
3388 4535 3441 4587 in
3469 4533 3710 4586 omnibus

2143 4603 2341 4657 sanctis
2366 4611 2421 4657 et
2445 4602 2984 4672 digne’servientibus
3015 4603 3143 4655 Deo.
3189 4603 3323 4656 Ilinc
3348 4618 3510 4657 nemo
3531 4604 3715 4672 glorieo

2147 4684 2249 4737 tur,
2275 4673 2719 4743 nequcsperet,
2744 4673 2901 4743 Solus
2926 4672 3066 4726 enim
3090 4674 3344 4727 Dominus
3371 4675 3474 4728 scit
3492 4674 3582 4743 qui
3601 4682 3717 4725 sunt

2145 4746 2259 4812 ejus
2293 4742 2311 4815 (
2336 4742 2377 4815 II
2404 4742 2543 4797 Tim.
2571 4758 2625 4806 n,
2659 4741 2786 4815 I9),
2818 4743 2874 4797 In
2914 4751 3168 4812 quantum
3197 4753 3375 4797 autem
3405 4741 3717 4815 possumus,

2145 4813 2332 4869 omnes
2371 4814 2613 4868 homines
2652 4813 2718 4867 ad
2744 4813 2967 4869 bonum
3010 4828 3147 4882 opus
3189 4815 3572 4878 exhortemur,
3600 4813 3719 4867 nulli

2146 4885 2573 4953 desperationem
2601 4884 2791 4937 demus
2812 4926 2827 4947 ,
2859 4898 2957 4952 pro
2986 4883 3213 4938 invicem
3239 4899 3482 4949 oremus,
3512 4885 3565 4938 in
3596 4897 3717 4937 con-

2147 4964 2328 5024 spectu
2360 4955 2448 5008 Dei
2482 4969 2577 5008 nos
2621 4954 2962 5008 humiliemus
2981 4995 2995 5019 ,
3024 4954 3263 5009 dicentes
3286 4996 3301 5017 ,
3349 4953 3470 5008 Fiat
3499 4954 3717 5007 uoluntas

2149 5036 2236 5078 tua
2265 5024 2487 5096 (.‘datth.
2517 5040 2593 5096 vl.
2641 5025 2761 5094 ια).
2797 5024 2964 5092 Ipsius
2979 5026 3093 5096 ierit
3122 5027 3403 5092 potestatis
3428 5068 3443 5090 ,
3469 5025 3716 5096 judicium

2148 5096 2200 5151 iu
2233 5093 2393 5168 nobis
2424 5095 2660 5168 debitum
2703 5093 2919 5168 mutare
2962 5093 3359 5161 damnationis,
3405 5093 3716 5168 et‘gratiatn

2148 5165 2628 5236 prmdestinationis
2659 5165 2946 5220 indebitam
2979 5180 3303 5236 praerogare.

2215 5348 2230 5378 ⁸
2269 5354 2318 5395 In
2350 5341 2861 5405 manuscriptis‘deest,
2887 5340 2991 5405 hoc.

2213 5409 2233 5439 ³
2265 5408 2336 5456 sic
2370 5412 2475 5455 Mss.
2501 5412 2557 5453 Αῑ
2580 5400 2715 5471 editi,
2740 5409 2794 5471 ut
2814 5400 3207 5471 lectionistextus
3230 5400 3373 5450 dixit.

2215 5471 2236 5499 ³
2266 5471 2339 5518 sic
2366 5475 2477 5531 Mss.
2505 5474 2567 5531 At
2582 5466 2718 5522 editi,
2741 5464 2902 5515 divino
2922 5462 3133 5531 judicio.
3276 5522 3288 5531 .
3459 5521 3469 5531 ,

2214 5530 2237 5561 δ
2270 5516 2336 5581 tta
2362 5530 2409 5577 in
2428 5530 2651 5579 omnibus
2671 5516 2775 5577 Mss.
2802 5532 2853 5574 In
2888 5516 3032 5576 editis
3062 5531 3247 5584 autem,
3269 5521 3497 5574 inundatis
3517 5516 3719 5581 blandu-

2153 5592 2250 5643 mia
2271 5600 2356 5644 est.
