3970 6184
1377 487 2426 602 ΔυΜοΝιτιο

1085 673 1202 746 IN
1263 673 2159 762 SUBSEQUENTEM
2222 676 2710 747 LIBRUM.

1692 813 2112 880 mm

334 945 662 1020 Opusculum
691 948 759 1004 de
782 947 1251 1005 Praedestinatione
1274 957 1328 1004 et
1343 949 1524 1028 Gratia
1543 991 1559 1015 ,
1589 948 1740 1017 cujus
1766 947 1970 1003 initium
1992 958 2074 1004 est
2091 990 2105 1014 ,
2142 966 2162 1000 ι
2187 948 2321 1005 Cum
2354 949 2408 1003 in
2436 963 2707 1005 sacrarum
2732 948 3092 1005 voluminibus
3119 950 3440 1008 Litterarum
3462 994 3477 1019 ,
3502 972 3524 1009 ο

274 1038 407 1097 inter
435 1040 821 1110 Augustiniana
840 1054 1003 1111 opera
1031 1040 1204 1094 locum
1230 1040 1528 1095 obtinuitin
1558 1039 1787 1108 antiquis
1810 1038 2151 1095 cditionibus.
2183 1038 2252 1095 At
2277 1041 2328 1095 in
2359 1040 2446 1096 illa
2478 1040 2710 1095 editione
2743 1055 2899 1111 quam
2943 1050 3130 1113 postea
3175 1041 3535 1100 Lovanienscs

269 1131 523 1203 Theologi
545 1131 889 1198 adornarunt,
921 1140 1066 1187 tomo
1085 1130 1313 1201 septimo
1336 1129 1565 1200 rejectus
1591 1138 1672 1185 est
1708 1130 1760 1184 in
1783 1129 2142 1198 Appendicem
2164 1171 2180 1197 ,
2213 1130 2353 1185 inter
2386 1130 2656 1186 subdititia
2696 1132 2945 1200 opuscula
2970 1174 2984 1196 ,
3018 1140 3265 1202 tanquam
3295 1137 3532 1202 suspecti

271 1222 500 1278 auctoris
526 1222 680 1278 liber.
706 1220 822 1275 Non
842 1236 962 1277 esse
981 1220 1260 1290 Augustini
1288 1221 1370 1275 vel
1400 1221 1514 1291 ipsa
1538 1218 1753 1275 dicendi
1776 1219 1913 1273 ratio
1942 1221 2132 1289 arguit,
2160 1226 2215 1274 et
2232 1220 2448 1274 evincit.
2497 1220 2753 1275 Mittimus
2779 1221 3005 1289 proinde
3050 1232 3362 1290 argumenta
3399 1224 3499 1277 alia
3516 1266 3532 1288 ,

267 1314 456 1385 quibus
477 1313 668 1369 eruditi
696 1312 846 1367 facile
867 1313 1195 1368 constituunt
1216 1327 1324 1367 non
1348 1312 1728 1382 assignandum
1757 1319 1942 1367 sancto
1966 1311 2201 1367 Doctori.
2231 1309 2336 1367 Sed
2367 1312 2644 1381 praeterire
2668 1326 2773 1366 non
2798 1312 2940 1380 licet,
2964 1314 3103 1382 quod
3142 1314 3427 1370 observato
3454 1314 3541 1370 di-

264 1421 425 1477 gnum
450 1405 823 1470 Bellarminus,
848 1403 1188 1471 Possevinns,
1219 1403 1415 1474 aliique
1440 1404 1835 1468 existimarunt,
1862 1403 2113 1458 nimirum
2141 1405 2193 1458 in
2212 1418 2279 1460 eo
2308 1403 2443 1459 libro
2462 1403 2703 1473 qumdam
2720 1405 2950 1475 reperiri
2978 1404 3234 1462 doctrina:
3258 1406 3540 1479 Augustini

268 1497 532 1551 contraria
554 1536 569 1560 ,
592 1511 710 1565 qua:
728 1493 969 1550 Cassiani
986 1508 1174 1550 sensus
1201 1494 1445 1550 redolere
1473 1494 1773 1549 videantur.
1799 1493 1935 1548 Nam
1963 1493 2051 1548 ubi
2073 1502 2261 1548 auctor
2289 1494 2559 1562 explicare
2575 1495 2774 1561 studet,
2794 1495 2923 1565 quid
2939 1496 3005 1550 ad
3032 1497 3170 1553 bona
3185 1512 3345 1567 opera
3371 1500 3537 1569 gratia

268 1586 357 1641 Dei
387 1586 679 1651 conducat,
701 1584 828 1655 quid
853 1599 983 1641 vero
1010 1599 1108 1654 pro
1131 1598 1228 1639 sua
1249 1592 1396 1654 parte
1424 1584 1663 1639 conferat
1690 1584 1916 1639 liberum
1941 1582 2176 1637 hominis
2197 1583 2474 1639 arbitrium
2495 1624 2510 1652 ,
2559 1584 2613 1638 in
2653 1585 2826 1654 capite
2872 1601 3016 1641 nono
3063 1588 3141 1642 sic
3187 1597 3353 1642 totum
3399 1589 3539 1643 inter

266 1677 431 1733 Deum
458 1686 513 1732 et
541 1676 811 1731 hominem
842 1676 1085 1746 partitur,
1111 1682 1168 1728 ut
1196 1674 1305 1729 Deo
1326 1674 1556 1743 primum
1580 1673 1775 1727 tribuat
1797 1687 1990 1728 vocare
2010 1688 2073 1728 ac
2097 1671 2417 1739 illuminare,
2451 1672 2655 1728 homini
2676 1672 2869 1729 deinde
2896 1673 3174 1745 liberoque
3202 1676 3366 1745 ipsius
3390 1675 3537 1730 arbi-

264 1771 366 1826 trio
394 1771 593 1842 eligere
615 1770 731 1825 vias
755 1769 1124 1824 mandatorum
1149 1768 1264 1835 Dei,
1297 1776 1405 1822 tum
1436 1766 1545 1821 Deo
1570 1782 1754 1821 rursus
1781 1766 1833 1820 in
1864 1768 1971 1822 ﬁne
1992 1765 2350 1821 obedientiam
2375 1779 2655 1820 coronare.
2685 1764 2743 1820 ln
2768 1765 2942 1835 capite
2962 1766 3245 1821 undecimo
3269 1767 3399 1823 dicit
3418 1767 3539 1825 ideo

262 1877 362 1917 nos
390 1862 588 1917 habere
614 1877 643 1914 a
668 1861 782 1916 Deo
801 1861 961 1927 velle,
986 1861 1109 1930 quia
1133 1867 1288 1915 vocat
1315 1860 1685 1924 etilluminat;
1716 1858 1836 1914 ideo
1867 1858 1938 1913 ab
1963 1858 2079 1928 ipso
2104 1866 2159 1912 et
2185 1856 2443 1928 perlicere
2464 1898 2478 1923 ,
2525 1858 2775 1927 quoniam
2818 1859 2885 1913 ad
2929 1874 3028 1913 nos
3072 1861 3306 1929 pertinet
3355 1862 3536 1916 conari

263 1950 400 2006 bona
421 1993 436 2019 ,
466 1968 585 2022 quae
626 1959 681 2007 et
703 1952 844 2008 velle
867 1951 1099 2007 donavit.
1138 1950 1269 2007 Item
1292 1950 1434 2020 quod
1478 1951 1570 2005 Dei
1592 1951 1666 2004 sit
1692 1964 1885 2006 vocare
1912 1963 2004 2005 seu
2023 1949 2232 2019 jubere,
2262 1948 2493 2004 hominis
2518 1958 2695 2004 autem
2723 1951 2933 2021 aperire
2961 1960 3015 2005 et
3049 1950 3271 2007 dilatare
3313 1966 3409 2021 os,
3442 1954 3537 2008 Dei

178 2083 195 2100 .
261 2054 536 2111 postremo
552 2042 686 2098 illud
711 2043 935 2111 implere
954 2083 970 2109 ,
1001 2057 1097 2097 seu
1122 2042 1445 2110 promissum
1471 2039 1719 2096 eﬂ‘ectum
1748 2039 2055 2111 adjungere.
2087 2039 2144 2093 In
2173 2040 2347 2109 capite
2370 2039 2720 2107 duodecimo,
2746 2041 3021 2111 proposito
3039 2043 3267 2112 quodam
3295 2059 3390 2115 pro
3434 2044 3536 2100 Pe-

259 2131 485 2202 lagianis
509 2139 825 2202 argumento
841 2172 858 2198 ,
888 2145 993 2186 non
1017 2131 1175 2185 aliam
1201 2129 1533 2200 (Bellarmini
1550 2128 1773 2199 judicio)
1800 2129 2203 2198 responsionem
2232 2128 2388 2185 atl‘ert
2407 2169 2423 2194 ,
2450 2144 2609 2199 quam
2635 2144 2755 2200 quae
2781 2130 2849 2185 ab
2870 2130 2986 2200 ipso
3005 2132 3260 2187 Cassiano
3280 2133 3537 2191 reddere-

257 2231 368 2276 tur.
408 2222 592 2291 Capite
617 2223 827 2277 decimo
848 2222 1062 2291 quinto,
1088 2221 1436 2291 quaestionem
1466 2228 1698 2274 tractans
1725 2233 1820 2273 cur
1846 2218 1937 2273 Dei
1959 2218 2179 2288 flagellis
2201 2219 2408 2274 Pharao
2428 2219 2614 2274 durior
2637 2219 2872 2287 effectus,
2894 2221 3384 2280 Nabuchodonosor
3410 2240 3538 2281 vero

253 2313 325 2367 ad
358 2313 730 2382 pcenitentiam
756 2312 1015 2368 adductus
1038 2319 1142 2377 est,
1174 2311 1317 2366 hunc
1342 2326 1536 2380 nempe
1562 2311 1686 2380 quia
1715 2324 1929 2363 manum
1962 2310 2058 2365 Dei
2088 2310 2325 2367 sentiens
2345 2352 2360 2377 ,
2392 2312 2446 2365 in
2486 2311 2856 2368 recordatione
2876 2313 3107 2383 propria:
3137 2314 3433 2385 iniquitatis
3457 2317 3538 2371 in-

253 2405 483 2475 gemuit,
514 2405 672 2459 linem
698 2403 967 2459 diversum
988 2405 1236 2458 sortitum
1262 2417 1382 2458 esse
1406 2401 1571 2467 dicit;
1604 2400 1756 2471 quasi
1785 2400 2066 2469 pmnitenti
2093 2401 2248 2456 bonae
2271 2401 2562 2456 voluntatis
2586 2402 2796 2457 initium
2818 2443 2834 2469 ,
2858 2403 2970 2459 Deo
3009 2404 3398 2475 perfectionem
3421 2415 3540 2462 tan-

256 2506 372 2550 tum
397 2496 658 2566 assignari
686 2497 832 2551 velit.
859 2493 1044 2565 Capite
1064 2495 1275 2549 decimo
1297 2501 1471 2560 sexto,
1500 2492 1663 2547 sentit
1686 2491 1930 2546 homines
1950 2491 2156 2562 aliquos
2176 2532 2192 2557 ,
2224 2492 2432 2546 etiamsi
2457 2506 2562 2546 non
2584 2500 2763 2547 essent
2780 2502 3001 2563 peccato
3025 2494 3263 2563 obnoxii,
3293 2498 3532 2566 potuisse

257 2603 285 2641 a
320 2589 436 2643 Deo
465 2586 708 2641 damnari
728 2605 742 2640 :
760 2594 944 2641 contra
976 2585 1254 2656 Augustini
1279 2583 1600 2638 sententiam
1631 2582 1683 2637 in
1710 2582 1848 2637 libro
1873 2582 2032 2637 tertio
2051 2582 2308 2637 adversus
2336 2582 2603 2639 lulianum
2631 2583 2801 2654 capite
2823 2584 3028 2640 decimo
3055 2594 3247 2643 octavo
3272 2604 3288 2641 :
3311 2607 3328 2640 ι
3353 2588 3533 2644 Bonus

257 2688 341 2735 cst
372 2679 543 2744 Deus,
571 2698 589 2731 ι
621 2678 821 2747 inquit,
860 2695 879 2729 ι
901 2677 1075 2748 justus
1106 2684 1188 2731 est
1213 2676 1392 2730 Deus:
1420 2682 1596 2745 potest
1623 2672 1827 2743 aliquos
1858 2672 1975 2728 sine
2016 2673 2173 2728 bonis
2194 2673 2398 2729 meritis
2426 2673 2654 2729 liberare
2674 2716 2688 2738 ,
2717 2675 2841 2744 quia
2871 2676 3044 2731 bonus
3082 2688 3197 2745 est;
3225 2697 3328 2738 non
3356 2691 3537 2751 potest

255 2787 580 2843 quemquam
609 2771 726 2827 sine
753 2770 908 2824 malis
930 2768 1137 2823 meritis
1165 2767 1440 2830 damnare,
1468 2766 1588 2836 quia
1605 2765 1782 2835 justus
1837 2773 1971 2820 est.)
2002 2765 2068 2819 Et
2114 2765 2167 2819 in
2218 2766 2440 2835 epistola
2483 2765 2606 2831 186,
2639 2765 2706 2821 ad
2748 2767 3044 2834 Paulinum,
3077 2785 3133 2824 n.
3157 2771 3263 2826 20:
3293 2789 3313 2824 ι
3332 2772 3536 2841 Quem-

255 2877 419 2932 quam
440 2876 568 2916 vero
593 2860 918 2915 immeritum
948 2866 1003 2914 et
1027 2857 1159 2911 nulli
1186 2856 1475 2911 obnoxium
1503 2862 1725 2925 peccato
1752 2855 1797 2909 si
1821 2854 1960 2910 Deus
1985 2855 2240 2911 damnare
2265 2854 2518 2921 creditur,
2563 2856 2769 2912 alienus
2796 2858 2864 2913 ab
2897 2858 3172 2930 iniquitate
3215 2877 3324 2917 non
3362 2863 3534 2919 credi-

257 2963 361 3009 tur.
378 2970 400 3004 ι
437 2951 715 3022 Fulgentio
743 2964 953 3020 quoque
982 2949 1234 3018 episcopo
1261 2946 1524 3016 Ruspensi
1554 2945 1885 3017 suppositum
1908 2953 2026 3000 erat
2053 2945 2155 3000 hoc
2175 2946 2348 3015 ipsum
2374 2947 2690 3015 opusculum
2717 2966 2731 3003 :
2759 2948 2950 3018 injuria
2985 2951 3198 3020 quidem
3217 2993 3233 3020 ,
3266 2968 3386 3008 cum
3409 2953 3539 3009 Ful-

256 3042 471 3113 gentius
491 3040 785 3111 Augustino
800 3039 1022 3109 ejusque
1051 3038 1259 3108 placitis
1276 3045 1524 3106 tanquam
1549 3035 1841 3106 discipulus
1870 3049 2083 3105 semper
2118 3035 2360 3092 addictus
2384 3036 2560 3092 fuerit.
2580 3038 2629 3093 ls
2657 3048 2916 3109 prmterea
2944 3039 3047 3094 hoc
3077 3042 3216 3097 idem
3247 3059 3532 3115 argumen-

258 3142 367 3187 tum
401 3131 818 3186 luculentissime
837 3144 901 3184 ac
927 3128 1220 3184 secundum
1246 3126 1523 3197 Augustini
1546 3134 1778 3180 mentem
1802 3131 2027 3192 tractat,
2057 3133 2169 3179 tum
2200 3127 2253 3181 in
2274 3128 2449 3197 primo
2473 3128 2542 3183 ad
2571 3129 2862 3183 Monimum
2891 3129 2959 3184 de
3001 3129 3198 3201 duplici
3241 3135 3533 3192 Przedesti-

258 3225 478 3279 natione
505 3222 660 3285 libro,
690 3229 802 3276 tum
829 3222 881 3276 in
911 3222 1079 3277 tribus
1119 3219 1269 3275 libris
1310 3233 1445 3290 quos
1472 3217 1541 3273 ad
1568 3217 1826 3273 Joannem
1857 3226 1912 3272 et
1947 3216 2239 3272 Venerium
2268 3217 2336 3272 de
2374 3218 2609 3274 Veritatc
2648 3219 3127 3290 praedestinationis
3150 3231 3204 3277 et
3226 3225 3409 3295 gratia:
3437 3226 3532 3280 Dei

258 3313 548 3383 inscripsit.
600 3313 835 3383 Denique
859 3313 996 3367 solet
1023 3312 1334 3381 Fulgentius
1359 3310 1524 3365 libros
1566 3324 1691 3365 suos
1717 3309 1874 3364 alicui
1906 3323 2245 3378 nuncupare,
2280 3310 2529 3379 exemplo
2579 3319 2637 3366 et
2675 3326 2824 3367 more
2855 3311 3135 3382 Augustini
3160 3332 3173 3368 :
3195 3326 3250 3369 at
3276 3316 3376 3372 iste
3401 3316 3535 3373 liber

258 3406 461 3459 nullius
488 3404 688 3458 nomini
719 3404 1002 3473 inscriptus
1019 3412 1131 3478 est,
1162 3410 1224 3457 ut
1251 3402 1443 3458 merito
1467 3402 1588 3471 jure
1613 3415 1721 3456 non
1750 3400 1912 3456 modo
1931 3400 2209 3457 catholicis
2238 3400 2342 3456 illis
2365 3401 2673 3458 doctoribus
2713 3402 3097 3473 abjudicandus
3118 3448 3133 3473 ,
3167 3407 3260 3462 sed
3288 3408 3534 3478 scriptori

258 3497 491 3567 cuipiam
522 3505 783 3567 suspectzc
814 3495 937 3550 fidei
962 3477 1275 3551 tribuendus
1304 3493 1656 3549 existimetur.

259 3725 501 3855 DE
564 3721 2356 3865 PBEDESTINATIONE
2408 3728 2645 3838 ET
2716 3727 3521 3877 GBATIA,

1492 3912 1858 3976 SUSPECTI
1918 3912 2309 3975 AUCTORIS

1704 4044 2076 4126 LIBER.

1589 4212 2218 4286 magna»

332 4333 581 4407 eaeor
602 4333 881 4390 PRIMUM.
922 4366 990 4376 -
1030 4335 1080 4407 t_.
1120 4335 1253 4391 Cum
1287 4337 1337 4391 in
1382 4354 1651 4395 sacrarum
1690 4339 1842 4393 vom-
1952 4330 2635 4407 personarum-acceptione
2674 4338 2963 4407 taxantem,
2997 4347 3096 4407 nec
3124 4333 3530 4407 infirmum.rqui

266 4404 498 4479 minibus
525 4404 872 4479 Litterarum,
916 4420 1010 4458 seu
1040 4404 1334 4460 futurorum
1362 4409 1498 4479 quid
1535 4410 1845 4479 prophetico
1950 4399 2091 4479 quod
2119 4399 2343 4454 voluerit
2371 4415 2473 4453 non
2504 4401 2727 4456 valuerit
2754 4402 3038 4471 explicare,
3062 4405 3371 4460 inconcussa
3394 4399 3531 4462 dell-

266 4474 453 4541 spiritu
483 4475 986 4542 prmnuntiantibus,
1027 4489 1118 4529 seu
1165 4474 1552 4544 praeteritorum
1596 4474 1844 4534 historica

270 4546 493 4617 veritate
528 4545 880 4617 narrantibus,
922 4559 1016 4617 seu
1054 4547 1175 4599 vita:
1204 4547 1400 4617 monita
1431 4550 1718 4617 apostolica
1747 4565 1845 4603 au-

266 4616 513 4668 ctoritate
547 4614 874 4668 tradentibus
894 4656 906 4675 .
943 4615 1113 4682 aliqua
1143 4616 1301 4669 veluti
1326 4614 1592 4672 diversum
1624 4629 1846 4674 sonante

267 4684 529 4738 sententia
558 4685 637 4738 vel
666 4692 907 4754 movetur
939 4684 1127 4747 lector.
1158 4686 1239 4740 vel
1281 4687 1592 4743 sollicitatur
1616 4691 1844 4754 auditor,

266 4763 411 4807 certa
441 4753 959 4826 etincoucussafidc
984 4756 1251 4826 cognitum
1276 4764 1458 4812 tenere
1483 4759 1658 4825 debet,
1693 4761 1847 4813 unius

268 4832 427 4897 atque
456 4823 690 4897 ejusdem
722 4824 956 4897 spiritus,
986 4835 1040 4879 et
1056 4823 1182 4897 'ejus
1208 4836 1402 4896 praeter
1430 4844 1584 4897 quem
1611 4823 1739 4883 nihil
1766 4840 1848 4885 est

269 4895 507 4948 veritatis
529 4936 542 4959 ,
571 4894 804 4964 apertius
832 4894 954 4949 alibi
976 4936 989 4955 ,
1024 4895 1178 4964 paulo
1210 4894 1472 4951 occultius
1504 4900 1627 4953 alibi
1657 4915 1848 4955 sonare

269 4965 521 5033 mysteria
550 4980 658 5021 aac
696 4965 917 5033 proinde
959 4965 1001 5018 si
1041 4966 1172 5038 quid
1212 4967 1417 5038 occulta
1464 4969 1848 5038 signiﬁcatione

270 5046 617 5105 suspensum,
642 5043 733 5088 aut
758 5050 804 5105 7a
846 5037 1215 5090 conscribente
1258 5036 1486 5092 breviter
1516 5036 1808 5094 indicatum
1830 5081 1845 5105 ,

269 5102 548 5177 minusque
575 5119 729 5177 quam
755 5104 967 5177 humani
991 5106 1167 5160 cordis
1188 5106 1434 5161 obtunsio
1462 5110 1729 5177 poscebat,
1753 5102 1846 5164 ex;

271 5173 498 5239 positum
529 5185 629 5234 est,
656 5173 742 5228 hic
779 5175 1005 5230 lucidius
1027 5190 1283 5244 apparere
1304 5217 1318 5240 ,
1352 5177 1422 5231 ibi
1457 5173 1614 5233 altius
1642 5180 1806 5235 latere
1829 5223 1843 5244 ,

269 5257 536 5316 nusquam
549 5244 742 5316 deesse
772 5246 978 5316 noverit
1000 5248 1294 5301 veritatem.
1318 5248 1467 5316 Quod
1497 5250 1539 5303 si
1571 5250 1729 5303 etiam
1754 5267 1849 5314 pro

269 5313 631 5385 magnitudine
662 5316 759 5376 rei,
788 5315 854 5368 de
893 5330 992 5383 qua
1019 5319 1291 5385 quarritur,
1321 5313 1426 5373 non
1462 5318 1613 5374 facile
1639 5321 1847 5376 intelle-

267 5389 388 5436 ctus
417 5384 657 5437 sensibus
694 5386 980 5454 qurerentis
1017 5384 1275 5451 occurrit,
1319 5391 1548 5444 maxime
1589 5392 1630 5445 si
1663 5393 1727 5445 tle
1765 5393 1847 5444 in-

267 5454 630 5527 eommutabili
656 5456 927 5509 voluntate
947 5459 1325 5527 omnipotentis
1357 5460 1446 5514 Dei
1476 5460 1740 5515 diversum
1764 5476 1852 5513 so-

269 5534 363 5575 net
386 5524 654 5597 canonictn
680 5527 1007 5580 auctoritatis
1039 5524 1258 5597 utraque
1296 5532 1554 5584 sententia
1584 5550 1595 5584 :
1627 5534 1695 5584 ita
1727 5541 1853 5586 sunt

271 5590 447 5669 omnia
477 5594 543 5647 ad
571 5594 779 5664 pietatis
805 5597 1035 5669 regulam
1067 5590 1356 5669 dirigenda,
1388 5611 1443 5654 ut
1470 5617 1567 5655 nec
1599 5603 1848 5669 injustnm

271 5657 440 5715 Deum
465 5657 603 5727 esse,
637 5679 734 5718 nec
771 5657 957 5720 merita
987 5657 1313 5737 singulorum
1340 5657 1552 5726 confusa
1578 5674 1592 5703 ¹
1625 5657 1847 5743 quadam

336 5792 356 5823 ι
394 5794 614 5847 Victorini
640 5797 833 5849 codices
849 5802 1093 5863 omittunt,
1118 5803 1328 5864 confusa.

1952 4470 2153 4525 nitionc
2183 4479 2439 4524 teneatur.

2022 4539 2348 4616 QAPUT__II.
2373 4570 2443 4580 —
2461 4539 2514 4596 2.
2548 4540 2657 4616 Sth
2678 4541 2833 4609 hujus
2862 4542 3363 4616 igiturdeﬁnilionis
3380 4545 3528 4616 iugo,

1953 4626 2021 4665 ne
2044 4611 2095 4664 in
2124 4610 2434 4679 sacrilegam
2462 4611 2810 4666 temeritatem
2840 4610 2977 4667 male
3015 4614 3177 4669 libera
3207 4616 3342 4670 colla
3373 4610 3528 4671 iuiu—

1953 4684 2113 4746 rient,
2136 4680 2443 4755 qua-stionis
2474 4680 2646 4748 hujus,
2672 4693 2923 4749 quantum
2951 4684 3061 4755 Deo
3087 4684 3319 4741 donante
3340 4701 3531 4755 possu-

1953 4765 2106 4824 r_nus_,
2160 4749 2368 4824 occulta
2406 4766 2782 4824 memoremus,
2833 4768 2990 4821 quam
3030 4754 3215 4810 beatus
3260 4749 3532 4824 apostolus

1953 4820 2151 4894 Paulus
2177 4819 2400 4894 diversis
2429 4820 2481 4894 in
2514 4820 2664 4894 locis,
2701 4839 2804 4875 non
2834 4819 3016 4890 parum
3040 4827 3196 4877 etiam
3218 4819 3531 4894 dis-crepan-

1954 4891 2100 4965 tibus
2123 4890 2299 4965 verbis
2324 4891 2573 4965 studiosis
2615 4894 2859 4965 prOpnnit
2905 4896 3315 4965 scrutatoribus,
3346 4890 3531 4965 eisque

1954 4960 2254 5035 per‘ipsam
2288 4961 2518 5035 loquitur
2558 4963 2857 5035 veritatem.
2902 4962 3235 5035 sententiam
3269 4960 3529 5035 siquidem

1956 5029 2006 5082 in
2039 5029 2131 5083 Dei
2170 5029 2368 5098 gratia,
2401 5030 2732 5098 prmecdcnte
2771 5033 3026 5085 latissima
3068 5044 3122 5087 et
3164 5029 3531 5090 robustissima

1954 5099 2310 5175 diSputatinne
2335 5100 2625 5154 confectam
2643 5141 2656 5161 ,
2691 5102 2759 5153 ita
2789 5102 3251 5175 e0t_ieludens._ait,
3279 5105 3417 5175 Ergo
3442 5122 3531 5158 cu-

1946 5172 2034 5239 jus
2061 5171 2161 5245 vult
2188 5171 2460 5245 miseretur,
2489 5181 2537 5245 ct
2562 5187 2705 5245 quem
2733 5172 2836 5245 puli
2862 5172 3066 5245 indurat
3094 5172 3266 5239 (Rom.
3296 5171 3369 5239 ix,
3402 5176 3489 5245 18)
3516 5191 3532 5229 :

1955 5255 2074 5311 eum
2120 5241 2179 5311 in;
2209 5241 2308 5292 alia
2343 5240 2571 5307 Epistola
2602 5240 2681 5311 Vde
2720 5241 2893 5295 divina
2924 5243 3287 5298 benevolentia
3317 5245 3429 5311 ipse
3455 5240 3530 5299 sic

1954 5309 2114 5372 tlicat,
2146 5309 2246 5375 Qui
2267 5311 2369 5363 vult
2399 5327 2570 5381 omnes
2589 5310 2810 5381 [Lamina
2828 5314 2989 5369 salvos
3018 5314 3150 5379 ﬁeri,
3173 5325 3219 5366 et
3240 5315 3290 5366 in
3311 5309 3533 5381 (ignitiu-

1953 5396 2068 5432 nem
2096 5381 2314 5432 veritatis
2343 5380 2507 5433 venire
2532 5379 2572 5445 (1
2602 5378 2734 5434 Tim.
2766 5398 2799 5435 tt
2821 5425 2835 5443 .
2864 5383 2940 5450 4).
2967 5378 3206 5437 Occurrit
3234 5378 3373 5435 enim
3391 5423 3405 5446 ,
3438 5396 3536 5435 cur

1955 5459 2171 5517 pereant
2195 5465 2262 5505 cx
2294 5450 2374 5504 his
2399 5450 2592 5521 aliqui,
2636 5466 2755 5505 cmn
2787 5454 3124 5521 tmmipotous
3167 5452 3304 5504 Deus
3346 5467 3532 5505 omnes

1955 5520 2198 5574 homines
2225 5521 2398 5591 salvos
2443 5520 2551 5574 fieri
2584 5522 2746 5578 velit.
2787 5532 2839 5577 et
2867 5525 2917 5576 in
2948 5523 3266 5591 agnitionem
3295 5524 3531 5575 veritatis

1954 5592 2137 5644 venire
2184 5608 2196 5642 :
2244 5590 2436 5644 deinde
2480 5606 2574 5644 cur
2616 5607 2799 5647 rursus
2847 5590 3057 5645 imluret
3099 5592 3255 5656 alios,
3289 5592 3536 5646 misertus

1955 5660 2214 5723 aliorum;
2239 5671 2329 5714 aut
2353 5661 2618 5731 quomodo
2648 5678 2832 5717 omnes
2855 5663 3030 5716 salvos
3064 5660 3177 5715 fieri
3206 5661 3331 5715 velit
3359 5660 3533 5714 honu-

1916 5774 1928 5785 .
1958 5746 2086 5793 nes,
2126 5746 2246 5783 cum
2286 5730 2398 5800 ipse
2442 5733 2718 5786 nonnullos
2760 5748 2825 5786 ne
2854 5732 3123 5786 salvcntur
3167 5730 3395 5786 induret.
3427 5731 3537 5788 lloc

1956 5807 2208 5870 quantum
2236 5801 2302 5855 ad
2326 5802 2603 5857 humanam
2622 5802 2877 5872 justitiam
2901 5801 3110 5856 videtur
3132 5803 3404 5874 injustum.
3427 5802 3536 5859 Sed
