  <div class='ocr_page' id='page_1' title='image "/cluster/home/n/w/nwhite01/storage/ocr_20150623/45/hvd.32044096580667/353.png"; bbox 0 0 3970 6184; ppageno 0'>
   <div class='ocr_carea' id='block_1_1' title="bbox 425 306 614 384">
    <p class='ocr_par' dir='ltr' id='par_1_1' title="bbox 425 306 614 384">
     <span class='ocr_line' id='line_1_1' title="bbox 425 306 614 384; baseline -0.011 -18"><span class='ocrx_word' id='word_1_1' title='bbox 425 378 429 384; x_wconf 33' lang='grc' dir='ltr'><strong><em>η</em></strong></span> <span class='ocrx_word' id='word_1_2' title='bbox 473 306 614 366; x_wconf 73' lang='lat' dir='ltr'><strong>i679</strong></span> 
     </span>
    </p>
   </div>
   <div class='ocr_carea' id='block_1_2' title="bbox 475 413 2047 490">
    <p class='ocr_par' dir='ltr' id='par_1_2' title="bbox 475 413 2047 490">
     <span class='ocr_line' id='line_1_2' title="bbox 475 413 2047 490; baseline -0.004 -18"><span class='ocrx_word' id='word_1_3' title='bbox 475 418 930 490; x_wconf 64' lang='lat' dir='ltr'><strong>prmvaricationis</strong></span> <span class='ocrx_word' id='word_1_4' title='bbox 956 414 1325 490; x_wconf 58' lang='lat' dir='ltr'><strong>praidesttnata</strong></span> <span class='ocrx_word' id='word_1_5' title='bbox 1356 424 1438 490; x_wconf 84' lang='lat' dir='ltr'><strong>est</strong></span> <span class='ocrx_word' id='word_1_6' title='bbox 1456 416 1619 484; x_wconf 86' lang='lat' dir='ltr'><strong>justa.</strong></span> <span class='ocrx_word' id='word_1_7' title='bbox 1647 414 1799 469; x_wconf 85' lang='lat' dir='ltr'><strong>Unde</strong></span> <span class='ocrx_word' id='word_1_8' title='bbox 1823 413 2047 490; x_wconf 33' lang='lat' dir='ltr'><strong>et‘Psal;</strong></span> 
     </span>
    </p>
   </div>
   <div class='ocr_carea' id='block_1_3' title="bbox 478 482 2044 555">
    <p class='ocr_par' dir='ltr' id='par_1_3' title="bbox 478 482 2044 555">
     <span class='ocr_line' id='line_1_3' title="bbox 478 482 2044 555; baseline -0.006 -11"><span class='ocrx_word' id='word_1_9' title='bbox 478 482 634 544; x_wconf 77' lang='lat' dir='ltr'><strong>inista</strong></span> <span class='ocrx_word' id='word_1_10' title='bbox 665 507 678 542; x_wconf 89' lang='lat'><strong>:</strong></span> <span class='ocrx_word' id='word_1_11' title='bbox 713 489 843 554; x_wconf 83' lang='lat' dir='ltr'><strong>Quia</strong></span> <span class='ocrx_word' id='word_1_12' title='bbox 862 497 915 539; x_wconf 84' lang='lat' dir='ltr'><strong>tu</strong></span> <span class='ocrx_word' id='word_1_13' title='bbox 935 482 1102 539; x_wconf 71' lang='lat' dir='ltr'><strong>reddis</strong></span> <span class='ocrx_word' id='word_1_14' title='bbox 1127 485 1391 555; x_wconf 77' lang='lat' dir='ltr'><strong>unicuique</strong></span> <span class='ocrx_word' id='word_1_15' title='bbox 1405 482 1557 554; x_wconf 75' lang='lat' dir='ltr'><strong>juxta</strong></span> <span class='ocrx_word' id='word_1_16' title='bbox 1582 500 1846 555; x_wconf 13' lang='lat' dir='ltr'><strong>aperarsua</strong></span> <span class='ocrx_word' id='word_1_17' title='bbox 1875 482 2044 555; x_wconf 73' lang='lat' dir='ltr'><strong>(l’sat.</strong></span> 
     </span>
    </p>
   </div>
   <div class='ocr_carea' id='block_1_4' title="bbox 480 553 2050 629">
    <p class='ocr_par' dir='ltr' id='par_1_4' title="bbox 480 553 2050 629">
     <span class='ocr_line' id='line_1_4' title="bbox 480 553 2050 629; baseline -0.004 -16"><span class='ocrx_word' id='word_1_18' title='bbox 480 575 587 623; x_wconf 78' lang='lat' dir='ltr'><strong>ut,</strong></span> <span class='ocrx_word' id='word_1_19' title='bbox 617 553 907 629; x_wconf 27' lang='lat' dir='ltr'><strong>15).’tltide</strong></span> <span class='ocrx_word' id='word_1_20' title='bbox 935 557 1074 629; x_wconf 80' lang='lat' dir='ltr'><strong>enim</strong></span> <span class='ocrx_word' id='word_1_21' title='bbox 1100 564 1156 610; x_wconf 89' lang='lat' dir='ltr'><strong>et</strong></span> <span class='ocrx_word' id='word_1_22' title='bbox 1181 553 1332 629; x_wconf 71' lang='lat' dir='ltr'><strong>bouis</strong></span> <span class='ocrx_word' id='word_1_23' title='bbox 1349 553 1513 629; x_wconf 77' lang='lat' dir='ltr'><strong>gloria</strong></span> <span class='ocrx_word' id='word_1_24' title='bbox 1537 553 1802 629; x_wconf 79' lang='lat' dir='ltr'><strong>perennis,</strong></span> <span class='ocrx_word' id='word_1_25' title='bbox 1821 553 2050 607; x_wconf 41' lang='lat' dir='ltr'><strong>et’malis</strong></span> 
     </span>
    </p>
   </div>
   <div class='ocr_carea' id='block_1_5' title="bbox 477 624 2052 694">
    <p class='ocr_par' dir='ltr' id='par_1_5' title="bbox 477 624 2052 694">
     <span class='ocr_line' id='line_1_5' title="bbox 477 624 2052 694; baseline -0.006 -11"><span class='ocrx_word' id='word_1_26' title='bbox 477 643 622 683; x_wconf 88' lang='lat' dir='ltr'><strong>mors</strong></span> <span class='ocrx_word' id='word_1_27' title='bbox 651 624 832 681; x_wconf 82' lang='lat' dir='ltr'><strong>infelix</strong></span> <span class='ocrx_word' id='word_1_28' title='bbox 857 667 872 692; x_wconf 92' lang='lat'><strong>,</strong></span> <span class='ocrx_word' id='word_1_29' title='bbox 900 626 1000 679; x_wconf 96' lang='lat' dir='ltr'><strong>nisi</strong></span> <span class='ocrx_word' id='word_1_30' title='bbox 1029 625 1095 679; x_wconf 90' lang='lat' dir='ltr'><strong>ab</strong></span> <span class='ocrx_word' id='word_1_31' title='bbox 1125 640 1189 680; x_wconf 91' lang='lat' dir='ltr'><strong>eo</strong></span> <span class='ocrx_word' id='word_1_32' title='bbox 1217 626 1310 694; x_wconf 87' lang='lat' dir='ltr'><strong>qui</strong></span> <span class='ocrx_word' id='word_1_33' title='bbox 1344 624 1516 679; x_wconf 88' lang='lat' dir='ltr'><strong>reddit</strong></span> <span class='ocrx_word' id='word_1_34' title='bbox 1545 625 1828 692; x_wconf 81' lang='lat' dir='ltr'><strong>unicuique</strong></span> <span class='ocrx_word' id='word_1_35' title='bbox 1857 637 2052 694; x_wconf 81' lang='lat' dir='ltr'><strong>secun-</strong></span> 
     </span>
    </p>
   </div>
   <div class='ocr_carea' id='block_1_6' title="bbox 479 692 2054 765">
    <p class='ocr_par' dir='ltr' id='par_1_6' title="bbox 479 692 2054 765">
     <span class='ocr_line' id='line_1_6' title="bbox 479 692 2054 765; baseline -0.003 -14"><span class='ocrx_word' id='word_1_36' title='bbox 479 699 606 752; x_wconf 89' lang='lat' dir='ltr'><strong>dum</strong></span> <span class='ocrx_word' id='word_1_37' title='bbox 634 711 793 765; x_wconf 89' lang='lat' dir='ltr'><strong>opera</strong></span> <span class='ocrx_word' id='word_1_38' title='bbox 822 695 961 750; x_wconf 82' lang='lat' dir='ltr'><strong>sua?</strong></span> <span class='ocrx_word' id='word_1_39' title='bbox 983 694 1097 750; x_wconf 85' lang='lat' dir='ltr'><strong>Non</strong></span> <span class='ocrx_word' id='word_1_40' title='bbox 1121 692 1298 749; x_wconf 80' lang='lat' dir='ltr'><strong>tamen</strong></span> <span class='ocrx_word' id='word_1_41' title='bbox 1328 710 1456 765; x_wconf 91' lang='lat' dir='ltr'><strong>pure</strong></span> <span class='ocrx_word' id='word_1_42' title='bbox 1482 709 1513 765; x_wconf 89' lang='lat' dir='ltr'><strong>a</strong></span> <span class='ocrx_word' id='word_1_43' title='bbox 1535 695 1642 748; x_wconf 91' lang='lat' dir='ltr'><strong>Deo</strong></span> <span class='ocrx_word' id='word_1_44' title='bbox 1672 709 1814 765; x_wconf 85' lang='lat' dir='ltr'><strong>mors</strong></span> <span class='ocrx_word' id='word_1_45' title='bbox 1839 733 1854 758; x_wconf 90' lang='lat'><strong>,</strong></span> <span class='ocrx_word' id='word_1_46' title='bbox 1877 692 1970 765; x_wconf 82' lang='lat' dir='ltr'><strong>sed</strong></span> <span class='ocrx_word' id='word_1_47' title='bbox 1997 692 2054 765; x_wconf 80' lang='lat' dir='ltr'><strong>tit</strong></span> 
     </span>
    </p>
   </div>
   <div class='ocr_carea' id='block_1_7' title="bbox 479 762 2052 835">
    <p class='ocr_par' dir='ltr' id='par_1_7' title="bbox 479 762 2052 835">
     <span class='ocr_line' id='line_1_7' title="bbox 479 762 2052 835; baseline -0.004 -14"><span class='ocrx_word' id='word_1_48' title='bbox 479 783 545 821; x_wconf 81' lang='lat' dir='ltr'><strong>ex</strong></span> <span class='ocrx_word' id='word_1_49' title='bbox 575 762 799 821; x_wconf 81' lang='lat' dir='ltr'><strong>hominis</strong></span> <span class='ocrx_word' id='word_1_50' title='bbox 820 765 1258 835; x_wconf 58' lang='lat' dir='ltr'><strong>praevaricatione</strong></span> <span class='ocrx_word' id='word_1_51' title='bbox 1283 779 1376 832; x_wconf 88' lang='lat' dir='ltr'><strong>per</strong></span> <span class='ocrx_word' id='word_1_52' title='bbox 1391 764 1646 832; x_wconf 75' lang='lat' dir='ltr'><strong>justitiam</strong></span> <span class='ocrx_word' id='word_1_53' title='bbox 1673 764 1773 835; x_wconf 85' lang='lat' dir='ltr'><strong>_Dei</strong></span> <span class='ocrx_word' id='word_1_54' title='bbox 1801 765 1852 835; x_wconf 89' lang='lat' dir='ltr'><strong>in</strong></span> <span class='ocrx_word' id='word_1_55' title='bbox 1882 762 2052 835; x_wconf 67' lang='lat' dir='ltr'><strong>lmini-</strong></span> 
     </span>
    </p>
   </div>
   <div class='ocr_carea' id='block_1_8' title="bbox 482 832 2055 906">
    <p class='ocr_par' dir='ltr' id='par_1_8' title="bbox 482 832 2055 906">
     <span class='ocr_line' id='line_1_8' title="bbox 482 832 2055 906; baseline -0.004 -16"><span class='ocrx_word' id='word_1_56' title='bbox 482 839 565 890; x_wconf 88' lang='lat' dir='ltr'><strong>nis</strong></span> <span class='ocrx_word' id='word_1_57' title='bbox 587 832 962 906; x_wconf 58' lang='lat' dir='ltr'><strong>pinnamflloc</strong></span> <span class='ocrx_word' id='word_1_58' title='bbox 989 835 1109 906; x_wconf 88' lang='lat' dir='ltr'><strong>ideo</strong></span> <span class='ocrx_word' id='word_1_59' title='bbox 1129 875 1146 900; x_wconf 89' lang='lat'><strong>,</strong></span> <span class='ocrx_word' id='word_1_60' title='bbox 1176 834 1297 903; x_wconf 84' lang='lat' dir='ltr'><strong>quia</strong></span> <span class='ocrx_word' id='word_1_61' title='bbox 1322 843 1445 888; x_wconf 89' lang='lat' dir='ltr'><strong>sunt</strong></span> <span class='ocrx_word' id='word_1_62' title='bbox 1469 833 1722 906; x_wconf 73' lang='lat' dir='ltr'><strong>nonnulli</strong></span> <span class='ocrx_word' id='word_1_63' title='bbox 1752 832 2055 906; x_wconf 81' lang='lat' dir='ltr'><strong>qui_dial)_(_)-</strong></span> 
     </span>
    </p>
   </div>
   <div class='ocr_carea' id='block_1_9' title="bbox 480 901 2052 974">
    <p class='ocr_par' dir='ltr' id='par_1_9' title="bbox 480 901 2052 974">
     <span class='ocr_line' id='line_1_9' title="bbox 480 901 2052 974; baseline -0.004 -14"><span class='ocrx_word' id='word_1_64' title='bbox 480 901 603 960; x_wconf 60' lang='lat' dir='ltr'><strong>lum&#39;</strong></span> <span class='ocrx_word' id='word_1_65' title='bbox 622 908 698 961; x_wconf 90' lang='lat' dir='ltr'><strong>sic</strong></span> <span class='ocrx_word' id='word_1_66' title='bbox 727 914 927 974; x_wconf 86' lang='lat' dir='ltr'><strong>ponunt</strong></span> <span class='ocrx_word' id='word_1_67' title='bbox 947 901 1429 974; x_wconf 12' lang='lat' dir='ltr'><strong>mortisiauctorem</strong></span> <span class='ocrx_word' id='word_1_68' title='bbox 1455 943 1470 969; x_wconf 90' lang='lat'><strong>,</strong></span> <span class='ocrx_word' id='word_1_69' title='bbox 1498 904 1649 972; x_wconf 89' lang='lat' dir='ltr'><strong>quasi</strong></span> <span class='ocrx_word' id='word_1_70' title='bbox 1675 903 1889 974; x_wconf 82' lang='lat' dir='ltr'><strong>ultionis</strong></span> <span class='ocrx_word' id='word_1_71' title='bbox 1908 901 2052 971; x_wconf 90' lang='lat' dir='ltr'><strong>judi-</strong></span> 
     </span>
    </p>
   </div>
   <div class='ocr_carea' id='block_1_10' title="bbox 478 973 2055 1042">
    <p class='ocr_par' dir='ltr' id='par_1_10' title="bbox 478 973 2055 1042">
     <span class='ocr_line' id='line_1_10' title="bbox 478 973 2055 1042; baseline -0.004 -12"><span class='ocrx_word' id='word_1_72' title='bbox 478 991 616 1030; x_wconf 88' lang='lat' dir='ltr'><strong>ccm.</strong></span> <span class='ocrx_word' id='word_1_73' title='bbox 665 973 865 1030; x_wconf 83' lang='lat' dir='ltr'><strong>Auctor</strong></span> <span class='ocrx_word' id='word_1_74' title='bbox 909 983 992 1030; x_wconf 88' lang='lat' dir='ltr'><strong>est</strong></span> <span class='ocrx_word' id='word_1_75' title='bbox 1036 973 1252 1042; x_wconf 87' lang='lat' dir='ltr'><strong>quidem</strong></span> <span class='ocrx_word' id='word_1_76' title='bbox 1290 975 1474 1026; x_wconf 91' lang='lat' dir='ltr'><strong>mortis</strong></span> <span class='ocrx_word' id='word_1_77' title='bbox 1524 989 1617 1042; x_wconf 86' lang='lat' dir='ltr'><strong>per</strong></span> <span class='ocrx_word' id='word_1_78' title='bbox 1663 973 2055 1041; x_wconf 82' lang='lat' dir='ltr'><strong>suggestionem</strong></span> 
     </span>
    </p>
   </div>
   <div class='ocr_carea' id='block_1_11' title="bbox 478 1042 2052 1116">
    <p class='ocr_par' dir='ltr' id='par_1_11' title="bbox 478 1042 2052 1116">
     <span class='ocr_line' id='line_1_11' title="bbox 478 1042 2052 1116; baseline -0.004 -16"><span class='ocrx_word' id='word_1_79' title='bbox 478 1047 683 1116; x_wconf 87' lang='lat' dir='ltr'><strong>peccati</strong></span> <span class='ocrx_word' id='word_1_80' title='bbox 715 1087 731 1111; x_wconf 91' lang='lat'><strong>,</strong></span> <span class='ocrx_word' id='word_1_81' title='bbox 756 1045 848 1100; x_wconf 92' lang='lat' dir='ltr'><strong>sed</strong></span> <span class='ocrx_word' id='word_1_82' title='bbox 877 1059 972 1113; x_wconf 82' lang='lat' dir='ltr'><strong>per</strong></span> <span class='ocrx_word' id='word_1_83' title='bbox 1000 1043 1289 1113; x_wconf 76' lang='lat' dir='ltr'><strong>potentiam</strong></span> <span class='ocrx_word' id='word_1_84' title='bbox 1314 1042 1679 1098; x_wconf 90' lang='lat' dir='ltr'><strong>retributionis</strong></span> <span class='ocrx_word' id='word_1_85' title='bbox 1701 1056 1808 1116; x_wconf 75' lang='lat' dir='ltr'><strong>nec</strong></span> <span class='ocrx_word' id='word_1_86' title='bbox 1827 1050 2012 1095; x_wconf 81' lang='lat' dir='ltr'><strong>auctor</strong></span> <span class='ocrx_word' id='word_1_87' title='bbox 2035 1081 2052 1107; x_wconf 91' lang='lat'><strong>,</strong></span> 
     </span>
    </p>
   </div>
   <div class='ocr_carea' id='block_1_12' title="bbox 479 1111 2056 1182">
    <p class='ocr_par' dir='ltr' id='par_1_12' title="bbox 479 1111 2056 1182">
     <span class='ocr_line' id='line_1_12' title="bbox 479 1111 2056 1182; baseline -0.003 -13"><span class='ocrx_word' id='word_1_88' title='bbox 479 1111 580 1170; x_wconf 77' lang='lat' dir='ltr'><strong>nec</strong></span> <span class='ocrx_word' id='word_1_89' title='bbox 607 1125 834 1170; x_wconf 84' lang='lat' dir='ltr'><strong>creator.</strong></span> <span class='ocrx_word' id='word_1_90' title='bbox 862 1111 956 1168; x_wconf 78' lang='lat' dir='ltr'><strong>Est</strong></span> <span class='ocrx_word' id='word_1_91' title='bbox 976 1111 1030 1169; x_wconf 82' lang='lat' dir='ltr'><strong>et</strong></span> <span class='ocrx_word' id='word_1_92' title='bbox 1054 1127 1329 1182; x_wconf 70' lang='lat' dir='ltr'><strong>poenarum</strong></span> <span class='ocrx_word' id='word_1_93' title='bbox 1350 1120 1530 1168; x_wconf 90' lang='lat' dir='ltr'><strong>custos</strong></span> <span class='ocrx_word' id='word_1_94' title='bbox 1551 1121 1607 1166; x_wconf 88' lang='lat' dir='ltr'><strong>et</strong></span> <span class='ocrx_word' id='word_1_95' title='bbox 1632 1111 1927 1182; x_wconf 79' lang='lat' dir='ltr'><strong>exbibitor;</strong></span> <span class='ocrx_word' id='word_1_96' title='bbox 1958 1124 2056 1182; x_wconf 78' lang='lat' dir='ltr'><strong>nec</strong></span> 
     </span>
    </p>
   </div>
   <div class='ocr_carea' id='block_1_13' title="bbox 483 1180 2056 1265">
    <p class='ocr_par' dir='ltr' id='par_1_13' title="bbox 483 1180 2056 1265">
     <span class='ocr_line' id='line_1_13' title="bbox 483 1180 2056 1265; baseline -0.003 -27"><span class='ocrx_word' id='word_1_97' title='bbox 483 1195 661 1265; x_wconf 75' lang='lat' dir='ltr'><strong>tamen</strong></span> <span class='ocrx_word' id='word_1_98' title='bbox 701 1200 766 1240; x_wconf 80' lang='lat' dir='ltr'><strong>ex</strong></span> <span class='ocrx_word' id='word_1_99' title='bbox 795 1184 1006 1254; x_wconf 80' lang='lat' dir='ltr'><strong>prepria</strong></span> <span class='ocrx_word' id='word_1_100' title='bbox 1038 1180 1270 1253; x_wconf 80' lang='lat' dir='ltr'><strong>potentia</strong></span> <span class='ocrx_word' id='word_1_101' title='bbox 1292 1223 1307 1249; x_wconf 91' lang='lat'><strong>,</strong></span> <span class='ocrx_word' id='word_1_102' title='bbox 1339 1182 1434 1238; x_wconf 89' lang='lat' dir='ltr'><strong>sed</strong></span> <span class='ocrx_word' id='word_1_103' title='bbox 1479 1197 1545 1237; x_wconf 81' lang='lat' dir='ltr'><strong>ex</strong></span> <span class='ocrx_word' id='word_1_104' title='bbox 1574 1181 1922 1237; x_wconf 86' lang='lat' dir='ltr'><strong>concessione</strong></span> <span class='ocrx_word' id='word_1_105' title='bbox 1973 1180 2056 1234; x_wconf 61' lang='lat' dir='ltr'><strong>dic</strong></span> 
     </span>
    </p>
   </div>
   <div class='ocr_carea' id='block_1_14' title="bbox 482 1269 622 1308">
    <p class='ocr_par' dir='ltr' id='par_1_14' title="bbox 482 1269 622 1308">
     <span class='ocr_line' id='line_1_14' title="bbox 482 1269 622 1308; baseline -0.007 0"><span class='ocrx_word' id='word_1_106' title='bbox 482 1269 622 1308; x_wconf 79' lang='lat' dir='ltr'><strong>vma.</strong></span> 
     </span>
    </p>
   </div>
   <div class='ocr_carea' id='block_1_15' title="bbox 554 1319 2058 1391">
    <p class='ocr_par' dir='ltr' id='par_1_15' title="bbox 554 1319 2058 1391">
     <span class='ocr_line' id='line_1_15' title="bbox 554 1319 2058 1391; baseline -0.003 -13"><span class='ocrx_word' id='word_1_107' title='bbox 554 1323 776 1378; x_wconf 80' lang='lat' dir='ltr'><strong>CAPUT</strong></span> <span class='ocrx_word' id='word_1_108' title='bbox 816 1321 880 1375; x_wconf 86' lang='lat' dir='ltr'><strong>V.</strong></span> <span class='ocrx_word' id='word_1_109' title='bbox 927 1352 1001 1364; x_wconf 92' lang='lat'><strong>—</strong></span> <span class='ocrx_word' id='word_1_110' title='bbox 1039 1322 1092 1377; x_wconf 87' lang='lat'><strong>6.</strong></span> <span class='ocrx_word' id='word_1_111' title='bbox 1125 1320 1229 1377; x_wconf 87' lang='lat' dir='ltr'><strong>Sed</strong></span> <span class='ocrx_word' id='word_1_112' title='bbox 1257 1322 1320 1375; x_wconf 90' lang='lat' dir='ltr'><strong>iis</strong></span> <span class='ocrx_word' id='word_1_113' title='bbox 1348 1336 1464 1391; x_wconf 69' lang='lat' dir='ltr'><strong>quae</strong></span> <span class='ocrx_word' id='word_1_114' title='bbox 1490 1319 1912 1391; x_wconf 71' lang='lat' dir='ltr'><strong>praeseripsimus</strong></span> <span class='ocrx_word' id='word_1_115' title='bbox 1939 1319 2058 1389; x_wconf 83' lang='lat' dir='ltr'><strong>qni-</strong></span> 
     </span>
    </p>
   </div>
   <div class='ocr_carea' id='block_1_16' title="bbox 484 1389 2057 1462">
    <p class='ocr_par' dir='ltr' id='par_1_16' title="bbox 484 1389 2057 1462">
     <span class='ocr_line' id='line_1_16' title="bbox 484 1389 2057 1462; baseline -0.001 -16"><span class='ocrx_word' id='word_1_116' title='bbox 484 1393 605 1447; x_wconf 87' lang='lat' dir='ltr'><strong>dam</strong></span> <span class='ocrx_word' id='word_1_117' title='bbox 631 1401 905 1462; x_wconf 91' lang='lat' dir='ltr'><strong>opponunt</strong></span> <span class='ocrx_word' id='word_1_118' title='bbox 934 1393 1072 1462; x_wconf 88' lang='lat' dir='ltr'><strong>quod</strong></span> <span class='ocrx_word' id='word_1_119' title='bbox 1107 1389 1511 1462; x_wconf 50' lang='lat' dir='ltr'><strong>scriptum&#39;est,</strong></span> <span class='ocrx_word' id='word_1_120' title='bbox 1546 1389 1763 1444; x_wconf 79' lang='lat' dir='ltr'><strong>Mortem</strong></span> <span class='ocrx_word' id='word_1_121' title='bbox 1793 1391 1928 1444; x_wconf 87' lang='lat' dir='ltr'><strong>Deus</strong></span> <span class='ocrx_word' id='word_1_122' title='bbox 1956 1406 2057 1444; x_wconf 83' lang='lat' dir='ltr'><strong>non</strong></span> 
     </span>
    </p>
   </div>
   <div class='ocr_carea' id='block_1_17' title="bbox 483 1461 2059 1534">
    <p class='ocr_par' dir='ltr' id='par_1_17' title="bbox 483 1461 2059 1534">
     <span class='ocr_line' id='line_1_17' title="bbox 483 1461 2059 1534; baseline -0.001 -18"><span class='ocrx_word' id='word_1_123' title='bbox 483 1463 600 1532; x_wconf 79' lang='lat' dir='ltr'><strong>fecit</strong></span> <span class='ocrx_word' id='word_1_124' title='bbox 637 1461 856 1534; x_wconf 72' lang='lat' dir='ltr'><strong>unquam</strong></span> <span class='ocrx_word' id='word_1_125' title='bbox 901 1461 1056 1534; x_wconf 87' lang='lat' dir='ltr'><strong>(Sap.</strong></span> <span class='ocrx_word' id='word_1_126' title='bbox 1098 1477 1146 1529; x_wconf 87' lang='grc' dir='ltr'><strong>ι,</strong></span> <span class='ocrx_word' id='word_1_127' title='bbox 1186 1461 1307 1534; x_wconf 59' lang='lat' dir='ltr'><strong>I5).</strong></span> <span class='ocrx_word' id='word_1_128' title='bbox 1339 1461 1542 1534; x_wconf 85' lang='lat' dir='ltr'><strong>Quibus</strong></span> <span class='ocrx_word' id='word_1_129' title='bbox 1583 1474 1686 1513; x_wconf 92' lang='lat' dir='ltr'><strong>non</strong></span> <span class='ocrx_word' id='word_1_130' title='bbox 1723 1461 1892 1534; x_wconf 66' lang='lat' dir='ltr'><strong>surda</strong></span> <span class='ocrx_word' id='word_1_131' title='bbox 1930 1475 2059 1514; x_wconf 89' lang='lat' dir='ltr'><strong>aure</strong></span> 
     </span>
    </p>
   </div>
   <div class='ocr_carea' id='block_1_18' title="bbox 488 1528 2059 1601">
    <p class='ocr_par' dir='ltr' id='par_1_18' title="bbox 488 1528 2059 1601">
     <span class='ocr_line' id='line_1_18' title="bbox 488 1528 2059 1601; baseline -0.001 -18"><span class='ocrx_word' id='word_1_132' title='bbox 488 1528 919 1601; x_wconf 66' lang='lat' dir='ltr'><strong>prmtereunduni</strong></span> <span class='ocrx_word' id='word_1_133' title='bbox 952 1528 1052 1594; x_wconf 77' lang='lat' dir='ltr'><strong>est,</strong></span> <span class='ocrx_word' id='word_1_134' title='bbox 1077 1528 1217 1601; x_wconf 86' lang='lat' dir='ltr'><strong>quod</strong></span> <span class='ocrx_word' id='word_1_135' title='bbox 1243 1528 1374 1584; x_wconf 87' lang='lat' dir='ltr'><strong>alias</strong></span> <span class='ocrx_word' id='word_1_136' title='bbox 1403 1531 1660 1599; x_wconf 90' lang='lat' dir='ltr'><strong>scriptum</strong></span> <span class='ocrx_word' id='word_1_137' title='bbox 1686 1539 1762 1584; x_wconf 91' lang='lat' dir='ltr'><strong>est</strong></span> <span class='ocrx_word' id='word_1_138' title='bbox 1785 1569 1800 1595; x_wconf 91' lang='lat'><strong>,</strong></span> <span class='ocrx_word' id='word_1_139' title='bbox 1840 1528 1989 1601; x_wconf 56' lang='lat' dir='ltr'><strong>dlors</strong></span> <span class='ocrx_word' id='word_1_140' title='bbox 2013 1538 2059 1582; x_wconf 85' lang='lat' dir='ltr'><strong>et</strong></span> 
     </span>
    </p>
   </div>
   <div class='ocr_carea' id='block_1_19' title="bbox 483 1599 2062 1673">
    <p class='ocr_par' dir='ltr' id='par_1_19' title="bbox 483 1599 2062 1673">
     <span class='ocr_line' id='line_1_19' title="bbox 483 1599 2062 1673; baseline -0.002 -18"><span class='ocrx_word' id='word_1_141' title='bbox 483 1599 583 1673; x_wconf 65' lang='lat' dir='ltr'><strong>uita</strong></span> <span class='ocrx_word' id='word_1_142' title='bbox 603 1620 632 1655; x_wconf 92' lang='lat' dir='ltr'><strong>a</strong></span> <span class='ocrx_word' id='word_1_143' title='bbox 649 1601 756 1655; x_wconf 90' lang='lat' dir='ltr'><strong>Deo</strong></span> <span class='ocrx_word' id='word_1_144' title='bbox 773 1612 844 1654; x_wconf 84' lang='lat' dir='ltr'><strong>est</strong></span> <span class='ocrx_word' id='word_1_145' title='bbox 876 1600 1058 1673; x_wconf 82' lang='lat' dir='ltr'><strong>(Eccli.</strong></span> <span class='ocrx_word' id='word_1_146' title='bbox 1084 1599 1160 1665; x_wconf 70' lang='lat' dir='ltr'><strong>it,</strong></span> <span class='ocrx_word' id='word_1_147' title='bbox 1183 1602 1294 1670; x_wconf 76' lang='grc' dir='ltr'><strong>Μ).</strong></span> <span class='ocrx_word' id='word_1_148' title='bbox 1325 1601 1774 1673; x_wconf 85' lang='lat' dir='ltr'><strong>Nam__opponenti</strong></span> <span class='ocrx_word' id='word_1_149' title='bbox 1797 1641 1813 1664; x_wconf 92' lang='lat'><strong>,</strong></span> <span class='ocrx_word' id='word_1_150' title='bbox 1847 1599 2062 1673; x_wconf 52' lang='lat' dir='ltr'><strong>{Iouem</strong></span> 
     </span>
    </p>
   </div>
   <div class='ocr_carea' id='block_1_20' title="bbox 483 1668 2059 1742">
    <p class='ocr_par' dir='ltr' id='par_1_20' title="bbox 483 1668 2059 1742">
     <span class='ocr_line' id='line_1_20' title="bbox 483 1668 2059 1742; baseline -0.003 -17"><span class='ocrx_word' id='word_1_151' title='bbox 483 1671 621 1742; x_wconf 69' lang='lat' dir='ltr'><strong>Deus</strong></span> <span class='ocrx_word' id='word_1_152' title='bbox 645 1688 743 1725; x_wconf 82' lang='lat' dir='ltr'><strong>non</strong></span> <span class='ocrx_word' id='word_1_153' title='bbox 769 1668 1118 1742; x_wconf 54' lang='lat' dir='ltr'><strong>[ecit&#39;unquum</strong></span> <span class='ocrx_word' id='word_1_154' title='bbox 1140 1713 1155 1742; x_wconf 91' lang='lat'><strong>,</strong></span> <span class='ocrx_word' id='word_1_155' title='bbox 1177 1668 1408 1742; x_wconf 74' lang='lat' dir='ltr'><strong>Oppono,</strong></span> <span class='ocrx_word' id='word_1_156' title='bbox 1434 1668 1574 1730; x_wconf 71' lang='lat' dir='ltr'><strong>Mors</strong></span> <span class='ocrx_word' id='word_1_157' title='bbox 1593 1679 1639 1723; x_wconf 81' lang='lat' dir='ltr'><strong>et</strong></span> <span class='ocrx_word' id='word_1_158' title='bbox 1663 1671 1816 1742; x_wconf 62' lang='lat' dir='ltr'><strong>vitae</strong></span> <span class='ocrx_word' id='word_1_159' title='bbox 1839 1668 1946 1726; x_wconf 70' lang='lat' dir='ltr'><strong>Deo</strong></span> <span class='ocrx_word' id='word_1_160' title='bbox 1967 1678 2059 1722; x_wconf 79' lang='lat' dir='ltr'><strong>est.</strong></span> 
     </span>
    </p>
   </div>
   <div class='ocr_carea' id='block_1_21' title="bbox 484 1738 2059 1811">
    <p class='ocr_par' dir='ltr' id='par_1_21' title="bbox 484 1738 2059 1811">
     <span class='ocr_line' id='line_1_21' title="bbox 484 1738 2059 1811; baseline -0.001 -17"><span class='ocrx_word' id='word_1_161' title='bbox 484 1740 581 1795; x_wconf 87' lang='lat' dir='ltr'><strong>llis</strong></span> <span class='ocrx_word' id='word_1_162' title='bbox 609 1738 802 1811; x_wconf 79' lang='lat' dir='ltr'><strong>quippe</strong></span> <span class='ocrx_word' id='word_1_163' title='bbox 829 1738 1328 1811; x_wconf 74' lang='lat' dir='ltr'><strong>apposuionibusin</strong></span> <span class='ocrx_word' id='word_1_164' title='bbox 1357 1740 1653 1793; x_wconf 82' lang='lat' dir='ltr'><strong>litteratura</strong></span> <span class='ocrx_word' id='word_1_165' title='bbox 1693 1739 1835 1811; x_wconf 87' lang='lat' dir='ltr'><strong>nulla</strong></span> <span class='ocrx_word' id='word_1_166' title='bbox 1869 1754 2059 1811; x_wconf 73' lang='lat' dir='ltr'><strong>recon-</strong></span> 
     </span>
    </p>
   </div>
   <div class='ocr_carea' id='block_1_22' title="bbox 484 1808 2061 1880">
    <p class='ocr_par' dir='ltr' id='par_1_22' title="bbox 484 1808 2061 1880">
     <span class='ocr_line' id='line_1_22' title="bbox 484 1808 2061 1880; baseline -0.001 -18"><span class='ocrx_word' id='word_1_167' title='bbox 484 1808 829 1875; x_wconf 41' lang='lat' dir='ltr'><strong>ciliatio—est,</strong></span> <span class='ocrx_word' id='word_1_168' title='bbox 862 1808 913 1864; x_wconf 82' lang='lat' dir='ltr'><strong>in</strong></span> <span class='ocrx_word' id='word_1_169' title='bbox 960 1810 1305 1879; x_wconf 80' lang='lat' dir='ltr'><strong>intelligentia</strong></span> <span class='ocrx_word' id='word_1_170' title='bbox 1339 1811 1482 1880; x_wconf 81' lang='lat' dir='ltr'><strong>nulla</strong></span> <span class='ocrx_word' id='word_1_171' title='bbox 1517 1810 1889 1880; x_wconf 58' lang='lat' dir='ltr'><strong>repignanu&#39;a.</strong></span> <span class='ocrx_word' id='word_1_172' title='bbox 1919 1808 2061 1880; x_wconf 68' lang='lat' dir='ltr'><strong>Mers</strong></span> 
     </span>
    </p>
   </div>
   <div class='ocr_carea' id='block_1_23' title="bbox 484 1879 2060 1948">
    <p class='ocr_par' dir='ltr' id='par_1_23' title="bbox 484 1879 2060 1948">
     <span class='ocr_line' id='line_1_23' title="bbox 484 1879 2060 1948; baseline -0.002 -14"><span class='ocrx_word' id='word_1_173' title='bbox 484 1882 626 1934; x_wconf 88' lang='lat' dir='ltr'><strong>enim</strong></span> <span class='ocrx_word' id='word_1_174' title='bbox 654 1881 790 1933; x_wconf 85' lang='lat' dir='ltr'><strong>sicut</strong></span> <span class='ocrx_word' id='word_1_175' title='bbox 814 1889 868 1934; x_wconf 91' lang='lat' dir='ltr'><strong>et</strong></span> <span class='ocrx_word' id='word_1_176' title='bbox 893 1881 992 1933; x_wconf 88' lang='lat' dir='ltr'><strong>vita</strong></span> <span class='ocrx_word' id='word_1_177' title='bbox 1014 1920 1028 1944; x_wconf 92' lang='lat'><strong>,</strong></span> <span class='ocrx_word' id='word_1_178' title='bbox 1054 1894 1159 1933; x_wconf 90' lang='lat' dir='ltr'><strong>non</strong></span> <span class='ocrx_word' id='word_1_179' title='bbox 1200 1882 1398 1933; x_wconf 71' lang='lat' dir='ltr'><strong>tantum</strong></span> <span class='ocrx_word' id='word_1_180' title='bbox 1430 1879 1720 1948; x_wconf 83' lang='lat' dir='ltr'><strong>dupliciter</strong></span> <span class='ocrx_word' id='word_1_181' title='bbox 1740 1920 1754 1944; x_wconf 91' lang='lat'><strong>,</strong></span> <span class='ocrx_word' id='word_1_182' title='bbox 1787 1879 1879 1932; x_wconf 89' lang='lat' dir='ltr'><strong>sed</strong></span> <span class='ocrx_word' id='word_1_183' title='bbox 1901 1879 2060 1932; x_wconf 83' lang='lat' dir='ltr'><strong>etiam</strong></span> 
     </span>
    </p>
   </div>
   <div class='ocr_carea' id='block_1_24' title="bbox 486 1948 2063 2018">
    <p class='ocr_par' dir='ltr' id='par_1_24' title="bbox 486 1948 2063 2018">
     <span class='ocr_line' id='line_1_24' title="bbox 486 1948 2063 2018; baseline 0.001 -16"><span class='ocrx_word' id='word_1_184' title='bbox 486 1949 760 2018; x_wconf 89' lang='lat' dir='ltr'><strong>tripliciter</strong></span> <span class='ocrx_word' id='word_1_185' title='bbox 799 1949 1017 2014; x_wconf 81' lang='lat' dir='ltr'><strong>intelligi</strong></span> <span class='ocrx_word' id='word_1_186' title='bbox 1052 1956 1248 2018; x_wconf 85' lang='lat' dir='ltr'><strong>potest.</strong></span> <span class='ocrx_word' id='word_1_187' title='bbox 1287 1949 1343 2003; x_wconf 92' lang='lat' dir='ltr'><strong>In</strong></span> <span class='ocrx_word' id='word_1_188' title='bbox 1370 1950 1540 2018; x_wconf 92' lang='lat' dir='ltr'><strong>primo</strong></span> <span class='ocrx_word' id='word_1_189' title='bbox 1583 1963 1810 2017; x_wconf 85' lang='lat' dir='ltr'><strong>namque</strong></span> <span class='ocrx_word' id='word_1_190' title='bbox 1848 1948 2063 2003; x_wconf 86' lang='lat' dir='ltr'><strong>homine</strong></span> 
     </span>
    </p>
   </div>
   <div class='ocr_carea' id='block_1_25' title="bbox 483 2018 2064 2073">
    <p class='ocr_par' dir='ltr' id='par_1_25' title="bbox 483 2018 2064 2073">
     <span class='ocr_line' id='line_1_25' title="bbox 483 2018 2064 2073; baseline 0 -1"><span class='ocrx_word' id='word_1_191' title='bbox 483 2029 537 2072; x_wconf 89' lang='lat' dir='ltr'><strong>et</strong></span> <span class='ocrx_word' id='word_1_192' title='bbox 564 2020 794 2072; x_wconf 89' lang='lat' dir='ltr'><strong>animam</strong></span> <span class='ocrx_word' id='word_1_193' title='bbox 825 2029 878 2072; x_wconf 92' lang='lat' dir='ltr'><strong>et</strong></span> <span class='ocrx_word' id='word_1_194' title='bbox 905 2034 1120 2072; x_wconf 89' lang='lat' dir='ltr'><strong>carnem</strong></span> <span class='ocrx_word' id='word_1_195' title='bbox 1149 2020 1284 2072; x_wconf 89' lang='lat' dir='ltr'><strong>Deus</strong></span> <span class='ocrx_word' id='word_1_196' title='bbox 1307 2019 1503 2073; x_wconf 85' lang='lat' dir='ltr'><strong>creavit</strong></span> <span class='ocrx_word' id='word_1_197' title='bbox 1525 2018 1900 2073; x_wconf 81' lang='lat' dir='ltr'><strong>immortalem.</strong></span> <span class='ocrx_word' id='word_1_198' title='bbox 1926 2019 2064 2073; x_wconf 81' lang='lat' dir='ltr'><strong>Ante</strong></span> 
     </span>
    </p>
   </div>
   <div class='ocr_carea' id='block_1_26' title="bbox 484 2088 2064 2159">
    <p class='ocr_par' dir='ltr' id='par_1_26' title="bbox 484 2088 2064 2159">
     <span class='ocr_line' id='line_1_26' title="bbox 484 2088 2064 2159; baseline -0.001 -17"><span class='ocrx_word' id='word_1_199' title='bbox 484 2097 761 2159; x_wconf 84' lang='lat' dir='ltr'><strong>peceatum</strong></span> <span class='ocrx_word' id='word_1_200' title='bbox 801 2103 928 2159; x_wconf 81' lang='lat' dir='ltr'><strong>ergo</strong></span> <span class='ocrx_word' id='word_1_201' title='bbox 956 2089 1089 2142; x_wconf 72' lang='lat' dir='ltr'><strong>vixit</strong></span> <span class='ocrx_word' id='word_1_202' title='bbox 1114 2089 1309 2159; x_wconf 90' lang='lat' dir='ltr'><strong>anima,</strong></span> <span class='ocrx_word' id='word_1_203' title='bbox 1335 2089 1464 2142; x_wconf 85' lang='lat' dir='ltr'><strong>vixit</strong></span> <span class='ocrx_word' id='word_1_204' title='bbox 1485 2103 1609 2142; x_wconf 91' lang='lat' dir='ltr'><strong>caro</strong></span> <span class='ocrx_word' id='word_1_205' title='bbox 1629 2129 1643 2154; x_wconf 90' lang='lat'><strong>,</strong></span> <span class='ocrx_word' id='word_1_206' title='bbox 1676 2105 1779 2142; x_wconf 90' lang='lat' dir='ltr'><strong>non</strong></span> <span class='ocrx_word' id='word_1_207' title='bbox 1801 2088 1902 2159; x_wconf 82' lang='lat' dir='ltr'><strong>sub</strong></span> <span class='ocrx_word' id='word_1_208' title='bbox 1931 2089 2064 2159; x_wconf 85' lang='lat' dir='ltr'><strong>inte-</strong></span> 
     </span>
    </p>
   </div>
   <div class='ocr_carea' id='block_1_27' title="bbox 474 2158 2066 2225">
    <p class='ocr_par' dir='ltr' id='par_1_27' title="bbox 474 2158 2066 2225">
     <span class='ocr_line' id='line_1_27' title="bbox 474 2158 2066 2225; baseline 0.001 -16"><span class='ocrx_word' id='word_1_209' title='bbox 474 2158 618 2212; x_wconf 88' lang='lat' dir='ltr'><strong>&#39;ritus</strong></span> <span class='ocrx_word' id='word_1_210' title='bbox 661 2158 883 2225; x_wconf 84' lang='lat' dir='ltr'><strong>timore,</strong></span> <span class='ocrx_word' id='word_1_211' title='bbox 912 2159 1007 2213; x_wconf 91' lang='lat' dir='ltr'><strong>sed</strong></span> <span class='ocrx_word' id='word_1_212' title='bbox 1053 2158 1151 2212; x_wconf 88' lang='lat' dir='ltr'><strong>sub</strong></span> <span class='ocrx_word' id='word_1_213' title='bbox 1182 2158 1595 2212; x_wconf 85' lang='lat' dir='ltr'><strong>immortalitatis</strong></span> <span class='ocrx_word' id='word_1_214' title='bbox 1630 2158 1955 2213; x_wconf 88' lang='lat' dir='ltr'><strong>conditione.</strong></span> <span class='ocrx_word' id='word_1_215' title='bbox 1996 2158 2066 2211; x_wconf 85' lang='lat' dir='ltr'><strong>At</strong></span> 
     </span>
    </p>
   </div>
   <div class='ocr_carea' id='block_1_28' title="bbox 483 2226 2063 2298">
    <p class='ocr_par' dir='ltr' id='par_1_28' title="bbox 483 2226 2063 2298">
     <span class='ocr_line' id='line_1_28' title="bbox 483 2226 2063 2298; baseline 0.001 -18"><span class='ocrx_word' id='word_1_216' title='bbox 483 2226 608 2281; x_wconf 90' lang='lat' dir='ltr'><strong>dum</strong></span> <span class='ocrx_word' id='word_1_217' title='bbox 635 2227 794 2283; x_wconf 86' lang='lat' dir='ltr'><strong>homo</strong></span> <span class='ocrx_word' id='word_1_218' title='bbox 819 2229 1071 2297; x_wconf 84' lang='lat' dir='ltr'><strong>peccavit,</strong></span> <span class='ocrx_word' id='word_1_219' title='bbox 1097 2228 1272 2282; x_wconf 88' lang='lat' dir='ltr'><strong>anima</strong></span> <span class='ocrx_word' id='word_1_220' title='bbox 1299 2229 1448 2282; x_wconf 91' lang='lat' dir='ltr'><strong>obiit.</strong></span> <span class='ocrx_word' id='word_1_221' title='bbox 1475 2229 1598 2283; x_wconf 87' lang='lat' dir='ltr'><strong>Haec</strong></span> <span class='ocrx_word' id='word_1_222' title='bbox 1623 2235 1706 2283; x_wconf 90' lang='lat' dir='ltr'><strong>est</strong></span> <span class='ocrx_word' id='word_1_223' title='bbox 1733 2243 1879 2282; x_wconf 90' lang='lat' dir='ltr'><strong>mors</strong></span> <span class='ocrx_word' id='word_1_224' title='bbox 1905 2242 2063 2298; x_wconf 88' lang='lat' dir='ltr'><strong>quam</strong></span> 
     </span>
    </p>
   </div>
   <div class='ocr_carea' id='block_1_29' title="bbox 1615 301 2596 361">
    <p class='ocr_par' dir='ltr' id='par_1_29' title="bbox 1615 301 2596 361">
     <span class='ocr_line' id='line_1_29' title="bbox 1615 301 2596 361; baseline -0.001 -3"><span class='ocrx_word' id='word_1_225' title='bbox 1615 301 2011 359; x_wconf 82' lang='lat' dir='ltr'><strong>APPENDICIS</strong></span> <span class='ocrx_word' id='word_1_226' title='bbox 2051 302 2225 358; x_wconf 79' lang='lat' dir='ltr'><strong>PARS</strong></span> <span class='ocrx_word' id='word_1_227' title='bbox 2261 303 2596 361; x_wconf 81' lang='lat' dir='ltr'><strong>SECUNDA.</strong></span> 
     </span>
    </p>
   </div>
   <div class='ocr_carea' id='block_1_30' title="bbox 3599 307 3741 364">
    <p class='ocr_par' dir='ltr' id='par_1_30' title="bbox 3599 307 3741 364">
     <span class='ocr_line' id='line_1_30' title="bbox 3599 307 3741 364; baseline 0 -1"><span class='ocrx_word' id='word_1_228' title='bbox 3599 307 3741 364; x_wconf 65' lang='lat'><strong>1880</strong></span> 
     </span>
    </p>
   </div>
   <div class='ocr_carea' id='block_1_31' title="bbox 2155 412 3734 484">
    <p class='ocr_par' dir='ltr' id='par_1_31' title="bbox 2155 412 3734 484">
     <span class='ocr_line' id='line_1_31' title="bbox 2155 412 3734 484; baseline 0.003 -16"><span class='ocrx_word' id='word_1_229' title='bbox 2155 414 2294 468; x_wconf 90' lang='lat' dir='ltr'><strong>Deus</strong></span> <span class='ocrx_word' id='word_1_230' title='bbox 2319 428 2421 468; x_wconf 90' lang='lat' dir='ltr'><strong>non</strong></span> <span class='ocrx_word' id='word_1_231' title='bbox 2449 415 2587 470; x_wconf 80' lang='lat' dir='ltr'><strong>fecit.</strong></span> <span class='ocrx_word' id='word_1_232' title='bbox 2618 412 2756 468; x_wconf 87' lang='lat' dir='ltr'><strong>Caro</strong></span> <span class='ocrx_word' id='word_1_233' title='bbox 2775 422 2951 469; x_wconf 89' lang='lat' dir='ltr'><strong>tamen</strong></span> <span class='ocrx_word' id='word_1_234' title='bbox 2971 412 3100 468; x_wconf 76' lang='lat' dir='ltr'><strong>vixit</strong></span> <span class='ocrx_word' id='word_1_235' title='bbox 3123 423 3244 484; x_wconf 86' lang='lat' dir='ltr'><strong>post</strong></span> <span class='ocrx_word' id='word_1_236' title='bbox 3264 423 3492 468; x_wconf 84' lang='lat' dir='ltr'><strong>mortem</strong></span> <span class='ocrx_word' id='word_1_237' title='bbox 3512 417 3734 478; x_wconf 72' lang='lat' dir='ltr'><strong>animae.</strong></span> 
     </span>
    </p>
   </div>
   <div class='ocr_carea' id='block_1_32' title="bbox 2153 483 3739 554">
    <p class='ocr_par' dir='ltr' id='par_1_32' title="bbox 2153 483 3739 554">
     <span class='ocr_line' id='line_1_32' title="bbox 2153 483 3739 554; baseline 0.001 -16"><span class='ocrx_word' id='word_1_238' title='bbox 2153 484 2248 538; x_wconf 90' lang='lat' dir='ltr'><strong>sed</strong></span> <span class='ocrx_word' id='word_1_239' title='bbox 2275 485 2374 538; x_wconf 88' lang='lat' dir='ltr'><strong>sub</strong></span> <span class='ocrx_word' id='word_1_240' title='bbox 2401 485 2585 539; x_wconf 87' lang='lat' dir='ltr'><strong>mortis</strong></span> <span class='ocrx_word' id='word_1_241' title='bbox 2607 485 3020 554; x_wconf 79' lang='lat' dir='ltr'><strong>exspectatione.</strong></span> <span class='ocrx_word' id='word_1_242' title='bbox 3050 483 3192 538; x_wconf 80' lang='lat' dir='ltr'><strong>Mors</strong></span> <span class='ocrx_word' id='word_1_243' title='bbox 3218 499 3347 553; x_wconf 83' lang='lat' dir='ltr'><strong>ergo</strong></span> <span class='ocrx_word' id='word_1_244' title='bbox 3371 484 3587 551; x_wconf 67' lang='lat' dir='ltr'><strong>animai,</strong></span> <span class='ocrx_word' id='word_1_245' title='bbox 3612 502 3739 552; x_wconf 58' lang='lat' dir='ltr'><strong>pec-</strong></span> 
     </span>
    </p>
   </div>
   <div class='ocr_carea' id='block_1_33' title="bbox 2155 554 3738 620">
    <p class='ocr_par' dir='ltr' id='par_1_33' title="bbox 2155 554 3738 620">
     <span class='ocr_line' id='line_1_33' title="bbox 2155 554 3738 620; baseline 0.001 -12"><span class='ocrx_word' id='word_1_246' title='bbox 2155 564 2330 608; x_wconf 89' lang='lat' dir='ltr'><strong>catum</strong></span> <span class='ocrx_word' id='word_1_247' title='bbox 2355 571 2369 620; x_wconf 91' lang='lat'><strong>;</strong></span> <span class='ocrx_word' id='word_1_248' title='bbox 2399 569 2542 608; x_wconf 90' lang='lat' dir='ltr'><strong>mors</strong></span> <span class='ocrx_word' id='word_1_249' title='bbox 2589 555 2766 608; x_wconf 91' lang='lat' dir='ltr'><strong>carnis</strong></span> <span class='ocrx_word' id='word_1_250' title='bbox 2789 595 2802 616; x_wconf 89' lang='lat'><strong>,</strong></span> <span class='ocrx_word' id='word_1_251' title='bbox 2825 554 3102 608; x_wconf 88' lang='lat' dir='ltr'><strong>dissolutio</strong></span> <span class='ocrx_word' id='word_1_252' title='bbox 3129 555 3553 618; x_wconf 84' lang='lat' dir='ltr'><strong>elementorum;</strong></span> <span class='ocrx_word' id='word_1_253' title='bbox 3584 571 3738 612; x_wconf 86' lang='lat' dir='ltr'><strong>mors</strong></span> 
     </span>
    </p>
   </div>
   <div class='ocr_carea' id='block_1_34' title="bbox 2155 623 3741 694">
    <p class='ocr_par' dir='ltr' id='par_1_34' title="bbox 2155 623 3741 694">
     <span class='ocr_line' id='line_1_34' title="bbox 2155 623 3741 694; baseline 0.003 -18"><span class='ocrx_word' id='word_1_254' title='bbox 2155 625 2346 678; x_wconf 63' lang='lat' dir='ltr'><strong>animae</strong></span> <span class='ocrx_word' id='word_1_255' title='bbox 2376 634 2426 679; x_wconf 91' lang='lat' dir='ltr'><strong>et</strong></span> <span class='ocrx_word' id='word_1_256' title='bbox 2450 625 2646 690; x_wconf 90' lang='lat' dir='ltr'><strong>carnis,</strong></span> <span class='ocrx_word' id='word_1_257' title='bbox 2669 638 2826 694; x_wconf 57' lang='lat' dir='ltr'><strong>paena</strong></span> <span class='ocrx_word' id='word_1_258' title='bbox 2855 623 3147 678; x_wconf 79' lang='lat' dir='ltr'><strong>infernalis.</strong></span> <span class='ocrx_word' id='word_1_259' title='bbox 3178 623 3266 694; x_wconf 86' lang='lat' dir='ltr'><strong>Sic</strong></span> <span class='ocrx_word' id='word_1_260' title='bbox 3293 631 3348 678; x_wconf 90' lang='lat' dir='ltr'><strong>et</strong></span> <span class='ocrx_word' id='word_1_261' title='bbox 3373 625 3501 688; x_wconf 85' lang='lat' dir='ltr'><strong>vita,</strong></span> <span class='ocrx_word' id='word_1_262' title='bbox 3525 624 3626 678; x_wconf 88' lang='lat' dir='ltr'><strong>alta</strong></span> <span class='ocrx_word' id='word_1_263' title='bbox 3650 636 3741 680; x_wconf 86' lang='lat' dir='ltr'><strong>est</strong></span> 
     </span>
    </p>
   </div>
   <div class='ocr_carea' id='block_1_35' title="bbox 2155 693 3740 763">
    <p class='ocr_par' dir='ltr' id='par_1_35' title="bbox 2155 693 3740 763">
     <span class='ocr_line' id='line_1_35' title="bbox 2155 693 3740 763; baseline -0.001 -16"><span class='ocrx_word' id='word_1_264' title='bbox 2155 694 2331 747; x_wconf 88' lang='lat' dir='ltr'><strong>carnis</strong></span> <span class='ocrx_word' id='word_1_265' title='bbox 2359 704 2413 748; x_wconf 91' lang='lat' dir='ltr'><strong>et</strong></span> <span class='ocrx_word' id='word_1_266' title='bbox 2440 695 2631 747; x_wconf 76' lang='lat' dir='ltr'><strong>anima:</strong></span> <span class='ocrx_word' id='word_1_267' title='bbox 2657 693 2782 748; x_wconf 83' lang='lat' dir='ltr'><strong>ante</strong></span> <span class='ocrx_word' id='word_1_268' title='bbox 2808 705 3080 762; x_wconf 88' lang='lat' dir='ltr'><strong>peccatum</strong></span> <span class='ocrx_word' id='word_1_269' title='bbox 3102 734 3117 754; x_wconf 85' lang='lat'><strong>,</strong></span> <span class='ocrx_word' id='word_1_270' title='bbox 3145 693 3248 748; x_wconf 88' lang='lat' dir='ltr'><strong>alia</strong></span> <span class='ocrx_word' id='word_1_271' title='bbox 3269 694 3447 746; x_wconf 81' lang='lat' dir='ltr'><strong>carnis</strong></span> <span class='ocrx_word' id='word_1_272' title='bbox 3469 703 3587 762; x_wconf 88' lang='lat' dir='ltr'><strong>post</strong></span> <span class='ocrx_word' id='word_1_273' title='bbox 3613 711 3740 763; x_wconf 83' lang='lat' dir='ltr'><strong>pec-</strong></span> 
     </span>
    </p>
   </div>
   <div class='ocr_carea' id='block_1_36' title="bbox 2156 763 3743 832">
    <p class='ocr_par' dir='ltr' id='par_1_36' title="bbox 2156 763 3743 832">
     <span class='ocr_line' id='line_1_36' title="bbox 2156 763 3743 832; baseline 0.001 -15"><span class='ocrx_word' id='word_1_274' title='bbox 2156 773 2331 817; x_wconf 92' lang='lat' dir='ltr'><strong>catum</strong></span> <span class='ocrx_word' id='word_1_275' title='bbox 2349 805 2364 828; x_wconf 90' lang='lat'><strong>,</strong></span> <span class='ocrx_word' id='word_1_276' title='bbox 2386 764 2488 817; x_wconf 91' lang='lat' dir='ltr'><strong>alia</strong></span> <span class='ocrx_word' id='word_1_277' title='bbox 2515 765 2707 817; x_wconf 68' lang='lat' dir='ltr'><strong>animae</strong></span> <span class='ocrx_word' id='word_1_278' title='bbox 2735 773 2790 818; x_wconf 91' lang='lat' dir='ltr'><strong>et</strong></span> <span class='ocrx_word' id='word_1_279' title='bbox 2827 765 3002 818; x_wconf 89' lang='lat' dir='ltr'><strong>carnis</strong></span> <span class='ocrx_word' id='word_1_280' title='bbox 3031 772 3149 832; x_wconf 90' lang='lat' dir='ltr'><strong>post</strong></span> <span class='ocrx_word' id='word_1_281' title='bbox 3189 763 3591 818; x_wconf 87' lang='lat' dir='ltr'><strong>dissolutionem</strong></span> <span class='ocrx_word' id='word_1_282' title='bbox 3625 767 3743 819; x_wconf 86' lang='lat' dir='ltr'><strong>cle-</strong></span> 
     </span>
    </p>
   </div>
   <div class='ocr_carea' id='block_1_37' title="bbox 2159 833 3745 903">
    <p class='ocr_par' dir='ltr' id='par_1_37' title="bbox 2159 833 3745 903">
     <span class='ocr_line' id='line_1_37' title="bbox 2159 833 3745 903; baseline 0.001 -16"><span class='ocrx_word' id='word_1_283' title='bbox 2159 843 2478 887; x_wconf 89' lang='lat' dir='ltr'><strong>mentorum.</strong></span> <span class='ocrx_word' id='word_1_284' title='bbox 2527 834 2643 888; x_wconf 85' lang='lat' dir='ltr'><strong>Vita</strong></span> <span class='ocrx_word' id='word_1_285' title='bbox 2684 833 3114 903; x_wconf 86' lang='lat' dir='ltr'><strong>quidemomnis</strong></span> <span class='ocrx_word' id='word_1_286' title='bbox 3150 847 3181 886; x_wconf 91' lang='lat' dir='ltr'><strong>a</strong></span> <span class='ocrx_word' id='word_1_287' title='bbox 3208 833 3316 887; x_wconf 89' lang='lat' dir='ltr'><strong>Deo</strong></span> <span class='ocrx_word' id='word_1_288' title='bbox 3359 840 3472 896; x_wconf 87' lang='lat' dir='ltr'><strong>est;</strong></span> <span class='ocrx_word' id='word_1_289' title='bbox 3498 836 3637 887; x_wconf 88' lang='lat' dir='ltr'><strong>sicut</strong></span> <span class='ocrx_word' id='word_1_290' title='bbox 3685 843 3745 888; x_wconf 87' lang='lat' dir='ltr'><strong>et</strong></span> 
     </span>
    </p>
   </div>
   <div class='ocr_carea' id='block_1_38' title="bbox 2160 902 3744 972">
    <p class='ocr_par' dir='ltr' id='par_1_38' title="bbox 2160 902 3744 972">
     <span class='ocr_line' id='line_1_38' title="bbox 2160 902 3744 972; baseline 0.001 -16"><span class='ocrx_word' id='word_1_291' title='bbox 2160 917 2304 958; x_wconf 87' lang='lat' dir='ltr'><strong>mors</strong></span> <span class='ocrx_word' id='word_1_292' title='bbox 2346 903 2522 957; x_wconf 85' lang='lat' dir='ltr'><strong>carnis</strong></span> <span class='ocrx_word' id='word_1_293' title='bbox 2547 945 2563 969; x_wconf 93' lang='lat'><strong>,</strong></span> <span class='ocrx_word' id='word_1_294' title='bbox 2601 902 2718 972; x_wconf 66' lang='lat' dir='ltr'><strong>quae</strong></span> <span class='ocrx_word' id='word_1_295' title='bbox 2768 913 2852 958; x_wconf 89' lang='lat' dir='ltr'><strong>est</strong></span> <span class='ocrx_word' id='word_1_296' title='bbox 2889 902 3171 957; x_wconf 88' lang='lat' dir='ltr'><strong>dissolutio</strong></span> <span class='ocrx_word' id='word_1_297' title='bbox 3215 903 3636 964; x_wconf 83' lang='lat' dir='ltr'><strong>elementorum;</strong></span> <span class='ocrx_word' id='word_1_298' title='bbox 3686 914 3744 958; x_wconf 90' lang='lat' dir='ltr'><strong>et</strong></span> 
     </span>
    </p>
   </div>
   <div class='ocr_carea' id='block_1_39' title="bbox 2159 972 3745 1041">
    <p class='ocr_par' dir='ltr' id='par_1_39' title="bbox 2159 972 3745 1041">
     <span class='ocr_line' id='line_1_39' title="bbox 2159 972 3745 1041; baseline 0 -14"><span class='ocrx_word' id='word_1_299' title='bbox 2159 986 2302 1027; x_wconf 88' lang='lat' dir='ltr'><strong>mors</strong></span> <span class='ocrx_word' id='word_1_300' title='bbox 2328 973 2518 1027; x_wconf 66' lang='lat' dir='ltr'><strong>animae</strong></span> <span class='ocrx_word' id='word_1_301' title='bbox 2539 982 2592 1026; x_wconf 92' lang='lat' dir='ltr'><strong>et</strong></span> <span class='ocrx_word' id='word_1_302' title='bbox 2612 973 2808 1037; x_wconf 88' lang='lat' dir='ltr'><strong>carnis,</strong></span> <span class='ocrx_word' id='word_1_303' title='bbox 2840 989 2955 1041; x_wconf 71' lang='lat' dir='ltr'><strong>qutn</strong></span> <span class='ocrx_word' id='word_1_304' title='bbox 2981 981 3064 1028; x_wconf 93' lang='lat' dir='ltr'><strong>est</strong></span> <span class='ocrx_word' id='word_1_305' title='bbox 3091 972 3220 1026; x_wconf 89' lang='lat' dir='ltr'><strong>ultio</strong></span> <span class='ocrx_word' id='word_1_306' title='bbox 3244 972 3572 1026; x_wconf 78' lang='lat' dir='ltr'><strong>oll‘ensionis.</strong></span> <span class='ocrx_word' id='word_1_307' title='bbox 3599 973 3745 1027; x_wconf 74' lang='lat' dir='ltr'><strong>Ilur-</strong></span> 
     </span>
    </p>
   </div>
   <div class='ocr_carea' id='block_1_40' title="bbox 2161 1041 3744 1112">
    <p class='ocr_par' dir='ltr' id='par_1_40' title="bbox 2161 1041 3744 1112">
     <span class='ocr_line' id='line_1_40' title="bbox 2161 1041 3744 1112; baseline 0.001 -16"><span class='ocrx_word' id='word_1_308' title='bbox 2161 1050 2266 1097; x_wconf 88' lang='lat' dir='ltr'><strong>tem</strong></span> <span class='ocrx_word' id='word_1_309' title='bbox 2296 1052 2472 1096; x_wconf 89' lang='lat' dir='ltr'><strong>autem</strong></span> <span class='ocrx_word' id='word_1_310' title='bbox 2493 1042 2703 1112; x_wconf 67' lang='lat' dir='ltr'><strong>animae,</strong></span> <span class='ocrx_word' id='word_1_311' title='bbox 2735 1057 2854 1112; x_wconf 64' lang='lat' dir='ltr'><strong>quae</strong></span> <span class='ocrx_word' id='word_1_312' title='bbox 2883 1051 2963 1096; x_wconf 90' lang='lat' dir='ltr'><strong>est</strong></span> <span class='ocrx_word' id='word_1_313' title='bbox 2990 1052 3305 1096; x_wconf 79' lang='lat' dir='ltr'><strong>cznterarum</strong></span> <span class='ocrx_word' id='word_1_314' title='bbox 3336 1041 3655 1110; x_wconf 87' lang='lat' dir='ltr'><strong>principium</strong></span> <span class='ocrx_word' id='word_1_315' title='bbox 3686 1055 3744 1097; x_wconf 89' lang='lat' dir='ltr'><strong>et</strong></span> 
     </span>
    </p>
   </div>
   <div class='ocr_carea' id='block_1_41' title="bbox 2159 1111 3743 1181">
    <p class='ocr_par' dir='ltr' id='par_1_41' title="bbox 2159 1111 3743 1181">
     <span class='ocr_line' id='line_1_41' title="bbox 2159 1111 3743 1181; baseline -0.001 -15"><span class='ocrx_word' id='word_1_316' title='bbox 2159 1127 2340 1175; x_wconf 90' lang='lat' dir='ltr'><strong>causa,</strong></span> <span class='ocrx_word' id='word_1_317' title='bbox 2373 1127 2640 1178; x_wconf 84' lang='lat' dir='ltr'><strong>nunquam</strong></span> <span class='ocrx_word' id='word_1_318' title='bbox 2675 1111 2798 1166; x_wconf 79' lang='lat' dir='ltr'><strong>fecit</strong></span> <span class='ocrx_word' id='word_1_319' title='bbox 2828 1113 2968 1167; x_wconf 87' lang='lat' dir='ltr'><strong>Deus</strong></span> <span class='ocrx_word' id='word_1_320' title='bbox 2998 1129 3012 1166; x_wconf 91' lang='lat'><strong>:</strong></span> <span class='ocrx_word' id='word_1_321' title='bbox 3044 1113 3165 1181; x_wconf 89' lang='lat' dir='ltr'><strong>quia</strong></span> <span class='ocrx_word' id='word_1_322' title='bbox 3193 1112 3452 1181; x_wconf 87' lang='lat' dir='ltr'><strong>scriptum</strong></span> <span class='ocrx_word' id='word_1_323' title='bbox 3475 1123 3558 1166; x_wconf 90' lang='lat' dir='ltr'><strong>est</strong></span> <span class='ocrx_word' id='word_1_324' title='bbox 3584 1152 3600 1176; x_wconf 89' lang='lat'><strong>,</strong></span> <span class='ocrx_word' id='word_1_325' title='bbox 3635 1112 3743 1176; x_wconf 73' lang='lat' dir='ltr'><strong>Qui</strong></span> 
     </span>
    </p>
   </div>
   <div class='ocr_carea' id='block_1_42' title="bbox 2161 1181 3743 1254">
    <p class='ocr_par' dir='ltr' id='par_1_42' title="bbox 2161 1181 3743 1254">
     <span class='ocr_line' id='line_1_42' title="bbox 2161 1181 3743 1254; baseline -0.001 -19"><span class='ocrx_word' id='word_1_326' title='bbox 2161 1191 2418 1254; x_wconf 80' lang='lat' dir='ltr'><strong>peccatum</strong></span> <span class='ocrx_word' id='word_1_327' title='bbox 2445 1182 2680 1254; x_wconf 73' lang='lat' dir='ltr'><strong>noufecit</strong></span> <span class='ocrx_word' id='word_1_328' title='bbox 2707 1182 2750 1254; x_wconf 89' lang='grc' dir='ltr'><strong>(ι</strong></span> <span class='ocrx_word' id='word_1_329' title='bbox 2777 1181 2920 1235; x_wconf 88' lang='lat' dir='ltr'><strong>Petr.</strong></span> <span class='ocrx_word' id='word_1_330' title='bbox 2944 1198 3001 1247; x_wconf 87' lang='grc' dir='ltr'><strong>ιι,</strong></span> <span class='ocrx_word' id='word_1_331' title='bbox 3028 1181 3142 1251; x_wconf 73' lang='grc'><strong>22).</strong></span> <span class='ocrx_word' id='word_1_332' title='bbox 3168 1181 3285 1254; x_wconf 74' lang='lat' dir='ltr'><strong>Sed</strong></span> <span class='ocrx_word' id='word_1_333' title='bbox 3298 1191 3526 1254; x_wconf 71' lang='lat' dir='ltr'><strong>nionem</strong></span> <span class='ocrx_word' id='word_1_334' title='bbox 3543 1185 3743 1235; x_wconf 70' lang='lat' dir='ltr'><strong>anima:</strong></span> 
     </span>
    </p>
   </div>
   <div class='ocr_carea' id='block_1_43' title="bbox 2161 1250 3744 1320">
    <p class='ocr_par' dir='ltr' id='par_1_43' title="bbox 2161 1250 3744 1320">
     <span class='ocr_line' id='line_1_43' title="bbox 2161 1250 3744 1320; baseline -0.001 -14"><span class='ocrx_word' id='word_1_335' title='bbox 2161 1250 2267 1306; x_wconf 83' lang='lat' dir='ltr'><strong>non</strong></span> <span class='ocrx_word' id='word_1_336' title='bbox 2296 1252 2376 1306; x_wconf 90' lang='lat' dir='ltr'><strong>sic</strong></span> <span class='ocrx_word' id='word_1_337' title='bbox 2402 1250 2676 1320; x_wconf 77' lang='lat' dir='ltr'><strong>intelligas,</strong></span> <span class='ocrx_word' id='word_1_338' title='bbox 2713 1250 2769 1305; x_wconf 80' lang='lat' dir='ltr'><strong>ut</strong></span> <span class='ocrx_word' id='word_1_339' title='bbox 2789 1259 3014 1306; x_wconf 87' lang='lat' dir='ltr'><strong>mortem</strong></span> <span class='ocrx_word' id='word_1_340' title='bbox 3045 1250 3236 1306; x_wconf 88' lang='lat' dir='ltr'><strong>carnis.</strong></span> <span class='ocrx_word' id='word_1_341' title='bbox 3267 1250 3488 1304; x_wconf 84' lang='lat' dir='ltr'><strong>Moritur</strong></span> <span class='ocrx_word' id='word_1_342' title='bbox 3506 1267 3744 1320; x_wconf 87' lang='lat' dir='ltr'><strong>namque</strong></span> 
     </span>
    </p>
   </div>
   <div class='ocr_carea' id='block_1_44' title="bbox 2162 1320 3744 1391">
    <p class='ocr_par' dir='ltr' id='par_1_44' title="bbox 2162 1320 3744 1391">
     <span class='ocr_line' id='line_1_44' title="bbox 2162 1320 3744 1391; baseline -0.001 -16"><span class='ocrx_word' id='word_1_343' title='bbox 2162 1336 2288 1375; x_wconf 89' lang='lat' dir='ltr'><strong>caro</strong></span> <span class='ocrx_word' id='word_1_344' title='bbox 2308 1363 2323 1386; x_wconf 90' lang='lat'><strong>,</strong></span> <span class='ocrx_word' id='word_1_345' title='bbox 2352 1321 2668 1376; x_wconf 81' lang='lat' dir='ltr'><strong>solutionem</strong></span> <span class='ocrx_word' id='word_1_346' title='bbox 2691 1323 2769 1375; x_wconf 90' lang='lat' dir='ltr'><strong>sui</strong></span> <span class='ocrx_word' id='word_1_347' title='bbox 2793 1320 3042 1391; x_wconf 85' lang='lat' dir='ltr'><strong>patiendo</strong></span> <span class='ocrx_word' id='word_1_348' title='bbox 3070 1339 3084 1376; x_wconf 88' lang='lat'><strong>:</strong></span> <span class='ocrx_word' id='word_1_349' title='bbox 3111 1321 3336 1376; x_wconf 88' lang='lat' dir='ltr'><strong>moritur</strong></span> <span class='ocrx_word' id='word_1_350' title='bbox 3357 1329 3533 1376; x_wconf 89' lang='lat' dir='ltr'><strong>autem</strong></span> <span class='ocrx_word' id='word_1_351' title='bbox 3559 1323 3744 1375; x_wconf 82' lang='lat' dir='ltr'><strong>anima</strong></span> 
     </span>
    </p>
   </div>
   <div class='ocr_carea' id='block_1_45' title="bbox 2161 1391 3004 1457">
    <p class='ocr_par' dir='ltr' id='par_1_45' title="bbox 2161 1391 3004 1457">
     <span class='ocr_line' id='line_1_45' title="bbox 2161 1391 3004 1457; baseline -0.004 -11"><span class='ocrx_word' id='word_1_352' title='bbox 2161 1406 2267 1446; x_wconf 93' lang='lat' dir='ltr'><strong>non</strong></span> <span class='ocrx_word' id='word_1_353' title='bbox 2297 1392 2394 1457; x_wconf 91' lang='lat' dir='ltr'><strong>sic,</strong></span> <span class='ocrx_word' id='word_1_354' title='bbox 2425 1391 2516 1446; x_wconf 92' lang='lat' dir='ltr'><strong>sed</strong></span> <span class='ocrx_word' id='word_1_355' title='bbox 2545 1391 2706 1445; x_wconf 85' lang='lat' dir='ltr'><strong>vitam</strong></span> <span class='ocrx_word' id='word_1_356' title='bbox 2732 1391 3004 1444; x_wconf 89' lang='lat' dir='ltr'><strong>mutando.</strong></span> 
     </span>
    </p>
   </div>
   <div class='ocr_carea' id='block_1_46' title="bbox 2234 1459 3745 1531">
    <p class='ocr_par' dir='ltr' id='par_1_46' title="bbox 2234 1459 3745 1531">
     <span class='ocr_line' id='line_1_46' title="bbox 2234 1459 3745 1531; baseline -0.001 -16"><span class='ocrx_word' id='word_1_357' title='bbox 2234 1462 2292 1531; x_wconf 79' lang='lat'><strong>7.</strong></span> <span class='ocrx_word' id='word_1_358' title='bbox 2314 1461 2427 1516; x_wconf 84' lang='lat' dir='ltr'><strong>Jam</strong></span> <span class='ocrx_word' id='word_1_359' title='bbox 2446 1477 2572 1531; x_wconf 68' lang='lat' dir='ltr'><strong>qusi</strong></span> <span class='ocrx_word' id='word_1_360' title='bbox 2597 1462 2707 1516; x_wconf 89' lang='lat' dir='ltr'><strong>sint</strong></span> <span class='ocrx_word' id='word_1_361' title='bbox 2735 1459 3226 1531; x_wconf 70' lang='lat' dir='ltr'><strong>prmdestinaliones</strong></span> <span class='ocrx_word' id='word_1_362' title='bbox 3251 1459 3591 1530; x_wconf 79' lang='lat' dir='ltr'><strong>alligationis,</strong></span> <span class='ocrx_word' id='word_1_363' title='bbox 3617 1475 3745 1528; x_wconf 73' lang='lat' dir='ltr'><strong>qure</strong></span> 
     </span>
    </p>
   </div>
   <div class='ocr_carea' id='block_1_47' title="bbox 2163 1530 3746 1597">
    <p class='ocr_par' dir='ltr' id='par_1_47' title="bbox 2163 1530 3746 1597">
     <span class='ocr_line' id='line_1_47' title="bbox 2163 1530 3746 1597; baseline -0.003 -10"><span class='ocrx_word' id='word_1_364' title='bbox 2163 1530 2516 1594; x_wconf 86' lang='lat' dir='ltr'><strong>conditionis;</strong></span> <span class='ocrx_word' id='word_1_365' title='bbox 2543 1531 2702 1596; x_wconf 86' lang='lat' dir='ltr'><strong>satis,</strong></span> <span class='ocrx_word' id='word_1_366' title='bbox 2733 1540 2789 1585; x_wconf 87' lang='lat' dir='ltr'><strong>ut</strong></span> <span class='ocrx_word' id='word_1_367' title='bbox 2833 1546 2980 1597; x_wconf 87' lang='lat' dir='ltr'><strong>reor,</strong></span> <span class='ocrx_word' id='word_1_368' title='bbox 3011 1530 3324 1586; x_wconf 78' lang='lat' dir='ltr'><strong>dictumest</strong></span> <span class='ocrx_word' id='word_1_369' title='bbox 3361 1549 3373 1583; x_wconf 94' lang='lat'><strong>:</strong></span> <span class='ocrx_word' id='word_1_370' title='bbox 3412 1531 3506 1584; x_wconf 88' lang='lat' dir='ltr'><strong>sed</strong></span> <span class='ocrx_word' id='word_1_371' title='bbox 3554 1545 3746 1584; x_wconf 86' lang='lat' dir='ltr'><strong>earum</strong></span> 
     </span>
    </p>
   </div>
   <div class='ocr_carea' id='block_1_48' title="bbox 2163 1600 3746 1671">
    <p class='ocr_par' dir='ltr' id='par_1_48' title="bbox 2163 1600 3746 1671">
     <span class='ocr_line' id='line_1_48' title="bbox 2163 1600 3746 1671; baseline -0.003 -14"><span class='ocrx_word' id='word_1_372' title='bbox 2163 1617 2281 1671; x_wconf 67' lang='lat' dir='ltr'><strong>qum</strong></span> <span class='ocrx_word' id='word_1_373' title='bbox 2300 1601 2623 1657; x_wconf 80' lang='lat' dir='ltr'><strong>conditionis</strong></span> <span class='ocrx_word' id='word_1_374' title='bbox 2665 1611 2787 1657; x_wconf 80' lang='lat' dir='ltr'><strong>sunt</strong></span> <span class='ocrx_word' id='word_1_375' title='bbox 2811 1643 2827 1667; x_wconf 91' lang='lat'><strong>,</strong></span> <span class='ocrx_word' id='word_1_376' title='bbox 2853 1601 2974 1656; x_wconf 80' lang='lat' dir='ltr'><strong>aliae</strong></span> <span class='ocrx_word' id='word_1_377' title='bbox 3007 1601 3074 1671; x_wconf 84' lang='lat' dir='ltr'><strong>ad</strong></span> <span class='ocrx_word' id='word_1_378' title='bbox 3102 1600 3349 1670; x_wconf 77' lang='lat' dir='ltr'><strong>gloriam,</strong></span> <span class='ocrx_word' id='word_1_379' title='bbox 3377 1601 3495 1671; x_wconf 72' lang='lat' dir='ltr'><strong>alize</strong></span> <span class='ocrx_word' id='word_1_380' title='bbox 3516 1600 3584 1653; x_wconf 91' lang='lat' dir='ltr'><strong>ad</strong></span> <span class='ocrx_word' id='word_1_381' title='bbox 3623 1616 3746 1669; x_wconf 73' lang='lat' dir='ltr'><strong>pa:-</strong></span> 
     </span>
    </p>
   </div>
   <div class='ocr_carea' id='block_1_49' title="bbox 2163 1670 3752 1740">
    <p class='ocr_par' dir='ltr' id='par_1_49' title="bbox 2163 1670 3752 1740">
     <span class='ocr_line' id='line_1_49' title="bbox 2163 1670 3752 1740; baseline -0.001 -14"><span class='ocrx_word' id='word_1_382' title='bbox 2163 1670 2307 1726; x_wconf 85' lang='lat' dir='ltr'><strong>nam.</strong></span> <span class='ocrx_word' id='word_1_383' title='bbox 2353 1671 2497 1739; x_wconf 87' lang='lat' dir='ltr'><strong>Quos</strong></span> <span class='ocrx_word' id='word_1_384' title='bbox 2534 1671 2678 1728; x_wconf 86' lang='lat' dir='ltr'><strong>enim</strong></span> <span class='ocrx_word' id='word_1_385' title='bbox 2705 1671 2844 1728; x_wconf 84' lang='lat' dir='ltr'><strong>Deus</strong></span> <span class='ocrx_word' id='word_1_386' title='bbox 2868 1686 2996 1724; x_wconf 90' lang='lat' dir='ltr'><strong>suos</strong></span> <span class='ocrx_word' id='word_1_387' title='bbox 3023 1670 3144 1740; x_wconf 80' lang='lat' dir='ltr'><strong>ﬁdei</strong></span> <span class='ocrx_word' id='word_1_388' title='bbox 3186 1684 3348 1740; x_wconf 83' lang='lat' dir='ltr'><strong>Opere</strong></span> <span class='ocrx_word' id='word_1_389' title='bbox 3377 1670 3585 1724; x_wconf 79' lang='lat' dir='ltr'><strong>futuros</strong></span> <span class='ocrx_word' id='word_1_390' title='bbox 3621 1686 3752 1724; x_wconf 86' lang='lat' dir='ltr'><strong>esse</strong></span> 
     </span>
    </p>
   </div>
   <div class='ocr_carea' id='block_1_50' title="bbox 2164 1739 3753 1811">
    <p class='ocr_par' dir='ltr' id='par_1_50' title="bbox 2164 1739 3753 1811">
     <span class='ocr_line' id='line_1_50' title="bbox 2164 1739 3753 1811; baseline 0 -17"><span class='ocrx_word' id='word_1_391' title='bbox 2164 1742 2442 1811; x_wconf 65' lang='lat' dir='ltr'><strong>praenovit,</strong></span> <span class='ocrx_word' id='word_1_392' title='bbox 2473 1741 2570 1795; x_wconf 90' lang='lat' dir='ltr'><strong>bos</strong></span> <span class='ocrx_word' id='word_1_393' title='bbox 2597 1739 2987 1810; x_wconf 66' lang='lat' dir='ltr'><strong>praedestinavit</strong></span> <span class='ocrx_word' id='word_1_394' title='bbox 3005 1740 3071 1794; x_wconf 88' lang='lat' dir='ltr'><strong>ad</strong></span> <span class='ocrx_word' id='word_1_395' title='bbox 3093 1739 3352 1811; x_wconf 12' lang='lat' dir='ltr'><strong>glorianti:</strong></span> <span class='ocrx_word' id='word_1_396' title='bbox 3381 1755 3515 1809; x_wconf 89' lang='lat' dir='ltr'><strong>quos</strong></span> <span class='ocrx_word' id='word_1_397' title='bbox 3539 1739 3753 1808; x_wconf 85' lang='lat' dir='ltr'><strong>absque</strong></span> 
     </span>
    </p>
   </div>
   <div class='ocr_carea' id='block_1_51' title="bbox 2155 1810 3746 1879">
    <p class='ocr_par' dir='ltr' id='par_1_51' title="bbox 2155 1810 3746 1879">
     <span class='ocr_line' id='line_1_51' title="bbox 2155 1810 3746 1879; baseline -0.001 -13"><span class='ocrx_word' id='word_1_398' title='bbox 2155 1810 2497 1870; x_wconf 70' lang='lat' dir='ltr'><strong>correctione</strong></span> <span class='ocrx_word' id='word_1_399' title='bbox 2537 1811 2819 1870; x_wconf 73' lang='lat' dir='ltr'><strong>diabolicae</strong></span> <span class='ocrx_word' id='word_1_400' title='bbox 2864 1810 3192 1879; x_wconf 88' lang='lat' dir='ltr'><strong>persuasioni</strong></span> <span class='ocrx_word' id='word_1_401' title='bbox 3240 1810 3562 1879; x_wconf 84' lang='lat' dir='ltr'><strong>militaturos</strong></span> <span class='ocrx_word' id='word_1_402' title='bbox 3618 1825 3746 1864; x_wconf 67' lang='lat' dir='ltr'><strong>esse</strong></span> 
     </span>
    </p>
   </div>
   <div class='ocr_carea' id='block_1_52' title="bbox 2201 1878 3748 1950">
    <p class='ocr_par' dir='ltr' id='par_1_52' title="bbox 2201 1878 3748 1950">
     <span class='ocr_line' id='line_1_52' title="bbox 2201 1878 3748 1950; baseline 0 -16"><span class='ocrx_word' id='word_1_403' title='bbox 2201 1882 2427 1937; x_wconf 73' lang='lat' dir='ltr'><strong>nescivit</strong></span> <span class='ocrx_word' id='word_1_404' title='bbox 2453 1923 2467 1945; x_wconf 92' lang='lat'><strong>,</strong></span> <span class='ocrx_word' id='word_1_405' title='bbox 2491 1879 2590 1934; x_wconf 86' lang='lat' dir='ltr'><strong>hos</strong></span> <span class='ocrx_word' id='word_1_406' title='bbox 2630 1895 2728 1950; x_wconf 86' lang='lat' dir='ltr'><strong>pro</strong></span> <span class='ocrx_word' id='word_1_407' title='bbox 2755 1878 2904 1935; x_wconf 80' lang='lat' dir='ltr'><strong>certo</strong></span> <span class='ocrx_word' id='word_1_408' title='bbox 2942 1879 3340 1950; x_wconf 74' lang='lat' dir='ltr'><strong>praedestinavit</strong></span> <span class='ocrx_word' id='word_1_409' title='bbox 3390 1878 3456 1932; x_wconf 92' lang='lat' dir='ltr'><strong>ad</strong></span> <span class='ocrx_word' id='word_1_410' title='bbox 3500 1894 3748 1950; x_wconf 64' lang='lat' dir='ltr'><strong>pugnam.</strong></span> 
     </span>
    </p>
   </div>
   <div class='ocr_carea' id='block_1_53' title="bbox 2165 1895 3756 2015">
    <p class='ocr_par' dir='ltr' id='par_1_53' title="bbox 2165 1895 3756 2015">
     <span class='ocr_line' id='line_1_53' title="bbox 2201 1895 3748 1950; baseline 0 -16"><span class='ocrx_word' id='word_1_411' title='bbox 2201 1895 2427 1937; x_wconf 71' lang='lat' dir='ltr'><strong>nescivit</strong></span> <span class='ocrx_word' id='word_1_412' title='bbox 2453 1923 2467 1945; x_wconf 91' lang='lat'><strong>,</strong></span> <span class='ocrx_word' id='word_1_413' title='bbox 2491 1895 2590 1934; x_wconf 86' lang='lat' dir='ltr'><strong>nos</strong></span> <span class='ocrx_word' id='word_1_414' title='bbox 2630 1895 2728 1950; x_wconf 84' lang='lat' dir='ltr'><strong>pro</strong></span> <span class='ocrx_word' id='word_1_415' title='bbox 2755 1895 2904 1935; x_wconf 84' lang='lat' dir='ltr'><strong>certo</strong></span> <span class='ocrx_word' id='word_1_416' title='bbox 2942 1895 3340 1949; x_wconf 75' lang='lat' dir='ltr'><strong>praeoesunavu</strong></span> <span class='ocrx_word' id='word_1_417' title='bbox 3390 1895 3456 1932; x_wconf 86' lang='lat' dir='ltr'><strong>au</strong></span> <span class='ocrx_word' id='word_1_418' title='bbox 3504 1895 3748 1945; x_wconf 63' lang='lat' dir='ltr'><strong>prunam.</strong></span> 
     </span>
     <span class='ocr_line' id='line_1_54' title="bbox 2165 1895 3756 2015; baseline -0.002 -9"><span class='ocrx_word' id='word_1_419' title='bbox 2165 1895 2324 2006; x_wconf 56' lang='lat' dir='ltr'><strong>Ravis</strong></span> <span class='ocrx_word' id='word_1_420' title='bbox 2349 1953 2541 2005; x_wconf 82' lang='lat' dir='ltr'><strong>mentis</strong></span> <span class='ocrx_word' id='word_1_421' title='bbox 2566 1961 2781 2015; x_wconf 77' lang='lat' dir='ltr'><strong>nostrze,</strong></span> <span class='ocrx_word' id='word_1_422' title='bbox 2813 1951 2912 2004; x_wconf 91' lang='lat' dir='ltr'><strong>nisi</strong></span> <span class='ocrx_word' id='word_1_423' title='bbox 2935 1951 3191 2004; x_wconf 85' lang='lat' dir='ltr'><strong>exercitio</strong></span> <span class='ocrx_word' id='word_1_424' title='bbox 3212 1949 3363 2002; x_wconf 70' lang='lat' dir='ltr'><strong>bona:</strong></span> <span class='ocrx_word' id='word_1_425' title='bbox 3389 1949 3756 2003; x_wconf 82' lang='lat' dir='ltr'><strong>meditationis</strong></span> 
     </span>
    </p>
   </div>
   <div class='ocr_carea' id='block_1_54' title="bbox 2167 2017 3754 2091">
    <p class='ocr_par' dir='ltr' id='par_1_54' title="bbox 2167 2017 3754 2091">
     <span class='ocr_line' id='line_1_55' title="bbox 2167 2017 3754 2091; baseline -0.002 -15"><span class='ocrx_word' id='word_1_426' title='bbox 2167 2030 2398 2091; x_wconf 76' lang='lat' dir='ltr'><strong>regatur,</strong></span> <span class='ocrx_word' id='word_1_427' title='bbox 2420 2021 2593 2075; x_wconf 83' lang='lat' dir='ltr'><strong>ventis</strong></span> <span class='ocrx_word' id='word_1_428' title='bbox 2617 2035 2868 2091; x_wconf 82' lang='lat' dir='ltr'><strong>vanarum</strong></span> <span class='ocrx_word' id='word_1_429' title='bbox 2898 2017 3628 2091; x_wconf 68' lang='lat' dir='ltr'><strong>cogitationunraﬂlantibus,</strong></span> <span class='ocrx_word' id='word_1_430' title='bbox 3652 2035 3754 2091; x_wconf 85' lang='lat' dir='ltr'><strong>per</strong></span> 
     </span>
    </p>
   </div>
   <div class='ocr_carea' id='block_1_55' title="bbox 2167 2088 3755 2158">
    <p class='ocr_par' dir='ltr' id='par_1_55' title="bbox 2167 2088 3755 2158">
     <span class='ocr_line' id='line_1_56' title="bbox 2167 2088 3755 2158; baseline -0.001 -14"><span class='ocrx_word' id='word_1_431' title='bbox 2167 2088 2376 2145; x_wconf 57' lang='lat' dir='ltr'><strong>diiersa</strong></span> <span class='ocrx_word' id='word_1_432' title='bbox 2404 2091 2676 2144; x_wconf 84' lang='lat' dir='ltr'><strong>ﬂuctuabit</strong></span> <span class='ocrx_word' id='word_1_433' title='bbox 2695 2131 2710 2158; x_wconf 90' lang='lat'><strong>,</strong></span> <span class='ocrx_word' id='word_1_434' title='bbox 2739 2102 2793 2147; x_wconf 90' lang='lat' dir='ltr'><strong>et</strong></span> <span class='ocrx_word' id='word_1_435' title='bbox 2815 2090 3028 2146; x_wconf 87' lang='lat' dir='ltr'><strong>demum</strong></span> <span class='ocrx_word' id='word_1_436' title='bbox 3057 2088 3156 2148; x_wconf 90' lang='lat' dir='ltr'><strong>sub</strong></span> <span class='ocrx_word' id='word_1_437' title='bbox 3183 2088 3420 2158; x_wconf 87' lang='lat' dir='ltr'><strong>periculo</strong></span> <span class='ocrx_word' id='word_1_438' title='bbox 3443 2088 3755 2144; x_wconf 84' lang='lat' dir='ltr'><strong>demersio-</strong></span> 
     </span>
    </p>
   </div>
   <div class='ocr_carea' id='block_1_56' title="bbox 2167 2161 2660 2232">
    <p class='ocr_par' dir='ltr' id='par_1_56' title="bbox 2167 2161 2660 2232">
     <span class='ocr_line' id='line_1_57' title="bbox 2167 2161 2660 2232; baseline -0.006 -16"><span class='ocrx_word' id='word_1_439' title='bbox 2167 2165 2251 2218; x_wconf 87' lang='lat' dir='ltr'><strong>nis</strong></span> <span class='ocrx_word' id='word_1_440' title='bbox 2275 2161 2660 2232; x_wconf 86' lang='lat' dir='ltr'><strong>conquatietur.</strong></span> 
     </span>
    </p>
   </div>
   <div class='ocr_carea' id='block_1_57' title="bbox 479 2359 3737 2415">
    <p class='ocr_par' dir='ltr' id='par_1_57' title="bbox 479 2359 3737 2415">
     <span class='ocr_line' id='line_1_58' title="bbox 479 2359 3737 2415; baseline -0.002 0"><span class='ocrx_word' id='word_1_441' title='bbox 479 2359 3737 2415; x_wconf 53' lang='grc' dir='ltr'><strong>Μ</strong></span> 
     </span>
    </p>
   </div>
   <div class='ocr_carea' id='block_1_58' title="bbox 1422 2487 2838 2563">
    <p class='ocr_par' dir='ltr' id='par_1_58' title="bbox 1422 2487 2838 2563">
     <span class='ocr_line' id='line_1_59' title="bbox 1422 2487 2838 2563; baseline -0.004 -11"><span class='ocrx_word' id='word_1_442' title='bbox 1422 2491 1527 2552; x_wconf 91' lang='lat' dir='ltr'><strong>DE</strong></span> <span class='ocrx_word' id='word_1_443' title='bbox 1568 2489 1808 2551; x_wconf 83' lang='lat' dir='ltr'><strong>LIBRO</strong></span> <span class='ocrx_word' id='word_1_444' title='bbox 1848 2489 2078 2552; x_wconf 87' lang='lat' dir='ltr'><strong>CUJUS</strong></span> <span class='ocrx_word' id='word_1_445' title='bbox 2117 2487 2561 2551; x_wconf 82' lang='lat' dir='ltr'><strong>INSCRIPTIO</strong></span> <span class='ocrx_word' id='word_1_446' title='bbox 2601 2487 2838 2563; x_wconf 80' lang='lat' dir='ltr'><strong>ERAT,</strong></span> 
     </span>
    </p>
   </div>
   <div class='ocr_carea' id='block_1_59' title="bbox 1415 2628 2872 2682">
    <p class='ocr_par' dir='ltr' id='par_1_59' title="bbox 1415 2628 2872 2682">
     <span class='ocr_line' id='line_1_60' title="bbox 1415 2628 2872 2682; baseline -0.003 -8"><span class='ocrx_word' id='word_1_447' title='bbox 1415 2630 1466 2674; x_wconf 83' lang='lat'><strong>8.</strong></span> <span class='ocrx_word' id='word_1_448' title='bbox 1498 2631 1756 2675; x_wconf 74' lang='grc' dir='ltr'><strong>Αῠιιιῑιιῐ</strong></span> <span class='ocrx_word' id='word_1_449' title='bbox 1787 2629 2120 2676; x_wconf 60' lang='grc' dir='ltr'><strong>Αυθυετικι</strong></span> <span class='ocrx_word' id='word_1_450' title='bbox 2150 2628 2553 2673; x_wconf 68' lang='grc' dir='ltr'><strong>ΒινιιοΝΕΝειε</strong></span> <span class='ocrx_word' id='word_1_451' title='bbox 2578 2628 2872 2682; x_wconf 78' lang='lat' dir='ltr'><strong>EPISCOPI,</strong></span> 
     </span>
    </p>
   </div>
   <div class='ocr_carea' id='block_1_60' title="bbox 558 2722 3688 2826">
    <p class='ocr_par' dir='ltr' id='par_1_60' title="bbox 558 2722 3688 2826">
     <span class='ocr_line' id='line_1_61' title="bbox 558 2722 3688 2826; baseline -0.003 0"><span class='ocrx_word' id='word_1_452' title='bbox 558 2754 714 2826; x_wconf 78' lang='grc' dir='ltr'><strong>Αι)</strong></span> <span class='ocrx_word' id='word_1_453' title='bbox 760 2751 1394 2825; x_wconf 81' lang='lat' dir='ltr'><strong>ABTICULOS</strong></span> <span class='ocrx_word' id='word_1_454' title='bbox 1459 2751 1676 2824; x_wconf 86' lang='lat' dir='ltr'><strong>SIBI</strong></span> <span class='ocrx_word' id='word_1_455' title='bbox 1733 2751 2087 2822; x_wconf 81' lang='lat' dir='ltr'><strong>FALSO</strong></span> <span class='ocrx_word' id='word_1_456' title='bbox 2147 2722 2766 2821; x_wconf 74' lang='lat' dir='ltr'><strong>IMPOSITOS</strong></span> <span class='ocrx_word' id='word_1_457' title='bbox 2819 2745 3688 2820; x_wconf 81' lang='lat' dir='ltr'><strong>BESPONSIONES.</strong></span> 
     </span>
    </p>
   </div>
   <div class='ocr_carea' id='block_1_61' title="bbox 559 2898 3767 2974">
    <p class='ocr_par' dir='ltr' id='par_1_61' title="bbox 559 2898 3767 2974">
     <span class='ocr_line' id='line_1_62' title="bbox 559 2898 3767 2974; baseline -0.003 -13"><span class='ocrx_word' id='word_1_458' title='bbox 559 2906 660 2962; x_wconf 86' lang='lat' dir='ltr'><strong>Iste</strong></span> <span class='ocrx_word' id='word_1_459' title='bbox 685 2906 835 2971; x_wconf 88' lang='lat' dir='ltr'><strong>liber,</strong></span> <span class='ocrx_word' id='word_1_460' title='bbox 869 2905 1126 2974; x_wconf 81' lang='lat' dir='ltr'><strong>incipiens</strong></span> <span class='ocrx_word' id='word_1_461' title='bbox 1155 2903 1208 2958; x_wconf 90' lang='lat' dir='ltr'><strong>in</strong></span> <span class='ocrx_word' id='word_1_462' title='bbox 1236 2901 1353 2957; x_wconf 69' lang='lat' dir='ltr'><strong>hinc</strong></span> <span class='ocrx_word' id='word_1_463' title='bbox 1375 2901 1558 2969; x_wconf 85' lang='lat' dir='ltr'><strong>verba,</strong></span> <span class='ocrx_word' id='word_1_464' title='bbox 1589 2900 1807 2968; x_wconf 78' lang='lat' dir='ltr'><strong>Quidam</strong></span> <span class='ocrx_word' id='word_1_465' title='bbox 1842 2901 2132 2956; x_wconf 65' lang='lat' dir='ltr'><strong>christiana:</strong></span> <span class='ocrx_word' id='word_1_466' title='bbox 2170 2917 2228 2956; x_wconf 83' lang='lat' dir='ltr'><strong>ac</strong></span> <span class='ocrx_word' id='word_1_467' title='bbox 2257 2901 2498 2971; x_wconf 67' lang='lat' dir='ltr'><strong>fraterna</strong></span> <span class='ocrx_word' id='word_1_468' title='bbox 2544 2900 2808 2955; x_wconf 82' lang='lat' dir='ltr'><strong>charitatis</strong></span> <span class='ocrx_word' id='word_1_469' title='bbox 2838 2899 3000 2961; x_wconf 85' lang='lat' dir='ltr'><strong>obliti.</strong></span> <span class='ocrx_word' id='word_1_470' title='bbox 3040 2898 3094 2952; x_wconf 85' lang='lat' dir='ltr'><strong>in</strong></span> <span class='ocrx_word' id='word_1_471' title='bbox 3123 2908 3318 2952; x_wconf 83' lang='lat' dir='ltr'><strong>tantum</strong></span> <span class='ocrx_word' id='word_1_472' title='bbox 3343 2898 3767 2954; x_wconf 74' lang='lat' dir='ltr'><strong>existimationem</strong></span> 
     </span>
    </p>
   </div>
   <div class='ocr_carea' id='block_1_62' title="bbox 492 2989 3767 3065">
    <p class='ocr_par' dir='ltr' id='par_1_62' title="bbox 492 2989 3767 3065">
     <span class='ocr_line' id='line_1_63' title="bbox 492 2989 3767 3065; baseline -0.002 -13"><span class='ocrx_word' id='word_1_473' title='bbox 492 3007 714 3052; x_wconf 69' lang='lat' dir='ltr'><strong>instram</strong></span> <span class='ocrx_word' id='word_1_474' title='bbox 740 3011 936 3065; x_wconf 77' lang='lat' dir='ltr'><strong>quoque</strong></span> <span class='ocrx_word' id='word_1_475' title='bbox 961 2995 1111 3048; x_wconf 88' lang='lat' dir='ltr'><strong>modo</strong></span> <span class='ocrx_word' id='word_1_476' title='bbox 1130 2991 1330 3047; x_wconf 77' lang='lat' dir='ltr'><strong>student</strong></span> <span class='ocrx_word' id='word_1_477' title='bbox 1358 2991 1540 3046; x_wconf 64' lang='lat' dir='ltr'><strong>laedere</strong></span> <span class='ocrx_word' id='word_1_478' title='bbox 1559 3030 1576 3058; x_wconf 89' lang='lat'><strong>,</strong></span> <span class='ocrx_word' id='word_1_479' title='bbox 1599 2999 1655 3044; x_wconf 89' lang='lat' dir='ltr'><strong>ut</strong></span> <span class='ocrx_word' id='word_1_480' title='bbox 1699 3007 1846 3045; x_wconf 81' lang='lat' dir='ltr'><strong>suam</strong></span> <span class='ocrx_word' id='word_1_481' title='bbox 1876 3007 1930 3046; x_wconf 81' lang='lat' dir='ltr'><strong>se</strong></span> <span class='ocrx_word' id='word_1_482' title='bbox 1967 3002 2180 3047; x_wconf 78' lang='lat' dir='ltr'><strong>evertere</strong></span> <span class='ocrx_word' id='word_1_483' title='bbox 2216 2991 2428 3046; x_wconf 78' lang='lat' dir='ltr'><strong>nocendi</strong></span> <span class='ocrx_word' id='word_1_484' title='bbox 2461 2991 2740 3062; x_wconf 76' lang='lat' dir='ltr'><strong>cupiditate</strong></span> <span class='ocrx_word' id='word_1_485' title='bbox 2763 3007 2866 3044; x_wconf 85' lang='lat' dir='ltr'><strong>non</strong></span> <span class='ocrx_word' id='word_1_486' title='bbox 2907 2989 3124 3055; x_wconf 80' lang='lat' dir='ltr'><strong>videant,</strong></span> <span class='ocrx_word' id='word_1_487' title='bbox 3157 3003 3352 3044; x_wconf 89' lang='lat' dir='ltr'><strong>nomen</strong></span> <span class='ocrx_word' id='word_1_488' title='bbox 3398 2990 3685 3059; x_wconf 78' lang='lat' dir='ltr'><strong>Augustini</strong></span> <span class='ocrx_word' id='word_1_489' title='bbox 3711 2993 3767 3045; x_wconf 86' lang='lat' dir='ltr'><strong>in</strong></span> 
     </span>
    </p>
   </div>
   <div class='ocr_carea' id='block_1_63' title="bbox 501 3078 3768 3156">
    <p class='ocr_par' dir='ltr' id='par_1_63' title="bbox 501 3078 3768 3156">
     <span class='ocr_line' id='line_1_64' title="bbox 501 3078 3768 3156; baseline -0.002 -14"><span class='ocrx_word' id='word_1_490' title='bbox 501 3085 769 3142; x_wconf 68' lang='lat' dir='ltr'><strong>veteribus</strong></span> <span class='ocrx_word' id='word_1_491' title='bbox 796 3085 994 3156; x_wconf 89' lang='lat' dir='ltr'><strong>aliquot</strong></span> <span class='ocrx_word' id='word_1_492' title='bbox 1018 3082 1390 3152; x_wconf 89' lang='lat' dir='ltr'><strong>manuscriptis</strong></span> <span class='ocrx_word' id='word_1_493' title='bbox 1410 3081 1683 3137; x_wconf 86' lang='lat' dir='ltr'><strong>codicibus</strong></span> <span class='ocrx_word' id='word_1_494' title='bbox 1724 3080 2062 3151; x_wconf 75' lang='lat' dir='ltr'><strong>prmferebat.</strong></span> <span class='ocrx_word' id='word_1_495' title='bbox 2106 3082 2239 3136; x_wconf 92' lang='lat' dir='ltr'><strong>llinc</strong></span> <span class='ocrx_word' id='word_1_496' title='bbox 2267 3081 2476 3136; x_wconf 87' lang='lat' dir='ltr'><strong>errandi</strong></span> <span class='ocrx_word' id='word_1_497' title='bbox 2503 3080 2712 3136; x_wconf 89' lang='lat' dir='ltr'><strong>occasio</strong></span> <span class='ocrx_word' id='word_1_498' title='bbox 2728 3079 2849 3135; x_wconf 91' lang='lat' dir='ltr'><strong>data</strong></span> <span class='ocrx_word' id='word_1_499' title='bbox 2876 3078 3059 3149; x_wconf 88' lang='lat' dir='ltr'><strong>primis</strong></span> <span class='ocrx_word' id='word_1_500' title='bbox 3085 3078 3593 3149; x_wconf 79' lang='lat' dir='ltr'><strong>Augustinianornm</strong></span> <span class='ocrx_word' id='word_1_501' title='bbox 3628 3095 3768 3151; x_wconf 75' lang='lat' dir='ltr'><strong>ope-</strong></span> 
     </span>
    </p>
   </div>
   <div class='ocr_carea' id='block_1_64' title="bbox 491 3172 3765 3244">
    <p class='ocr_par' dir='ltr' id='par_1_64' title="bbox 491 3172 3765 3244">
     <span class='ocr_line' id='line_1_65' title="bbox 491 3172 3765 3244; baseline -0.002 -12"><span class='ocrx_word' id='word_1_502' title='bbox 491 3193 606 3233; x_wconf 84' lang='lat' dir='ltr'><strong>rum</strong></span> <span class='ocrx_word' id='word_1_503' title='bbox 639 3177 955 3244; x_wconf 87' lang='lat' dir='ltr'><strong>editoribus,</strong></span> <span class='ocrx_word' id='word_1_504' title='bbox 981 3173 1337 3232; x_wconf 87' lang='lat' dir='ltr'><strong>Amerbaebio</strong></span> <span class='ocrx_word' id='word_1_505' title='bbox 1364 3183 1418 3228; x_wconf 92' lang='lat' dir='ltr'><strong>et</strong></span> <span class='ocrx_word' id='word_1_506' title='bbox 1443 3173 1692 3239; x_wconf 86' lang='lat' dir='ltr'><strong>Erasmo,</strong></span> <span class='ocrx_word' id='word_1_507' title='bbox 1719 3175 1808 3244; x_wconf 89' lang='lat' dir='ltr'><strong>qui</strong></span> <span class='ocrx_word' id='word_1_508' title='bbox 1835 3189 1957 3230; x_wconf 91' lang='lat' dir='ltr'><strong>eum</strong></span> <span class='ocrx_word' id='word_1_509' title='bbox 1997 3174 2192 3230; x_wconf 87' lang='lat' dir='ltr'><strong>librum</strong></span> <span class='ocrx_word' id='word_1_510' title='bbox 2241 3175 2382 3230; x_wconf 91' lang='lat' dir='ltr'><strong>inter</strong></span> <span class='ocrx_word' id='word_1_511' title='bbox 2419 3173 2699 3244; x_wconf 76' lang='lat' dir='ltr'><strong>Augustini</strong></span> <span class='ocrx_word' id='word_1_512' title='bbox 2729 3172 2986 3243; x_wconf 89' lang='lat' dir='ltr'><strong>polemica</strong></span> <span class='ocrx_word' id='word_1_513' title='bbox 3020 3187 3181 3242; x_wconf 89' lang='lat' dir='ltr'><strong>opera</strong></span> <span class='ocrx_word' id='word_1_514' title='bbox 3213 3181 3398 3227; x_wconf 89' lang='lat' dir='ltr'><strong>contra</strong></span> <span class='ocrx_word' id='word_1_515' title='bbox 3425 3172 3765 3241; x_wconf 78' lang='lat' dir='ltr'><strong>Pelagianos,</strong></span> 
     </span>
    </p>
   </div>
   <div class='ocr_carea' id='block_1_65' title="bbox 489 3263 3760 3341">
    <p class='ocr_par' dir='ltr' id='par_1_65' title="bbox 489 3263 3760 3341">
     <span class='ocr_line' id='line_1_66' title="bbox 489 3263 3760 3341; baseline -0.002 -14"><span class='ocrx_word' id='word_1_516' title='bbox 489 3271 729 3341; x_wconf 83' lang='lat' dir='ltr'><strong>ejusdem</strong></span> <span class='ocrx_word' id='word_1_517' title='bbox 752 3271 920 3326; x_wconf 85' lang='lat' dir='ltr'><strong>sancti</strong></span> <span class='ocrx_word' id='word_1_518' title='bbox 954 3270 1196 3326; x_wconf 90' lang='lat' dir='ltr'><strong>Doctoris</strong></span> <span class='ocrx_word' id='word_1_519' title='bbox 1224 3267 1440 3323; x_wconf 88' lang='lat' dir='ltr'><strong>nomine</strong></span> <span class='ocrx_word' id='word_1_520' title='bbox 1471 3275 1824 3337; x_wconf 71' lang='lat' dir='ltr'><strong>prtenotatum</strong></span> <span class='ocrx_word' id='word_1_521' title='bbox 1869 3267 2187 3322; x_wconf 89' lang='lat' dir='ltr'><strong>retulerunt.</strong></span> <span class='ocrx_word' id='word_1_522' title='bbox 2218 3265 2335 3336; x_wconf 89' lang='lat' dir='ltr'><strong>Ipse</strong></span> <span class='ocrx_word' id='word_1_523' title='bbox 2380 3266 2598 3322; x_wconf 89' lang='lat' dir='ltr'><strong>omnino</strong></span> <span class='ocrx_word' id='word_1_524' title='bbox 2624 3274 2708 3321; x_wconf 87' lang='lat' dir='ltr'><strong>est</strong></span> <span class='ocrx_word' id='word_1_525' title='bbox 2744 3265 2876 3320; x_wconf 88' lang='lat' dir='ltr'><strong>liber</strong></span> <span class='ocrx_word' id='word_1_526' title='bbox 2897 3265 3146 3335; x_wconf 88' lang='lat' dir='ltr'><strong>Prosperi</strong></span> <span class='ocrx_word' id='word_1_527' title='bbox 3171 3263 3464 3320; x_wconf 72' lang='lat' dir='ltr'><strong>refellentis</strong></span> <span class='ocrx_word' id='word_1_528' title='bbox 3494 3265 3760 3336; x_wconf 79' lang='lat' dir='ltr'><strong>objectio-</strong></span> 
     </span>
    </p>
   </div>
   <div class='ocr_carea' id='block_1_66' title="bbox 489 3355 2705 3432">
    <p class='ocr_par' dir='ltr' id='par_1_66' title="bbox 489 3355 2705 3432">
     <span class='ocr_line' id='line_1_67' title="bbox 489 3355 2705 3432; baseline -0.004 -16"><span class='ocrx_word' id='word_1_529' title='bbox 489 3379 586 3418; x_wconf 84' lang='lat' dir='ltr'><strong>nes</strong></span> <span class='ocrx_word' id='word_1_530' title='bbox 610 3361 1011 3427; x_wconf 83' lang='lat' dir='ltr'><strong>Vincentianas,</strong></span> <span class='ocrx_word' id='word_1_531' title='bbox 1037 3361 1127 3432; x_wconf 88' lang='lat' dir='ltr'><strong>qui</strong></span> <span class='ocrx_word' id='word_1_532' title='bbox 1154 3375 1252 3414; x_wconf 88' lang='lat' dir='ltr'><strong>suo</strong></span> <span class='ocrx_word' id='word_1_533' title='bbox 1279 3359 1397 3413; x_wconf 90' lang='lat' dir='ltr'><strong>loco</strong></span> <span class='ocrx_word' id='word_1_534' title='bbox 1428 3358 1481 3411; x_wconf 92' lang='lat' dir='ltr'><strong>in</strong></span> <span class='ocrx_word' id='word_1_535' title='bbox 1513 3357 1668 3412; x_wconf 83' lang='lat' dir='ltr'><strong>tertia</strong></span> <span class='ocrx_word' id='word_1_536' title='bbox 1696 3364 1844 3427; x_wconf 89' lang='lat' dir='ltr'><strong>parte</strong></span> <span class='ocrx_word' id='word_1_537' title='bbox 1868 3355 2026 3428; x_wconf 85' lang='lat' dir='ltr'><strong>hujus</strong></span> <span class='ocrx_word' id='word_1_538' title='bbox 2051 3355 2376 3427; x_wconf 80' lang='lat' dir='ltr'><strong>Appendieis</strong></span> <span class='ocrx_word' id='word_1_539' title='bbox 2405 3355 2705 3410; x_wconf 81' lang='lat' dir='ltr'><strong>exhibetur.</strong></span> 
     </span>
    </p>
   </div>
   <div class='ocr_carea' id='block_1_67' title="bbox 507 3473 3735 3532">
    <p class='ocr_par' dir='ltr' id='par_1_67' title="bbox 507 3473 3735 3532">
     <span class='ocr_line' id='line_1_68' title="bbox 507 3473 3735 3532; baseline -0.004 1"><span class='ocrx_word' id='word_1_540' title='bbox 507 3473 3735 3532; x_wconf 52' lang='grc' dir='ltr'><strong>Μ</strong></span> 
     </span>
    </p>
   </div>
   <div class='ocr_carea' id='block_1_68' title="bbox 1670 3599 2543 3780">
    <p class='ocr_par' dir='ltr' id='par_1_68' title="bbox 1670 3599 2543 3780">
     <span class='ocr_line' id='line_1_69' title="bbox 1670 3599 2543 3780; baseline 0.006 -38"><span class='ocrx_word' id='word_1_541' title='bbox 1670 3599 2543 3780; x_wconf 44' lang='lat' dir='ltr'><strong>{inamicitia</strong></span> 
     </span>
    </p>
   </div>
   <div class='ocr_carea' id='block_1_69' title="bbox 1835 3820 2450 3904">
    <p class='ocr_par' dir='ltr' id='par_1_69' title="bbox 1835 3820 2450 3904">
     <span class='ocr_line' id='line_1_70' title="bbox 1835 3820 2450 3904; baseline 0.016 -12"><span class='ocrx_word' id='word_1_542' title='bbox 1835 3820 2031 3892; x_wconf 75' lang='lat' dir='ltr'><strong>PARS</strong></span> <span class='ocrx_word' id='word_1_543' title='bbox 2073 3830 2450 3904; x_wconf 85' lang='lat' dir='ltr'><strong>SECUNDA.</strong></span> 
     </span>
    </p>
   </div>
   <div class='ocr_carea' id='block_1_70' title="bbox 1950 3970 2303 4016">
    <p class='ocr_par' dir='ltr' id='par_1_70' title="bbox 1950 3970 2303 4016">
     <span class='ocr_line' id='line_1_71' title="bbox 1950 3970 2303 4016; baseline 0.003 -1"><span class='ocrx_word' id='word_1_544' title='bbox 1950 3970 2303 4016; x_wconf 76' lang='lat' dir='ltr'><strong>CONTINENS</strong></span> 
     </span>
    </p>
   </div>
   <div class='ocr_carea' id='block_1_71' title="bbox 490 4087 3761 4248">
    <p class='ocr_par' dir='ltr' id='par_1_71' title="bbox 490 4087 3761 4248">
     <span class='ocr_line' id='line_1_72' title="bbox 490 4087 3761 4248; baseline -0.002 -2"><span class='ocrx_word' id='word_1_545' title='bbox 490 4092 1107 4248; x_wconf 77' lang='lat' dir='ltr'><strong>VARIA</strong></span> <span class='ocrx_word' id='word_1_546' title='bbox 1213 4087 2059 4236; x_wconf 82' lang='lat' dir='ltr'><strong>SCRIPTA</strong></span> <span class='ocrx_word' id='word_1_547' title='bbox 2145 4090 2391 4231; x_wconf 85' lang='lat' dir='ltr'><strong>ET</strong></span> <span class='ocrx_word' id='word_1_548' title='bbox 2483 4091 3761 4239; x_wconf 80' lang='lat' dir='ltr'><strong>MONUMENTA</strong></span> 
     </span>
    </p>
   </div>
   <div class='ocr_carea' id='block_1_72' title="bbox 1315 4283 2923 4360">
    <p class='ocr_par' dir='ltr' id='par_1_72' title="bbox 1315 4283 2923 4360">
     <span class='ocr_line' id='line_1_73' title="bbox 1315 4283 2923 4360; baseline 0.003 -18"><span class='ocrx_word' id='word_1_549' title='bbox 1315 4286 1404 4342; x_wconf 84' lang='lat' dir='ltr'><strong>AD</strong></span> <span class='ocrx_word' id='word_1_550' title='bbox 1441 4283 1976 4341; x_wconf 75' lang='lat' dir='ltr'><strong>PELAGIANORUM</strong></span> <span class='ocrx_word' id='word_1_551' title='bbox 2018 4285 2388 4343; x_wconf 77' lang='lat' dir='ltr'><strong>HISTORIAM</strong></span> <span class='ocrx_word' id='word_1_552' title='bbox 2425 4288 2923 4360; x_wconf 74' lang='lat' dir='ltr'><strong>PERTINEN&#39;I&#39;IA;</strong></span> 
     </span>
    </p>
   </div>
   <div class='ocr_carea' id='block_1_73' title="bbox 488 4376 3757 4480">
    <p class='ocr_par' dir='ltr' id='par_1_73' title="bbox 488 4376 3757 4480">
     <span class='ocr_line' id='line_1_74' title="bbox 488 4376 3757 4480; baseline -0.002 -18"><span class='ocrx_word' id='word_1_553' title='bbox 488 4401 772 4480; x_wconf 86' lang='lat' dir='ltr'><strong>Quorum</strong></span> <span class='ocrx_word' id='word_1_554' title='bbox 821 4380 1276 4477; x_wconf 81' lang='lat' dir='ltr'><strong>comparatione</strong></span> <span class='ocrx_word' id='word_1_555' title='bbox 1333 4377 1645 4472; x_wconf 68' lang='lat' dir='ltr'><strong>polemica:</strong></span> <span class='ocrx_word' id='word_1_556' title='bbox 1681 4377 1744 4443; x_wconf 90' lang='lat' dir='ltr'><strong>in</strong></span> <span class='ocrx_word' id='word_1_557' title='bbox 1773 4376 2023 4447; x_wconf 84' lang='lat' dir='ltr'><strong>eosdem</strong></span> <span class='ocrx_word' id='word_1_558' title='bbox 2071 4380 2388 4451; x_wconf 69' lang='lat' dir='ltr'><strong>haereticos</strong></span> <span class='ocrx_word' id='word_1_559' title='bbox 2419 4385 2754 4473; x_wconf 80' lang='lat' dir='ltr'><strong>Augustini</strong></span> <span class='ocrx_word' id='word_1_560' title='bbox 2810 4385 3274 4456; x_wconf 83' lang='lat' dir='ltr'><strong>lucubrationes</strong></span> <span class='ocrx_word' id='word_1_561' title='bbox 3325 4387 3757 4456; x_wconf 86' lang='lat' dir='ltr'><strong>illustrantur.</strong></span> 
     </span>
    </p>
   </div>
   <div class='ocr_carea' id='block_1_74' title="bbox 1884 4511 2350 4570">
    <p class='ocr_par' dir='ltr' id='par_1_74' title="bbox 1884 4511 2350 4570">
     <span class='ocr_line' id='line_1_75' title="bbox 1884 4511 2350 4570; baseline 0.011 -5"><span class='ocrx_word' id='word_1_562' title='bbox 1884 4511 2350 4570; x_wconf 50' lang='grc' dir='ltr'><strong>οὶὶ&gt;&gt;&gt;&gt;&gt;δοεεε&lt;ε&lt;&lt;θ</strong></span> 
     </span>
    </p>
   </div>
   <div class='ocr_carea' id='block_1_75' title="bbox 2178 4631 3762 4716">
    <p class='ocr_par' dir='ltr' id='par_1_75' title="bbox 2178 4631 3762 4716">
     <span class='ocr_line' id='line_1_76' title="bbox 2178 4631 3762 4716; baseline 0.008 -26"><span class='ocrx_word' id='word_1_563' title='bbox 2178 4635 2340 4716; x_wconf 73' lang='lat' dir='ltr'><strong>Deum</strong></span> <span class='ocrx_word' id='word_1_564' title='bbox 2383 4638 2700 4716; x_wconf 68' lang='lat' dir='ltr'><strong>desideranti</strong></span> <span class='ocrx_word' id='word_1_565' title='bbox 2741 4645 3108 4716; x_wconf 82' lang='lat' dir='ltr'><strong>necessarias._</strong></span> <span class='ocrx_word' id='word_1_566' title='bbox 3136 4645 3355 4716; x_wconf 84' lang='lat' dir='ltr'><strong>Moralis</strong></span> <span class='ocrx_word' id='word_1_567' title='bbox 3387 4631 3653 4716; x_wconf 81' lang='lat' dir='ltr'><strong>siquidem</strong></span> <span class='ocrx_word' id='word_1_568' title='bbox 3706 4649 3762 4702; x_wconf 84' lang='lat' dir='ltr'><strong>in</strong></span> 
     </span>
    </p>
   </div>
   <div class='ocr_carea' id='block_1_76' title="bbox 2176 4707 3761 4786">
    <p class='ocr_par' dir='ltr' id='par_1_76' title="bbox 2176 4707 3761 4786">
     <span class='ocr_line' id='line_1_77' title="bbox 2176 4707 3761 4786; baseline 0.009 -29"><span class='ocrx_word' id='word_1_569' title='bbox 2176 4707 2252 4786; x_wconf 78' lang='lat' dir='ltr'><strong>eis</strong></span> <span class='ocrx_word' id='word_1_570' title='bbox 2283 4707 2442 4786; x_wconf 81' lang='lat' dir='ltr'><strong>dictio</strong></span> <span class='ocrx_word' id='word_1_571' title='bbox 2469 4710 2603 4786; x_wconf 76' lang='lat' dir='ltr'><strong>nihil</strong></span> <span class='ocrx_word' id='word_1_572' title='bbox 2625 4713 2692 4766; x_wconf 90' lang='lat' dir='ltr'><strong>ibi</strong></span> <span class='ocrx_word' id='word_1_573' title='bbox 2726 4714 2833 4767; x_wconf 84' lang='lat' dir='ltr'><strong>vitii</strong></span> <span class='ocrx_word' id='word_1_574' title='bbox 2857 4713 3202 4782; x_wconf 88' lang='lat' dir='ltr'><strong>postmodum</strong></span> <span class='ocrx_word' id='word_1_575' title='bbox 3231 4707 3563 4784; x_wconf 41' lang='lat' dir='ltr'><strong>proditifscd</strong></span> <span class='ocrx_word' id='word_1_576' title='bbox 3585 4726 3761 4771; x_wconf 81' lang='lat' dir='ltr'><strong>totum</strong></span> 
     </span>
    </p>
   </div>
   <div class='ocr_carea' id='block_1_77' title="bbox 2175 4775 3113 4839">
    <p class='ocr_par' dir='ltr' id='par_1_77' title="bbox 2175 4775 3113 4839">
     <span class='ocr_line' id='line_1_78' title="bbox 2175 4775 3113 4839; baseline 0.011 -13"><span class='ocrx_word' id='word_1_577' title='bbox 2175 4775 2240 4828; x_wconf 90' lang='lat' dir='ltr'><strong>ad</strong></span> <span class='ocrx_word' id='word_1_578' title='bbox 2264 4777 2472 4833; x_wconf 87' lang='lat' dir='ltr'><strong>virtutis</strong></span> <span class='ocrx_word' id='word_1_579' title='bbox 2503 4775 2897 4836; x_wconf 79' lang='lat' dir='ltr'><strong>incitamentum</strong></span> <span class='ocrx_word' id='word_1_580' title='bbox 2927 4785 3113 4839; x_wconf 85' lang='lat' dir='ltr'><strong>tenuit.</strong></span> 
     </span>
    </p>
   </div>
   <div class='ocr_carea' id='block_1_78' title="bbox 2544 4868 3376 4930">
    <p class='ocr_par' dir='ltr' id='par_1_78' title="bbox 2544 4868 3376 4930">
     <span class='ocr_line' id='line_1_79' title="bbox 2544 4868 3376 4930; baseline 0.011 -8"><span class='ocrx_word' id='word_1_581' title='bbox 2544 4868 2786 4926; x_wconf 82' lang='lat' dir='ltr'><strong>INCIPIT</strong></span> <span class='ocrx_word' id='word_1_582' title='bbox 2811 4871 3376 4930; x_wconf 73' lang='lat' dir='ltr'><strong>COMMONITORIUM</strong></span> 
     </span>
    </p>
   </div>
   <div class='ocr_carea' id='block_1_79' title="bbox 813 4645 1744 4699">
    <p class='ocr_par' dir='ltr' id='par_1_79' title="bbox 813 4645 1744 4699">
     <span class='ocr_line' id='line_1_80' title="bbox 813 4645 1744 4699; baseline -0.011 -5"><span class='ocrx_word' id='word_1_583' title='bbox 813 4650 1128 4699; x_wconf 58' lang='grc' dir='ltr'><strong>οεκκλοιυε,</strong></span> <span class='ocrx_word' id='word_1_584' title='bbox 1155 4651 1203 4688; x_wconf 67' lang='lat' dir='ltr'>IN</span> <span class='ocrx_word' id='word_1_585' title='bbox 1233 4647 1382 4686; x_wconf 72' lang='grc' dir='ltr'><strong>[1131ιο</strong></span> <span class='ocrx_word' id='word_1_586' title='bbox 1420 4645 1744 4685; x_wconf 69' lang='lat' dir='ltr'><strong>SCRIPTOBUI</strong></span> 
     </span>
    </p>
   </div>
   <div class='ocr_carea' id='block_1_80' title="bbox 1020 4736 1544 4780">
    <p class='ocr_par' dir='ltr' id='par_1_80' title="bbox 1020 4736 1544 4780">
     <span class='ocr_line' id='line_1_81' title="bbox 1020 4736 1544 4780; baseline -0.011 0"><span class='ocrx_word' id='word_1_587' title='bbox 1020 4736 1520 4780; x_wconf 66' lang='lat' dir='ltr'><strong>ECCLBSIASTICORUN</strong></span> <span class='ocrx_word' id='word_1_588' title='bbox 1531 4760 1544 4774; x_wconf 82' lang='lat'><strong>.</strong></span> 
     </span>
    </p>
   </div>
   <div class='ocr_carea' id='block_1_81' title="bbox 569 4833 2166 4913">
    <p class='ocr_par' dir='ltr' id='par_1_81' title="bbox 569 4833 2166 4913">
     <span class='ocr_line' id='line_1_82' title="bbox 569 4833 2166 4913; baseline -0.008 -15"><span class='ocrx_word' id='word_1_589' title='bbox 569 4844 813 4913; x_wconf 76' lang='lat' dir='ltr'><strong>Pelagius</strong></span> <span class='ocrx_word' id='word_1_590' title='bbox 872 4840 1015 4894; x_wconf 81' lang='lat' dir='ltr'><strong>Brito</strong></span> <span class='ocrx_word' id='word_1_591' title='bbox 1047 4839 1064 4869; x_wconf 85' lang='grc'>¹</span> <span class='ocrx_word' id='word_1_592' title='bbox 1095 4833 1507 4913; x_wconf 63' lang='lat' dir='ltr'><strong>literesiarclies.</strong></span> <span class='ocrx_word' id='word_1_593' title='bbox 1544 4843 1824 4913; x_wconf 79' lang='lat' dir='ltr'><strong>antequam</strong></span> <span class='ocrx_word' id='word_1_594' title='bbox 1884 4833 2072 4913; x_wconf 63' lang='lat' dir='ltr'><strong>prode-</strong></span> <span class='ocrx_word' id='word_1_595' title='bbox 2163 4905 2166 4908; x_wconf 8' lang='grc' dir='ltr'><strong><em>ἢ</em></strong></span> 
     </span>
    </p>
   </div>
   <div class='ocr_carea' id='block_1_82' title="bbox 472 4903 2070 4976">
    <p class='ocr_par' dir='ltr' id='par_1_82' title="bbox 472 4903 2070 4976">
     <span class='ocr_line' id='line_1_83' title="bbox 472 4903 2070 4976; baseline -0.008 -7"><span class='ocrx_word' id='word_1_596' title='bbox 472 4907 644 4969; x_wconf 69' lang='grc' dir='ltr'><strong>’τειυι-</strong></span> <span class='ocrx_word' id='word_1_597' title='bbox 678 4903 958 4968; x_wconf 64' lang='grc' dir='ltr'><strong>Ιῆετριίειις</strong></span> <span class='ocrx_word' id='word_1_598' title='bbox 983 4952 998 4974; x_wconf 84' lang='grc'><em>,</em></span> <span class='ocrx_word' id='word_1_599' title='bbox 1030 4907 1242 4976; x_wconf 85' lang='lat' dir='ltr'><strong>scripsit</strong></span> <span class='ocrx_word' id='word_1_600' title='bbox 1266 4905 1515 4958; x_wconf 89' lang='lat' dir='ltr'><strong>studiosis</strong></span> <span class='ocrx_word' id='word_1_601' title='bbox 1539 4903 1836 4976; x_wconf 83' lang='lat' dir='ltr'><strong>necessaria</strong></span> <span class='ocrx_word' id='word_1_602' title='bbox 1860 4945 1872 4967; x_wconf 93' lang='lat'><strong>,</strong></span> <span class='ocrx_word' id='word_1_603' title='bbox 1907 4904 2070 4976; x_wconf 70' lang='lat' dir='ltr'><strong>libros</strong></span> 
     </span>
    </p>
   </div>
   <div class='ocr_carea' id='block_1_83' title="bbox 501 4974 2071 5043">
    <p class='ocr_par' dir='ltr' id='par_1_83' title="bbox 501 4974 2071 5043">
     <span class='ocr_line' id='line_1_84' title="bbox 501 4974 2071 5043; baseline -0.006 -7"><span class='ocrx_word' id='word_1_604' title='bbox 501 4996 611 5037; x_wconf 91' lang='lat' dir='ltr'><strong>tres</strong></span> <span class='ocrx_word' id='word_1_605' title='bbox 638 4983 703 5037; x_wconf 86' lang='lat' dir='ltr'><strong>de</strong></span> <span class='ocrx_word' id='word_1_606' title='bbox 735 4984 838 5039; x_wconf 78' lang='lat' dir='ltr'><strong>[ide</strong></span> <span class='ocrx_word' id='word_1_607' title='bbox 879 4974 1185 5040; x_wconf 81' lang='lat' dir='ltr'><strong>Trinitatis,</strong></span> <span class='ocrx_word' id='word_1_608' title='bbox 1218 4984 1272 5031; x_wconf 88' lang='lat' dir='ltr'><strong>et</strong></span> <span class='ocrx_word' id='word_1_609' title='bbox 1299 4991 1396 5043; x_wconf 89' lang='lat' dir='ltr'><strong>pro</strong></span> <span class='ocrx_word' id='word_1_610' title='bbox 1436 4975 1626 5027; x_wconf 83' lang='lat' dir='ltr'><strong>actuali</strong></span> <span class='ocrx_word' id='word_1_611' title='bbox 1669 4974 2071 5027; x_wconf 86' lang='lat' dir='ltr'><strong>conversatione</strong></span> 
     </span>
    </p>
   </div>
   <div class='ocr_carea' id='block_1_84' title="bbox 500 5043 2067 5122">
    <p class='ocr_par' dir='ltr' id='par_1_84' title="bbox 500 5043 2067 5122">
     <span class='ocr_line' id='line_1_85' title="bbox 500 5043 2067 5122; baseline -0.009 -15"><span class='ocrx_word' id='word_1_612' title='bbox 500 5052 837 5122; x_wconf 77' lang='lat' dir='ltr'><strong>Eulogiarum</strong></span> <span class='ocrx_word' id='word_1_613' title='bbox 861 5067 936 5122; x_wconf 66' lang='lat' dir='ltr'><strong>es</strong></span> <span class='ocrx_word' id='word_1_614' title='bbox 958 5049 1148 5122; x_wconf 79' lang='lat' dir='ltr'><strong>divinis</strong></span> <span class='ocrx_word' id='word_1_615' title='bbox 1170 5043 1457 5122; x_wconf 65' lang='lat' dir='ltr'><strong>scripturis</strong></span> <span class='ocrx_word' id='word_1_616' title='bbox 1475 5045 1673 5122; x_wconf 73' lang='lat' dir='ltr'><strong>librum</strong></span> <span class='ocrx_word' id='word_1_617' title='bbox 1700 5057 1892 5122; x_wconf 80' lang='lat' dir='ltr'><strong>unum,</strong></span> <span class='ocrx_word' id='word_1_618' title='bbox 1924 5043 2067 5122; x_wconf 81' lang='lat' dir='ltr'><strong>capi-</strong></span> 
     </span>
    </p>
   </div>
   <div class='ocr_carea' id='block_1_85' title="bbox 503 5113 2068 5191">
    <p class='ocr_par' dir='ltr' id='par_1_85' title="bbox 503 5113 2068 5191">
     <span class='ocr_line' id='line_1_86' title="bbox 503 5113 2068 5191; baseline -0.006 -17"><span class='ocrx_word' id='word_1_619' title='bbox 503 5113 734 5176; x_wconf 64' lang='lat' dir='ltr'><strong>tulorum</strong></span> <span class='ocrx_word' id='word_1_620' title='bbox 766 5121 970 5174; x_wconf 84' lang='lat' dir='ltr'><strong>indiciis</strong></span> <span class='ocrx_word' id='word_1_621' title='bbox 1005 5120 1056 5171; x_wconf 85' lang='lat' dir='ltr'><strong>in</strong></span> <span class='ocrx_word' id='word_1_622' title='bbox 1093 5116 1306 5191; x_wconf 82' lang='lat' dir='ltr'><strong>modum</strong></span> <span class='ocrx_word' id='word_1_623' title='bbox 1330 5113 1577 5191; x_wconf 77' lang='lat' dir='ltr'><strong>Cypriani</strong></span> <span class='ocrx_word' id='word_1_624' title='bbox 1613 5113 1860 5191; x_wconf 75' lang='lat' dir='ltr'><strong>martyris</strong></span> <span class='ocrx_word' id='word_1_625' title='bbox 1888 5115 2068 5191; x_wconf 70' lang='grc' dir='ltr'><strong>βπ·ωεὶ-</strong></span> 
     </span>
    </p>
   </div>
   <div class='ocr_carea' id='block_1_86' title="bbox 499 5183 2066 5262">
    <p class='ocr_par' dir='ltr' id='par_1_86' title="bbox 499 5183 2066 5262">
     <span class='ocr_line' id='line_1_87' title="bbox 499 5183 2066 5262; baseline -0.006 -18"><span class='ocrx_word' id='word_1_626' title='bbox 499 5200 748 5262; x_wconf 56' lang='lat' dir='ltr'><strong>gnatum.</strong></span> <span class='ocrx_word' id='word_1_627' title='bbox 785 5191 1068 5262; x_wconf 78' lang='lat' dir='ltr'><strong>Postquam</strong></span> <span class='ocrx_word' id='word_1_628' title='bbox 1092 5201 1234 5262; x_wconf 69' lang='grc' dir='ltr'><strong>ΔνιιιὊ</strong></span> <span class='ocrx_word' id='word_1_629' title='bbox 1271 5183 1560 5262; x_wconf 40' lang='lat' dir='ltr'><strong>liuireticus</strong></span> <span class='ocrx_word' id='word_1_630' title='bbox 1607 5183 1902 5251; x_wconf 88' lang='lat' dir='ltr'><strong>publicatus</strong></span> <span class='ocrx_word' id='word_1_631' title='bbox 1947 5190 2066 5248; x_wconf 88' lang='lat' dir='ltr'><strong>est,</strong></span> 
     </span>
    </p>
   </div>
   <div class='ocr_carea' id='block_1_87' title="bbox 497 5254 1337 5331">
    <p class='ocr_par' dir='ltr' id='par_1_87' title="bbox 497 5254 1337 5331">
     <span class='ocr_line' id='line_1_88' title="bbox 497 5254 1337 5331; baseline -0.013 -15"><span class='ocrx_word' id='word_1_632' title='bbox 497 5254 712 5331; x_wconf 69' lang='lat' dir='ltr'><strong>scripsit</strong></span> <span class='ocrx_word' id='word_1_633' title='bbox 736 5254 1060 5314; x_wconf 56' lang='lat' dir='ltr'><strong>hazresi&#39;sua‘.</strong></span> <span class='ocrx_word' id='word_1_634' title='bbox 1089 5254 1337 5331; x_wconf 51' lang='lat' dir='ltr'><strong>(arentia.</strong></span> 
     </span>
    </p>
   </div>
   <div class='ocr_carea' id='block_1_88' title="bbox 1086 5323 1479 5391">
    <p class='ocr_par' dir='ltr' id='par_1_88' title="bbox 1086 5323 1479 5391">
     <span class='ocr_line' id='line_1_89' title="bbox 1086 5323 1479 5391; baseline -0.01 -15"><span class='ocrx_word' id='word_1_635' title='bbox 1086 5324 1109 5376; x_wconf 85' lang='grc' dir='ltr'><strong><em>Ι</em></strong></span> <span class='ocrx_word' id='word_1_636' title='bbox 1117 5326 1248 5391; x_wconf 85' lang='lat' dir='ltr'><strong>dem,</strong></span> <span class='ocrx_word' id='word_1_637' title='bbox 1278 5323 1479 5377; x_wconf 83' lang='lat' dir='ltr'><strong>ibidem.</strong></span> 
     </span>
    </p>
   </div>
   <div class='ocr_carea' id='block_1_89' title="bbox 571 5392 2066 5462">
    <p class='ocr_par' dir='ltr' id='par_1_89' title="bbox 571 5392 2066 5462">
     <span class='ocr_line' id='line_1_90' title="bbox 571 5392 2066 5462; baseline -0.009 -6"><span class='ocrx_word' id='word_1_638' title='bbox 571 5398 856 5456; x_wconf 54' lang='lat' dir='ltr'><strong>Caelestius</strong></span> <span class='ocrx_word' id='word_1_639' title='bbox 907 5403 1186 5462; x_wconf 86' lang='lat' dir='ltr'><strong>antequam</strong></span> <span class='ocrx_word' id='word_1_640' title='bbox 1246 5394 1311 5446; x_wconf 87' lang='lat' dir='ltr'><strong>ad</strong></span> <span class='ocrx_word' id='word_1_641' title='bbox 1365 5392 1633 5460; x_wconf 76' lang='lat' dir='ltr'><strong>Pelagium</strong></span> <span class='ocrx_word' id='word_1_642' title='bbox 1687 5398 2066 5462; x_wconf 80' lang='lat' dir='ltr'><strong>concurreret,</strong></span> 
     </span>
    </p>
   </div>
   <div class='ocr_carea' id='block_1_90' title="bbox 499 5461 2072 5530">
    <p class='ocr_par' dir='ltr' id='par_1_90' title="bbox 499 5461 2072 5530">
     <span class='ocr_line' id='line_1_91' title="bbox 499 5461 2072 5530; baseline -0.01 -4"><span class='ocrx_word' id='word_1_643' title='bbox 499 5472 610 5526; x_wconf 84' lang='lat' dir='ltr'><strong>imo</strong></span> <span class='ocrx_word' id='word_1_644' title='bbox 644 5470 819 5524; x_wconf 90' lang='lat' dir='ltr'><strong>adhuc</strong></span> <span class='ocrx_word' id='word_1_645' title='bbox 858 5461 1202 5529; x_wconf 85' lang='lat' dir='ltr'><strong>adolescens,</strong></span> <span class='ocrx_word' id='word_1_646' title='bbox 1235 5463 1444 5530; x_wconf 85' lang='lat' dir='ltr'><strong>scripsit</strong></span> <span class='ocrx_word' id='word_1_647' title='bbox 1471 5463 1535 5514; x_wconf 88' lang='lat' dir='ltr'><strong>ad</strong></span> <span class='ocrx_word' id='word_1_648' title='bbox 1566 5469 1811 5530; x_wconf 87' lang='lat' dir='ltr'><strong>parentes</strong></span> <span class='ocrx_word' id='word_1_649' title='bbox 1845 5473 1969 5512; x_wconf 91' lang='lat' dir='ltr'><strong>suos</strong></span> <span class='ocrx_word' id='word_1_650' title='bbox 2006 5461 2072 5511; x_wconf 89' lang='lat' dir='ltr'><strong>de</strong></span> 
     </span>
    </p>
   </div>
   <div class='ocr_carea' id='block_1_91' title="bbox 501 5530 2071 5606">
    <p class='ocr_par' dir='ltr' id='par_1_91' title="bbox 501 5530 2071 5606">
     <span class='ocr_line' id='line_1_92' title="bbox 501 5530 2071 5606; baseline -0.009 -10"><span class='ocrx_word' id='word_1_651' title='bbox 501 5539 824 5596; x_wconf 85' lang='lat' dir='ltr'><strong>monasterio</strong></span> <span class='ocrx_word' id='word_1_652' title='bbox 851 5535 1103 5606; x_wconf 77' lang='lat' dir='ltr'><strong>epistolas</strong></span> <span class='ocrx_word' id='word_1_653' title='bbox 1125 5533 1179 5587; x_wconf 89' lang='lat' dir='ltr'><strong>in</strong></span> <span class='ocrx_word' id='word_1_654' title='bbox 1211 5533 1422 5587; x_wconf 91' lang='lat' dir='ltr'><strong>modum</strong></span> <span class='ocrx_word' id='word_1_655' title='bbox 1447 5531 1743 5585; x_wconf 89' lang='lat' dir='ltr'><strong>libellorum</strong></span> <span class='ocrx_word' id='word_1_656' title='bbox 1777 5536 1906 5594; x_wconf 85' lang='lat' dir='ltr'><strong>tres,</strong></span> <span class='ocrx_word' id='word_1_657' title='bbox 1926 5530 2071 5582; x_wconf 92' lang='lat' dir='ltr'><strong>omni</strong></span> 
     </span>
    </p>
   </div>
   <div class='ocr_carea' id='block_1_92' title="bbox 558 5664 2073 5726">
    <p class='ocr_par' dir='ltr' id='par_1_92' title="bbox 558 5664 2073 5726">
     <span class='ocr_line' id='line_1_93' title="bbox 558 5664 2073 5726; baseline -0.005 -6"><span class='ocrx_word' id='word_1_658' title='bbox 558 5672 578 5704; x_wconf 77' lang='grc' dir='ltr'>ι</span> <span class='ocrx_word' id='word_1_659' title='bbox 602 5673 652 5721; x_wconf 76' lang='lat' dir='ltr'><strong>In</strong></span> <span class='ocrx_word' id='word_1_660' title='bbox 672 5669 900 5722; x_wconf 72' lang='lat' dir='ltr'><strong>Gennadii</strong></span> <span class='ocrx_word' id='word_1_661' title='bbox 923 5668 1067 5720; x_wconf 85' lang='lat' dir='ltr'><strong>editis</strong></span> <span class='ocrx_word' id='word_1_662' title='bbox 1097 5670 1281 5723; x_wconf 86' lang='lat' dir='ltr'><strong>deerat,</strong></span> <span class='ocrx_word' id='word_1_663' title='bbox 1311 5667 1455 5714; x_wconf 76' lang='lat' dir='ltr'><strong>Brito.</strong></span> <span class='ocrx_word' id='word_1_664' title='bbox 1478 5670 1643 5726; x_wconf 69' lang='lat' dir='ltr'><strong>Exstat</strong></span> <span class='ocrx_word' id='word_1_665' title='bbox 1673 5665 1720 5712; x_wconf 89' lang='lat' dir='ltr'><strong>in</strong></span> <span class='ocrx_word' id='word_1_666' title='bbox 1744 5664 2073 5726; x_wconf 82' lang='lat' dir='ltr'><strong>antiquissimo</strong></span> 
     </span>
    </p>
   </div>
   <div class='ocr_carea' id='block_1_93' title="bbox 494 5723 1934 5793">
    <p class='ocr_par' dir='ltr' id='par_1_93' title="bbox 494 5723 1934 5793">
     <span class='ocr_line' id='line_1_94' title="bbox 494 5723 1934 5793; baseline -0.006 -10"><span class='ocrx_word' id='word_1_667' title='bbox 494 5733 772 5784; x_wconf 67' lang='lat' dir='ltr'><strong>mbeiensi</strong></span> <span class='ocrx_word' id='word_1_668' title='bbox 792 5730 1078 5793; x_wconf 81' lang='lat' dir='ltr'><strong>exemplari,</strong></span> <span class='ocrx_word' id='word_1_669' title='bbox 1102 5728 1189 5778; x_wconf 85' lang='lat' dir='ltr'><strong>sed</strong></span> <span class='ocrx_word' id='word_1_670' title='bbox 1213 5728 1451 5790; x_wconf 80' lang='lat' dir='ltr'><strong>geminata</strong></span> <span class='ocrx_word' id='word_1_671' title='bbox 1475 5725 1632 5775; x_wconf 88' lang='lat' dir='ltr'><strong>littera</strong></span> <span class='ocrx_word' id='word_1_672' title='bbox 1656 5731 1672 5774; x_wconf 93' lang='lat' dir='ltr'><strong>t</strong></span> <span class='ocrx_word' id='word_1_673' title='bbox 1696 5733 1731 5786; x_wconf 82' lang='grc' dir='ltr'><strong>ι,</strong></span> <span class='ocrx_word' id='word_1_674' title='bbox 1771 5723 1934 5774; x_wconf 70' lang='lat' dir='ltr'><strong>mitto.</strong></span> 
     </span>
    </p>
   </div>
   <div class='ocr_carea' id='block_1_94' title="bbox 2177 4971 3759 5022">
    <p class='ocr_par' dir='ltr' id='par_1_94' title="bbox 2177 4971 3759 5022">
     <span class='ocr_line' id='line_1_95' title="bbox 2177 4971 3759 5022; baseline 0.008 -13"><span class='ocrx_word' id='word_1_675' title='bbox 2177 4971 2436 5010; x_wconf 64' lang='grc' dir='ltr'><strong>Αῡνιειιίυς</strong></span> <span class='ocrx_word' id='word_1_676' title='bbox 2479 4974 2716 5014; x_wconf 67' lang='grc' dir='ltr'><strong>Μειιεεῐι</strong></span> <span class='ocrx_word' id='word_1_677' title='bbox 2759 4977 2962 5017; x_wconf 64' lang='grc' dir='ltr'><strong>Ρειλωι</strong></span> <span class='ocrx_word' id='word_1_678' title='bbox 3009 4979 3074 5017; x_wconf 78' lang='grc' dir='ltr'><strong>ΕΤ</strong></span> <span class='ocrx_word' id='word_1_679' title='bbox 3122 4979 3383 5019; x_wconf 68' lang='grc' dir='ltr'><strong>οωιεετιι</strong></span> <span class='ocrx_word' id='word_1_680' title='bbox 3434 4981 3540 5019; x_wconf 72' lang='grc' dir='ltr'><strong>γει.</strong></span> <span class='ocrx_word' id='word_1_681' title='bbox 3588 4982 3759 5022; x_wconf 64' lang='grc' dir='ltr'><strong>ετῐλυ</strong></span> 
     </span>
    </p>
   </div>
   <div class='ocr_carea' id='block_1_95' title="bbox 2244 5041 3684 5091">
    <p class='ocr_par' dir='ltr' id='par_1_95' title="bbox 2244 5041 3684 5091">
     <span class='ocr_line' id='line_1_96' title="bbox 2244 5041 3684 5091; baseline 0.007 -13"><span class='ocrx_word' id='word_1_682' title='bbox 2244 5041 2457 5080; x_wconf 73' lang='grc' dir='ltr'><strong>δοιιηιτΑ</strong></span> <span class='ocrx_word' id='word_1_683' title='bbox 2487 5044 2681 5082; x_wconf 72' lang='lat' dir='ltr'>IULIANI</span> <span class='ocrx_word' id='word_1_684' title='bbox 2700 5048 2730 5084; x_wconf 81' lang='grc' dir='ltr'><strong>Α</strong></span> <span class='ocrx_word' id='word_1_685' title='bbox 2749 5046 2909 5086; x_wconf 71' lang='lat' dir='ltr'><strong>MARIO</strong></span> <span class='ocrx_word' id='word_1_686' title='bbox 2933 5048 3248 5088; x_wconf 74' lang='lat' dir='ltr'><strong>IERCATORE</strong></span> <span class='ocrx_word' id='word_1_687' title='bbox 3269 5050 3435 5089; x_wconf 69' lang='lat' dir='ltr'><strong>SEBVO</strong></span> <span class='ocrx_word' id='word_1_688' title='bbox 3452 5051 3684 5091; x_wconf 67' lang='lat' dir='ltr'><strong>CHRISTI.</strong></span> 
     </span>
    </p>
   </div>
   <div class='ocr_carea' id='block_1_96' title="bbox 2247 5118 3761 5195">
    <p class='ocr_par' dir='ltr' id='par_1_96' title="bbox 2247 5118 3761 5195">
     <span class='ocr_line' id='line_1_97' title="bbox 2247 5118 3761 5195; baseline 0.007 -25"><span class='ocrx_word' id='word_1_689' title='bbox 2247 5119 2296 5195; x_wconf 80' lang='lat' dir='ltr'><strong>l_.</strong></span> <span class='ocrx_word' id='word_1_690' title='bbox 2339 5118 2570 5195; x_wconf 67' lang='lat' dir='ltr'><strong>Quaestio</strong></span> <span class='ocrx_word' id='word_1_691' title='bbox 2619 5132 2800 5175; x_wconf 79' lang='lat' dir='ltr'><strong>contra</strong></span> <span class='ocrx_word' id='word_1_692' title='bbox 2861 5123 3182 5178; x_wconf 85' lang='lat' dir='ltr'><strong>catholicam</strong></span> <span class='ocrx_word' id='word_1_693' title='bbox 3226 5125 3382 5180; x_wconf 83' lang='lat' dir='ltr'><strong>fidem</strong></span> <span class='ocrx_word' id='word_1_694' title='bbox 3435 5129 3580 5195; x_wconf 89' lang='lat' dir='ltr'><strong>apud</strong></span> <span class='ocrx_word' id='word_1_695' title='bbox 3626 5145 3761 5182; x_wconf 84' lang='lat' dir='ltr'><strong>non-</strong></span> 
     </span>
    </p>
   </div>
   <div class='ocr_carea' id='block_1_97' title="bbox 2188 5189 3763 5263">
    <p class='ocr_par' dir='ltr' id='par_1_97' title="bbox 2188 5189 3763 5263">
     <span class='ocr_line' id='line_1_98' title="bbox 2188 5189 3763 5263; baseline 0.007 -23"><span class='ocrx_word' id='word_1_696' title='bbox 2188 5189 2360 5263; x_wconf 80' lang='lat' dir='ltr'><strong>nullos</strong></span> <span class='ocrx_word' id='word_1_697' title='bbox 2388 5189 2639 5263; x_wconf 78' lang='lat' dir='ltr'><strong>Syrorum</strong></span> <span class='ocrx_word' id='word_1_698' title='bbox 2666 5231 2678 5252; x_wconf 83' lang='lat'><strong>,</strong></span> <span class='ocrx_word' id='word_1_699' title='bbox 2702 5201 2756 5246; x_wconf 91' lang='lat' dir='ltr'><strong>et</strong></span> <span class='ocrx_word' id='word_1_700' title='bbox 2794 5195 3060 5263; x_wconf 70' lang='lat' dir='ltr'><strong>prmcipue</strong></span> <span class='ocrx_word' id='word_1_701' title='bbox 3106 5196 3155 5248; x_wconf 92' lang='lat' dir='ltr'><strong>in</strong></span> <span class='ocrx_word' id='word_1_702' title='bbox 3185 5196 3360 5250; x_wconf 89' lang='lat' dir='ltr'><strong>Cilicia</strong></span> <span class='ocrx_word' id='word_1_703' title='bbox 3401 5211 3429 5249; x_wconf 91' lang='lat' dir='ltr'><strong>a</strong></span> <span class='ocrx_word' id='word_1_704' title='bbox 3470 5189 3763 5252; x_wconf 70' lang='lat' dir='ltr'><strong>Theodoro</strong></span> 
     </span>
    </p>
   </div>
   <div class='ocr_carea' id='block_1_98' title="bbox 2179 5258 3761 5337">
    <p class='ocr_par' dir='ltr' id='par_1_98' title="bbox 2179 5258 3761 5337">
     <span class='ocr_line' id='line_1_99' title="bbox 2179 5258 3761 5337; baseline 0.009 -29"><span class='ocrx_word' id='word_1_705' title='bbox 2179 5258 2441 5337; x_wconf 79' lang='lat' dir='ltr'><strong>quondam</strong></span> <span class='ocrx_word' id='word_1_706' title='bbox 2470 5261 2720 5328; x_wconf 87' lang='lat' dir='ltr'><strong>episcopo</strong></span> <span class='ocrx_word' id='word_1_707' title='bbox 2773 5258 3292 5330; x_wconf 43' lang='lat' dir='ltr'><strong>oppidi—Mansisteni</strong></span> <span class='ocrx_word' id='word_1_708' title='bbox 3336 5265 3409 5337; x_wconf 84' lang='grc' dir='ltr'><strong>(α)</strong></span> <span class='ocrx_word' id='word_1_709' title='bbox 3436 5267 3761 5336; x_wconf 85' lang='lat' dir='ltr'><strong>jamdudum</strong></span> 
     </span>
    </p>
   </div>
   <div class='ocr_carea' id='block_1_99' title="bbox 2174 5336 3757 5403">
    <p class='ocr_par' dir='ltr' id='par_1_99' title="bbox 2174 5336 3757 5403">
     <span class='ocr_line' id='line_1_100' title="bbox 2174 5336 3757 5403; baseline 0.009 -24"><span class='ocrx_word' id='word_1_710' title='bbox 2174 5336 2350 5392; x_wconf 84' lang='lat' dir='ltr'><strong>mota,</strong></span> <span class='ocrx_word' id='word_1_711' title='bbox 2381 5344 2518 5382; x_wconf 87' lang='lat' dir='ltr'><strong>nunc</strong></span> <span class='ocrx_word' id='word_1_712' title='bbox 2564 5345 2728 5400; x_wconf 87' lang='lat' dir='ltr'><strong>usque</strong></span> <span class='ocrx_word' id='word_1_713' title='bbox 2771 5347 2933 5400; x_wconf 87' lang='lat' dir='ltr'><strong>penes</strong></span> <span class='ocrx_word' id='word_1_714' title='bbox 2980 5348 3178 5403; x_wconf 90' lang='lat' dir='ltr'><strong>paucos</strong></span> <span class='ocrx_word' id='word_1_715' title='bbox 3231 5336 3413 5390; x_wconf 87' lang='lat' dir='ltr'><strong>eorum</strong></span> <span class='ocrx_word' id='word_1_716' title='bbox 3460 5337 3757 5394; x_wconf 82' lang='lat' dir='ltr'><strong>admodum</strong></span> 
     </span>
    </p>
   </div>
   <div class='ocr_carea' id='block_1_100' title="bbox 2237 5480 3765 5548">
    <p class='ocr_par' dir='ltr' id='par_1_100' title="bbox 2237 5480 3765 5548">
     <span class='ocr_line' id='line_1_101' title="bbox 2237 5480 3765 5548; baseline 0.007 -19"><span class='ocrx_word' id='word_1_717' title='bbox 2237 5480 2616 5548; x_wconf 79' lang='lat' dir='ltr'><strong>(a)t.egendutn,</strong></span> <span class='ocrx_word' id='word_1_718' title='bbox 2634 5483 2960 5548; x_wconf 60' lang='lat' dir='ltr'><strong>mopsiwsteni.</strong></span> <span class='ocrx_word' id='word_1_719' title='bbox 2982 5485 3177 5536; x_wconf 82' lang='lat' dir='ltr'><strong>Photius</strong></span> <span class='ocrx_word' id='word_1_720' title='bbox 3197 5487 3247 5536; x_wconf 87' lang='lat' dir='ltr'><strong>in</strong></span> <span class='ocrx_word' id='word_1_721' title='bbox 3272 5486 3612 5540; x_wconf 84' lang='lat' dir='ltr'><strong>Biblioth.eod.</strong></span> <span class='ocrx_word' id='word_1_722' title='bbox 3641 5490 3765 5548; x_wconf 66' lang='grc' dir='ltr'><strong>επ.</strong></span> 
     </span>
    </p>
   </div>
   <div class='ocr_carea' id='block_1_101' title="bbox 2174 5544 3767 5605">
    <p class='ocr_par' dir='ltr' id='par_1_101' title="bbox 2174 5544 3767 5605">
     <span class='ocr_line' id='line_1_102' title="bbox 2174 5544 3767 5605; baseline 0.006 -14"><span class='ocrx_word' id='word_1_723' title='bbox 2174 5550 2407 5605; x_wconf 84' lang='lat' dir='ltr'><strong>memorat</strong></span> <span class='ocrx_word' id='word_1_724' title='bbox 2450 5544 2666 5605; x_wconf 86' lang='lat' dir='ltr'><strong>quinque</strong></span> <span class='ocrx_word' id='word_1_725' title='bbox 2711 5544 2858 5594; x_wconf 88' lang='lat' dir='ltr'><strong>libros</strong></span> <span class='ocrx_word' id='word_1_726' title='bbox 2899 5546 3141 5596; x_wconf 84' lang='lat' dir='ltr'><strong>Theodori</strong></span> <span class='ocrx_word' id='word_1_727' title='bbox 3193 5566 3215 5594; x_wconf 76' lang='grc' dir='ltr'>ι</span> <span class='ocrx_word' id='word_1_728' title='bbox 3257 5557 3422 5598; x_wconf 85' lang='lat' dir='ltr'><strong>contra</strong></span> <span class='ocrx_word' id='word_1_729' title='bbox 3469 5544 3767 5601; x_wconf 58' lang='lat' dir='ltr'><strong>asserentes</strong></span> 
     </span>
    </p>
   </div>
   <div class='ocr_carea' id='block_1_102' title="bbox 2176 5604 3767 5673">
    <p class='ocr_par' dir='ltr' id='par_1_102' title="bbox 2176 5604 3767 5673">
     <span class='ocr_line' id='line_1_103' title="bbox 2176 5604 3767 5673; baseline 0.008 -25"><span class='ocrx_word' id='word_1_730' title='bbox 2176 5615 2378 5673; x_wconf 61' lang='lat' dir='ltr'><strong>peciare</strong></span> <span class='ocrx_word' id='word_1_731' title='bbox 2399 5604 2642 5652; x_wconf 90' lang='lat' dir='ltr'><strong>hominem</strong></span> <span class='ocrx_word' id='word_1_732' title='bbox 2667 5615 2979 5673; x_wconf 80' lang='lat' dir='ltr'><strong>natura,_non</strong></span> <span class='ocrx_word' id='word_1_733' title='bbox 2997 5609 3253 5673; x_wconf 48' lang='lat' dir='ltr'><strong>uoluntate</strong></span> <span class='ocrx_word' id='word_1_734' title='bbox 3279 5623 3291 5657; x_wconf 93' lang='lat'><strong>:</strong></span> <span class='ocrx_word' id='word_1_735' title='bbox 3318 5626 3340 5654; x_wconf 78' lang='grc' dir='ltr'><strong>ι</strong></span> <span class='ocrx_word' id='word_1_736' title='bbox 3369 5623 3429 5660; x_wconf 90' lang='lat' dir='ltr'><strong>re</strong></span> <span class='ocrx_word' id='word_1_737' title='bbox 3465 5612 3564 5673; x_wconf 72' lang='lat' dir='ltr'><strong>ipsa</strong></span> <span class='ocrx_word' id='word_1_738' title='bbox 3590 5620 3767 5661; x_wconf 82' lang='lat' dir='ltr'><strong>autem</strong></span> 
     </span>
    </p>
   </div>
   <div class='ocr_carea' id='block_1_103' title="bbox 2176 5666 3767 5733">
    <p class='ocr_par' dir='ltr' id='par_1_103' title="bbox 2176 5666 3767 5733">
     <span class='ocr_line' id='line_1_104' title="bbox 2176 5666 3767 5733; baseline 0.006 -21"><span class='ocrx_word' id='word_1_739' title='bbox 2176 5666 2378 5724; x_wconf 78' lang='lat' dir='ltr'><strong>scriptos</strong></span> <span class='ocrx_word' id='word_1_740' title='bbox 2398 5673 2562 5733; x_wconf 78' lang='lat' dir='ltr'><strong>contra</strong></span> <span class='ocrx_word' id='word_1_741' title='bbox 2589 5668 2774 5733; x_wconf 67' lang='lat' dir='ltr'><strong>peccati</strong></span> <span class='ocrx_word' id='word_1_742' title='bbox 2809 5669 3055 5733; x_wconf 72' lang='lat' dir='ltr'><strong>originalis</strong></span> <span class='ocrx_word' id='word_1_743' title='bbox 3077 5678 3348 5720; x_wconf 83' lang='lat' dir='ltr'><strong>assertores</strong></span> <span class='ocrx_word' id='word_1_744' title='bbox 3373 5705 3391 5733; x_wconf 76' lang='lat'><strong>,</strong></span> <span class='ocrx_word' id='word_1_745' title='bbox 3415 5666 3767 5733; x_wconf 70' lang='lat' dir='ltr'><strong>Hieronymus:</strong></span> 
     </span>
    </p>
   </div>
   <div class='ocr_carea' id='block_1_104' title="bbox 2178 5728 3769 5790">
    <p class='ocr_par' dir='ltr' id='par_1_104' title="bbox 2178 5728 3769 5790">
     <span class='ocr_line' id='line_1_105' title="bbox 2178 5728 3769 5790; baseline 0.006 -17"><span class='ocrx_word' id='word_1_746' title='bbox 2178 5729 2548 5787; x_wconf 72' lang='lat' dir='ltr'><strong>ctAugustinuut</strong></span> <span class='ocrx_word' id='word_1_747' title='bbox 2571 5728 2786 5790; x_wconf 77' lang='lat' dir='ltr'><strong>aliosque</strong></span> <span class='ocrx_word' id='word_1_748' title='bbox 2818 5728 3091 5780; x_wconf 82' lang='lat' dir='ltr'><strong>catholicos.</strong></span> <span class='ocrx_word' id='word_1_749' title='bbox 3125 5739 3238 5780; x_wconf 60' lang='lat' dir='ltr'><strong>nam</strong></span> <span class='ocrx_word' id='word_1_750' title='bbox 3262 5728 3616 5781; x_wconf 73' lang='lat' dir='ltr'><strong>inadversariis</strong></span> <span class='ocrx_word' id='word_1_751' title='bbox 3653 5735 3769 5783; x_wconf 69' lang='lat' dir='ltr'><strong>suis</strong></span> 
     </span>
    </p>
   </div>
  </div>
