3970 6184
397 297 531 353 1719

397 412 528 484 quod
573 411 696 481 quia
723 412 849 468 vires
878 421 1073 469 natura:
1096 424 1196 467 non
1223 412 1428 479 habent,
1445 418 1670 484 conferri
1689 429 1888 467 necesse
1907 422 1978 466 est

398 501 485 552 per
515 488 691 554 gratia:
715 485 1019 554 largitatem.

468 551 524 608 δέ
561 551 844 608 Caelestius
873 555 1111 624 adjungit
1155 563 1209 608 et
1231 553 1359 608 dicit
1383 571 1396 606 :
1429 551 1493 606 In
1519 555 1857 608 remissionem
1886 570 1980 605 an-

398 637 494 677 tem
525 636 841 693 peccatorum
873 625 1202 696 baptizando:
1227 626 1447 696 infantes
1485 625 1801 696 nonidcirco
1840 625 1977 696 dixis

401 712 530 759 mus,
559 702 614 746 ut
641 707 902 764 peccatum
940 711 1004 748 ex
1044 695 1249 749 traduce
1285 694 1492 763 ﬁrmare
1517 695 1776 747 videamur
1798 711 1816 747 :
1845 694 1982 763 quod

399 764 543 834 longe
564 780 593 835 ᾳ
615 763 864 818 catholico
894 781 1041 819 scnsn
1070 767 1290 821 alienum
1313 775 1404 819 est.
1441 765 1573 830 Quia
1595 775 1851 835 peceatum
1880 781 1981 817 non

396 851 509 886 cum
556 834 757 887 homine
803 836 1043 900 nascitur,
1075 835 1209 904 quod
1255 836 1570 899 postmodum
1596 834 1873 890 exercetur
1919 835 1982 888 ab

397 905 599 958 homine
620 920 638 958 :
662 906 780 974 quia
809 923 907 958 non
937 916 1134 959 natnrm
1176 906 1436 964 delictum,
1465 906 1552 960 sed
1581 907 1849 958 voluntatis
1875 921 1982 958 esse

399 984 724 1046 monstratur.
750 975 816 1029 Et
842 976 974 1030 illud
994 993 1112 1046 ergo
1132 978 1357 1036 conﬁteri
1384 992 1680 1046 congruum,
1701 992 1763 1028 ne
1786 975 1982 1046 diversa

398 1044 726 1113 Baptismatis
746 1063 928 1117 genera
957 1044 1122 1117 facere
1146 1046 1438 1110 videamur;
1479 1044 1529 1100 et
1553 1046 1649 1098 hoc
1678 1045 1983 1117 prtemunire

399 1113 848 1187 nccessarinmrst,
885 1113 1061 1186 ne'per
1099 1117 1322 1187 mysterii
1363 1113 1695 1187 occasionem,
1725 1116 1791 1168 ad
1830 1113 1982 1187 Creo:

400 1188 522 1238 toria
551 1185 792 1255 injnrimn
835 1188 1040 1248 nmium,
1080 1185 1348 1255 anlequam
1389 1187 1480 1252 ﬁat
1505 1187 1568 1239 ab
1594 1186 1814 1246 homine,
1847 1186 1981 1238 tradi

399 1256 598 1308 dicatur
626 1257 819 1309 homini
847 1273 935 1326 per
958 1267 1209 1320 naturam,
1240 1266 1342 1312 etc.
1385 1256 1487 1311 Sed
1523 1256 1984 1326 mttllumsmiseri-

400 1341 522 1380 cors
561 1324 868 1398 memorata:
919 1326 1239 1398 (Romamn)
1293 1326 1446 1398 sedis
1496 1328 1718 1398 antistes
1739 1324 1836 1396 (a),
1890 1326 1981 1380 ubi

401 1412 522 1448 cum
555 1396 684 1451 vidit
716 1396 839 1451 ferri
874 1405 1016 1451 tanta
1050 1396 1463 1465 pratsu'mptione
1491 1397 1833 1465 przccipitem,
1868 1405 1986 1450 tan-

401 1482 556 1535 quam
604 1467 885 1533 furentem,
917 1467 1088 1522 donec
1131 1467 1175 1523 si
1217 1469 1332 1520 fieri
1377 1476 1579 1536 posset.
1620 1465 1981 1534 resipisceret,

403 1536 588 1590 maluit
630 1553 751 1592 eum
798 1537 996 1592 sensim
1043 1538 1154 1592 suis
1203 1537 1702 1607 interrogationibus
1745 1545 1801 1607 et
1831 1537 1985 1607 illius

405 1607 857 1678 responsionibns
893 1609 1144 1678 colligare
1168 1650 1184 1673 ,
1237 1605 1423 1677 qn:th
1452 1606 1693 1661 districta
1746 1605 1985 1678 feriendo

405 1678 668 1731 sentenzia
715 1679 766 1730 in
811 1677 937 1731 illud
988 1676 1301 1744 abruptum,
1347 1692 1452 1746 quo
1498 1677 1607 1746 jam
1654 1676 1987 1744 propendere

407 1746 710 1811 \idebatur,
759 1748 1050 1815 impellere.
1094 1746 1218 1801 Ideo
1261 1758 1436 1801 autem
1481 1763 1587 1800 non
1629 1747 1736 1800 dixi
1781 1756 1983 1816 aperte,

405 1816 714 1878 ceciderat;
768 1817 896 1878 Sed,
962 1818 1292 1885 propendere
1343 1817 1666 1879 videbatur;
1717 1818 1838 1887 quia
1891 1831 1984 1870 su-

405 1888 584 1955 pvrius
617 1889 665 1939 in
706 1887 892 1941 eodem
936 1888 1112 1943 libello
1156 1904 1253 1942 suo
1291 1888 1358 1942 de
1388 1887 1688 1956 bujusmodi
1731 1888 1984 1954 quaestio-

408 1957 561 2009 nibus
591 1957 865 2011 locuturus
892 1969 1015 2011 ante
1060 1957 1376 2025 przrdixcrat
1408 1975 1422 2011 :
1468 1958 1528 2012 Si
1557 1962 1684 2027 forte
1721 1967 1776 2010 ut
1819 1957 1986 2010 homi-

407 2027 551 2108 nibus
566 2028 816 2098 quispiam
841 2029 1140 2098 ignorantia:
1153 2044 1293 2081 error
1310 2027 1545 2098 obrepsit,
1565 2037 1725 2081 vestra
1745 2029 1988 2081 sententia

409 2107 712 2167 corrigatur.

783 2190 1002 2245 ZUSIMI
1041 2190 1244 2245 ΡΜ)Ᾱῦ
1282 2184 1609 2247 EPISTOLA

556 2296 623 2333 AD
651 2296 939 2336 APRICANOS
968 2295 1242 2337 EPISCOPOS
1272 2295 1339 2336 DE
1366 2297 1531 2337 CAUSA
1560 2297 1842 2337 C(ELES’I'II.

407 2369 666 2452 Zosmns,
702 2371 945 2454 A'uneifio
971 2380 1027 2453 et
1050 2371 1313 2454 universis
1339 2372 1606 2454 episcopis
1636 2387 1729 2454 per
1755 2372 1991 2454 Africam

479 2441 803 2563 Icoluistitutis,
833 2441 1196 2498 dilectissimis
1235 2441 1533 2508 fratribus,
1553 2443 1604 2496 in
1639 2441 1874 2499 Domino
1903 2458 1990 2500 sa-

503 2526 532 2563 ιι
559 2526 665 2563 em.

503 2526 665 2565 utem.

481 2601 532 2652 l.
574 2599 844 2671 Magnum,
872 2600 1080 2669 pondus
1121 2601 1381 2655 examinis
1427 2616 1613 2671 magna
1659 2602 1983 2669 desiderant,

411 2679 470 2723 nt
515 2685 619 2722 non
660 2669 729 2740 sit
772 2669 937 2740 rebus
967 2671 1096 2738 ipsis
1123 2687 1242 2740 qua:
1285 2669 1561 2740 geruntur,
1590 2671 1808 2727 inferior
1857 2674 1987 2728 libra

406 2740 611 2809 iudicii.
655 2739 748 2795 His
782 2739 988 2794 accedit
1025 2739 1328 2808 apostolicae
1372 2741 1528 2796 Sedis
1565 2745 1871 2807 auctoritas,
1905 2746 1989 2799 cui

413 2812 464 2882 in
509 2809 763 2864 honorem
807 2810 1099 2882 beatissimi
1144 2811 1284 2865 Petri
1325 2810 1539 2864 Patrum
1575 2812 1790 2868 decreta
1825 2829 1988 2882 pecu-

413 2880 594 2935 liarem
653 2881 936 2950 quamdam
1002 2895 1230 2936 sanxere
1290 2882 1663 2936 reverentiam.
1719 2880 1989 2940 Orandum

413 2950 592 3020 igitur,
621 2960 692 3023 _et
740 2953 1067 3023 incessanter
1097 2951 1389 3023 forandum,
1435 2961 1490 3006 ut
1529 2953 1776 3008 continua
1820 2956 1989 3023 gratia

412 3021 738 3090 perennique
787 3021 1052 3090 adiutorio
1096 3021 1224 3086 Dei,
1263 3037 1329 3077 ex
1375 3022 1478 3076 hoc
1523 3023 1667 3078 fonte
1715 3024 1766 3078 in
1822 3021 1988 3079 totum

412 3091 594 3145 orbem
647 3107 742 3160 pax
793 3091 914 3146 fidei
958 3102 1014 3146 et
1055 3091 1332 3147 catholica:
1374 3092 1646 3148 societatis
1686 3095 1846 3149 nullis
1885 3111 1986 3149 nu-

413 3160 566 3236 bibus
616 3162 957 3236 interfoscata
1005 3161 1246 3236 mittatur
1289 3179 1303 3216 :
1352 3162 1586 3236 charitas
1628 3165 1802 3236 enim,
1847 3181 1984 3236 qua),

411 3232 548 3306 sicut
593 3234 847 3306 scriptum
891 3241 992 3306 est,
1039 3233 1176 3306 Deus
1217 3243 1300 3306 _est
1345 3233 1395 3306 (Ι
1437 3232 1594 3306 Joan.
1625 3250 1696 3298 ιν,
1743 3235 1822 3305 8),
1866 3232 1989 3306 per-

414 3302 557 3377 lecta
577 3302 913 3377 plenitndinis
939 3304 1260 3377 abundantia
1273 3302 1603 3377 gratulatur,
1621 3321 1762 3377 cum.
1780 3302 1832 3363 si
1863 3302 1988 3377 quid

413 3373 730 3440 suspicionis
762 3374 1027 3436 habuerit,
1049 3375 1132 3429 vel
1166 3374 1284 3428 fidei
1317 3375 1610 3430 intentione
1635 3373 1988 3439 sollicitaJvc-l

416 3443 467 3496 in
518 3443 731 3524 longum
781 3445 1032 3513 producta
1055 3446 1434 3509 contentione,
1479 3454 1572 3500 aut
1616 3446 1990 3503 emendatione

413 3525 715 3580 corrigitur.

483 3583 538 3634 Ξ.
573 3581 855 3637 Caelestius
888 3584 1165 3654 presbyter
1194 3593 1379 3638 nostro
1405 3599 1464 3639 se
1491 3586 1712 3654 ingessit
1735 3587 1983 3651 examini,

420 3661 682 3726 expetens
709 3667 771 3707 ea
800 3668 921 3726 qua;
955 3653 1120 3726 «ιθ-εδ
1157 3655 1460 3724 apostoliCm
1489 3653 1611 3726 sedi
1646 3655 1806 3710 aliter
1829 3673 1987 3726 qnam

414 3723 649 3790 oportuit
689 3731 866 3777 essi'nt
909 3723 1203 3794 inculcata,
1247 3726 1481 3794 purgari.
1531 3725 1598 3779 Et
1644 3726 1768 3781 licet
1811 3723 1990 3783 multa:

415 3793 790 3861 occupationes
817 3793 1106 3863 majoribus
1132 3793 1365 3849 vinculis
1388 3796 1869 3850 ecclesiasticorum
1898 3814 1991 3854 ne-

414 3863 679 3930 gotiorum
710 3878 890 3918 curam
922 3874 1156 3935 nostram
1187 3865 1705 3935 sollicitudinentque
1728 3868 1991 3924 distrahe-

417 3942 534 3988 rent
562 3951 576 3988 :
610 3943 784 3989 tamen
814 3951 880 3990 ne
914 3934 1313 3990 Fraternitatis‘
1347 3947 1536 3991 vestra:
1571 3934 1638 3990 de
1663 3938 1890 3992 adventu
1927 3955 1990 3994 ac

416 4003 745 4077 discussione
797 4005 1031 4074 pra-dicti
1086 4005 1282 4062 diutius
1332 4007 1589 4077 penderet
1639 4011 1986 4077 exspectatio,

420 4074 731 4148 posthabitis
779 4077 1048 4148 omnibus,
1100 4076 1550 4148 dieJcognitionis
1593 4074 1891 4134 resedimus
1935 4074 1987 4134 in

415 4145 582 4219 saucii
608 4146 895 4219 Clementis
924 4147 1168 4219 basilica
1192 4145 1411 4219 (quippe
1448 4149 1544 4219 qui
1576 4148 1809 4203 imbutus
1849 4149 1989 4205 beati

418 4214 558 4269 l‘etri
593 4217 843 4287 _apostoli
905 4214 1355 4287 disciplinis—tali
1413 4214 1720 4284 magisterio
1781 4228 1991 4274 veteres

415 4285 752 4356 emendasset
797 4302 1026 4352 errores,
1044 4285 1340 4356 tantosque
1386 4287 1653 4354 profectus
1697 4289 1988 4355 habuisset,

418 4364 475 4410 nt
495 4355 672 4417 fidem,
702 4372 858 4431 qnam
888 4357 1143 4431 didicerat
1168 4366 1220 4411 et
1247 4355 1522 4431 docuerag,
1547 4357 1705 4411 etiam
1735 4361 1991 4431 martyrio

414 4425 805 4497 consecraret),
860 4428 1061 4482 scilicet
1102 4435 1163 4482 ut
1205 4426 1271 4480 ad
1318 4427 1638 4482 salutiferam
1685 4425 1989 4497 castigatio.

418 4512 574 4560 nem,
607 4499 733 4550 tanti
778 4498 1070 4570 sacerdotis
1097 4498 1384 4552 auctoritas
1427 4499 1675 4566 praesenti
1703 4500 1990 4570 cognitioni

415 4575 558 4638 esset
584 4568 848 4638 exemplo.

489 4637 542 4690 5.
581 4635 778 4708 Oinnin
807 4639 984 4706 igitur,
1013 4654 1130 4706 qua:
1175 4639 1324 4708 prius
1359 4639 1566 4693 fuerant
1592 4647 1706 4693 acta
1735 4639 1991 4694 discussi-

417 4720 556 4771 mus,
587 4707 718 4760 sicut
749 4707 1030 4760 Gestorum
1075 4707 1195 4762 huic
1223 4710 1462 4776 epistola:
1490 4709 1872 4764 colamrentiuun
1915 4711 1994 4764 in-

416 4777 715 4850 structione
727 4776 961 4850 discetis.
980 4777 1292 4850 intromisso
1311 4780 1830 4850 (lcelestioJibellum
1853 4781 1989 4850 ejus,

415 4861 573 4912 quem
616 4846 854 4912 dederat,
895 4848 1113 4903 fecimus
1154 4849 1409 4904 recitari:
1441 4864 1539 4903 nec
1585 4849 1687 4905 hoc
1731 4846 1989 4917 contenti,

417 4927 590 4971 utrum
620 4917 734 4973 bare
753 4935 872 4988 qua:
906 4919 1226 4987 scripsisset,
1254 4920 1415 4974 corde
1445 4920 1770 4988 loqueretur,
1799 4935 1865 4974 an
1910 4923 1992 4975 la-

420 4988 550 5058 biis,
597 5003 964 5057 saepetnnncro
1013 4991 1435 5058 exploravimus;
1481 5005 1600 5044 cum
1649 4990 1715 5044 de
1771 4993 1994 5046 occultis

415 5057 711 5111 animorum
740 5061 904 5115 solius
937 5059 1024 5114 Dei
1059 5057 1228 5114 nostri
1263 5061 1428 5128 possit
1455 5075 1573 5115 esse
1593 5060 1873 5130 judicium,
1906 5064 1991 5116 cui

418 5143 521 5201 non
538 5137 751 5201 tantum
778 5132 1027 5201 cogitata,
1057 5131 1150 5185 sed
1177 5131 1457 5201 cogitanda
1483 5131 1593 5199 jam
1627 5141 1820 5198 prmsto
1849 5142 1989 5186 sunt.

415 5197 550 5271 Quid
589 5213 747 5253 voces
775 5197 890 5268 citis
916 5197 1700 5271 contineant,compendiosius
1741 5202 1994 5257 duximus

416 5285 444 5321 a
493 5268 784 5323 Sanctitate
842 5279 1014 5322 vestra
1063 5272 1286 5340 legendo
1327 5268 1596 5339 cognosci.
1647 5271 1819 5326 Unum
1866 5289 1994 5328 sane

418 5350 594 5392 movet
624 5354 738 5401 nos,
774 5348 829 5392 ut
854 5354 974 5393 cum
1006 5340 1056 5392 in
1089 5343 1334 5408 praasenti
1366 5343 1434 5397 ibi
1461 5342 1768 5396 Ctelestium
1796 5342 1996 5396 habue-

419 5411 552 5471 ritis,
582 5408 708 5463 nihil
743 5409 944 5479 liquido
969 5410 1262 5475 judicatum
1302 5413 1390 5465 sit.
1423 5411 1502 5466 Ad
1541 5412 1744 5466 litteras
1787 5413 1995 5468 llerotis

413 5493 466 5532 et
495 5479 678 5535 Lazari
705 5481 865 5550 priori
896 5481 1154 5536 relatione
1179 5481 1490 5549 destinatas,
1517 5481 1763 5553 equidem
1794 5483 1862 5538 ob
1892 5483 1996 5538 ier-

1524 304 1563 352 .-‘s
1573 297 1923 354 PPENDICIS
1962 293 2139 350 PARS
2177 295 2512 354 SECUNDA.

3531 304 3682 361 17Ξο

2086 426 2269 488 Ionem
2298 414 2416 488 ﬁdei
2449 413 2864 488 prtefestinatum
2890 430 3031 480 esse,
3074 416 3528 488 promptissimum
3567 432 3677 476 cst.

2083 480 2188 556 S_ed
2216 499 2336 556 cum
2365 485 2433 540 de
2453 480 2547 539 his
2590 486 3025 556 interrogaretur,
3053 480 3283 542 asseruit
3315 490 3517 544 nullum
3567 492 3676 546 sibi

2086 553 2153 624 de
2195 555 2390 609 talibus
2429 553 2862 612 contentionibus
2891 573 3123 624 unquam
3169 574 3290 612 cum
3343 572 3469 616 ante
3513 562 3678 615 dictis

2087 623 2250 679 fuisse
2275 640 2614 696 sermonem;
2657 642 2754 681 nec
2779 637 2904 682 ante
2929 623 3051 690 sibi,
3083 644 3240 696 quam
3266 629 3334 684 de
3360 645 3420 685 se
3461 633 3677 685 scribe»

2088 702 2224 757 rent,
2248 697 2361 749 visu
2385 695 2549 751 fuisse
2571 707 2906 766 compertos;
2935 695 3192 752 Lazarum
3217 715 3347 755 sane
3369 703 3422 755 in
3445 706 3677 757 transitu

2088 766 2391 833 cognitum;
2429 767 2675 821 llerotem
2714 783 2861 830 vero,
2901 768 3062 822 etiam
3093 770 3457 826 satisfactione
3502 774 3677 827 inter-

2086 836 2280 903 posita,
2312 836 2451 904 quod
2497 852 2654 891 Secus
2695 837 2762 892 de
2805 838 2983 904 ignoto
3025 849 3081 892 et
3119 841 3342 895 absente
3385 845 3676 903 sensisot,

2086 920 2206 959 cum
2236 907 2402 975 gratia
2433 909 2740 962 recessisse.
2773 907 2902 962 Tam
2941 909 3146 963 caduco
3183 926 3246 964 ac
3281 913 3429 966 nullo
3477 913 3680 967 funda-

2089 975 2231 1048 mine
2259 978 2644 1032 criminationis
2676 979 2885 1048 ignotae,
2934 980 3120 1048 procul
3164 981 3325 1035 dubio
3353 999 3384 1037 e
3413 998 3471 1037 re
3519 985 3678 1045 fuit',

2089 1053 2146 1099 ut
2171 1046 2237 1100 de
2259 1062 2481 1116 persona
2509 1046 2714 1115 talium,
2743 1063 2862 1118 qua:
2890 1046 2995 1102 tam
3020 1061 3243 1105 ventosa
3269 1062 3322 1106 et
3351 1053 3484 1107 levis
3510 1055 3680 1108 exsti-

2091 1125 2246 1180 terat,
2265 1127 2612 1194 quatrerct_u_r,
2633 1120 2676 1173 si
2705 1119 3022 1194 saltemillis
3039 1122 3152 1194 flori
3182 1122 3262 1176 sui
3287 1125 3422 1177 ratio
3444 1126 3680 1194 viaeque

2086 1197 2378 1254 canstarct,
2421 1197 2476 1241 nt
2506 1189 2639 1243 tidcs
2682 1189 2992 1244 absentibus
3037 1193 3090 1244 in
3130 1193 3383 1247 absentes
3422 1189 3681 1249 debitor-it

2087 1256 2352 1321 adhiberi,
2387 1269 2695 1328 tantumque
2734 1260 2942 1328 pondus
2973 1262 3024 1314 in
3067 1261 3256 1316 litteris
3289 1279 3476 1317 eorum
3505 1277 3677 1326 esset.

2090 1337 2147 1380 ut
2182 1328 2552 1384 auctoritatem
2599 1331 2884 1384 testimonii
2937 1343 3290 1387 mererentur.
3343 1335 3521 1388 Patnit
3573 1335 3680 1390 hos

2090 1397 2443 1473 inobservatis
2489 1400 2936 1473 ordinationibus,
2979 1402 3130 1473 plebe
3161 1405 3418 1473 clero'qne
3454 1417 3681 1458 contra-

2089 1469 2320 1540 dicente,
2354 1469 2579 1539 ignotos,
2603 1471 2947 1540 alienigenas,
2979 1471 3114 1526 intra
3145 1469 3345 1528 Gallia;
3372 1476 3678 1530 sacerdotia

2088 1538 2408 1611 vindicasse,
2437 1540 2629 1609 quibus
2680 1557 2741 1595 se
2777 1538 2876 1609 ipsi
2931 1544 3141 1611 propria
3185 1545 3504 1599 abdicavere
3546 1562 3678 1600 sen-

2092 1609 2290 1672 tentia;
2337 1624 2574 1680 nosque,
2618 1611 2739 1666 licet
2779 1619 2836 1665 et
2876 1611 3008 1675 alia,
3035 1609 3232 1666 tamen
3277 1630 3464 1668 eorum
3509 1617 3575 1669 de
3618 1633 3682 1669 se

2090 1680 2474 1747 paenitudinem
2525 1681 2692 1734 secuti
2743 1681 3058 1736 sacerdotali
3108 1699 3201 1738 eos
3252 1685 3370 1737 loco
3417 1695 3471 1739 υι
3525 1689 3677 1740 omni

2089 1751 2479 1822 eoinmunione
2506 1752 2890 1805 submovimus.
2931 1751 3072 1806 Satis
3102 1764 3251 1822 urget
3281 1770 3499 1809 causam
3541 1771 3570 1809 a
3600 1767 3683 1810 ta-

2091 1819 2228 1873 libus
2255 1821 2577 1889 processisse
2608 1837 2704 1890 per
2727 1822 2949 1880 litteras.
2975 1823 3026 1876 in
3054 1819 3289 1877 absentis
3313 1827 3429 1889 cius
3456 1842 3681 1880 accusa-

2092 1890 2312 1955 tionem,
2337 1891 2425 1959 qui
2452 1905 2511 1945 se
2540 1907 2776 1960 praesens
2807 1901 3002 1958 tuetur,
3025 1895 3114 1964 qui
3136 1896 3355 1965 exponit
3384 1896 3565 1958 tidem,
3584 1898 3681 1966 qui

2091 1970 2346 2030 provocat
2373 1971 2710 2016 accusantem
2719 2001 2732 2012 .

2163 2032 2217 2102 4.
2257 2030 2534 2100 Nunquam
2572 2033 2735 2102 piguit
2763 2033 2815 2085 in
2847 2033 3035 2087 melius
3075 2035 3355 2090 retorsisse
3395 2035 3682 2098 judicium.

2091 2101 2417 2156 Adolescens
2456 2113 2511 2157 et
2548 2101 2716 2157 sancti
2756 2103 2985 2172 Spiritus
3027 2115 3338 2167 exsecutor,
3378 2103 3714 2160 Susannam‘

2091 2172 2363 2226 seniorum
2392 2171 2616 2228 falsitate
2641 2171 2943 2227 damnatam
2970 2175 3167 2228 invenit
3190 2176 3526 2230 innocentem
3552 2195 3565 2228 :
3595 2193 3686 2232 re-

2092 2242 2302 2314 ducitur
2325 2258 2353 2295 a
2383 2245 2656 2313 suppliciis
2683 2254 2828 2299 casta
2852 2259 2946 2313 per
2973 2261 3215 2314 puerum,
3247 2261 3366 2314 qua:
3393 2261 3488 2314 per
3514 2263 3682 2314 gran-

2092 2311 2272 2385 daevos
2295 2311 2777 2384 lingiturimpudica
2799 2311 2958 2384 (Dan.
2974 2311 3091 2376 xtn,
3107 2313 3220 2385 46).
3244 2311 3357 2370 Non
3371 2311 3678 2385 ergoomni,

2093 2383 2464 2456 sicutcautum
2489 2383 2604 2448 cst,
2637 2383 3192 2456 spirituicredendum
3223 2386 3261 2456 (Ι
3289 2383 3453 2440 Ιοωιξ
3478 2402 3550 2448 iv,
3586 2391 3637 2454 ι)
3663 2406 3681 2442 :

2092 2454 2188 2525 sed
2227 2453 2317 2508 diu
2353 2457 2638 2524 appensius
2670 2453 3087 2509 examinandum
3133 2453 3248 2520 est,
3281 2459 3577 2525 prmsertim
3613 2453 3685 2512 de

2095 2524 2198 2595 [ide
2225 2526 2473 2584 hominis.
2507 2525 2594 2579 ubi
2619 2534 2785 2580 status
2812 2526 2928 2594 ejus
2956 2537 3008 2580 et
3033 2527 3136 2580 vita
3166 2524 3415 2595 perpetua
3441 2537 3544 2581 est.
3575 2528 3689 2585 Nec

2092 2593 2428 2667 Salomonem
2449 2595 2629 2667 fefellit
2646 2596 2696 2648 in
2715 2593 2979 2666 puerperii
3001 2593 3307 2651 rixanlenlis
3331 2597 3552 2667 indago:
3577 2614 3683 2651 ιιοιι

2094 2666 2234 2720 enim
2261 2665 2469 2738 duabus
2511 2665 2727 2738 feminis
2749 2669 2887 2720 inter
2917 2681 2975 2720 se
3001 2667 3334 2738 iurgantibus
3359 2709 3372 2729 ,
3407 2665 3571 2721 unum
3600 2669 3687 2736 pi-

2093 2751 2228 2804 gnus
2257 2736 2488 2802 induxit;
2521 2737 2612 2792 sed
2645 2737 2714 2790 ibi
2749 2738 2948 2792 arbiter
2975 2737 3076 2791 fide
3101 2736 3507 2792 cunctabundus
3533 2740 3686 2794 inve-

2095 2805 2308 2878 nit,_nbi
2339 2821 2479 2878 vera:
2507 2807 2718 2875 pietatis
2742 2809 2987 2862 allectum
3019 2808 3280 2862 intellexit
3303 2808 3391 2877 (Ill
3428 2810 3560 2878 Meg.
3590 2825 3643 2862 ιιι
3664 2850 3685 2874 ,

2099 2875 2320 2948 l6-28)._
2362 2875 2463 2929 l’er
2505 2893 2663 2948 quam
2709 2894 2886 2932 rarum
2917 2879 3004 2944 sit,
3036 2887 3093 2932 ut
3139 2875 3388 2948 longa'ct
3428 2875 3690 2948 castigata

2093 2946 2360 3018 cunctatio
2387 2962 2491 3001 non
2509 2947 2572 3001 ad
2595 2947 2705 3002 veri
2731 2949 2906 3002 cubile
2933 2950 3220 3016 perveniat.
3237 2946 3466 3018 Optimae
3491 2946 3689 3004 mentis

2094 3017 2345 3073 indicium
2369 3026 2486 3090 est,
2517 3033 2679 3090 prava
2719 3019 2982 3090 diﬂieilius
3007 3019 3264 3090 credi-re:
3295 3034 3412 3090 nam
3442 3021 3693 3090 plerique

2093 3103 2319 3158 quorum
2349 3088 2417 3159 de
2452 3104 2511 3143 se
2552 3089 2703 3142 bonze
2731 3089 3052 3143 confessioni
3079 3090 3282 3159 pigrius
3305 3088 3687 3145 adliibctur'fi-

2093 3159 2210 3224 des,
2254 3160 2308 3212 in
2347 3158 2487 3230 illius
2508 3159 2706 3213 erroris
2732 3159 3014 3230 abruptum
3046 3158 3363 3215 nec’eSsitate
3385 3170 3687 3230 coguntur;

2093 3239 2148 3286 et
2193 3229 2584 3312 irremcdiabile
2628 3229 2817 3284 vulnus
2863 3228 3128 3297 efticitur,
3177 3230 3318 3301 quod
3363 3228 3686 3300 desperatur

2093 3315 2291 3355 sanari.
3384 3317 3386 3319 ’

2163 3372 2217 3427 5.
2260 3369 2410 3426 Unde
2450 3371 2502 3425 in
2549 3371 2796 3440 praesenti
2825 3386 2984 3425 causa
3015 3370 3146 3425 nihil
3176 3384 3386 3439 praecox
3430 3370 3672 3424 immatuv

2093 3457 2317 3511 rumque
2334 3443 2657 3507 censuimus,
2679 3443 2771 3495 sed
2801 3443 3132 3496 innotescere
3161 3441 3438 3495 Sanctitati
3466 3451 3671 3511 vestra,

2094 3509 2256 3580 super
2301 3511 2542 3566 absoluta
2584 3511 2824 3566 Coelestii
2853 3511 2988 3577 fide,
3018 3521 3256 3566 nostrum
3299 3525 3523 3564 examen
3555 3529 3569 3562 :
3600 3509 3676 3565 cui

2093 3584 2252 3638 etiam
2285 3584 2428 3652 prior
2457 3582 2664 3636 libellus
2705 3583 2772 3636 ab
2807 3597 2872 3636 eo
2911 3583 3048 3636 intra
3097 3581 3350 3652 Africam
3379 3582 3680 3634 testimonio

2092 3653 2230 3721 apud
2263 3650 2360 3708 vos
2378 3667 2496 3707 esse
2524 3652 2820 3715 debuisset,
2853 3669 2920 3706 ne
2944 3650 3295 3719 inexploratis
3331 3650 3576 3719 famaque
3601 3652 3689 3720 ja-

2093 3723 2358 3778 ctantibus
2387 3733 2491 3777 tam
2524 3723 2676 3777 facile
2703 3724 3035 3778 crederetur.
3078 3722 3256 3788 Quare
3301 3724 3439 3776 intra
3486 3737 3692 3775 secun-

2093 3794 2217 3848 dum
2247 3808 2483 3848 mensem
2515 3801 2606 3846 aut
2629 3795 2840 3847 veniant
2860 3835 2875 3859 ,
2903 3795 2991 3863 qui
3025 3801 3338 3862 prmscntem
3365 3791 3687 3861 redarguam

2093 3864 2248 3918 aliter
2275 3865 2494 3930 sentire,
2525 3878 2681 3929 quam
2720 3863 2912 3917 libellis
2941 3875 2993 3919 et
3017 3863 3353 3918 confessione
3374 3863 3653 3915 contexuit

2093 3943 2186 3988 aut
2211 3934 2362 4000 nihil,
2397 3942 2516 4002 post
2543 3934 2657 3988 haec
2686 3943 2790 3987 tam
2821 3944 3002 4002 aperta
3028 3943 3081 3988 et
3107 3934 3383 3987 manifesta
3411 3947 3532 4001 quae
3556 3949 3677 4000 pro

2095 4005 2231 4068 tulit,
2255 4001 2682 4060 dubiiSanctitas
2702 4001 2877 4059 vestra
2891 4003 3152 4060 resedisse
3173 4012 3478 4074 cognoscat.
3506 4001 3675 4071 lpsnn

2094 4090 2224 4130 sane
2250 4075 2592 4136 Coelestium,
2633 4085 2688 4130 et
2711 4089 3073 4143 quoscumque
3103 4074 3188 4141 qui
3230 4089 3295 4127 eo
3337 4083 3579 4141 tempore
3627 4083 3671 4120 ix

2094 4145 2318 4200 diversis
2345 4145 2646 4214 regionibus
2673 4145 2892 4200 aderant
2923 4144 3248 4210 sacerdotes,
3279 4143 3559 4204 admonui,
3591 4143 3668 4190 hs

2099 4215 2390 4269 tendiculas
2418 4215 2772 4283 quaestionum
2800 4225 2853 4269 et
2883 4216 3062 4284 inepta
3085 4215 3399 4278 certamina,
3427 4223 3663 4285 quan-qn

2095 4286 2378 4348 aedificant,
2423 4285 2516 4338 sed
2545 4287 2717 4354 magis
2765 4283 3065 4347 destruunt,
3114 4301 3179 4339 cx
3229 4285 3316 4338 illa
3355 4283 3659 4338 curiosi-li!

2094 4355 2407 4424 contagione
2433 4353 2713 4422 profluere,
2737 4355 2863 4410 dum
2887 4356 3246 4426 unusquisque
3272 4356 3483 4426 ingenio
3513 4362 3584 4408 90
3604 4354 3658 4400 el

2097 4426 2469 4494 intemperanti
2495 4427 2821 4494 eloquentia,
2849 4441 2941 4480 seu
2971 4425 3234 4494 scriptura
3273 4425 3514 4478 abutitur
3539 4432 3658 4471 Cum

2101 4498 2153 4550 in
2185 4497 2285 4550 hoc
2310 4497 2466 4550 etiam
2511 4511 2825 4565 magnorum
2866 4497 3100 4550 virormn
3128 4510 3512 4564 nonnunquam
3545 4501 3657 4565 ριιιι

2098 4568 2226 4635 ipsis
2253 4566 2578 4641 auctoribus,
2602 4560 2800 4641 scripta
2829 4567 3326 4641 periclitenturpost
3365 4560 3653 4641 perduim!

2098 4632 2395 4705 teniporum
2443 4638 2636 4692 seriem
2677 4632 3073 4704 interpretantis
3101 4632 3377 4698 arbitrio,‘
3403 4642 3462 4687 ut
3501 4632 3660 4685 divte

2099 4709 2406 4777 prtedictum
2448 4707 2537 4767 sit,
2583 4706 2661 4760 Ex
2707 4707 3038 4777 multiloqnio
3075 4721 3178 4760 non
3209 4706 3359 4758 vitari
3405 4709 3654 4777 peccauit

2099 4775 2118 4848 ζ
2145 4777 2295 4832 Prov.
2331 4795 2383 4840 x,
2416 4777 2480 4832 19
2505 4779 2522 4842 )
2552 4795 2565 4831 :
2593 4786 2647 4848 et
2673 4786 2888 4832 Sanctus
2929 4775 3091 4831 David
3127 4777 3416 4848 postuiaret
3457 4775 3656 4848 circ!!-

2098 4837 2344 4904 stantiam
2372 4837 2528 4902 labiis
2556 4847 2684 4909 suis,
2713 4849 2898 4916 orique
2922 4837 3214 4902 custodiam
3245 4845 3414 4915 (Psai.
3447 4837 3649 4902 ch5i-

2170 4922 2222 4973 6.
2263 4917 2584 4981 Cluaritateir.
2613 4915 2840 4972 vestram
2864 4928 2969 4972 tam
2994 4918 3295 4986 apostolica:
3323 4915 3480 4971 Sedis
3507 4917 3646 4966 aulo-

2101 4990 2276 5049 ritate,
2309 5005 2466 5058 quam
2496 4997 2675 5041 mutua
2702 4989 2900 5043 amoris
2941 4988 3222 5043 allectione
3251 5001 3554 5058 commotio.
3590 4988 3648 5032 ιη

2097 5061 2205 5131 jam
2235 5056 2443 5129 ingenia
2473 5069 2648 5131 vestrm
2678 5074 2736 5112 se
2766 5068 3065 5131 sanctarum
3084 5059 3349 5131 _omnium
3387 5056 3648 5127 Scritﬂf'a'

2099 5129 2217 5185 rum
2239 5140 2356 5202 qua:
2394 5130 2683 5202 secundum
2715 5129 3056 5202 traditionem
3081 5129 3293 5202 Patrum
3322 5133 3642 5202 atqueﬁ'lo'

2101 5217 2219 5255 rum
2258 5199 2587 5270 praescripta:
2609 5209 2726 5253 sunt
2754 5240 2769 5264 ,
2812 5201 3090 5269 pneceptis
3126 5199 3645 5270 obseriationifsqqe

2101 5268 2379 5340 subjiciant
2427 5269 2561 5338 Quid
2594 5270 2697 5322 illic
2727 5268 2830 5324 non
2854 5270 3161 5323 abundans?
3182 5268 3305 5338 quid
3333 5283 3438 5321 non
3477 5269 3506 5308 ει
3531 5272 3640 5325 ενι-

2103 5342 2207 5396 ritu
2236 5350 2288 5395 et
2330 5342 2548 5395 vocibus
2579 5342 2790 5410 plenum
2831 5341 2937 5394 sit?
2965 5341 3063 5394 nisi
3097 5340 3225 5394 libet
3261 5341 3636 5463 ιιιιιιιιιίξικιηε

2105 5413 2226 5463 olus
2250 5412 2347 5463 sibi
2375 5412 2626 5463 credere.
2657 5426 2858 5463 suoaue
2887 5410 2954 5463 de
2981 5426 3040 5463 se
3066 5412 3139 5463 uti
3169 5409 3384 5463 iudicio.

2105 5413 2226 5482 plus
2250 5412 2347 5466 sibi
2375 5409 2626 5478 credere,
2657 5426 2858 5481 suoque
2887 5410 2954 5465 de
2981 5426 3040 5466 se
3066 5412 3139 5464 uti
3165 5409 3384 5480 judicio.

2170 5635 2183 5664 ί
2221 5633 2440 5691 sicjnxta
2468 5633 2628 5690 \torel,
2646 5631 2793 5682 Elem.
2818 5633 2911 5681 (Tit
2937 5667 2950 5690 ,
2977 5645 3118 5694 pagg.
3151 5630 3254 5690 l09,
3284 5629 3387 5694 lli).
3419 5621 3495 5694 g3;-
3509 5633 3632 5694 ιρςοη

2104 5695 2185 5818 ἶρις(
2208 5687 2351 5805 (fulgo
2373 5695 2463 5746 ira?
2482 5695 2573 5757 fuit
2586 5729 2603 5754 ,
2618 5687 2680 5745 vet
2702 5694 2759 5743 ad
2795 5687 3097 5758 marginem;
3124 5687 3293 5758 procul
3316 5687 3626 5743 άυυειδωῖιι

2125 5768 2208 5808 ιρι.
2284 5795 2294 5805 .
2325 5791 2338 5805 .
