4000 6186
413 324 551 379 £735

410 440 512 493 lius
535 437 604 492 ad
629 437 1087 492 confirmationem
1114 436 1194 490 sui
1221 435 1415 491 erroris
1439 435 1727 490 transferre
1751 445 1992 491 conatus.

407 509 560 576 Quod
591 510 710 578 quia
742 519 905 562 totum
937 521 1133 578 ponere
1154 547 1170 574 ,
1198 515 1251 578 et
1282 505 1487 578 horrori
1512 517 1567 578 ct
1593 507 1750 559 nimis
1779 507 1993 575 longum

404 591 518 638 est.
556 575 759 648 partem
803 575 999 646 ponere
1033 577 1162 630 satis
1199 577 1468 648 duximus.
1509 575 1752 648 Inserens
1781 591 1996 648 seet-go

409 646 651 720 personis
678 664 860 720 eorum
877 658 1106 720 ,contra
1133 663 1267 717 quos
1296 647 1395 701 sub
1427 646 1992 720 nomineAManichmo-

409 716 525 774 rum
558 718 840 788 pugnabat,
869 719 944 770 ait
972 718 1109 788 inter
1132 716 1323 772 caetera
1350 735 1363 770 :
1398 736 1416 768 ι
1452 716 1737 771 Asserebat
1766 732 1998 786 namque

407 788 686 858 opiniones
716 799 926 843 nostras
951 787 1017 841 ad
1057 787 1154 841 bos
1193 802 1412 857 prorsus
1447 788 1802 855 spumantium
1823 797 1994 858 parsi-13

407 856 653 915 errorum
682 858 907 924 dueere,
939 867 997 913 ut
1029 856 1346 912 calumniam
1378 867 1707 912 verteremus
1738 858 1788 909 in
1821 856 1992 925 ipsum

405 938 788 1008 au_ctorem,_et
818 928 1024 1008 levandi
1055 937 1233 1008 reatus
1256 927 1442 1008 gratia,
1471 943 1630 996 quem
1656 926 1878 980 crimina
1905 927 1991 1008 ui-

408 1005 600 1074 mirum
644 999 926 1074 voluntatis
965 998 1220 1074 urebant,
1264 998 1430 1074 ipsam
1472 1006 1710 1074 naturam
1750 999 1992 1074 corporis

406 1070 764 1124 subdebamus
804 1069 1067 1134 infamias,
1102 1069 1382 1137 incapaces
1413 1067 1692 1131 bonitatis,
1723 1067 1991 1137 etrplcnos

407 1140 696 1209 iniquitatis
719 1140 768 1192 iu
791 1140 962 1194 lucem
986 1139 1138 1193 istam
1160 1136 1259 1192 nos
1279 1138 1459 1209 venire
1478 1137 1735 1209 jurando;
1759 1136 1990 1209 denique

409 1207 608 1264 nullum
635 1209 747 1264 fere
782 1209 849 1264 ad
884 1209 1135 1277 justitiam
1157 1249 1172 1273 ,
1205 1209 1330 1276 quid
1361 1208 1480 1262 dico
1517 1208 1752 1270 ratione,
1789 1207 1880 1260 sed
1919 1223 1985 1261 ne

407 1297 575 1335 sacra:
601 1281 814 1361 quidem
849 1281 980 1361 legis
1020 1279 1345 1361 institutione
1374 1277 1614 1361 perduci.
1658 1277 1992 1361 Depretiabat

408 1366 602 1421 nempe
621 1348 748 1405 'htec
775 1348 955 1419 opinio
989 1360 1228 1421 naturam
1259 1349 1434 1421 carnis
1468 1356 1522 1402 et
1560 1348 1850 1421 sanguinis.
1881 1349 1988 1421 _S_ed

409 1417 686 1492 poSIquam
723 1417 954 1475 salutare
991 1419 1321 1492 mysterium
1346 1418 1435 1492 Dei
1474 1426 1529 1472 et
1569 1417 1842 1492 hominum
1879 1417 1990 1472 Me-

406 1487 580 1546 iliato'r
607 1491 860 1561 arripuit,
892 1501 949 1544 ut
974 1487 1505 1561 consumtnatissimae
1534 1489 1744 1541 virtutis
1769 1487 1990 1540 daturus

408 1558 968 1631 exemplum'naturam
991 1558 1472 1631 hominismortalis
1487 1567 1799 1631 assumeret,
1819 1567 1990 1631 osten-

409 1633 484 1686 dit
517 1628 690 1686 omnia
719 1631 942 1686 crimina
971 1645 1176 1684 morum
1209 1628 1398 1691 fuisse,
1427 1643 1530 1681 non
1568 1628 1851 1681 seminum.
1886 1629 1985 1681 De-

411 1703 568 1771 nique
606 1701 962 1755 voluntatibus
992 1701 1054 1753 ad
1093 1701 1310 1754 meliora
1340 1698 1608 1751 conversis
1630 1739 1645 1763 ,
1678 1713 1780 1750 non
1817 1699 1988 1771 solum
2027 1735 2031 1739 Α

411 1767 560 1840 legis,
583 1772 675 1826 sed
697 1773 854 1825 etiam
875 1771 1174 1837 evangelica
1202 1778 1460 1837 prtceopta
1486 1783 1641 1840 posse
1664 1767 1982 1840 compleri.)

409 1837 610 1909 Quibus
630 1841 965 1896 semzonibus
991 1841 1106 1909 ejus
1133 1840 1364 1893 breviter
1386 1837 1833 1906 respondendum.
1857 1838 1988 1904 Quia

410 1908 741 1981 nequaquam
781 1912 833 1964 in
863 1908 1150 1965 .aucwrem
1192 1918 1410 1981 natura).
1436 1917 1630 1961 nostra:
1673 1908 1987 1961 calumniam

410 1979 684 2047 vertimus,
715 1996 963 2036 cumnos
990 1982 1039 2033 in
1069 1979 1430 2049 iniquitatibus
1453 1986 1761 2045 conceptos,
1789 1985 1842 2031 et
1869 1992 1988 2032 esse

409 2055 460 2105 in
486 2053 694 2106 delictis
724 2058 877 2105 natos
904 2050 1130 2105 dicimus
1148 2048 1172 2114 ;’
1197 2048 1292 2104 sed
1323 2048 1550 2102 fatentur
1573 2049 1693 2117 quia
1726 2049 1775 2100 in
1807 2049 1990 2116 primis

409 2133 613 2177 natura:
644 2120 1170 2190 nostrazparcntibus
1194 2119 1263 2190 ad
1292 2118 1410 2188 ejus
1437 2118 1834 2190 similitudinem
1869 2117 1990 2172 facti

407 2208 609 2251 sumus.
642 2203 697 2246 ttt
727 2187 1052 2245 immortales
1081 2200 1134 2244 et
1161 2189 1274 2242 sine
1305 2187 1541 2257 peccato,
1574 2189 1624 2242 in
1655 2187 1862 2242 deliciis
1894 2203 1988 2255 pa-

409 2264 566 2318 radisi
593 2263 810 2332 juvante
837 2263 1003 2330 gratia
1020 2260 1150 2332 pejus
1185 2260 1488 2332 viveremus
1513 2276 1526 2311 :
1559 2273 1715 2332 quam
1747 2257 1992 2332 videlicet

406 2327 766 2388 beatissimam
798 2327 918 2386 vitm
951 2327 1231 2402 primitivze
1269 2328 1611 2402 munditiam,
1643 2328 1689 2402 si
1720 2327 1991 2402 custodire

404 2413 655 2458 curarent
679 2403 789 2474 ipsi
807 2397 1141 2474 proto'plasti,
1153 2409 1209 2474 et
1231 2414 1334 2454 non
1361 2399 1528 2474 magis
1554 2399 1692 2474 hosti
1714 2397 1992 2452 crederent

406 2489 562 2542 quam
592 2469 819 2537 auctori,
847 2469 1014 2542 usque
1040 2470 1504 2542 hodieprogenies
1529 2485 1592 2542 ex
1620 2469 1699 2542 eis
1725 2481 1906 2522 sancta
1937 2476 1991 2542 et

407 2537 680 2613 impolluta
701 2583 716 2606 ,
741 2537 1254 2613 deliciasparadisi’,
1288 2537 1474 2613 mortis
1508 2538 1664 2613 simul
1696 2547 1751 2592 et
1788 2537 1990 2606 peccati

405 2608 585 2667 nescia
606 2654 622 2676 ,
651 2613 926 2666 incoleret.
957 2608 1029 2664 At
1057 2609 1184 2664 dum
1223 2609 1362 2662 nulla
1403 2608 1721 2663 necessitate
1751 2617 1952 2661 naturtc
1971 2646 1987 2673 ,

406 2699 592 2742 verum
623 2683 733 2737 sola
761 2697 907 2750 vaga:
937 2681 1129 2734 mentis
1144 2679 1608 2750 incuriapeccato
1632 2691 1952 2750 consensere
1971 2717 1985 2740 ,

405 2768 635 2823 moxque
651 2753 795 2822 justo
815 2747 1116 2808 Conditoris
1136 2747 1418 2823 judiciode
1445 2749 1562 2802 loco
1587 2747 1816 2823 paradisi
1841 2748 1988 2801 volu-

405 2817 565 2893 ptatis
590 2817 810 2888 exclusi,
833 2829 1089 2893 aermorte
1115 2817 1370 2893 mulctati,
1399 2821 1600 2893 peccati
1625 2817 1764 2887 quod
1789 2827 1989 2872 temere

404 2889 806 2959 contraxerant,
846 2891 998 2961 stirpi
1037 2890 1324 2961 generique
1361 2903 1461 2961 suo
1500 2889 1764 2961 reliquere
1804 2896 1988 2961 conta-

405 2965 580 3034 gium;
606 2958 800 3018 factum
821 2970 904 3034 est
926 2958 1232 3034 utpeccati,
1259 2958 1400 3028 quod
1426 2959 1526 3028 ipsi
1550 2969 1739 3034 sponte
1762 2958 1988 3012 commi-

406 3029 627 3100 serunt,
660 3048 758 3088 nos
785 3033 946 3089 etiam
984 3029 1229 3086 nolentes
1262 3037 1420 3100 reatu
1457 3029 1984 3100 constringeremnr:

405 3105 477 3160 ita
515 3114 570 3159 ut
608 3098 675 3159 ne
713 3103 913 3174 parvuli
943 3099 1274 3174 quidemqui
1311 3100 1382 3154 nil
1421 3100 1545 3174 boni
1574 3099 1656 3153 vel
1699 3099 1822 3174 mali
1846 3098 1990 3174 velle

405 3184 660 3245 possunt,
696 3169 764 3229 ab
793 3173 895 3229 hoc
927 3169 1133 3245 possint
1167 3169 1430 3245 immunes
1457 3170 1694 3245 existere
1714 3210 1732 3245 ε
1759 3170 1858 3223 nisi
1887 3169 1988 3223 do-

405 3239 567 3301 uante
603 3247 770 3316 gratia
812 3247 904 3316 Dei
929 3239 1040 3314 'per
1073 3239 1552 3316 lesumChristum
1586 3241 1991 3316 Dominuni_no-

406 3309 769 3371 strumendc
794 3309 1046 3384 probatur
1068 3312 1170 3366 falli
1197 3312 1460 3384 Julianus,
1483 3326 1602 3365 cum
1627 3310 1775 3373 dicit,
1805 3328 1824 3361 ε
1855 3309 1991 3384 [lea-

407 3399 518 3442 tutn
543 3386 695 3441 nobis
715 3380 1070 3440 solo~crimine
1091 3383 1376 3437 voluntatis
1395 3396 1676 3435 accensum
1699 3397 1712 3434 :
1739 3399 1758 3431 ι
1780 3389 1833 3432 ct
1853 3380 1990 3434 sicut

405 3465 529 3526 post
561 3455 795 3526 apertius
827 3470 980 3508 suum
1017 3467 1230 3507 sensum
1261 3453 1466 3526 aperuit
1495 3449 1711 3526 dicens,
1748 3469 1764 3500 ι
1800 3448 1987 3504 Omnia

406 3519 628 3580 crimina
658 3539 863 3578 morum
890 3537 1032 3585 esse,
1061 3537 1165 3575 non
1198 3519 1479 3575 seminum.
1515 3538 1535 3571 ι
1564 3519 1836 3573 Seminum
1865 3529 1990 3574 sunt

408 3611 668 3665 namque,
700 3609 818 3665 quae
846 3609 914 3648 ex
949 3592 1114 3646 Adam
1144 3590 1418 3665 originalia
1446 3591 1702 3665 traximus
1734 3607 1748 3642 :
1780 3603 1989 3665 morum

407 3659 566 3727 vero,
594 3659 1061 3718 sive—voluntatum
1079 3703 1093 3724 ,
1122 3676 1214 3716 seu
1242 3659 1540 3730 fragilitatis
1565 3667 1620 3713 et
1649 3659 1987 3730 ignorantiae,

407 3751 527 3805 quae
551 3735 648 3804 ipsi
675 3748 771 3803 per
789 3748 887 3788 nos
906 3732 1127 3805 crimina
1148 3728 1408 3786 addimus.
1422 3728 1691 3805 Probatur
1709 3728 1842 3796 falli,
1865 3745 1987 3785 cum

408 3800 752 3876 reprehendit
774 3818 866 3859 eos
890 3803 978 3874 qui
1004 3811 1242 3876 naturam
1258 3800 1437 3856 nostri
1457 3803 1715 3876 corporis,
1742 3814 1844 3853 non
1869 3815 1987 3876 eam

408 3871 526 3946 qua:
558 3875 863 3946 protoplasli
901 3871 1083 3929 sancta
1119 3880 1174 3927 et
1209 3871 1521 3946 immortalis
1549 3879 1725 3946 creata
1752 3871 1990 3946 estl‘sed

312 3944 323 3954 ’
407 3941 696 4016 illam'qure
712 3941 838 4016 post
865 3959 1049 4016 eorum
1078 3942 1565 4016 pravaricatjonem
1589 3942 1776 4016 vitiosa
1803 3941 1990 4016 enecta

407 4027 510 4084 est,
538 4011 774 4071 subdunt
799 4013 1048 4077 infamiae,
1077 4011 1334 4084 dicentes,
1365 4012 1642 4084 Scioquod
1669 4027 1770 4065 non
1800 4011 1992 4084 habitat

407 4087 460 4141 in
489 4080 586 4153 ine,
621 4087 715 4140 hoc
739 4096 834 4150 est,
862 4087 916 4138 in
945 4100 1096 4139 carne
1118 4095 1248 4146 nec,
1273 4081 1457 4153 bonum
1487 4080 1676 4151 (Rom.
1709 4080 1934 4153 γηχίὸ)
1971 4098 2006 4136 ι

406 4166 462 4212 et
487 4149 626 4226 quod
657 4157 794 4212 idem
823 4149 1094 4224 apostolus
1125 4155 1229 4226 ait,
1258 4150 1388 4208 Caro
1416 4149 1724 4226 concupiscit
1751 4149 1991 4206 adversus

405 4216 642 4296 spiritum
660 4269 676 4292 ,
706 4216 912 4298 spiritus
939 4234 1105 4278 autem
1129 4216 1366 4276 aduersus
1392 4216 1634 4298 carnem:
1663 4223 1770 4298 [iure
1795 4231 1990 4298 tantum

404 4290 500 4352 sibi
528 4290 745 4353 invicem'
764 4298 1112 4360 adversantur,
1141 4302 1197 4346 ut
1222 4309 1322 4346 non
1345 4308 1456 4361 qua
1481 4290 1649 4356 vultis,
1673 4293 1764 4345 illa
1790 4293 1990 4360 faciatis

407 4367 603 4440 (Halat.
633 4385 688 4433 γ,
719 4367 828 4439 17).
859 4365 1121 4440 Probatur
1147 4363 1277 4429 falli,
1309 4377 1429 4440 cum
1462 4363 1722 4440 vituperat
1753 4377 1867 4440 eos,
1898 4362 1989 4431 qui

412 4433 433 4490 ἃ
471 4455 568 4494 nos
599 4440 652 4494 in
687 4433 859 4494 lucem
901 4437 1055 4490 istam
1095 4434 1375 4504 incapaces
1408 4433 1690 4504 bonitatis,
1721 4433 1990 4504 ctplenos

409 4510 700 4578 iniquitatis
727 4508 907 4564 venire
943 4502 1231 4578 testantur.
1263 4523 1284 4557 ι
1307 4502 1460 4578 ‘Verc
1498 4503 1640 4578 enim
1663 4503 1990 4578 profitemur

407 4572 597 4633 otnues
625 4579 865 4634 homines
893 4578 944 4632 in
977 4578 1146 4631 lucem
1185 4575 1339 4629 istam
1381 4574 1567 4644 plenos
1606 4572 1895 4641 iniquitatis
1919 4588 1990 4627 ex

409 4657 559 4704 reatu
588 4649 772 4717 primae
798 4647 1246 4717 praevaricationis
1266 4645 1448 4717 venire
1473 4661 1488 4698 :
1511 4645 1790 4717 in‘capaces
1809 4653 1987 4717 autem

407 4713 682 4782 bonitatis,
708 4713 846 4772 absit
875 4725 932 4770 ut
958 4732 1054 4770 nos
1087 4716 1231 4770 nasci
1257 4716 1514 4781 juremus.
1547 4713 1653 4768 Sed
1686 4713 1984 4778 hazreticus,

407 4800 464 4844 ut
501 4789 840 4844 artificiosius
875 4785 1458 4857 deciperetinfirmos,
1501 4784 1672 4857 iunxit
1713 4783 1990 4857 mendacio

405 4860 642 4931 perfidia:
684 4859 962 4915 veritatem
998 4855 1278 4931 catholica:
1321 4855 1685 4931 professionis.
1713 4855 1990 4931 Probatur

404 4923 536 4995 falli,
567 4947 686 4986 cum
720 4949 738 4982 t
771 4931 952 5001 jurare
976 4943 1074 4983 nos
1101 4946 1120 5001 ρ
1151 4928 1297 4994 dicit,
1322 4923 1352 4978 ⁷(
1389 4925 1592 5001 nullum
1618 4923 1985 5001 ad‘justitiam,

407 5019 512 5056 non
542 5001 714 5058 solum
751 4995 956 5056 ratione
975 5041 988 5060 .
1021 4998 1113 5055 sed
1145 5014 1210 5054 ne
1243 5013 1410 5052 sacra:
1439 4996 1651 5066 quidem
1681 4996 1811 5065 legis
1841 4995 1990 5048 insti-

408 5072 612 5128 tutione
652 5071 884 5140 perduci.
923 5089 944 5124 ι
978 5070 1231 5140 Quinimo
1280 5065 1550 5140 fatemur,
1583 5075 1638 5120 et
1666 5065 1915 5140 ratione1
1936 5073 1990 5118 et

405 5135 868 5198 doctrina'sanctze
897 5135 1046 5210 legis,
1077 5142 1144 5194 ad
1165 5139 1420 5207 justitiam
1450 5152 1547 5210 nos
1573 5135 1858 5190 auxiliante
1888 5135 1989 5190 Do-

406 5217 551 5270 mino
585 5211 808 5285 perduci
819 5229 849 5285 _:
878 5208 1089 5285 absque
1114 5210 1282 5280 gratia
1309 5223 1436 5265 vero
1451 5208 1606 5285 illius
1635 5221 1861 5285 necper
1883 5221 1985 5285 _na-

406 5276 604 5340 tnmlis'
631 5281 862 5338 subsidia
901 5276 1150 5347 rationis,
1183 5295 1281 5335 nec
1310 5295 1405 5350 per
1431 5279 1628 5350 divinae
1659 5276 1791 5350 legis
1821 5277 1984 5350 scita,

405 5369 500 5413 nos
531 5369 686 5423 posse
709 5351 1014 5423 justificari;
1045 5353 1296 5423 Apostolo
1313 5347 1475 5416 teste,
1504 5348 1637 5423 Quia
1666 5347 1831 5423 littera
1856 5348 1988 5423 occi-

405 5369 500 5413 nos
531 5369 686 5423 posse
709 5367 1014 5423 jttsuttcart;
1045 5367 1082 5405 tt
1189 5367 1296 5406 tcto
1323 5367 1475 5416 teste,
1504 5367 1637 5418 υιιιη
1666 5367 1831 5400 msera
1856 5367 1984 5400 acet-

403 5427 498 5492 dit,
530 5427 949 5506 Spiritus'autem
972 5367 1186 5506 acilii:
1214 5421 1280 5506 (ll
1311 5423 1427 5475 Cor.
1466 5417 1846 5506 t_tt.,‘62.est

405 5489 515 5553 tera
564 5489 880 5566 pnccipiens
921 5493 1148 5566 occidit,
1189 5489 1234 5566 si
1279 5507 1385 5566 non
1423 5491 1562 5566 adsit
1591 5489 1858 5566 Spiritus,
1894 5489 1986 5558 qui

406 5557 669 5637 praecepta
701 5557 888 5621 littera)
915 5563 1081 5637 donet
1105 5562 1358 5637 impleri:
1390 5572 1448 5637 et
1467 5557 1694 5637 Spiritus
1721 5557 1950 5637 vivificat
1967 5599 1982 5622 ,

403 5629 652 5693 donando
683 5645 740 5690 ut
770 5636 949 5705 perfici
989 5634 1162 5688 littera
1183 5629 1392 5705 possit.
1413 5629 1566 5705 Quod
1592 5639 1780 5705 (autem
1818 5629 1893 5682 ait
1920 5629 1987 5684 de

408 5708 652 5768 Domino,
676 5725 693 5756 ε
719 5701 783 5760 ut
795 5701 1328 5760 consummatissima!
1349 5704 1556 5757 virtutis
1574 5701 1795 5756 daturus
1815 5715 1988 5754 exem-

410 5780 551 5846 ptum
579 5786 818 5830 naturam
855 5775 1084 5833 hominis
1116 5774 1358 5832 mortalis
1392 5781 1714 5842 assumeret;
1752 5790 1771 5825 ι
1804 5786 1983 5828 sccre-
2027 5770 2039 5784 '

1541 319 1939 378 APPENDICIS
1977 319 2153 378 PARS
2191 318 2526 381 SECUNDA.

3549 330 3691 387 174⁵

2107 440 2210 493 tius
2237 438 2456 492 lueresis
2485 451 2595 492 sum
2623 435 2768 492 virus
2796 437 3049 510 evomuit,
3071 439 3190 510 quia
3216 440 3362 506 dicit,
3385 445 3690 504 venientem

2103 511 2351 584 inparue
2369 510 2778 584 Domin_um_no_n
2803 509 2942 584 dona
2970 509 3146 584 nobis,
3172 513 3266 566 sed
3292 517 3532 584 exempla
3555 531 3694 573 cono

2099 581 2286 635 tulisse
2307 579 2532 632 virtutis.
2551 578 2702 634 Unde
2721 579 2986 656 dicit‘p‘ost
3009 581 3296 649 modicum,
3323 607 3341 636 ι
3369 578 3647 656 Deipsius,
3664 609 3685 639 ι

2102 665 2336 720 mquam,
2366 667 2384 700 ‹
2414 651 2962 722 susceptionecaruis,
2989 666 3442 722 morumipeccata
3466 651 3690 710 damna-

2097 721 2174 774 vit
2197 735 2218 792 :7
2234 736 2339 774 non
2367 729 2606 792 naturam
2635 720 2877 792 videlicet
2900 722 3097 792 carnis,
3131 721 3223 776 sed
3249 720 3414 792 Opera
3444 739 3685 780 comtnu-
3751 736 3754 738 ‘

2099 791 2293 864 tando,
2326 799 2382 864 ut
2411 789 2718 864 justificatio
2747 789 2876 860 legis
2909 791 3009 844 sub
3043 789 3303 863 exemplo
3331 794 3497 864 ipsius
3533 813 3686 852 com-

2099 861 2333 930 pleretur
2363 861 2413 912 in
2444 860 2616 914 nobis.
2647 878 2667 912 ι

2169 930 2392 1002 CAPUT
2431 930 2529 1002 lV.
2558 960 2630 970 —
2665 930 2716 984 8.
2761 930 2888 1002 item
2914 930 2988 1002 Ain
3027 933 3360 1001 expositione
3403 936 3684 1002 versiculi,

2097 1001 2296 1073 Collum
2323 1010 2463 1054 tuum
2487 1001 2615 1054 sicut
2644 1001 2850 1073 monilia
2880 1000 3158 1068 (Cantiait,
3181 1004 3260 1071 9).
3287 1003 3415 1058 Cum
3445 1000 3684 1073 pulchra,

2096 1070 2286 1144 inquit,
2305 1087 2393 1140 per
2408 1072 2829 1144 naturamjcervia:
2854 1087 3161 1144 gemmarum
3188 1070 3456 1144 insigniter
3474 1070 3682 1140 ornatu,

2096 1141 2386 1216 felicitatem
2411 1143 2519 1216 sine
2541 1140 2866 1216 dubioauget
2889 1141 3174 1216 industria;
3204 1153 3250 1196 et
3269 1140 3417 1215 quasi
3447 1162 3502 1199 se
3524 1148 3682 1216 digna

2095 1209 2414 1275 conveniunt,
2438 1211 2599 1264 honor
2626 1209 2850 1264 videlicet
2883 1212 3141 1264 monilium
3170 1223 3218 1266 et
3249 1209 3494 1268 cervicum
3525 1209 3679 1270 seira-

2094 1291 2218 1334 stas.
2265 1281 2354 1334 Sic
2389 1297 2517 1352 ergo
2543 1290 2590 1334 et
2633 1281 2687 1333 in
2731 1291 2797 1345 te,
2844 1282 2991 1351 cujus
3031 1285 3410 1352 generositatem
3450 1286 3686 1340 doctrina

2095 1352 2387 1425 componit,
2401 1361 2455 1404 ut
2476 1351 2690 1425 virtutes
2702 1368 2827 1420 quas
2848 1362 3034 1425 natura
3049 1353 3539 1425 inchoet,discipfina
3559 1373 3685 1410 cau-

2095 1419 2325 1476 suminet.
2356 1421 2462 1476 Pro
2478 1436 2542 1475 eo
2561 1430 2616 1474 ut
2641 1419 2862 1493 diceret3
2891 1419 3068 1475 Gratia
3100 1421 3330 1486 inchoet,
3362 1419 3528 1493 gratia
3551 1442 3685 1482 con-
3703 1419 3717 1426 “

2095 1503 2344 1553 sumtuet,
2372 1493 2540 1562 gratia
2570 1499 2809 1562 coronet.
2841 1489 2972 1544 Item
3010 1501 3127 1560 post
3167 1489 3442 1548 innuméra
3489 1493 3680 1560 hujus-

2095 1561 2258 1624 modi,
2288 1560 2406 1631 qua:
2434 1563 2484 1614 in
2516 1561 2644 1629 ipsis
2665 1560 2781 1628 ejus
2809 1561 3076 1628 opusculis
3099 1563 3214 1630 pius
3240 1565 3405 1618 lector
3424 1565 3682 1623 facillimo

2093 1631 2479 1701 deprehendet,
2514 1633 2572 1702 in
2609 1632 2979 1702 explanatione
3017 1633 3281 1698 versiculi,
3325 1649 3433 1702 quo
3478 1635 3679 1691 dictum

2094 1712 2194 1767 est,
2217 1701 2606 1772 Appreliendam
2629 1710 2695 1765 te,
2719 1701 3021 1772 ct_i_uducam
3037 1702 3087 1754 in
3114 1702 3318 1756 domum
3338 1701 3514 1758 matris
3532 1721 3675 1770 metr,

2093 1772 2162 1825 ibi
2182 1770 2480 1826 nte‘docebis
2505 1771 2612 1842 (ld.
2629 1787 2739 1836 vui,
2765 1770 2822 1840 9)
2844 1789 2857 1833 ;
2887 1771 3149 1840 patentius
3168 1789 3285 1841 quae
3305 1784 3488 1829 contra
3517 1776 3677 1830 fidem

2093 1857 2288 1896 vesana
2319 1843 2562 1906 sentiret,
2605 1842 2897 1907 intitnavit,
2948 1842 3132 1895 dicens
3159 1843 3226 1896 de
3253 1843 3481 1898 Domino
3515 1863 3528 1898 :
3555 1844 3680 1900 Jam

2093 1913 2146 1982 in
2174 1913 2287 1980 ipsa
2313 1913 2530 1982 infantia
2571 1913 2730 1964 multa
2760 1927 2878 1982 (qua:
2906 1910 3094 1965 discere
3131 1912 3395 1968 debeamus
3433 1917 3674 1968 Ostendit.

2096 1981 2294 2048 Primo,
2324 1981 2492 2052 ipsum
2515 1997 2619 2052 esse
2647 1981 2876 2051 opiﬁcem
2917 1984 3260 2036 uniuersorum
3287 1999 3351 2036 ea:
3388 1987 3601 2038 masculi
3629 1995 3680 2040 et

2095 2053 2296 2121 femina:
2322 2050 3024 2122 conjunctionenascentium,
3059 2053 3141 2118 qui
3183 2052 3278 2106 sibi
3305 2055 3415 2107 sine
3442 2055 3673 2109 ministe-

2094 2123 2172 2175 rio
2207 2123 2298 2176 viri
2339 2121 2521 2192 corpus
2548 2138 2623 2192 ea:
2658 2121 2850 2190 virgine
2884 2121 3193 2192 fabricasset.
3235 2123 3449 2186 Deinde,
3483 2127 3682 2179 nullum

2095 2203 2354 2262 peccatum
2390 2191 2495 2246 esse
2535 2191 2723 2244 homini
2761 2191 3078 2263 congenitum
3102 2207 3120 2244 :
3145 2194 3551 2263 quandoquidem
3589 2197 3680 2249 ille

2094 2261 2140 2316 et
2165 2263 2331 2316 carnis
2351 2263 2554 2316 veritate
2572 2261 2930 2325 circumdatus,
2956 2271 3002 2314 et
3027 2261 3238 2315 macula:
3261 2261 3501 2317 immunis
3521 2267 3678 2319 exsti-

2095 2334 2230 2386 terit.
2259 2331 2543 2398 Postremo,
2572 2332 2815 2400 originem
2845 2341 3066 2403 nostram
3097 2348 3197 2385 non
3225 2349 3371 2402 posse
3406 2335 3506 2388 nisi
3525 2336 3682 2403 impie

2095 2403 2284 2456 diaboli
2309 2404 2540 2472 operibus
2567 2403 2804 2465 adscribi,
2828 2417 2940 2470 qua:
2970 2400 3073 2454 Deo
3093 2417 3208 2454 vero
3226 2400 3331 2456 non
3358 2405 3524 2457 solum
3548 2400 3674 2458 cou-

2095 2473 2274 2534 ditare,
2317 2473 2404 2525 sed
2443 2473 2593 2525 etiam
2629 2472 2908 2524 habitatore
2948 2472 3300 2541 congaudent.
3344 2473 3458 2527 Non
3501 2476 3678 2530 Solum

2094 2541 2410 2614 autemhtcc
2460 2541 2685 2614 dicendo
2710 2556 2948 2614 erronem
2979 2542 3153 2614 struit,
3200 2542 3294 2597 sed
3351 2543 3451 2598 hoc
3501 2545 3674 2614 ipsum

2093 2613 2253 2667 etiam
2278 2613 2664 2666 interveniente
2683 2611 2792 2680 agit
2815 2613 3075 2680 exemplo.
3105 2611 3235 2665 Nam
3261 2611 3534 2681 peccatum
3557 2630 3681 2670 esse

2097 2683 2296 2752 homini
2351 2684 2689 2751 congenitum
2735 2689 2956 2752 testatur
2998 2683 3287 2752 Scriptura.
3337 2700 3456 2752 qua:
3501 2685 3673 2738 dicit:

2096 2751 2258 2806 Graue
2291 2754 2478 2822 jugum
2511 2769 2660 2820 super
2703 2753 2836 2818 ﬁlios
2871 2751 3056 2811 Adam,
3079 2751 3220 2806 a'die
3243 2751 3404 2806 exitus
3427 2757 3489 2807 de
3509 2765 3680 2809 ventre

2095 2824 2270 2876 matris
2286 2839 2476 2884 eorum,
2496 2839 2650 2889 usque
2661 2822 2710 2873 in
2724 2823 2854 2874 diem
2871 2823 3138 2891 sepultura:
3153 2823 3205 2874 in
3226 2833 3431 2876 matrem
3449 2825 3677 2878 omnium

2097 2891 2280 2963 (Eccli.
2305 2908 2392 2954 XL,
2422 2893 2496 2962 l).
2532 2893 2641 2945 lmo
2666 2891 2768 2946 hoc
2804 2892 2872 2943 ab
2911 2893 3399 2963 ipsaiconceptiooe
3425 2909 3544 2949 esse
3576 2896 3677 2949 ho-

2094 2961 2224 3034 mini
2247 2961 2735 3034 comvumtestatnr
2756 2963 2940 3015 beatus
2963 2961 3096 3025 Job,
3135 2978 3254 3016 cum
3295 2964 3518 3017 Domino
3545 2980 3680 3034 sup-

2097 3033 2301 3102 plicans
2327 3033 2401 3087 ait
2433 3049 2446 3085 :
2482 3033 2606 3099 Quis
2646 3041 2802 3102 potest
2837 3035 3001 3100 facere
3034 3033 3277 3086 mundum
3312 3035 3375 3087 de
3410 3033 3678 3089 immundo

2094 3100 2390 3174 conceptum
2416 3103 2635 3156 semine?
2663 3100 2849 3155 Nonne
2877 3113 2929 3154 tu
2953 3104 3039 3172 qui
3064 3103 3201 3174 solus
3220 3121 3272 3157 es
3292 3104 3410 3170 (Job
3433 3121 3538 3166 xtv,
3575 3107 3632 3173 4)
3650 3108 3679 3159 .’

2097 3173 2163 3227 Et
2203 3173 2322 3243 qua:
2366 3175 2563 3244 poterit
2603 3186 2722 3244 esse
2768 3173 3166 3244 consequentia,
3209 3185 3267 3228 ut
3308 3175 3427 3230 ideo
3465 3175 3679 3229 dicatur

2095 3241 2294 3298 nullum
2336 3241 2607 3312 peccatum
2651 3241 2959 3296 hominibus
2993 3258 3055 3296 es
3100 3244 3315 3296 masculi
3364 3254 3419 3298 et
3460 3245 3678 3299 feminas

2093 3315 2467 3383 conjunctione
2507 3314 2846 3366 nascentibus
2872 3328 2992 3366 esse
3017 3315 3386 3382 congenitum,
3415 3317 3670 3383 quoniam

2087 3383 2260 3438 Filius
2283 3384 2377 3438 Dei
2404 3384 2494 3453 qui
2524 3383 2624 3437 sibi
2651 3385 2765 3436 sine
2793 3383 3089 3436 ministerio
3125 3384 3226 3437 viri
3261 3399 3460 3452 corpus
3479 3400 3546 3440 ex
3565 3387 3666 3440 vir.

2093 3455 2222 3523 gine
2238 3453 2530 3516 fabricavit,
2555 3463 2611 3507 et
2628 3453 2805 3523 carnis
2829 3453 3046 3507 veritate
3069 3454 3447 3520 circumdatus,
3479 3465 3532 3509 et
3557 3472 3676 3509 ma-

2093 3522 2228 3592 cula:
2257 3523 2506 3578 immunis
2536 3522 2775 3578 exstitit?
2801 3524 2928 3590 Qua:
2955 3531 3037 3577 est
3065 3525 3198 3577 ratio
3226 3539 3581 3592 consequens,
3613 3536 3676 3580 ut

2095 3591 2256 3648 homo
2279 3609 2440 3662 purus
2461 3595 2810 3648 innocentiam
2833 3610 2943 3648 sua:
2967 3595 3250 3647 nativitatis
3269 3591 3470 3649 astruaf
3492 3611 3677 3649 exeat—

2095 3664 2184 3745 plo
2211 3665 2317 3718 nati
2344 3663 2910 3745 inparueblediatoris
2936 3664 3029 3744 pel
3061 3663 3434 3745 etdioniinum,
3459 3681 3588 3745 etuti
3606 3667 3679 3745 de

2095 3733 2237 3788 illius
2259 3735 2531 3788 nativitate
2551 3733 2742 3788 dixerit
2763 3733 2950 3802 virgini
2979 3735 3132 3786 matri
3153 3734 3522 3799 archangelus,
3547 3735 3677 3804 Spi-

2093 3805 2221 3858 ritus
2241 3813 2442 3858 sanctus
2469 3805 2776 3872 superveniet
2805 3804 2857 3857 in
2879 3813 2944 3866 te,
2975 3812 3022 3855 et
3045 3804 3202 3857 virtus
3229 3805 3476 3858 Altissimi
3503 3807 3681 3859 obtun-

2093 3873 2255 3945 brabit
2277 3874 2365 3945 tibi
2380 3893 2397 3938 ;
2421 3875 2628 3945 ideoque
2645 3884 2689 3945 e_t
2711 3874 2847 3944 (quod
2875 3884 3108 3945 nascetur
3130 3890 3194 3927 ea:
3221 3884 3269 3927 te
3295 3873 3562 3939 Sanctum,
3588 3893 3682 3928 so-

2095 3944 2290 3998 cabitur
2313 3943 2482 3998 Filius
2506 3943 2596 3997 Dei
2627 3943 2776 4012 (Luc.
2803 3960 2836 4006 t,
2867 3943 2956 4012 '53)
2992 3961 3004 3995 :
3033 3953 3227 4014 nostra:
3253 3957 3433 3998 autem
3467 3947 3681 4014 paretui

2093 4023 2216 4084 post
2265 4025 2472 4068 reatum
2525 4015 2975 4083 praevaricationis
3024 4013 3215 4067 dixerit
3263 4014 3437 4082 justus
3470 4013 3677 4084 ’judcx,

2097 4083 2721 4154 Multiplicabaaerumnas
2749 4094 2880 4145 tuas,
2903 4093 2950 4138 et
2985 4094 3254 4152 conceptus
3285 4093 3396 4154 tuos
3432 4103 3452 4139 :
3499 4087 3553 4138 in
3579 4087 3682 4139 do-

2094 4154 2201 4224 lore
2225 4153 2391 4224 paries
2410 4155 2560 4222 ﬁlios,
2586 4165 2632 4207 et
2653 4155 2742 4207 sub
2760 4156 2851 4206 viri
2875 4164 3116 4223 potestate
3134 4155 3234 4208 eris
3259 4153 3412 4221 (Gen.
3438 4171 3514 4216 ttt,
3550 4156 3638 4223 16)
3654 4159 3682 4210 τ

2093 4222 2196 4296 sed
2226 4222 2398 4294 neque
2419 4224 2682 4296 hocqttod
2707 4224 2855 4296 dicit,
2879 4222 3379 4296 'originemrnostram
3399 4242 3499 4296 non
3527 4222 3679 4296 posse

2096 4294 2196 4347 nisi
2244 4293 2397 4363 impie
2432 4293 2620 4347 diaboli
2666 4294 2896 4361 operibus
2935 4295 3178 4356 adscribi,
3228 4310 3342 4362 quia
3396 4293 3536 4348 Deo’
3563 4313 3683 4350 vero

2095 4379 2194 4418 non
2237 4364 2403 4418 solum
2437 4365 2730 4430 conditore,
2771 4367 2858 4418 sed
2899 4365 3048 4418 etiam
3091 4365 3368 4417 habitatore
3407 4367 3679 4434 gauderet,

2094 4449 2186 4487 aut
2219 4435 2481 4490 catltolice
2519 4443 2612 4488 aut
2654 4444 3042 4502 consequenter
3071 4434 3214 4489 fecit.
3250 4435 3384 4501 Quia
3421 4437 3679 4490 nimirum

2093 4504 2336 4560 diabolus
2361 4507 2458 4559 etsi
2479 4513 2755 4575 peccatum
2779 4506 3116 4574 protoplastis
3143 4505 3336 4562 intulit.
3371 4520 3470 4558 uec
3500 4517 3683 4560 ulmea

2094 4575 2172 4628 cis
2217 4577 2471 4629 naturalis
2512 4591 2822 4644 procursum
2870 4575 3254 4630 benedictionis
3285 4576 3524 4636 abstulit,
3573 4591 3682 4644 qua

2094 4644 2391 4714 audierant,
2423 4645 2640 4700 Crescite
2663 4655 2707 4698 et
2737 4645 3163 4714 multiplicamini,
3197 4655 3242 4697 et
3271 4645 3460 4711 replete
3489 4655 3687 4698 terram

2095 4713 2208 4782 (Id.
2237 4731 2274 4779 t,
2303 4715 2418 4786 28).
2441 4715 2555 4770 Non
2585 4730 2712 4784 ergo
2738 4717 2825 4769 illa
2855 4713 3132 4786 impietate,
3163 4715 3481 4782 decipimur,
3519 4732 3683 4783 quam

2095 4785 2248 4840 nobis
2269 4785 2594 4855 itnproperat
2619 4787 2879 4850 Julianus,
2922 4795 2980 4839 ut
3007 4785 3264 4854 originem
3292 4795 3531 4840 nostram
3561 4786 3682 4838 dia-

2096 4855 2200 4909 boli
2247 4858 2498 4924 operibus
2521 4856 2908 4919 adscrihamus,
2944 4870 3100 4924 quam
3135 4855 3493 4923 primordialis
3517 4871 3684 4922 arere

2093 4925 2476 4981 benedictionis
2496 4942 2526 4978 a
2563 4927 2676 4980 Deo
2699 4927 2963 4980 conditam
2993 4926 3209 4980 scimus.
3237 4926 3389 4978 Absit
3413 4934 3594 4978 autem
3623 4936 3683 4978 ut

2093 4997 2350 5065 originem
2383 5009 2616 5052 nostram
2645 5007 2762 5065 post
2801 4995 3256 5066 pnevaricationis
3301 4995 3498 5048 malum
3522 5036 3538 5059 ,
3572 4997 3685 5049 Deo

2093 5065 2331 5120 dicamus
2371 5082 2490 5121 esse
2519 5068 2781 5136 gavisam,
2807 5065 2933 5120 ante
2976 5066 3265 5136 remedium
3303 5065 3555 5119 secunda:
3599 5081 3686 5136 re-

2091 5139 2447 5204 generationis
2471 5134 2589 5205 qua:
2619 5140 2675 5190 lit
2699 5152 2761 5189 ex
2807 5151 2941 5203 aqua
2983 5146 3035 5188 et
3074 5135 3269 5202 Spiritu
3315 5145 3500 5189 sancto
3525 5177 3542 5199 ,
3585 5134 3687 5187 do.

2094 5217 2254 5262 naute
2293 5207 2461 5278 gratia
2494 5207 2586 5262 Dei
2627 5223 2720 5276 per
2754 5206 2935 5262 Jesum
2959 5206 3230 5260 Christum
3259 5206 3543 5259 Dominum
3587 5220 3687 5258 no-

2091 5285 2257 5330 strttm
2267 5319 2282 5333 .

2163 5347 2387 5404 CAPUT
2429 5347 2490 5402 V.
2534 5348 2677 5404 —9.
2710 5348 2881 5401 Pauca
2912 5345 3029 5402 lucc
3054 5345 3123 5400 de
3146 5346 3417 5415 plurilms,
3445 5361 3509 5400 ex
3542 5361 3684 5415 pra:-

2093 5415 2202 5472 fato
2243 5433 2405 5489 opere
2437 5418 2629 5474 Juliani
2670 5418 2734 5472 ad
2775 5419 3034 5472 cautelam
3076 5417 3362 5489 legentium
3392 5428 3686 5489 annotasse

2093 5487 2452 5543 necessarium
2491 5490 2786 5544 duximus:
2821 5503 3045 5558 quorum
3085 5487 3341 5542 adtnOuiti
3382 5487 3684 5558 exemplis,

2092 5559 2392 5628 vigilantius
2437 5560 2490 5613 in
2525 5561 2724 5625 reliqua
2755 5557 2872 5626 ejus
2911 5558 3174 5615 lectione.
3215 5573 3336 5626 quae
3371 5572 3474 5610 non
3504 5557 3687 5610 minus

2093 5631 2249 5683 noxia
2268 5646 2410 5699 sa-pc
2426 5631 2746 5685 salutaribus
2762 5632 2900 5684 dicta
2922 5629 3207 5699 interserit,
3227 5628 3687 5699 circumspictant.

2091 5699 2224 5754 Nam
2273 5697 2426 5755 ct_in
2455 5702 2572 5756 aliis
2599 5701 2868 5771 opusculis
2904 5698 3166 5771 eamdem
3190 5714 3341 5771 suam
3387 5697 3640 5771 ltmrcsim
3670 5736 3687 5760 ,

2092 5773 2334 5841 quamvis
2379 5773 2602 5828 multum
2638 5765 2968 5828 "reclamante
3004 5770 3338 5826 sanctissimo
3380 5783 3443 5824 ac
3484 5765 3690 5823 doctis.
