3998 6190
398 322 542 381 nos

336 511 340 514 ’
403 507 474 562 sit
505 507 726 561 liberum
752 543 768 568 ,
793 512 852 558 ut
877 505 930 557 in
963 503 1221 570 integrum
1246 516 1493 567 revoces,
1521 503 1887 557 admonemus.
1915 503 1983 555 Et

345 610 347 612 -
405 575 768 643 unuSquisque
795 589 898 626 nou
935 573 1222 643 ambitione
1266 572 1469 643 illectus
1493 587 1656 643 ,_non
1695 573 1981 643 cupiditate

403 641 657 700 seductus
676 641 696 708 ζ
718 659 818 696 non
845 645 1189 710 persuasione
1211 642 1480 695 hominum
1511 641 1830 709 depravatus
1849 683 1864 708 ,
1889 642 1978 695 tibi

405 715 682 769 ordinatus
710 721 829 777 est,
860 721 1166 782 perscvetet
1195 728 1208 764 :
1242 712 1310 764 ita
1351 722 1407 782 ut
1447 711 1491 763 si
1538 714 1658 780 quis
1701 727 1794 782 sua
1825 728 1981 782 quat:

405 800 565 845 rens,
617 798 720 836 non
764 779 879 847 qna—-
925 781 1070 834 Jesu.
1096 782 1289 835 Christi
1331 779 1601 850 (Philipp.
1637 797 1707 845 ιι,
1737 781 1798 833 21
1824 781 1867 851 ),
1915 781 1980 834 ad

408 853 614 920 plebem
643 864 690 905 et
723 851 1018 905 Ecclesium
1063 866 1211 903 suam
1259 852 1434 904 redire
1480 852 1767 917 neglexerit
1792 867 1807 908 :
1835 863 1887 902 et
1916 852 1983 904 ab

405 925 623 975 honoris
651 922 960 990 privilegio,
991 931 1043 974 et
1071 937 1099 973 a
1129 920 1518 974 eummunionis
1544 922 1753 973 vinculo
1781 920 1976 972 hahea-

405 1002 492 1044 tur
521 1003 824 1045 extrahens.
860 990 972 1042 Non
1002 1000 1176 1042 autem
1210 992 1411 1042 dubitet
1441 991 1657 1052 Dilectio
1688 1001 1772 1042 tua
1799 1031 1812 1051 ,
1843 1004 1941 1042 nos
1964 1030 1978 1047 .

404 1064 446 1113 si
480 1061 662 1132 (quod
696 1075 799 1113 non
830 1059 1187 1128 arbitramur)
1216 1061 1450 1132 neglecta
1483 1059 1676 1132 fuerint
1699 1099 1716 1124 ,
1745 1075 1860 1132 qna-
1890 1075 1983 1132 pro

403 1129 642 1184 custodia
674 1145 936 1184 canonum
963 1171 976 1191 ,
1008 1141 1062 1183 ct
1102 1147 1194 1194 pro
1242 1130 1358 1182 fidei
1407 1130 1704 1198 integritate
1746 1129 1979 1181 decerni-

403 1216 522 1254 mus
549 1241 562 1261 ,
612 1201 977 1253 vehementius
1013 1199 1466 1253 commovendos:
1509 1201 1631 1266 quia
1673 1199 1980 1252 inferiorum

406 1271 654 1323 Ortlillllm
707 1271 877 1338 culpa:
923 1270 989 1322 ad
1037 1272 1208 1322 nullos
1262 1270 1427 1336 magis
1478 1268 1773 1323 referenda:
1817 1279 1978 1333 sunt,

404 1356 562 1408 quam
589 1341 654 1392 ad
685 1341 894 1394 desides
916 1379 932 1404 ,
961 1341 1398 1408 negligentesque
1427 1349 1662 1392 rectores
1689 1379 1704 1402 ,
1728 1341 1817 1406 qui
1846 1339 1984 1390 nmi-

405 1419 510 1462 tain
561 1424 702 1477 sche
740 1411 976 1462 nutriunt
1017 1412 1402 1475 pestifcritiam,
1453 1409 1578 1462 dum
1631 1408 1982 1462 austeriorem

400 1479 736 1535 dissimulant
759 1480 1010 1533 adhibere
1043 1480 1378 1532 mediciuam.

823 1553 1156 1624 EPIS'i‘OLA
1198 1568 1542 1630 Etusoeu,

633 1677 700 1715 Αι)
737 1675 1021 1714 ssrrtmuu
1060 1675 1344 1715 Episcorcn
1385 1676 1609 1714 ALTINL'II
1655 1658 1753 1732 (a).

525 1753 636 1808 Leo
663 1756 941 1822 epismpus
963 1794 978 1818 ,
1008 1754 1262 1830 Serrimo
1286 1754 1538 1822 episcopo
1561 1794 1576 1818 ,
1606 1755 1853 1807 Salutem.

475 1845 652 1900 Lectis
680 1846 1044 1900 Fraternitatis
1073 1856 1174 1899 tua:
1199 1845 1384 1898 litteris
1404 1884 1419 1908 ,
1445 1846 1675 1914 vigorem
1701 1843 1819 1898 fidei
1845 1851 1945 1896 tum
1965 1885 1980 1909 ,

405 1930 563 1982 quam
607 1916 731 1968 olim
777 1930 1126 1979 noveramus,
1167 1915 1518 1983 agnovimus:
1557 1915 1984 1982 congratulantes

405 1986 496 2038 tibi
524 2024 539 2047 ,
572 1986 708 2054 quml
740 1984 804 2037 ad
836 1985 1127 2039 custodiam
1171 1999 1386 2053 gregum
1431 1983 1626 2038 Christi
1667 1985 1982 2054 pastoralem

401 2053 599 2109 curam
618 2055 896 2121 vigilanter
924 2057 1232 2121 exsequeris
1255 2093 1270 2118 ,
1303 2070 1368 2107 ne
1395 2054 1500 2121 lupi
1523 2094 1538 2118 ,
1571 2055 1657 2121 qui
1682 2053 1782 2108 sub
1807 2053 1986 2122 specie

402 2125 580 2176 ovium
625 2125 988 2178 subiutrarunt
1027 2123 1045 2193 (
1072 2122 1255 2176 Matth.
1283 2139 1351 2176 vti
1378 2164 1392 2184 ,
1421 2125 1488 2176 15
1512 2124 1555 2192 ),
1585 2123 1789 2176 hestiali
1827 2122 1982 2193 saevif

407 2195 476 2247 tia
504 2194 771 2259 simplices
799 2192 1392 2262 quosquedilacerent;
1433 2203 1485 2245 et
1528 2207 1634 2246 non
1670 2193 1839 2245 Solum
1887 2192 1983 2260 ipsi

405 2265 547 2316 nulla
577 2265 907 2317 eorrectione
938 2264 1210 2331 proficiant
1235 2305 1248 2323 ,
1273 2263 1366 2316 sed
1395 2264 1552 2316 etiam
1582 2278 1641 2316 ea
1669 2303 1684 2325 ,
1713 2278 1831 2331 qum
1859 2270 1983 2314 sunt

402 2348 528 2386 sana
557 2373 574 2396 ,
605 2342 966 2401 corrumpant.
1009 2333 1159 2400 Quod
1202 2349 1268 2388 ne
1303 2333 1515 2400 viperea
1550 2333 1714 2400 possit
1743 2332 1984 2385 obtinere

405 2403 642 2467 fallacia,
695 2403 759 2454 ad
814 2404 1277 2468 metmpolilauum
1334 2404 1641 2470 episcopum
1699 2402 1984 2471 provincia:

407 2472 643 2525 Venetia:
671 2471 866 2540 scripta
889 2473 1178 2526 direximus
1201 2489 1214 2525 :
1244 2473 1434 2542 quibus
1457 2472 1522 2525 ad
1545 2470 1712 2525 status
1733 2473 1813 2524 sui
1835 2470 1982 2594 peri-

407 2544 579 2594 culum
611 2552 954 2594 cocnosceret
982 2543 1282 2594 pertinere.
1328 2543 1372 2594 si
1411 2543 1687 2594 ouisouani
1729 2541 1798 2594 de
1875 2541 1982 2594 ela-

403 2544 579 2595 culum
611 2552 954 2609 cognoscm-t
982 2541 1282 2609 pertinere,
1328 2543 1372 2596 si
1411 2543 1687 2610 quisqiiam
1729 2541 1798 2594 de
1835 2541 1986 2594 Pela-

400 2611 679 2680 gianorum
731 2620 784 2662 et
831 2611 1270 2665 leestianorum
1328 2615 1599 2664 consortio
1648 2611 1898 2672 veniens,
1930 2610 1982 2663 in

401 2681 777 2750 communione
803 2681 1061 2734 catholica
1100 2681 1218 2733 sine
1245 2681 1576 2748 professione
1612 2681 1861 2750 legitima:
1899 2695 1984 2732 sa-

405 2749 720 2805 tisfactionis
774 2750 1046 2803 habeatur.
1102 2751 1520 2805 Saluberrimum
1571 2749 1712 2804 enim
1756 2760 1876 2814 est,
1929 2757 1984 2802 et

401 2822 693 2889 spiritualis
736 2821 1013 2874 medicina:
1056 2822 1287 2874 utilitate
1327 2821 1724 2887 plenissimum,
1778 2818 1984 2889 utsivc

408 2887 702 2972 presbyteri
725 2891 882 2971 ,sive
907 2890 1115 2943 diaconi
1143 2931 1158 2955 ,
1190 2889 1303 2972 sive
1323 2890 1420 2972 alii.
1451 2889 1731 2972 cujuslibet
1776 2887 1980 2942 ordinis

403 2959 626 3025 clerici,
680 2961 768 3034 qui
821 2975 879 3014 se
930 2970 1199 3034 correctos
1253 2959 1448 3034 videri.
1479 2962 1689 3034 volunt,
1745 2972 1983 3034 errorem

405 3044 558 3083 suum
585 3071 599 3093 ,
629 3038 682 3082 et
713 3032 854 3097 ipsos
895 3029 1096 3084 erroris
1132 3039 1378 3083 auctores
1417 3029 1654 3082 damnari
1693 3043 1724 3082 a
1766 3043 1825 3082 sc
1867 3029 1983 3082 sine

403 3099 747 3168 ambiguitate
776 3098 1083 3153 fateantur:
1119 3107 1175 3152 ut
1200 3100 1443 3154 sensibus
1481 3099 1653 3165 pravis
1690 3107 1744 3151 ct
1781 3098 1981 3152 dudum

409 3171 731 3239 peremptis,
789 3171 927 3224 nulla
983 3168 1258 3238 spiraudi‘
1314 3171 1544 3237 supersit
1612 3169 1861 3232 occasio,
1916 3183 1982 3222 ne

405 3241 570 3295 ullum
604 3239 897 3294 membrum
929 3239 1182 3294 Eccle~ize
1205 3239 1384 3293 talium
1409 3239 1572 3306 possit
1592 3239 1846 3293 societate
1870 3239 1980 3291 vio-

411 3311 545 3376 lari,
577 3325 696 3364 cum
728 3326 822 3378 per
849 3311 1025 3363 omnia
1069 3310 1172 3363 illis
1209 3309 1466 3377 professio
1508 3310 1720 3379 propria
1761 3309 1984 3376 cmperit

406 3379 643 3433 obviare.
672 3380 823 3433 Circa
851 3395 986 3448 quos
1007 3379 1163 3432 etiam
1196 3380 1338 3433 illam
1365 3395 1625 3432 canomnn
1649 3379 1983 3431 constitutio-

411 3465 532 3502 nem
563 3447 898 3518 pra'eipimus
935 3449 1186 3502 cnsmdiri
1212 3490 1227 3512 ,
1266 3465 1332 3502 ne
1365 3449 1430 3501 ah
1473 3449 1553 3500 his
1599 3447 1886 3510 Ecclesiis,
1915 3448 1981 3500 ad

409 3533 542 3584 quas
573 3521 786 3585 proprie
812 3520 1116 3586 pertinent,
1155 3519 1396 3570 sinantur
1439 3518 1724 3571 abscedere
1752 3558 1766 3580 ,
1805 3525 1859 3569 et
1889 3534 1983 3582 pro

407 3601 506 3640 suo
531 3589 752 3640 arbitrio
777 3588 842 3641 ad
874 3588 990 3640 loca
1019 3587 1117 3639 sibi
1150 3603 1252 3640 non
1285 3587 1531 3652 deputata
1561 3588 1805 3640 transire.
1833 3586 1981 3652 Quod

407 3671 527 3707 cum
559 3663 702 3708 recte
733 3671 836 3710 non
887 3656 1204 3724 permittitur
1242 3656 1523 3722 inculpatis
1547 3697 1561 3718 ,
1601 3656 1768 3710 multo
1810 3659 1984 3708 minus

408 3726 569 3778 debet
608 3725 767 3778 licere
807 3726 1087 3793 suspectis.
1136 3726 1362 3779 Proinde
1393 3727 1612 3780 Diiectio
1661 3735 1744 3778 tua
1772 3767 1786 3787 ,
1833 3727 1984 3790 cujus

408 3794 692 3865 devotione
719 3795 1010 3864 gaudemus
1035 3836 1048 3856 ,
1075 3795 1263 3865 jungat
1288 3811 1470 3850 curam
1501 3810 1651 3849 Suam
1676 3795 1982 3864 dispositio-

409 3864 566 3917 nibus
591 3868 786 3919 nostris
811 3908 819 3917 .
849 3874 905 3918 et
932 3881 1053 3919 cum
1081 3864 1401 3934 supradicto
1445 3866 1855 3933 metropolitano
1897 3867 1986 3920 det

407 3947 625 4002 operam
651 3973 666 3994 ,
694 3943 751 3987 ut
777 3935 1162 4003 Cil‘ClllllSpCCle
1185 3951 1246 3989 ac
1268 3937 1522 3989 velociter
1542 3936 1858 4002 impleantur
1880 3951 1940 3989 ea
1967 3975 1982 3998 ,

407 4019 528 4072 qum
556 4003 621 4056 ad
651 4005 809 4058 totius
839 4005 1092 4059 Ecclesia:
1123 4006 1538 4060 incolumitatem
1569 4015 1623 4060 et
1651 4006 1986 4060 laudabiliter

405 4083 532 4128 sunt
560 4083 708 4143 gesta
731 4075 773 4136 '.
802 4083 856 4128 et
882 4076 1168 4129 salubriter
1191 4075 1453 4129 ordinata.

633 4160 905 4216 CONTRA
947 4163 1388 4218 PELAGIANAM
1430 4162 1756 4220 [MERESIM

410 4267 461 4306 IN
499 4267 766 4306 ωιιιλτιλ
802 4267 1184 4306 ιιεκλεεεΝτειι
1209 4294 1223 4318 ,
1266 4267 1518 4308 EPISTOLA
1555 4269 1758 4309 GELASII
1795 4269 1943 4308 PAP£
1968 4295 1983 4320 ,

618 4337 685 4377 an
723 4336 988 4377 noaoniun
1029 4337 1311 4376 ειηεεορωι
1352 4339 1634 4377 uacuus:
1675 4325 1780 4392 (b).

619 4411 975 4466 Dilectissimo
1004 4412 1152 4466 fratri
1179 4411 1420 4468 [lenonio
1443 4453 1458 4476 ,
1489 4411 1772 4467 Gsusws.

479 4504 535 4557 1.
579 4503 726 4556 Licet
753 4502 890 4555 inter
924 4503 1096 4557 varias
1123 4512 1416 4571 temporum
1448 4501 1785 4556 difficultates
1811 4501 1983 4555 conti-

407 4573 529 4626 nuis
567 4572 1004 4639 occupationibus
1047 4573 1326 4641 implicati,
1366 4573 1450 4627 vix
1497 4573 1758 4641 respirare
1809 4572 1987 4624 valea-

410 4656 570 4703 mus:
601 4655 696 4710 pro
721 4641 875 4695 Sedis
902 4650 1075 4696 tamen
1103 4644 1408 4710 apostolica:
1435 4642 1800 4696 moderamine
1829 4642 1988 4695 totius

407 4712 562 4765 ovilis
585 4711 1038 4782 dominicicuram
1065 4713 1180 4782 sine
1200 4713 1498 4766 cessatione
1525 4721 1810 4766 tractantes
1831 4751 1845 4776 ,
1868 4727 1988 4782 qua:

411 4783 568 4836 beato
588 4780 748 4836 Petro
766 4779 1057 4836 Salvatoris
1083 4781 1246 4850 ipsius
1268 4784 1436 4836 nostri
1460 4798 1590 4838 voce
1609 4783 1847 4851 delegata
1871 4779 1950 4851 est
1969 4823 1984 4848 ,

412 4852 479 4906 Et
501 4863 556 4906 tu
579 4867 847 4922 courersus
871 4851 1118 4918 conﬁrma
1139 4854 1316 4920 fratres
1339 4863 1449 4905 tuos
1471 4854 1488 4922 (
1513 4851 1637 4905 Luc.
1669 4850 1777 4906 xxii
1803 4893 1818 4916 ,
1844 4850 1921 4922 βξ
1943 4851 1984 4922 );

407 4931 465 4976 ct
493 4924 617 4976 item
643 4963 659 4986 ,
695 4920 845 4975 Patre
877 4959 891 4984 ,
920 4937 1064 4974 amas
1101 4923 1224 4976 me?
1266 4921 1426 4976 Pasce
1470 4920 1584 4976 oves
1622 4938 1757 4976 meas
1788 4920 1986 4991 (Joun.

409 5007 500 5045 xxi
525 5032 543 5056 ,
575 4991 674 5061 17)
700 4991 1070 5046 :dissimulare
1101 5007 1197 5047 nec
1220 5007 1501 5062 possumus
1526 5032 1543 5058 ,
1572 5007 1672 5048 nec
1693 4993 1948 5047 debemus
1970 5033 1985 5056 ,

409 5076 531 5134 qua:
560 5071 793 5134 nostram
824 5061 1233 5134 sollicitudinem
1279 5062 1446 5116 forma
1470 5063 1829 5134 perstringat;
1865 5077 1986 5116 cum

410 5131 582 5202 beato
627 5131 788 5202 l‘aulo
830 5133 1071 5201 apostolo
1116 5134 1436 5196 sentientes,
1471 5131 1654 5202 'atqne
1703 5132 1986 5195 dicentes,

411 5201 541 5267 Quis
566 5201 854 5269 inﬁrmatur
877 5243 892 5267 ,
925 5213 970 5255 et
997 5219 1088 5272 ego
1114 5221 1212 5257 non
1241 5205 1472 5273 inﬁrmor
1493 5204 1517 5273 ?
1535 5201 1646 5273 quis
1671 5203 1991 5256 scandaliza-

411 5283 495 5325 tur
517 5312 532 5335 ,
559 5281 605 5324 et
636 5285 727 5345 ego
753 5287 854 5345 non
884 5275 1040 5345 uror!
1066 5274 1112 5345 ll;
1134 5275 1251 5329 Cor.
1273 5291 1328 5329 xt
1354 5316 1370 5339 ,
1397 5273 1468 5330 29
1491 5272 1640 5345 )ilta
1659 5273 1859 5345 quippe
1874 5286 1990 5345 _nos

410 5352 630 5410 repente
657 5339 821 5394 tristis
844 5380 859 5405 ,
891 5339 1181 5407 horrenda,
1229 5355 1283 5399 et
1319 5348 1403 5398 vix
1452 5339 1720 5399 credibilis
1760 5339 1993 5397 confecit

408 5413 589 5482 opinio
612 5455 628 5480 ,
660 5420 718 5466 ut
740 5422 974 5466 mentem
1011 5423 1240 5468 nostram
1274 5415 1662 5482 confunderet,
1690 5412 1954 5468 sauciaret
1973 5456 1988 5476 ,

473 5525 490 5555 ¹
528 5523 668 5582 Alias,
691 5521 938 5586 sperandi.

473 5587 496 5616 ί
531 5586 670 5642 Alias,
695 5593 934 5642 suggesta.

415 5639 698 5758 ἰι(ῗὶιοιίιιι
719 5639 891 5698 ordine
913 5647 990 5707 85,
1023 5661 1150 5698 nunc
1178 5650 1227 5698 7.
1251 5653 1364 5712 Scri;
1381 5658 1424 5700 ω
1448 5654 1638 5702 circiter
1661 5664 1838 5702 annum
1859 5649 1991 5698 chri-

475 5767 546 5824 (ὓ)
580 5772 704 5818 Inter
725 5769 896 5832 Gelasii
923 5771 1148 5833 epistolas
1171 5774 1337 5823 «diae
1363 5775 1406 5824 Ἰ.

1531 315 1930 373 APPENDlClS
1968 315 2143 374 PARS
2178 316 2515 376 SECUNDA.

319 442 335 500 '.
400 435 716 492 clericorum
738 433 807 489 ab
831 432 1065 489 Ecclesia
1087 430 1150 484 ad
1175 430 1462 486 Ecclesium
1483 431 1728 500 cuiquam
1751 432 1978 486 transire

3531 328 3672 387 1766

2085 433 2365 515 affligeret.
2393 436 2696 515 Nuntiatum
2733 439 3222 515 nobi_s_‘est_en_im_.
3260 443 3313 498 in
3361 443 3671 515 regionibus

2089 505 2462 586 Dalmatiarum
2489 509 2744 577 quosdam
2769 510 3008 586 recidiva
3019 510 3317 586 felagiantc
3344 505 3508 583 pestis
3530 517 3672 570 ziza-

2087 578 2171 652 nia
2224 578 2553 652 seminasse;
2612 587 2920 652 tantumque
2976 581 3083 636 illic
3139 578 3671 652 c'orum'prarvalerc

2088 644 2512 725 blasphemiam}
2543 656 2598 725 ut
2618 644 2897 725 simplices
2923 665 3161 725 quosque
3189 644 3443 708 mortiferi
3475 655 3671 710 furoris

2088 714 2747 792 insinuatiooedeeipiautI
2770 720 2865 792 Est
2888 714 3101 792 quidem
3123 737 3273 776 error
3301 725 3411 792 ipse
3433 725 3671 780 nefarius

2089 792 2234 874 tjmto
2263 786 2608 874 perniciosipr
2719 786 3110 874 subrependum
3133 833 3147 854 ,
3170 786 3368 874 quanio
3389 794 3452 845 ad
3483 795 3672 848 fallen-

2093 851 2235 932 dum
2265 851 2375 908 veri
2419 857 2775 932 siiiiili_ti_iiliiiis
2801 851 2978 932 colore
3007 851 3271 915 versutior
3301 881 3314 917 :
3345 864 3363 893 ¹
3382 874 3672 932 prtcstante

2091 923 2312 997 Domino
2333 965 2350 997 ,_
2385 926 2533 979 adest
2567 928 2685 981 fidei
2719 928 2991 983 catholica:
3031 945 3157 997 pura
3188 923 3396 985 veritas'
3445 947 3671 987 concor-

2086 993 2245 1070 dibus
2267 995 2629 1070 universorum
2658 999 2865 1052 Patrum
2887 993 3197 1070 deprompta
3219 1001 3482 1056 sententia
3508 1043 3524 1068 ,
3548 1019 3669 1069 qua:

2085 1071 2141 1114 et
2166 1063 2360 1116 subtile
2391 1067 2532 1137 virus
2572 1068 2791 1122 funestae
2839 1063 3125 1137 prav'italis'
3152 1081 3382 1137 exponat
3407 1114 3421 1136 ,
3468 1063 3525 1126 et
3569 1063 3669 1126 lm-

2087 1146 2246 1208 φηῃο
2269 1136 2447 1202 generi
2464 1136 2994 1208 salvatuloitfouferat
3019 1141 3085 1194 de
3109 1136 3503 1208 Scripturarum
3533 1159 3666 1198 con-

2090 1200 2314 1257 fectione
2357 1205 3048 1280 medicinam.‘Nuitatcnus
3092 1200 3247 1280 igitur"
3285 1210 3666 1266 discretionem

2088 1287 2262 1343 rerum
2291 1275 2521 1328 nomium
2545 1277 2866 1331 abundantia
2890 1278 3049 1332 corda
3080 1275 3357 1334 conturbet
3381 1323 3395 1344 ,
3419 1282 3591 1336 donec
3614 1293 3669 1337 et

2087 1344 2351 1397 occultum
2383 1346 2572 1420 vulnus
2599 1357 2884 1420 appareat,
2913 1358 2965 1400 et
2992 1349 3213 1420 salvatio
3241 1350 3524 1420 singularis
3547 1356 3667 1404 elu-

2229 1416 2517 1490 :_qnoniam
2552 1417 2884 1490 tltlunlalibet
2907 1427 3021 1490 arte
3041 1418 3266 1490 fallacia:
3292 1416 3510 1487 spiritus
3541 1437 3668 1490 per-

2087 1480 2303 1559 ditionis
2328 1480 2602 1549 armetur‘;
2629 1497 2813 1541 sancto
2840 1487 3014 1558 gladio
3033 1487 3257 1558 Spiritus
3282 1480 3592 1559 principalis
3613 1502 3668 1546 et

2087 1549 2354 1621 detegitur
2375 1565 2426 1608 et
2453 1566 2690 1610 necatur.

2124 1626 2130 1633 '
2158 1621 2212 1672 2.
2231 1626 2576 1694 Quapropter
2605 1642 2696 1692 per
2732 1627 3078 1682 Dilectionem
3118 1636 3261 1682 tuam
3303 1640 3531 1685 cunctos
3565 1631 3668 1684 ibi—

2088 1689 2208 1743 dem
2230 1691 2435 1744 Domini
2453 1689 2756 1750 sacerdotes
2778 1695 3629 1754 fraternocommonemusaffectu
3649 1743 3664 1761 .

2090 1761 2260 1828 utqui
2312 1778 2431 1816 cum
2472 1765 2746 1819 crudiente
2794 1780 2885 1819 vos
2935 1768 3157 1822 Domino
3202 1779 3384 1822 contra
3433 1771 3665 1825 novitios

2090 1832 2334 1899 pugnetis
2357 1847 2568 1889 errores
2590 1876 2606 1900 ,
2633 1837 2759 1888 olim
2807 1838 3203 1905 perversitatem
3250 1849 3358 1891 toto
3387 1839 3518 1893 orbe
3564 1840 3665 1893 da-

2090 1911 2342 1965 mnatam,
2364 1919 2458 1955 nec
2475 1906 2614 1977 ipsos
2630 1907 2868 1977 recipere
2891 1906 3129 1962 debeatis
3147 1925 3160 1958 :
3183 1918 3273 1962 aut
3297 1908 3436 1977 quod
3461 1918 3667 1964 temere

2090 1980 2301 2047 putatur
2328 1986 2446 2028 esse
2471 1972 2770 2047 faciendum
2795 2017 2810 2040 ,
2840 1993 2968 2047 qua),
2996 1993 3099 2030 non
3127 1972 3346 2032 haeresis
3372 1979 3666 2047 majoribus

2091 2042 2285 2114 nostris
2313 2046 2689 2099 convenienter
2714 2042 2972 2100 exstincta
3015 2063 3200 2100 rursus
3240 2042 3528 2114 provocare
3566 2065 3668 2102 nos

2089 2111 2279 2187 audeat
2303 2152 2317 2175 ,
2347 2123 2408 2187 et
2417 2115 2775 2187 palamnovis
2798 2117 3086 2187 resumptis
3131 2111 3330 2170 viribus
3369 2129 3663 2187 aperteque

2089 2181 2369 2256 confligat?
2389 2182 2774 2256 Numquidnam
2796 2186 2914 2239 licet
2941 2181 3092 2239 nobis
3112 2201 3140 2238 a
3166 2181 3480 2240 venerandis
3502 2181 3667 2256 patri-

2089 2248 2187 2302 bus
2221 2248 2464 2306 damnata
2503 2252 2837 2318 dissolvere,
2878 2264 2932 2309 et
2973 2256 3041 2309 ab
3085 2257 3186 2310 illis
3233 2258 3410 2310 excisa
3462 2248 3663 2311 nefaria

2088 2317 2133 2372 tl
2159 2330 2332 2388 gmata
2362 2324 2688 2377 retractare?
2712 2325 2845 2391 Quid
2870 2335 2946 2378 est
2977 2341 3103 2394 ergo
3125 2369 3138 2385 ,
3167 2326 3307 2394 quod
3337 2333 3665 2394 magnopere

2088 2403 2485 2465 prat'cavenius,
2543 2409 2609 2447 ne
2652 2395 2932 2462 cujuslibet
2978 2395 3194 2449 ha-resis
3239 2397 3405 2450 semel
3457 2397 3664 2465 dejeCla

2090 2461 2348 2537 pernicies
2377 2462 2442 2516 ad
2463 2478 2684 2518 examen
2713 2461 2889 2537 denuo
2911 2466 3094 2520 venire
3116 2465 3440 2527 contendat;
3471 2461 3666 2537 si'qnze

2089 2532 2376 2604 antiquitus
2404 2547 2433 2584 a
2463 2537 2657 2587 nostris
2683 2534 2970 2600 majoribus
2994 2537 3199 2604 cognita
3222 2576 3238 2600 ,
3265 2537 3504 2590 discussa
3530 2577 3545 2601 ,
3562 2532 3664 2591 re-

2090 2599 2444 2676 futatasunt.
2491 2599 2835 2676 restauranda
2875 2599 3147 2659 nitamur?
3193 2599 3370 2660 nenne
3422 2599 3668 2676 ipsi—uos

2089 2668 2108 2736 (
2124 2671 2267 2742 quod
2294 2672 2432 2725 absit
2457 2715 2469 2737 ,
2495 2673 2705 2742 etquod
2735 2690 2999 2742 nunquam
3025 2676 3284 2730 catholica
3311 2668 3540 2742 patietur
3563 2677 3667 2730 Ec-

2089 2739 2295 2810 clesia)
2344 2739 2661 2796 adversariis
2715 2739 2951 2798 veritatis
3006 2746 3267 2799 universis
3312 2739 3508 2799 contra
3565 2761 3667 2800 nos

2091 2811 2398 2885 resurgendi
2435 2815 2780 2885 proponimus
2817 2815 3161 2882 exemplum?
3207 2814 3304 2870 Ubi
3353 2824 3475 2879 est,
3523 2817 3667 2885 quod

2087 2880 2344 2956 scripturn
2365 2891 2482 2944 est,
2517 2882 2773 2956 Termino;
2798 2880 2998 2956 patrum
3040 2897 3238 2938 morum
3267 2901 3368 2937 non
3403 2880 3664 2956 transgre-

2087 2949 2239 3003 diert’s
2267 2950 2455 3024 (Prov.
2483 2968 2594 3024 xxii
2616 2994 2631 3015 ,
2654 2954 2723 3008 28
2740 2949 2866 3022 t);'ct
2893 2996 2906 3017 ,
2938 2953 3208 3024 Interroga
3243 2964 3408 3022 patres
3438 2949 3587 3017 tuos',
3615 2966 3666 3008 et

2087 3022 2453 3074 annuntiabunt
2479 3023 2601 3087 tibi;
2622 3036 2666 3077 et
2687 3026 2905 3078 seniores
2927 3033 3040 3077 tuos
3063 3067 3075 3088 ,
3103 3022 3156 3077 ei
3169 3026 3335 3078 dicent
3355 3024 3440 3076 tibi
3461 3027 3480 3092 (
3505 3025 3663 3078 Deut.

2089 3103 2273 3164 xxxu,
2303 3095 2333 3146 7
2361 3093 2403 3159 )?
2431 3093 2566 3158 Quid
2597 3109 2724 3164 ergo
2751 3095 3016 3148 tendimus
3060 3097 3193 3148 ultra
3237 3094 3456 3149 detinita
3497 3097 3667 3164 majov

2088 3162 2248 3234 rum?
2278 3172 2365 3215 aut
2396 3177 2491 3216 cur
2537 3163 2687 3217 nobis
2727 3179 2829 3217 non
2869 3164 3064 3218 suflieit
3088 3205 3104 3227 ,
3133 3165 3176 3218 si
3205 3164 3329 3233 quid
3359 3162 3666 3234 ignoranies

2087 3230 2296 3303 discere
2317 3234 2591 3302 cupiamus
2615 3275 2629 3296 ,
2671 3234 2896 3302 qualiter
2919 3235 2985 3287 ah
3011 3230 3320 3289 orthodoxis
3347 3230 3580 3303 patribus
3607 3247 3666 3288 et

2088 3301 2605 3373 seniorilms’siuguia
2636 3301 2856 3373 qumque
2878 3305 2957 3356 vel
2983 3305 3191 3358 vitanda
3216 3301 3476 3373 prmécpta
3503 3315 3626 3359 sunt
3645 3348 3663 3367 .

2088 3371 2169 3423 vel
2197 3373 2421 3442 aptanda
2451 3373 2726 3427 catholica:
2749 3371 2950 3428 veritati
2969 3374 2992 3428 ?
3011 3390 3108 3428 cur
3133 3371 3235 3429 non
3263 3375 3344 3426 his
3373 3371 3668 3442 probantur

2086 3457 2206 3496 esse
2233 3443 2486 3496 decreta?
2517 3443 2778 3512 Numquid
2809 3455 2902 3498 aut
2929 3447 3276 3514 sapientiores
3307 3444 3411 3498 illis
3441 3459 3628 3499 sumus
3647 3487 3664 3504 .

2087 3515 2512 3585 autupoterimus
2556 3514 2704 3567 firma
2743 3514 3029 3585 stabilitate
3069 3523 3313 3568 constare
3332 3554 3350 3578 ,
3380 3515 3426 3568 si
3454 3529 3517 3568 αι
3545 3531 3668 3585 qua:

2088 3582 2154 3633 ab
2183 3583 2284 3636 illis
2313 3587 2598 3637 constituta
2629 3593 2782 3644 sunt,
2815 3584 3172 3639 Subruamus?

2159 3653 2209 3724 ξ’).
2245 3655 2323 3706 An
2355 3651 2577 3724 fortasse
2607 3654 2822 3708 nescitis
2849 3654 2984 3724 hanc
3012 3655 3254 3708 lueresim
3281 3695 3297 3716 ,
3333 3654 3403 3709 de
3435 3669 3539 3724 qua
3585 3654 3667 3707 io-

2088 3722 2297 3790 quimur
2315 3762 2330 3787 ,
2361 3732 2414 3776 et
2440 3723 2506 3777 ab
2533 3725 2819 3792 apostolica
2844 3723 3044 3778 dudum
3074 3727 3213 3778 Sede
3243 3740 3335 3790 per
3361 3722 3530 3778 beatae
3556 3740 3670 3779 me-

2089 3793 2270 3846 moria:
2311 3793 2668 3847 Innocvutium
2696 3835 2709 3857 ,
2758 3809 2822 3846 ac
2865 3795 3054 3849 deinde
3097 3794 3404 3859 Zosimum,
3457 3795 3667 3848 Bonifao

2088 3864 2225 3915 cium
2247 3904 2262 3928 ,
2301 3861 2646 3918 Caelestinum
2671 3905 2686 3926 ,
2719 3864 2962 3928 Sixtum,
2995 3865 3222 3918 Leonem
3245 3905 3262 3928 ,
3305 3864 3576 3918 coutinuis
3615 3875 3668 3918 et

2091 3933 2487 3988 incessabilibus
2515 3935 2790 3988 sententiis
2833 3934 2994 3988 fuisse
3031 3943 3346 4002 prostratam
3373 3949 3388 3994 ;
3421 3949 3521 3988 nec
3545 3945 3638 3988 tan

2089 4013 2198 4056 tum
2257 4004 2508 4058 Ecclesite
2559 4004 2833 4058 catholica:
2901 4004 3139 4072 legibus,
3205 4003 3300 4058 sed
3367 4003 3666 4071 principium

2089 4088 2300 4143 quoque
2350 4075 2708 4127 Romanorum
2746 4089 2812 4128 eo
2861 4083 3044 4128 tenore
3065 4075 3085 4104 ³
3111 4074 3412 4128 damnatam
3438 4113 3452 4133 ,
3473 4084 3540 4143 ut
3568 4089 3670 4128 nec

2092 4142 2308 4211 usquam
2332 4153 2591 4197 terrarmn
2611 4143 2814 4197 vivendi
2838 4144 3009 4196 locum
3032 4153 3321 4198 sectatores
3337 4143 3452 4211 eius
3471 4142 3672 4198 habere

2090 4213 2428 4268 sinerentur?
2454 4213 2582 4278 Qua:
2607 4214 2782 4266 omnia
2811 4223 2916 4266 tam
2943 4214 3107 4283 gestis
3140 4213 3390 4266 Ecclesia:
3431 4228 3526 4283 per
3555 4216 3673 4266 sin-

2088 4284 2238 4351 gulas
2265 4297 2501 4353 quasque
2527 4283 2768 4355 regiones
2791 4283 2858 4338 de
2880 4282 3066 4355 eorum»
3086 4283 3340 4355 pravitate
3363 4282 3630 4355 confectis
3652 4325 3667 4345 ,

2091 4368 2246 4422 quam
2277 4368 2515 4407 censoria
2546 4353 2769 4420 publica:
2792 4353 3155 4406 sanctionibus
3181 4353 3497 4408 educentur.
3530 4353 3672 4407 Ecce

2092 4439 2315 4490 quorum
2371 4423 2500 4476 libet
2548 4439 2705 4478 aures
2755 4422 3044 4478 catholicas
3094 4423 3278 4477 audire
3327 4422 3668 4486 doctrinam,

2091 4498 2410 4563 quaestiones
2433 4493 2676 4560 accipere
2695 4535 2710 4557 ,
2743 4502 2972 4548 tractare
2995 4493 3286 4548 tendiculas
3307 4533 3322 4558 ,
3346 4502 3400 4546 et
3419 4492 3676 4561 blasphe-

2091 4565 2226 4617 niias
2253 4564 2510 4632 patienter
2535 4563 2833 4618 admittere.
2859 4563 2903 4616 Ο
2927 4564 2970 4616 si
2997 4563 3273 4617 studerent
3291 4563 3552 4617 adversus
3575 4577 3675 4618 eos

2092 4633 2350 4702 majorum
2383 4643 2680 4687 nostrorum
2712 4633 2877 4688 libros
2909 4647 3270 4702 responsaque
3295 4647 3626 4702 cognoscere
3656 4636 3670 4686 !

2093 4704 2200 4758 illic
2229 4704 2400 4757 modis
2427 4705 2673 4757 omnibus
2697 4713 3008 4758 cerneretur
3029 4743 3046 4767 ,
3075 4703 3207 4756 nihil
3242 4717 3360 4757 esse
3411 4717 3635 4771 prorsus
3658 4745 3673 4764 .

2091 4774 2232 4843 quod
2265 4789 2370 4827 non
2400 4773 2542 4828 etab
2572 4774 2685 4827 istis
2715 4773 2872 4827 fuerit
2892 4775 3198 4827 ventilatum
3224 4815 3240 4838 ,
3267 4771 3407 4826 etab
3431 4773 3540 4825 illis
3561 4788 3676 4826 ma-

2091 4846 2279 4914 gnitica
2308 4844 2528 4914 veritate
2552 4845 2836 4898 contritum
2867 4859 2880 4896 :
2909 4844 3092 4913 sicque
3136 4844 3204 4897 de
3244 4848 3449 4914 cunctis
3481 4857 3675 4914 eorum

2093 4912 2343 4984 nequitiis
2389 4913 2682 4968 refutandis
2729 4913 2911 4968 ﬁdeles
2957 4912 3153 4982 quique
3189 4912 3676 4984 redderenturin-

2092 4981 2278 5039 structi
2303 5027 2318 5048 ,
2351 4993 2406 5037 ut
2433 4985 2562 5038 nihil
2585 4984 2812 5053 amplius
2835 4981 3184 5054 quzereretur.
3213 4981 3319 5037 Sed
3356 4984 3402 5037 si
3445 4982 3674 5036 forsitan

2094 5056 2385 5110 ineruditos
2409 5056 2615 5108 animus
2639 5053 2880 5123 quaedam
2906 5054 2975 5108 de
2997 5068 3183 5108 eorum
3211 5053 3456 5107 sensibus
3477 5067 3678 5123 propo-

2093 5128 2193 5180 sita
2217 5134 2622 5180 commoverunt
2642 5121 2669 5189 ;“
2688 5125 2756 5178 ita
2797 5123 3177 5178 venerabilium
3216 5131 3422 5189 patrum
3464 5121 3676 5176 doctri-

2094 5198 2178 5249 nis
2199 5235 2215 5261 ,
2246 5203 2302 5249 ct
2346 5197 2520 5249 omnis
2558 5210 2742 5248 eorum
2785 5194 3079 5263 publicatur
3123 5193 3323 5263 insania
3349 5233 3364 5256 ,
3385 5202 3451 5263 iet
3475 5191 3680 5259 quibus

2093 5266 2343 5321 remediis
2384 5274 2637 5331 curetur,
2685 5262 3015 5328 ostenditur,
3063 5274 3122 5317 ut
3146 5278 3212 5318 ex
3253 5262 3334 5315 his
3383 5262 3493 5316 Deo
3536 5277 3677 5330 pra:-

2093 5345 2266 5390 stante
2305 5335 2568 5406 praevisis,
2605 5344 2791 5388 cuncta
2839 5349 2958 5404 qua:
2992 5333 3062 5388 de
3099 5348 3285 5406 eorum
3316 5333 3456 5406 serie
3484 5341 3677 5386 texue-

2095 5417 2254 5473 runt,
2285 5402 2339 5460 et
2363 5405 2660 5475 periculosa
2687 5402 3010 5460 sectantibus
3029 5443 3045 5468 ,
3089 5414 3142 5459 ct
3179 5403 3338 5458 stulta
3365 5402 3678 5475 deprehen-

2094 5473 2510 5532 dcntibus‘esse
2553 5474 2875 5530 videantur:
2929 5479 2998 5528 ita
3043 5483 3102 5530 ut
3154 5474 3199 5528 si
3241 5476 3361 5541 quis
3403 5473 3680 5527 existiun-t

2097 5545 2463 5601 ridnctandum
2485 5587 2499 5610 ,
2533 5561 2636 5600 non
2665 5554 2840 5600 tamen
2881 5554 3116 5600 veterum
3151 5542 3428 5599 sententiis
3456 5552 3680 5598 contra-

2160 5708 2173 5737 ¹
2212 5712 2350 5754 Forte
2371 5702 2663 5759 addendum,
2686 5701 2787 5751 ml.

2163 5772 2180 5798 ³
2217 5766 2354 5828 Alias,
2379 5772 2605 5826 tempore.
