3998 6190
309 304 444 369 1788

301 419 643 494 agnoscenda:
681 420 973 494 subsidium
1001 420 1040 494 ‘.
1093 420 1208 494 Ipse
1233 418 1372 494 enim
1404 417 1526 472 facit
1551 415 1735 494 gratia:
1761 429 1872 494 sua:

371 490 603 559 rticipcs,
634 505 766 559 quos
797 486 1189 559 przedcstiuavit
1215 488 1280 543 ad
1312 489 1510 551 vitam;
1538 486 1595 540 ut
1617 487 1667 559 in
1698 486 1870 559 omni-

319 579 397 616 ius
426 556 577 616 bonis
623 556 733 614 suis
772 556 1019 613 liutnanze
1057 559 1333 613 arbitrium
1374 557 1660 611 voluntatis
1688 556 1871 622 gratia:

303 633 389 686 ιιι-ι
415 632 695 698 subjiciunt
715 671 730 693 ,
758 640 812 684 et
832 630 899 682 ab
928 631 1044 698 ipso
1067 630 1166 682 sibi
1201 636 1526 700 cognoscant
1546 625 1873 700 descendere

297 718 452 756 nume
477 696 655 754 datum
698 696 994 767 optimum,
1037 709 1095 753 et
1131 696 1291 752 omne
1334 698 1532 752 denunt
1575 696 1870 767 perlectum

298 770 494 840 (Jacobi
522 786 534 823 ι
558 811 573 834 ,
622 771 705 831 Π)
740 766 753 820 ὲ
788 778 957 822 sciant
1007 770 1165 840 etiam
1205 770 1273 823 ab
1312 768 1427 840 ipso
1453 766 1871 840 exspectandum

296 837 505 905 seinper
547 839 927 905 auxilinm.qui
975 839 1362 904 pranlcstiualis
1410 839 1521 893 suis
1564 846 1616 889 et
1644 837 1870 904 gratiam

297 856 505 905 semper
547 856 852 898 auxumnm
880 856 927 891 zu
975 856 1362 904 pra'uesuuans
1410 856 1521 893 SIIIS
1564 856 1616 889 et
1644 856 1870 904 gratiam

297 920 349 966 et
372 910 818 979 perseverantiam
845 856 1006 962 donat
1029 926 1043 969 ;
1075 909 1365 979 utgiatiam
1387 924 1481 972 pro
1500 908 1667 977 gratia
1690 906 1871 971 (Joan.

295 996 345 1045 ι.
374 978 476 1049 ιδ)
519 979 719 1034 donum
756 980 878 1033 vita:
925 980 1172 1048 perennis
1200 978 1476 1046 accipiant.

580 1088 943 1146 CONCILIUM
981 1089 1116 1143 Alli
1128 1087 1472 1144 USICANUM
1512 1089 1575 1145 ll.

605 1215 673 1256 ns
700 1216 889 1256 castis
919 1215 988 1255 ετ
1020 1214 1208 1255 unane
1237 1214 1485 1255 Ακιιιτιιιο
1507 1200 1549 1252 ⁸.

294 1314 354 1370 In
400 1313 716 1369 dedicatione
755 1312 974 1366 basilica:
1011 1328 1043 1365 a
1080 1309 1280 1364 Liberio
1329 1310 1540 1370 patricio
1578 1318 1874 1363 constructae

359 1383 661 1438 celebratum
705 1382 876 1452 quinto
904 1398 1064 1436 nonas
1087 1382 1281 1450 julias,
1318 1379 1467 1452 Decio
1488 1379 1737 1452 laniare,
1764 1380 1871 1452 riro

357 1454 661 1511 clarissimo,
690 1447 927 1514 consulo;
954 1452 1010 1505 id
1034 1447 1127 1517 est,
1156 1466 1294 1505 anno
1311 1449 1497 1505 Christi
1521 1448 1648 1517 529,
1683 1447 1870 1503 Felicis

359 1521 443 1577 IV
469 1537 619 1593 papae
644 1538 779 1576 anno
803 1522 966 1575 tertio.

357 1615 665 1672 Furnio.
692 1643 763 1655 -—-
786 1613 919 1667 Cum
936 1611 1001 1667 ad
1023 1612 1410 1667 dedicationem
1437 1610 1685 1669 basilietn.
1710 1625 1869 1679 quam

290 1685 683 1741 illustrissimus
715 1682 992 1751 prmlcctus
1025 1691 1080 1738 et
1107 1683 1360 1754 patricius
1404 1681 1543 1754 lilius
1579 1691 1759 1754 nos’er
1784 1679 1873 1734 Li-

289 1756 467 1811 berius
500 1756 553 1808 in
594 1754 844 1808 Aransica
869 1753 1087 1808 civitate
1109 1751 1414 1806 lidclissima
1444 1751 1723 1805 devotione
1743 1765 1872 1803 con-

286 1828 510 1890 struxit,
544 1825 652 1878 Deo
680 1824 997 1892 propitiante
1024 1832 1079 1878 et
1101 1823 1216 1888 ipso
1244 1823 1499 1875 invitante
1526 1820 1868 1892 convenisse-

288 1911 440 1957 mus,
487 1902 545 1949 et
586 1894 653 1947 de
681 1890 857 1947 rebus
898 1908 1018 1962 quae
1053 1892 1119 1946 ad
1168 1892 1581 1962 ecclesiasticam
1627 1890 1866 1962 regulam

289 1967 595 2033 pertinent,
642 1963 780 2033 inter
814 1960 1126 2017 nos—fuisset
1158 1961 1445 2033 spiritualis
1483 1961 1672 2033 oborta
1702 1960 1868 2033 colla-

287 2030 399 2098 iio;
444 2033 687 2101 pervenit
709 2032 775 2086 ad
804 2047 900 2086 nos
920 2073 935 2097 ,
968 2046 1087 2087 esse
1128 2032 1377 2101 aliquos,
1408 2030 1497 2100 qui
1523 2032 1587 2084 de
1618 2030 1784 2100 gratia
1815 2038 1870 2083 et

288 2102 459 2158 libero
477 2104 700 2158 arbitrio
731 2118 826 2171 per
854 2100 1247 2171 simplicitatem
1279 2100 1453 2154 minus
1473 2109 1650 2171 caule,
1681 2108 1865 2171 etnon

286 2174 582 2227 secundum
641 2169 761 2226 lidei
800 2169 1081 2224 catholicae
1134 2171 1370 2238 regulam
1427 2170 1628 2222 sentire
1678 2169 1863 2238 velint.

285 2240 440 2298 Unde
467 2243 518 2296 id
556 2242 710 2296 nobis
751 2239 1044 2296 secundum
1074 2237 1439 2294 austeritatem
1470 2248 1523 2290 et
1546 2237 1867 2290 admonitio-

283 2327 407 2367 nem
431 2312 589 2367 Sedis
604 2311 908 2379 apostolica:
933 2310 1133 2377 justum
1159 2318 1215 2365 et
1237 2307 1547 2379 rationabile
1573 2308 1743 2379 visum
1762 2316 1865 2374 est,

284 2393 339 2435 ut
382 2396 549 2450 putica
578 2376 806 2450 capitula
830 2421 846 2445 ,
883 2376 951 2433 ab
992 2379 1280 2450 apostolica
1306 2378 1476 2450 nobis
1515 2376 1653 2432 Sede
1696 2386 1867 2431 trans-

284 2446 452 2506 missa
483 2490 498 2514 ,
552 2446 671 2519 quae
745 2449 813 2503 ab
872 2448 1101 2517 antiquis
1154 2448 1398 2519 Patribus
1443 2446 1511 2499 de
1540 2456 1866 2519 sanctarum

280 2517 679 2585 Scripturarum
728 2519 1088 2572 voluminibus
1139 2519 1191 2572 in
1248 2518 1347 2571 hac
1396 2517 1659 2585 prmcipue
1707 2530 1865 2571 c:nisa

279 2590 478 2645 collata
507 2597 632 2643 sunt
650 2629 665 2653 ,
694 2588 759 2642 ad
781 2588 1052 2643 docendos
1076 2602 1171 2642 eos
1192 2627 1207 2652 ,
1236 2588 1323 2656 qui
1351 2586 1503 2639 aliter
1522 2602 1680 2655 quam
1705 2600 1865 2654 opor-

283 2668 359 2713 tet
388 2659 647 2722 scutinnt,
676 2658 744 2711 ab
771 2658 1018 2711 omnibus
1043 2656 1370 2710 observanda
1393 2656 1654 2725 proferre,
1679 2667 1730 2708 et
1756 2670 1868 2710 ma—

285 2731 443 2783 nibus
475 2729 671 2782 nostris
709 2726 1048 2781 subscribere
1078 2726 1416 2781 deberemus.
1467 2725 1672 2794 Quibus
1693 2726 1864 2792 lectis,

282 2801 371 2868 qui
392 2799 499 2852 huc
519 2812 684 2868 usque
713 2812 819 2868 non
846 2797 987 2868 sicut
1013 2796 1313 2868 Oportebat,
1337 2795 1404 2849 de
1431 2796 1598 2868 gratia
1625 2805 1679 2849 et
1700 2795 1865 2849 libero

284 2865 509 2922 arbitrio
546 2865 804 2934 credidit,
851 2866 917 2921 ad
945 2881 1007 2921 ea
1038 2882 1157 2934 qua:
1195 2866 1317 2919 ﬁdei
1349 2865 1627 2920 catholica:
1667 2879 1865 2920 conve-

285 2940 458 3003 niunt,
491 2938 727 2991 animum
754 2952 907 2992 suum
936 2936 1192 2991 inclinare
1220 2951 1323 2990 non
1351 2934 1578 2989 diﬂcrat.

290 3049 444 3120 Quod
470 3068 560 3122 per
585 3060 843 3122 peccatum
872 3050 998 3122 Atia:
1018 3066 1120 3104 non
1145 3049 1308 3122 solum
1333 3064 1517 3122 corpus
1534 3086 1549 3114 ,
1580 3047 1670 3102 sed
1693 3047 1868 3102 anima

782 3121 933 3174 etiam
959 3119 1080 3174 lwsa
1107 3119 1258 3193 fuerit
1286 3118 1387 3192 (a).

351 3236 392 3291 l.
439 3234 500 3290 Si
544 3233 660 3302 quis
696 3248 792 3302 per
829 3231 1087 3287 oll'ensam
1119 3230 1570 3301 praevaricationis
1605 3229 1866 3302 Adienon

284 3316 451 3361 totum
476 3346 491 3366 .
525 3299 575 3357 id
607 3299 710 3368 est,
737 3303 1028 3357 secundum
1056 3299 1253 3372 corpus
1272 3311 1328 3356 et
1351 3302 1604 3372 animam,
1640 3301 1690 3353 in
1705 3299 1866 3372 dete-

286 3379 395 3430 rius
422 3374 555 3428 dicit
582 3372 849 3426 hominem
879 3370 1295 3435 comnmtatum;
1341 3370 1432 3425 sed
1481 3374 1673 3425 animae
1704 3370 1867 3423 liber-

285 3456 390 3500 tate
411 3447 578 3498 illaesa
617 3443 844 3497 durante
865 3483 879 3504 ,
909 3456 1103 3512 corpus
1131 3439 1497 3512 tantummodo
1527 3439 1866 3512 corruptioui

285 3517 453 3570 credit
507 3514 795 3567 olnioxium
830 3528 844 3564 :
879 3509 1074 3582 Pelagii
1116 3526 1299 3566 errore
1343 3510 1635 3579 deceptus,
1677 3509 1867 3582 adver-

285 3594 429 3639 satur
463 3584 754 3643 Scriptum
782 3583 977 3636 dicenti
997 3580 1027 3640 ,⁷
1058 3582 1240 3634 Anima
1277 3595 1391 3649 qutv
1432 3580 1728 3648 peccaverit,
1755 3580 1868 3649 ipsa

286 3657 529 3708 morietur
553 3651 760 3720 (Bacch.
796 3668 953 3714 ιιι-ιιι,
976 3651 1110 3719 20);
1161 3661 1251 3711 et,
1283 3650 1498 3703 Nescitis
1525 3650 1763 3719 quoniam
1787 3650 1869 3702 cui

284 3724 524 3778 exhibetis
545 3739 630 3776 vos
650 3738 816 3776 servos
849 3723 918 3774 ad
945 3720 1311 3785 obedientium,
1342 3720 1472 3773 serri
1503 3720 1621 3773 estis
1656 3720 1765 3788 ejus
1787 3719 1869 3771 cui

287 3794 495 3847 obeditis
520 3794 697 3861 (Ilom.
723 3809 795 3855 νε,
829 3790 961 3861 ιωι
1000 3800 1051 3845 et
1069 3831 1085 3856 ,
1115 3792 1161 3844 Α
1186 3806 1283 3861 quo
1308 3789 1420 3859 quis
1445 3799 1732 3860 superatur,
1759 3789 1869 3860 ejus

289 3859 803 3917 etservus‘addicitur
828 3859 905 3934 (ll
924 3859 1066 3914 Petr.
1096 3876 1166 3926 ιι,
1200 3859 1313 3929 t9).

294 3951 439 4020 Quod
470 3963 727 4024 peccatum
759 3951 883 4005 Atla:
907 3968 1006 4004 non
1028 3950 1126 4019 ipsi
1152 3949 1315 4024 solum
1337 3948 1540 4024 nocuit,
1569 3947 1659 4003 sed
1681 3948 1750 4003 ad
1776 3963 1868 4018 po-

708 4033 865 4077 steros
892 4036 1086 4091 quoque
1118 4019 1314 4073 transiit
1345 4019 1444 4089 (ιι).

360 4112 420 4167 ll.
464 4112 518 4167 Si
561 4112 678 4180 quis
719 4112 817 4166 soli
844 4111 974 4166 Atina
1016 4109 1505 4179 praevaricationem
1533 4123 1684 4163 suam
1710 4147 1726 4173 ,
1760 4122 1866 4161 non

290 4191 341 4238 et
365 4184 484 4249 ejus
510 4183 805 4250 propagini,
835 4182 1026 4236 asserit
1055 4180 1331 4240 nocuisse;
1354 4190 1438 4234 aut
1467 4189 1611 4234 certe
1639 4187 1867 4232 mortem

293 4261 492 4306 tantum
521 4253 761 4320 corporis
785 4291 800 4313 ,
833 4267 951 4320 qua:
978 4265 1133 4321 paena
1161 4251 1361 4318 peccati
1387 4258 1468 4305 est
1494 4290 1510 4315 ,
1554 4265 1659 4303 non
1690 4258 1869 4321 autem

292 4334 343 4376 et
386 4318 662 4389 peccatum
684 4361 700 4384 ,
730 4318 870 4389 quod
899 4318 1042 4375 mors
1073 4330 1157 4375 est
1180 4322 1374 4374 anima:
1398 4360 1414 4384 ,
1455 4335 1551 4386 per
1579 4335 1740 4371 unum
1774 4318 1870 4372 lm-

292 4392 488 4445 niiueni
522 4394 573 4444 in
600 4405 757 4445 onme
782 4406 949 4457 glomus
979 4392 1266 4444 humanum
1311 4390 1565 4445 transisse
1610 4396 1870 4451 testatur;

293 4459 602 4528 iniustitiam
626 4460 737 4515 De»
760 4459 927 4524 dabit,
957 4460 1329 4515 contradicens
1359 4458 1617 4527 Apostolo
1645 4459 1866 4528 dicenti,

293 4527 395 4584 Per
424 4548 580 4586 unum
620 4531 869 4584 hominem
906 4540 1163 4598 peccatum
1191 4529 1393 4583 intravit
1422 4530 1472 4580 in
1517 4527 1758 4580 mundum
1779 4570 1794 4592 ,
1826 4537 1873 4581 et

294 4615 380 4667 per
409 4610 668 4670 peraratum
690 4613 856 4663 mors;
894 4612 940 4652 et
964 4599 1036 4653 ita
1069 4600 1122 4651 in
1148 4598 1570 4670 oiiiitesjtoiniises
1589 4613 1728 4670 mors
1756 4615 1873 4668 per-

294 4664 524 4735 transiit,
551 4671 603 4724 in
628 4686 727 4741 quo
748 4685 918 4723 autnes
941 4678 1270 4739 peccaverunt
1298 4667 1472 4735 (Rom.
1499 4683 1550 4731 ν,
1582 4664 1694 4739 1:1).
1756 4664 1771 4716 ⁷,

297 4779 444 4847 Quod
478 4781 644 4854 gratia
672 4780 768 4835 Dei
796 4779 993 4854 nonad
1030 4778 1393 4854 invocationem
1431 4777 1608 4843 detur,
1648 4776 1737 4833 sed
1760 4778 1873 4847 ipsa

817 4850 972 4921 faciat
997 4858 1049 4902 ut
1074 4849 1344 4902 invocetur.

367 4940 452 4995 Ill.
485 4941 541 4996 Si
571 4940 687 5004 quis
729 4940 1063 4994 invocatione
1084 4938 1330 4995 .humana
1367 4938 1589 5007 gratiam
1624 4938 1713 4990 hci
1746 4938 1875 4993 dicit

351 5027 451 5066 isse
477 5009 745 5072 conferri;
777 5025 880 5065 non
907 5020 1083 5063 autem
1115 5010 1281 5076 ipsum
1324 5008 1544 5072 gratiam
1576 5010 1749 5062 facere
1770 5048 1786 5074 ,
1819 5019 1876 5063 ut

319 5091 576 5135 nvoeetur
602 5098 630 5132 a
659 5081 847 5143 nobis;
894 5081 1213 5134 contradicit
1258 5079 1404 5132 [Suitn
1446 5079 1719 5146 prolihetm
1742 5120 1758 5143 ,
1789 5079 1873 5133 vel

299 5151 554 5217 Apostolo
581 5150 722 5205 idem
763 5149 997 5214 dicenti,
1041 5147 1285 5202 Inventus
1312 5164 1421 5201 smn
1452 5165 1485 5200 a
1508 5164 1609 5201 non
1642 5165 1875 5218 quaren-

300 5220 428 5291 tibus
454 5237 566 5282 me,
600 5220 770 5291 palam
799 5220 1018 5291 apparati
1056 5220 1134 5291 his
1159 5219 1244 5289 qui
1271 5234 1349 5272 me
1374 5234 1475 5271 non
1500 5219 1876 5291 interrogabant

301 5286 451 5359 (lsai.
483 5286 609 5354 LXV,
638 5290 691 5356 i,
722 5298 767 5345 et
788 5286 941 5343 Rom.
969 5305 1022 5352 ι.
1050 5289 1165 5360 20).

362 5422 558 5486 Ullius,
577 5422 820 5489 intuitum.
995 5484 1009 5489 _
1174 5485 1220 5489 ,Α
1338 5485 1417 5489 __
1540 5488 1545 5489 ,
1786 5479 1797 5489 .

362 5490 383 5520 ³
414 5484 657 5548 lavetere
677 5484 1184 5548 codicebugduneusi
1200 5485 1453 5548 inscriptio
1477 5488 1555 5533 est
1586 5495 1600 5548 ξ
1636 5484 1875 5548 vortatita-

302 5545 376 5620 βυ,
390 5547 724 5620 ξξρςεεοροηιιιι
745 5545 795 5598 in
818 5542 1008 5598 ciritdte
1040 5542 1367 5604 .4rausicana,
1386 5544 1447 5595 de
1468 5542 1629 5608 gratia
1662 5551 1707 5594 et
1728 5544 1879 5595 libero

305 5608 582 5731 "m’3ide
607 5671 690 5721 lib.
731 5670 761 5722 '2
796 5671 860 5720 de
881 5671 1059 5731 {\‘uptiis
1085 5679 1136 5719 et
1155 5678 1327 5730 (tonent
1346 5668 1546 5719 iscentia
1566 5707 1578 5721 .
1604 5680 1708 5728 cap.
1735 5668 1813 5716 31.

365 5730 438 5795 αι)
470 5739 532 5785 επ
559 5734 643 5785 tib.
662 5730 689 5781 ι
710 5740 873 5788 contra
898 5741 1019 5785 Duas
1043 5732 1181 5795 t-ipist-.
1200 5731 1268 5783 las
1292 5731 1669 5793 Pelagianorum,
1699 5744 1802 5793 σαψ.
1836 5732 1875 5779 ι.

826 303 1036 361 VARIA
1077 301 1360 361 SCRiPTA
1400 301 1492 358 AD
1531 296 1904 357 HISTORIAM
1945 297 2480 393 PELAGIANOBU.“
2524 303 3009 363 PERTINENTIA.

3428 310 3565 368 I786

1984 413 2133 480 Quod
2162 414 2315 482 Deus,
2331 429 2442 473 uta
2466 430 2667 490 peccato
2690 437 2978 492 ραι-σθένων,
3002 422 3307 479 uoluntatem
3335 441 3559 481 nostram

2363 506 2462 543 non
2490 501 2757 560 exspectet,
2780 491 2869 546 sed
2898 503 3164 563 praeparet.

2036 576 2138 647 iV.
2172 578 2396 653 Siquis,
2443 591 2558 636 uta
2599 593 2819 651 peccato
2866 599 3171 653 purgemnr,
3227 584 3554 641 voluntatem

1980 656 2215 720 nostram
2266 650 2435 704 Deum
2479 650 2789 720 exspectare
2831 650 3123 718 contendit,
3164 670 3267 707 non
3297 668 3472 708 autem
3496 666 3552 709 nt

1978 719 2135 772 etiam
2166 722 2374 787 purgari
2397 719 2637 783 velimus.
2667 738 2761 791 per
2776 726 2943 776 sancti
2973 722 3203 791 Spiritus
3228 723 3547 778 inlusionem

1978 799 2033 842 ct
2075 793 2435 854 operationem
2483 793 2534 845 in
2601 792 2752 845 nobis
2828 794 2939 846 lieri
2987 796 3308 854 confitetur;
3359 794 3556 848 resistit

1978 858 2076 927 ipsi
2106 858 2321 927 Spiritui
2343 871 2545 917 sancto.
2582 879 2675 929 per
2723 862 3062 929 Salomonem
3100 860 3314 925 dicenti,
3342 861 3552 929 Prtepa-

1977 937 2120 1003 ratur
2146 930 2376 1003 voluntas
2399 948 2431 1003 ιι
2453 927 2667 1003 Domino
2700 932 2716 997 (
2747 927 2898 1003 Prov.
2932 949 3045 1003 vni.
3077 933 3166 991 53.
3190 948 3288 984 sec.
3318 927 3468 987 LXX
3486 938 3505 1003 l
3530 950 3545 993 ;

1977 1007 2032 1052 et
2059 999 2312 1070 Apostolo
2359 1001 2638 1055 salubriter
2663 1000 2989 1070 pra-dicanti,
3017 1002 3150 1061 Dens
3178 1012 3248 1055 est
3278 1004 3362 1070 qui
3383 999 3557 1069 opera-

1979 1067 2294 1142 tur‘inpobis
2320 1072 2536 1142 et_ge_lle
2576 1081 2623 1125 et
2665 1067 2929 1142 perﬁcere,
2986 1088 3078 1142 pro
3128 1072 3258 1125 bona
3292 1067 3550 1125 uoluntate

1978 1136 1998 1206 (
2030 1137 2258 1208 Philipp.
2288 1153 2344 1201 ιι,
2375 1136 2441 1193 13
2463 1140 2502 1208 ).

1978 1227 2128 1294 Quod
2156 1229 2352 1282 initimn
2396 1229 2634 1299 [ideinou
2680 1230 2954 1300 earuobis,
3001 1232 3088 1285 sed
3140 1232 3203 1284 ex
3252 1230 3417 1300 gratia
3460 1228 3554 1284 Dei

2664 1301 2725 1353 sit
2754 1299 2848 1371 (τι).

2048 1388 2112 1442 ν.
2132 1390 2186 1447 Si
2214 1391 2331 1459 quis
2355 1389 2866 1455 sicutanamentum,
2892 1391 2961 1445 ita
2987 1389 3146 1446 etiam
3168 1391 3376 1444 initium
3405 1389 3548 1453 lidei,

1976 1458 2255 1530 ipsumque
2304 1459 2631 1515 credulitatis
2673 1460 2937 1523 alicctnm,
2988 1477 3092 1530 quo
3146 1463 3196 1514 in
3226 1460 3553 1515 etnncredi—

1975 1543 2094 1584 mus
2122 1532 2209 1597 qui
2234 1530 2485 1598 jnstiiicat
2514 1530 2755 1600 impium,
2784 1543 2837 1585 et.
2866 1531 2930 1583 ad
2984 1532 3438 1600 regenerationem
3462 1544 3549 1583 sa-

1973 1600 2051 1653 cri
2080 1600 2412 1668 Baptismatis
2458 1602 2813 1667 pervenimus,
2846 1617 2949 1654 non
2979 1615 3072 1669 per
3098 1603 3283 1669 grauia-
3320 1601 3545 1662 donum,

1975 1669 2025 1724 id
2054 1678 2157 1732 est,
2188 1684 2280 1737 per
2304 1669 2699 1737 inspirationem
2744 1670 2973 1738 Spiritus
2999 1673 3165 1724 sancti
3196 1670 3552 1739 corrigentem

1973 1740 2299 1794 voluntatem
2346 1747 2580 1793 nostram
2606 1740 2674 1793 ab
2721 1741 3026 1795 inﬁdelitate
3054 1740 3119 1793 ad
3152 1739 3331 1805 iidem,
3359 1739 3548 1792 abim-

1973 1809 2168 1879 pietate
2212 1810 2276 1863 ad
2336 1812 2623 1879 pietatem,
2674 1810 2765 1864 sed
2820 1810 3128 1864 naturaliter
3184 1810 3336 1864 nobis
3376 1810 3552 1879 inesse

1972 1880 2133 1950 dicit;
2162 1878 2462 1950 apostolicis
2490 1879 2823 1950 dogmatibus
2848 1880 3187 1934 adversarius
3206 1878 3549 1950 approbatur.

1971 1947 2128 2021 brato
2151 1947 2312 2003 Paulo
2337 1947 2578 2021 dicente,
2595 1948 2908 2021 Con/idimus
2933 1950 3051 2021 quia
3088 1950 3179 2021 qui
3203 1947 3347 2021 cupa
3372 1948 3425 2001 in
3459 1964 3549 2021 eo:

1970 2017 2045 2087 bis
2062 2019 2241 2072 bonum
2273 2034 2418 2087 Opus,
2452 2019 2671 2087 perﬁciet
2690 2016 2850 2087 usque
2874 2020 2924 2071 in
2946 2016 3111 2073 'diem'
3148 2016 3361 2087 Domini
3392 2016 3551 2072 nostri

1970 2086 2095 2140 Iesu
2121 2085 2347 2148 Christi;
2372 2096 2424 2140 ct
2453 2085 2615 2144 illud.
2662 2085 2807 2142 Vobis
2850 2087 3023 2140 datum
3069 2097 3143 2141 est
3184 2103 3277 2155 pro
3323 2085 3544 2151 Christo,

1972 2173 2071 2220 non
2097 2158 2258 2211 solum
2285 2167 2335 2209 ut
2362 2157 2413 2209 in
2444 2173 2555 2209 eum
2584 2158 2820 2219 credatis,
2851 2159 2938 2211 sed
2958 2157 3109 2211 etiam
3146 2169 3202 2210 ut
3227 2173 3318 2224 pro
3342 2156 3432 2209 illo
3454 2173 3548 2224 pa-

1970 2227 2198 2293 tiaminit
2239 2224 2321 2280 Id.
2374 2242 2410 2288 I,
2461 2226 2515 2291 6,
2556 2225 2714 2295 29);
2753 2236 2826 2288 et,
2869 2225 3048 2280 Gratia
3093 2227 3222 2281 salvi
3277 2226 3399 2293 {acti
3426 2227 3550 2280 estis

1970 2312 2062 2366 per
2085 2297 2257 2365 ﬁdem,
2287 2306 2336 2351 et
2377 2297 2478 2366 hoc
2508 2312 2606 2349 non
2653 2313 2717 2351 ea:
2757 2297 2931 2366 vobis;
2959 2295 3051 2350 Dei
3094 2297 3231 2350 enim
3268 2295 3454 2349 donum
3475 2306 3548 2349 est

1971 2364 1997 2436 ‘(i
2021 2366 2188 2436 Ephes
2240 2382 2297 2428 ιι.
2325 2364 2417 2429 8).
2452 2366 2551 2431 Qui
2606 2367 2747 2421 enim
2795 2365 2972 2432 (Mein,
3001 2381 3104 2436 qua
3146 2367 3198 2421 in
3236 2366 3400 2420 Deum
3428 2380 3551 2436 cre-

1970 2434 2179 2495 dimus.
2226 2436 2409 2490 dicunt
2451 2451 2571 2490 esse
2622 2438 2937 2499 naturalem,
2991 2434 3180 2490 omnes
3214 2450 3309 2490 eos
3350 2435 3440 2504 qui
3471 2434 3541 2488 ab

1970 2506 2210 2630 (Ellclclesia
2231 2505 2431 2560 Christi
2455 2506 2610 2560 alieni
2632 2513 2776 2573 sunt,
2799 2505 3189 2576 quodammodo
3225 2504 3407 2561 ﬁdeles
3427 2518 3549 2560 esse

2008 2592 2037 2630 ι)
2061 2586 2251 2629 ιιιιιιιιι.

2008 2577 2251 2630 eiiuiunt.

1973 2665 2122 2732 Quod
2141 2666 2249 2737 sine
2266 2666 2431 2737 gratia
2462 2664 2558 2719 Dei
2582 2642 2913 2720 credentibus
2933 2675 2987 2737 et
3023 2663 3301 2737 petentibus
3349 2665 3547 2718 miscri-

2040 2736 2214 2807 cordia
2241 2736 2341 2789 non
2362 2740 2672 2807 conferatur,
2700 2751 2815 2789 cum
2851 2736 3023 2804 gratia
3048 2737 3158 2805 ipsa
3185 2736 3341 2805 faciat
3371 2745 3421 2788 ut
3442 2751 3553 2789 cre-

2040 2806 2221 2860 damus
2249 2815 2293 2860 et
2324 2817 2549 2874 petamus
2577 2806 2674 2879 (ὸ).

2040 2898 2130 2968 Vl.
2154 2897 2211 2953 Si
2233 2899 2353 2968 quis
2379 2898 2496 2953 sine
2521 2898 2688 2968 gratia
2711 2899 2825 2963 Dei,
2845 2898 3205 2965 credentibus,
3226 2898 3548 2963 volentibus,

1970 2967 2419 3038 desiderantibus,
2474 2967 2812 3034 cenantibus,
2865 2969 3247 3032 laborantibus,
3281 2969 3549 3038 vigilanti-

1971 3037 2093 3108 bus,
2125 3037 2479 3108 studentibus.
2530 3040 2848 3108 petentibus,
2891 3038 3273 3106 quaerentibus,
3296 3037 3554 3108 polsanti-

1971 3105 2071 3160 bus
2095 3106 2246 3159 nobis
2271 3105 2687 3161 misericordiam
2715 3106 2843 3160 dicit
2886 3105 3115 3162 conferri
3142 3105 3415 3171 divinitus,
3438 3122 3545 3162 non

1970 3184 2146 3228 autem
2194 3183 2252 3227 ut
2296 3176 2597 3238 credamus,
2630 3176 2873 3241 velimus,
2901 3178 2983 3229 vel
3032 3177 3146 3231 iure
3186 3179 3360 3231 omnia
3414 3179 3552 3233 sicut

1966 3253 2183 3317 oportet
2216 3258 2374 3317 agere
2423 3246 2729 3317 valeamus,
2765 3244 3203 3317 periufusmttem
3234 3258 3287 3317 et
3323 3246 3551 3317 inspira-

1972 3313 2168 3369 tionem
2210 3316 2377 3368 sancti
2417 3313 2647 3383 Spiritus
2686 3315 2736 3368 in
2770 3313 2943 3370 nobis
2987 3315 3104 3369 ﬁeri
3145 3313 3549 3380 coniiletuhet

1970 3393 2061 3438 aut
2093 3384 2434 3456 illumilitati,
2487 3394 2579 3438 aut
2627 3383 2945 3439 obedientia:
2988 3386 3239 3456 humanm
3282 3385 3552 3456 subiungit

1969 3455 2151 3525 gratia:
2175 3454 2521 3522 adjutorium,
2556 3469 2655 3509 nec
2696 3464 2751 3508 ut
2792 3456 3100 3510 obedientes
3137 3464 3190 3509 et
3229 3455 3452 3509 humiles
3480 3454 3552 3508 si-

1970 3524 2091 3579 tuus
2139 3524 2305 3596 ipsius
2345 3526 2527 3596 gratia;
2579 3525 2777 3596 donum
2835 3540 2954 3579 esse
3003 3526 3302 3589 coosentit;
3351 3527 3553 3596 resistit

1970 3593 2226 3661 Apes-tullo
2251 3593 2468 3665 dicenti,
2490 3594 2627 3665 Quid
2653 3595 2802 3649 habes
2822 3596 2956 3665 quod
2978 3612 3075 3648 non
3096 3597 3333 3665 accepisti
3359 3596 3397 3665 (Ι
3421 3593 3542 3650 Cor.

1973 3679 2045 3730 tv,
2069 3665 2174 3735 7)?
2202 3675 2275 3724 et.
2308 3663 2485 3719 Gratia
2511 3664 2606 3717 Dei
2643 3682 2757 3719 sum
2779 3663 2989 3732 idquod
3014 3682 3125 3719 sum
3149 3664 3260 3733 (Id.
3292 3663 3381 3730 xv,
3409 3667 3523 3736 10).

1974 3752 2123 3819 Quod
2151 3753 2336 3807 viribus
2382 3763 2578 3807 natura
2617 3753 2799 3807 bonum
2824 3754 3049 3823 aliquod,
3078 3757 3214 3824 quod
3236 3755 3305 3807 ad
3325 3754 3540 3808 salutem

2044 3825 2307 3964 pertiqeizt,
2330 3824 2549 3894 cogitare
2571 3833 2660 3876 aut
2703 3824 2884 3891 eligere
2923 3824 3031 3877 sine
3067 3826 3233 3895 gratia
3260 3841 3361 3878 non
3390 3824 3554 3895 possi-

2042 3909 2153 3946 mus
2198 3910 2224 3943 c
2251 3931 2265 3945 .

2045 3983 2156 4036 \‘ll.
2184 3983 2240 4037 Si
2267 3981 2384 4053 quis
2406 3997 2502 4052 per
2539 3989 2742 4036 natura:
2792 3982 3029 4052 vigorem
3070 3984 3268 4038 bonum
3316 3982 3550 4052 aliquod,

1972 4052 2220 4123 qnodrad
2264 4052 2486 4106 salutem
2544 4054 2772 4119 pertinet
2799 4054 3177 4114 vitant-ternm,
3215 4054 3447 4121 eogitare
3494 4064 3551 4107 ut

1972 4122 2207 4190 expulit,
2247 4131 2337 4174 aut
2363 4123 2580 4191 eligere,
2609 4124 2720 4177 sive
2742 4122 2982 4185 salutari,
3012 4123 3060 4175 id
3106 4132 3209 4185 est,
3229 4123 3553 4192 evangelica:

1975 4192 2333 4263 praulicationi
2362 4192 2664 4263 consentire
2691 4208 2846 4263 posse
2886 4193 3183 4251 conﬁrmat.
3207 4193 3409 4262 absque
3431 4193 3554 4263 illu-

1974 4261 2265 4318 iuinatione
2306 4273 2362 4315 et
2408 4262 2750 4329 inspiratione
2794 4262 3022 4332 Spiritus
3073 4263 3277 4332 sancti,
3330 4264 3418 4329 qui
3459 4261 3553 4317 dat

1975 4334 2223 4386 otiinibus
2247 4334 2556 4386 suavitatem
2587 4332 2636 4385 in
2657 4331 3039 4387 consentiendo
3074 4343 3128 4386 et
3159 4331 3427 4386 cro-dendo
3455 4347 3547 4387 ve-

1975 4404 2115 4474 ritati
2142 4420 2157 4468 ;
2187 4405 2435 4474 lia-reticu
2469 4402 2665 4474 fallitur
2688 4404 2897 4474 spiritu,
2920 4419 3025 4456 non
3048 4403 3348 4474 intelligens
3368 4417 3555 4474 vocent

1980 4474 2068 4526 Dei
2100 4473 2177 4543 iu_
2197 4473 2480 4541 Evangelia
2508 4472 2757 4535 dicentis,
2788 4472 2911 4543 Sine
2960 4489 3038 4524 me
3074 4473 3202 4543 nihil
3231 4472 3436 4541 potestis
3464 4476 3548 4543 [a-

1976 4558 2087 4596 cere
2109 4548 2122 4602 ι
2145 4541 2302 4596 Joan.
2335 4540 2422 4606 iv,
2449 4543 2482 4596 5
2507 4543 2526 4609 )
2553 4558 2567 4600 :
2601 4552 2655 4595 et
2685 4541 2809 4611 illud
2835 4543 3095 4609 Apostoli,
3131 4540 3250 4595 Non
3271 4545 3407 4611 quod
3432 4540 3550 4595 ido-
3582 4573 3597 4589 .

1977 4613 2057 4665 nei
2082 4613 2241 4665 simus
2259 4613 2480 4681 cogitare
2524 4610 2717 4681 aliquid
2741 4627 2772 4663 ιι
2801 4612 2963 4673 nobis,
3008 4613 3152 4680 quasi
3175 4628 3238 4667 ea:
3275 4610 3436 4679 nobis,
3466 4612 3558 4666 sed

1975 4682 2269 4752 suﬁcientia
2292 4679 2462 4733 nostra
2487 4696 2550 4733 es:
2572 4679 2678 4733 Deo
2706 4691 2778 4734 est
2802 4680 2866 4750 (ll
2896 4679 3027 4734 Cor.
3046 4698 3122 4748 tu,
3150 4682 3228 4751 5).

1982 4771 2132 4839 Quod
2156 4786 2245 4839 per
2292 4769 2501 4823 liberum
2530 4770 2792 4842 arbitrium
2828 4771 2897 4823 ad
2930 4772 3145 4840 gratiam
3174 4770 3421 4840 Baptismi
3442 4784 3556 4842 per-

2455 4841 2618 4893 uenire
2638 4839 2809 4893 nullus
2825 4844 2981 4911 possit
2995 4842 3094 4913 (ιι).

2049 4930 2182 4986 \‘lli.
2212 4930 2265 4984 Si
2287 4933 2406 5000 quis
2434 4931 2565 4985 alios
2615 4932 2997 4994 misericordia,
3041 4933 3173 4986 alios
3217 4947 3347 4986 vero
3376 4947 3469 5000 per
3494 4931 3558 4987 li-

1979 5001 2164 5057 berum
2188 5002 2502 5069 arbitrinmt
2527 5001 2666 5069 quod
2722 5004 2773 5055 in
2803 5003 3049 5055 omnibus
3078 5002 3166 5069 qui
3196 5001 3266 5055 de
3306 5003 3557 5071 praet-ari-

1980 5073 2188 5128 catione
2216 5073 2366 5140 primi
2402 5071 2633 5125 hominis
2682 5072 2959 5136 natisunt,
3006 5082 3213 5126 constat
3232 5087 3353 5127 esse
3403 5074 3559 5128 vitia-

1980 5153 2090 5197 tum
2121 5143 2222 5211 )ad
2256 5142 2478 5212 gratiam
2522 5140 2772 5212 Baptismi
2804 5156 2962 5209 posse
2987 5143 3167 5198 venire
3191 5142 3463 5198 contendit
3486 5160 3501 5206 ;
3528 5158 3557 5196 θ

1979 5224 2121 5268 recta
2156 5213 2257 5265 title
2291 5212 2543 5280 probatur
2581 5211 2808 5269 alienus.
2842 5212 2892 5266 is
2929 5213 3068 5267 enim
3107 5229 3210 5267 non
3233 5214 3470 5267 onmium
3495 5214 3560 5265 li—

1978 5283 2164 5340 berum
2192 5283 2468 5337 arbitrium
2512 5297 2606 5351 per
2623 5291 2898 5351 peccatum
2928 5283 3080 5351 primi
3111 5282 3341 5337 hominis
3366 5281 3560 5335 assetit

2063 5420 2247 5485 invide
2277 5419 2438 5485 lib.de
2461 5418 2690 5468 Prtedest.
2706 5426 3042 5485 sanctorum,a
3057 5419 3375 5485 eap.j_usqne
3400 5415 3458 5464 sd
3480 5416 3529 5463 9.

2067 5478 2115 5546 ὑ)
2152 5483 2263 5533 \idc
2283 5478 2437 5530 lib.de
2457 5487 2589 5529 Dono
2613 5483 3012 5546 Perseverantim,
3036 5478 3141 5541 cali.
3166 5478 3243 5537 ες,
3270 5478 3322 5528 et
3356 5485 3558 5539 Prosper

1980 5542 2144 5596 contra
2173 5545 2456 5594 Calidorum
2475 5575 2490 5599 ,
2508 5554 2613 5602 cap.
2640 5542 2687 5590 6.

2045 5606 2117 5665 (ι’)
2153 5606 2268 5655 \‘idc
2285 5605 2366 5656 ιιι».
2389 5603 2455 5651 de
2475 5600 2627 5665 Gratia
2643 5603 2841 5662 Christi,
2859 5616 2964 5664 cap.
2983 5600 3061 5665 28.

2033 5660 2357 5778 ίζειρΓΓι-Ὸεριιι·
2376 5670 2537 5736 contra
2554 5660 2863 5724 Collatorcm,
2884 5660 3017 5726 capp.
3052 5663 3119 5724 l5,
3144 5660 3225 5721 '58,
3247 5667 3297 5710 ct
3334 5666 3560 5723 ttespons.

2103 5746 2126 5778 c
2147 5743 2160 5777 ι
2182 5736 2247 5778 at.
2276 5730 2305 5776 6
2327 5736 2550 5777 nussum.

1988 5729 2044 5777 a'l
2067 5729 2160 5779 deli
2182 5731 2247 5779 .it.
2276 5730 2305 5776 ti
2327 5729 2550 5777 Cassiani.
