3998 6190
373 374 509 429 1815

371 490 498 553 Quit!
522 494 696 539 tamen
719 484 925 540 etiamsi
941 482 1401 553 excellentissimis
1418 482 1641 553 artibus,
1661 492 1717 553 et
1734 483 1939 539 eunetis

374 552 673 607 mortalium
699 554 1058 609 ernditionum
1088 555 1287 624 polleat
1313 552 1624 624 disciplinis,
1661 552 1943 622 iustificari

372 640 437 677 rx
463 638 523 678 sc
552 638 657 678 non
688 631 898 691 potest:
921 627 1042 693 quia
1072 623 1224 679 bonis
1248 624 1357 679 suis
1382 623 1519 678 male
1544 624 1729 686 utitur,
1759 624 1811 677 in
1830 624 1949 692 qui-

378 695 476 746 tiiis
521 694 639 746 sine
678 693 826 746 cultu
868 696 981 749 veri
1024 695 1115 750 Dei
1159 693 1445 763 impietatis
1488 693 1949 763 immunditimque

375 763 722 825 convincitur,
773 771 829 818 et
854 765 992 820 unde
1023 780 1084 820 se
1111 763 1326 819 defendi
1363 763 1610 830 mstimat,
1640 772 1943 818 accusatur.

373 833 507 886 Cum
526 848 671 903 ergo,
697 834 981 902 Apostolus
1005 834 1241 899 definiat,
1272 832 1412 902 quod
1437 848 1504 888 ex
1529 833 1779 903 operibus
1814 832 1950 902 legis

373 919 477 956 non
515 902 834 972 jus’tilicatur
860 906 1035 961 omnis
1057 919 1184 958 caro
1217 904 1395 970 (Rom.
1435 919 1512 968 iii,
1543 902 1635 970 20)
1669 920 1684 967 ;
1717 911 1772 957 et
1810 918 1951 971 quo-

375 974 516 1025 niam
539 972 592 1026 in
620 972 833 1044 Cbristo
869 974 995 1030 Jesu
1022 990 1193 1044 neque
1220 974 1575 1036 circumcisio,
1604 988 1948 1044 neque_pr:e-

376 1045 577 1114 piiti'nin
620 1042 792 1114 valeat
832 1045 1065 1114 aliquid,
1107 1040 1206 1099 sed
1253 1057 1387 1114 nova
1435 1040 1701 1114 creatura
1735 1040 1945 1114 (Galat.

373 1112 568 1184 \'i,__i5)
589 1130 608 1184 :_
631 1112 755 1183 quid
785 1114 885 1169 iste
910 1112 1124 1184 impiam
1156 1113 1444 1184 inlldelium
1467 1112 1764 1184 libertatem
1796 1119 1951 1184 natu-

374 1182 577 1236 ralibus
595 1182 809 1237 inStriiit
836 1182 1008 1250 bonis,
1031 1193 1087 1240 et
1113 1183 1341 1252 propriis
1359 1182 1472 1236 vult
1483 1182 1776 1251 jiistilieare
1801 1182 1948 1250 prin—

372 1252 561 1319 cipiis?
598 1253 733 1319 Quid
782 1253 848 1307 ad
890 1254 1286 1309 renovationem
1316 1252 1577 1306 lacessita:
1613 1252 1631 1283 ί
1670 1252 1950 1305 vetustatis

376 1321 621 1391 idoneam
651 1322 835 1377 deﬂuit
873 1323 1305 1391 prmvaricatrieis
1350 1322 1585 1377 scientias
1624 1321 1951 1376 nuditatem?

375 1390 535 1458 Quasi
567 1392 665 1445 ista
693 1392 914 1447 scientia
940 1394 1022 1449 vel
1048 1409 1115 1449 ex
1146 1402 1347 1447 natura:
1371 1392 1559 1461 Opibus
1576 1391 1785 1445 residua
1823 1405 1953 1444 con-

375 1471 553 1516 secuta
575 1464 618 1527 ³,
646 1462 730 1517 vel
756 1479 822 1517 ex
865 1464 1048 1532 legalis
1085 1462 1343 1517 doctrinae
1372 1461 1672 1532 eruditione
1694 1461 1914 1532 quiesita
1932 1502 1948 1524 ,

376 1533 553 1603 possit
587 1532 670 1587 sui
709 1529 1053 1603 perceptione
1079 1541 1356 1603 praistare,
1391 1530 1616 1603 utquod
1652 1529 1952 1603 faciendum

378 1600 886 1668 noveriiniis,'etiaiii
907 1600 1382 1672 facere'dili‘gamus
1403 1618 1416 1672 ς
1440 1601 1686 1672 antiiilus
1702 1602 1770 1654 sit
1797 1600 1951 1672 bona:

375 1672 659 1725 voluntatis
690 1680 885 1738 motus,
931 1673 1033 1727 nisi
1061 1669 1221 1741 quem
1243 1671 1443 1741 creavit
1468 1669 1673 1741 diil’usm
1700 1685 1795 1741 per
1825 1669 1948 1741 Spi-

376 1742 536 1795 ritum
563 1752 804 1796 sanclum
831 1739 1105 1796 cliaritatis
1131 1740 1359 1795 amatus.
1393 1740 1518 1794 Sine
1546 1739 1645 1804 ﬁde
1671 1739 1815 1793 enim
1848 1739 1949 1792 iiii-

376 1810 620 1883 possibile;
631 1820 703 1865 est
727 1812 923 1883 placere
942 1812 963 1844 ³
985 1810 1172 1883 (Hebr.
1194 1826 1270 1875 XI,
1295 1808 1350 1882 6)
1376 1827 1389 1863 :
1411 1817 1489 1883 et,
1510 1807 1825 1883 0mne_quod
1849 1825 1951 1883 non

377 1890 448 1953 est
467 1896 529 1934 ea:
547 1881 668 1948 fide,
698 1877 954 1953 peccatum
979 1877 1051 1937 est
1075 1879 1250 1953 (Rom.
1271 1877 1378 1953 Xiv,
1406 1879 1499 1952 25)
1526 1887 1631 1943 :et,
1662 1877 1689 1931 1
1697 1895 1727 1931 ιι
1752 1877 1951 1953 Christo

373 1950 405 2002 J
415 1966 500 2003 esu
528 1949 1024 2021 nequecircumcisio
1050 1949 1243 2021 aliquid
1268 1951 1417 2015 valet,
1444 1949 1604 2021 neque
1626 1949 1950 2021 pra’putium;

375 2017 740 2091 sed/ideaquce
766 2038 855 2091 per
874 2017 1194 2075 dilectionem
1218 2029 1455 2090 operatur
1482 2017 1679 2091 (Colat.
1699 2017 1752 2084 v,
1770 2019 1849 2087 6).

446 2088 670 2145 CAPUT
696 2088 852 2145 Xi—
880 2092 970 2146 5|.
1021 2092 1146 2147 Post
1178 2088 1309 2152 haec,
1346 2091 1397 2143 in
1431 2089 1771 2144 conclusione
1799 2088 1949 2142 testi-

380 2161 699 2227 moniorum,
730 2162 920 2230 quibus
949 2165 1173 2230 probare
1203 2160 1367 2230 voluit
1392 2159 1533 2230 quod
1564 2159 1615 2211 lii
1637 2159 1725 2227 qui
1746 2173 1842 2227 per
1866 2158 1949 2230 in-

377 2228 761 2297 erepationem‘
786 2228 1149 2300 proplieticaui
1189 2229 1335 2284 surdi
1368 2229 1700 2298 appellantur
1720 2228 1947 2300 etcicci,

380 2300 583 2368 possint
609 2316 675 2354 ex
703 2298 949 2355 facultate
979 2311 1181 2354 natura:
1213 2309 1269 2354 et
1295 2314 1453 2353 aures
1498 2313 1623 2352 suas
1647 2298 1858 2366 aperire
1881 2298 1950 2352 ad

377 2368 722 2436 audiendum,
762 2379 820 2426 et
862 2372 1046 2425 oculos
1074 2384 1201 2425 suos
1227 2369 1293 2424 ad
1325 2368 1610 2424 videndum
1641 2368 1811 2438 (quasi
1845 2382 1949 2422 non

378 2438 447 2493 de
485 2439 675 2496 iisdem
701 2440 843 2496 dicat
874 2441 1153 2507 Dominus,
1180 2438 1325 2495 Dabo
1348 2440 1421 2494 eis
1442 2455 1530 2492 cor
1555 2438 1699 2492 atiud
1719 2479 1736 2503 ,
1766 2447 1812 2492 et
1840 2439 1951 2506 spi-

378 2507 528 2563 ritum
551 2527 736 2565 nouum
764 2511 892 2564 dabo
909 2512 1014 2575 eis;
1039 2520 1083 2564 et
1110 2511 1315 2565 evellam
1329 2525 1414 2563 car
1437 2508 1691 2578 lapideum
1716 2509 1779 2578 de
1802 2523 1954 2578 carne

272 2626 291 2633 _
381 2594 575 2645 eorum,
601 2589 649 2635 et
673 2580 804 2634 dabo
842 2581 913 2635 eis
938 2596 1025 2634 cor
1043 2595 1321 2644 corneum;
1359 2588 1415 2648 ut
1451 2577 1503 2633 in
1535 2577 1796 2648 praeceptis
1825 2577 1952 2648 meis

378 2648 632 2719 ambulgnt
649 2689 667 2716 ,
695 2660 740 2703 et
779 2650 1163 2719 iustiﬁcationes
1203 2665 1338 2704 meas
1366 2647 1620 2719 observent
1639 2690 1656 2714 ,
1685 2656 1735 2701 et
1753 2647 1953 2719 faciant

379 2715 716 2799 egsJEseeli.
756 2715 833 2799 _x'i,
861 2720 953 2799 i9,
978 2719 1051 2775 20
1067 2760 1083 2783 ,
1110 2728 1385 2799 .etmxxsw,
1411 2717 1503 2799 _26,
1521 2716 1685 2799 _27]),.
1701 2715 1869 2781 addit,
1899 2724 1954 2798 et

380 2787 550 2860 dicit:
580 2807 601 2841 ι
635 2789 875 2860 Denique
899 2797 962 2845 ut
986 2788 1382 2860 possibilitatem
1393 2788 1534 2860 _boiii
1565 2787 1645 2843 eis
1673 2787 1848 2860 inesse
1874 2787 1951 2860 si-

377 2857 678 2926 gnificaret,
707 2856 1301 2928 increpans'Pbariszeos
1331 2874 1345 2910 :
1376 2856 1512 2925 Quid
1539 2867 1728 2928 autem,
1759 2856 1950 2928 inquit,

379 2925 531 3001 etiam
558 2944 622 2985 ea:
647 2925 1010 3001 nobismetipsis
1038 2945 1140 3001 non
1172 2929 1416 3001 judicatis
1457 2927 1591 3001 quod
1628 2925 1951 3001 bonumest‘

382 2997 535 3070 (Luc.
557 3014 651 3064 xtl,
679 2998 808 3070 57)?
832 2995 985 3067 Quod
1001 2995 1190 3069 utique
1207 3012 1312 3053 non
1342 2999 1432 3070 eis
1449 2995 1691 3062 dixisset,
1733 2995 1832 3070 nisi
1858 3010 1953 3051 eos

375 3066 578 3138 judicio
600 3066 989 3140 natiiraliquod
1019 3066 1226 3140 aequum
1251 3076 1335 3122 est
1359 3066 1549 3140 scisset
1568 3081 1724 3140 posse
1747 3066 1953 3140 discer-

382 3134 530 3194 nere.
567 3156 584 3191 i
623 3139 742 3195 iam
780 3134 888 3194 non
928 3134 1102 3196 solum
1128 3139 1453 3208 voluntatem
1494 3134 1637 3203 boiii,
1670 3134 1764 3191 sed
1792 3135 1953 3208 etiam

381 3209 787 3280 possibilitatem
811 3211 979 3280 libero
1000 3209 1253 3264 adscribit
1275 3204 1808 3280 arbitrioitanquam
1833 3204 1955 3260 ideo

378 3277 555 3352 abcis
578 3281 822 3352 exigatur
854 3278 1229 3352 intelligentia,
1244 3277 1365 3352 ideo
1389 3277 1589 3352 jiistitia
1619 3283 1949 3352 reposcatur,

379 3349 503 3415 quia
536 3344 740 3419 possint
783 3350 897 3405 haec
919 3344 1051 3405 sine'
1080 3350 1171 3404 Dei
1199 3344 1353 3419 donis
1391 3344 1461 3419 de
1489 3344 1693 3419 naturie
1716 3344 1956 3414 proferre

382 3415 555 3474 bonis}
578 3418 913 3490 lmperantur
935 3428 1112 3475 autem
1141 3420 1238 3473 ista
1261 3417 1485 3490 homini,
1510 3428 1568 3471 ut
1590 3431 1656 3471 ex
1679 3415 1794 3484 ipso
1815 3431 1953 3483 prm-

382 3498 560 3558 cepto,
594 3487 701 3559 quo
728 3490 777 3546 ei
810 3490 911 3545 lioe
932 3490 1073 3559 quod
1099 3487 1306 3559 accepit
1331 3487 1876 3559 indicitur,Aagii_oscat
1893 3500 1953 3539 se

383 3555 555 3625 ipsum
582 3555 633 3613 id
660 3575 760 3614 suo
782 3560 911 3614 vitio
950 3555 1289 3627 perdidisse:
1319 3564 1375 3627 et
1419 3570 1528 3610 non
1566 3555 1688 3627 ideo
1720 3555 1955 3627 iniquam

383 3623 504 3682 esse
518 3630 873 3691 exactionem,
899 3623 1022 3696 quia
1047 3627 1114 3682 ad
1134 3625 1463 3696 reddendum
1487 3625 1630 3695 quod
1657 3623 1826 3696 debet
1842 3623 1959 3696 ἱειοτ

386 3713 523 3752 neus
570 3713 675 3752 non
705 3707 825 3760 est;
856 3693 951 3752 sed
994 3714 1025 3751 a
1061 3698 1238 3753 littera
1276 3693 1552 3751 occidente
1577 3693 1848 3763 confugiat
1890 3693 1957 3748 ad

384 3768 629 3837 spiritum
659 3768 1034 3833 vivificantem,
1065 3776 1119 3823 et
1156 3765 1459 3837 facultatem
1488 3780 1649 3837 quam
1684 3764 1705 3837 '_
1730 3779 1837 3817 non
1871 3763 1956 3818 in-

386 3835 530 3892 venit
558 3838 608 3892 in
629 3849 838 3904 natura,
856 3847 1058 3908 quaerat
1076 3853 1140 3892 ex
1156 3838 1344 3908 gratia.
1361 3835 1514 3904 Quod
1532 3835 1578 3889 si
1608 3835 1750 3898 facit,
1769 3848 1957 3908 magna

383 3918 464 3963 est
479 3909 837 3964 misericordia
859 3904 951 3964 Dei
966 3926 980 3963 :
995 3909 1040 3962 si
1054 3904 1466 3976 non—facit,justa
1477 3914 1560 3960 est
1575 3904 1957 3976 pmnapeccati.

457 3978 546 4050 52.
579 3979 820 4050 Denique
860 3979 926 4034 ad
973 3975 1355 4050 plenitudinem
1403 3975 1692 4050 prminissie
1716 3975 1955 4050 disputa-

328 4082 347 4103 κ
389 4042 1103 4120 tionis,reguiariscntentia
1133 4042 1461 4120 pronuntiat,
1493 4046 1679 4120 dicens
1706 4059 1721 4097 :
1752 4063 1771 4096 ι
1805 4042 1960 4100 Unde

386 4115 686 4176 cavendum
715 4118 867 4174 nobis
909 4129 1012 4183 est,
1055 4115 1220 4173 ne’ita
1252 4117 1318 4172 ad
1348 4117 1510 4171 Deum
1537 4115 1715 4171 omnia
1744 4123 1960 4168 sancto-

387 4206 506 4244 rum
534 4192 718 4244 in'erita
756 4188 1070 4252 referamus,
1103 4197 1163 4241 ut
1186 4187 1314 4242 nihil
1355 4186 1455 4240 nisi
1497 4185 1549 4240 id
1574 4183 1716 4255 quod
1763 4184 1958 4238 malum

387 4271 547 4330 atque
576 4275 886 4327 perversum
910 4267 1011 4330 est,
1041 4257 1286 4330 humana;
1306 4257 1670 4330 adscribatiius
1700 4264 1902 4330 natura:
1935 4273 1955 4307 ι

388 4324 683 4452 Scapis);
700 4328 1175 4411 Qiiidnevidenliiis,
1197 4327 1322 4396 quid
1338 4325 1641 4395 expressius
1668 4324 1961 4406 secundum

416 4402 588 4452 1'elaaii
673 4400 971 4452 mlestnoue
1008 4408 1368 4452 commentum
1410 4395 1477 4449 ab
1505 4395 1615 4448 ullo
1649 4410 1832 4449 eorum
1877 4394 1961 4448 di-

416 4394 588 4469 ltelagii
628 4394 971 4469 leestiiquc
1008 4394 1368 4469 commentum
1410 4395 1477 4449 ab
1498 4395 1841 4469 ulloeoriiin
1877 4394 1962 4448 di-

392 4463 600 4537 scipiilo
631 4471 802 4539 potuit
825 4463 1069 4524 deliniri?
1097 4468 1174 4522 Illi
1195 4467 1399 4539 dicunt,
1420 4483 1451 4539 _s
1487 4463 1722 4539 Gratiam
1752 4463 1964 4539 Dei_se-

390 4532 830 4594 cundum'merita
854 4550 1033 4594 nostra
1060 4539 1211 4604 dari;
1242 4557 1261 4590 ι
1284 4544 1340 4592 et
1363 4536 1520 4591 iidem
1549 4534 1753 4599 dicunt,
1788 4552 1806 4585 ι
1834 4532 1967 4588 Gra-

394 4612 520 4662 tiam
569 4610 661 4664 Dei
701 4626 806 4664 non
852 4610 919 4663 ad
962 4610 1199 4678 singulos
1251 4618 1403 4662 actus
1449 4605 1563 4660 dari
1608 4622 1620 4657 :
1661 4622 1680 4654 ι
1715 4604 1964 4678 ιιίομὶιιι-νιι

392 4694 552 4733 unam
596 4680 913 4733 sententiam
951 4674 1335 4747 blasphemiam
1364 4686 1642 4747 utramque
1679 4674 1963 4747 conclusit,

392 4752 622 4804 dicens:
660 4766 679 4800 i
715 4748 1021 4803 Gavendum
1069 4744 1223 4801 nobis
1272 4763 1422 4814 esse,
1466 4761 1532 4800 ne
1581 4745 1652 4798 ita
1700 4744 1766 4797 ad
1801 4744 1965 4814 Deum

395 4821 576 4875 onznia
605 4828 909 4876 sanctorum
932 4818 1118 4872 merita
1141 4811 1456 4882 referamus,
1474 4825 1534 4869 ut
1553 4815 1681 4869 nihil
1705 4814 1805 4867 nisi
1825 4811 1969 4882 quod

395 4892 590 4945 malum
628 4897 789 4958 atque
818 4903 1126 4959 perversum
1173 4897 1274 4952 est,
1320 4886 1566 4959 humanm
1604 4885 1970 4959 adscribamus

395 4970 615 5014 natura}.
652 4979 673 5013 ι
705 4955 832 5014 Vuli
850 4973 978 5029 ergo
1000 4973 1120 5012 esse
1145 4959 1305 5011 multa
1330 4956 1538 5029 propria
1559 4955 1831 5029 hominum
1858 4968 1971 5029 nie-_

398 5032 520 5094 iita,
547 5047 666 5098 qua:
695 5046 799 5084 non
830 5023 937 5084 sini
964 5030 1148 5099 gratia:
1176 5023 1653 5099 largitate—collata,
1683 5024 1875 5094 quibus
1903 5023 1970 5076 ad

395 5095 663 5168 augendas
693 5095 1207 5154 naturales'divitias
1253 5095 1824 5168 qumdaiadesiirsum
1848 5108 1969 5146 mu-

400 5164 526 5225 nera
556 5170 870 5222 debeantur.
906 5169 1026 5223 Vult
1053 5185 1150 5223 nos
1174 5164 1399 5238 gratiam
1435 5164 1525 5220 Dei
1560 5181 1663 5219 non
1691 5165 1757 5238 ad
1783 5164 1969 5231 singu-

398 5241 481 5294 los
518 5249 670 5294 actus
697 5239 943 5307 accipere
974 5255 989 5291 :
1016 5254 1080 5293 ac
1109 5235 1328 5308 perinde
1357 5254 1460 5292 non
1492 5251 1589 5305 pro
1615 5235 1759 5289 omni
1806 5246 1971 5303 opere

459 5350 477 5381 ί
513 5348 808 5400 Posteriores
828 5346 1082 5406 editiones,
1105 5345 1309 5399 miserae.

458 5414 480 5443 ²
512 5414 739 5469 verbum,
763 5414 1029 5474 consecuta,
1054 5404 1136 5459 hic
1164 5411 1379 5474 adjicitur
1403 5421 1467 5459 ex
1498 5415 1581 5458 tis.
1604 5404 1886 5456 tzorbeiensi
1919 5410 1972 5452 et

399 5472 613 5523 editione
641 5471 975 5535 Moguntieps'i.

463 5536 484 5567 ³
517 5529 813 5584 Posteriores
834 5532 1091 5595 editiones,
1129 5529 1319 5595 placere
1351 5539 1468 5595 Deo.
1502 5533 1666 5595 Abest,
1695 5536 1805 5595 Deo,
1830 5538 1858 5575 a
1890 5531 1971 5595 Ms.

397 5596 671 5645 mrbeieusi
716 5602 767 5645 et
792 5594 1006 5643 editione
1028 5588 1345 5654 Mog'untiensi
1367 5607 1381 5653 ;
1403 5592 1625 5655 soletque
1647 5589 1891 5655 interdum
1912 5588 1975 5635 ab

400 5658 662 5719 augustino
683 5655 939 5719 prasteriri,
964 5667 1058 5705 nec
1083 5649 1161 5704 e'st
1188 5649 1604 5718 grtecm'dictiouis
1627 5649 1850 5717 Apostoli.

463 5723 484 5748 ι
513 5718 652 5765 (:m'b.
677 5724 731 5767 et
751 5724 893 5767 Μοα..
925 5716 1052 5767 quod
1068 5715 1255 5767 justum
1274 5722 1362 5767 est.

532 5731 652 5765 20m.
677 5731 731 5768 el.
752 5731 893 5768 ωοα..
925 5731 1049 5768 auoa
1067 5731 1255 5768 ιυδιιωι
1274 5731 1362 5767 εει.

463 5728 484 5748 ι
513 5728 652 5765 corn.
677 5728 731 5768 et
751 5728 893 5780 iung,
925 5728 1050 5789 quoa
1066 5728 1255 5789 Justinn
1274 5728 1362 5767 est.

461 5779 484 5811 ⁸
512 5786 612 5841 tioc
635 5777 739 5828 loco
776 5785 1071 5841 posteriores
1104 5777 1344 5828 editiones
1367 5774 1561 5837 addunt,
1598 5779 1741 5836 ante;
1776 5772 1865 5823 sed
1888 5781 1979 5822 tiae

404 5840 631 5897 particula
654 5847 821 5891 went
838 5840 971 5889 ωτι).
1001 5845 1052 5889 et
1074 5846 1193 5903 Mog.

1544 372 1938 430 APPENDICIS
1975 374 2151 432 PARS
2184 376 2457 435 TERTIA.

3496 387 3633 444 l8l6

2056 490 2198 565 bono
2235 503 2446 565 semper
2471 505 2645 565 orare.
2687 491 2861 561 Atque
2889 491 2960 547 ita
2986 507 3319 565 consequens
3346 498 3452 553 erit
3479 512 3536 555 ut
3576 502 3630 557 in

2057 560 2152 615 Dei
2183 561 2490 636 muneribus
2527 562 2726 636 nullum
2752 560 3001 636 meritum
3029 580 3149 620 esse
3170 560 3495 622 credendum
3526 573 3630 636 sit;

2054 629 2483 707 quandoquidem
2506 632 2622 707 sine
2647 632 2838 707 merito
2864 633 2953 707 sit,
2989 636 3308 707 qiieinlieus
3336 652 3556 707 semper
3578 629 3633 695 iii

2054 698 2305 774 omnibus
2329 701 2590 774 adjuverit
2616 719 2629 756 :
2659 711 2750 774 aut
2763 703 2818 774 si
2846 698 3080 758 etiam—in
3110 704 3193 758 bis
3216 722 3336 774 qua:
3369 698 3508 763 Deus
3534 712 3632 764 tri-

2055 769 2196 834 buit,
2225 769 2413 845 aliqua
2438 771 3019 845 _m_erita_collocantiir,
3065 769 3274 829 constet
3310 778 3469 831 etiam
3512 781 3633 845 ipsa

2055 841 2270 910 propria
2297 840 2770 917 acquirifacnltate
2791 843 3058 917 potuisse;
3081 855 3132 898 et
3150 845 3270 917 ideo
3291 846 3344 900 iu
3361 840 3633 917 aliquibus

2054 918 2297 985 oporteat
2316 927 2415 966 nos
2435 911 2693 985 adjuvari,
2708 920 2788 985 ut
2807 913 3109 980 possibilius
3139 916 3230 969 fiat
3254 930 3349 983 per
3369 911 3481 985 grai
3491 919 3598 972 iam
3616 960 3634 985 ,

2053 981 2194 1055 quod
2225 996 2334 1036 non
2362 991 2476 1036 erat
2497 982 2826 1055 impossibile
2853 997 2949 1055 per
2972 993 3238 1039 naturam.
3258 981 3404 1041 Ecce
3434 987 3547 1055 jam
3580 981 3638 1043 in

2056 1050 2154 1104 ista
2174 1065 2469 1121 paucorum
2496 1052 2757 1107 brevitate
2784 1052 3091 1121 verborum,
3124 1069 3229 1109 non
3255 1050 3480 1110 duarum
3510 1068 3639 1112 tan-

2056 1120 2191 1186 tum,
2231 1120 2325 1176 Sed
2354 1121 2637 1176 multarum
2683 1121 3009 1189 impietatnm
3048 1120 3330 1179 numerosa
3366 1127 3639 1182 connexio

2055 1199 2137 1244 est
2161 1208 2173 1243 :
2198 1205 2318 1260 qua:
2340 1192 2384 1245 si
2410 1191 2819 1260 scrupulosioris
2839 1192 3125 1260 diligentia:
3153 1194 3475 1251 discretione
3492 1208 3640 1252 trac-

2057 1262 2303 1385 ιῗιιιῦειὶη
2326 1262 2471 1316 nullo
2490 1276 2519 1315 a
2542 1261 2777 1316 damnati
2795 1264 2995 1317 erroris
3011 1273 3198 1318 catena
3216 1266 3458 1321 absoluta
3475 1284 3640 1321 mon-

2057 1343 2084 1383 Ε
2108 1344 2164 1383 ra
2205 1349 2218 1384 Ι
2245 1346 2324 1384 lll'.

2055 1332 2324 1384 strabitiir.

2125 1399 2351 1456 CAPUT
2375 1400 2580 1474 Xll._—-
2597 1402 2685 1457 53.
2713 1399 2817 1456 Sed
2849 1416 2916 1456 ne
2939 1402 3332 1474 suspicionibus
3357 1420 3517 1474 agere
3545 1406 3635 1459 vi-

2054 1469 2295 1533 deamur.
2322 1480 2377 1525 et
2396 1471 2907 1545 latebrassensutim
2927 1472 3063 1526 ultra
3088 1473 3247 1526 verba
3265 1469 3470 1536 rimari,
3501 1477 3636 1545 quid

2054 1549 2325 1614 accrescat
2350 1542 2593 1614 cognitis.
2624 1541 2850 1614 doceant
2875 1557 2993 1611 quze
3033 1552 3344 1614 sequuntur.
3373 1545 3474 1612 Qui
3499 1541 3637 1614 ergo

2055 1610 2197 1680 inter
2228 1611 2480 1680 principia
2511 1610 2905 1679 disputationis
2924 1626 3036 1664 sure
3061 1611 3288 1677 dixerat,
3316 1631 3336 1665 ι
3379 1610 3494 1668 Non
3535 1610 3639 1670 εἷ)-

2058 1679 2167 1734 lum
2207 1694 2439 1740 actuum.
2473 1697 2652 1734 verum
2677 1681 2836 1736 etiam
2866 1681 3244 1748 cogitationum
3272 1684 3531 1738 bonarum
3562 1700 3647 1740 ex

2057 1748 2168 1803 Deo
2191 1765 2311 1806 esse
2334 1751 2678 1818 principium;
2701 1752 2790 1820 qui
2813 1751 2965 1805 nobis
2983 1759 3038 1806 et
3055 1752 3200 1806 initia
3224 1763 3426 1808 sanctae
3442 1754 3641 1809 volun-

2055 1820 2178 1874 tatis
2206 1820 2463 1887 inspirat,
2491 1829 2545 1873 ct
2577 1822 2824 1875 virtutem
2854 1830 3013 1890 atque
3038 1823 3487 1891 opportunitatem
3529 1839 3638 1878 eo-

2055 1904 2172 1961 rum
2214 1908 2331 1959 qiia:
2369 1900 2515 1946 recte
2551 1891 2814 1958 cupimus,
2843 1891 3031 1946 tribuit
3069 1893 3387 1961 peragendi;
3432 1912 3451 1946 ι
3489 1910 3643 1951 nunc

2054 1959 2239 2031 volens
2266 1960 2509 2029 probare,
2540 1961 2681 2030 quod
2705 1961 2970 2029 religiosa:
2989 1959 3340 2031 cogitationes
3363 1972 3419 2019 et
3444 1977 3639 2020 saneta

2054 2029 2275 2085 consilia
2323 2031 2464 2084 nulla
2497 2031 2587 2084 Dei
2631 2031 2976 2099 inspiratione
3003 2029 3258 2098 concepta
3287 2032 3356 2087 de
3400 2033 3641 2089 naturali

2056 2101 2258 2169 possint
2288 2102 2500 2170 prodire
2527 2100 2805 2170 sapientia,
2845 2102 2992 2169 ponit
3013 2101 3172 2157 verba
3192 2102 3510 2168 Salomonis,
3540 2103 3638 2158 di-

2054 2168 2227 2225 centis
2257 2168 2570 2241 :’_Voluilquie
2591 2168 2762 2241 David
2800 2180 2941 2239 pater
2981 2188 3120 2224 meus
3143 2172 3399 2237 aediﬁcare
3423 2173 3641 2226 domum

2054 2240 2247 2294 nomini
2283 2239 2495 2294 Domini
2532 2240 2628 2295 Dei
2655 2240 2820 2294 Israel
2858 2256 2878 2294 :
2916 2250 2963 2295 et
2988 2243 3065 2294 ait
3087 2240 3335 2296 Dominus
3360 2242 3429 2296 ad
3462 2242 3641 2297 Dauid

2055 2319 2247 2381 patrem
2275 2308 2459 2374 meum,
2495 2310 2644 2377 Quod
2677 2311 2909 2381 cogitasti
2945 2312 2998 2365 in
3045 2312 3196 2366 corde
3224 2322 3331 2378 tuo,
3374 2313 3642 2379 adiﬁcare

2055 2380 2260 2434 domum
2286 2381 2476 2434 nomini
2501 2396 2629 2445 meo,
2653 2380 2774 2434 bene
2812 2381 2993 2452 fecisti.
3022 2383 3117 2435 liae
3142 2383 3308 2450 ipsum
3330 2392 3496 2435 mente
3516 2399 3639 2451 per-

2056 2460 2276 2504 tractans
2298 2466 2317 2513 ;
2344 2460 2682 2504 uerumtamen
2702 2467 2801 2504 non
2830 2460 2885 2504 tu
2908 2452 3182 2518 aedi/icabis
3201 2452 3404 2505 domum
3438 2454 3640 2505 nomini

2054 2537 2164 2574 meo
2189 2540 2208 2573 i
2246 2520 2497 2645 $llllleg.
2515 2520 2879 2602 tutan-19)..
2910 2522 3111 2603 Deinde
3135 2529 3196 2603 ut
3215 2523 3480 2583 Ostendat.
3498 2538 3641 2592 quo-

2056 2591 2215 2645 modo
2272 2606 2354 2645 ioc
2396 2591 2795 2645 intelligendum
2835 2601 2939 2645 sn.
2983 2592 3144 2645 infert
3183 2607 3297 2645 inse
3335 2601 3593 2645 tractator
3617 2607 3636 2645 :

2056 2591 2215 2645 modo
2252 2591 2354 2646 lioc
2396 2591 2795 2659 intelligendum
2835 2591 2939 2656 sit,
2983 2592 3144 2645 infert
3183 2592 3297 2659 ipse
3335 2601 3593 2646 tractator
3617 2607 3636 2645 :

2061 2676 2081 2711 ι
2108 2660 2232 2715 ilice
2252 2676 2378 2731 ergo
2397 2661 2666 2731 cogitatio,
2692 2671 2852 2728 atque
2874 2662 2972 2716 iste
2997 2670 3252 2716 tractatus
3270 2664 3415 2732 regis
3443 2662 3636 2730 David,

2055 2739 2303 2787 utrumne
2337 2732 2508 2786 bonus
2548 2739 2605 2786 et
2644 2746 2711 2785 ex
2744 2732 2873 2790 Deo.
2920 2746 2988 2785 an
3018 2732 3190 2786 malus
3218 2741 3272 2786 et
3318 2734 3388 2787 ab
3417 2732 3640 2787 homine

2055 2801 2222 2855 fuisse
2244 2798 2503 2857 dicendus
2523 2802 2643 2857 est?
2667 2800 2723 2856 Si
2753 2802 2894 2855 enim
2930 2801 3067 2855 bona
3092 2811 3148 2856 et
3174 2816 3241 2856 ex
3273 2801 3383 2855 Deo
3410 2800 3510 2855 init
3536 2802 3636 2856 illa

2053 2871 2322 2942 cogitatio,
2347 2886 2444 2925 cur
2473 2871 2542 2942 ab
2569 2887 2634 2927 eo
2660 2887 2689 2925 a
2714 2887 2822 2942 quo
2848 2872 3098 2941 inspirata
3126 2881 3236 2942 est,
3266 2871 3441 2942 eideni
3465 2886 3639 2941 nega-

2057 2949 2142 2995 tur
2171 2940 2426 2997 effectus?
2450 2941 2496 2997 si
2536 2952 2711 2996 autem
2734 2940 2914 3005 'mala,
2958 2951 3102 2997 etes
3128 2941 3346 2996 homine
3387 2940 3506 3007 fuit,
3534 2940 3641 2996 cur

2055 3009 2352 3080 laudatura
2383 3012 2649 3067 Domino?
2691 3012 2875 3067 Restat
2915 3026 3042 3080 ergo
3081 3020 3138 3065 ut
3179 3019 3234 3066 et
3276 3011 3436 3077 bona,
3482 3022 3540 3066 et
3559 3027 3637 3066 ex

2056 3079 2272 3137 homine
2313 3080 2475 3136 fuisse
2500 3082 2769 3137 credatur.
2798 3080 2853 3135 ln
2889 3079 3046 3151 quem
3074 3082 3286 3135 modum
3331 3082 3491 3137 etiam
3534 3096 3637 3135 no-

2055 3160 2194 3206 stras
2219 3151 2827 3222 quOtidiecogitationes
2852 3166 3129 3219 possumus
3151 3151 3391 3219 judicare
3419 3170 3432 3205 :
3458 3166 3637 3221 nequo

2055 3222 2197 3276 enim
2217 3221 2307 3275 aut
2324 3221 2424 3276 soli
2456 3221 2629 3293 David,
2646 3223 2841 3277 bonum
2858 3236 2926 3293 ex
2954 3222 3486 3293 seinetipsocogitare
3503 3236 3638 3275 con-

2055 3306 2265 3346 cessum
2290 3300 2392 3356 est,
2423 3301 2516 3346 aut
2545 3292 2699 3347 nobis
2720 3292 2927 3361 nequid
2946 3291 3069 3346 boni
3093 3291 3322 3362 unquam
3338 3307 3527 3359 sapere
3539 3300 3638 3362 aut

2056 3363 2292 3488 cogitare
2316 3362 2579 3429 possimus
2604 3360 2929 3444 naturaliter,
2960 3360 3247 3443 denegatur
3277 3380 3298 3412 ι
3330 3362 3482 3432 (Cap.
3517 3360 3634 3431 i2).

2203 3473 2219 3487 .
2249 3432 2404 3487 Nullo
2447 3432 2607 3487 modo
2648 3433 2750 3488 boc
2778 3441 3081 3487 testimonio
3121 3443 3280 3488 atoue
3316 3443 3634 3488 araumentu

2203 3473 2219 3487 .
2249 3432 2404 3487 Nullo
2447 3432 2607 3487 modo
2648 3433 2750 3488 boc
2778 3433 3081 3487 testimonio
3121 3443 3280 3501 atque
3316 3443 3639 3499 argumento

2060 3503 2271 3573 probari
2305 3511 2481 3571 potest
2502 3541 2517 3563 .
2549 3503 2689 3572 quod
2720 3502 2820 3573 piat
2847 3502 3194 3573 cogitationes
3217 3517 3282 3556 ex
3322 3503 3439 3556 solo
3464 3503 3637 3573 libero

2058 3570 2319 3638 arbitrio,
2334 3580 2390 3627 et
2429 3587 2536 3627 non
2567 3570 2644 3628 ex
2674 3570 2761 3628 Dei
2805 3570 3149 3641 inspiratione
3185 3584 3489 3626 nascantur.
3519 3570 3636 3625 Non

2058 3643 2200 3697 enim
2231 3642 2352 3713 ideo
2374 3643 2617 3713 voluntas
2643 3641 2826 3713 David,
2853 3643 3175 3713 qua:_utique
3191 3642 3337 3713 bona
3356 3650 3495 3713 erat.
3528 3656 3638 3713 non

2059 3727 2126 3768 ex
2154 3713 2262 3768 Deo
2298 3712 2460 3769 fuisse
2484 3712 2748 3768 credenda
2774 3711 3023 3781 esu—quia
3045 3711 3298 3781 templum
3323 3711 3423 3781 sibi
3454 3711 3641 3781 Domi-

2061 3799 2160 3838 niis
2188 3800 2291 3838 non
2312 3784 2380 3839 ab
2404 3796 2472 3839 eo
2488 3782 2759 3843 aedificari.
2782 3782 2877 3837 sed
2895 3779 2932 3836 a'
2948 3780 3057 3835 lilio
3076 3779 3242 3849 ipsius
3266 3779 3449 3834 voluit.
3472 3780 3638 3847 Qua:-

2060 3853 2282 3908 renduni
2308 3868 2437 3923 ergo
2459 3863 2562 3918 est,
2592 3852 2660 3908 de
2696 3867 2803 3922 quo
2842 3852 3033 3923 spiritu
3069 3852 3388 3923 processerit
3413 3851 3641 3923 allectus

2062 3924 2213 3978 istius
2247 3919 2566 3988 voluntatis;
2598 3919 2792 3992 nem—pe
2819 3919 2888 3976 de
2915 3922 3003 3975 illo
3031 3922 3153 3985 Dei,
3194 3922 3248 3975 in
3266 3935 3372 3991 quo
3399 3919 3636 3992 diccbat,

2063 3991 2125 4048 Si
2148 3995 2387 4049 introiero
2424 3995 2478 4047 in
2514 3990 2893 4048 tabernaculum
2930 3994 3108 4045 domus
3126 4007 3267 4054 uteie,
3288 3990 3336 4043 si
3362 3990 3641 4043 ascendere

2060 4064 2115 4117 in
2141 4065 2322 4118 lectum
2350 4073 2537 4118 stratus
2573 4064 2710 4127 mei;
2743 4064 2786 4116 si
2813 4063 2998 4116 dedero
3021 4077 3255 4115 somnum
3279 4060 3441 4114 oculis
3489 4060 3640 4125 meis,

2062 4144 2150 4186 aut
2174 4134 2427 4204 palpebris
2451 4134 2574 4188 meis
2598 4134 3019 4197 dormitationein,
3041 4141 3127 4204 aut
3152 4132 3370 4204 requiem
3391 4131 3641 4204 tempori-

2065 4204 2155 4258 bus
2174 4199 2325 4270 'meis,
2356 4204 2513 4257 donec
2556 4204 2806 4256 inveniam
2853 4206 3018 4257 locum
3061 4199 3301 4263 Domino,
3333 4199 3638 4270 tabernacu-

2066 4274 2172 4328 lum
2193 4269 2480 4328 Deorlacob
2498 4271 2672 4343 (Paul.
2698 4287 2879 4338 cxni,
2904 4272 3045 4339 3'5).
3068 4272 3349 4343 Quodcum
3372 4269 3641 4343 Propheta

2065 4346 2486 4414 concupisceret,
2506 4337 2619 4414 'non
2645 4342 2922 4413 ignorabat
2943 4337 3127 4414 verum
3156 4340 3282 4396 illud
3312 4337 3640 4409 perfectum-

2066 4432 2171 4484 qiie
2202 4411 2452 4484 templum
2478 4413 2547 4469 ab
2575 4411 2809 4468 illo'esse
2836 4411 3168 4484 condendam
3186 4414 3323 4484 ,_qui
3353 4426 3475 4484 cum
3498 4419 3648 4463 esset

2068 4480 2234 4540 Filius
2260 4480 2352 4540 Dei
2372 4524 2389 4552 ,
2430 4482 2597 4539 factus
2615 4490 2700 4537 est
2722 4484 2887 4537 etiam
2907 4482 3046 4536 illius
3073 4480 3271 4545 David;
3298 4482 3492 4552 quique
3515 4495 3646 4552 cum

2067 4556 2273 4611 videret
2316 4550 2566 4623 templum
2593 4569 2621 4605 a
2648 4553 2932 4623 Salomone
2958 4560 3367 4623 constructum,
3391 4550 3607 4623 dicebat
3625 4590 3645 4614 ,

2071 4626 2265 4682 Solvite
2292 4617 2533 4693 templum
2553 4625 2668 4693 hoc,
2693 4633 2737 4676 et
2759 4624 2811 4676 in
2831 4621 2999 4693 triduo
3025 4621 3276 4693 suscitabo
3307 4619 3467 4693 illud;
3483 4617 3646 4693 Dice:

2069 4697 2153 4750 bat
2180 4708 2347 4750 autem
2370 4687 2432 4749 de
2461 4687 2895 4765 templo'corporis
2920 4692 3003 4746 sui
3028 4689 3203 4760 (Joan.
3232 4706 3289 4765 ii,
3318 4688 3412 4765 ig,
3436 4687 3554 4765 Si).
3582 4688 3651 4744 Ut

2072 4782 2200 4838 ergo
2223 4768 2323 4821 hoc
2349 4759 2600 4838 templum
2639 4759 3084 4838 praeligiiraretur,
3109 4760 3250 4838 quod
3278 4761 3328 4813 in
3353 4759 3573 4838 Cbristo
3592 4768 3653 4838 et

2073 4830 2386 4892 in‘Ecclesia
2415 4830 2813 4901 dispoiieliatur,
2852 4833 3043 4886 merito
3079 4830 3147 4885 ad
3187 4830 3594 4901 instructionem
3630 4830 3649 4860 ⁸

2073 4907 2192 4976 ejus
2221 4923 2326 4961 non
2354 4898 2516 4960 David
2537 4904 2765 4971 eligitur,
2764 4902 2877 4976 _s_ed
2896 4901 3214 4976 fili_us_David
3243 4916 3258 4953 :
3282 4908 3338 4976 u_t
3365 4913 3461 4976 per
3481 4898 3651 4952 filium

2076 4970 2303 5032 hominis
2341 4970 2725 5043 signiticaretur
2762 4972 2922 5043 Filius
2958 4972 3050 5025 Dei
3084 4982 3139 5043 et
3182 4970 3436 5043 heminis;
3470 4977 3524 5043 et
3556 4983 3655 5037 per

2075 5048 2327 5114 templum
2355 5038 2661 5100 dissolubile
2691 5042 3021 5114 indicaretur
3039 5038 3433 5114 tabernaculum
3467 5042 3652 5114 incor-

2076 5108 2355 5187 rupt‘ibile;
2386 5117 2452 5170 ad
2478 5116 2627 5183 cujus
2655 5112 2983 5187 condendam
3011 5112 3294 5187 imaginem
3323 5119 3377 5161 et
3405 5108 3657 5161 voluntas

2080 5180 2241 5242 David
2262 5180 2479 5258 prebata
2501 5180 2601 5258 elt.
2625 5192 2841 5258 etopus
2856 5184 2917 5258 in
2947 5196 3067 5258 eum
3095 5180 3533 5258 translatumest,
3552 5193 3653 5233 eu-

2072 5259 2160 5328 jus
2183 5249 2408 5328 persona
2451 5255 2624 5328 magis
2652 5249 2836 5328 eidem
2856 5252 3071 5328 imagini
3100 5250 3446 5328 congruebat.
3480 5249 3659 5328 Atqiie

2081 5317 2150 5383 ita
2177 5317 2230 5383 et
2256 5344 2320 5382 ex
2346 5328 2456 5381 Deo
2478 5317 2593 5379 erat
2614 5325 2714 5378 lioc
2737 5322 2874 5378 velle
2903 5317 3088 5386 David,
3115 5328 3170 5374 et
3196 5317 3261 5374 ex
3286 5320 3397 5373 Deo
3414 5326 3533 5372 erat
3554 5317 3658 5387 hoc

2081 5402 2252 5454 facere
2285 5398 2641 5451 Saloniouein.
2713 5463 2744 5467 __
2928 5461 2941 5467 _
3031 5460 3045 5467 _
3455 5456 3467 5467 ,

2150 5470 2240 5524 55.
2267 5467 2419 5536 Quod
2449 5476 2505 5519 ut
2523 5463 2779 5536 exemplis
2809 5461 2976 5536 magis
2999 5460 3287 5536 cliicescat,
3320 5460 3660 5536 requiramus

2082 5540 2168 5593 tibi
2194 5528 2315 5594 ﬁeri
2332 5538 2473 5591 Deus
2498 5528 2743 5595 noluerit,
2771 5528 2919 5601 quod
2943 5530 3185 5601 homines
3214 5528 3389 5601 facere
3419 5528 3526 5601 Deo
3557 5541 3657 5578 vo-

2083 5612 2226 5665 lente
2249 5610 2543 5663 voluerunt.
2568 5595 2820 5658 Dominus
2848 5600 3118 5671 Apostolis
3145 5598 3418 5670 princepit,
3449 5595 3656 5658 dicens,

2149 5766 2165 5797 ι
2202 5762 2495 5814 Posteriores
2518 5757 2774 5813 editiones.
2812 5754 2876 5805 ad
2908 5749 3294 5806 exstructionem.
3316 5748 3454 5799 Corb.
3489 5752 3570 5797 Is.
3608 5750 3666 5795 et

2091 5826 2238 5880 editio
2272 5832 2410 5884 Mog,
2438 5822 2503 5871 ad
2524 5818 2894 5872 instructionem.
