3998 6190
309 286 447 346 1825

306 400 522 473 Domine
564 397 725 473 virtus
770 415 880 454 mea
926 398 1099 473 (P_sal.
1146 415 1270 464 xvu,
1296 400 1496 473 2);‘et,
1553 400 1881 473 In_Domino

305 468 592 543 laudabitur
611 470 782 543 quinta
812 468 1119 543 mealPsal.
1148 468 1343 543 assit},
1363 469 1439 543 5);
1492 480 1565 543 et,
1612 471 1881 543 Fortitudo

303 556 413 592 mea
435 550 481 593 et
513 538 739 592 laudatio
759 555 869 592 mea
893 539 1320 608 Domimts(Psal.
1350 538 1513 605 civn,
1541 542 1649 609 N).
1680 542 1747 598 Ut
1770 559 1882 597 ma-

306 609 643 663 nifestissime
672 611 1008 674 noverimus,
1053 624 1151 663 nec
1200 610 1406 665 laudem
1451 626 1544 665 eos
1579 614 1739 667 ullam
1787 613 1882 667 ha-

304 678 887 754 bereinec‘meritum,
910 680 961 732 in
990 680 1183 754 quibus
1204 695 1307 733 non
1353 680 1711 749 inveniuntur,
1757 698 1878 754 qua:

302 749 400 802 nisi
434 748 686 802 Dominus
712 749 914 803 dederit
937 765 1039 802 non
1071 749 1347 804 habentur.

371 818 458 873 ΞΟ.
493 817 583 871 Sic
607 827 782 871 autem
813 819 1001 886 putasti
1047 819 1114 873 de
1143 819 1445 874 testimonio
1484 819 1711 874 laudata:
1755 821 1877 877 fidei

302 887 663 959 przrjudicium
684 888 841 959 donis
864 889 1049 959 gratia:
1077 904 1234 956 [uisse
1260 889 1525 959 generari,
1549 892 1699 959 quasi
1721 891 1873 956 fides,

301 958 387 1010 ubi
420 957 790 1012 ostenderetur
817 957 1045 1021 laudata,
1072 973 1178 1012 non
1205 957 1486 1014 doceretur
1504 957 1622 1013 esse
1654 960 1871 1016 donata.

303 1025 500 1084 Laudat
529 1027 815 1088 Apostolus
832 1028 1185 1082 Romanorum
1206 1028 1386 1093 fidem,
1412 1039 1465 1083 et
1489 1044 1583 1095 pro
1606 1029 1705 1083 hoc
1735 1028 1874 1085 bono

300 1112 479 1149 30rttll|
502 1097 611 1167 agit
636 1099 832 1166 gratias
863 1098 989 1167 Deo,
1016 1098 1199 1152 dicens
1222 1115 1236 1150 :
1272 1096 1503 1151 Primum
1530 1099 1729 1167 quidem
1752 1117 1873 1167 gra-

297 1170 392 1237 tias
416 1183 511 1236 ago
545 1165 651 1218 Deo
674 1183 900 1233 meo-per
937 1165 1115 1220 Iesum
1139 1167 1392 1221 Christum
1420 1184 1511 1237 pro
1535 1165 1767 1221 omnibus
1786 1186 1874 1222 vo-

294 1236 388 1305 bis,
430 1237 546 1305 quia
586 1237 712 1302 ﬁdes
759 1247 919 1289 vestra
965 1239 1295 1290 annuntiatur
1330 1239 1381 1289 in
1428 1239 1657 1290 universo
1683 1239 1869 1293 mundo

295 1304 469 1370 (Rom.
496 1321 533 1376 ι,
562 1306 641 1371 8).
677 1305 1076 1376 AdJCorinthios
1110 1321 1320 1376 quoque
1365 1307 1523 1360 simili
1562 1308 1747 1362 scribit
1789 1310 1870 1363 af-

297 1376 457 1439 fectu,
485 1375 667 1445 (licens
692 1390 710 1428 :
738 1374 938 1429 Gratius
958 1392 1054 1443 ago
1083 1374 1186 1429 Deo
1213 1374 1320 1429 meo
1347 1392 1544 1445 semper
1574 1393 1667 1445 pro
1708 1377 1866 1445 vobis,

292 1445 343 1515 in
371 1446 535 1514 gratia
564 1443 678 1504 Dei.
709 1460 822 1512 quia
838 1445 958 1498 data
986 1454 1059 1499 est
1086 1446 1221 1499 vobis
1240 1447 1293 1498 in
1329 1443 1526 1499 Christo
1554 1444 1708 1508 Jesu;
1750 1443 1871 1515 quia

293 1514 345 1586 in
374 1514 603 1586 erunibus
627 1515 801 1586 diuites
830 1516 951 1586 [acti
980 1516 1098 1586 estis
1133 1516 1185 1568 in
1217 1515 1336 1586 illo,
1361 1516 1570 1569 inomni
1615 1514 1779 1586 verba,
1822 1528 1868 1570 et

291 1584 505 1656 inomni
528 1585 735 1656 scientia
756 1584 796 1653 (Ι
824 1584 940 1656 Cor.
969 1600 1008 1649 ι,
1035 1585 1090 1650 4,
1114 1585 1475 1656 5).7Numquid
1504 1585 1719 1656 agendo
1744 1600 1867 1656 gra-

292 1653 394 1706 tias
425 1654 552 1715 Deo,
581 1655 921 1708 credentibus
959 1656 1175 1708 sustulit
1198 1654 1445 1708 laudem?
1471 1666 1562 1708 aut
1602 1653 1867 1711 laudando

291 1724 592 1793 credentes,
625 1725 826 1778 meritis
848 1725 1056 1793 negavit
1083 1723 1394 1793 auctorem?
1421 1724 1492 1777 De
1516 1724 1864 1793 Ephesiorum

288 1793 452 1847 etiam
482 1792 726 1865 fideiquid
744 1792 968 1865 sentiat,
996 1793 1272 1847 audiamus
1303 1811 1316 1848 :
1347 1792 1643 1865 Propterea,
1673 1795 1858 1865 inquit,

289 1874 336 1915 et
363 1880 455 1930 ego
481 1863 690 1916 audiens
720 1864 869 1930 ﬁdem
894 1873 1126 1926 vestram,
1160 1878 1275 1934 qua:
1299 1873 1370 1916 est
1398 1863 1451 1916 in
1479 1863 1692 1917 Domino
1713 1863 1859 1929 Iesu,

287 1943 335 1985 et
361 1934 675 2005 dilectionem
700 1934 752 1986 in
777 1950 948 2005 omnes
967 1944 1184 2005 sanctos,
1211 1948 1472 2005 nongcesso
1492 1944 1684 2005 gratius
1710 1951 1863 2005 agens

290 2018 392 2073 pro
410 2004 560 2064 vobis,
596 2004 885 2055 memoriam
912 2004 1057 2056 vestri
1081 2004 1270 2073 faciens
1306 2003 1691 2073 in_oratiouibus
1718 2003 1858 2073 meis,

287 2082 340 2123 ut
368 2071 502 2125 Deus
528 2072 725 2125 Domini
777 2074 935 2125 nostri
967 2070 1093 2125 Jestt
1133 2071 1318 2141 Christi
1352 2070 1504 2123 Pater
1546 2073 1738 2141 gloriae,
1780 2072 1862 2126 det

287 2141 427 2195 vobis
457 2143 703 2211 Spiritum
724 2143 985 2212 sapientiae
1025 2140 1472 2212 etrrrevelutiou‘s,
1502 2144 1555 2192 in
1608 2144 1863 2210 agnitione

286 2212 395 2279 ejus
424 2208 732 2265 illuminatos
761 2208 933 2264 oculos
961 2211 1127 2281 cordis
1165 2210 1310 2265 vestri
1344 2208 1559 2281 (Ephes.
1591 2208 1857 2280 “15-18).

289 2281 715 2349 llahebantergo
741 2282 825 2334 isti
859 2282 1037 2345 fidem,
1074 2280 1335 2333 habebant
1363 2290 1417 2334 et
1440 2294 1600 2347 opera
1631 2281 1859 2335 Charita-

287 2348 376 2412 tis,
407 2367 525 2419 qua:
554 2348 828 2404 neclaude
857 2358 1102 2419 poterant
1141 2364 1344 2419 carere,
1389 2364 1486 2402 nec
1509 2352 1697 2404 merito
1722 2368 1735 2401 :
1763 2351 1858 2405 sed

285 2418 494 2487 probis
520 2420 799 2474 virtutibus
850 2418 1134 2488 Apostolus
1158 2418 1355 2488 gratias
1401 2418 1509 2472 Deo
1550 2434 1707 2488 agere
1752 2437 1857 2475 non

281 2498 483 2552 cessat,
506 2490 680 2544 sciens
707 2507 735 2542 a
763 2489 920 2544 Patre
944 2490 1201 2543 luminum
1249 2488 1363 2541 haec
1389 2488 1528 2541 dona
1560 2490 1797 2552 venisse;
1826 2506 1857 2544 ει

280 2572 395 2626 quo
410 2572 469 2612 se
492 2560 650 2612 etiam
668 2570 849 2628 petere
869 2568 1204 2627 protestatur,
1230 2566 1285 2628 ut
1306 2558 1496 2626 quibus
1516 2556 1660 2612 dedit
1678 2560 1856 2624 tidem,

281 2641 406 2695 quae
441 2644 534 2694 per
560 2627 897 2683 dilectionem
920 2639 1199 2695 operatur,
1229 2627 1321 2680 det
1353 2628 1609 2692 Spiritum
1646 2629 1858 2696 sapien-

284 2700 372 2749 tiae
401 2705 456 2751 et
483 2697 778 2753 intellectus
806 2716 818 2750 :
848 2706 904 2752 et
928 2697 1051 2751 inde
1094 2711 1155 2751 se
1183 2697 1396 2766 Ephesii
1426 2698 1671 2751 noverint
1706 2714 1859 2753 acce-

323 2767 430 2836 isse
454 2768 596 2835 quod
646 2768 862 2832 habent,
902 2782 933 2821 a
975 2782 1082 2834 quo
1102 2767 1311 2821 discunt
1335 2780 1552 2835 sperare
1574 2766 1716 2836 quod
1750 2783 1856 2823 non

322 2834 507 2908 abeut.
538 2837 641 2890 Pro
659 2836 1091 2908 Pltilippcnsibus
1118 2850 1330 2908 quoque
1353 2834 1552 2889 Similes
1594 2834 1703 2891 Deo
1736 2852 1857 2908 gra-

283 2905 385 2976 tias
404 2907 532 2974 agit,
563 2916 616 2960 et
644 2905 888 2976 meritum
913 2922 1098 2976 eorum
1149 2906 1460 2976 laudemque
1497 2921 1602 2959 non
1642 2905 1855 2976 suppri-

282 2974 398 3033 mit.
442 2973 625 3031 dicens
648 2993 662 3031 :
688 2975 889 3030 Gratias
912 2973 1008 3044 ago
1035 2975 1140 3028 Deo
1187 2990 1295 3027 meo
1334 2973 1389 3026 in
1435 2975 1573 3027 omni
1618 2973 1857 3029 memoria

281 3045 451 3115 vestri,
475 3062 668 3115 semper
690 3048 744 3099 in
784 3047 975 3099 cunctis
1003 3044 1312 3115 orationibus
1348 3044 1471 3097 meis
1498 3060 1590 3112 pro
1626 3048 1857 3100 omnibus

280 3114 418 3167 vobis
439 3132 552 3168 cum
578 3114 764 3185 gaudio
786 3115 1184 3185 deprecationem
1214 3114 1400 3185 faciens
1434 3130 1587 3185 super
1631 3130 1857 3167 commu-

281 3133 418 3167 voois
439 3133 552 3168 cum
578 3133 764 3185 gauaio
786 3133 849 3167 ae
886 3133 1184 3168 recauonem
1214 3133 1400 3182 (amens
1434 3133 1587 3179 super
1631 3133 1854 3167 commu-

281 3185 538 3238 nicatione
571 3193 733 3238 vestra
759 3188 811 3237 in
841 3133 1138 3253 Evangelia,
1166 3199 1196 3234 a
1224 3184 1388 3251 prima
1416 3183 1674 3253 dicasque
1699 3200 1854 3249 nunc;

280 3254 542 3320 conﬁdens
567 3254 661 3307 hoc
681 3255 866 3324 ipsum,
904 3252 1131 3325 quiaqui
1158 3253 1385 3325 crepitiu
1411 3252 1591 3325 Avobis_
1610 3269 1738 3325 opus
1762 3254 1854 3306 bo-

282 3340 425 3387 num,
455 3325 675 3392 perﬁciet
703 3321 876 3391 usque
900 3321 953 3376 in
990 3324 1120 3376 diem
1150 3322 1275 3375 Jesu
1298 3322 1485 3393 Christi
1528 3321 1782 3393 (Philipp.
1812 3338 1850 3388 ι,

283 3394 317 3446 3
346 3394 429 3462 6).
453 3395 615 3461 Cujus
646 3395 730 3448 hic
750 3393 996 3447 humana:
1016 3393 1186 3446 laudis
1202 3406 1266 3446 ac
1285 3392 1457 3444 meriti
1486 3408 1627 3445 nunc
1658 3393 1711 3444 in
1734 3392 1852 3447 Deo

280 3477 439 3514 causa
467 3477 720 3532 suspensa
741 3472 826 3517 est
851 3464 908 3517 ’ξ’
933 3463 1058 3529 quid
1092 3462 1300 3532 virtutis
1325 3470 1439 3532 aut
1463 3462 1671 3529 pietatis
1698 3476 1855 3516 esce-

283 3542 432 3599 ptutn
449 3543 549 3596 est,
563 3530 708 3602 quod
732 3549 834 3586 non
862 3549 926 3586 ex
950 3533 1132 3602 gratia:
1162 3530 1649 3602 fonteproﬂuxerit,
1678 3532 1764 3585 ubi
1784 3532 1855 3585 ab

283 3603 436 3655 initio
465 3600 631 3673 usque
661 3603 724 3656 ad
754 3603 912 3657 finem
955 3600 1010 3655 et
1030 3603 1310 3673 inchoatio
1352 3609 1406 3655 et
1434 3600 1692 3673 perfectio
1729 3601 1852 3673 boni

282 3673 461 3741 operis
488 3670 707 3727 Domino
727 3672 1045 3741 deputatur?
1064 3670 1161 3725 Cui
1189 3672 1393 3741 canitur
1421 3671 1487 3725 de
1506 3671 1702 3724 sanctis
1720 3672 1852 3736 suis,

282 3739 524 3806 Domine,
551 3745 603 3795 in
633 3739 822 3797 lumine
849 3742 1016 3795 vultus
1038 3742 1112 3793 tui
1141 3739 1487 3803 ambulabunt,
1511 3750 1558 3793 et
1583 3740 1631 3793 in
1655 3742 1855 3793 nomine

283 3821 366 3863 tuo
386 3813 703 3865 exsultabant
732 3823 835 3865 tota
864 3811 945 3865 die
967 3812 1009 3874 ⁸.
1047 3820 1097 3864 et
1130 3811 1183 3863 in
1210 3820 1296 3862 tua
1328 3811 1527 3879 justitia
1554 3810 1854 3879 exultaban-

283 3890 400 3942 tur;
470 3885 707 3949 quoniam
749 3882 913 3951 gloria
968 3881 1166 3934 uirtutis
1215 3876 1390 3933 eorum
1455 3889 1511 3932 tu
1555 3896 1608 3933 es
1660 3876 1847 3948 (Psul.

285 3966 532 4009 Lxxxvnt.
553 3953 761 4020 lli-18).

353 4021 576 4077 CAPUT
617 4017 777 4076 XVII.
802 4050 876 4062 —
898 4021 990 4076 5|.
1018 4017 1471 4075 Considerandum
1496 4031 1625 4074 sane
1669 4026 1771 4080 est,
1801 4019 1854 4072 in

284 4089 384 4145 hac
408 4094 671 4147 sententia
717 4101 804 4145 tua
824 4101 1078 4160 quantum
1127 4090 1345 4157 adiuves
1390 4103 1483 4142 eos
1512 4090 1604 4160 qui
1650 4089 1852 4155 dicunt,

291 4179 311 4213 ι
333 4161 568 4216 Gratiam
595 4163 682 4215 Dei
720 4158 1010 4216 secundum
1052 4160 1236 4213 merita
1267 4166 1448 4213 nostra
1491 4158 1604 4212 dari
1630 4176 1642 4210 :
1674 4177 1694 4209 ι
1719 4173 1854 4227 quos

287 4240 486 4296 tamen,
519 4244 575 4285 ut
597 4232 873 4286 catholica:
896 4231 1020 4284 ﬁdei
1049 4228 1351 4284 defendaris
1371 4229 1698 4293 umbraculo,
1733 4243 1855 4296 pro-

285 4301 420 4354 fana!
449 4302 713 4370 opinionis
736 4316 857 4355 esse
884 4300 1176 4370 profiteris,
1193 4299 1376 4370 dicens
1396 4313 1455 4370 τι
1491 4298 1658 4352 Nemo
1675 4309 1854 4370 autem

285 4367 519 4426 aestimet
544 4371 659 4425 haec
694 4386 723 4424 a
752 4367 906 4425 nobis
928 4372 999 4424 ob
1025 4371 1126 4423 hoc
1155 4368 1318 4421 fuisse
1342 4367 1568 4437 prolata,
1616 4376 1674 4421 ut
1719 4369 1856 4420 uita.

286 4456 404 4494 mur
431 4453 690 4505 astruere,
722 4455 981 4494 summam
1006 4436 1190 4492 salutis
1209 4437 1261 4491 in
1284 4436 1479 4505 uestra:
1505 4436 1625 4490 fidei
1653 4436 1856 4492 ditione

285 4512 600 4569 consistere.
616 4504 918 4565 secundum
944 4506 1296 4579 quorumdam
1338 4504 1608 4575 profanam
1649 4508 1858 4579 Opinio-

288 4596 429 4645 nem,
461 4583 548 4650 qni
577 4589 741 4634 totum
765 4580 931 4650 libero
962 4576 1193 4637 arbitrio
1253 4576 1588 4650 deputantes,
1629 4578 1853 4650 gratiam

290 4651 377 4703 Dei
410 4644 706 4717 dispensari
730 4648 1019 4702 secundum
1042 4652 1289 4701 meritum
1323 4644 1732 4717 uniuscujusque
1761 4644 1857 4700 de-

285 4716 505 4774 finiunt.
532 4738 550 4771 ι
580 4720 684 4775 Sed
717 4721 880 4772 miror
902 4718 1071 4780 valde,
1103 4716 1371 4785 quomodo
1402 4731 1506 4768 non
1553 4716 1741 4779 vides,
1766 4724 1858 4770 aut

284 4792 352 4842 ab
369 4790 486 4843 aliis
511 4792 743 4843 arstimas
778 4804 887 4843 non
927 4787 1115 4849 videri,
1144 4786 1299 4855 quod
1329 4792 1385 4840 te
1418 4785 1590 4853 ipsum
1646 4796 1743 4855 tuo
1762 4800 1857 4841 ore

286 4859 629 4912 condemnas.
656 4858 885 4913 Dicenda
905 4858 1046 4913 enim
1064 4853 1201 4925 quod
1225 4874 1243 4906 t
1259 4853 1535 4925 Centurio,
1552 4856 1703 4924 cujus
1723 4854 1857 4910 fich

288 4927 497 4983 Domini
520 4945 647 4982 voce
669 4929 876 4982 laudata
903 4926 1221 4991 est,nnllius
1260 4924 1430 4978 laudis
1467 4935 1612 4980 esset
1653 4941 1716 4979 ac
1745 4942 1859 4980 me-

287 4999 392 5063 riti,
425 5003 468 5051 si
498 5000 545 5054 id
580 5001 630 5053 in
656 5015 721 5053 eo
755 5000 910 5061 Deus,
939 4997 1080 5065 quod
1110 4996 1224 5064 ipse
1250 4995 1562 5058 donaverat,
1591 4996 1857 5063 prmtulis-

287 5078 368 5122 set
392 5087 405 5120 :
434 5089 452 5120 ι
480 5071 706 5124 definisti
728 5068 1105 5123 Ceutnrionem
1130 5066 1278 5118 illttm
1302 5081 1406 5119 non
1428 5066 1676 5119 donatam
1700 5067 1855 5121 Iidem

290 5137 560 5202 habuisse,
592 5139 684 5193 sed
711 5140 996 5206 propriam,
1027 5151 1090 5188 ac
1120 5134 1339 5203 perinde
1362 5136 1490 5206 nihil
1518 5136 1633 5204 ejus
1658 5137 1857 5205 princi-

290 5207 387 5273 piis
409 5210 656 5261 collatum
686 5205 844 5261 fuisse
864 5223 957 5275 per
977 5206 1230 5277 gratiam;
1257 5206 1316 5277 in
1344 5205 1527 5259 eadem
1559 5214 1735 5259 autem
1755 5206 1859 5260 fide

287 5291 499 5331 causam
530 5280 690 5332 fuisse
711 5286 766 5332 et
792 5276 961 5330 laudis
986 5275 1051 5331 et
1092 5275 1291 5339 meriti,
1338 5289 1563 5344 quorum
1610 5289 1856 5328 neutrum

292 5345 526 5411 haberet,
563 5350 606 5402 si
635 5349 706 5409 id.
737 5349 821 5401 cui
848 5354 903 5400 et
937 5346 1050 5400 laus
1070 5345 1291 5399 debetur
1314 5356 1368 5399 et
1387 5347 1653 5407 meritum,
1683 5345 1859 5397 Domi-

290 5431 388 5467 nus
414 5419 742 5472 contulisset.
795 5416 1013 5471 Frustra
1051 5430 1202 5485 ergo,
1240 5424 1296 5469 ut
1330 5415 1580 5469 invidiam
1621 5414 1858 5467 damnati

351 5542 368 5571 ¹
401 5542 474 5590 sic
512 5548 591 5590 Iis.
625 5542 761 5590 Corb.
794 5546 846 5589 et
883 5539 1029 5589 editio
1050 5546 1172 5601 Mog.
1207 5545 1263 5589 At
1283 5539 1578 5601 posteriores
1600 5536 1858 5594 editiones,

351 5603 425 5649 ius
445 5603 651 5649 huimnu
673 5601 831 5649 tamus
852 5614 910 5649 ac
927 5601 1085 5649 meriti
1105 5614 1199 5649 non
1220 5599 1299 5649 hic
1320 5614 1466 5649 causa
1486 5610 1720 5649 siti-'ensa
1737 5605 1822 5649 est.

287 5603 425 5664 cuius
445 5603 651 5651 auinam
673 5601 831 5651 lautus
852 5614 910 5650 ac
927 5601 1085 5651 meriti
1105 5614 1199 5649 non
1220 5601 1299 5649 hic
1320 5614 1466 5651 causa
1486 5610 1720 5652 sur“er
1737 5605 1822 5651 est.

350 5664 371 5695 τ
401 5666 537 5713 (ττι).
577 5673 626 5715 et
647 5672 763 5727 Mog.
788 5665 1033 5727 omittunt“,
1056 5670 1151 5713 tota
1174 5660 1271 5712 die.

1436 288 1637 345 LIBER
1674 287 1945 347 CONTRA
1984 293 2463 355 COLLATOREM.

3429 314 3565 372 I826

1983 411 2181 492 erroris
2208 412 2421 492 evadas,
2446 428 2703 471 summam
2729 416 2914 492 salutis
2936 435 3096 490 negas
3127 421 3177 475 in
3203 422 3322 479 fide.
3350 434 3551 484 nostr.e

1986 480 2186 555 diiione
2241 484 2537 538 consistere
2570 500 2723 541 :cnm
2764 490 2906 542 omni
2972 480 3130 545 niodo
3176 496 3319 548 salus
3359 480 3558 555 nisiﬂeﬁx

1989 549 2951 640 iidenessenonpossitalustpspnim
2973 575 3035 614 ex
3067 561 3171 615 fide
3210 564 3338 640 vivit
3362 549 3543 640 (uti;

1985 634 2021 681 ι,
2052 621 2159 701 i7_).
2182 620 2672 701 Quoniaiit-Veriias
2699 627 2845 691 dicit,
2876 630 3051 692 Amen,
3082 648 3225 685 auten
3248 620 3547 701 dico‘vobis,

1911 748 1918 755 υ
1982 691 2217 771 quoniam
2238 692 2323 771 qui
2343 694 2483 771 audit
2504 697 2703 749 verbum
2735 714 2900 771 meum
2914 709 2960 752 et
2985 691 3138 753 credit
3160 701 3211 754 in
3233 720 3346 756 eum
3373 709 3459 771 qui
3477 691 3554 762 me

1982 760 2135 840 niifit,
2169 762 2313 840 habet
2339 765 2487 840 vitam
2516 776 2772 840 (etei-nant,
2807 777 2853 820 et
2883 769 2935 840 in
2956 771 3215 840 judicium
3234 789 3334 827 non
3377 760 3553 840 ueniet,

1983 788 2135 825 "tu",
2169 788 2313 813 uuur't
2339 788 2487 815 vuum
2516 788 2772 827 (uernam,
2807 788 2853 820 ει
2883 788 2935 821 m
2993 788 3215 823 uaicmm
3234 789 3334 827 non
3377 790 3553 840 venirt,

1980 828 2069 882 sed
2094 831 2321 911 transibit
2346 833 2410 885 de
2444 845 2603 887 marte
2630 837 2681 911 in
2726 788 3091 911 vitamllloan.
3124 858 3173 905 v,
3199 841 3289 911 24)
3329 861 3342 897 :
3370 854 3422 896 ct
3462 856 3557 900 tte-

1980 913 2120 982 ruin,
2148 899 2279 982 Lit-ec
2307 912 2570 982 estautem
2597 907 2828 982 voluntas
2862 899 3031 982 Putris
3059 899 3174 982 mei,
3201 922 3254 963 ut
3271 899 3446 965 [omnis
3471 899 3556 982 qui

1978 968 2108 1023 videt
2141 968 2403 1046 Filiumet
2430 973 2586 1026 credit
2615 976 2678 1046 iu
2707 992 2837 1040 eum,
2871 977 3047 1030 habeat
3089 968 3240 1032 vitam
3280 968 3554 1046 cateruam,-

1978 1047 2023 1121 ει
2043 1055 2132 1109 ego
2161 1042 2446 1121 resiiscitem
2472 1059 2583 1095 eum
2606 1045 2657 1096 in
2681 1046 2946 1121 novissimo
2967 1049 3048 1101 die
3079 1047 3187 1117 (Id.
3222 1066 3290 1111 vt,
3325 1052 3417 1121 40)
3451 1071 3465 1107 :
3496 1042 3550 1107 et

1977 1108 2190 1187 iterum,
2227 1109 2348 1163 Iltec
2376 1121 2449 1187 est
2489 1122 2655 1165 autem
2690 1116 2788 1166 vita
2826 1126 3034 1181 caterua,
3078 1108 3132 1187 ut
3159 1108 3459 1187 cognosca'nt
3509 1136 3556 1176 te

1975 1180 2140 1251 solum
2182 1194 2350 1232 verum
2396 1180 2577 1251 Deum,
2606 1193 2654 1236 et
2682 1201 2824 1251 quem
2875 1180 3054 1240 misisti
3080 1180 3257 1242 Iesum
3299 1189 3551 1245 Christum

1976 1246 2100 1326 (_l_d.
2130 1264 2255 1326 xvii.
2384 1248 2515 1326 Cum
2550 1246 2731 1326 itaque
2750 1254 2868 1307 huic
2900 1257 3229 1326 fidei,_quatn
3277 1260 3396 1314 ideo
3432 1278 3545 1317 me-

1974 1317 2090 1393 ritis
2117 1327 2170 1370 et
2192 1317 2436 1393 Iindibns
2469 1317 2757 1387 honorasti,
2783 1326 2900 1393 quia
2934 1317 3103 1379 mavis
3146 1345 3261 1382 eam
3296 1331 3435 1384 inter
3483 1333 3542 1384 li-

1974 1385 2083 1441 beri
2127 1387 2333 1465 arbitrii
2372 1391 2525 1453 hona,
2556 1408 2712 1465 quant
2749 1385 2895 1448 initer
2932 1395 3021 1449 Dei
3072 1396 3209 1451 dona
3254 1402 3542 1465 numerari,

1971 1466 2223 1535 aeternam
2256 1459 2566 1535 beatamque
2596 1463 2754 1535 vitam
2780 1473 2986 1535 constet
3008 1480 3129 1521 esse
3148 1482 3497 1535 praeparatam
3524 1459 3539 1504 ί

1970 1528 2237 1608 quomodo
2258 1528 2356 1609 hoc
2380 1530 2565 1582 vulnus
2601 1531 2913 1609 declinahis,
2939 1550 3047 1609 quo
3080 1547 3129 1609 te
3148 1528 3274 1609 ipset
3288 1539 3540 1609 conligis,

1970 1598 2360 1676 pronuntiando
2397 1613 2490 1676 eos
2538 1599 2809 1676 profanos,
2839 1598 3204 1676 quiigratiam
3246 1598 3544 1676 dispensari

1968 1667 2273 1739 secundum
2308 1669 2496 1739 merita
2553 1670 2776 1725 humana
2818 1667 3102 1739 deliniant;
3156 1686 3209 1729 et
3248 1667 3543 1732 asserenda

1967 1736 2106 1814 quod
2139 1751 2235 1814 nec
2266 1738 2485 1814 laudem-
2511 1748 2720 1814 constet
2757 1741 2973 1814 habere
2996 1736 3097 1814 nec
3126 1747 3369 1800 meritum
3417 1763 3535 1813 cos,

1966 1807 2055 1887 qui
2082 1806 2313 1887 ex‘dono
2353 1809 2535 1877 gratia:
2561 1810 2667 1887 sint
2706 1810 2923 1887 fideles?
2945 1806 3383 1887 Quo'quoversum
3410 1806 3538 1887 ergo

1969 1884 2021 1929 te
2040 1875 2308 1946 conferas,
2353 1875 2382 1929 ει
2413 1879 2691 1946 temetipso
2733 1890 2788 1935 et
2834 1875 3167 1943 vincErisCet
3196 1886 3433 1940 vinciris.
3471 1875 3541 1942 Si

1964 1944 2106 1998 enim
2151 1947 2372 2019 gratiam
2415 1944 2618 2019 merita
2648 1965 2751 2001 non
2794 1951 3119 2019 prtecedunt,
3164 1965 3219 2007 et
3263 1955 3396 2009 fides
3434 1972 3538 2009 non

1966 2023 2137 2082 potest
2159 2030 2279 2092 esse
2305 2016 2421 2092 sine
2449 2016 2671 2092 meritis;
2694 2016 2844 2092 Alides
2864 2021 3086 2092 gratiam
3104 2016 3221 2092 'non
3255 2026 3532 2092 praecedit,

1965 2084 2179 2137 ctmnni
2211 2084 2369 2159 modo
2392 2099 2458 2137 ex
2491 2084 2659 2159 gratia
2693 2084 2914 2159 habetur
2936 2090 2973 2151 ί,
3008 2084 3267 2159 quidquid
3292 2094 3418 2148 illud
3451 2084 3537 2149 est

1963 2167 2030 2275 ﬁt:
2059 2169 2162 2221 quo
2184 2156 2428 2207 meritum
2451 2155 2702 2219 nascitur,
2725 2156 2866 2226 quod
2898 2155 3271 2230 antegr.itiatn
3306 2180 3410 2217 non
3440 2164 3534 2219 ha-

2000 2233 2135 2275 etur.

2000 2233 2135 2276 etur.

2033 2290 2255 2364 CAPUT
2290 2291 2483 2364 XVIII.
2514 2323 2585 2333 —
2609 2293 2699 2347 52.
2744 2294 2813 2350 Ut
2843 2295 2998 2364 igitur
3022 2297 3390 2355 definitionum
3421 2311 3540 2358 tua-

1962 2378 2078 2434 rum
2107 2362 2405 2434 absurditas
2426 2379 2529 2416 non
2552 2365 2649 2417 sibi
2674 2362 2966 2434 repugimre
2994 2369 3250 2432 videatur,
3281 2371 3536 2428 inconve-

1961 2432 2156 2486 nientia
2205 2433 2427 2485 miscere
2473 2432 2746 2498 conaris,'
2783 2444 2838 2488 ct
2882 2438 3133 2491 unitatem
3173 2441 3532 2496 nwmbrorum

1961 2502 2201 2570 corporis
2241 2501 2436 2573 Christi
2482 2502 2532 2555 in
2560 2503 2764 2557 dnolms
2792 2510 3073 2573 generibus
3122 2507 3354 2564 ﬁdelium
3392 2529 3541 2565 nova-

1963 2571 2370 2650 pra‘sumptione
2406 2573 2687 2650 constituis
2718 2571 2837 2650 :_in_
2863 2577 3350 2650 uno__scilicet,_ad
3390 2581 3530 2650 quod

1960 2638 2220 2709 pertineat
2245 2638 2391 2713 illud,
2416 2640 2555 2710 quod
2588 2642 2637 2695 in
2674 2645 2931 2713 principio
2956 2646 3132 2700 dixisd
3151 2660 3165 2697 :
3185 2666 3203 2699 ι
3225 2638 3339 2703 Non
3363 2638 3536 2705 solum

1959 2720 2190 2773 actuum,
2213 2710 2307 2764 sed
2324 2711 2481 2764 etiam
2507 2710 2882 2780 cogitationum
2913 2715 3168 2770 bonarum
3192 2731 3257 2771 ex
3289 2718 3400 2772 Deo
3416 2736 3538 2775 esse

1961 2780 2313 2850 principium;
2355 2781 2444 2850 qui
2472 2791 2526 2835 et
2550 2783 2728 2849 incipit
2769 2799 2885 2850 qua:
2932 2785 3068 2838 bona
3112 2797 3252 2851 sunt,
3303 2797 3357 2842 et
3379 2806 3534 2844 exse-

1958 2852 2139 2920 quitur
2160 2859 2214 2904 et
2248 2861 2581 2921 consummat
2604 2852 2659 2906 in
2701 2852 2884 2917 nobis;
2923 2871 2942 2905 ι
2979 2855 3028 2908 in
3063 2854 3168 2909 alio
3199 2866 3396 2921 autem,
3444 2860 3534 2913 cui

1958 2929 2212 2989 congruat
2250 2920 2427 2989 regula
2472 2920 2591 2983 ista,
2640 2936 2742 2989 qna
2788 2923 2988 2976 diciszc
3018 2920 3393 2982 Centurionem
3435 2944 3535 2984 nec

1960 2988 2167 3060 laudem
2199 2988 2358 3060 ullam
2387 2988 2688 3060 habiturum
2731 2991 2912 3056 fuisse,
2954 3008 3054 3046 nec
3099 2996 3365 3060 meritum,
3407 2999 3451 3051 si
3483 3000 3532 3052 id

1960 3058 2011 3132 i_n
2040 3074 2104 3132 eo
2137 3059 2588 3132 Dominus,__quod
2621 3060 2741 3132 ipse
2778 3060 3086 3128 donaverat,
3132 3058 3469 3132 praetulisset.
3506 3087 3528 3120 ι

1965 3127 2030 3180 Et
2054 3127 2174 3180 licet
2207 3136 2373 3179 totum
2405 3125 2776 3193 diSputationis
2802 3138 2904 3181 tum
2934 3125 3147 3184 ιοιιιὶηῐ
3181 3134 3247 3186 ad
3282 3137 3375 3187 has
3402 3136 3534 3191 duas

1958 3195 2239 3272 hirmulas,
2274 3210 2392 3264 quae
2417 3197 2560 3250 nullo
2594 3196 2772 3272 modo__
2794 3199 3092 3272 conformes
3133 3214 3355 3272 possunt
3391 3221 3533 3270 esse,

1960 3264 2270 3340 produxeris
2295 3279 2310 3340 ς
2358 3280 2499 3340 nunc
2520 3275 2692 3319 tamen
2722 3266 3018 3340 distinctius
3046 3264 3203 3340 atqbe
3229 3264 3536 3340 expressius

1958 3334 2083 3404 quid
2114 3336 2342 3390 volueris
2372 3334 2582 3388 firmare
2612 3339 2938 3404 pronuntias,
2968 3334 3182 3394 dicens:
3221 3359 3240 3392 ι
3278 3334 3377 3397 Per
3417 3342 3532 3398 hate

1958 3403 2118 3477 igitur
2143 3403 2404 3477 exempla.
2426 3420 2547 3477 qua:
2568 3404 2637 3461 de
2657 3409 2974 3477 evangelicis
3004 3410 3322 3477 protulimus
3345 3408 3531 3467 monu-

1959 3476 2174 3547 meutis,
2208 3475 2601 3547 evidentissima
2630 3475 2920 3547 poterimus
2962 3475 3258 3543 advertere,
3307 3483 3532 3538 diversis

1956 3554 2114 3613 atque
2139 3545 2429 3598 innumeris
2456 3545 2703 3601 modis‘et
2745 3548 3171 3604 inscrutabilibos
3214 3551 3314 3607 viis
3362 3553 3526 3608 Deum

1959 3617 2178 3689 salutem
2210 3615 2421 3689 humani
2458 3619 2675 3689 generis
2719 3632 3004 3683 procurare
3046 3636 3060 3673 :
3093 3629 3148 3673 et
3185 3623 3532 3689 quorumdam

1958 3687 2168 3757 quidem
2197 3686 2482 3757 volentium
2504 3701 2565 3738 ac
2592 3686 2881 3757 sitientium
2922 3703 3134 3742 cursum
3166 3686 3232 3744 ad
3274 3692 3529 3757 majorem

1961 3755 2181 3809 incitare
2231 3753 2588 3823 flagrantiam;
2632 3754 2887 3822 quoniam
2929 3771 3059 3810 vero
3088 3760 3243 3812 etiam
3291 3753 3533 3817 nolentes

1960 3824 2255 3893 invitusque
2279 3823 2601 3897 compellere
2633 3840 2645 3874 :
2678 3835 2731 3897 et
2753 3839 2900 3897 nunc
2927 3826 3158 3897 quidem,
3192 3836 3249 3881 ut
3275 3831 3532 3897 implean-

1960 3901 2044 3965 tur
2073 3909 2156 3959 ea,
2202 3907 2320 3960 «pne
2350 3893 2546 3945 utiliter
2575 3910 2602 3944 ιι
2645 3894 2795 3965 nobis
2828 3894 3123 3965 desiderata
3162 3893 3530 3965 conspexerit,

1959 3964 2247 4031 adjuvare;
2303 3976 2443 4016 nunc
2486 3977 2610 4015 vero
2636 3963 2793 4015 etiam
2849 3964 3012 4031 ipsius
3063 3967 3239 4021 sancti
3280 3963 3529 4024 desiderii

1959 4033 2220 4101 inspirare
2255 4031 2530 4104 principia,
2569 4032 2732 4104 etve_l
2779 4033 2984 4104 initium
3036 4034 3156 4088 boni
3200 4038 3396 4104 operis,
3442 4042 3530 4095 vel

1962 4100 2404 4173 perseverantiam
2432 4102 2650 4155 donare.
2688 4100 2834 4173 Inde
2860 4112 2942 4156 est
2968 4104 3109 4173 quod
3141 4100 3389 4172 orantes,
3426 4125 3529 4163 non

1958 4173 2128 4226 solum
2156 4180 2511 4240 protectorem
2542 4172 2959 4242 acsalvatox'em,
2992 4172 3095 4227 sed
3126 4176 3283 4229 etiam
3317 4177 3530 4242 adjutu-

1959 4257 2073 4296 rem
2099 4256 2162 4296 ac
2188 4251 2544 4312 susceptorcm
2591 4241 2870 4295 Dominum
2920 4245 3325 4312 proclatnamus.
3379 4241 3435 4301 In
3464 4265 3532 4301 eo

1959 4313 2100 4383 enim
2130 4310 2268 4383 quod
2292 4312 2441 4383 prior
2464 4311 2706 4383 advocat,
2735 4320 2789 4366 et
2814 4310 3114 4382 ignorantes
3136 4328 3232 4367 nos
3258 4325 3417 4383 atque
3444 4318 3527 4371 in-

1960 4382 2096 4436 vitos
2112 4381 2322 4435 attrahit
2341 4382 2405 4435 ad
2424 4382 2669 4452 salutem,
2696 4381 2959 4449 protector
2970 4394 3128 4452 atque
3153 4381 3383 4438 salvator
3408 4398 3488 4440 est
3513 4404 3527 4440 :

1962 4451 2014 4521 in
2042 4467 2108 4504 eo
2132 4461 2305 4504 autem
2332 4451 2473 4521 quod
2507 4451 3045 4505 annitentibus‘nobis
3069 4467 3224 4521 opem
3253 4454 3411 4520 ferre,
3440 4472 3529 4510 re-

1960 4519 2323 4591 fugientesque
2349 4519 2618 4591 suscipere
2663 4534 2726 4574 ac
2761 4524 2969 4575 munire
3005 4519 3311 4590 cons-uexit,
3350 4519 3531 4581 susce-

1963 4590 2082 4661 pIOr
2105 4605 2166 4661 ac
2180 4590 2455 4661 refugium
2475 4590 2796 4661 nominatur.
2837 4609 2857 4642 ι

2033 4661 2121 4715 55.
2152 4660 2258 4714 llac
2272 4675 2402 4731 ergo
2426 4659 2746 4731 dist-retione
2770 4661 3071 4730 przescripta
3086 4663 3206 4726 erit,
3240 4673 3297 4717 nt
3316 4664 3531 4731 defiuis,

1961 4729 2014 4783 in
2036 4746 2139 4784 una
2164 4729 2394 4783 Ecclesia
2425 4730 2521 4783 ista
2547 4729 2847 4787 diversitas.
2876 4742 2932 4785 ut
2961 4729 3210 4786 Dominus
3241 4744 3420 4787 noster
3443 4729 3530 4790 Jeé

1962 4814 2053 4853 sus
2089 4799 2348 4868 Christus,
2401 4798 2469 4853 de
2496 4815 2600 4868 quo
2641 4800 2837 4854 dictum
2877 4811 2978 4865 est,
3028 4801 3095 4855 Et
3120 4802 3315 4856 vocabis
3355 4820 3532 4858 nomen

1962 4870 2072 4940 ejus
2088 4867 2300 4942 Iesum;
2344 4868 2603 4942 ipseenim
2622 4869 2818 4942 saluum
2841 4871 2992 4942 faciet
3030 4871 3270 4942 populum
3311 4889 3459 4927 suum
3501 4891 3534 4927 α

1964 4936 2179 5020 peccatis
2205 4936 2373 5020 eorum
2389 4936 2606 5020 .(M-atth.
2639 4955 2676 5001 ι,
2699 4936 2852 5020 2ης
2880 4936 3049 5020 et‘de'.
3068 4936 3172 5009 quo
3198 4941 3531 5020 dictumest,

1965 5007 2077 5083 Nec
2101 5009 2232 5061 enim
2259 5018 2328 5060 est
2349 5007 2488 5060 aliud
2522 5025 2703 5083 nomen
2731 5007 2829 5083 sub
2855 5010 2978 5083 caelo
3015 5007 3205 5083 daium
3228 5012 3533 5083 hominibus,

1963 5079 2016 5149 in
2041 5094 2139 5147 quo
2160 5087 2384 5149 oporteat
2405 5095 2494 5132 nos
2523 5078 2822 5149 salvosﬁeri
2854 5078 2988 5149 (Act.
3020 5094 3097 5145 tv,
3127 5079 3215 5149 i2)
3243 5096 3257 5143 ;
3291 5099 3393 5136 non
3421 5078 3535 5137 om:

1965 5147 2113 5221 nium
2136 5148 2579 5207 Christianorum,
2610 5147 2702 5200 sed
2725 5147 3071 5221 quorumdam
3101 5147 3354 5216 salvator,
3398 5169 3531 5221 quo-

1964 5220 2207 5271 rntndam
2259 5234 2385 5271 vero
2427 5227 2705 5285 susceptor
2747 5217 2855 5274 sit:
2882 5227 2936 5271 ιιι
2978 5220 3028 5273 hi
3075 5230 3273 5273 tantum
3322 5217 3531 5284 salvati,

1964 5302 2096 5355 quos
2123 5288 2189 5342 ad
2212 5287 2593 5357 suscipiendam
2621 5287 2844 5356 gratiam
2895 5290 3033 5345 Deus
3073 5306 3286 5343 aversos
3327 5291 3347 5321 ²
3387 5290 3531 5343 ιεΙιιο

1965 5367 2277 5426 ctantesque
2303 5356 2657 5428 compulerit;
2686 5356 2739 5411 hi
2779 5367 2957 5414 autem
3003 5360 3231 5428 suscepti
3272 5360 3398 5422 sint,
3442 5360 3536 5428 qui

1966 5428 2293 5482 vocationem
2335 5427 2612 5495 spontanei
2651 5441 2838 5491 cursus
2885 5430 3094 5484 fervore
3143 5427 3533 5498 piamencrint:

2030 5598 2047 5662 ξ
2081 5596 2216 5662 cori).
2244 5604 2295 5646 et
2317 5602 2461 5660 Mog,
2483 5608 2573 5662 pro
2593 5599 2753 5662 gratia
2774 5598 2991 5650 habetur.

2028 5658 2050 5689 ⁸
2080 5658 2218 5706 carl).
2246 5669 2297 5707 et
2312 5658 2453 5722 Mog,
2476 5658 2716 5712 adversas.
