4000 6186
295 343 428 400 1337

289 457 435 515 nulla
474 461 544 516 sit
570 458 709 532 apud
756 458 922 512 Deum
954 457 1202 532 iniipiitas
1232 457 1297 528 (Il
1332 458 1450 532 Par.
1486 473 1572 512 six
1601 459 1702 532 ,_7)
1724 473 1878 532 ,Δῃο-

291 532 420 585 mini
447 528 910 600 liceat'ignorare;
942 544 1042 584 nec
1082 530 1184 582 alia
1227 530 1394 598 gratia
1417 570 1432 592 ,
1475 538 1565 581 aut
1592 528 1694 600 alia
1735 528 1836 580 ﬁde
1859 568 1874 594 ,

289 616 608 670 quemquam
636 597 931 663 hominum,
953 601 1066 654 sive
1089 609 1211 653 ante
1239 597 1562 670 legem,sive
1591 597 1725 666 legis
1746 608 1878 670 tem-

292 667 825 740 pore,'justiﬁcatum
866 669 1371 740 essecrcdendunr
1408 669 1510 732 sit,
1534 683 1723 740 _qu_am
1779 667 1880 721 hac

290 735 512 804 eadem]
559 755 653 810 per
679 756 838 810 quam
868 739 1120 794 Dominus
1145 747 1328 793 noster
1345 738 1498 810 lesus
1523 735 1767 810 Christus
1793 748 1879 791 se-

292 811 518 864 cundum
561 806 844 865 consilium
875 810 1160 863 voluntatis
1188 824 1318 870 suae,
1348 808 1399 861 in
1432 806 1535 860 ﬁne
1559 806 1876 860 smculorum

291 879 433 933 venit
467 895 709 949 quatrere
743 889 798 934 et
824 879 1035 934 salvare
1057 879 1198 948 quod
1219 878 1474 949 perierat.
1507 875 1706 949 Causas
1751 890 1880 930 vero

288 946 509 1018 operum
539 959 592 1004 et
616 949 932 1016 judiciorum
953 946 1172 1017 Dei,'qui
1189 964 1257 1004 ex
1275 957 1385 1001 totc
1412 947 1478 1018 ad
1506 946 1764 1018 humanas
1780 962 1877 1000 vo-

291 1015 517 1072 luntates
544 1028 598 1072 et
619 1015 858 1073 actiones
886 1018 1071 1083 refert,
1093 1015 1224 1087 quas
1249 1027 1423 1071 tamen
1453 1017 1505 1070 in
1538 1015 1875 1087 parvulorum

288 1087 574 1156 adoptione
594 1130 609 1152 ,
637 1099 722 1142 aut
752 1088 1085 1143 abdicatione
1113 1084 1219 1141 non
1250 1088 1487 1152 invenit,
1518 1084 1574 1140 et
1592 1084 1874 1154 dispensa-

290 1155 464 1212 tiones
489 1159 580 1213 Dei
606 1173 672 1212 ex
705 1159 858 1212 liberi
894 1157 1096 1211 arbitrii
1124 1158 1234 1211 vult
1263 1157 1613 1211 mutabilitate
1641 1155 1831 1209 variari
1857 1197 1872 1222 ,

290 1228 568 1295 proﬁtetur
605 1229 707 1282 sibi
737 1228 1039 1282 scrutabilia
1087 1227 1275 1291 judicia
1317 1227 1413 1280 Dei
1458 1235 1511 1279 et
1539 1226 1876 1295 vestigabiles

289 1297 404 1350 vias
441 1299 590 1364 ejus;
619 1306 671 1350 et
700 1297 838 1363 quod
864 1297 1052 1351 doctor
1076 1296 1323 1350 Gentium
1356 1297 1548 1349 Paulus
1575 1311 1677 1348 non
1707 1296 1876 1349 aude-

289 1366 379 1419 bat
400 1368 660 1435 attingere
695 1365 872 1433 (Rom.
903 1381 958 1420 ιι
976 1406 993 1431 ,
1024 1367 1114 1434 33)
1135 1407 1149 1429 ,
1181 1367 1264 1420 hic
1290 1381 1346 1418 se
1371 1367 1637 1435 existimat
1664 1381 1873 1419 resera-

289 1444 400 1487 tum
442 1434 600 1503 posSe
624 1436 884 1505 vulgare;
916 1435 1164 1505 quodque
1192 1451 1297 1488 non
1325 1436 1546 1505 minoris
1591 1434 1875 1502 impietatis

288 1512 403 1566 est,
435 1497 601 1572 ipsam
621 1497 881 1571 graliam',
914 1497 1016 1572 qua
1044 1497 1314 1558 solvamur
1332 1545 1346 1568 ,
1374 1512 1466 1558 aut
1489 1504 1644 1558 bonis
1668 1497 1874 1560 meritis

288 1574 448 1628 docet
475 1575 713 1643 rependi,
737 1583 828 1628 aut
847 1573 1002 1628 malis
1023 1573 1254 1628 aflirmat
1275 1575 1465 1644 arceri.
1497 1574 1724 1627 Remoto
1744 1589 1872 1644 ergo

287 1644 632 1698 obscurarum
657 1645 867 1698 turbine
885 1644 1256 1713 qumstionum,
1282 1643 1347 1697 ad
1371 1645 1617 1697 revelata:
1639 1660 1733 1698 nos
1751 1643 1872 1711 gra-

289 1713 376 1764 tiac
405 1713 735 1767 latitudinem
781 1714 1152 1776 conferamus;
1199 1713 1546 1782 dicamusque
1573 1727 1691 1766 com
1725 1717 1870 1780 Apo-

286 1782 426 1836 stolo
444 1822 460 1848 ,
496 1783 747 1848 Quoniam
771 1782 906 1836 Deus
934 1783 1038 1836 vult
1076 1799 1246 1836 euntes
1274 1783 1500 1836 homines
1537 1783 1702 1836 salvos
1724 1783 1832 1850 [ieri
1853 1824 1869 1849 ,

286 1861 333 1904 et
365 1852 418 1904 in
439 1853 743 1923 agnitionem
775 1854 998 1907 veritatis
1024 1853 1192 1923 venire
1214 1851 1254 1923 (1
1289 1851 1419 1905 Tim.
1452 1868 1487 1905 ιι
1507 1892 1520 1915 ,
1554 1852 1609 1919 4)
1643 1869 1656 1904 :
1689 1859 1746 1905 et.
1770 1853 1870 1906 ile-

288 1935 406 1974 rum
425 1921 664 1975 dicamus
684 1938 818 1978 com.
833 1922 1088 1991 Apostolo
1106 1963 1120 1983 ,
1153 1921 1254 1986 Qui
1274 1932 1346 1975 est
1365 1923 1588 1974 salvator
1607 1923 1829 1974 omnium
1852 1963 1868 1988 ,

285 1992 508 2061 maxime
540 1993 768 2059 ﬁdelium
791 1991 899 2060 (Id.
933 2007 1018 2059 tv,
1053 1991 1164 2061 10).
1196 1991 1263 2046 Ει
1288 1991 1565 2045 audiamus
1592 1991 1870 2044 Dominum

285 2059 551 2115 dicentem
571 2063 839 2131 Apostolis
865 2064 998 2127 suis,
1019 2059 1212 2131 Euntes
1237 2077 1356 2130 ergo
1376 2061 1548 2131 docete
1569 2076 1738 2131 attines
1752 2077 1874 2129 gen-

288 2139 361 2182 tes
382 2172 396 2194 ,
440 2128 748 2201 baptizantes
768 2149 852 2186 eos
871 2133 926 2185 in
945 2131 1147 2185 nomine
1167 2128 1340 2184 Patris
1365 2141 1412 2184 et
1434 2129 1558 2201 Filii
1569 2139 1626 2201 et
1647 2128 1872 2201 piritus

284 2202 468 2265 sancti,
497 2198 726 2256 docentes
746 2219 830 2255 eos
854 2203 869 2234 ¹
899 2216 1224 2270 quotcumque
1243 2200 1479 2270 mandavi
1498 2199 1632 2270 vobis
1654 2198 1867 2268 (Matth.

285 2284 451 2350 ιξνιιι
473 2312 488 2336 ,
523 2272 591 2326 19
610 2267 1090 2350 ,j.’(_))._.Audiam_us
1117 2267 1328 2350 quoque
1355 2267 1426 2350 ad.
1447 2269 1712 2350 Abraham
1743 2283 1871 2337 pro-

286 2340 598 2396 missionem
626 2339 988 2402 Dei'dicentis,
1009 2339 1076 2394 In
1090 2339 1277 2394 semine
1296 2349 1382 2392 tuo
1409 2339 1758 2392 benedicentur
1773 2355 1876 2391 om-

284 2424 375 2463 nes
411 2412 569 2464 tribus
595 2420 742 2464 terra:
771 2408 919 2479 (Gen.
946 2423 1062 2463 χχιι
1083 2449 1098 2473 ,
1128 2407 1240 2479 l8).
1269 2409 1335 2462 Et
1362 2408 1405 2462 si
1436 2407 1535 2479 lilii
1558 2408 1871 2475 promissio-

283 2479 369 2532 nis
396 2494 602 2546 sumus,
631 2495 735 2534 non
767 2477 1074 2534 l'ncsitemus
1099 2478 1414 2542 diflidentia,
1445 2477 1540 2532 sed
1573 2493 1694 2532 cum
1725 2487 1871 2546 patre

284 2558 474 2603 nostro
505 2550 771 2604 Abraham
799 2549 990 2603 demus
1031 2549 1252 2615 gloriam
1285 2550 1390 2603 Deo
1411 2589 1427 2614 ,
1471 2557 1526 2601 et
1567 2548 1871 2615 plenissime

284 2564 474 2603 nostro
505 2564 771 2604 Abraham
799 2564 990 2603 uemus
1019 2564 1252 2671 gloriam
1285 2564 1390 2603 ueo
1411 2589 1427 2614 ,
1471 2564 1526 2601 ei.
1567 2564 1871 2615 plenissime

282 2619 600 2684 credamus,
632 2620 882 2688 Quoniam
902 2633 1018 2688 quo
1085 2618 1361 2688 promisit,
1394 2625 1582 2688 potens
1607 2627 1764 2688 estet
1795 2618 1872 2671 fa-

283 2701 408 2742 cere
433 2689 610 2758 (Rom.
641 2687 726 2752 tv,
755 2687 828 2742 9.0
847 2729 862 2752 ,
887 2687 1005 2756 2i).
1034 2687 1328 2741 Audiamus
1357 2687 1518 2740 David
1551 2687 1870 2758 prophetau-

285 2766 394 2810 tem
416 2756 991 2822 ,Conunemorabuntur
1009 2799 1024 2821 ,
1056 2766 1102 2810 et
1128 2766 1474 2810 convertentur
1498 2756 1567 2809 ad
1600 2756 1870 2811 Dominum

282 2828 501 2880 universi
528 2829 654 2896 ﬁnes
681 2838 859 2893 terras,
891 2838 936 2881 et
965 2827 1246 2880 adorabunt
1266 2827 1319 2880 in
1346 2835 1614 2895 conspectu
1634 2827 1742 2894 ejus
1762 2844 1870 2880 om-

281 2912 372 2949 nes
398 2895 576 2965 patria
598 2900 821 2968 gentium
849 2896 1018 2968 (Psal.
1050 2912 1142 2950 XXI
1165 2937 1178 2956 .
1209 2897 1304 2967 ‘28)
1338 2914 1351 2949 :
1383 2905 1439 2951 et
1465 2897 1625 2959 alibi,
1654 2895 1872 2968 Benedi-

281 2977 457 3037 centur
481 2968 533 3021 in
555 2967 666 3037 ipso
690 2984 862 3022 omnes
891 2967 1047 3020 tribus
1071 2976 1218 3021 terra:
1235 3009 1250 3031 ,
1282 2983 1453 3037 omnes
1478 2977 1645 3037 gentes
1673 2967 1870 3037 magni-

283 3036 506 3103 ﬁcabunt
534 3036 646 3091 eum
677 3037 846 3106 (Psal.
878 3051 1000 3091 LXII
1023 3077 1038 3101 ,
1069 3037 1157 3105 17)
1194 3053 1208 3087 :
1241 3045 1294 3089 et
1336 3036 1495 3106 alibi,
1532 3036 1716 3089 Omnes
1741 3036 1867 3106 gen-

284 3115 358 3190 tes
376 3123 712 3190 quascumque
732 3107 893 3190 [εἱειειιὶ
913 3147 928 3171 ,
959 3107 1188 3169 venient,
1219 3114 1263 3158 et
1291 3105 1572 3190 adqtu‘ibu‘nt
1601 3105 1771 3158 coram
1786 3116 1864 3190 (te,

283 3173 520 3247 Domine,
541 3189 587 3231 et
617 3173 970 3247 gloriﬁcabunt
995 3191 1176 3247 nomen
1197 3185 1346 3247 tuum
1374 3173 1544 3242 (I’sal.
1577 3189 1767 3240 Lxxxv,
1785 3174 1864 3246 9).

283 3245 421 3316 Qua:
447 3244 842 3315 prttllllSSlOﬂCS,
868 3247 989 3316 quia
1023 3244 1316 3316 verissimae
1345 3256 1488 3308 sunt,
1517 3260 1614 3316 nec
1640 3244 1868 3316 possunt

282 3331 351 3368 ex
379 3313 482 3369 ulla
515 3325 664 3385 parte
707 3313 928 3381 nutare,
959 3316 1010 3369 in
1040 3315 1123 3370 his
1151 3315 1436 3383 implentur
1459 3315 1547 3384 qui
1564 3314 1706 3385 salvi
1736 3313 1867 3370 ﬁunt

284 3401 383 3453 per
425 3383 720 3460 universos
749 3386 881 3440 ﬁnes
909 3395 1064 3460 terra:
1095 3403 1111 3439 :
1143 3386 1407 3460 quoniam
1435 3383 1577 3460 quod
1623 3385 1868 3460 promisit

282 3465 473 3524 potens
497 3465 577 3510 est
618 3455 888 3510 etfacere.
929 3456 1053 3510 lliec
1080 3453 1208 3524 ergo
1232 3463 1314 3509 est
1341 3453 1429 3508 ill'a
1462 3455 1622 3508 totius
1646 3453 1866 3524 humani

278 3521 493 3594 'generis
537 3526 863 3594 assumptio,
897 3525 1010 3580 haec
1057 3521 1286 3578 ﬁliorum
1331 3525 1427 3579 Dei
1454 3521 1866 3594 adoptio,_ha:c

280 3591 520 3665 ﬂentium
549 3591 855 3664 plenitudo,
883 3595 1123 3664 prtescita
1152 3605 1206 3648 et
1235 3591 1607 3665 praedestiuat'a
1630 3591 1867 3665 io’Chri-

281 3663 370 3718 ἐιο
415 3663 998 3721 anteconstitutionem
1030 3665 1230 3721 mundi.
1284 3664 1408 3718 Haec
1453 3674 1536 3719 est
1562 3663 1859 3719 Jerusalem

281 3751 404 3803 qive
430 3737 498 3788 ab
524 3737 674 3790 initio
696 3751 864 3805 usque
893 3736 944 3790 in
973 3736 1129 3805 linem
1157 3733 1428 3805 lapidibus;
1446 3735 1576 3805 vivis
1599 3743 1661 3805 et
1679 3733 1864 3805 electis

280 3805 577 3877 aediﬁcatur
606 3805 650 3877 (l
677 3803 838 3877 (Petr.
869 3822 904 3860 ιι
928 3847 942 3869 ,
974 3804 1030 3877 5_)
1051 3845 1066 3866 ,
1099 3804 1378 3877 utAcivitas
1407 3803 1622 3877 fundata
1649 3804 1714 3877 in
1748 3803 1864 3877 ipso

279 3876 520 3944 angulari
551 3872 722 3946 lapide
746 3875 961 3946 Christo
987 3875 1134 3940 Jesu,
1167 3874 1218 3926 in
1244 3888 1349 3943 quo
1376 3872 1862 3946 omnisaediﬁcatio

281 3942 622 4012 constructa,
653 3945 846 4002 crescit
888 3947 944 3999 in
991 3946 1242 4013 templum
1285 3952 1525 3998 sanctum
1556 3943 1607 3996 in
1640 3942 1863 3998 Domino

283 4014 502 4083 (Ephes.
545 4032 580 4069 ιι
600 4056 614 4080 ,
646 4016 717 4071 20
737 4057 752 4079 ,
781 4015 896 4084 21).
927 4017 999 4068 De
1030 4015 1111 4068 his
1151 4013 1415 4082 lapidibus
1441 4013 1571 4084 nihil
1614 4013 1821 4084 ejicitur
1842 4053 1859 4078 ,

281 4081 414 4138 nihil
438 4086 708 4150 minuitur,
734 4081 863 4139 nihil
891 4084 1110 4153 rapitur.
1144 4081 1346 4137 Veritas
1366 4083 1506 4136 enim
1533 4081 1681 4146 dicit,
1704 4081 1865 4134 Omne

280 4156 416 4224 quod
444 4157 529 4207 dat
558 4157 683 4209 mihi
722 4155 875 4208 Pater
893 4195 908 4216 ,
935 4155 1002 4207 ad
1031 4169 1110 4224 me
1133 4154 1324 4216 veniet;
1352 4162 1396 4206 et
1429 4169 1540 4224 eum
1567 4154 1651 4224 qui
1680 4153 1864 4205 venerit

280 4222 350 4295 ad
379 4241 488 4290 me,
527 4241 627 4278 non
656 4226 855 4294 ejiciam
885 4226 1022 4294 [oras
1050 4223 1225 4295 (Joan.
1258 4239 1310 4278 VI
1330 4264 1345 4290 ,
1376 4222 1515 4295 37):
1547 4233 1601 4276 et
1630 4223 1818 4275 iterum
1842 4261 1858 4288 ,

284 4294 406 4348 Non
430 4295 632 4348 creditis
651 4337 666 4361 ,
693 4296 812 4364 quia
838 4312 940 4348 non
967 4294 1083 4348 estis
1112 4295 1174 4347 de
1202 4295 1372 4346 ovibus
1395 4294 1517 4347 meis
1547 4307 1567 4346 :
1596 4308 1708 4345 oves
1741 4307 1864 4344 mea:

280 4381 448 4418 vocem
478 4380 640 4417 meam
681 4365 930 4428 audiunt,
961 4374 1007 4418 et
1036 4381 1126 4434 ego
1162 4365 1276 4416 novi
1316 4365 1433 4416 illas
1452 4404 1466 4425 ,
1513 4373 1558 4416 et
1588 4372 1864 4434 sequuntur

279 4451 393 4500 me,
425 4445 472 4488 et
511 4451 602 4505 ego
627 4437 778 4488 vitam
801 4443 1040 4489 aeternam
1065 4432 1133 4487 do
1157 4435 1298 4505 illis;
1327 4442 1376 4485 et
1400 4448 1501 4485 non
1545 4433 1774 4505 peribunt
1810 4432 1862 4485 in

279 4500 558 4575 Meritum;
570 4521 659 4558 nec
686 4505 1127 4575 quisquamrapiet
1151 4519 1234 4556 eas
1263 4502 1325 4554 de
1346 4518 1498 4554 manu
1520 4500 1639 4575 utea
1666 4500 1776 4571 (Id.
1802 4517 1858 4568 Χ,

277 4574 482 4644 26-28).
513 4571 762 4629 Omnium
793 4571 922 4643 ergo
947 4571 1220 4644 hominum
1249 4586 1373 4624 cura
1404 4581 1486 4644 est
1518 4571 1625 4644 Deo
1651 4589 1663 4624 :
1688 4581 1742 4625 et
1763 4588 1858 4644 ne-

278 4660 368 4699 mo
392 4641 477 4698 est
514 4661 672 4716 quem
700 4661 806 4698 non
832 4641 924 4716 aut
960 4642 1261 4716 evangelica
1293 4641 1596 4709 praedicatio
1615 4682 1641 4716 ,_
1659 4653 1749 4695 aut
1775 4642 1859 4716 ile-_-

277 4716 359 4784 gis
387 4711 690 4768 testiﬁcatio
710 4755 724 4777 ,
755 4723 846 4767 aut
875 4715 987 4782 ipsa
1016 4711 1191 4784 etiam
1208 4719 1394 4784 natura
1419 4712 1731 4784 conveniat:
1753 4711 1859 4765 Sed

279 4780 640 4839 inﬁdelitatem
665 4780 958 4846 hominum,
983 4783 1110 4852 ipsis
1130 4780 1494 4852 adscribamus
1516 4780 1818 4835 hominibus
1841 4797 1856 4833 :

280 4854 436 4908 ﬁdem
466 4865 642 4910 autem
691 4851 1013 4917 hominum,
1049 4852 1246 4906 donum
1277 4851 1368 4904 Dei
1394 4865 1513 4905 esse
1557 4851 1816 4905 fateamur
1840 4892 1855 4916 ,

277 4927 395 4977 sine
423 4925 574 4992 cujus
600 4927 765 4992 gratia
793 4938 948 4977 nemo
969 4923 1135 4976 currit
1161 4921 1226 4974 ad
1251 4922 1492 4990 gratiam.
1524 4920 1592 4974 Et
1617 4937 1737 4974 cum
1761 4924 1860 4975 ilu-

276 4996 448 5048 centis
471 4995 871 5063 quatuordecim
900 4993 1266 5063 sacerdotibus
1285 5031 1298 5055 ,
1344 5007 1566 5058 quorum
1595 4992 1856 5063 constitu-

278 5066 476 5118 tionem
490 5060 685 5119 contra
719 5064 962 5117 inimicos
987 5062 1169 5131 gratia:
1201 5062 1290 5114 Dei
1319 5067 1460 5114 totus
1484 5060 1711 5116 mundus
1739 5078 1857 5114 am-

276 5136 462 5215 plexus
491 5143 606 5215 est,
639 5133 812 5188 veraci
842 5132 1168 5215 professione
1187 5171 1203 5197 ,
1223 5131 1679 5215 quemadmodum
1693 5133 1856 5215 tipso-

278 5197 396 5258 rum
443 5203 604 5258 habet
656 5197 870 5268 sermo',
901 5202 1141 5272 dicamus
1171 5217 1185 5254 :
1219 5197 1396 5272 Gratia
1426 5200 1520 5254 Dei
1556 5217 1645 5272 per
1677 5197 1859 5254 Iesum

275 5273 532 5328 Christum
551 5273 824 5327 Dominum
845 5313 861 5338 ,
889 5289 991 5326 non
1013 5271 1178 5325 solum
1207 5271 1274 5324 ad
1299 5271 1696 5342 cognoscendam
1713 5311 1730 5334 ,
1770 5287 1855 5324 vc-

273 5360 390 5396 rum
409 5344 559 5398 etiam
587 5343 655 5414 ad
676 5342 965 5414 faciendam
975 5343 1228 5414 justitiam
1248 5358 1340 5395 nos
1363 5341 1453 5412 per
1470 5351 1612 5394 actus
1632 5341 1858 5414 singulos

272 5414 546 5482 adjuvari;
573 5412 646 5468 ita
677 5411 736 5467 ut
760 5413 869 5467 sine
908 5411 1000 5465 illa
1036 5412 1163 5466 nihil
1186 5427 1316 5466 item
1341 5411 1623 5482 sancteque
1659 5411 1858 5480 pietatis

273 5480 489 5549 habere,
521 5485 773 5554 cogitare,
800 5484 965 5536 dicere
981 5524 997 5549 ,
1029 5482 1455 5554 agerevaleamus
1480 5482 1498 5550 (
1513 5480 1635 5554 Vide
1659 5497 1816 5554 supra
1839 5521 1853 5541 ,

271 5553 361 5610 lib.
391 5564 567 5608 contra
579 5549 890 5609 Collatorem
910 5595 926 5620 ,
957 5570 1011 5608 η.
1047 5549 1154 5624 1⁷5).
1181 5552 1366 5620 Neque
1394 5549 1510 5606 hiet:
1535 5549 1673 5604 dona
1699 5551 1768 5604 ita
1793 5566 1856 5604 ex

271 5624 383 5679 Deo
424 5639 542 5680 esse
567 5625 884 5694 Opinemur,
916 5633 974 5678 ut
999 5628 1119 5695 quia
1151 5625 1263 5694 ipse
1294 5633 1495 5676 natur-.e
1536 5630 1734 5674 nostra:
1764 5635 1858 5675 au-

333 5737 350 5768 '
385 5737 467 5786 Hic
504 5736 551 5784 in
593 5737 866 5797 Remigiano
901 5737 1222 5797 msuuscripto
1246 5734 1455 5783 additum
1492 5738 1568 5783 est
1591 5743 1618 5782 a
1639 5731 1854 5783 secunda

277 5808 440 5858 manu,
458 5809 644 5850 servare
664 5798 840 5848 munia.

1175 342 1682 414 Rl‘ISPONSlOXES
1722 343 1812 399 AD
1848 343 2188 400 CAPITUL.\
2227 343 2620 402 GALLORUM.

3428 354 3565 414 £838

1996 467 2112 510 ctor
2148 466 2265 518 est,
2311 474 2404 525 per
2445 459 2802 512 conditionem
2843 458 2953 528 jam
3000 460 3112 515 lucc
3150 462 3440 520 contulisse
3486 471 3569 520 vi-

1991 529 2197 580 deatur.
2234 529 2367 595 Quia
2396 529 2545 582 dedit
2584 529 2797 598 quidem
2827 531 2895 582 ab
2921 531 3068 584 initio
3095 530 3230 586 hanc
3257 531 3456 588 homini
3493 536 3571 592 fa-

1988 598 2239 651 eiiltalem
2277 615 2291 652 :
2321 598 2412 676 sed
2439 613 2628 676 omnes
2651 614 2767 676 eam
2801 601 2866 676 in
2896 601 2988 654 liiO
3029 602 3304 676 amisimus
3327 646 3340 669 ,
3387 605 3438 659 in
3466 623 3570 676 quo

1987 681 2175 744 (tumes
2202 667 2553 744 peccavimus.
2590 669 2883 744 Uude‘aliir
2893 672 3164 744 creatione
3189 667 3400 743 alioque
3428 667 3570 744 prin-

1987 738 2128 806 cipio
2176 739 2425 792 renovari
2480 754 2698 808 egemus
2745 739 3056 812 in‘Christo
3089 756 3104 795 :
3137 744 3187 795 in
3235 738 3341 812 quo
3385 738 3570 802 sumus

1989 821 2128 884 nova
2176 819 2756 884 creaturanovumque
2801 809 3105 884 ﬁgmentum
3132 828 3146 873 ;
3177 822 3233 867 et
3254 809 3368 882 per
3409 832 3566 884 quem

1986 877 2383 954 nol_iis,__nulli~'_
2426 878 2617 940 bonis,
2657 881 2931 954 et_niultis
2979 882 3131 954 malis
3160 877 3382 954 umeritis
3428 877 3566 954 prie-

1985 946 2320 1013 ccdentihus,
2351 946 2581 1002 donatur
2611 958 2667 1002 ut
2695 949 2861 1003 simus
2891 963 2956 1004 ex
2989 951 3128 1005 vasis
3157 953 3268 1016 irze,
3303 946 3441 1009 vasa'
3463 957 3566 1010 mi-

1985 1017 2306 1070 sericorilize.

2055 1087 2173 1164 Dat.
2214 1085 2304 1164 lfv'_.
2346 1085 2632 1164 Qiiod_non
2665 1103 2760 1157 pro
2793 1087 2954 1144 totius
2981 1090 3163 1146 mundi
3194 1093 3561 1164 redemptione

1983 1153 2226 1210 Salvator
2251 1156 2317 1210 sit
2343 1153 2647 1212 cruciﬁxus.

2057 1226 2216 1304 lisse.
2260 1226 2442 1304 Nullus
2471 1229 2810 1304 uiiiuiuocst
2845 1244 2911 1304 ex
2943 1231 3190 1286 omnibus
3219 1231 3523 1294 hominibus
3549 1279 3564 1304 ,

1985 1296 2137 1374 cujus
2169 1305 2349 1348 natura
2383 1296 2434 1374 in
2465 1297 2676 1374 Christo
2708 1299 2936 1374 Domino
2963 1316 3147 1374 nostro
3184 1318 3426 1374 suscepta
3459 1296 3562 1362 non

1987 1364 2186 1419 fuerit:
2219 1367 2459 1432 quamvis
2501 1368 2587 1422 ille
2630 1379 2783 1422 natus
2823 1370 2890 1422 sit
2923 1371 2974 1423 in
3014 1364 3359 1427 similitudine
3390 1381 3565 1431 carnis

1984 1436 2185 1507 peccati
2215 1434 2388 1507 (Rom.
2419 1452 2509 1490 vm
2533 1479 2545 1494 .
2577 1437 2630 1506 5)
2654 1478 2668 1498 ,
2713 1440 2883 1493 omnis
2910 1449 3086 1494 autem
3117 1442 3275 1497 homo
3316 1457 3562 1501 nascatur

1983 1505 2036 1557 in
2077 1505 2235 1559 carne
2276 1508 2497 1572 peccati.
2543 1505 2679 1560 Deus
2717 1522 2843 1572 ergo
2885 1509 2976 1563 Dei
3019 1510 3182 1566 Filius
3222 1516 3559 1570 mortalitatis

1983 1574 2228 1652 humanm
2256 1577 2525 1652 particeps
2541 1575 2710 1630 factus
2735 1578 2932 1652 absque
2965 1591 3178 1652 peccato
3200 1623 3213 1643 ,
3249 1584 3346 1638 lioe
3378 1600 3565 1652 pecca-

1984 1645 2187 1698 toribus
2216 1656 2270 1698 et
2291 1647 2612 1717 mortalibus
2639 1645 2892 1711 contulit,
2925 1645 2981 1702 ut
3011 1651 3098 1717 qtti
3134 1645 3419 1707 nativitatis
3447 1657 3562 1717 ejus

1980 1724 2256 1768 consortes
2283 1714 2524 1780 fuissent,
2557 1716 2823 1770 vinculum
2850 1714 3047 1785 peccati
3075 1728 3128 1773 et
3153 1724 3338 1776 mortis
3363 1714 3562 1779 evade-

1981 1793 2118 1836 rent.
2153 1784 2299 1839 Sicnt
2331 1785 2505 1858 itaque
2532 1803 2632 1838 non
2662 1784 2861 1858 sufﬁcit
2888 1788 3158 1858 hominum
3191 1795 3520 1848 renovatioui
3542 1838 3554 1858 ,

1981 1863 2160 1932 natum
2197 1869 2316 1932 esse
2353 1855 2623 1932 hominem
2659 1855 2840 1908 Jesum
2878 1855 3168 1932 Christum,
3209 1860 3308 1914 nisi
3351 1864 3401 1915 in
3445 1855 3558 1932 ipso

1979 1923 2166 1994 eodem
2189 1966 2203 1988 ,
2236 1924 2303 1978 de
2332 1941 2439 1993 quo
2471 1926 2582 1991 ipse
2613 1935 2765 1978 ortus
2793 1933 2907 1988 est,
2939 1927 3136 1994 Spiritu
3169 1923 3513 1986 renascantur
3542 1952 3555 1987 :

1979 1993 2057 2065 sic
2075 2009 2178 2065 non
2201 1994 2394 2065 sufﬁcit
2417 1994 2687 2048 hominum
2711 1993 3082 2065 redeniptioni,
3105 2000 3412 2055 cruciﬁxum
3436 2017 3558 2059 esse

1980 2061 2270 2116 Dominum
2298 2063 2566 2116 Christum
2591 2105 2604 2128 ,
2635 2065 2734 2117 nisi
2765 2061 3180 2121 coi'nt'noriantur
3207 2070 3256 2122 ei
3288 2082 3339 2123 et
3366 2089 3557 2127 conse-

1978 2132 2258 2203 peliantur
2285 2134 2336 2185 in
2380 2133 2670 2203 Baptismo.
2722 2133 2966 2201 Alioquin
3016 2146 3137 2190 nato
3181 2138 3457 2196 Salvatore
3504 2144 3553 2196 in

1976 2215 2138 2276 carne
2181 2201 2491 2276 substantiae
2531 2212 2754 2264 nostrae,
2793 2212 2846 2276 et
2882 2207 3135 2260 cruciﬁxo
3176 2225 3268 2276 pro
3305 2212 3554 2267 omnibus

1977 2271 2150 2344 nobis.
2194 2287 2309 2344 non
2342 2271 2516 2344 fuerat
2551 2274 2906 2344 necessarium
2947 2284 3004 2328 ut
3042 2271 3459 2344 renascercmur,
3500 2297 3555 2338 et

1977 2341 2314 2412 similitudini
2351 2342 2538 2396 mortis
2579 2343 2694 2411 ejus
2737 2343 3236 2412 complantaremur.
3282 2350 3385 2404 Sed
3428 2341 3551 2408 cum

1974 2411 2092 2465 sine
2116 2413 2214 2466 hoc
2237 2411 2582 2467 Sacramento
2607 2427 2763 2488 nemo
2792 2411 3064 2469 hominum
3093 2432 3448 2488 consequatur
3475 2425 3556 2476 vi-

1978 2489 2082 2560 tam
2109 2491 2363 2560 aitet-unm
2383 2499 2407 2560 ;_
2425 2497 2528 2560 noun
2556 2490 2640 2560 est
2661 2483 2892 2560 salvatus
2911 2499 3070 2540 cruce
3089 2483 3306 2552 Christi,
3334 2493 3422 2560 qui
3447 2509 3551 2546 non

1975 2559 2058 2603 est
2082 2552 2368 2607 cruciﬁxus
2394 2553 2445 2605 in
2470 2552 2706 2606 Christo.
2734 2552 2847 2606 Non
2878 2564 2962 2608 est
2990 2566 3165 2611 autem
3191 2552 3471 2615 cruciﬁxus
3498 2565 3550 2617 in

1974 2619 2209 2688 Christo,
2233 2624 2328 2696 qui
2361 2639 2465 2676 non
2493 2631 2574 2675 est
2603 2623 2910 2696 membrum
2927 2629 3165 2696 corporis
3189 2626 3420 2696 Christi;
3455 2648 3553 2688 nec

1975 2690 2382 2770 estnmeinb'rum
2411 2690 2651 2770 corporis
2677 2690 2875 2770 Christi
2941 2735 2956 2758 ,
2986 2690 3078 2764 qui
3106 2713 3211 2770 non
3241 2714 3336 2770 per
3359 2690 3547 2770 aquam

1975 2769 2026 2832 et
2052 2757 2307 2827 Spiritum
2335 2757 2576 2817 sanctum
2603 2761 2772 2832 induit
2795 2757 3088 2820 ChriSlu'm.
3116 2767 3216 2832 Qui
3243 2757 3362 2822 ideo
3387 2757 3438 2824 in
3467 2773 3550 2825 in-

1975 2829 2224 2902 ﬁrmitate
2252 2842 2432 2887 nostra
2461 2831 2895 2887 communionem
2922 2836 3083 2888 subiit
3116 2829 3337 2902 mortis,
3366 2851 3424 2894 ut
3453 2857 3552 2896 nos

1974 2899 2026 2972 i_n
2058 2900 2248 2956 virtute
2275 2902 2391 2972 ejus
2419 2903 2738 2957 haberemus
2763 2904 3092 2960 consortium
3120 2899 3544 2964 resurrectionis.

1973 2969 2326 3047 Cumhitaque
2370 2972 2692 3047 rectissime
2707 2972 2918 3047 dicatur
2962 2972 3209 3031 Salvator
3253 2992 3350 3047 pro
3394 2981 3552 3038 totius

1973 3040 2153 3094 mundi
2169 3040 2540 3110 redemptione
2550 3042 2851 3105 cruciﬁxus,
2871 3053 3085 3112 propter
3104 3040 3284 3101 veram
3308 3048 3552 3103 humana:

1973 3119 2177 3186 uatura:
2197 3112 2688 3186 susceptionem,et
2712 3122 2925 3180 praptcr
2944 3128 3278 3168 communem
3303 3118 3352 3169 in
3378 3118 3549 3186 primo

1973 3177 2186 3257 homine
2212 3177 2451 3257 omnium
2465 3177 2831 3257 “perditionem
2864 3198 2878 3235 :
2911 3191 3084 3257 potest
3115 3193 3289 3257 tamen
3316 3177 3418 3257 (hci
3451 3205 3549 3257 pro

1973 3247 2056 3322 his
2082 3259 2283 3322 tantum
2311 3247 2611 3322 crucifixus,
2642 3247 3005 3322 quibusmors
3032 3252 3196 3321 ipsius
3221 3247 3554 3322 profuit.'Di-

1969 3319 2043 3372 cit
2079 3320 2221 3399 enim
2254 3321 2589 3390 Evangelista
2612 3361 2626 3383 ,
2663 3321 2796 3384 Quia
2822 3319 3273 3399 Iesusmoriturus
3294 3335 3414 3399 erat
3453 3345 3547 3399 pro

1968 3398 2210 3462 gerite;et
2239 3407 2340 3444 non
2365 3399 2559 3443 tantum
2584 3406 2676 3462 pro
2704 3401 2870 3460 gente,
2901 3393 2989 3462 sed
3017 3391 3168 3446 etiam
3195 3404 3248 3447 ut
3274 3396 3406 3462 ﬁlios
3453 3391 3551 3451 Ὧινί

1968 3457 2222 3534 dispersos
2261 3457 2593 3534 congregaret
2612 3460 2670 3534 in
2706 3457 2865 3514 unum
2905 3460 3085 3533 (Joan.
3116 3478 3202 3529 ιιι,
3233 3457 3445 3534 51-52).
3481 3467 3547 3521 In

1967 3543 2062 3580 sua
2098 3530 2243 3585 enim
2270 3529 2418 3590 venit,
2459 3539 2506 3582 et
2544 3529 2623 3582 sui
2642 3546 2765 3607 eum
2805 3529 3252 3607 uon'receperunt.
3300 3529 3550 3607 Quotquot

1967 3607 2134 3673 autem
2151 3608 2447 3673 receperunt
2471 3615 2604 3673 eum,
2619 3599 2754 3673 dedit
2774 3601 2844 3656 eis
2871 3599 3158 3669 potestatem
3176 3599 3312 3671 ﬁlios
3321 3599 3429 3659 'Dei
3445 3599 3549 3673 'lie-

1967 3667 2014 3719 ri
2037 3682 2056 3721 :
2075 3671 2162 3738 qui
2191 3667 2290 3724 non
2310 3686 2378 3741 ex
2403 3670 2731 3741 sanguinibus
2749 3711 2766 3737 ,
2797 3667 2955 3741 neque
2981 3689 3044 3726 ex
3066 3667 3320 3729 voluntate
3343 3667 3510 3731 carnis
3533 3719 3548 3740 ,

1967 3753 2126 3808 neque
2151 3755 2214 3793 ex
2238 3739 2490 3794 voluntate
2519 3739 2613 3792 viri
2638 3781 2651 3800 ,
2682 3741 2771 3794 sed
2796 3739 2993 3795 εει)εο
3019 3744 3126 3796 nati
3148 3754 3286 3798 sunt.
3333 3739 3550 3801 Diversa

1967 3821 2094 3881 ergo
2118 3810 2186 3881 ab
2208 3809 2326 3881 istis
2348 3824 2468 3864 sors
2493 3818 2807 3881 eorumest,
2829 3809 2920 3878 qui
2941 3812 3078 3865 inter
3099 3813 3218 3867 illos
3239 3824 3546 3881 censentur,

1967 3877 2045 3955 de’
2059 3879 2251 3955 quibus
2279 3880 2495 3955 dicitur,
2528 3877 2756 3955 Mundus
2775 3877 3030 3955 eum-non
3058 3885 3286 3955 cognovit
3309 3886 3327 3916 ¹
3350 3883 3459 3955 (Id.
3494 3877 3544 3950 ιζ

1968 3947 2170 4020 10-15).
2189 3948 2257 4006 Ut
2277 3951 2445 4020 possit
2460 3949 2750 4005 secundum
2775 3950 2876 4004 hoc
2889 3949 2992 4006 dici
3009 3947 3314 4020 redemptor
3329 3947 3508 4010 mundi
3532 3947 3545 4008 ξ

1966 4017 2112 4090 dedit
2129 4017 2236 4089 pro
2262 4017 2461 4074 mundo
2486 4019 2794 4090 sanguinem
2822 4035 2999 4088 suum,
3025 4029 3079 4074 et
3103 4017 3332 4077 mundus
3359 4025 3546 4080 redimi

1969 4089 2170 4160 uoluit;
2198 4091 2320 4160 quia
2349 4089 2522 4144 lucem
2555 4089 2788 4160 tenebrae
2815 4105 2919 4144 non
2949 4100 3284 4160 receperunt,
3317 4101 3372 4146 et
3401 4103 3547 4149 tene-

1967 4156 2078 4212 brie
2105 4156 2423 4228 receperunt
2447 4202 2462 4226 ,
2494 4161 2686 4228 quibus
2712 4157 2842 4212 dicit
2870 4156 3155 4227 Apostolus
3179 4201 3191 4220 .
3224 4159 3419 4216 Fuisti:
3446 4165 3516 4216 ali
3527 4195 3546 4205 -

1965 4230 2168 4303 quando
2198 4229 2433 4303 tenebrae,
2460 4245 2594 4303 nunc
2619 4239 2785 4303 autem
2811 4231 2903 4283 tua:
2927 4231 2979 4282 in
3007 4229 3225 4303 Domino
3249 4230 3461 4303 (lt‘phes.
3491 4249 3544 4299 v,

1966 4296 2044 4369 8).
2091 4299 2206 4368 Ipse
2232 4316 2360 4354 vero
2407 4301 2663 4353 Dominus
2709 4299 2884 4363 lesus,
2931 4302 3018 4368 qui
3063 4301 3195 4353 dixit
3234 4296 3548 4358 sevenisse

1967 4383 2206 4445 quierere
2231 4378 2285 4445 et
2310 4370 2516 4445 salvare
2540 4369 2680 4445 quod
2711 4370 2936 4438 perierat
2956 4369 3108 4445 (Luc.
3129 4385 3242 4445 sis,
3269 4372 3356 4445 10)
3384 4373 3547 4445 ε-Νοη

1967 4441 2096 4510 veni,
2137 4441 2328 4510 inquit,
2361 4441 2455 4493 nisi
2483 4440 2549 4492 ad
2592 4457 2702 4494 oves
2740 4456 2853 4510 qua:
2879 4443 3128 4508 perierant
3167 4440 3346 4496 domus
3385 4441 3549 4499 Israel

1973 4508 2182 4579 (Matth.
2206 4508 2295 4574 iv,
2318 4509 2434 4578 ‘24).
2464 4509 2566 4564 Sed
2592 4525 2708 4577 qua!
2735 4508 2840 4561 sint
2867 4518 2978 4562 istze
3000 4526 3124 4562 oves
3151 4510 3342 4566 domus
3366 4512 3544 4576 lsracl,

1968 4578 2241 4653 epostolus
2271 4582 2461 4653 Paulus
2496 4589 2750 4653 exponat,
2779 4579 2962 4653 dicens
2990 4596 3004 4632 :
3035 4578 3155 4634 Non
3183 4597 3353 4636 omnes
3378 4584 3464 4653 qui
3488 4602 3550 4639 ea:

1968 4647 2156 4715 Israel,
2189 4650 2242 4702 hi
2266 4661 2382 4704 sunt
2409 4649 2573 4720 Israel
2593 4663 2614 4711 ;
2641 4665 2798 4717 neque
2821 4650 3077 4720 quiarsunt
3103 4666 3270 4706 semen
3296 4647 3544 4720 Abi-'altaz,

1965 4732 2137 4773 amnes
2159 4721 2273 4786 ﬁlii,
2296 4720 2385 4774 sed
2403 4720 2453 4772 in
2474 4717 2624 4772 Isaac
2645 4717 2900 4789 vetabitur
2923 4719 3010 4772 tibi
3029 4736 3197 4773 semen
3219 4737 3237 4776 :
3259 4723 3310 4775 id
3331 4733 3422 4789 est,
3447 4717 3548 4780 non

1964 4791 2050 4857 qui
2086 4791 2183 4856 ﬁlii
2215 4790 2414 4850 carnis,
2447 4790 2498 4841 hi
2536 4790 2632 4857 ﬁlii
2658 4787 2791 4850 Dei;
2820 4789 2909 4842 sed
2930 4790 3016 4858 qui
3045 4789 3142 4856 ﬁlii
3171 4787 3538 4857 promissionis,

1964 4863 2280 4932 ιιτδιίυιᾳιιιιιγ
2319 4860 2606 4932 in__semiue
2648 4858 2818 4926 (Rom.
2853 4875 2938 4923 ix,
2970 4860 3118 4929 6-8).
3163 4861 3227 4932 In
3267 4862 3378 4915 istis
3419 4879 3548 4932 ergo

1965 4940 2087 4982 sunt
2113 4931 2204 4992 illi,
2228 4930 2294 4983 de
2319 4930 2507 4996 quibus
2527 4929 2730 4982 dictum
2755 4945 2910 4996 supra
2940 4931 3393 4987 memoravimus:
3417 4929 3547 4998 Quia

1963 4999 1994 5050 ,Ι
2001 5017 2116 5072 esus
2137 5001 2646 5072 morituruseratpro
2667 5007 2843 5072 gente;
2861 5007 2910 5052 et
2930 5015 3030 5051 non
3050 5007 3247 5053 tantum
3269 5017 3362 5070 pro
3381 5014 3544 5072 gente,

1963 5069 2051 5122 sed
2089 5070 2238 5122 etiam
2274 5080 2327 5121 ut
2365 5069 2499 5137 filios
2533 5069 2623 5138 Dei
2653 5069 2906 5138 dispersos
2930 5081 3256 5138 congregaret
3286 5072 3338 5124 in
3369 5069 3545 5127 unum.

1963 5139 2094 5206 Quia
2132 5155 2237 5193 non
2277 5139 2446 5191 solum
2487 5154 2553 5192 ex
2590 5137 2810 5202 .lndaiis,
2849 5137 2944 5191 sed
2979 5137 3138 5192 etiam
3177 5156 3240 5194 ex
3279 5143 3548 5210 gentibus,

1966 5223 2060 5276 per
2080 5210 2314 5280 eumqui
2345 5216 2509 5280 vocat
2527 5224 2654 5280 qtae
2667 5221 2771 5261 non
2798 5217 2941 5272 sunt,
2974 5217 3220 5276 tanquam
3248 5226 3370 5280 qua:
3398 5223 3544 5279 sunt,

1963 5288 2016 5333 et
2055 5280 2145 5347 qui
2181 5279 2454 5349 dispersos
2500 5277 3016 5349 Ismelcongrcgat,
3051 5280 3140 5332 lilii
3176 5277 3280 5334 Dei'
3301 5281 3388 5333 lilii
3421 5277 3546 5349 pro;

1965 5348 2233 5419 missionis
2271 5351 2337 5419 in_
2358 5363 2537 5419 unam
2559 5347 2851 5402 Ecclesium
2881 5357 3280 5419 reoiigregantur
3307 5365 3321 5400 :
3351 5347 3546 5404 ut‘im-

1965 5417 2174 5487 pleatur
2201 5417 2342 5487 quod
2369 5417 2690 5489 promissum
2719 5427 2798 5471 est
2829 5417 3076 5485 Abrahae,
3096 5417 3192 5474 'cui
3217 5419 3416 5474 dictum
3443 5433 3544 5486 cst,

2027 5549 2044 5580 ι
2079 5545 2339 5617 nemiglani
2591 5548 2878 5600 auctoritate
2910 5549 3147 5612 addimus,
3169 5561 3258 5602 nec
3290 5556 3361 5604 est
3399 5566 3554 5606 mem-

1962 5609 2101 5659 brum
2118 5609 2330 5669 corporis
2343 5609 2536 5660 Christi.

2025 5674 2127 5720 ἐιη
2152 5671 2425 5738 Remigiano
2449 5679 2527 5720 Ms.
2563 5670 2684 5738 loco,
2714 5672 2913 5738 Mundus
2941 5685 3049 5738 eum
3071 5671 3394 5738 noncognaril
3410 5688 3426 5732 ,'
3442 5690 3551 5725 ver.

1967 5723 2026 5773 ba
2072 5741 2174 5782 haec
2198 5723 2446 5792 leguntur,
2473 5741 2574 5783 Lux
2605 5723 2730 5784 luEet
2771 5723 3065 5794 intenebris,
3105 5740 3152 5786 et
3189 5723 3394 5792 ιεῖιειιιιε
3411 5723 3536 5788 ἐῶσι

1965 5807 2056 5845 non
2075 5795 2551 5858 comprehenderunt.
