3998 6190
509 310 649 365 1839

506 423 645 494 quod
677 424 727 477 in
759 421 961 494 semine
1000 420 1114 488 ejus
1153 416 1528 494 praedicenda:
1560 427 1736 470 essent
1769 432 1955 471 omnes
1988 420 2083 470 tri-

505 490 604 549 bus
631 504 785 548 terra!
816 490 967 559 (Gen.
997 505 1124 546 χχιι,
1157 490 1263 559 l8).

577 565 695 618 0m.
739 555 999 626 Xanod
1039 555 1352 627 quibusdam
1389 555 1660 624 Evangelii
1705 556 2010 624 prtedicatio
2055 573 2084 612 a

508 635 730 688 Domino
759 630 1118 695 subtrahatur,
1153 645 1219 683 ne
1249 638 1496 699 percepta
1531 628 1797 697 Evangelii
1829 628 2086 696 prmdiea~

508 707 650 758 tione
676 702 968 756 salvantur.
2074 705 2093 732 ι

578 773 738 827 lisse.
781 771 835 824 Si
873 770 1083 838 probari
1119 767 1481 838 potest,quod
1512 783 1574 820 ex
1605 781 1712 838 quo
1743 766 2082 838 Evangelium

505 844 842 914 praedicatur,
876 837 1034 894 nemo
1068 837 1285 914 prorsus
1311 837 1502 900 fuerit,
1535 839 1616 891 cui
1639 837 1938 914 christiana
1964 851 2083 905 gra-

507 907 577 966 iia
607 913 918 966 annuutiata
947 925 1053 964 non
1073 907 1242 964 fuerit
1266 926 1279 973 ;
1315 924 1418 962 non
1451 919 1594 962 recte
1619 907 1813 961 dicitur
1842 907 2081 970 tacitum,

508 983 649 1058 quod
670 981 974 1058 ostenditur
1001 981 1361 1058 praedicatum.
1393 979 1450 1058 Si
1475 986 1657 1058 autem
1679 978 1856 1046 aliquo
1885 975 2081 1058 modo.l

508 1046 846 1106 inveniuntur
887 1046 1150 1112 homines,
1181 1050 1371 1117 quibus
1409 1048 1750 1112 Evangelium
1782 1061 1885 1100 non
1927 1046 2086 1100 fuerit

509 1124 877 1192 prardieatum;
905 1136 1007 1192 non
1033 1130 1207 1190 potest
1233 1119 1336 1192 dici
1363 1118 1479 1192 sine
1497 1117 1696 1192 judicio
1724 1118 1814 1170 Dei
1844 1117 2038 1171 factum
2069 1134 2080 1168 :

507 1189 648 1263 quod
661 1192 820 1246 "nefas
844 1201 926 1245 est
952 1189 1070 1246 ideo
1099 1189 1435 1260 reprehendi,
1463 1189 1582 1257 quia
1610 1201 1714 1240 non
1745 1196 1916 1256 potest
1939 1203 2084 1241 com-

546 1263 781 1317 rehendi.

507 1279 834 1388 Νῧῗιιῗαὲῐ.
877 1330 1025 1397 Quod
1074 1345 1168 1398 per
1211 1327 1494 1398 potentiam
1545 1327 1682 1382 Deus
1731 1325 1975 1380 homines
2019 1326 2084 1380 ad

507 1414 722 1477 peccata
753 1402 1054 1477 compellat.
1097 1417 1117 1477 _‘
1168 1469 1198 1477 __
1449 1466 1482 1477 η
1526 1467 1556 1477 _‘
1682 1476 1687 1477 γ
1752 1467 1786 1477 “
1826 1465 1836 1477 _

582 1474 740 1527 lisse.
784 1466 966 1526 Nullus
1006 1469 1386 1523 catholicorum
1432 1466 1564 1520 dixit
1604 1476 1696 1519 aut
1735 1466 1895 1529 dicit,
1942 1466 2082 1535 quod

509 1543 650 1597 Deus
686 1543 928 1596 homines
969 1540 1052 1608 pie
1080 1548 1327 1606 recteque
1353 1539 1611 1608 viventes,
1651 1552 1745 1604 per
1797 1538 2082 1604 potentiam

511 1613 562 1665 in
594 1622 805 1680 peccata
833 1607 1136 1678 compellat,
1163 1617 1214 1661 et
1242 1608 1555 1680 innocentia;
1581 1607 1825 1680 limitanm
1853 1614 2084 1673 potestas

508 1677 683 1735 divina
713 1682 817 1734 vim
848 1677 1034 1742 facint,
1065 1687 1121 1731 ut
1143 1693 1259 1732 eam
1281 1693 1310 1730 a
1333 1677 1602 1745 proposito
1629 1678 1778 1730 home
1801 1691 2084 1729 Conversa-

509 1752 671 1805 tionis’
691 1750 942 1805 excutiat.
971 1747 1086 1802 Non
1113 1754 1238 1800 sunt
1263 1747 1357 1801 Dei
1388 1761 1550 1814 opera
1583 1748 1700 1805 ista.
1729 1746 1822 1799 sed
1850 1745 2077 1809 diaboli;

507 1823 659 1888 cujus
694 1819 940 1889 gaudium
969 1828 1051 1872 est
1079 1818 1227 1871 ruina
1263 1826 1568 1889 sanctorum
1593 1816 1722 1889 :_sed
1761 1816 2084 1889 allevat__Do-

509 1884 682 1944 minus
698 1884 901 1943 ὀιιιιιεεε
941 1890 1031 1957 (ιιιί
1071 1897 1318 1957 corruunt
1344 1927 1357 1950 ,
1399 1895 1453 1939 et
1495 1886 1656 1957 erigit
1687 1901 1873 1938 omnes
1918 1884 2079 1957 elisos

508 1960 866 2029 (Ρωμαίων,
899 1955 1025 2029 ιι’);
1057 1958 1245 2029 quibus
1269 1955 1361 2009 dat
1388 1956 1768 2029 pmnitentiam,
1796 1964 1858 2029 ιιι
1885 1955 2078 2029 γθεὲρὶτ

508 2024 659 2083 scant
696 2045 724 2080 a
761 2024 955 2081 diaboli
978 2024 1219 2096 laqueis,
1251 2041 1279 2077 a
1309 2040 1421 2096 quo
1442 2025 1638 2096 captivi
1672 2024 1986 2096 tenebantur
2013 2025 2079 2096 ad

509 2099 674 2168 ipsius
703 2101 1028 2152 voluntatem
1055 2093 1127 2165 (ιι
1152 2095 1286 2168 Tim.
1320 2093 1382 2168 ii,
1403 2095 1494 2168 ἓξ,
1524 2093 1638 2168 '26).
1669 2095 1803 2168 Cum
1833 2094 2081 2168 veroali-

507 2163 643 2237 qnos
670 2184 697 2220 a
733 2169 838 2222 Deo
866 2176 957 2220 aut
987 2163 1208 2220 traditos
1238 2164 1515 2237 desideriis
1541 2163 1652 2219 suis
1683 2163 1858 2234 (Rom.
1893 2180 1928 2227 I,
1957 2164 2075 2237 9-4).

507 2234 600 2291 aut
628 2238 917 2292 obduratos
942 2237 1185 2301 legimus,
1217 2243 1306 2288 aut
1335 2234 1584 2298 relictos;
1617 2237 1822 2302 magnis
1852 2235 2080 2302 peccatis

508 2310 618 2361 suis
643 2307 742 2362 hoc
772 2308 914 2375 ipsos
941 2305 1202 2359 meruisse
1227 2305 1537 2375 profitemur
1564 2320 1577 2355 :
1601 2304 1722 2372 quia
1751 2304 1870 2375 talia
1896 2318 2078 2358 eorum

507 2379 730 2432 crimina
758 2374 1162 2446 piaecesserunt,
1194 2385 1253 2427 ut
1282 2375 1379 2442 ipsi
1405 2374 1502 2426 sibi
1533 2388 1714 2446 pinnas
1737 2374 2075 2446 debuerint’,

505 2464 624 2516 qua:
649 2449 727 2502 eis
750 2445 908 2501 etiam
939 2445 1250 2516 supplicium
1279 2452 1544 2516 verterent
1572 2445 1624 2496 in
1652 2453 1878 2516 reatum.
1907 2445 2080 2514 Atque

508 2513 578 2570 ita
608 2533 706 2570 nec
735 2517 800 2570 de
824 2516 1022 2584 judicio
1041 2513 1142 2584 Dei
1173 2514 1462 2584 querimur,
1498 2529 1604 2581 quo
1633 2513 1831 2584 deserit
1861 2516 2079 2568 meritos

506 2586 679 2639 deseri
705 2603 719 2650 ;
751 2597 804 2639 et
826 2582 1210 2654 misericordia:
1238 2582 1354 2654 ejus
1379 2583 1578 2651 gratias
1607 2583 1830 2651 agimus,
1871 2597 1973 2654 qua
2009 2584 2076 2638 li-

507 2657 656 2710 berat
683 2670 786 2708 non
815 2657 1033 2707 meritus
1064 2651 1294 2705 liberari.

575 2726 696 2779 031.
731 2723 840 2778 Xll.
872 2721 1022 2788 Quod
1050 2721 1365 2792 quibusdam
1391 2720 1614 2785 vocatis,
1646 2731 1694 2774 et
1723 2721 1807 2792 pie
1831 2721 2079 2792 justeque

505 2796 808 2849 viventibus
840 2792 1141 2848 obedientia
1170 2791 1512 2845 subtrahatur
1535 2832 1550 2857 ,
1582 2800 1640 2845 ut
1666 2791 1884 2848 obedire
1935 2791 2079 2846 desi-

503 2875 666 2919 Slﬂlll.
1813 2893 1816 2895 ‘

577 2935 735 2988 Resp.
776 2932 832 2989 Si
861 2932 1005 2987 Deus
1033 2931 1302 2985 hominem
1331 2929 1432 2984 sibi
1459 2929 1794 2985 obedientem
1827 2945 1854 2984 a
1885 2931 2080 3000 pietate

502 3003 787 3068 deturbat,
819 3011 872 3057 et
909 3003 1044 3056 bene
1079 3008 1383 3070 currentem
1412 3001 1603 3054 cadere
1639 3002 1796 3066 facit;
1826 3017 1953 3070 ergo
1983 3017 2080 3070 pro

505 3073 659 3126 bonis
697 3074 832 3126 mala
867 3072 1143 3135 retribuit,
1176 3079 1234 3124 et
1265 3069 1461 3137 injuste
1500 3071 1681 3139 punit,
1723 3071 1865 3137 quod
1896 3069 1960 3124 ut
1986 3069 2080 3125 liat

503 3143 744 3212 impellit.
776 3141 912 3210 Quid
939 3149 1044 3194 tam
1077 3155 1404 3212 perversum,
1439 3140 1565 3210 quid
1593 3151 1700 3193 tam
1729 3141 1970 3212 insanum
1998 3143 2080 3195 di-

501 3215 548 3267 ci
579 3210 668 3267 aut
693 3212 912 3282 cogitari
945 3212 1159 3278 potest?
1187 3210 1295 3282 Sed
1333 3210 1576 3282 in_talem
1606 3225 1822 3264 sensum
1855 3211 2074 3265 trahun-

503 3293 610 3346 tur,
659 3279 978 3352 qui'putant
1023 3281 1074 3334 in
1116 3280 1364 3334 omnibus
1399 3279 1501 3352 hoe
1535 3295 1654 3334 esse
1686 3282 2077 3349 prmscicntiam

507 3354 618 3418 Dei,
641 3350 860 3423 quod—et
880 3350 1203 3423 voluntatem
1229 3367 1243 3404 :
1266 3359 1387 3423 eum
1409 3350 1651 3423 voluntas
1671 3352 1786 3418 ejus
1808 3366 2074 3423 nunquam

502 3423 629 3476 velit
656 3419 756 3476 nisi
786 3423 958 3484 bona;
987 3419 1320 3489 praascientia
1348 3427 1525 3489 autem
1553 3429 1607 3474 et
1631 3420 1766 3473 bona
1794 3421 2002 3474 noverit
2025 3431 2078 3474 et

501 3493 639 3544 mala
663 3509 676 3544 :
703 3491 797 3545 sed
825 3488 1129 3557 bona,’qu:e
1152 3498 1243 3542 aut
1263 3490 1375 3556 ipse
1401 3488 1577 3553 faciat,
1603 3498 1695 3542 aut
1719 3491 1879 3543 etiam
1905 3500 1960 3542 ut
1983 3504 2079 3544 nos

505 3561 758 3613 faciamus
777 3601 792 3626 ,
826 3559 1059 3625 impertit
1079 3558 1140 3622 ³;
1169 3558 1304 3611 mala
1331 3568 1507 3610 autem
1528 3597 1542 3620 ,
1571 3572 1689 3626 qua:
1718 3559 1937 3612 omnino
1967 3561 2078 3626 ipse

503 3644 609 3682 non
637 3631 779 3692 fecit,
809 3643 982 3696 neque
1006 3626 1118 3680 fieri
1143 3628 1329 3691 suasit,
1353 3636 1444 3680 aut
1471 3628 1692 3695 impulit.
1727 3628 1877 3682 Vires
1905 3629 2078 3697 itaque

503 3699 817 3753 obedientia:
847 3713 950 3751 non
982 3697 1103 3750 ideo
1138 3697 1382 3767 cuiquam
1426 3698 1724 3761 subtraxit,
1787 3698 1913 3767 quia
1955 3715 2076 3752 eum

505 3784 612 3822 non
645 3768 1042 3838 prmdestinavit
1064 3784 1078 3820 :
1103 3766 1196 3821 sed
1228 3765 1347 3838 ideo
1375 3782 1505 3838 eum
1527 3783 1630 3820 non
1661 3765 2074 3837 praxlestinavit,

501 3840 621 3908 quia
652 3853 981 3908 recessurum
1003 3839 1080 3908 ab
1105 3837 1216 3908 ipsa
1245 3837 1546 3908 obedientia
1573 3851 1694 3890 esse
1723 3838 1980 3908 praevidit.

571 3909 688 3962 Om.
732 3907 864 3963 Xlll.
901 3905 1053 3974 Quod
1079 3905 1289 3975 quidam
1313 3907 1555 3961 homines
1576 3923 1680 3960 non
1704 3909 1768 3961 ad
1794 3907 1892 3962 hoc
1914 3924 1941 3960 a
1970 3909 2078 3963 Deo

498 3979 665 4032 creati
691 3987 833 4042 sunt,
863 3987 921 4030 ut
947 3979 1106 4046 vitam
1133 3976 1555 4046 adipiscerentur
1581 3986 1868 4040 inter-nam;
1897 3980 1990 4031 sed
2022 3987 2078 4032 ut

501 4047 737 4101 habitum
779 4045 1144 4100 tantummodo
1177 4045 1355 4100 saeculi
1396 4047 1676 4116 praesentis
1713 4058 1982 4113 ornarent,
2023 4058 2078 4103 et

498 4117 564 4170 ad
593 4118 869 4171 utilitatem
901 4125 1244 4170 nascerentur
1266 4116 1512 4170 aliorum.

570 4187 730 4240 Rsse.
779 4185 1066 4242 Universos
1114 4185 1356 4254 homines
1401 4200 1505 4238 non
1550 4185 1854 4254 ignoramus
1897 4201 1926 4240 a
1968 4187 2076 4242 Deo

496 4256 803 4326 singillatim
832 4255 1040 4326 creari,
1071 4253 1220 4326 etde
1268 4255 1366 4308 hac
1409 4253 1755 4309 universitate
1793 4256 1925 4310 alios
1976 4257 2075 4311 da-

497 4323 758 4380 mnandos
773 4340 893 4380 cum
910 4323 1139 4384 diabolo.
1157 4324 1288 4376 alios
1314 4333 1624 4393 regnaturos
1651 4340 1896 4379 essecum
1923 4326 2077 4382 Chri-

498 4407 600 4448 sto.
633 4396 783 4463 Quod
820 4409 948 4464 ergo
984 4394 1144 4448 etiam
1179 4393 1231 4446 hi
1254 4403 1537 4464 creantur,
1575 4395 1675 4464 qui
1704 4404 1920 4450 aeternae
1954 4395 2074 4451 vitae

501 4468 780 4532 participes
809 4463 915 4518 non
942 4474 1099 4517 erunt
1121 4503 1136 4527 ,
1178 4463 1317 4518 nulla
1341 4473 1433 4534 est
1467 4464 1618 4532 culpa
1649 4463 1917 4518 Creatoris
1937 4506 1952 4529 ,
1985 4469 2072 4534 qui

496 4546 701 4587 natura:
740 4543 927 4589 auctor
963 4542 1064 4596 est,
1093 4549 1197 4587 non
1237 4533 1351 4587 vitii
1380 4534 1520 4603 quod
1560 4542 1746 4587 natura
1785 4533 2069 4589 contraxit.

495 4603 686 4655 Ornari
723 4612 900 4656 autem
932 4603 1089 4656 etiam
1131 4604 1310 4656 taliuut
1353 4605 1659 4658 conditione
1697 4605 1879 4658 mundi
1921 4604 2075 4673 hujus

500 4674 806 4743 varietatem
832 4713 847 4737 ,
879 4673 996 4738 quis
1025 4687 1130 4743 non
1161 4673 1416 4741 intelligat
1441 4714 1455 4735 ,
1488 4674 1578 4743 qui
1603 4673 1779 4727 videat
1806 4673 1995 4728 studiis
2021 4683 2076 4730 et

497 4741 749 4813 operibus
786 4740 1134 4813 quorumdam
1167 4740 1458 4813 impiorum
1499 4740 1576 4798 tot
1625 4745 1904 4798 commoda
1952 4746 2074 4799 vita:

496 4811 775 4880 priesentis
805 4811 1059 4864 instructa
1086 4812 1139 4864 in
1166 4812 1468 4865 inventione
1503 4815 1732 4879 artium,
1760 4815 1812 4868 in
1865 4824 2074 4868 exstru-

494 4883 675 4937 ctione
702 4881 933 4944 urbium,
955 4882 1004 4933 in
1035 4881 1410 4952 constitutione
1440 4883 1632 4952 legum,
1666 4883 1718 4938 in
1738 4884 2072 4939 conftedera-

499 4953 641 5007 tione
665 4953 976 5024 populorum
999 4951 1197 5024 ?Quod
1222 4952 1267 5005 si
1289 4951 1564 5022 quaeritur,
1594 4969 1660 5007 an
1685 4955 1752 5009 de
1777 4955 1911 5015 istis.
1938 4970 2073 5024 quos

495 5036 526 5074 ιι
569 5037 692 5093 vera
727 5023 993 5093 religione
1036 5023 1230 5090 impius
1271 5037 1423 5077 error
1459 5024 1670 5087 avertit,
1713 5025 1910 5092 aliquid
1947 5023 2072 5078 boni

497 5089 820 5163 profectibus
842 5089 1147 5146 sanctorum
1173 5101 1230 5148 et
1252 5093 1594 5148 incrementis
1619 5089 1871 5148 Ecclesiae
1899 5096 2072 5163 provi-

496 5160 868 5232 dentia‘divina
889 5163 1205 5216 contulerit:
1227 5163 1535 5232 inspiciatur
1556 5167 1783 5232 primum
1807 5160 1918 5231 ipsa
1941 5179 2070 5218 crux

495 5229 689 5284 Christi
715 5270 730 5294 ,
774 5230 824 5282 in
862 5245 962 5298 qua
993 5246 1184 5300 magno
1209 5229 1410 5286 scelere
1432 5229 1738 5286 Judzeorum
1767 5229 2070 5289 misericors

495 5302 740 5355 voluntas
763 5299 875 5362 Dei,
901 5308 957 5353 ut
977 5315 1071 5368 pro
1086 5299 1457 5372 redemptione
1478 5310 1658 5357 nostra
1686 5303 1872 5358 unicus
1898 5303 2069 5358 Filius

557 5479 574 5511 ι
625 5479 928 5542 nemigianus
988 5481 1069 5528 Its.
1121 5477 1185 5525 ab
1225 5479 1418 5542 antiqua
1454 5491 1599 5529 manu
1644 5481 1894 5530 correctus
1915 5512 1930 5536 ,
1975 5474 2067 5526 ati-

766 5601 920 5671 eodex
945 5607 1393 5671 eorreetugpmna
1405 5598 1514 5662 ﬁeri
1553 5599 1853 5671 debuerint._
1948 5662 1957 5671 .
1999 5661 2008 5671 .

505 5659 571 5761 n'
603 5662 738 5723 aditi,
760 5662 976 5724 imperat.
1003 5659 1302 5724 Castigantttr
1338 5659 1415 5709 ad'
1436 5665 1807 5724 manuscriptqu
1833 5661 2066 5724 ﬂemigia-

543 5732 637 5766 um.

1665 304 2060 361 APPENDlClS
2099 306 2274 363 PARS
2313 307 2590 362 TERTIA.

3656 319 3790 376 1850

2193 417 2310 486 ejus
2338 419 2706 495 occideretur,
2746 420 2961 495 impleta
2991 432 3092 477 est.
3138 423 3450 495 ittspicialttr
3490 428 3781 495 Apostolo-

2195 503 2310 561 rum
2336 489 2891 561 gloriosatolerantia,
2921 493 3057 545 inter
3077 489 3511 561 persequentium
3539 489 3779 554 iremitus

2195 559 2448 612 unianimi
2477 560 2492 590 ⁸
2520 559 2585 611 ad
2630 560 2793 613 Deum
2834 577 2964 616 vnce
3007 559 3350 618 clan‘ianti’um
3380 583 3392 617 :
3427 565 3783 622 Convenerut

2192 628 2323 681 enim
2366 644 2478 702 rere
2520 629 2572 681 in
2615 629 2810 683 civitate
2849 632 2976 696 ista,
3000 633 3262 702 adversus
3300 645 3534 687 sanctum
3571 655 3781 702 puerum

2193 707 2331 750 tuum
2349 698 2546 769 Jesunt,
2574 716 2717 768 quem
2745 702 2952 764 ttttxisti;
2982 701 3212 756 Herodes
3237 715 3281 755 et
3305 703 3526 757 Pontius
3556 698 3779 769 Pilatus.

2191 785 2304 820 cum
2331 768 2556 843 gentibus
2585 779 2630 821 et
2661 768 2860 843 populis
2891 770 3071 834 Israel,
3119 781 3172 825 ut
3204 775 3425 842 {acerem
3453 792 3571 843 qua
3601 768 3783 830 manus

2192 847 2281 914 tua
2307 839 2644 914 etronsilium
2681 841 3046 914 pi'wdestiitavit
3080 839 3372 914 ﬁerilAct.
3421 839 3492 903 w‘.
3534 845 3631 911 27,
3668 847 3780 912 28).

2195 907 2544 986 [aspiciantur
2572 910 2800 986 denique
2838 907 3304 986 innumerabilium
3337 907 3636 984 martyrum
3673 907 3780 986 pal-

2193 995 2314 1043 mae,
2345 979 2538 1044 quibus
2571 979 2639 1032 de
2674 981 3037 1035 crudelissima
3079 984 3368 1037 infidelium
3411 979 3617 1038 safvitia
3657 979 3780 1041 felix

2192 1057 2275 1122 est
2303 1049 2490 1122 collata
2520 1049 2762 1122 victoria.
2792 1050 3056 1105 Audiatur
3083 1054 3244 1106 etiam
3275 1056 3563 1122 Apostolus
3593 1057 3780 1111 Eccle-

2193 1119 2324 1171 siam
2377 1119 2467 1172 Dei
2505 1119 2571 1172 ad
2614 1125 3063 1188 perseverantiam
3107 1119 3335 1188 pietatis'
3361 1125 3670 1179 instituens.
3720 1126 3780 1179 In

2192 1188 2332 1241 nullo
2356 1228 2369 1248 .
2407 1189 2613 1254 inquit,
2655 1191 2940 1242 terreamini
2967 1191 3027 1243 ab
3053 1193 3358 1246 adversariis
3378 1234 3392 1252 .
3433 1209 3550 1258 qua:
3572 1207 3652 1248 est
3680 1197 3781 1248 illi:

2191 1275 2344 1311 causa
2388 1259 2700 1326 perditionis,
2739 1261 2876 1313 vobis
2911 1270 3078 1313 autem
3112 1263 3311 1324 salutis,
3356 1272 3404 1315 et
3443 1263 3539 1316 hoc
3575 1282 3609 1316 α
3647 1265 3775 1318 Deo.

2203 1326 2350 1380 Vobis
2390 1330 2520 1400 enim
2558 1329 2798 1382 donatum
2835 1340 2906 1382 est
2945 1346 3035 1400 pro
3065 1329 3262 1385 Christo
3290 1349 3390 1385 non
3427 1335 3596 1385 solum
3630 1346 3686 1386 ut
3728 1338 3778 1386 in

2191 1414 2321 1472 eum
2332 1397 2567 1472 credatis,
2596 1400 2860 1472 serl‘retiam
2889 1397 2953 1451 ut
2979 1417 3070 1469 pro
3097 1401 3188 1472 illo
3215 1403 3478 1467 patiamini
3507 1403 3771 1472 (Philipp.

2190 1481 2229 1526 ι,
2257 1467 2345 1527 28,
2373 1467 2441 1519 29
2465 1472 2502 1535 ).
2538 1469 2608 1521 De
2640 1469 2740 1522 illis
2763 1467 3274 1536 quoqueerroribns
3300 1467 3590 1527 consulens
3618 1467 3779 1527 nobis

2193 1538 2283 1590 Dei
2324 1537 2530 1590 bonitas
2569 1539 2859 1603 sentiatur,
2886 1555 3022 1606 quos
3054 1541 3190 1593 Deus
3227 1543 3277 1593 in
3317 1542 3556 1595 Ecclesia
3584 1553 3777 1597 contra

2191 1607 2477 1668 Ecclesiam
2509 1609 2745 1678 permisit
2769 1624 3056 1676 exsurgere
3081 1626 3094 1661 :
3119 1626 3222 1661 nou
3253 1612 3437 1678 utique
3458 1627 3554 1666 eos
3580 1627 3778 1667 creatis

2188 1687 2279 1748 aut
2310 1679 2508 1748 fovens.
2537 1677 2629 1730 sed
2660 1694 2751 1744 per
2778 1679 2921 1743 ipsos
2944 1679 3267 1748 diligentiam
3294 1677 3528 1734 filiorum
3555 1698 3777 1736 suorum

2189 1747 2254 1799 ad
2280 1747 2672 1814 inquisitionem
2701 1755 2754 1800 et
2780 1749 3074 1802 custodiam
3107 1750 3340 1802 veritatis
3366 1765 3668 1814 exercens;
3698 1753 3779 1806 ds-

2190 1818 2644 1888 centeApostolo,
2679 1818 2884 1888 Oportet
2907 1819 3120 1871 ltwrcses
3144 1835 3278 1879 esse,
3307 1831 3359 1871 ut
3383 1823 3582 1888 probati
3608 1824 3776 1875 innui-

2188 1886 2301 1960 [esti
2331 1887 2453 1960 ﬁant
2483 1888 2534 1939 iu
2563 1888 2697 1960 vobis
2725 1888 2790 1960 (_l
2819 1887 2935 1960 cor.
2966 1904 3040 1949 x1,
3078 1890 3141 1942 l9
3164 1888 3204 1956 ).
3232 1888 3364 1954 Quis
3383 1886 3572 1943 autem
3602 1895 3774 1960 ηερξ-

2187 1956 2335 2009 ciens
2361 1956 2427 2008 ad
2468 1957 2716 2010 tenebras
2762 1958 3082 2023 impiorum,
3124 1968 3178 2012 ct
3215 1959 3280 2012 ad
3325 1956 3772 2015 illuminationém

2189 2023 2414 2098 ﬁliorum
2441 2067 2455 2089 ,
2494 2043 2597 2098 non
2625 2027 2689 2078 ad
2725 2028 2920 2095 gratias
2955 2028 3188 2097 agendas
3232 2029 3379 2092 Deo,
3420 2044 3486 2098 ex
3526 2031 3640 2098 ipsa
3684 2033 3776 2085 fiat

2185 2096 2466 2168 collatione
2495 2097 2815 2168 ferventior;
2853 2107 2906 2152 et
2932 2096 3161 2152 in’ruina
3197 2096 3531 2168 pereuntium
3547 2096 3771 2166 discat,

2188 2164 2238 2238 i_n
2266 2181 2383 2238 qua:
2407 2167 2538 2218 mala
2572 2181 2662 2232 per
2689 2167 2911 2238 liberum
2939 2169 3162 2238 arbitriu
3189 2164 3217 2221 ιι
3245 2179 3441 2229 rueret,
3471 2170 3573 2223 nisi
3600 2172 3650 2224 ei
3678 2164 3774 2238 prr

2189 2234 2466 2344 Domipum
2496 2247 2734 2290 nostrum
2759 2236 2942 2291 Jesum
2965 2237 3236 2293 Christum
3267 2240 3355 2293 Dei
3382 2241 3551 2308 gratia
3575 2234 3770 2298 subire-

2189 2314 2317 2344 ιιιιορΙ

2187 2305 2354 2358 niret‘i

2255 2375 2376 2448 Οω.
2417 2373 2559 2448 XIV,
2595 2376 2745 2442 Quod
2781 2377 2866 2448 qui
2903 2379 3222 2447 evangeliea
3259 2379 3623 2448 prxedicationi
3659 2397 3768 2434 non

2187 2445 2428 2519 credunt,
2453 2447 2636 2519 exDei
2663 2445 3122 2514 praedestinatione
3147 2445 3488 2503 non'credaut
3513 2469 3526 2504 :
3547 2454 3768 2519 etquod

2187 2513 2326 2591 Deus
2354 2516 2418 2568 ita
2447 2517 2730 2591 definierit,
2761 2526 2816 2570 ut
2844 2519 3161 2591 quicumque
3187 2534 3290 2573 non
3316 2519 3565 2588 credunt,
3589 2513 3657 2576 ei
3685 2523 3770 2591 ip-

2185 2584 2297 2638 sius
2325 2588 2699 2640 Constituiionc
2731 2605 2832 2639 nun
2864 2584 3101 2641 credant.

2254 2653 2414 2710 Rsse.
2440 2655 2721 2730 infidelitas
2742 2673 2845 2730 non
2863 2657 3194 2730 credentium
3222 2659 3508 2727 Evangelio
3553 2677 3769 2730 nequa-

2186 2740 2343 2798 quam
2378 2741 2454 2798 ex
2483 2727 2591 2779 'Dei
2637 2727 3101 2794 prmdestinatione
3148 2740 3453 2798 generatur.
3489 2727 3767 2787 Bonorum

2185 2797 2328 2849 enim
2377 2797 2513 2850 Deus
2541 2807 2725 2850 auctor
2753 2807 2854 2858 est,
2904 2814 3008 2856 nun
3043 2799 3322 2853 malorum.
3351 2799 3768 2855 Praedestinatiu

2185 2865 2344 2934 igitur
2373 2867 2462 2920 Dei
2492 2880 2704 2934 semper
2727 2867 2778 2918 iu
2816 2867 2958 2920 bono
2993 2877 3092 2933 est,
3134 2877 3228 2921 aut
3256 2868 3322 2921 ad
3349 2872 3767 2926 retributionem

2180 2933 2422 3004 justitiae,
2463 2945 2555 3008 aut
2601 2933 2666 2990 ad
2715 2935 3056 3008 donationem
3097 2939 3370 3006 pertinens
3397 2942 3600 3008 gratia}.
3636 2942 3769 2996 Uni-

2187 3020 2356 3059 versae
2407 3006 2549 3058 enim
2595 3008 2694 3058 via:
2753 3007 2958 3060 Domini
3019 3006 3500 3063 misericordia—et
3563 3014 3768 3066 veritas

2190 3068 2536 3148 (Psal._urv,
2563 3075 2933 3148 £70).‘Proinde
2959 3078 3238 3131 inlidelitas
3269 3094 3373 3132 non
3398 3080 3766 3147 credentium,

2187 3159 2292 3217 non
2322 3145 2388 3217 ad
2425 3145 2854 3217 constitutionem
2885 3147 3007 3210 Dei,
3037 3149 3128 3200 sed
3157 3149 3221 3199 ad
3251 3149 3639 3217 pnescieutiam
3668 3145 3770 3206 re?-

2187 3213 2399 3268 fereuda
2424 3225 2524 3268 est.
2551 3216 2680 3281 Qua:
2701 3230 2806 3269 non
2838 3217 2956 3271 ideo
2986 3213 3356 3271 necessitatem
3383 3235 3486 3272 non
3505 3223 3767 3276 credendi

2187 3285 2379 3348 intulit,
2408 3286 2658 3356 quia_lalli
2685 3285 2752 3338 de
2776 3301 2836 3338 ea
2862 3326 2878 3352 ,
2923 3301 3044 3356 quae
3067 3285 3237 3340 futura
3265 3297 3381 3342 crat
3404 3330 3420 3350 ,
3448 3290 3767 3347 inﬁdelitate

2186 3369 2290 3428 non
2323 3355 2508 3428 potuit.
2535 3354 2692 3428 Fides
2725 3364 2902 3409 autem
2932 3354 2985 3410 et
3012 3359 3287 3410 claritatis
3315 3374 3498 3426 opera.
3520 3371 3682 3428 atque
3711 3366 3766 3416 in

2183 3424 2277 3500 eis
2305 3439 2472 3500 usque
2496 3427 2545 3477 in
2576 3425 2734 3500 tinent
2767 3428 3159 3494 perseverantia
3186 3466 3201 3493 ,
3242 3424 3365 3500 quia
3415 3424 3618 3485 homini
3664 3447 3769 3500 per

2190 3493 2279 3546 Dei
2299 3494 2528 3568 gratiam
2572 3493 3211 3568 conferuntur,orecteet
3257 3493 3366 3564 ipsa
3388 3539 3406 3564 ,
3436 3509 3494 3552 et
3522 3516 3642 3568 qua:
3664 3493 3766 3556 ἐἰς

2183 3562 2525 3617 retribuenda
2554 3573 2696 3630 sunt,
2728 3565 3099 3632 prmdestinata
3123 3562 3399 3629 dicuntur,
3421 3584 3486 3621 ex
3519 3562 3767 3624 auctori-

2186 3641 2292 3707 tate
2319 3634 2557 3707 Apostoli
2581 3676 2596 3696 ,
2627 3636 2717 3700 qui
2747 3636 2825 3688 ait
2851 3652 2866 3681 τ
2895 3634 3194 3707 (ἕναιὶαῄυεὶ
3214 3637 3338 3690 salvi
3377 3641 3500 3707 facti
3526 3643 3646 3694 estis
3672 3659 3766 3707 per

2183 3703 2374 3770 fidem;
2402 3713 2450 3754 et
2480 3705 2573 3756 hoc
2593 3720 2692 3756 non
2714 3721 2776 3758 ea:
2803 3707 2936 3758 vobis
2957 3746 2973 3769 ,
3003 3705 3091 3759 sed
3141 3706 3231 3759 Dei
3275 3703 3466 3760 donum
3511 3720 3582 3762 est
3611 3727 3629 3763 :
3659 3703 3761 3764 nou

2183 3788 2246 3824 ea:
2283 3773 2513 3846 operibus
2536 3815 2550 3838 ,
2591 3791 2653 3827 ne
2681 3777 2811 3844 forte
2855 3776 2966 3845 quis
2994 3775 3283 3846 extollatur.
3314 3775 3490 3846 Ipsius
3515 3781 3651 3832 enim
3673 3798 3761 3833 ,ςκ-

2183 3857 2292 3918 mus
2329 3843 2638 3918 ﬁgmentum,
2663 3843 2821 3918 creati
2852 3843 2904 3897 in
2934 3845 3165 3918 aperibus
3211 3843 3356 3918 bonis
3373 3889 3386 3908 ,
3414 3864 3532 3918 qua
3555 3867 3763 3918 prepa-

2182 3900 2533 3990 Lavit'beus‘,
2581 3900 2635 3966 ut
2656 3915 2709 3967 in
2745 3916 2848 3968 illis
2897 3900 3760 3990 ambulemus“(Eplieis‘tIfSiDi

2183 3979 2327 4057 Tam_
2343 3997 2472 4057 ergo
2505 3985 2556 4036 iu
2582 3999 2765 4057 errore
2791 3994 2874 4038 est
2895 4025 2908 4045 .
2935 3986 3024 4057 qui
3057 3979 3423 4043 inﬁdelitatem
3471 3979 3759 4057 impiorum

2181 4049 2247 4128 ad
2296 4051 2388 4105 Dei
2412 4049 2866 4109 iconstitntiOnem
2899 4049 3094 4128 refert;
3123 4071 3283 4124 quam
3313 4058 3404 4124 qui
3436 4049 3564 4112 fidei
3603 4061 3763 4128 justi-

2184 4120 2732 4192 timquesanctorum,
2785 4139 2888 4177 non
2942 4125 3106 4178 Deum
3138 4120 3417 4192 profiteiur
3459 4120 3760 4183 auctorem.

2181 4190 2280 4264 Qui
2302 4191 2444 4264 enim
2468 4194 2617 4264 quod
2636 4204 2914 4264 acceperat
2945 4190 3195 4264 perdidit,
3240 4212 3346 4249 non
3380 4197 3505 4250 inde
3533 4199 3584 4252 id
3625 4203 3761 4252 reci-

2182 4260 2259 4328 pit
2302 4261 2444 4314 unde
2475 4261 2742 4335 perdidit;
2768 4260 2864 4317 sed
2890 4260 2958 4316 ali
3016 4265 3109 4318 illo
3138 4266 3324 4335 recipit
3349 4267 3494 4335 quod
3542 4269 3762 4334 habeat,

2181 4343 2337 4403 aquo
2359 4333 2499 4403 quod
2527 4332 2704 4403 amisit
2737 4343 3034 4403 acceperat.

2235 4399 2369 4480 Der.
2402 4401 2514 4454 XV.
2545 4401 2698 4469 Quod
2733 4399 2882 4458 idem'
2900 4405 2971 4457 sit
2999 4405 3355 4474 tumscientia,
3386 4407 3531 4476 quod
3557 4409 3765 4477 praede-

2179 4477 2412 4522 stinatio.

2255 4539 2423 4618 Hesr._
2436 4541 2534 4607 Qui
2562 4543 2944 4618 prtescientiam
2975 4545 3064 4618 Dei
3087 4546 3142 4618 in
3169 4545 3313 4618 nullo
3333 4546 3400 4600 ab
3431 4547 3600 4614 ipsius
3624 4565 3763 4618 pne-

2180 4606 2534 4682 destinatinne
2558 4606 2848 4676 discernit,
2891 4615 3033 4682 quod
3063 4615 3400 4669 tribuendum
3431 4606 3516 4670 est
3543 4606 3654 4672 Deo
3694 4621 3762 4674 ἰε

2183 4676 2353 4738 bonis,
2391 4681 2489 4732 hoc
2514 4682 2561 4734 ei
2587 4682 2746 4734 etiam
2772 4682 2840 4736 de
2868 4676 3020 4738 malis
3044 4695 3267 4739 conatur
3291 4686 3627 4741 adscribere.
3651 4689 3761 4743 Sed

2178 4760 2297 4824 eum
2342 4747 2588 4824 bonaad
2632 4751 2932 4824 largitorem
2999 4767 3513 4824 cooperatoremque
3571 4773 3762 4813 eorum

2183 4815 2366 4881 Deum,
2399 4820 2533 4874 mala
2568 4815 2744 4874 autem
2778 4823 2844 4874 ad
2897 4815 3247 4878 voluntariam
3289 4815 3574 4880 ratio-nalis
3613 4845 3763 4882 «ξηα-

2179 4894 2310 4962 tura:
2338 4890 2922 4962 nequitiamreferenda
2945 4895 3054 4947 sint
3081 4912 3095 4947 :
3125 4895 3346 4948 dubium
3371 4911 3476 4950 non
3509 4907 3620 4962 est,
3646 4902 3761 4952 sine

2179 4956 2283 5009 ulla
2303 4956 2579 5032 temporali
2607 4960 2902 5016 differentia
2935 4963 3099 5017 Deum
3117 4973 3170 5018 et
3192 4965 3473 5032 praescisse
3489 4956 3679 5032 simul,
3711 4979 3765 5022 et

2178 5026 2605 5102 prredestinasse.
2639 5033 2901 5102 quzeipso
2940 5043 3091 5086 erant
3129 5026 3348 5088 auctore
3377 5026 3763 5102 facienda,'vel

2175 5110 2295 5162 qua:
2327 5098 2480 5172 malis
2529 5101 2732 5154 meritis
2765 5101 2910 5170 justo
2938 5111 3092 5156 erant
3135 5104 3338 5172 judicio
3365 5098 3716 5161 retribueuda
3744 5125 3759 5167 ;

2178 5167 2453 5233 praescisse
2494 5180 2669 5224 autem
2699 5167 3065 5244 tantummodo
3087 5215 3101 5238 ,
3136 5167 3258 5226 'nnu
3286 5175 3447 5228 etiam
3481 5178 3763 5244 prmdcsti-

2177 5250 2354 5312 nasse,
2385 5253 2504 5312 quae
2535 5255 2732 5312 nonoex
2763 5241 2880 5309 ipso
2899 5253 3282 5297 eranteausam
3309 5241 3644 5312 operationis
3668 5249 3761 5300 ha-

2175 5305 2369 5386 bitura.
2408 5305 2614 5386 ’Potest_
2640 5305 2956 5386 itaquesine
2983 5305 3450 5382 praedestinatiime
3473 5330 3597 5371 esse
3625 5335 3762 5386 pne-

2175 5379 2396 5430 scientia
2426 5395 2438 5429 :
2473 5379 2868 5447 przedestinatio
2887 5379 3064 5436 autem
3094 5387 3210 5438 sine
3251 5388 3589 5453 praescientia
3625 5379 3763 5442 ease

2175 5459 2280 5498 non
2313 5456 2505 5515 potest.

2251 5515 2342 5588 (α)
2410 5517 2664 5585 Quamvis
2724 5535 2850 5590 ergo
2902 5522 2965 5575 ad
3019 5538 3212 5579 omnes
3275 5526 3610 5594 objectiones
3663 5541 3762 5581 seu

2235 5607 2253 5675 ξ
2289 5607 2424 5675 ξῖάἱιί,
2449 5608 2540 5675 hac
2562 5610 2725 5675 animi.
2752 5610 2918 5661 Melius
2950 5615 3130 5675 ueinig.
3159 5624 3260 5675 Ms,

2181 5737 2194 5781 l
2233 5667 2309 5781 (of)
2340 5673 2547 5733 singulis
2572 5674 2896 5736 objectiouum
2921 5667 3142 5738 capitulis
3164 5667 3382 5742 singulas
3420 5680 3619 5741 opponit
3640 5691 3762 5729 sea-

2203 5748 2263 5781 (’ll
2293 5752 2376 5781 HIS.
2885 5755 2902 5776 ⁸

2203 5742 2376 5786 eulias.
2885 5755 2902 5776 ι
