3998 6190
273 387 404 443 I8“

269 501 508 570 querula:
554 499 871 570 imperitiae,
926 512 1018 552 seu
1074 495 1274 570 fallacis
1313 494 1576 570 invidias,
1603 494 1850 570 planissi-

271 564 355 626 me
400 588 463 627 ac
490 564 834 642 plenissime,
884 576 1139 642 quantum
1176 566 1431 642 Dominus
1458 564 1626 631 dedit,
1657 564 1819 619 exiSti

276 658 415 696 mem
444 635 565 696 esse
616 635 971 707 responsum:
1005 635 1389 706 professionem
1443 645 1619 690 tamen
1661 648 1850 689 sensus

273 712 437 765 nostri
466 712 627 765 etiam
669 710 719 762 in
751 709 928 762 brevia
957 716 1287 765 coarctemus
1311 722 1329 769 ;
1353 716 1410 760 ιιι
1436 707 1536 760 sub
1564 719 1850 773 paucorum

270 782 554 835 verborum
581 779 916 849 simplicitate
934 777 1701 849 magismagisqueappareat,
1748 790 1846 849 nos

269 850 410 920 qttud
466 851 533 904 de
561 845 721 920 supra
761 848 974 915 scriptis
1001 845 1246 915 capitulis
1277 845 1618 920 intelligimus
1643 887 1656 907 ,
1704 845 1843 920 nulla

259 916 723 988 c'ircutuloquetnli
750 927 864 972 arte
895 927 1210 984 praetexere,
1237 916 1343 971 .sed
1390 916 1632 988 absolute
1653 930 1759 988 ac”
1778 916 1843 968 Ii-

264 990 394 1045 bere
423 999 477 1044 et
528 984 686 1058 prava
730 1003 1017 1058 respuere,
1048 996 1104 1041 et
1132 1001 1451 1041 consensum
1484 984 1846 1056 probabilibus

267 1072 373 1113 non
406 1074 621 1130 negare.

339 1150 381 1205 I.
428 1150 677 1218 Quisquis
708 1150 866 1217 igitur
905 1164 969 1203 ex
1019 1146 1486 1216 praedestinatione
1532 1145 1664 1218 Dei,
1702 1146 1846 1218 Velut

269 1219 417 1275 fatali
436 1214 773 1281 necessitate,
799 1214 1042 1272 homines
1073 1220 1123 1271 iu
1154 1225 1367 1284 peccata
1394 1216 1701 1282 compulsos
1726 1214 1842 1281 cogi

268 1291 396 1345 dicit
418 1292 468 1343 in
487 1297 733 1349 mortem,
754 1304 859 1341 non
883 1300 967 1343 est
994 1288 1307 1341 catholicus.
1340 1285 1494 1340 Nullo
1522 1285 1664 1339 enim
1688 1284 1846 1337 modo

270 1360 667 1429 prmdestitiatio
718 1358 811 1414 Dei
856 1358 1065 1429 iniquos
1132 1358 1275 1421 facit,
1323 1371 1494 1425 neque
1530 1355 1844 1425 cujusquam

267 1428 488 1485 cumino
511 1439 597 1485 est
622 1444 781 1483 causa
809 1428 1032 1496 peccati.

341 1521 407 1575 ll.
449 1520 600 1581 Item,
642 1519 731 1588 qui
761 1517 888 1572 dicit
920 1517 1061 1587 quod
1088 1516 1263 1588 abhis
1287 1516 1376 1586 qui
1411 1531 1515 1568 non
1557 1522 1675 1588 sunt
1709 1529 1847 1588 praef

270 1590 517 1644 destinati
553 1588 620 1643 ad
660 1584 818 1642 vitam
846 1629 861 1652 ,
918 1584 1022 1641 non
1053 1586 1260 1641 auferat
1296 1584 1541 1654 percepta
1593 1584 1848 1653 Ihptismi

268 1661 437 1731 gratia
464 1658 735 1731 originale
747 1666 1043 1731 peceatum,
1077 1671 1182 1710 non
1209 1665 1292 1709 est
1318 1655 1630 1731 catholicus.
1656 1657 1844 1707 Sacra-

270 1726 507 1784 ineptum
534 1726 677 1782 enim
706 1726 1078 1798 Baptismatis,
1112 1741 1223 1797 quo
1263 1726 1444 1779 omnia
1480 1738 1699 1798 prorsus
1726 1739 1848 1791 pec-

269 1810 388 1854 cata
411 1800 655 1853 delentur
679 1840 693 1863 ,
724 1794 884 1851 etiam
915 1798 965 1849 in
995 1798 1073 1850 eis
1099 1794 1284 1850 verum
1333 1805 1435 1858 est,
1464 1794 1551 1863 qtti
1590 1810 1692 1846 non
1724 1802 1849 1847 sunt

276 1871 329 1923 in
363 1869 586 1924 veritate
616 1869 881 1931 mansuri,
928 1879 981 1921 et
1015 1867 1086 1922 ob
1117 1869 1217 1920 hoc
1240 1865 1305 1919 ad
1333 1866 1491 1920 vitam
1532 1879 1711 1917 veram
1741 1879 1845 1917 non

271 1949 395 1994 sunt
425 1938 803 2007 praedestinati.
1058 1957 1062 1961 <

344 2027 427 2082 III.
455 2028 603 2097 Item,
633 2028 719 2097 qui
738 2026 1033 2097 dicitquod
1065 2040 1168 2079 non
1200 2023 1640 2097 prmdestinatiad
1660 2024 1842 2087 vitam,

273 2098 476 2173 etiamsi
509 2094 703 2173 fuerint
733 2096 784 2149 in
815 2094 1048 2173 Christo
1074 2110 1169 2164 per
1204 2094 1531 2173 iiaptisinum
1561 2107 1845 2173 regem-ra:

274 2170 333 2231 ti,
363 2179 416 2222 et
461 2174 543 2236 pie
592 2166 836 2237 justi-que
886 2161 1131 2237 vixerint,
1167 2165 1292 2216 nihil
1349 2164 1426 2217 eis
1500 2161 1695 2230 prosit,
1751 2161 1848 2215 sed

276 2238 474 2291 tamdiu
505 2236 862 2299 reserventur,
896 2236 1070 2289 donec
1117 2244 1305 2299 ruant;
1350 2248 1448 2287 nec
1489 2241 1613 2287 ante
1657 2247 1751 2287 eos
1779 2248 1845 2286 ex

275 2307 372 2361 hac
401 2309 504 2360 vita
526 2349 538 2365 .
571 2321 727 2374 quam
759 2306 858 2360 hoc
883 2304 1255 2374 eiscoutingat
1284 2345 1299 2369 ,
1332 2302 1546 2366 auferri,
1596 2311 1843 2374 tauquam

271 2377 335 2429 ad
367 2372 794 2431 constitutionem
847 2375 935 2428 Dei
979 2375 1157 2427 talium
1212 2373 1481 2426 hominum
1512 2374 1662 2425 ruina
1706 2372 1844 2425 refe-

274 2448 437 2500 rcnda
468 2447 539 2500 sit
566 2463 579 2497 :
610 2460 711 2498 non
740 2454 822 2499 est
846 2444 1156 2498 catholicus.
1187 2444 1319 2510 Quia
1365 2458 1469 2496 non
1523 2443 1645 2495 ideo
1707 2441 1843 2495 Dens

272 2525 482 2583 tempus
507 2516 677 2569 aetatis
713 2514 957 2582 cuiquam
1010 2513 1336 2582 prolongavit
1357 2552 1373 2577 ,
1402 2520 1458 2565 ut
1503 2510 1593 2565 diu
1619 2512 1843 2583 vivendo

270 2581 578 2648 corruerat,
609 2593 663 2638 et
686 2600 714 2637 a
744 2581 847 2637 fide
877 2593 1019 2637 recta
1059 2584 1109 2636 in
1144 2581 1237 2636 sua
1291 2582 1623 2651 longzevitate
1647 2581 1845 2636 delice-

273 2665 399 2710 ret:
432 2670 551 2708 cum
594 2655 732 2708 inter
770 2652 1024 2708 beneficia
1088 2653 1175 2705 Dei
1223 2650 1552 2706 numeranda
1605 2651 1674 2704 sit
1728 2652 1840 2720 ipsa

273 2725 608 2806 longxevitas,
665 2738 767 2794 qua
820 2721 984 2777 homo
1056 2722 1245 2777 melior
1284 2721 1466 2776 debuit
1509 2734 1676 2788 esse,
1737 2739 1840 2775 non

362 2810 440 2847 III‘.

274 2810 440 2864 pejor.

346 2863 434 2924 IV,
463 2864 613 2925 Item,
644 2861 735 2932 qui
786 2861 915 2917 dicit
950 2861 1091 2932 quod
1123 2875 1238 2932 non
1256 2875 1443 2932 omnes
1467 2869 1728 2932 vocentur
1772 2862 1839 2916 ad

271 2933 492 3004 gratiam
519 2976 533 2997 ,
577 2934 619 2987 si
651 2929 717 2988 de
761 2932 843 2987 his
881 2929 1111 3001 loquitur
1135 2931 1325 3004 quibus
1351 2929 1595 3004 Christus
1630 2948 1841 3004 annun-

275 2999 432 3057 iiatus
460 3018 562 3057 non
602 3011 703 3068 est,
736 3019 840 3060 non
892 2999 1065 3072 potest
1096 2999 1433 3072 reprehendi.
1464 2999 1616 3072 Quia
1643 3002 1842 3056 scimus

272 3074 481 3140 quidem
503 3074 555 3127 in
576 3088 761 3127 oumes
789 3070 919 3125 lines
938 3082 1091 3125 terra!
1118 3070 1458 3138 Evangelium
1485 3070 1801 3140 destinatum
1824 3086 1840 3135 ;

271 3139 366 3197 sed
395 3158 497 3196 nou
531 3153 773 3211 putamus
808 3143 915 3210 jam
948 3142 998 3194 iu
1036 3141 1284 3211 omnibus
1311 3150 1465 3211 terra;
1492 3139 1687 3211 Iinibus
1711 3155 1844 3208 pra:-

272 3213 501 3267 dicatum
530 3209 543 3265 ἑ
575 3227 671 3266 nec
717 3209 997 3281 possumus
1033 3209 1211 3263 dicere
1240 3209 1384 3281 quod
1434 3209 1511 3281 ibi
1549 3209 1619 3261 sit
1661 3212 1843 3279 gratiae

272 3284 477 3337 vacatio
505 3324 519 3347 ,
553 3282 642 3336 ubi
672 3277 857 3337 matris
887 3281 1135 3335 Ecclesia:
1185 3278 1358 3333 adhuc
1409 3277 1547 3332 nulla
1586 3277 1844 3349 est'rege-

271 3355 497 3409 neratio.

348 3422 407 3475 ν.
464 3422 625 3485 Item,
675 3420 763 3492 qui
810 3420 939 3475 dicit
976 3419 1250 3492 quodqui
1308 3418 1481 3492 vocati
1520 3427 1681 3484 sunt,
1717 3435 1845 3492 _nr=n

270 3494 541 3560 a-qualiter
568 3489 737 3549 vocali
781 3502 934 3555 sunt,
976 3490 1068 3545 sed
1099 3490 1185 3544 alii
1230 3500 1284 3543 ιιι
1310 3489 1629 3554 crederent,
1662 3490 1746 3560 alii
1792 3501 1847 3543 ut

271 3558 378 3615 non
406 3562 728 3627 crederent,
772 3563 921 3629 quasi
962 3563 1208 3629 cuiquam
1238 3560 1442 3613 vocatio
1490 3574 1648 3612 causa
1686 3558 1848 3615 fuerit

271 3649 377 3684 non
409 3632 692 3697 credendi;
723 3647 827 3684 non
858 3640 1000 3685 recte
1043 3630 1191 3685 dicit.
1220 3629 1473 3695 Quamvis
1517 3629 1660 3682 enim
1711 3631 1843 3685 fides

272 3718 377 3754 non
424 3703 493 3754 sit
529 3702 626 3755 nisi
655 3716 718 3755 ex
766 3702 859 3755 Dei
888 3700 1047 3760 dono,
1077 3707 1131 3754 et
1162 3699 1390 3754 ltominis
1421 3698 1728 3765 voluntate;
1763 3699 1846 3754 itt-

274 3772 500 3825 Iidelitas
531 3782 707 3826 tamen
737 3787 841 3826 non
874 3780 955 3825 est
992 3770 1094 3826 nisi
1140 3784 1205 3826 ex
1252 3769 1366 3824 sola
1396 3767 1626 3824 hominis
1654 3771 1843 3825 volun-

272 3849 397 3895 Iule.

349 3911 431 3965 \‘I.
463 3912 612 3977 Item,
644 3910 730 3980 qui
760 3910 883 3965 dicit
912 3908 1053 3979 quod
1084 3906 1614 3980 liberumlarbitrium
1662 3907 1713 3962 in
1752 3908 1846 3962 ho-

275 3982 417 4036 mine
457 3982 583 4035 nihil
637 3977 725 4043 sit,
758 3980 850 4034 sed
896 3977 1007 4035 sive
1042 3980 1107 4034 ad
1144 3977 1341 4035 bonum
1376 3979 1489 4032 sive
1530 3977 1596 4032 ad
1650 3980 1846 4033 malum

274 4052 664 4120 przedestiuatio
710 4051 801 4104 Dei
853 4053 904 4104 in
948 4050 1253 4105 hominibus
1300 4057 1586 4120 operetur;
1622 4066 1740 4120 inon
1768 4059 1851 4104 est

273 4119 589 4176 catholicus.
623 4122 913 4175 Arbitrium
963 4122 1105 4177 enim
1155 4120 1385 4175 hominis
1423 4119 1590 4187 gratia
1620 4119 1709 4173 Dei
1742 4136 1847 4175 non

278 4193 477 4257 abolet,
507 4191 599 4245 scd
626 4190 797 4245 adolet
822 4207 837 4256 ;
867 4200 921 4245 et
961 4191 1028 4246 ab
1056 4206 1241 4247 errore
1270 4191 1321 4244 in
1355 4189 1493 4243 viam
1524 4198 1739 4243 revocat
1784 4205 1848 4245 ac

274 4262 480 4316 reducit
515 4279 527 4314 :
564 4270 619 4316 ut
647 4261 785 4330 quod
817 4276 910 4316 sua
939 4262 1186 4316 libertate
1210 4270 1324 4315 erat
1353 4274 1571 4329 pravum
1596 4302 1612 4321 ,
1648 4259 1845 4328 Spiritu

276 4331 365 4386 Dei
388 4340 575 4401 agente
600 4331 669 4386 sit
686 4339 907 4386 rectum.
938 4331 1343 4401 Praedestinatio
1365 4345 1574 4401 quoque
1594 4330 1683 4401 Dei
1704 4344 1849 4401 sem-

276 4419 371 4471 per
401 4400 451 4455 iu
481 4402 621 4457 bono
646 4412 725 4456 est
756 4419 769 4455 :
796 4418 914 4470 qum
945 4410 1242 4469 peccatum,
1272 4400 1383 4454 sola
1408 4400 1635 4471 hominis
1662 4400 1850 4471 volun-

276 4469 383 4526 tate
422 4472 766 4526 eouunissnm
791 4469 823 4531 ,⁷
860 4481 950 4524 aut
978 4471 1351 4524 remittendum
1380 4470 1525 4521 novit
1543 4484 1662 4523 eum
1693 4469 1849 4525 laude

274 4543 672 4608 tui-ericorditc,
700 4551 789 4594 aut
811 4541 1146 4611 plectendum
1174 4555 1293 4593 cum
1324 4537 1481 4611 laude
1504 4538 1742 4611 justiiiaz.

348 4612 456 4666 ιἰι.
483 4613 631 4674 Item,
658 4607 748 4681 'qui
775 4607 902 4664 dicit
929 4611 1069 4680 quod
1100 4607 1570 4681 Deusquibu_sd:uu
1595 4608 1717 4661 Iiliis
1740 4609 1851 4681 suis

272 4698 408 4752 quos
438 4678 769 4751 regeneravit
796 4682 848 4735 in
879 4678 1109 4752 Christo,
1143 4680 1333 4752 quibus
1362 4678 1537 4741 fidem,
1563 4692 1750 4752 spem,
1772 4678 1853 4732 di-

277 4749 558 4807 lectionem
585 4752 751 4817 dedit,
789 4752 859 4804 ob
886 4750 985 4804 hoc
1016 4766 1117 4824 non
1144 4749 1349 4824 dederit
1378 4751 1848 4824 perseverantiam,

274 4824 395 4892 quia
430 4839 537 4877 non
564 4831 734 4877 sunta
764 4835 938 4892 massa
972 4820 1286 4892 perditionis
1308 4818 1640 4892 prmscieutia
1674 4819 1764 4873 Dei
1796 4818 1851 4892 et

278 4888 743 4961 prmdestiuatioue
770 4888 986 4945 discreti
1021 4909 1033 4944 :
1060 4891 1104 4944 si
1145 4891 1248 4944 hoc
1293 4889 1405 4942 vult
1430 4888 1641 4961 firmare
1662 4930 1678 4953 ,
1709 4890 1851 4959 quod

280 4958 417 5019 Ileus
440 4962 738 5032 hujusutodi
762 4960 1004 5016 homines
1028 4962 1079 5015 iu
1109 4961 1261 5015 bonis
1289 4975 1409 5029 qua:
1434 4958 1849 5032 donaverat’no-

277 5033 435 5088 luerit
474 5028 789 5103 permanere
814 5072 827 5093 .
860 5042 912 5086 et
946 5032 1060 5103 ipse
1089 5034 1166 5085 eis
1194 5028 1350 5103 causa
1377 5028 1670 5103 aversioids
1690 5031 1852 5085 exsti-

278 5107 431 5168 terit;
462 5098 645 5158 ctttitra
692 5103 943 5172 iustitiam
968 5098 1059 5156 Dei
1086 5101 1270 5157 sentit.
1295 5098 1547 5172 Quamvis
1575 5100 1715 5172 enim
1737 5117 1855 5154 om-

278 5174 570 5243 nipotentia
602 5170 700 5227 Dei
752 5173 981 5243 potuerit
1009 5172 1147 5228 vires
1177 5172 1349 5243 standi
1390 5170 1628 5243 prtehere
1675 5171 1856 5239 lapsu-

279 5241 353 5297 ι·ιὲ
379 5265 391 5305 ;
421 5247 587 5313 gratia
623 5241 798 5299 tamen
839 5244 956 5310 ejus
982 5258 1088 5297 non
1121 5242 1267 5313 prius
1294 5256 1388 5295 eos
1414 5241 1668 5313 deseruit,
1693 5255 1856 5313 quam

277 5314 345 5367 ab
367 5307 450 5367 eis
475 5314 837 5369 desereretur.
871 5307 947 5366 Et
976 5313 1098 5383 quia
1122 5307 1232 5383 hoc
1260 5312 1403 5383 ipsos
1445 5307 1740 5383 voluntaria
1768 5309 1861 5383 ’Ia-

277 5394 457 5439 ctnros
485 5385 782 5439 defectione
832 5379 1076 5453 praevidit
1099 5424 1115 5451 ,
1150 5379 1354 5437 ideoin
1379 5379 1860 5451 prmdestinatiOuis

280 5455 543 5509 electione
569 5455 689 5508 illos
718 5470 820 5506 non
847 5454 1047 5507 habuit.

354 5524 482 5579 VIII.
509 5524 762 5595 Itcm,qui
783 5523 907 5595 dicit
935 5522 1077 5594 quod
1094 5537 1197 5577 non
1226 5536 1416 5579 omnes
1432 5518 1855 5595 hominesvelit-

282 5594 424 5649 Deus
446 5595 620 5649 salvos
652 5589 787 5658 fieri,
811 5593 904 5648 sed
925 5589 1131 5648 certum
1152 5606 1429 5647 numerum
1458 5589 1858 5657 przedestiuato-

280 5682 430 5731 rum;
453 5666 638 5720 durius
664 5665 1101 5736 quuitur,quam_
1117 5661 1437 5736 loquendum
1458 5668 1561 5723 est,
1590 5659 1656 5736 de
1679 5659 1860 5736 altitu-

276 5729 779 5790 dineinscrutabilis
807 5729 988 5803 gratia:
1013 5732 1137 5787 Dei:
1167 5729 1255 5803 qui
1277 5741 1331 5785 et
1356 5745 1541 5803 euntes
1553 5729 1669 5803 vult
1689 5730 1865 5803 saltos

278 5807 417 5875 fieri,
436 5810 657 5875 atquein
675 5798 995 5883 agnitionem
1025 5798 1259 5858 verita—tis
1283 5800 1465 5858 venire
1478 5798 1521 5873 (1
1552 5799 1769 5855 Timoth.
1805 5818 1859 5861 ιι.

1120 378 1623 437 BESPONSIONES
1661 380 1754 434 AD
1789 378 2125 435 CAPITULA
2168 380 2561 441 GALLORUM.

3402 391 3539 448 IS-I!

1966 492 2062 562 ι);
2091 502 2151 576 et
2164 496 2458 576 voluntatis
2482 513 2593 576 sine
2623 498 3039 576 prepositumin
3064 503 3143 555 eis
3174 502 3375 571 implet,
3402 521 3538 575 quos

1965 567 2241 637 prtesc'tlos
2279 567 2704 636 pra'destiuavit,
2731 569 3133 637 praxdestinatos
3181 567 3537 637 vocavit,'vo-

1965 635 2462 711 catosjustilieavit,
2494 635 2818 711 justificatos
2844 640 3162 711 gloritleavit
3191 635 3531 711 (Romivnt,

1963 701 2056 780 ᾎ9,
2096 701 2186 775 50)
2208 722 2226 780 _:
2260 707 2395 780 nihil
2432 701 2681 780 amittens
2707 708 2775 780 de
2806 701 3134 777 protrituditte
3158 701 3391 780 gentium
3414 755 3430 777 ,
3478 701 3533 771 ei

1963 774 2030 828 de
2078 776 2220 828 omni
2268 777 2469 831 semine
2490 778 2670 844 Israel,
2691 778 2777 832 cui
2807 774 3275 849 'prazparatum'est
3298 782 3354 837 in
3376 774 3534 837 Chri-

1961 852 2046 914 sto
2096 859 2316 914 regnum
2368 856 2626 900 internum
2679 856 2804 903 ante
2850 851 3280 905 constitutionem
3347 855 3528 909 mundi

1964 910 2181 992 (gauli:
2206 931 2329 979 xxv,
2354 916 2467 985 5:5).
2499 917 2881 992 E;_toto_ettitn
2908 920 3107 992 mundo
3138 930 3278 975 totus
3300 923 3528 979 mundus

1960 982 2205 1051 eligitur,
2232 995 2287 1039 et
2332 1001 2396 1039 ex
2428 982 2675 1042 outuibus
2721 987 3023 1043 hominibus
3072 1005 3258 1045 omnes
3288 994 3530 1048 homines

1960 1052 2300 1135 adoptantur.
2322 1054 2463 1135 “Nec
2490 1058 2812 1135 potest_ullo
2854 1059 3012 1135 modo
3043 1074 3134 1128 per
3163 1061 3528 1135 infidelitatem

1958 1132 2119 1197 atque
2143 1123 2553 1197 iuobedieotiam
2583 1127 2888 1197 tnnltorum,
2925 1129 3015 1182 Dei
3044 1123 3331 1197 promissio
3360 1133 3521 1186 vacil-

1963 1191 2093 1257 lare,
2124 1192 2351 1248 dicentis
2384 1195 2449 1247 ad
2478 1196 2775 1261 Abraham,
2807 1195 2873 1250 In
2911 1191 3098 1253 semine
3123 1211 3207 1253 tuo
3235 1200 3514 1255 benedicere

1959 1271 2040 1313 tur
2059 1274 2414 1336 eamagema;
2432 1263 2581 1335 (Gen.
2609 1281 2746 1329 χιιι,
2775 1266 2873 1329 I8;
2903 1283 3049 1333 xxw,
3077 1269 3152 1336 4).
3176 1270 3325 1336 Quod
3347 1280 3525 1326 autem

1961 1331 2203 1398 promisit
2218 1331 2364 1408 _Deu_s
2386 1374 2401 1399 ,
2441 1331 2636 1408 potens
2681 1344 2765 1390 est
2795 1346 2857 1408 et
2881 1331 3254 1408 faceremaut.
3279 1355 3350 1405 tv,
3380 1340 3472 1408 21)
3506 1356 3521 1395 :

1960 1411 2017 1476 ut
2044 1409 2099 1455 et
2143 1403 2231 1476 qui
2264 1403 2555 1476 salvantur.
2587 1404 2707 1459 ideo
2731 1405 2861 1460 salvi
2897 1407 3037 1468 sint,
3069 1403 3187 1476 quia
3217 1403 3521 1463 illosvoluit

1960 1469 2099 1551 Deus
2124 1472 2299 1526 salvos
2329 1473 2471 1535 fieri;
2503 1482 2557 1528 et
2585 1476 2672 1543 qui
2701 1485 2942 1545 peteunt,
2976 1469 3101 1531 ideo
3118 1487 3368 1546 pereant,
3398 1482 3520 1550 quia

1959 1555 2135 1608 perire
2164 1552 2487 1597 meruerunt.

2031 1609 2118 1685 IX.
2157 1610 2321 1685 Item,
2370 1614 2457 1685 qui
2493 1612 2621 1666 dicit
2660 1612 2803 1685 quod
2851 1629 2957 1685 non
2994 1630 3090 1685 pro
3135 1616 3298 1673 totius
3339 1618 3520 1673 mundi

1955 1680 2321 1748 redemptione
2369 1680 2612 1736 Salvator
2640 1680 2708 1736 sit
2737 1680 3018 1739 crucifixus
3039 1727 3053 1749 ,
3103 1701 3207 1740 non
3238 1688 3302 1741 ad
3342 1704 3517 1742 sacra-

1955 1750 2119 1803 menti
2163 1750 2412 1825 virtutem
2436 1792 2451 1815 ,
2496 1751 2592 1825 sed
2618 1753 2681 1805 ad
2722 1752 3011 1825 infidelium
3035 1757 3248 1825 respicit
3269 1768 3469 1825 partem
3499 1769 3516 1810 ε

1955 1832 2075 1899 eum
2105 1820 2565 1899 sanguis_Domini
2594 1823 2760 1899 nostri
2787 1822 2913 1876 Jesu
2952 1820 3147 1899 Christi
3173 1820 3401 1899 pretium
3431 1838 3504 1880 to.

1955 1889 2059 1965 tius
2096 1889 2276 1965 mundi
2301 1890 2457 1965 sit_;_a
2485 1907 2590 1965 quo
2629 1892 2796 1965 pretio
2843 1896 3079 1965 extranei
3124 1889 3246 1949 sunt
3269 1937 3284 1961 ,
3316 1897 3404 1965 qui
3427 1907 3517 1951 attt

1954 1956 2201 2032 delectati
2238 1956 2568 2032 captivitate,
2595 1956 2781 2015 redimi
2814 1963 3096 2017 noluerunt
3118 2005 3133 2029 ,
3161 1956 3398 2032 ant'post
3429 1982 3512 2020 re-

1953 2026 2310 2095 demptionem
2339 2028 2404 2081 ad
2421 2030 2659 2083 eamdem
2685 2038 2806 2083 sunt
2828 2026 3133 2087 servitutem
3157 2026 3373 2087 reversi.
3398 2033 3513 2089 Non

1952 2104 2132 2171 autem
2166 2097 2364 2171 excidit
2405 2099 2624 2171 verbum
2673 2099 2915 2171 Domini,
2959 2117 3130 2171 neque
3157 2115 3407 2157 evacuata
3432 2114 3515 2160 est

1953 2166 2480 2240 mundiredemptio.
2528 2168 2660 2235 Quia
2703 2170 2801 2240 etsi
2840 2186 2945 2223 non
2989 2166 3237 2240 cognovit
3287 2172 3514 2229 mundus

1956 2234 2123 2291 Deum
2147 2236 2205 2293 in
2395 2237 2509 2307 irae,
2536 2234 2783 2307 cognovit
2815 2249 2991 2294 tamen
3017 2234 3244 2295 niuadus
3267 2241 3431 2297 Deum
3460 2246 3512 2298 in

1950 2306 2509 2377 vasismiserieordim
2538 2325 2554 2360 :
2583 2306 2705 2377 quae
2743 2306 2884 2362 Deus
2920 2309 3080 2365 nullis
3132 2325 3315 2365 eorum
3358 2312 3512 2368 bonis

1953 2376 2153 2429 meritis
2184 2376 2621 2445 prareedeutibus,
2665 2377 2804 2431 eruit
2852 2377 2920 2431 de
2960 2389 3217 2445 potestate
3264 2379 3507 2437 tenebra-

1949 2460 2103 2508 rum,
2134 2456 2188 2500 et
2230 2448 2495 2501 transtulit
2522 2447 2572 2501 in
2619 2461 2836 2517 regnum
2882 2446 3000 2502 Filii
3053 2449 3352 2504 dilectionis
3400 2466 3511 2507 suae

1953 2514 2353 2586 (Coloss.t,l3).
2429 2585 2432 2586 ν

2004 2514 2165 2568 Ioloss.
2189 2532 2223 2579 I,
2248 2516 2353 2579 I3).

2022 2585 2099 2659 X.
2118 2586 2275 2659 Item,
2292 2588 2379 2655 qui
2407 2585 2690 2659 dicitquod
2709 2586 3029 2659 quibusdam
3059 2588 3325 2659 Evangelii
3372 2606 3507 2659 prae-

1946 2653 2142 2728 dicatio
2180 2672 2208 2707 a
2246 2653 2477 2728 Domino
2520 2653 2882 2728 subtrahatur,
2930 2674 2996 2711 ne
3046 2653 3288 2728 percepta
3339 2653 3508 2715 Evan-

1945 2726 2067 2796 gelii
2118 2725 2489 2796 pra-dicatiune
2512 2727 2813 2791 solventur;
2844 2736 3012 2796 potest
3038 2725 3348 2795 objectionis
3378 2730 3509 2783 invi-

1948 2794 2089 2848 diam
2102 2795 2386 2869 declinare
2409 2796 2697 2869 pzurocinio
2725 2794 2887 2869 ipsius
2908 2794 3217 2863 SalvatOris,
3260 2799 3348 2866 qui
3369 2799 3507 2869 apud

1946 2864 2239 2933 quosdam,
2272 2881 2404 2934 quos
2440 2866 2513 2918 ait
2541 2866 2701 2919 fuisse
2742 2864 3060 2932 credituros,
3110 2869 3153 2921 si
3183 2864 3503 2924 mirabili-unt

1947 2935 2062 3008 ejus
2091 2936 2240 3005 signa
2261 2935 2514 3008 vidissent
2540 2934 2748 3008 (Manli,
2776 2952 2847 3000 xl,
2874 2936 2937 2992 2i
2967 2954 2982 3008 ;
3014 2935 3140 2989 Luc.
3164 2953 3227 3008 γι,
3252 2939 3338 3008 15)
3362 2978 3380 3005 ,
3411 2954 3508 2992 uo-

1950 3003 2046 3057 luit
2089 3003 2300 3077 operari
2327 3022 2357 3077 ςΔ
2384 3015 2436 3077 et
2465 3003 2774 3077 quihusdam
2806 3007 3010 3074 populis
3035 3007 3200 3061 vetuit
3228 3003 3512 3077 Apostolos

1948 3073 2310 3146 evangelizare
2339 3072 2472 3145 (Art.
2506 3089 2612 3139 xvt,
2644 3072 2817 3146 6._7)i
2847 3072 2900 3128 et
2930 3090 3070 3146 nunc
3091 3072 3293 3146 aliquas
3338 3076 3511 3134 adhuc

1947 3154 2135 3212 gentes
2169 3158 2201 3212 p
2238 3143 2363 3214 titur
2403 3144 2798 3214 extragratiam
2827 3160 2975 3197 suam
3005 3143 3197 3214 degere
3227 3164 3239 3198 :
3275 3161 3394 3200 cum
3434 3163 3511 3200 ta-

1950 3226 2071 3265 men
2099 3212 2521 3281 conjtantissima
2545 3213 2647 3265 fide
2674 3223 2977 3281 perceptum
3000 3212 3302 3281 habeamus,
3335 3218 3516 3271 inom-

1951 3295 2045 3356 nes
2075 3279 2252 3356 mutuli
2300 3291 2479 3356 partes
2494 3279 2791 3356 Ecclesiatn
2821 3279 3177 3356 dilatandam(
3203 3279 3509 3356 PsalJvtu,

1949 3352 2013 3415 5;
2044 3366 2154 3422 xxi,
2184 3350 2276 3414 28;
2297 3366 2439 3427 Lxst,
2471 3355 2538 3416 8;
2571 3350 2699 3427 lsqi.
2730 3352 2882 3427 Xt,_9_,
2906 3353 3009 3427 I0_;
3040 3350 3201 3418 xxvii,
3226 3355 3259 3409 6
3285 3396 3299 3419 ,
3324 3367 3426 3427 etc.
3450 3350 3511 3427 )i

1951 3437 2051 3475 nec
2077 3430 2201 3475 ante
2228 3438 2348 3476 esse
2377 3422 2474 3475 hoc
2501 3422 2750 3493 sazculnm
2788 3423 3073 3477 finiendum
3094 3465 3110 3488 ,
3133 3441 3289 3493 quant
3319 3426 3371 3479 in
3395 3422 3513 3480 uni-

1951 3507 2134 3564 _versos
2163 3493 2294 3564 lines
2345 3504 2498 3545 terra":
2542 3492 2879 3564 Evangeliutn
2910 3492 3186 3562 dirigatur,
3236 3503 3293 3550 et
3340 3497 3515 3550 omnis

1952 3561 2125 3635 lingua
2156 3561 2469 3635 ciuiliteatur
2497 3561 2745 3635 quoniam
2785 3561 2940 3619 Iesus
2988 3561 3038 3617 in
3079 3564 3247 3635 gloria
3289 3564 3382 3621 Dei
3412 3564 3513 3621 Pa-

1955 3630 2155 3703 tris‘est
2176 3630 2445 3703 (Philipp.
2466 3630 2525 3703 tt,
2563 3632 2674 3701 ll).

2025 3700 2115 3772 XI.
2142 3699 2291 3763 Iliun,
2312 3699 2397 3769 qui
2420 3702 2548 3756 dicit
2573 3699 2712 3770 quod
2741 3718 2834 3772 per
2856 3704 3141 3772 potentiam
3173 3704 3316 3761 Deus
3345 3703 3515 3761 Immi-

1955 3786 2049 3829 ucs
2075 3771 2124 3823 in
2159 3782 2369 3837 peceata
2406 3773 2709 3841 compellat,
2741 3771 2932 3827 merito
2957 3775 3379 3841 reprehenditur.
3412 3777 3517 3832 Nec

1952 3842 2093 3893 enim
2120 3842 2275 3902 Dens,
2314 3841 2401 3910 qui
2452 3840 2671 3907 justiti-.e
2702 3851 2756 3897 et
2792 3840 3043 3897 bonitatis
3080 3855 3265 3898 auctor
3290 3855 3370 3899 est
3393 3887 3409 3909 ,
3466 3858 3521 3901 et

1954 3911 2104 3975 cujus
2143 3911 2317 3963 omnia
2373 3919 2565 3982 statuta
2615 3919 2665 3964 et
2719 3912 2964 3982 mandata
3005 3923 3188 3966 contra
3245 3925 3517 3982 peccatum

1952 3989 2096 4041 sunt,
2128 3996 2444 4052 quemquam
2474 3980 2538 4032 ad
2572 3979 2893 4052 peccandum
2938 3997 3147 4052 Cogere,
3178 3979 3341 4038 et’ab
3371 3985 3523 4040 inuo-

1961 4052 2134 4105 centia
2180 4051 2230 4103 in
2264 4050 2504 4124 facinora
2525 4051 2855 4124 prazcipitare
2889 4050 3185 4107 credendus
3214 4062 3316 4106 est.
3348 4054 3518 4124 Siqui

1954 4130 2130 4191 autem
2156 4130 2259 4174 tam
2288 4118 2557 4191 profunda:
2579 4118 3046 4191 impietatis-sunt,
3079 4130 3133 4175 ut
3162 4134 3309 4177 extra
3350 4118 3522 4180 remeo

1958 4190 2102 4245 dium
2133 4190 2481 4245 correctionis
2510 4190 2830 4259 habeantur;
2864 4207 2969 4246 non
2996 4207 3027 4246 a
3066 4191 3173 4247 Deo
3196 4193 3517 4248 incrementa

1963 4259 2252 4332 iniquitatis
2292 4262 2597 4329 accipiunt,
2642 4261 2734 4317 sed
2765 4276 2859 4332 per
2886 4262 3199 4330 semetipsos
3229 4263 3522 4319 deteriores

1955 4329 2088 4401 finiit
2118 4348 2131 4383 :
2159 4329 2283 4399 quia
2311 4332 2531 4401 relinqui
2583 4347 2615 4387 a
2649 4329 2796 4398 Deo’,
2824 4344 2877 4387 et
2909 4332 3007 4387 sibi
3046 4329 3108 4386 ac
3150 4332 3523 4401 deceptoribus

1955 4400 2065 4455 suis
2103 4401 2236 4455 tradi
2273 4400 2488 4471 propter
2529 4402 2879 4470 praacedentia
2936 4406 3148 4471 peccata
3178 4400 3522 4466 meruerunt.

1957 4472 2117 4541 uteis
2144 4481 2416 4541 precatam
2442 4472 2510 4524 sit
2536 4472 2646 4540 ipsa
2670 4476 2829 4525 etiam
2859 4487 3012 4538 pmna
3048 4475 3269 4541 peccati.

2029 4538 2153 4594 XII.
2172 4538 2323 4605 Item,
2353 4542 2440 4609 qui
2466 4538 2592 4595 dicit
2612 4540 2749 4608 quod
2776 4538 3088 4607 quibusdam
3111 4544 3328 4611 vocatis,
3358 4553 3412 4601 et
3442 4545 3524 4611 pie

2029 4560 2141 4594 All.
2172 4560 2323 4605 ιιειῐι,
2353 4560 2440 4609 (ιυι
2466 4560 2592 4595 IIICI!
2612 4560 2749 4608 qttou
2776 4560 3088 4607 ιμιιυιιδαίιιῐι
3111 4560 3328 4611 νοςίιιιε,
3358 4560 3412 4601 el
3478 4563 3504 4600 II

1952 4611 2200 4679 justeque
2227 4611 2523 4679 viventibus
2545 4651 2559 4672 ,
2590 4611 2885 4665 obedientia
2918 4612 3258 4668 subtrahatur
3277 4656 3292 4676 ,
3325 4625 3381 4669 ut
3405 4560 3504 4671 οδε

1958 4678 2079 4756 dire
2101 4678 2359 4756 desistant
2380 4695 2399 4756 ξ
2425 4678 2563 4733 male
2597 4681 2846 4756 opinatur
2873 4682 2940 4735 de
2967 4681 3201 4756 bonitate
3228 4684 3320 4739 Dei
3364 4697 3523 4756 atque

1953 4750 2157 4824 iustitia
2182 4791 2198 4815 ,
2217 4758 2287 4824 _ut
2315 4749 2550 4824 videatur
2575 4751 2642 4824 ad
2671 4751 2991 4824 impietatem
3038 4752 3155 4824 pios
3195 4768 3388 4824 cogere
3410 4749 3452 4821 ,’
3474 4765 3529 4810 et

1960 4819 2317 4892 innocentiam
2339 4819 2508 4892 bonis
2528 4819 2762 4892 adimere
2789 4839 2802 4874 :
2829 4837 2946 4875 cum
2980 4819 3091 4889 ipse
3117 4823 3186 4875 sit
3215 4819 3424 4892 pictatis
3444 4835 3527 4878 at-

1958 4907 2062 4962 que
2086 4889 2401 4962 innocentia}
2447 4898 2503 4962 et
2551 4889 2767 4962 largitor
2803 4901 2857 4962 et
2885 4903 3084 4946 custos.
3111 4889 3232 4958 Qui‘
3255 4908 3382 4962 ergo
3414 4895 3522 4949 Deo

1960 4958 2218 5025 adh-.ct‘et,
2245 4960 2447 5031 Spiritu
2478 4960 2567 5013 Dei
2599 4958 2931 5031 agirturpz'qut
2970 4975 3144 5031 autem
3189 4978 3222 5016 a
3245 4958 3353 5017 Deo
3382 4980 3529 5021 rece-

1961 5030 2069 5092 dit,
2110 5031 2321 5097 propria
2348 5029 2618 5083 voluntate
2639 5029 3103 5083 obedire‘desistit.

2034 5099 2168 5154 XIII.
2195 5099 2344 5164 Item,
2374 5100 2464 5169 qui
2491 5097 2618 5153 dicit
2645 5099 2785 5168 quod
2810 5100 3021 5167 quidam
3051 5100 3294 5157 homines
3338 5119 3441 5158 non
3464 5104 3530 5160 ad

1963 5170 2067 5225 hoc
2090 5186 2119 5223 a
2149 5169 2257 5223 Deo
2283 5170 2448 5223 creati
2471 5177 2630 5235 sunt,
2659 5180 2717 5222 ιιι
2741 5169 2902 5222 vitam
2931 5170 3352 5238 adipiscerentur
3374 5184 3533 5228 mter-

1965 5256 2108 5304 nam,
2135 5238 2231 5294 sed
2271 5250 2329 5294 ut
2371 5239 2610 5362 Iﬁtbitum
2640 5240 3003 5295 tantummodo
3032 5242 3214 5297 Steculi
3256 5244 3529 5312 praesentis

1965 5318 2237 5362 ornarent.
2268 5319 2322 5362 et
2360 5324 2389 5361 a
2461 5310 2739 5362 utilitatem
2770 5319 3111 5362 nascerentur
3134 5313 3389 5362 aliorum:
3422 5325 3529 5362 me-

1964 5318 2237 5373 ornarent,
2268 5319 2322 5365 et
2360 5310 2425 5362 ad
2461 5310 2739 5363 utilitatem
2770 5319 3111 5365 nascerentur
3134 5310 3390 5375 aliorum;
3422 5325 3534 5365 me-

1968 5380 2069 5434 lius
2113 5380 2679 5451 quueretur_dicens,
2716 5378 2876 5451 quod
2909 5379 3070 5446 Deus,
3098 5384 3185 5451 qui
3214 5391 3424 5435 creator
3451 5395 3533 5441 est

1968 5447 2206 5504 omnium
2227 5492 2241 5514 ,
2274 5464 2378 5503 nou
2428 5447 2620 5502 frustra
2657 5447 2817 5503 etiam
2865 5465 2959 5505 eos
3004 5447 3216 5515 condat,
3238 5465 3374 5518 quos
3401 5465 3536 5517 prie-

1970 5521 2098 5573 vidit
2125 5522 2245 5591 vita:
2272 5529 2486 5591 :eteruze
2518 5520 2800 5591 participes
2830 5535 2934 5573 non
2967 5520 3171 5575 futuros
3196 5537 3208 5573 :
3236 5519 3357 5587 quia
3375 5521 3533 5573 etiam

1973 5592 2025 5645 itt
2051 5591 2204 5644 malis
2235 5589 2540 5643 hominibus
2559 5589 2754 5645 bonum
2780 5593 2867 5645 Dei
2898 5606 3030 5658 Opus
3056 5601 3138 5643 est
3165 5591 3276 5658 ipsa
3301 5598 3486 5643 natura
3519 5629 3537 5654 ,

1972 5673 2026 5717 et
2051 5660 2327 5714 laudabilis
2351 5671 2431 5714 est
2452 5659 2504 5714 iu
2527 5661 2804 5728 impiorum
2821 5658 3398 5728 damnationejustitia.
3421 5660 3537 5715 Non

1973 5739 2149 5801 potest
2192 5738 2369 5810 autem
2418 5732 2609 5785 merito
2662 5730 3012 5801 reprehendi.
3065 5730 3154 5798 qui
3185 5730 3353 5795 dicit,
3372 5733 3541 5856 0quod

1975 5803 2134 5856 etiaut
2164 5801 2349 5856 tabum
2371 5801 2677 5856 conditione
2700 5801 2929 5856 mundus
2944 5811 3195 5856 ornetur:
3223 5809 3277 5855 et
3300 5815 3366 5856 ou
3467 5801 3541 5856 hi.

1975 5803 2134 5858 etiaut
2164 5801 2349 5856 talium
2371 5801 2677 5857 conditione
2700 5801 2929 5856 mundus
2944 5811 3195 5867 ornetur;
3223 5809 3277 5855 et
3300 5801 3439 5870 quod
3467 5801 3542 5865 hi,
