3998 6190
409 329 544 391 m7

406 443 677 499 Adulter-ia
703 443 858 512 igitur
892 442 1259 510 niaritatarum
1286 443 1324 506 ‘,
1365 450 1422 514 et
1449 445 1781 514 corruptelas
1819 444 1982 514 virgi-

403 530 532 569 num
560 529 665 569 non
690 514 969 568 instituere
991 514 1136 566 novit
1154 521 1334 567 sancta
1363 513 1629 575 divinitas,
1656 514 1751 569 sed
1772 513 1985 568 damna-

405 600 493 645 re:
512 599 613 640 nec
634 583 936 653 disponere,
956 583 1048 638 sed
1071 584 1276 653 punire.
1297 582 1427 651 Quae
1445 584 1580 637 mala
1605 584 1846 639 homines
1860 600 1983 640 cum

402 655 706 727 admittunt,
747 654 1338 727 suis__concupiscentiis
1375 662 1445 727 et
1469 655 1985 727 cul‘iiditatilmsser-

403 725 572 788 viunt,
605 738 736 793 quas
762 724 828 776 ab
853 720 940 778 illa
985 720 1152 792 prima
1188 724 1498 778 voluntaria:
1538 720 1982 793 praevaricationis

404 793 525 848 labe
571 802 846 848 traxerunt
867 808 882 848 :
902 808 1025 847 cum
1049 801 1226 848 autem
1254 793 1522 847 declinant
1560 810 1588 846 ιι
1636 796 1796 857 malo,
1824 804 1876 849 et
1908 794 1985 848 fac

401 865 547 918 ciunt
567 865 788 924 bonum.
813 881 841 915 a
866 863 1089 933 Domino
1107 877 1322 933 gressus
1338 863 1564 917 hominis
1587 864 1902 933 diriguntur,
1930 873 1986 919 ct

401 933 541 1006 viam
569 934 687 1002 ejus
711 934 854 1006 volet
894 931 1063 1006 (Beat.
1098 931 1281 998 ixxvt,
1312 934 1403 1006 27.
1429 933 1545 1006 9:3).
1592 931 1814 1006 Propter
1835 935 1975 1004 quod

402 1004 534 1059 dicit
562 1005 883 1073 Apostolus:
903 1002 1132 1057 Oramus
1149 1013 1315 1057 autem
1336 1004 1404 1057 ad
1430 1002 1613 1064 Deam,
1636 1002 1837 1058 ut'uihil
1856 1002 1981 1058 moli

403 1074 605 1197 iacietis
621 1091 638 1138 ;
657 1090 757 1128 non
779 1085 830 1127 ut
853 1090 942 1127 nos
965 1074 1165 1197 {imbuti
1183 1091 1539 1144 appar-eamus,
1568 1075 1655 1128 sed
1675 1084 1727 1127 ut
1747 1091 1830 1129 vos
1849 1075 1983 1147 quod

437 1160 587 1197 onum
617 1153 688 1197 est
719 1145 915 1197 faciatis
990 1144 1029 1197 II
1075 1143 1193 1197 Cor.
1250 1159 1365 1197 xm.
1409 1145 1487 1197 7i.
1531 1145 1643 1197 Non
1674 1160 1802 1197 eruo
1825 1157 1982 1197 casus

437 1090 605 1133 acinus
621 1091 638 1138 ;
657 1090 757 1128 non
779 1090 830 1127 ut
853 1090 942 1127 nos
1031 1090 1164 1128 ooau
1183 1091 1539 1144 appareamus,
1568 1090 1654 1128 sea
1675 1090 1727 1127 ut
1747 1091 1830 1129 vos
1849 1090 1982 1147 quoa

437 1160 587 1217 ouum
617 1153 688 1198 est
717 1145 915 1217 faciatis
1053 1143 1193 1217 Δ(ἱοιο.
1250 1159 1365 1217 mu,
1409 1145 1487 1211 7).
1531 1145 1643 1198 Νοιι
1674 1160 1802 1213 ergo
1825 1157 1982 1217 casus

405 1215 693 1280 mentium,
718 1214 827 1268 nec
854 1214 1232 1283 malignitatem
1270 1215 1590 1282 iniquorum.
1630 1229 1800 1284 neque
1827 1216 1979 1280 cupi-

403 1284 599 1340 ditates
628 1285 959 1353 peccantium
1000 1284 1396 1345 prmdestinalio
1444 1286 1533 1339 Dei
1573 1295 1661 1338 aut
1707 1286 1979 1348 excitavit,

402 1363 495 1408 aut
523 1356 713 1421 suasit,
737 1363 829 1409 aut
854 1355 1091 1423 impulit:
1120 1354 1212 1407 sed
1242 1355 1394 1423 plane
1422 1354 1813 1424 praédesunavit
1839 1356 1983 1421 judi-

403 1426 544 1479 cium
570 1439 745 1489 suum,
770 1442 872 1494 quo
901 1425 1181 1495 unicuique
1210 1424 1561 1495 retributnrns
1586 1435 1667 1478 est
1694 1435 1980 1495 proutgesc

402 1495 490 1561 sit,
521 1495 636 1549 sive
665 1492 882 1556 bonum.
917 1496 1025 1548 sive
1053 1492 1270 1547 malum.
1290 1492 1439 1562 Quod
1465 1492 1717 1563 judicium
1747 1492 1980 1549 futurum

401 1565 761 1637 omninoinoa
795 1576 958 1629 esset,
999 1563 1317 1637 si_homines
1351 1565 1441 1618 Dei
1486 1566 1755 1637 voluntate
1791 1580 1981 1637 pecca-

403 1642 542 1688 rent.
571 1635 679 1688 Erit
704 1644 877 1687 autem
903 1632 1365 1688 manifestissime:
1389 1644 1441 1689 et
1458 1634 1631 1688 omnis
1649 1632 1810 1689 homo
1823 1649 1979 1704 quem

403 1704 653 1759 discretio
672 1704 864 1758 divina:
890 1704 1124 1757 scientia:
1147 1703 1197 1756 in
1219 1704 1431 1757 sinistra
1455 1706 1787 1759 consdtuerit
1810 1703 1977 1772 parte,

402 1772 770 1844 damnabitur;
802 1775 923 1844 quia
953 1788 1057 1827 non
1090 1774 1202 1837 Dei,
1248 1773 1342 1827 sed
1381 1790 1529 1828 suam
1576 1791 1651 1828 ex-
1673 1782 1862 1829 ecutus
1899 1785 1983 1829 est

401 1842 748 1897 voluntatem.

473 1911 593 1969 0m.
636 1912 723 1967 XI.
764 1912 898 1980 Quia
917 1914 1129 1983 quando
1153 1912 1416 1967 incestant
1438 1921 1614 1981 patres
1631 1913 1784 1983 ﬁlias,
1801 1923 1854 1968 et
1871 1928 1981 1967 ma-

403 1991 514 2037 tres
557 1983 712 2044 ﬁlios,
745 1983 830 2037 vel
858 1982 1071 2052 quando
1108 1983 1247 2037 servi
1291 1983 1536 2036 dominos
1560 1982 1826 2048 occidunt,
1862 1984 1981 2038 ideo

404 2052 514 2123 liat,
545 2052 668 2123 quia
692 2053 928 2123 itaDens
956 2052 1366 2122 praedestinavit,
1398 2062 1453 2106 ut
1478 2054 1647 2123 lieret.

474 2121 639 2178 Resp.
679 2122 734 2178 Si
760 2121 972 2177 diabolo
992 2123 1331 2191 objiceretur,
1374 2121 1516 2192 quod
1556 2122 1738 2176 talium
1779 2122 1980 2176 facino-

404 2208 523 2247 rum
554 2194 667 2263 ipse
702 2202 906 2259 auctor,
942 2193 1055 2262 ipse
1085 2200 1229 2263 esset
1254 2193 1525 2257 incentor,
1556 2201 1682 2263 puto
1707 2193 1846 2261 quod
1878 2194 1979 2247 ali-

404 2277 509 2331 qua
531 2260 735 2317 ratione
749 2260 1043 2331 exonerare
1064 2276 1124 2316 se
1153 2260 1252 2316 hac
1272 2270 1453 2331 posset
1476 2262 1692 2327 invidia,
1717 2260 1770 2316 et
1797 2263 1979 2318 talium

404 2330 671 2387 scelerum
695 2340 989 2402 patratores
1013 2330 1082 2386 de
1112 2330 1347 2402 ipsorum
1395 2331 1665 2387 voluntate
1698 2334 1983 2388 convince-

405 2412 515 2466 ret;
564 2400 822 2472 quia‘etsi
851 2400 1146 2472 delectatus
1170 2410 1253 2455 est
1279 2400 1464 2472 lurore
1490 2412 1822 2470 peccantum,
1852 2418 1980 2472 pro-

406 2472 557 2543 baret
580 2471 760 2527 tamen
783 2486 842 2526 se
872 2487 978 2543 non
1003 2471 1246 2543 intulisse
1259 2471 1372 2543 ~vim
1389 2471 1695 2543 criminum.
1720 2472 1832 2543 Qua
1851 2487 1982 2543 ergo

406 2541 726 2612 insipientia,
749 2556 921 2612 quave
948 2540 1215 2612 dementia
1230 2540 1510 2612 deﬁnitur,
1534 2541 1600 2596 ad
1624 2541 1713 2596 Dei
1741 2540 1980 2596 referen-

404 2610 529 2664 dum
572 2626 695 2666 esse
733 2610 1034 2675 consilium,
1063 2610 1203 2680 quod
1232 2625 1332 2665 nec
1355 2611 1567 2665 diabolo
1593 2612 1645 2665 in
1685 2620 1852 2666 totum
1881 2612 1979 2666 ad-

403 2680 564 2751 scribi
596 2689 789 2751 potest,
826 2682 915 2750 qui
948 2681 1000 2734 in
1034 2687 1347 2751 peccantum
1377 2680 1589 2751 ﬂagitiis
1613 2682 1977 2737 illecebrarum

400 2748 633 2818 adjutor,
663 2765 768 2805 non
799 2748 1124 2804 voluntatum
1172 2748 1467 2804 credendus
1493 2759 1577 2806 est
1603 2766 1723 2807 esse
1749 2766 1977 2820 genera-

406 2821 527 2875 tor?
554 2821 695 2877 Nihil
717 2834 846 2890 ergo
871 2820 1053 2874 talium
1080 2821 1411 2889 negotiorum
1432 2820 1568 2875 Deus
1587 2822 1981 2889 pnedestinavit

404 2899 464 2944 ιιι
491 2891 642 2945 lieret
666 2908 681 2946 :
709 2889 809 2945 nec
839 2891 983 2944 illam
1008 2889 1239 2960 animum
1269 2890 1512 2958 nequiter
1541 2891 1868 2960 turpiterque
1897 2893 1976 2945 vi-

402 2966 629 3021 cturam.
675 2961 741 3015 ad
783 2960 884 3015 hoc
927 2970 984 3014 ut
1012 2958 1190 3014 taliter
1230 2960 1451 3022 viveret,
1499 2958 1843 3027 pneparavit;
1884 2961 1979 3016 sed

403 3028 561 3111 talem
592 3030 818 3085 futuram
847 3044 953 3084 non
980 3030 1261 3111 ignoravit,
1299 3037 1361 3111 et
1372 3029 1446 3111 de
1471 3030 1562 3111 tali
1583 3030 1727 3111 juslc
1753 3046 1811 3111 se
1834 3031 1980 3111 judi-

399 3108 640 3154 caturum
681 3115 807 3155 esse
830 3099 1116 3169 prmscivit.
1145 3100 1319 3169 Atque
1348 3101 1419 3154 ita
1448 3100 1515 3154 ad
1562 3099 1981 3168 praedestinanti-

402 3184 525 3241 nem
553 3171 668 3241 ejus
692 3170 824 3224 nihil
851 3170 995 3228 aliud
1022 3168 1209 3241 referri
1236 3168 1434 3239 potest,
1467 3170 1568 3225 nisi
1611 3171 1751 3241 quod
1791 3179 1884 3224 aut
1910 3171 1977 3226 ad

400 3238 635 3311 debitam
648 3240 864 3310 iustitia:
893 3238 1316 3305 retributionem,
1344 3248 1437 3293 aut
1456 3240 1522 3295 ad
1549 3238 1834 3296 indubitata
1856 3256 1979 3311 per-

402 3309 533 3381 tinet
557 3309 743 3381 gratim
773 3311 1088 3379 largitatem.

467 3378 588 3435 Osi.
639 3379 755 3435 XII.
806 3380 939 3445 Quia
1007 3381 1101 3435 Dei
1155 3379 1618 3449 praulestinalione
1678 3379 1979 3435 efﬁciantur

399 3447 469 3504 de
510 3449 635 3505 ﬁliis
674 3451 766 3503 Dei
812 3450 903 3503 lilii
944 3447 1167 3513 diaboli,
1210 3460 1265 3504 et
1291 3450 1359 3503 de
1384 3450 1583 3520 templo
1611 3450 1778 3504 sancti
1809 3450 1976 3520 Spiri-

402 3528 486 3574 tus
504 3520 698 3588 templa
717 3520 1043 3586 datmonum,
1065 3528 1120 3573 et
1140 3520 1207 3573 de
1234 3519 1490 3573 membris
1511 3518 1707 3574 Christi
1737 3518 1974 3575 membra

399 3590 717 3643 meretricis.

472 3657 632 3711 Resp.
672 3656 1077 3712 Pricdestinatio
1123 3657 1237 3722 Dei,
1283 3657 1382 3711 etsi
1432 3658 1569 3725 apud
1614 3673 1732 3722 nos,
1762 3658 1887 3713 dum
1920 3660 1972 3713 in

400 3728 679 3809 praesentis
708 3728 829 3781 vita:
856 3728 1103 3809 periculis
1131 3742 1426 3809 versamur,
1455 3727 1652 3809 incerta
1694 3738 1810 3792 est;
1835 3732 1975 3799 apud

399 3796 550 3867 illum
580 3807 778 3862 tamen,
806 3797 896 3867 qui
926 3797 1052 3867 l‘ecit
1074 3812 1195 3867 qua:
1235 3796 1408 3852 futura
1450 3807 1601 3865 sunt,
1627 3796 1979 3853 incommuta-

399 3866 520 3921 bilis
557 3866 851 3935 permanet.
901 3866 1011 3921 Nec
1050 3866 1169 3935 qua:
1199 3867 1533 3932 illuminavit,
1563 3868 1830 3934 obcaecat;
1874 3885 1976 3926 nec

398 3952 520 4007 qua:
553 3936 854 4005 :cdiﬁcavit,
885 3936 1142 4000 destruit;
1174 3952 1274 3991 nec
1297 3951 1419 4007 qua;
1445 3937 1719 4006 plantavit.
1764 3941 1970 3993 evellit.

398 4004 529 4081 Sine
546 4008 855 4081 penitenua
876 4008 1172 4081 enimsunt
1196 4004 1334 4061 dona
1363 4017 1418 4061 et
1438 4004 1645 4081 vocatio
1673 4007 1969 4081 Dei_(Iiom.

399 4092 474 4148 at,
502 4076 593 4148 29)
627 4096 640 4131 :
672 4086 725 4132 et
770 4077 980 4148 ﬁrmum
1025 4077 1422 4148 fundamentum
1465 4077 1559 4131 Dei
1604 4085 1728 4148 stat,
1774 4076 1975 4133 habens

399 4146 729 4217 signatiulum
770 4147 899 4212 hoc;
940 4148 1203 4217 cognovit
1250 4146 1506 4217 Dominus
1556 4146 1645 4216 qui
1694 4156 1817 4217 sunt
1855 4149 1974 4217 ejus

401 4216 472 4289 (ll
488 4216 624 4289 Tim.
656 4233 719 4289 ιιἸ
763 4217 877 4289 l9).
904 4216 1059 4289 Nullo
1085 4216 1427 4289 igitur‘modo
1459 4217 1551 4289 Dei
1581 4216 1975 4289 praidestinatio

402 4287 524 4342 facit
552 4296 610 4341 ut
635 4287 796 4356 aliqui
823 4286 888 4342 ex
922 4287 1044 4341 liliis
1089 4287 1181 4341 Dei
1212 4286 1306 4340 ﬁlii
1356 4287 1464 4339 sint
1500 4286 1716 4352 diaboli,
1764 4296 1860 4341 aut
1900 4303 1971 4343 ex

400 4357 601 4428 templo
624 4358 791 4428 sancti
818 4357 1046 4428 Spiritus
1077 4357 1273 4428 templa
1313 4357 1419 4410 sint
1441 4356 1878 4428 dm_m_onum,aut
1896 4373 1970 4428 ex

399 4425 652 4482 membris
671 4426 871 4482 Christi
901 4426 1028 4481 ﬁant
1053 4425 1290 4481 membra
1322 4425 1653 4481 meretricis:
1685 4427 1778 4481 sed
1801 4426 1975 4490 potius

401 4496 790 4563 prmdeSIiuatio
817 4497 941 4552 facit
969 4506 1026 4551 ut
1051 4512 1115 4551 ex
1146 4495 1269 4553 ﬁliis
1294 4495 1487 4548 diaboli
1517 4494 1643 4548 ﬁant
1667 4494 1755 4548 ﬁlii
1789 4496 1898 4558 Dei,
1921 4506 1975 4551 et

397 4581 465 4618 ex
489 4567 686 4638 templo
709 4567 1013 4638 dmmonum
1042 4567 1293 4638 templum
1317 4566 1425 4619 sint
1448 4565 1676 4638 Spiritus
1696 4567 1890 4638 sancti,
1922 4575 1975 4638 ct

398 4651 463 4687 ex
509 4634 762 4689 membris
807 4637 1103 4690 meretricis
1145 4634 1381 4690 membra
1430 4634 1539 4689 sint
1581 4634 1796 4689 Christi.
1839 4635 1972 4702 Quia

397 4705 513 4773 ipse
541 4705 718 4774 alligat
743 4705 954 4767 fortem,
985 4715 1039 4759 et
1062 4720 1187 4760 vasa
1216 4707 1331 4774 ejus
1368 4706 1507 4774 rapit
1532 4704 1721 4775 (Marc.
1750 4721 1826 4770 ιιι,
1857 4706 1970 4828 ‘22,

397 4789 592 4828 crocus
619 4790 679 4828 ea
708 4773 777 4828 de
807 4783 1068 4828 potestate
1098 4775 1457 4828 tenebrarum.
1486 4784 1539 4828 et
1571 4776 1892 4828 transferens
1943 4791 1970 4828 e

395 4789 592 4830 erucas
619 4773 679 4829 ea
708 4773 777 4830 de
807 4783 1068 4844 potestate
1098 4773 1457 4844 tenebrarum,
1486 4773 1550 4829 et
1571 4776 1892 4830 transferens
1908 4773 1974 4830 de

394 4844 717 4899 contumelia
748 4843 1059 4915 inglorium,
1092 4843 1308 4913 (Colon.
1343 4859 1380 4909 ι,
1428 4846 1538 4914 ιδ).
1583 4845 1645 4899 Hi
1692 4855 1869 4900 autem
1905 4846 1973 4901 de

393 4915 586 4987 quibus
614 4911 951 4987 dicitorfEa:
977 4911 1118 4970 nobis
1142 4915 1391 4987 exierunt,
1430 4911 1519 4987 sed
1546 4931 1648 4969 non
1679 4918 1882 4987 fuerunt
1911 4932 1976 4971 ex

394 4985 573 5055 ιιοὺὶε;
597 4986 643 5055 si
662 4987 794 5040 enim
822 4986 1034 5055 fuissent
1058 5002 1123 5040 ea:
1160 4985 1322 5048 nobis,
1354 4985 1653 5040 mansissent
1681 4985 1856 5053 utique
1883 5003 1977 5041 n0-

394 5053 586 5127 biscum
607 5053 648 5125 (Ι
682 5053 838 5127 loga;
869 5072 926 5127 ιι,
959 5054 1080 5127 l9):
1108 5057 1381 5127 voluntate
1400 5055 1669 5127 exierunt,
1702 5057 1974 5111 voluntate

393 5124 727 5195 ceciderunt.
740 5125 808 5178 Et
824 5126 946 5193 quia
964 5124 1190 5195 priesciti
1211 5135 1337 5181 sunt
1350 5126 1547 5191 casuri,
1574 5139 1680 5180 non
1706 5135 1830 5181 sunt
1845 5143 1977 5192 pm:-

393 5193 664 5248 destinati.
689 5194 883 5249 Essent
909 5193 1084 5250 autem
1113 5195 1493 5264 prredestinati,
1522 5198 1567 5250 si
1597 5204 1777 5251 essent
1792 5212 1974 5251 rever-

393 5265 531 5337 suri,
553 5264 686 5337 etin
719 5264 997 5337 sanctitate
1023 5279 1086 5337 ac
1111 5269 1331 5322 veritate
1356 5266 1621 5337 mansuri.
1641 5266 1719 5321 Ac
1749 5282 1843 5337 per
1874 5267 1974 5322 hoc

392 5333 791 5407 pnudestinatio
820 5333 933 5400 Dei,
964 5335 1142 5389 multis
1168 5345 1250 5392 est
1268 5350 1429 5392 causa
1453 5335 1647 5404 standi,
1678 5333 1876 5393 nemini
1891 5347 1974 5393 est

392 5420 547 5459 causa
579 5405 811 5460 labendi.

389 5420 547 5459 causa
579 5420 624 5459 la
633 5420 811 5459 uenat.

458 5475 579 5530 0m.
612 5472 749 5531 XIII.
782 5474 919 5544 Quia
945 5486 1132 5528 omnes
1159 5474 1233 5529 illi
1261 5475 1443 5530 ﬁdeles
1471 5484 1525 5531 et
1552 5475 1755 5541 sancti,
1785 5476 1873 5545 qui
1904 5476 1970 5531 ad

390 5555 646 5600 metuam
679 5556 902 5601 mortem
928 5545 1285 5614 praedestinati
1311 5555 1454 5607 sunt,
1476 5547 1689 5614 quando
1713 5546 1777 5600 ad
1806 5548 1969 5600 vomi-

392 5622 502 5669 tum
532 5629 685 5670 suum
729 5617 1067 5681 relabuntur,
1115 5616 1243 5669 vitio
1272 5615 1486 5687 quidem
1522 5631 1619 5673 suo
1659 5616 1758 5671 hoc
1797 5616 1972 5672 facere

455 5775 469 5805 ¹
500 5767 812 5830 Romiglanus
832 5779 933 5834 313.,
960 5775 1256 5824 maritorum.

1573 328 1971 414 APPENDICIS
2008 331 2092 386 PA
2102 331 2187 387 HS
2224 330 2496 388 TERTIA.

3536 342 3676 399 ιειι

2097 444 2373 524 videntur;
2412 445 2716 524 sed__ip_sius
2759 448 2871 505 vitii
2897 459 3175 524 causaest
3193 451 3372 509 divina
3398 455 3682 524 praedesti-

2095 515 2240 569 natio
2259 556 2274 580 ,
2315 530 2434 584 qua:
2476 515 2578 570 illis
2609 517 2834 573 latenter
2867 519 3133 576 subtrahit
3163 521 3330 578 bonas
3356 515 3680 581 voluntates.

2165 582 2501 662 Resalldcm
2532 586 2980 662 ldasphemiarum
3007 592 3225 660 spiritus
3253 607 3596 662 perseverat,
3627 609 3683 652 et

2092 669 2121 707 a
2150 654 2573 735 prrecedentibus
2611 654 2904 714 mendaciis
2938 654 3273 735 subsequens
3299 665 3544 735 impietas
3571 654 3679 721 ιίοιι

2092 724 2329 780 recedit:
2353 740 2514 800 quam
2544 740 2761 800 prorsus
2786 744 2910 800 vera
2935 731 3072 786 ratio
3102 724 3388 800 reprobat:
3401 746 3456 790 et
3488 738 3682 791 incun-

2090 795 2732 878 eutnternsanadoeltriua
2753 799 3091 854 condemnat.
3119 795 3252 878 Quia
3278 795 3527 878 omnibus
3551 809 3673 878 qni-

2089 863 2212 918 dem
2236 880 2266 918 a
2291 863 2393 940 [ide
2421 865 2485 940 ad
2517 865 2903 940 inﬁdelitatem,
2931 884 2962 924 a
2990 863 3271 928 sanctitate
3297 874 3364 928 ad
3392 863 3674 940 turpituidi-

2092 950 2214 989 nem
2244 936 2467 1004 relapsis
2489 976 2504 998 ,
2539 946 2593 991 et
2634 946 2759 992 ante
2785 938 2941 994 ﬁnem
2980 942 3104 996 vitae
3130 944 3272 998 nulla
3298 936 3679 1003 emendatione

2092 1006 2344 1077 purgatis,
2376 1006 2506 1059 nihil
2536 1007 2679 1062 aliud
2704 1023 2860 1077 quam
2888 1026 3034 1065 mors
3061 1022 3259 1068 aeterna
3288 1014 3515 1072 debetur
3538 1036 3552 1070 :
3574 1020 3675 1073 sed

2088 1075 2237 1153 nei’as
2281 1085 2364 1153 est
2406 1077 2519 1131 Deo
2553 1075 3083 1153 adscriberecausas
3126 1084 3309 1138 talium
3362 1087 3673 1153 ruinarum,

2087 1145 2179 1227 qui
2214 1145 2332 1227 etsi.
2355 1161 2420 1200 ex
2456 1149 2917 1228 teternatscientie
2944 1154 3323 1228 praecognitum
3355 1155 3517 1228 habet
3543 1145 3674 1228 quid

2090 1217 2505 1287 uniuscujusque
2518 1217 2741 1287 meritis
2766 1217 3229 1287 retributurus'sit,
3265 1227 3460 1281 nemini
3488 1217 3671 1283 numen

2089 1299 2186 1360 per
2215 1286 2316 1339 hoc
2341 1286 2481 1360 quod
2508 1285 2616 1360 falli
2646 1303 2759 1360 non
2790 1298 2993 1357 potest,
3024 1301 3116 1346 aut
3147 1285 3544 1360 necessitatem,
3577 1309 3674 1353 aut

2088 1355 2409 1434 voluntatem
2446 1356 2637 1434 iutulit
2678 1354 3039 1434 delinquendi.
3081 1362 3138 1418 Si
3167 1378 3295 1434 ergo
3321 1381 3350 1418 a
3372 1354 3578 1434 iustitia
3607 1379 3668 1424 et

2088 1425 2282 1493 pietate
2312 1426 2433 1501 quis
2466 1425 2676 1501 deﬁcit,
2715 1443 2814 1501 suo
2841 1425 2899 1482 in
2931 1446 3167 1501 praeceps
3202 1425 3391 1489 fertur'
3406 1438 3632 1492 arbitrio
3652 1480 3669 1498 ,

2084 1509 2181 1578 sua
2208 1496 2636 1578 concupiscentia
2665 1496 3069 1578 traliitnurgusua
3102 1496 3671 1578 persuasionedecipiQ

2088 1573 2194 1618 tur.
2231 1563 2375 1619 Nihil
2406 1566 2474 1619 ibi
2497 1566 2689 1644 Pater,
2729 1570 2861 1644 nihil
2900 1563 3265 1644 Ei_lius,'ni_hil
3291 1574 3401 1644 agit
3434 1563 3671 1644 Spiriius

2085 1644 2462 1709 sanctus;_nec
2487 1636 2579 1709 ιιιιί
2607 1639 2820 1707 negotio
2844 1636 3129 1709 quidquam
3159 1636 3353 1697 destina?
3377 1636 3668 1702 voluntatis

2088 1705 2372 1759 intervenit
2391 1722 2404 1758 :
2422 1705 2573 1782 cujus
2592 1705 2755 1776 opere
2773 1705 2970 1782 multos
2991 1705 3192 1766 scimus
3244 1728 3311 1768 ne
3334 1714 3666 1782 laberentur,

2085 1775 2773 1856 remotossuulios_autem,
2811 1787 2867 1832 ut
2894 1779 3216 1856 laberentur,
3232 1783 3529 1856 impulsos.

2154 1842 2273 1918 Qui.
2303 1843 2442 1900 XIV.
2461 1845 2607 1918 LQuia
2634 1842 2823 1918 magna
2861 1863 2982 1917 pars
3006 1851 3095 1905 illa
3121 1842 3541 1910 Chrisnainorum
3566 1872 3665 1911 ca-

2086 1911 2428 1992 tholicorum,
2453 1914 2688 1992 ﬁdelium
2707 1911 3210 1992 atque'sanctorum,
3228 1938 3348 1992 qua:
3366 1924 3433 1979 ad
3454 1927 3667 1983 ruinam

2084 1991 2138 2036 et
2169 1984 2516 2061 perditionem
2546 1986 2916 2061 praedestinata
2945 1998 3046 2055 est,
3066 2060 3069 2061 ν
3089 1984 3294 2045 etiamsi
3327 2004 3473 2061 petat
3494 2012 3523 2048 a
3550 1997 3668 2051 Deo

2084 2054 2380 2134 sanctitatis
2407 2058 2853 2134 perseveraruiam
2874 2100 2890 2125 ,
2925 2054 3363 2134 non_impetrabit
3385 2082 3398 2118 :
3423 2081 3489 2119 eo
3517 2068 3668 2134 quod

2085 2124 2455 2206 tnutariunoq
2477 2135 2654 2195 potest
2689 2127 2866 2206 divina
2909 2124 3336 2206 prtedestiuatio,
3379 2149 3501 2206 quae
3537 2124 3667 2192 illos

2085 2193 2493 2269 praeordinavit,
2514 2198 2833 2269 przeparavit
2850 2239 2865 2265 ,
2897 2193 3207 2269 prmaptavit
3232 2210 3291 2256 ut
3313 2193 3586 2259 caderent.

2160 2262 2318 2341 itast».
2350 2264 2430 2341 Ad
2459 2262 2945 2341 prievaricationein
2974 2262 3126 2341 leg'is,
3157 2273 3223 2327 ad
3250 2273 3549 2341 neglectum
3573 2292 3667 2331 re-

2086 2331 2330 2408 ligionis,
2363 2335 2430 2388 ad
2455 2327 2811 2408 corruptelam
2854 2327 3176 2408 disciplinis,
3204 2341 3271 2396 ad
3296 2327 3658 2401 desertione-nl

2086 2400 2229 2482 ﬁdei,
2258 2403 2325 2457 ad
2359 2400 2804 2482 perpeti-utiquam
2832 2400 3230 2482 qualiscumque
3258 2415 3483 2482 peccati,
3515 2400 3662 2471 nulla

2082 2473 2301 2527 utnuino
2327 2475 2828 2554 esinprzedesiinatio
2850 2473 2951 2554 ρει
2972 2497 2986 2534 :
3007 2495 3105 2534 nec
3134 2473 3452 2554 ﬁeri-potest
3470 2473 3538 2538 ἰιι
3567 2502 3664 2554 per

2081 2556 2242 2664 quem
2268 2556 2298 2595 a
2337 2544 2529 2598 talibus
2554 2546 2709 2599 malis
2735 2547 2984 2616 surgitur,
3017 2564 3112 2617 per
3133 2566 3253 2605 eum
3279 2544 3335 2606 in
3364 2553 3484 2607 talia
3514 2544 3661 2611 deci-

2120 2619 2255 2664 atur-
2280 2611 2338 2664 Si
2364 2628 2492 2664 eruo
2530 2613 2583 2664 in
2610 2618 2888 2664 sanctitate
2915 2618 3133 2664 vivitur-
3165 2621 3211 2664 si
3236 2622 3287 2664 in
3316 2623 3513 2664 νει-ιιιιρ
3536 2640 3661 2664 nrn.

2120 2619 2255 2695 aiur.
2280 2611 2513 2695 Si.ergo_
2530 2613 2584 2668 in
2606 2611 2888 2695 sanctituie
2915 2611 3137 2682 vivitur,
3165 2621 3211 2675 si
3235 2622 3287 2676 in
3316 2623 3513 2695 virtute
3536 2640 3662 2695 pro-

2085 2680 2279 2747 ﬁcitur,
2317 2682 2362 2737 si
2406 2680 2459 2756 in
2490 2683 2651 2756 bonis
2690 2686 2879 2741 studlis
2915 2680 3284 2756 permanetur;
3316 2680 3657 2751 manifesium

2082 2765 2280 2828 munus
2301 2760 2387 2807 est
2414 2753 2535 2828 Dei,
2585 2753 2701 2810 sine
2729 2771 2838 2828 quo
2862 2753 3211 2828 nulliusihoni
3247 2764 3425 2828 Operis
3455 2762 3657 2819 fntctus

2081 2823 2409 2891 acquiritur:
2433 2823 2480 2878 si
2518 2833 2693 2879 autem
2720 2825 2789 2879 ab
2826 2826 2891 2880 iis
2920 2827 3218 2893 receditur,
3258 2823 3311 2883 et
3349 2830 3419 2884 ad
3445 2834 3568 2886 vitia
3593 2851 3657 2889 ac

2085 2900 2299 2958 peccata
2325 2893 2606 2959 transitur;
2636 2894 2767 2949 nihil
2790 2895 2860 2950 ibi
2887 2896 3025 2951 Deus
3046 2899 3198 2952 mala:
3224 2902 3530 2956 tentationis
3551 2904 3657 2956 im-

2084 2960 2278 3039 rniitit_,
2319 2973 2371 3039 et
2397 2978 2730 3019 recessurum
2759 2979 2862 3039 uon
2887 2967 3082 3022 deserit
3106 2978 3387 3039 antequam
3415 2972 3652 3036 deserat;

2080 3039 2136 3085 et
2159 3029 2284 3106 facit
2305 3032 2632 3106 plerumque,
2662 3049 2728 3088 ne
2746 3034 2977 3106 deserat,
3005 3047 3096 3091 aut
3115 3029 3297 3100 etiam,
3319 3041 3363 3093 si
3385 3029 3649 3106 discessit,

2083 3111 2138 3154 ut
2163 3102 2363 3156 redeat.
2400 3103 2508 3158 Cur
2528 3102 2720 3158 autem
2751 3105 2898 3160 illum
2925 3102 3188 3172 retineat,
3220 3108 3364 3162 illum
3395 3125 3497 3163 non
3528 3102 3655 3166 reti-

2081 3181 2233 3257 neat:
2264 3186 2363 3227 nec
2404 3173 2657 3257 possibile
2686 3183 2769 3229 est
2795 3176 3292 3257 comprehendere,
3329 3195 3428 3234 nec
3453 3180 3658 3257 licitum

2079 3244 2375 3322 vestigare;
2419 3243 2722 3322 cum_sc_i.re
2757 3243 3013 3322 sulﬁciat,
3044 3256 3119 3322 et_
3138 3248 3205 3302 ab
3241 3247 3330 3302 illo
3353 3264 3476 3306 esse
3512 3253 3660 3322 quod

2080 3319 2270 3385 Staiur,
2296 3320 2484 3385 etum)
2504 3312 2587 3385 ab
2614 3314 2703 3368 illo
2727 3329 2845 3385 esse
2869 3316 3008 3385 quod
3039 3317 3229 3371 ruitur.

2149 3379 2268 3436 οω.
2296 3380 2414 3436 XV.
2440 3381 2573 3450 Quia
2600 3398 2788 3459 omnes
2813 3379 2900 3459 illi
2932 3385 3114 3459 ﬁdeles
3143 3396 3197 3440 et
3221 3387 3427 3451 sancti,
3467 3390 3558 3459 qui
3587 3391 3660 3446 ad

2080 3460 2333 3528 agtcruam
2363 3463 2586 3528 mortem
2631 3454 2986 3528 prmdcstittati
3015 3465 3173 3522 sunt,
3199 3454 3542 3528 posteaquam
3566 3474 3661 3515 ce-

2080 3521 2334 3597 ciderint,_
2351 3522 2427 3576 sic
2447 3537 2477 3597 a
2508 3521 3035 3597 Deo:dispensentur,
3063 3542 3130 3583 ne
3158 3521 3361 3597 possint
3381 3521 3465 3587 v'el
3492 3530 3664 3586 velint

2081 3605 2177 3660 per
2197 3592 2558 3658 paenitentiam
2588 3592 2818 3649 liberari.

2152 3660 2310 3735 ltesr.
2327 3661 2447 3735 Non
2474 3663 2753 3725 veraciter,
2777 3679 2874 3720 nec
2899 3665 3168 3734 sapienter
3190 3667 3294 3721 hoc
3317 3667 3530 3722 dicitur.
3555 3668 3661 3735 Qui

2079 3730 2221 3784 enim
2256 3746 2285 3784 a
2318 3731 2421 3787 ﬁde
2447 3740 2501 3786 et
2528 3735 2808 3789 sanctitate
2830 3730 3179 3800 exciderunt,
3212 3738 3350 3791 sicut
3384 3730 3662 3795 voluntate

2080 3800 2310 3870 prolapsi
2338 3810 2461 3855 sunt
2481 3843 2497 3867 ,
2525 3802 2597 3855 ita
2628 3804 2899 3858 voluntate
2927 3822 3029 3858 non
3061 3816 3304 3871 surgunt,
3336 3816 3391 3860 et
3417 3806 3663 3861 domina-

2081 3879 2190 3947 tutu
2218 3872 2786 3947 concupisct-ntiarum,
2812 3875 3440 3947 quibussuccubuerunt,
3468 3888 3664 3947 sponte

2078 3940 2368 4015 paiiuutur.
2392 3940 2466 3996 ’Si
2505 3942 2593 4011 qui
2632 3951 2807 4015 autem
2830 3940 3192 4015 captivitatem
3224 3960 3376 4000 suam
3405 3940 3658 4015 (eruunt,

2077 4010 2132 4063 et
2147 4010 2445 4080 iudicantes
2462 4010 2799 4080 semetipsos,
2819 4013 2883 4067 ad
2903 4010 3319 4068 misericordiam
3341 4010 3433 4070 Dei
3457 4010 3662 4071 mutato

2078 4079 2241 4151 corde
2266 4080 2596 4151 confugiunt,
2628 4079 2734 4136 non
2761 4084 2874 4137 sine
2904 4085 3091 4150 spiritu
3117 4084 3312 4138 divina:
3339 4087 3661 4141 visitationis

2080 4148 2195 4203 hate
2216 4148 2580 4224 faciuntfllre
2599 4152 2740 4205 enim
2763 4148 2984 4224 mutatio
3004 4153 3235 4208 dextera:
3254 4155 3458 4209 Excelsi
3486 4156 3661 4224 (Paul.

2080 4233 2260 4294 LXX_\'_I,
2297 4220 2386 4280 ll)
2412 4237 2425 4272 :
2449 4221 2537 4294 qui
2564 4222 2861 4294 innumeris
2899 4224 3061 4293 lapsis
3088 4224 3179 4277 dat
3205 4220 3571 4294 p’m‘oitentiam
3604 4238 3666 4281 ut

2081 4289 2444 4363 resipiscant‘a
2473 4290 2669 4345 diaboli
2686 4292 2916 4363 ιριῃιεὶς,
2937 4289 2964 4345 a
2989 4309 3095 4360 quo
3118 4289 3313 4363 captivi
3343 4298 3664 4348 lenehantur

2078 4359 2143 4412 ad
2159 4360 2322 4432 ipsius
2335 4361 2656 4414 voluntatem
2675 4360 2744 4429 (II
2762 4360 2891 4415 Tim.
2906 4379 2964 4430 ιι,
2977 4359 3090 4432 9.6).
3109 4359 3315 4417 Nemini
3333 4376 3510 4417 autem
3525 4366 3666 4420 Dens

2080 4430 2426 4503 correctiouis
2453 4431 2822 4503 adimitviam,
2855 4448 2955 4487 nec
2981 4430 3301 4501 quemquam
3331 4435 3452 4487 boni
3486 4438 3665 4503 ρος)ςί-

2082 4499 2283 4571 ιιίιιιιιιθ
2325 4499 2591 4571 dispoliat.
2621 4501 2751 4569 Quia
2792 4503 2881 4571 qui
2926 4499 3042 4558 sea
3075 4504 3181 4556 Deo
3206 4505 3429 4566 avertit,
3468 4499 3582 4571 ipse
3612 4515 3667 4558 ct

2081 4569 2219 4623 vvlle
2245 4569 2384 4638 quod
2415 4570 2608 4625 bonum
2637 4581 2719 4625 est
2738 4613 2752 4634 ,
2796 4569 2850 4625 et
2878 4587 3035 4642 posse
3060 4574 3157 4627 sibi
3188 4574 3418 4628 sustulit.
3440 4569 3557 4628 Non
3584 4584 3671 4629 est

2079 4654 2207 4712 ergo
2233 4655 2597 4712 consequens,
2636 4642 3103 4712 sicutputant-qui
3134 4645 3252 4695 talia
3283 4644 3572 4711 objiciunt,
3612 4654 3670 4697 ut

2084 4709 2248 4782 Deus,
2266 4711 2455 4782 quibus
2479 4712 2840 4780 paenitentiam
2869 4727 2972 4766 non
2993 4709 3220 4771 dederit.
3245 4709 3667 4782 resipisreotiam

2081 4779 2383 4842 abstulerit;
2415 4779 2622 4849 etquos
2644 4798 2746 4836 non
2775 4782 2981 4845 levarit,
3008 4783 3223 4836 alliserit
3251 4779 3406 4836 :cuiu
3428 4786 3572 4839 aliud
3599 4785 3670 4838 sit

2082 4849 2343 4921 insontem
2376 4851 2426 4903 in
2454 4853 2654 4905 crimen
2687 4853 2879 4921 misse,
2912 4852 3051 4921 quod
3082 4853 3315 4906 alienum
3346 4864 3428 4906 est
3454 4870 3484 4907 a
3517 4856 3660 4917 Deo;

2079 4918 2220 5001 aliud
2245 4921 2532 5001 criminosa
2557 4918 2763 5001 veniam
2805 4926 2909 4977 non
2931 4918 3179 4991 dedisse,
3222 4923 3361 4994 quod
3387 4924 3455 4979 de
3480 4941 3670 4994 pecui-

2082 4993 2210 5042 toris
2238 5001 2315 5045 est
2350 4993 2558 5045 merito.
2644 4998 2653 5001 “

2150 5056 2271 5115 0m.
2297 5059 2433 5115 XVI.
2464 5062 2595 5134 Quia
2622 5076 2809 5132 magna
2832 5077 2954 5134 pars
2976 5062 3063 5118 illa
3090 5062 3321 5118 ﬁdelium
3349 5075 3510 5133 atque
3539 5079 3669 5119 san-

2078 5139 2309 5203 ctorum,
2338 5147 2454 5203 qua:
2488 5132 2561 5203 ad
2590 5132 2847 5203 atternani
2872 5142 3096 5188 mortem
3140 5134 3513 5203 prmdustinata
3554 5145 3665 5197 est,

2080 5201 2291 5268 quando
2327 5201 2454 5254 dicit
2480 5202 2592 5257 Deo
2618 5203 2671 5256 in
2701 5202 2942 5257 oratione
2970 5201 3255 5263 dominica.
3292 5204 3411 5257 Fiat
3435 5206 3668 5259 voluntas

2081 5279 2169 5345 tua
2192 5268 2403 5341 (Matth.
2434 5288 2506 5345 vt,
2535 5273 2655 5342 10);
2688 5271 2818 5327 nihil
2847 5273 2987 5327 aliud
3013 5290 3169 5343 quam
3197 5285 3379 5345 contra
3412 5288 3472 5330 se
3498 5287 3665 5345 petat,

2082 5339 2133 5393 id
2162 5339 2264 5406 εει,
2298 5351 2352 5395 ιιι
2377 5341 2567 5403 cadant
2592 5339 2645 5397 et
2671 5354 2854 5411 ruant;
2880 5347 3004 5417 quia
3028 5339 3275 5399 voluntas
3298 5344 3390 5400 Dei
3418 5339 3537 5399 huic
3561 5354 3665 5411 est,

2083 5420 2138 5463 ut
2154 5421 2362 5482 jclcrna
2396 5422 2566 5467 morte
2592 5423 2832 5482 pereant.

2152 5480 2312 5553 Busa.
2332 5481 2458 5553 Non
2492 5480 2820 5538 hoc’Veritas
2845 5482 2991 5551 dicit,
3023 5483 3162 5553 quod
3193 5483 3310 5539 lucc
3328 5485 3397 5539 sit
3420 5485 3668 5539 voluntas

2086 5551 2200 5616 Dei,
2233 5561 2289 5606 ul
2316 5551 2497 5608 ﬁdeles
2522 5564 2574 5608 et
2600 5553 2765 5606 sancti
2791 5570 2819 5607 a
2848 5552 2950 5608 ﬁde
2982 5551 3139 5621 atque
3161 5555 3461 5610 innocentia
3488 5566 3666 5619 ruant,

2082 5630 2137 5677 et
2177 5633 2395 5691 pereant
2430 5624 2481 5677 in
2526 5633 2782 5679 aternum
2811 5641 2823 5677 :
2851 5624 2945 5679 sed
2993 5623 3199 5680 Veritas
3238 5624 3402 5693 dicit,
3445 5624 3569 5679 Haec
3595 5637 3668 5678 est

2082 5693 2313 5766 raiuutas
2343 5695 2452 5763 ejus
2480 5697 2562 5766 qui
2591 5709 2667 5748 me
2695 5694 2827 5746 misit
2863 5693 3033 5766 Patris
3056 5737 3071 5759 ,
3113 5707 3167 5748 ut
3192 5710 3339 5749 onme
3365 5696 3500 5766 quod
3527 5697 3668 5766 dedit

2086 5762 2230 5833 mihi,
2259 5762 2595 5831 uon'pcrdam
2625 5779 2685 5818 cx
2714 5780 2768 5818 eo
2794 5764 3084 5835 quidquam,
3114 5766 3201 5819 scd
3229 5762 3513 5821 reruséitcm
3540 5764 3669 5819 illud
