3998 6190
388 379 525 434 1853

378 502 482 541 non
511 485 690 556 accepi
722 501 816 555 per
848 485 1066 556 gratiam
1089 525 1104 546 ,
1147 483 1239 538 sed
1271 483 1439 556 habeo
1471 498 1565 550 per
1589 483 1873 556 naturam?
1898 483 1951 536 Si

376 571 503 623 ergo
531 551 660 611 lides
697 551 896 610 donum
939 555 1034 609 Dei
1065 567 1167 607 non
1196 563 1305 616 est,
1349 551 1546 623 frustra
1589 552 1818 623 Ecclesia
1862 567 1956 620 pro

376 620 482 680 non
513 626 851 681 credentibus
878 635 991 679 orat
1013 633 1068 676 ut
1089 623 1328 687 credant,
1361 633 1413 675 et
1434 620 1820 690 snl‘lieitimpiis
1841 638 1954 673 ma-

375 697 647 762 gisterium
680 697 813 763 legis
857 694 1091 748 adhiberi
1113 735 1128 755 .
1179 693 1246 746 de
1281 708 1380 761 qua
1409 691 1608 745 dictum
1649 702 1727 744 est
1751 731 1764 753 ,
1799 693 1958 763 Si__e:c

377 759 486 831 lege
511 777 582 820 est
611 759 844 835 jnstitia,
873 781 991 835 ergo
1020 763 1269 835 Christus
1291 759 1446 835 gratis
1471 772 1691 835 mortuus
1727 771 1798 835 est
1828 759 1956 828 (Ga-

377 784 486 831 ιθῃε
511 784 582 820 est
645 784 844 829 astuta,
873 784 991 835 ergo
1020 784 1250 817 ωιτιειιιδ
1291 784 1446 832 graus
1471 784 1691 814 "tortou
1727 784 1794 812 εδι
1828 784 1956 828 κυα-

373 835 464 887 lat.
497 851 570 898 ιι,
597 784 694 903 4ἐι)
725 853 736 887 :
768 835 908 904 quod
952 834 1197 888 similiter
1215 832 1326 904 dici
1369 841 1542 904 potest
1579 834 1747 904 etiam
1768 830 1834 883 de
1865 847 1957 882 na-

373 913 510 957 tura.
554 901 968 960 Frustra'etiam
1007 903 1293 972 Apostolus
1322 902 1535 972 gratias
1578 901 1683 968 agit
1708 901 1956 972 Deopro

373 972 457 1027 his
482 976 569 1043 qui
601 975 942 1044 Evangelium
966 969 1282 1044 receperunt
1311 971 1374 1041 (ll
1398 969 1572 1044 Thess.
1598 985 1662 1044 ιι,
1698 970 1784 1029 12,
1820 971 1906 1044 l3)
1933 987 1947 1032 ;

371 1041 627 1098 cum‘hoc
656 1041 945 1098 secundum
977 1043 1287 1111 Pelagianos
1317 1056 1420 1094 non
1449 1043 1534 1092 Dei
1565 1041 1634 1094 sit
1661 1041 1952 1111 praestitum

369 1128 594 1167 munere
617 1156 632 1180 ,
661 1113 754 1168 sed
800 1129 865 1168 es
895 1115 1006 1167 sola
1051 1109 1306 1166 habeatur
1326 1111 1612 1180 hominum
1640 1109 1906 1180 voluntate
1937 1127 1950 1163 :

365 1192 421 1236 et
448 1178 639 1236 frustra
667 1184 979 1253 quibusdam
1020 1191 1262 1253 precatur
1289 1179 1427 1253 idem
1457 1178 1771 1253 Apostolus:
1804 1180 1952 1253 utsii

367 1253 448 1306 eis
477 1269 572 1321 pax
618 1249 941 1308 et'charitas
965 1249 1084 1306 cum
1117 1251 1218 1321 lide
1243 1266 1270 1302 a
1323 1251 1429 1321 Deo
1468 1249 1623 1302 Patre
1650 1258 1702 1300 ct
1731 1249 1951 1321 Domino

340 1317 496 1402 desii
535 1321 747 1402 Ch_rist_o
788 1321 1002 1394 (Ephes.
1035 1320 1252 1402 vi._25).;
1282 1327 1338 1402 ut
1377 1319 1486 1388 jam
1536 1333 1638 1402 n_o_n
1673 1317 1853 1402 solum
1881 1318 1948 1372 de

357 1385 504 1461 itide,
530 1392 621 1445 scd
653 1385 810 1445 etiam
839 1385 968 1460 pace
997 1400 1049 1445 et
1087 1385 1642 1461 charitatc‘,'superbia
1673 1385 1948 1461 breretic‘o-

356 1456 486 1532 jrum
514 1456 854 1532 convincatur
880 1462 1055 1514 dicere
1078 1461 1144 1532 de
1174 1457 1384 1532 proprio
1409 1472 1467 1511 se
1495 1459 1596 1532 bas.
1623 1456 1818 1532 habere
1848 1457 1951 1508 vir-

367 1540 528 1586 tutes.
560 1531 710 1599 Quod
751 1532 795 1586 si
838 1531 949 1584 hmc
977 1547 1038 1583 ex
1069 1530 1292 1581 'homine
1326 1537 1448 1582 sunt
1468 1567 1489 1599 ,γ
1511 1527 1635 1595 quid
1677 1527 1861 1599 obest,
1883 1534 1952 1599 _ut

366 1615 476 1671 non
508 1595 892 1671 ex'semetipso
933 1601 1124 1671 habeat
1165 1606 1435 1671 etcietcra
1483 1598 1618 1648 bona
1657 1611 1774 1663 qum
1821 1595 1952 1648 infe-

364 1669 510 1723 riora
554 1681 710 1731 sunt;
755 1665 873 1724 cum
915 1670 1104 1722 audeat
1147 1668 1246 1721 sibi
1297 1665 1552 1734 deputare
1580 1681 1697 1732 qua-
1743 1680 1949 1719 summa

363 1749 510 1805 sunt,
541 1750 592 1792 et
622 1741 737 1794 sine
765 1738 1099 1808 quibusalia,
1131 1737 1372 1808 quamvis
1408 1736 1568 1808 multa
1596 1745 1649 1808 ct
1677 1736 1821 1808 clara
1844 1750 1946 1808 non

364 1804 625 1876 prOsunt?
650 1810 764 1864 Non
787 1804 963 1878 potest
992 1810 1167 1876 itaque
1196 1805 1390 1878 merito
1430 1805 1646 1878 rel‘utari
1686 1804 1823 1878 quod
1869 1805 1943 1857 di-

362 1887 509 1932 ctum
539 1889 640 1944 est,
673 1876 830 1933 Fides
853 1880 1006 1948 igitur
1031 1887 1075 1930 et
1101 1877 1361 1948 inchoata,
1404 1885 1448 1928 et
1475 1877 1736 1948 perfecta,
1762 1876 1949 1948 donum

363 1948 464 2018 Dei
492 1958 562 2002 est
593 1951 753 2018 :qnia
801 1943 985 2004 eadem
1017 1957 1068 2001 et
1117 1945 1356 2015 Apostoli
1398 1943 1497 2018 vos
1537 1943 1654 2006 est,
1686 1943 1909 2018 dicentis
1929 1983 1946 2009 ,

364 2013 697 2090 Gratiasalbi
731 2020 856 2090 facti
886 2019 1002 2071 estis
1038 2033 1125 2084 per
1151 2013 1299 2082 [idem
1324 2056 1340 2079 ,
1369 2023 1414 2090 et
1445 2016 1537 2066 hoc
1565 2030 1663 2065 non
1675 2029 1753 2090 ea:
1775 2013 1948 2090 vobis;

364 2088 462 2141 Dei
484 2089 614 2141 enim
640 2083 954 2150 doriumcst;
990 2083 1088 2139 non
1134 2101 1198 2139 ea:
1244 2085 1509 2150 operibus,
1551 2098 1612 2135 ne
1661 2085 1788 2151 forte
1836 2083 1946 2150 quis

363 2158 634 2211 extollatur
661 2159 770 2225 (Id.
800 2174 858 2224 ii,
882 2159 931 2214 8.
959 2157 1017 2224 9)
1043 2173 1056 2220 ;
1079 2165 1149 2218 et,
1170 2153 1315 2225 Vobis
1344 2153 1583 2225 donatum
1600 2162 1670 2204 est
1688 2168 1776 2219 pro
1797 2151 1948 2225 Chri-

363 2239 464 2290 sto,
495 2244 593 2281 non
613 2223 776 2281 soluat
815 2239 866 2280 ut
897 2227 948 2279 in
973 2223 1087 2279 eum
1116 2223 1332 2277 credatis
1352 2263 1364 2283 ,
1399 2223 1486 2275 sed
1510 2223 1658 2274 etiam
1697 2230 1751 2272 ut
1784 2223 1950 2290 potia--

365 2299 488 2350 mini
531 2313 621 2366 pro
657 2314 714 2350 eo
753 2296 1009 2367 (Philipp.
1034 2311 1087 2367 ι,
1117 2292 1248 2364 9.9);
1281 2302 1335 2367 et
1364 2293 1553 2346 iterum
1577 2333 1591 2356 ,
1623 2290 1726 2344 Per
1755 2292 1948 2367 patien-

363 2368 487 2419 tiam
516 2361 776 2420 curramus
795 2367 861 2418 ad
889 2361 1202 2435 propositum
1218 2362 1358 2415 nobis
1384 2372 1633 2435 certamen
1657 2402 1672 2424 ,
1699 2361 1948 2435 aspicien-

364 2447 437 2490 tes
461 2437 512 2489 in
541 2446 795 2490 auctorem
832 2429 951 2503 ﬁdei
983 2429 1030 2488 et
1067 2442 1517 2503 consummatorem
1555 2429 1941 2503 lesuiritllebr.

363 2521 436 2559 xu
456 2547 471 2569 ,
513 2507 536 2559 1
567 2545 583 2570 ,
614 2505 695 2574 2).
725 2501 924 2574 Quibus
967 2512 1022 2559 el.
1057 2503 1300 2573 plurimis
1325 2502 1441 2555 aliis
1469 2501 1786 2574 testimoniis
1807 2501 1943 2574 divi-

363 2591 551 2628 narum
570 2570 954 2644 Scriptumruin
983 2570 1337 2628 indubitanter
1353 2573 1672 2644 agnoscitur,
1691 2570 1944 2644 quoniam

362 2646 500 2698 sicut
529 2645 596 2699 ab
623 2641 722 2698 hoc
753 2646 866 2698 viro
905 2644 1177 2698 delinitmn
1205 2651 1284 2695 est
1304 2682 1320 2704 ,
1351 2641 1504 2693 Fides
1528 2651 1573 2694 et
1597 2641 1830 2692 inchoata
1850 2679 1864 2704 ,
1898 2650 1946 2694 et

361 2717 582 2784 perfecta
603 2756 617 2779 ,
652 2716 838 2768 donum
865 2725 934 2768 est
962 2713 1058 2768 Dei
1100 2729 1117 2766 :
1149 2722 1196 2766 et
1223 2713 1322 2784 hoc)
1341 2711 1526 2784 donum
1552 2752 1566 2776 ,
1599 2711 1765 2784 inquit
1787 2750 1815 2784 ,_
1833 2712 1946 2784 qui-

361 2781 573 2838 busdam
599 2787 731 2850 dari,
760 2785 1056 2854 quibusdam
1083 2799 1181 2836 non
1211 2782 1348 2854 dari,
1369 2782 1696 2854 oiunino‘non
1726 2781 1938 2845 dubitat,

395 2855 448 2905 ui
481 2869 580 2907 non
624 2854 727 2907 vult
766 2851 1377 2923 manifestissimissacris
1411 2851 1614 2903 Litteris
1638 2866 1940 2923 repugnare.

357 2871 446 2976 glas
481 2871 580 2907 non
624 2871 727 2907 vuu
766 2871 1185 2923 manqesnssnms
1221 2871 1377 2905 sacris
1411 2871 1614 2903 uuens
1638 2871 1940 2919 repugnare.

408 2940 476 2977 on
504 2933 747 2992 putemus
778 2927 876 2977 hoc
899 2925 1155 2977 veraciter
1183 2922 1401 2992 dictum,
1426 2923 1467 2973 si
1492 2935 1679 2974 oniues
1702 2921 1941 2974 homines

358 2991 547 3048 ﬁdeles
571 3004 694 3049 sunt
724 3013 735 3048 :
766 2994 857 3048 sed
878 3009 995 3048 cum
1029 2995 1116 3047 alii
1143 2991 1386 3045 credant.
1417 2992 1502 3042 alii
1539 3005 1663 3041 vero
1693 3005 1796 3042 nou
1825 3005 1943 3042 cre-

355 3063 492 3134 dant
507 3105 521 3125 ,
553 3065 796 3134 dicatque
821 3063 1106 3134 Apostolus
1129 3101 1144 3126 ,
1175 3059 1291 3134 Non
1317 3059 1447 3134 enim
1478 3060 1697 3110 omnium
1717 3069 1787 3111 est
1817 3059 1941 3125 ﬁdes

355 3133 426 3200 (Il
454 3133 627 3188 Thess.
657 3128 732 3194 m',
771 3128 1019 3201 2),'quis
1045 3147 1151 3184 non
1178 3129 1352 3201 videat
1382 3128 1537 3201 tidem
1556 3170 1570 3190 ,
1600 3143 1756 3201 quani
1774 3143 1939 3201 arce:

355 3198 552 3272 perunt
591 3205 680 3272 qui
707 3198 932 3272 habent,
973 3218 1075 3254 non
1100 3199 1382 3272 _accepis~c
1425 3199 1512 3266 qui
1557 3215 1676 3272 non
1703 3198 1940 3272 habent?

434 3273 563 3328 Evc.
601 3269 684 3326 Vl.
717 3271 914 3325 Deinde
939 3272 1004 3323 ait
1043 3289 1056 3323 :
1086 3269 1188 3324 Cur
1215 3279 1379 3322 autem
1403 3285 1500 3321 non
1523 3269 1751 3320 ontnibus
1773 3269 1935 3334 detur,

355 3344 558 3410 ﬁdelem
585 3359 778 3396 movere
817 3358 915 3394 non
944 3340 1117 3406 debet,
1145 3340 1229 3407 qui
1255 3340 1411 3392 credit
1437 3355 1501 3390 ea:
1525 3355 1623 3390 uno
1649 3353 1817 3390 onmes
1845 3340 1941 3410 isse

355 3408 411 3465 in
457 3415 952 3473 condemnationem,
994 3412 1100 3466 sine
1128 3410 1436 3463 dubitatione
1465 3410 1842 3477 justissimam:
1869 3408 1940 3460 ita

355 3492 411 3534 ut
441 3484 580 3536 nulla
606 3493 727 3536 esset
757 3482 850 3534 Dei
861 3483 1004 3550 jnsta
1026 3481 1343 3548 reprehensio
1365 3521 1377 3542 ,
1406 3479 1600 3531 etiamsi
1630 3478 1801 3530 nullus
1826 3479 1941 3550 inde

356 3553 672 3604 liberaretur.
711 3548 1072 3606 Unde—constat
1095 3591 1109 3615 ,
1141 3566 1374 3618 magnam
1402 3565 1507 3601 esse
1532 3550 1778 3618 gratiam,
1806 3548 1941 3617 quod

356 3621 565 3690 plurimi
592 3623 898 3682 liberantur;
925 3621 1112 3688 etquid
1139 3619 1230 3672 sibi
1251 3619 1525 3678 deberetur,
1558 3619 1608 3670 in
1629 3619 1707 3690 eis
1735 3619 1818 3690 qui
1840 3634 1939 3670 non

356 3689 635 3763 liberantur
663 3701 959 3763 agnoscunt;
982 3700 1052 3753 ut,
1086 3693 1168 3763 qni
1199 3689 1671 3763 gloriatnrnnon‘in
1693 3689 1796 3763 suis
1832 3704 1936 3763 me-

356 3762 486 3821 ritis,
516 3777 629 3832 qua:
655 3755 797 3830 pdria
819 3763 946 3814 videt
975 3777 1079 3814 esse
1099 3755 1366 3819 damnatis,
1392 3758 1480 3832 sed
1501 3760 1549 3809 in
1577 3755 1794 3832 Domino
1822 3757 1936 3832 glo-

357 3827 537 3883 rietur;
573 3827 679 3886 Cur
715 3842 879 3884 autem
907 3834 1055 3884 istum
1085 3831 1249 3897 potius
1273 3845 1421 3896 quam
1451 3831 1597 3880 istum
1628 3827 1832 3888 liberet;
1861 3830 1939 3880 in-

358 3901 652 3955 scrutabilia
678 3912 790 3956 sunt
809 3902 1008 3972 judicia
1024 3903 1130 3964 eius
1151 3941 1164 3962 ,
1197 3909 1243 3951 et
1262 3897 1622 3972 ittuestiqabiles
1651 3899 1743 3950 vim
1778 3897 1938 3972 ipsius

359 3972 534 4032 (Rom.
577 3987 628 4025 XI
648 4015 662 4036 ,
693 3967 1015 4041 35).'Mclius
1044 3972 1174 4023 enim
1198 3970 1352 4041 ethic
1375 3969 1655 4041 audimus,
1681 3977 1766 4018 ant
1807 3967 1938 4041 dici-

361 4059 471 4094 mus
491 4082 505 4105 ,
539 4060 558 4093 ι
595 4042 639 4094 0
668 4037 849 4105 homo,
879 4051 930 4093 tu
969 4042 1077 4105 quis
1101 4057 1152 4092 es
1177 4040 1262 4108 qui
1289 4038 1591 4105 respondeas
1624 4037 1724 4090 Deo
1761 4055 1781 4089 ι
1827 4037 1934 4108 (Id.

361 4127 411 4164 Ix
433 4152 447 4174 ,
478 4111 596 4180 ‘20)?
620 4129 768 4181 quam
796 4113 959 4164 dicere
977 4107 1270 4170 audeamus,
1295 4109 1437 4181 quasi
1459 4109 1741 4181 noverimus
1760 4149 1773 4170 ,
1804 4107 1938 4181 quod

361 4178 609 4234 occultum
633 4178 757 4235 'csse
792 4181 981 4243 voluit,
1018 4181 1101 4248 qui
1137 4190 1299 4231 tamen
1330 4178 1521 4244 aliquid
1547 4178 1788 4248 injustum
1816 4179 1938 4231 velle

361 4267 458 4303 non
491 4252 648 4319 potuit
675 4251 776 4320 (De
804 4246 1252 4303 Praedestinatione
1275 4246 1601 4312 Sanctorum,
1618 4246 1789 4317 11.16).

434 4317 590 4375 lisse.
624 4317 746 4374 Ilaec
775 4321 949 4374 omnia
973 4322 1016 4374 si
1049 4335 1150 4373 non
1180 4329 1322 4373 recte
1351 4321 1485 4371 dicta
1509 4329 1648 4378 sunt,
1674 4317 1935 4371 scrutabi-

362 4389 426 4442 lia
459 4399 582 4444 sunt
604 4391 800 4460 judicia
831 4391 942 4450 Dei,
972 4403 1026 4443 et
1054 4389 1384 4456 vestigabiles
1409 4390 1508 4460 vizc
1545 4389 1691 4460 ejus;
1716 4404 1812 4441 nec
1841 4403 1935 4440 oc-

358 4461 554 4531 cultum
583 4471 659 4515 est
683 4503 698 4526 ,
726 4477 888 4531 quare
924 4461 1010 4513 ille
1052 4461 1226 4531 potius
1254 4475 1422 4531 quam
1451 4459 1548 4531 iste
1570 4459 1842 4531 _s_alvatur;
1884 4467 1938 4510 et

358 4530 410 4584 in
453 4545 513 4585 se
556 4547 659 4584 non
689 4527 758 4584 in'
789 4531 1013 4584 Domino
1044 4527 1386 4598 gloriabitur,
1422 4527 1509 4595 qui
1535 4527 1650 4579 aliis
1676 4527 1799 4579 vitio
1840 4543 1936 4598 suo

359 4602 698 4669 pereuntibus
735 4601 995 4655 electione
1015 4597 1472 4669 dignusiiiventus
1497 4607 1596 4650 est.
1633 4600 1707 4650 Ac
1739 4598 1816 4669 sic
1852 4597 1937 4665 ju-

357 4667 496 4724 stitia
527 4672 739 4740 quidem
767 4671 868 4724 erit
888 4711 901 4730 ,
925 4669 1062 4740 quod
1084 4668 1297 4740 plurimi
1325 4667 1689 4740 datnnantur_:
1713 4667 1803 4720 sed
1832 4683 1934 4721 non

355 4743 456 4795 erit
482 4737 648 4808 gratia
672 4783 686 4804 ,
715 4741 856 4810 quod
885 4737 1094 4808 plurimi
1124 4739 1450 4810 liberantur.
1478 4737 1624 4790 Absit
1656 4737 1769 4789 b:r.c
1796 4752 1824 4789 a
1851 4753 1938 4790 ca-

357 4811 568 4865 tholicis
596 4808 844 4865 cordibus
865 4852 879 4874 ,
905 4810 1046 4864 absit
1069 4809 1185 4862 talis
1207 4808 1452 4875 impietas
1476 4848 1491 4870 ,
1524 4817 1579 4860 ut
1614 4822 1930 4876 queinquam

358 4889 604 4950 putemus
635 4882 836 4935 meritis
877 4880 985 4932 suis
1011 4878 1144 4950 erui
1166 4877 1233 4932 dc
1273 4887 1530 4946 potestate
1557 4877 1924 4950 tenebrarum,

355 4947 409 5004 et
430 4951 480 5004 in
512 4967 730 5019 regnum
763 4950 875 5003 Filii
907 4950 996 5002 Dei
1027 4947 1202 5001 debita
1223 4989 1234 5008 ,
1267 4963 1369 5000 non
1400 4947 1628 5019 gratuita
1651 4947 1933 5019 adoptione

359 5018 655 5075 transferri.
689 5020 874 5091 Magno
903 5028 1118 5091 peccato
1143 5019 1300 5091 periit
1329 5019 1520 5091 Adam,
1543 5027 1595 5071 et
1622 5018 1672 5070 in
1706 5018 1794 5091 illo
1814 5033 1936 5091 om-

358 5105 450 5145 nes
480 5087 795 5161 pericrunt.’
813 5087 945 5156 Quia
973 5089 1120 5161 omni
1163 5089 1359 5140 homini
1388 5089 1634 5161 damnata
1665 5087 1937 5161 nativitatc

357 5156 567 5228 genito,
596 5161 698 5215 hoc
723 5162 774 5214 in
799 5161 962 5213 Adam
991 5159 1229 5220 debetur,
1263 5168 1314 5211 ut
1346 5167 1542 5227 pereat.
1581 5156 1802 5228 Etsieut
1831 5175 1934 5212 non

359 5227 644 5298 possumus
680 5231 929 5300 conqueri
967 5229 1132 5300 deieo
1169 5228 1390 5300 quodin
1419 5227 1700 5300 praxteritis
1728 5229 1938 5300 smculis

358 5297 557 5356 dimisit
591 5315 782 5356 omnes
803 5297 1246 5371 'gentcsingredi
1284 5299 1394 5352 vias
1419 5314 1576 5371 suas;
1626 5299 1694 5350 ita
1735 5297 1935 5371 justam

357 5387 464 5424 non
509 5369 1157 5439 hahercnnis'querelam,
1207 5369 1251 5422 si
1280 5383 1400 5424 cum
1446 5369 1555 5430 eis,
1589 5383 1706 5421 eum
1744 5369 1938 5439 quibus

359 5441 512 5495 nobis
535 5443 624 5495 iuit
648 5456 806 5496 causa
828 5438 1146 5503 cdmmunis,
1169 5448 1411 5492 cessante
1431 5439 1603 5492 adhuc
1621 5438 1786 5508 gratia
1814 5455 1936 5506 per-

357 5509 574 5565 iremus.
614 5511 743 5580 Qua:
774 5521 946 5564 tamen
977 5511 1112 5563 sicut
1144 5519 1268 5563 tunc
1300 5509 1368 5562 de
1403 5509 1547 5580 omni
1577 5507 1772 5580 mundo
1800 5510 1940 5580 eruit

357 5594 553 5662 paucos
575 5624 591 5648 ,
619 5578 686 5635 ila
715 5596 855 5635 nunc
878 5580 943 5634 dc
969 5582 1218 5662 universo
1245 5594 1442 5662 genere
1469 5578 1738 5662 homiunm
1769 5578 1938 5662 salvat

357 5648 687 5715 innumeros;
712 5669 814 5706 non
832 5652 1120 5706 secundum
1143 5663 1303 5716 Opera
1323 5656 1522 5710 nostra,
1537 5649 1627 5702 sed
1646 5648 1935 5704 secundum

357 5735 511 5776 suum
541 5724 863 5791 propositum
889 5732 941 5775 ct
977 5721 1234 5790 gratiam,
1263 5734 1380 5790 quae
1410 5718 1642 5791 dataest
1684 5719 1836 5791 nobis
1879 5717 1933 5791 in

357 5787 571 5848 Christo
599 5787 723 5848 Jésu
750 5804 871 5848 ante
903 5787 1136 5858 tempora
1161 5787 1356 5843 acterna
1383 5789 1448 5861 (ΙΙ
1484 5787 1608 5843 Tim.
1645 5804 1680 5857 I,
1700 5789 1775 5859 9).
1799 5790 1927 5845 Sub-

1202 371 1704 432 RESPONSIONES
1741 375 1833 429 AD
1867 373 2308 432 GENUESINUM
2339 372 2724 430 EXCERPTA.

3507 379 3638 436 1851

2065 483 2329 556 ιιθξιιίειίξί
2347 486 2503 556 etiam
2531 486 2669 556 quod
2698 493 2816 556 post
2837 488 2996 542 multa
3025 487 3292 543 disserens
3310 489 3420 546 ait:

2135 554 2262 608 Exc.
2296 555 2401 608 VII.
2431 555 2520 626 Est
2541 554 2660 625 ergo
2693 554 2744 609 in
2767 558 3015 612 malorum
3043 567 3281 622 potestate
3310 577 3516 626 peccare
3539 577 3557 616 :
3579 574 3635 615 ut

2061 632 2228 695 autem
2251 625 2501 691 peccando
2532 626 2625 678 hoc
2647 627 2722 679 uel
2745 627 2838 678 hoc
2862 627 2951 678 illa
2977 627 3168 680 malitia
3199 625 3406 695 faciant,
3435 647 3534 684 non
3563 644 3635 686 est

2058 694 2110 743 in
2138 708 2307 744 eorum
2332 704 2592 763 potestate,
2617 697 2704 748 sed
2735 695 2824 748 Dei
2848 697 3111 749 dividentis
3130 694 3458 759 tenebras,et
3488 703 3631 754 ordi-

2059 765 2223 835 nantis
2252 779 2335 835 eas
2359 774 2457 826 ,°,ut
2485 766 2600 816 hinc
2629 767 2775 818 etiam
2801 765 3155 835 quodfuciunt
3193 777 3366 818 contra
3395 768 3624 821 volunta-

2059 840 2161 905 tem
2179 830 2270 883 Dei
2287 849 2426 905 ,_non
2453 835 2720 902 impleatur
2749 830 2844 888 nisi
2871 834 3099 889 voluntas
3126 834 3218 888 Dei
3237 835 3336 905 (De
3366 835 3638 893 Prtedesti-

2057 902 2258 974 natione
2287 901 2589 974 Sanctorum
2608 945 2621 964 ,
2655 921 2707 956 ιι.
2735 905 2848 974 55).

2131 971 2285 1043 lisse.
2315 973 2463 1034 Quod
2487 989 2619 1043 cum
2659 976 2727 1026 sit
2767 971 3114 1043 apertissimze
3155 975 3424 1041 veritatis,
3469 979 3632 1032 miror

2057 1039 2194 1092 inter
2216 1041 2436 1093 obscura
2465 1042 2767 1110 decerptum
2793 1039 2814 1109 ζ
2841 1045 2988 1110 quasi
3019 1059 3120 1096 non
3146 1060 3210 1098 ex
3239 1039 3635 1101 coita-rentibus

2058 1113 2284 1178 potuerit
2323 1111 2803 1185 omnisbassitatio
2846 1113 3060 1168 lectoris
3107 1115 3328 1185 absolvi.
3386 1116 3630 1185 Inspicite

2056 1194 2183 1252 ergo
2209 1181 2350 1248 quod
2383 1183 2636 1249 sequitur.
2665 1181 2918 1252 Legimus,
2961 1185 3149 1251 inquit,
3175 1184 3227 1235 in
3258 1186 3460 1239 Actibus
3476 1181 3624 1238 Ἀνο-

2054 1251 2295 1302 stolarum
2318 1290 2332 1314 ,
2362 1252 2495 1318 quod
2519 1267 2634 1303 cum
2668 1251 2862 1305 dimissi
2899 1271 2930 1304 a
2961 1253 3158 1306 Judceis
3197 1253 3424 1320 Apostoli
3464 1260 3624 1309 uenis-

2054 1328 2161 1370 sent
2189 1320 2256 1371 ad
2279 1337 2398 1374 suos
2422 1361 2436 1384 ,
2465 1331 2510 1373 et
2539 1321 2840 1375 iudicassent
2870 1334 3057 1386 quanta
3078 1325 3148 1376 eis
3175 1324 3454 1378 sacerdotes
3476 1335 3521 1378 et
3557 1341 3630 1378 se.

2055 1389 2218 1459 niores
2243 1393 2463 1459 fecerunt
2482 1431 2496 1454 ,
2527 1391 2808 1444 levaverunt
2836 1393 2911 1446 illi
2940 1409 3107 1445 vocem
3139 1394 3420 1448 nniunimes
3457 1411 3628 1449 omnes

2054 1458 2122 1508 ad
2137 1457 2422 1534 _l)ominum
2447 1499 2461 1522 ,
2487 1470 2530 1513 et
2552 1461 2824 1534 dixerunt:
2849 1480 2868 1513 ι
2903 1461 3119 1534 Domine
3141 1503 3156 1526 ,
3197 1473 3248 1514 tu
3275 1480 3326 1516 es
3353 1465 3438 1532 qui
3465 1465 3627 1534 fecisti

2055 1526 2231 1601 caelum
2255 1538 2302 1580 et
2332 1538 2549 1601 terram,
2592 1541 2634 1582 et
2660 1533 2826 1584 omnia
2853 1548 2968 1601 quae
2991 1533 3041 1584 in
3070 1531 3139 1583 eis
3164 1542 3277 1584 sunt
3303 1573 3316 1593 ,
3343 1526 3428 1600 qui
3455 1526 3542 1598 per
3569 1550 3625 1586 os

2053 1597 2212 1669 patris
2254 1601 2410 1650 nostri
2440 1599 2605 1652 David
2627 1640 2641 1663 ,
2686 1597 3033 1668 sancti'pueri
3077 1603 3180 1662 tni,
3226 1597 3425 1662 dixisti,
3458 1602 3628 1669 Quare

2052 1665 2358 1731 fremuerunt
2379 1679 2547 1737 gentes
2566 1710 2580 1733 ,
2609 1678 2654 1722 et
2681 1672 2855 1740 populi
2881 1665 3101 1723 meditati
3124 1681 3238 1724 sunt
3261 1673 3432 1724 inania
3453 1665 3623 1725 fasti-

2051 1745 2214 1807 terunt
2239 1753 2376 1807 reges
2405 1749 2547 1790 teme
2569 1779 2584 1802 ,
2625 1749 2671 1791 et
2716 1742 2966 1807 principes
2995 1751 3323 1794 convenerunt
3349 1743 3400 1793 in
3429 1758 3582 1794 unum
3606 1782 3622 1803 ,

2051 1805 2288 1858 adversus
2322 1806 2596 1886 Dominum
2633 1820 2678 1861 et
2705 1805 2945 1886 aduersus
2970 1811 3222 1886 Christum
3251 1811 3402 1881 ejus?
3430 1811 3624 1865 Conve-

2050 1886 2229 1928 nerunt
2259 1878 2390 1928 enim
2415 1878 2464 1930 in
2495 1879 2698 1932 veritate
2719 1920 2733 1942 ,
2773 1881 2826 1932 in
2852 1881 3048 1934 civitate
3076 1880 3172 1933 ista
3196 1923 3211 1945 ,
3245 1878 3480 1933 adversus
3505 1898 3624 1934 san-

2049 1953 2184 2024 ctum
2225 1963 2433 2013 puerum
2461 1947 2850 2024 tuum_Jcsu_m,_
2872 1952 3277 2024 quemnnxisti,
3312 1948 3540 2003 Herodes
3573 1960 3623 2003 et

2056 2011 2249 2088 Pilatus
2275 2025 2321 2066 et
2351 2017 2566 2088 populus
2591 2015 2786 2088 Israel,
2822 2011 2989 2084 facere
3024 2023 3216 2088 quanta
3259 2011 3436 2071 manus
3466 2029 3550 2071 tua
3576 2029 3623 2073 et

2049 2084 2311 2134 consilium
2337 2086 2701 2156 praedestinavit
2731 2087 2882 2154 [Seria
2906 2084 3049 2150 (Act;
3076 2088 3382 2156 iv,23-28).I
3409 2088 3466 2141 Si
3494 2104 3623 2156 ergo

2049 2166 2165 2227 ιιιιιιι
2195 2168 2288 2227 per
2312 2155 2565 2227 os‘patris
2591 2158 2754 2227 nostri
2791 2157 2946 2227 David
2987 2169 3200 2212 sanctus
3225 2158 3452 2226 Spiritus
3495 2155 3621 2227 pro-

2049 2223 2311 2301 plu-tavit,
2343 2223 2498 2301 aliter
2525 2224 2740 2294 intelligi
2771 2225 2877 2278 ullo
2907 2227 3091 2289 modo,
3115 2223 3281 2301 quam:
3301 2228 3367 2282 ab
3395 2223 3622 2301 Aposto-

2050 2291 2113 2342 lis
2141 2303 2262 2345 sunt
2287 2294 2572 2356 intellecta,
2606 2291 2712 2348 non
2740 2307 2956 2361 possunt
2979 2335 2994 2361 ,
3021 2305 3073 2349 et
3113 2291 3347 2350 ilcrodes
3385 2291 3458 2350 ac'
3480 2298 3620 2350 Pila-

2051 2369 2134 2412 tus
2173 2371 2226 2434 et
2256 2364 2478 2431 populus
2517 2364 2677 2416 Israel
2718 2365 2958 2418 l'ererunt
2994 2376 3188 2434 quanta
3219 2383 3406 2420 manus
3438 2367 3526 2420 Dei
3566 2376 3622 2421 et

2050 2433 2328 2504 consilium
2374 2434 2767 2504 praedestinavit
2797 2436 2908 2488 lieri
2933 2476 2948 2498 ,
2980 2433 3103 2504 quid
3150 2436 3523 2490 inconveniens
3549 2437 3622 2489 ait

2047 2501 2373 2556 admirabilis
2399 2503 2694 2572 disputator
2733 2521 2748 2558 :
2792 2504 2920 2569 Est,
2953 2501 3231 2574 iii—quiens,
3275 2507 3327 2559 in
3371 2506 3621 2560 malorum

2049 2580 2288 2645 potestate
2315 2589 2556 2645 peccare;
2583 2583 2638 2626 ut
2674 2584 2842 2628 autem
2880 2576 3132 2645 peccando
3168 2577 3261 2629 hoc
3293 2576 3368 2629 vel
3403 2576 3498 2628 hoc
3531 2577 3622 2629 illa

2045 2641 2240 2715 malitia
2263 2641 2480 2715 faciant,
2503 2660 2604 2696 non
2628 2653 2700 2715 est
2722 2648 2775 2696 in
2800 2641 2970 2697 eorum
3007 2656 3247 2715 potestate
3271 2687 3286 2710 ,
3313 2645 3403 2700 sed
3427 2646 3524 2700 Dei
3544 2647 3622 2698 di-

2046 2711 2504 2784 uidentistenebras
2529 2723 2576 2766 et
2601 2714 2881 2784 ordinantis
2917 2711 3048 2768 eas':
3076 2726 3129 2768 ut
3168 2717 3285 2770 hinc
3315 2717 3465 2769 etiam
3488 2717 3622 2784 quod

2044 2781 2237 2854 [arium
2256 2785 2770 2854 _contra_voluntatem
2809 2783 2937 2854 Dei,
2980 2801 3079 2838 non
3114 2786 3383 2854 impleatur
3411 2781 3509 2838 nisi
3530 2801 3618 2839 vo-

2046 2849 2214 2905 luntas
2244 2850 2339 2904 Dei
2356 2853 2382 2905 l’
2407 2851 2546 2908 Male
2571 2855 2712 2908 enim
2745 2853 2878 2909 velle
2905 2849 3208 2909 facillimum
3239 2863 3322 2909 cst
3346 2855 3498 2908 malis
3523 2871 3538 2908 :
3566 2864 3621 2910 et

2043 2936 2228 2974 eorum
2255 2921 2608 2978 damnabilem
2636 2926 2956 2979 voluntatem
2987 2941 3090 2978 non
3117 2925 3331 2979 dubium
3355 2934 3436 2978 est
3465 2939 3494 2978 a
3525 2925 3618 2978 Dei

2045 2994 2572 3062 potestateconcludi
2595 3034 2610 3058 ,
2642 3004 2699 3048 ut
2738 2995 2980 3049 cIl'ectum
3019 2995 3318 3062 cupiditatis
3343 3010 3482 3058 suae,
3517 2995 3618 3049 nisi

2045 3060 2132 3135 ille
2160 3061 2474 3135 permiserit,
2508 3063 2704 3135 habere
2725 3079 2826 3135 non
2857 3060 3185 3135 pmsiuthti
3207 3075 3382 3118 autem
3409 3064 3622 3132 sapicno

2044 3134 2168 3202 tiam
2199 3138 2253 3181 et
2285 3129 2541 3202 justitiam
2581 3132 2673 3185 Dei
2703 3129 3149 3186 etiam'malorum
3188 3135 3437 3200 operibus
3455 3129 3620 3202 (qua:

2043 3212 2108 3250 ex
2127 3199 2371 3271 ipsorum
2405 3200 2664 3271 prodeunt
2687 3202 2922 3270 appetitu
2948 3243 2962 3266 ,
2995 3202 3061 3255 ad
3093 3199 3358 3271 implenda
3397 3199 3617 3256 consilia

2043 3277 2095 3339 et
2115 3268 2310 3334 judicia
2335 3283 2429 3321 sua
2452 3311 2465 3331 ,
2494 3270 2665 3323 nullus
2695 3268 2778 3324 vel
2807 3273 3033 3325 tenuiter
3055 3268 3344 3328 secundum
3369 3272 3616 3339 pietatem

2041 3337 2229 3391 doctus
2263 3338 2464 3406 ignorat
2490 3382 2503 3400 ,
2534 3341 2620 3408 qui
2653 3341 2792 3393 videt
2823 3341 2916 3395 Dei
2943 3341 3112 3395 Patris
3140 3337 3392 3409 Optimam
3426 3342 3616 3394 volun-

2045 3417 2238 3480 tatem,
2269 3425 2371 3480 non
2404 3410 2669 3478 parcentis
2700 3411 2831 3464 Filio
2855 3426 2952 3465 Suo
2971 3452 2984 3475 ,
3012 3413 3105 3465 sed
3137 3428 3232 3480 pro
3269 3412 3423 3466 nobis
3446 3413 3618 3464 muni-

2044 3477 2141 3548 bus
2173 3478 2426 3532 tradentis
2454 3495 2574 3533 eum
2598 3521 2612 3544 ,
2647 3482 2872 3548 pessima
2902 3477 3166 3536 traditoris
3195 3483 3210 3513 ¹
3241 3481 3390 3536 .Iuda:
3427 3493 3480 3535 et
3519 3481 3614 3534 .Iu-

2042 3547 2574 3621 dzeorumvoluntate
2603 3547 2920 3616 COmpIctam
2953 3569 2964 3604 :
2996 3560 3051 3605 et
3085 3552 3176 3621 qui
3218 3553 3269 3606 in
3299 3552 3618 3619 evangelicis

2041 3619 2247 3686 paginis
2278 3619 2435 3688 legit,
2477 3621 2688 3675 dicente
2715 3621 2878 3674 Pilato
2903 3621 2970 3675 ad
3008 3619 3219 3687 Jesuni,
3247 3621 3376 3675 Mihi
3397 3638 3496 3674 non
3541 3621 3618 3674 lo-

2040 3690 2247 3754 qneris?
2272 3688 2454 3744 Nescis
2481 3693 2598 3756 quia
2637 3701 2923 3761 potestatem
2955 3692 3109 3745 habeo
3141 3692 3432 3760 cruciﬁgere
3459 3702 3533 3756 te,
3568 3702 3617 3745 et

2042 3769 2330 3829 potestatem
2359 3761 2514 3813 habeo
2543 3762 2823 3812 dimittendi
2843 3762 2930 3814 te?
2951 3763 3286 3829 respondisse
3315 3763 3614 3827 Dominum,

2044 3826 2163 3880 Non
2191 3829 2392 3881 [ruberes
2421 3830 2471 3898 in
2503 3846 2579 3881 me
2599 3839 2889 3898 potestatem
2913 3826 3100 3894 ullam,
3130 3832 3226 3883 nisi
3250 3841 3374 3884 esset
3408 3831 3495 3883 tibi
3519 3826 3616 3883 da;

2043 3909 2146 3970 tum
2168 3899 2382 3970 desuper
2403 3897 2578 3970 (Joan.
2601 3897 2690 3953 VXIx
2718 3939 2731 3960 ,
2767 3899 2862 3961 10,
2897 3901 3007 3965 II).
3042 3901 3234 3954 Dividit
3272 3903 3448 3970 itaque
3481 3901 3618 3954 licus

2043 3967 2179 4021 inter
2210 3969 2380 4022 lucem
2411 3967 2463 4022 et
2495 3971 2741 4023 tenebras
2770 3987 2782 4020 :
2813 3985 2909 4023 nec
2953 3970 3071 4024 ideo
3119 3969 3467 4037 inculpabiles
3495 3979 3615 4022 sunt

2045 4040 2275 4091 tenebrze
2299 4080 2314 4104 ,
2347 4041 2467 4106 quia
2507 4041 2585 4093 eis
2625 4040 2758 4092 bene
2808 4041 2972 4092 utitur
3023 4041 3192 4100 Deus,
3229 4040 3317 4107 qui
3363 4040 3520 4092 etiam
3550 4040 3619 4093 de

2041 4122 2201 4174 Opere
2233 4109 2485 4176 ipsarum,
2509 4110 2648 4178 quod
2681 4110 2798 4162 liliis
2830 4111 2958 4164 lucis
2984 4111 3034 4162 in
3060 4111 3253 4164 bonum
3285 4110 3613 4177 procederet,

2043 4179 2347 4231 ordinavit:
2382 4188 2582 4232 tantum
2628 4179 2871 4247 progredi
2915 4182 3094 4233 sitiens
3132 4179 3383 4233 malitiam
3427 4195 3620 4232 nocere

2041 4249 2388 4316 cupientium,
2416 4261 2669 4318 quantum
2691 4263 2809 4303 eam
2839 4252 3036 4304 sanctis
3057 4251 3166 4304 suis
3190 4252 3269 4302 vel
3297 4249 3620 4317 castigandis

2043 4319 2185 4370 novit
2213 4320 2416 4384 uti’em,
2451 4321 2528 4372 vel
2563 4320 2874 4387 probandis;
2905 4333 2959 4372 ut
2991 4322 3114 4373 hinc
3139 4321 3327 4383 etiam,
3357 4319 3496 4388 quod
3541 4319 3619 4370 I‘a-

2041 4390 2185 4441 ciunt
2223 4399 2404 4442 contra
2448 4391 2716 4444 Voluntate
2741 4411 2766 4439 ιι
2803 4391 2890 4442 Dei
2913 4430 2928 4456 ,
2963 4407 3065 4442 non
3096 4390 3373 4457 impleatur
3404 4389 3500 4440 nisi
3530 4404 3623 4438 vo-

2041 4459 2356 4581 ?tttitasillei.
2383 4461 2632 4530 Sequitur
2659 4459 2909 4528 deinceps
2935 4459 3074 4529 quod
3103 4461 3154 4512 in
3195 4461 3330 4512 libro
3360 4459 3622 4512 invenitur

2041 4543 2220 4581 secum
2241 4545 2291 4581 ο.

2041 4543 2291 4582 ερριιιιιιο.

2114 4601 2241 4651 lixc.
2280 4599 2407 4653 VIII.
2450 4598 2527 4651 An
2566 4600 2829 4668 quisquam
2871 4598 3035 4652 dicere
3059 4597 3295 4662 audebit,
3331 4597 3490 4650 Deum
3521 4615 3619 4650 non

2043 4669 2301 4736 prmsrisse
2344 4668 2522 4734 quibus
2549 4679 2674 4722 esset
2715 4670 2927 4721 daturus
2965 4677 3020 4721 ut
3047 4669 3338 4731 crederent,
3370 4679 3456 4720 aut
3495 4685 3621 4734 quos

2043 4740 2252 4791 datarus
2281 4749 2403 4791 esset
2435 4737 2567 4791 Filio
2596 4757 2687 4792 suo
2707 4781 2721 4804 ,
2751 4747 2805 4791 ut
2841 4754 2904 4792 ea:
2927 4740 2996 4792 eis
3038 4755 3136 4792 non
3175 4739 3403 4805 perderet
3444 4755 3620 4806 quem-

2041 4825 2190 4880 quant
2210 4807 2399 4880 illoan.
2435 4825 2589 4871 xvni,
2620 4809 2715 4877 9)?
2745 4811 2872 4875 Qna'
2912 4810 3079 4880 utique
3113 4810 3155 4861 si
3183 4809 3428 4880 prrescivit
3448 4847 3464 4872 ,
3496 4825 3622 4876 pro-

2045 4879 2173 4947 )‘ecto
2199 4879 2437 4950 beneﬁcia
2463 4897 2554 4933 sua
2574 4919 2588 4943 ,
2619 4881 2796 4950 quibus
2825 4895 2915 4932 nos
2953 4879 3195 4950 dignatur
3218 4879 3460 4950 liberare,
3491 4894 3622 4948 prte-

2041 4951 2200 5000 scieit.
2229 4948 2353 5003 Ηωε
2374 4948 2743 5019 pnedestinatio
2759 4958 3043 5001 sanctorum
3070 4949 3197 5019 nihil
3220 4948 3361 5000 aliud
3380 4956 3451 5019 est
3472 4965 3622 5015 quant

2043 5020 2354 5086 prtescienlia
2375 5016 2568 5073 scilicet
2596 5029 2641 5072 et
2671 5019 2974 5086 prteparatio
3001 5018 3353 5085 beneficiorum
3380 5016 3495 5086 Dei,
3521 5020 3624 5086 qui-

2042 5089 2131 5141 bus
2159 5090 2427 5142 certissime
2469 5085 2762 5152 liberantur,
2780 5085 3090 5158 quicumque
3123 5088 3415 5141 liberantur.
3442 5085 3623 5158 Crateri

2043 5173 2209 5211 autem
2239 5160 2357 5221 ubi,
2387 5161 2486 5212 nisi
2513 5161 2564 5212 in
2595 5175 2760 5211 nmssa
2792 5157 3108 5225 perditionis,
3127 5158 3267 5226 justo
3295 5159 3462 5226 divino
3479 5157 3636 5226 jud._-_

2049 5229 2124 5299 fit;
2212 5229 2561 5299 relinquuntur
2600 5245 2618 5281 :
2652 5229 2736 5280 ubi
2781 5221 2920 5299 Tyrii
2957 5221 3142 5299 relicti'
3161 5238 3278 5282 sunt
3330 5240 3376 5280 et
3421 5221 3635 5299 Sidonii

2045 5299 2060 5365 (
2092 5298 2274 5351 Matth.
2307 5296 2379 5365 xi,
2420 5300 2482 5353 2-1
2514 5302 2563 5365 ),
2592 5301 2676 5367 qui
2701 5296 2848 5350 etiam
2869 5298 3071 5352 credere
3097 5305 3393 5366 potuerunt,
3422 5296 3622 5367 simitu

2041 5364 2132 5421 illa
2157 5369 2346 5423 Christi
2385 5364 2529 5438 signa
2571 5364 2808 5422 vidissent
2833 5368 2960 5421 :sed
3003 5364 3239 5438 quoniam
3271 5375 3324 5419 ut
3366 5364 3624 5417 crederent

2042 5456 2140 5491 non
2168 5442 2237 5492 eis
2271 5449 2377 5492 erat
2415 5441 2610 5503 datum,
2655 5441 2806 5491 etiam
2844 5439 2978 5492 unde
3007 5439 3263 5492 crederent
3296 5444 3368 5490 est
3391 5444 3624 5505 negatum

2043 5508 2146 5579 (De
2171 5509 2318 5562 Dono
2347 5508 2754 5571 Perseverantiw,
2789 5527 2840 5562 ιι.
2869 5509 2984 5578 35).

2115 5580 2274 5635 lisse.
2313 5580 2413 5648 Qui
2447 5580 2560 5634 istis
2590 5582 2876 5644 resistunt,
2909 5573 3009 5634 hoc
3055 5576 3255 5632 sentire
3283 5573 3622 5647 apertissime

2108 5800 2122 5829 ¹
2161 5798 2294 5857 ωιιὶ,
2324 5797 2623 5848 traditarum.
2650 5795 2813 5846 Melius
2837 5802 3136 5857 tteaiigianus
3155 5794 3284 5856 cod.,
3307 5789 3574 5846 traditoris.
