4000 6186
329 370 465 426 1855

330 486 636 550 probantur,
665 482 804 552 quod
846 481 1124 553 lides__non
1167 476 1236 530 sit
1275 475 1470 553 donum
1516 471 1604 524 Dei
1627 479 1726 553 λοι
1755 466 1894 535 quod

329 539 495 623 gratia
526 539 636 607 non
668 539 1216 623 Apr-(eveniatlibernm
1243 545 1544 623 arbitrium.
1572 539 1664 623 sed
1711 553 1899 623 sequa-

331 608 447 687 l’ur;
472 635 521 676 et
541 608 866 690 quod-gratia
890 619 983 690 Dei
1001 616 1292 690 secundum
1316 613 1502 666 merita
1515 617 1703 690 nostra
1722 608 1899 690 detur.

333 676 460 746 Nam
488 693 530 745 si
557 676 748 758 aliquid
789 687 1014 743 conferri
1049 686 1247 758 homini
1281 699 1372 750 per
1395 681 1616 751 gratiam
1642 676 1902 758 conﬁten-

334 775 434 818 tur.
463 771 518 815 et
546 762 594 813 id
625 755 726 812 non
757 759 947 824 accipit
976 758 1073 809 nisi
1101 757 1248 817 lides,
1275 769 1392 822 quae
1419 758 1631 826 accepta
1657 763 1759 826 non
1779 755 1900 826 est;

334 833 385 883 in
418 816 526 898 ipsa
555 841 631 883 est
664 816 930 892 meritum,
957 828 1040 881 cui
1074 842 1174 878 non
1213 816 1411 898 donum
1438 821 1611 898 datur.
1639 817 1732 870 sed
1759 816 1901 898 debi-

337 892 450 954 tum.
488 901 739 953 redditur.
773 899 826 950 ln
864 898 958 950 hac
1003 895 1261 949 sententia
1305 892 1489 959 positi,
1516 894 1906 950 consequenter

335 972 563 1038 sapiunt,
596 985 688 1022 eos
719 984 834 1021 esse
879 967 1285 1038 prmdestinatos
1307 964 1357 1038 in_
1403 961 1565 1038 vitam
1597 966 1859 1038 aeternam
1887 995 1900 1018 ,

336 1027 469 1108 quos
510 1027 606 1119 per
645 1039 827 1092 liberae
853 1027 1136 1088 voluntatis
1175 1031 1449 1085 arbitrium
1491 1027 1670 1119 fide-les
1702 1029 1906 1119 futuros

339 1098 628 1178 prmscierit
656 1110 820 1166 Deus;
847 1118 901 1159 ut
927 1107 1036 1171 ipsa
1062 1107 1347 1178 electorum
1383 1098 1905 1178 prmdestinatio'non

336 1165 399 1232 sit
432 1180 530 1231 nisi
557 1165 833 1230 retributio
859 1194 872 1230 :
896 1165 1051 1248 atque
1094 1175 1184 1236 ita,
1204 1174 1269 1248 Δἰη
1299 1165 1522 1248 bisqui.
1544 1165 1904 1235 praedestinati

338 1259 461 1301 sunt
489 1250 776 1302 secundum
805 1245 1127 1314 pmpositunt
1169 1243 1286 1310 ejus
1320 1243 1408 1307 qui
1431 1243 1689 1314 _t_miv_ersa_
1722 1248 1911 1314 Opera—

338 1328 442 1376 tnr.
471 1332 578 1370 non
601 1304 854 1383 operetur
885 1304 1020 1367 Deus
1050 1304 1238 1376 ﬁdem';
1269 1304 1367 1363 nec
1395 1309 1498 1384 ulla
1529 1307 1651 1384 sint.
1679 1304 1908 1384 bominis

340 1388 547 1449 merita,
574 1385 618 1438 si
640 1377 805 1440 'Deus
829 1396 1077 1452 operatur
1104 1383 1367 1435 universa.
1401 1377 1538 1430 Vere
1565 1377 1652 1443 qui
1688 1377 1754 1426 ita
1783 1389 1909 1452 sem

341 1457 495 1514 tiunt,
533 1455 688 1508 ﬁdem
733 1470 836 1506 non
869 1451 1229 1520 acceperunt,
1274 1457 1367 1502 aut
1401 1461 1574 1520 quant
1597 1451 1913 1510 acceperant

341 1525 702 1592 perdiderunt,
736 1516 1803 1592 sequendovanissimamPelagianorum
1832 1527 1914 1565 suo

344 1586 599 1662 peritiam,
630 1603 682 1647 et
706 1593 756 1645 in
780 1586 856 1652 se.
879 1608 983 1644 non
1010 1592 1058 1644 in
1099 1590 1320 1662 Domino
1343 1586 1636 1662 gluriando,
1665 1586 1753 1651 qui
1786 1597 1914 1662 ope-

346 1652 493 1716 ratur
519 1652 692 1716 omnia
723 1663 772 1715 in
813 1663 1093 1721 omnibus;
1125 1661 1258 1713 bona
1293 1652 1550 1724 pr'ol‘ecto,
1595 1668 1698 1706 non
1731 1652 1867 1704 mala
1894 1668 1906 1702 :

343 1738 464 1786 etsi
509 1734 683 1784 omnia
716 1733 893 1801 bona,
931 1733 1108 1798 ttliqtle
1147 1740 1202 1801 et
1247 1728 1423 1785 ﬁdem.
1464 1725 1578 1777 sine
1617 1738 1716 1801 qua
1759 1736 1914 1801 nemo

342 1804 556 1870 placere
604 1810 776 1868 potest
819 1799 1002 1868 (Hebr.
1036 1815 1095 1870 i._
1135 1800 1221 1870 6).
1276 1809 1330 1850 et
1375 1810 1491 1862 qute
1535 1802 1615 1846 est
1665 1799 1912 1870 virtuttun

345 1861 581 1923 omnium
606 1861 1025 1924 fundamentum.
1067 1861 1232 1935 Quale
1256 1861 1550 1939 astantem,
1581 1871 1638 1939 ut
1675 1876 1794 1913 cuin
1825 1861 1914 1939 Ι)βί

343 1943 414 1992 sit
439 1940 734 1998 a‘diﬁcatio,
761 1948 816 1992 et
839 1940 934 1991 nisi
966 1933 1214 1990 Dominus
1235 1934 1574 1988 a:dilicaverit
1597 1933 1832 1987 domum,
1864 1933 1914 1981 in

347 2025 540 2062 vanum
566 2011 805 2063 laborent
842 2008 931 2075 qui
955 2009 1216 2060 aediﬁcant
1241 2021 1355 2057 eam
1376 2002 1581 2079 _(__P_sal.
1611 2016 1789 2079 cxxvt.
1821 2001 1874 2062 l)
1900 2040 1913 2062 ,

345 2090 435 2132 aut
464 2079 622 2131 nolint
657 2079 738 2130 isti
767 2074 1164 2130 l'utulamentum
1209 2080 1271 2127 ad
1310 2074 1588 2127 mdiliciom
1619 2074 1880 2135 pertinere
1901 2110 1914 2130 ,

347 2159 436 2200 aut
463 2165 521 2219 se
547 2151 704 2202 velint
734 2149 1001 2219 inchoare,
1032 2146 1171 2219 quod
1197 2142 1916 2219 Doniiuusnpossiueltstrue-

349 2219 444 2272 re?
473 2218 586 2271 Non
629 2219 728 2270 erit
758 2232 884 2285 ergo
930 2211 1393 2282 illis'principitim
1440 2211 1605 2285 Filius
1652 2211 1741 2285 [lci
1766 2249 1781 2270 ,
1813 2224 1914 2260 non

353 2287 709 2358 laudabuntur
738 2289 787 2339 in
816 2279 1187 2358 i'psoitugulari
1217 2279 1388 2350 lapide
1411 2283 1622 2358 libristo
1647 2279 1792 2340 Jesu,
1822 2293 1919 2358 once

349 2357 415 2409 de
445 2359 524 2409 eis
551 2358 747 2411 dictum
790 2347 864 2409 est
886 2397 899 2413 .
933 2347 1161 2407 Firinnm
1204 2347 1370 2405 autem
1403 2351 1783 2420 fundamentum
1824 2347 1918 2400 Dei

349 2436 449 2479 stat
497 2426 537 2488 (Ι
573 2426 701 2478 ’l'im.
749 2443 802 2486 ιι,
846 2427 1112 2493 lit):quia
1165 2434 1326 2493 totam
1367 2419 1681 2475 electionem
1707 2419 1723 2448 ί
1752 2433 1917 2493 suam

355 2496 563 2548 solubili
589 2511 763 2568 arenae
787 2504 841 2548 et
869 2490 1118 2568 succiduo
1141 2492 1309 2568 cineri
1329 2498 1709 2568 superponunt.
1739 2490 1912 2568 Agno-

353 2579 564 2618 scantus
605 2567 777 2633 itaque
815 2566 1098 2632 sapienter,
1129 2565 1315 2630 pieque
1341 2561 1615 2633 fateamur,
1649 2561 1920 2626 praescisse

355 2631 854 2706 incommutabiliter
885 2631 1044 2706 licunt
1076 2633 1265 2700 quibus
1291 2640 1434 2706 esset
1458 2631 1675 2684 daturus
1705 2636 1762 2681 ut
1799 2641 1918 2706 ore-

354 2703 561 2765 derent,
589 2715 679 2756 aut
704 2718 838 2772 quos
880 2703 1100 2756 daturus
1141 2710 1295 2772 esset
1326 2700 1459 2753 Filio
1501 2714 1628 2772 suo,_
1651 2707 1706 2772 ut
1733 2712 1798 2772 ex
1843 2700 1920 2750 eis

357 2790 461 2826 non
487 2767 734 2843 perderet
754 2788 1072 2842 quemqttam
1098 2789 1111 2823 :
1135 2781 1189 2824 et
1213 2771 1266 2843 si
1287 2771 1400 2823 lucc
1450 2769 1728 2843 praescivit,
1761 2767 1923 2820 bene-

357 2838 500 2895 ﬁcia'
519 2859 612 2897 sua
657 2838 834 2906 illum,
867 2838 1054 2912 quibus
1090 2855 1189 2912 nos
1219 2841 1464 2912 dignatur
1493 2838 1717 2892 liberare
1740 2877 1754 2898 ,
1788 2852 1924 2904 pra:-

355 2913 631 2967 seissezet
677 2913 812 2966 banc
850 2909 971 2986 esse
1017 2909 1529 2986 prazdestinationem
1573 2914 1876 2986 sanctorum
1903 2947 1917 2969 ,

361 2983 744 3048 praiscicntiam
788 2981 988 3034 scilicet
1018 2975 1080 3035 'et
1112 2979 1549 3048 praeparationem
1577 2975 1770 3048 gratia;
1787 2975 1877 3028 Dei
1905 3016 1918 3036 ,

356 3046 457 3119 qua
483 3053 776 3126 certissime
800 3051 1090 3105 liberantur
1108 3046 1205 3121 (a).
1235 3051 1466 3126 Caeteros
1481 3059 1656 3126 autem
1685 3046 1924 3126 quicum:

356 3117 460 3188 que
479 3137 582 3174 tton
613 3122 923 3185 liberantur,
941 3135 1074 3190 quos
1090 3117 1126 3172 a'
1141 3117 1375 3190 generali
1399 3117 1690 3190 perditione
1709 3117 1921 3190 ltumani

355 3185 565 3258 generis
606 3193 772 3260 gratia
807 3206 909 3244 non
951 3185 1167 3251 exeunt,
1196 3189 1358 3260 justo,
1384 3189 1687 3260 noverimus
1723 3185 1923 3260 judicio

360 3256 464 3312 non
493 3256 768 3328 exemptos
791 3277 804 3313 :
829 3271 881 3315 et
903 3261 1029 3329 quid
1057 3256 1208 3313 nobis
1232 3258 1510 3312 remissum
1537 3258 1622 3318 sit,
1658 3259 1709 3308 in
1745 3256 1822 3308 eis
1845 3256 1925 3308 di-

356 3344 586 3399 scamus,
615 3332 682 3386 de
706 3328 936 3399 quorum
955 3331 1103 3398 queri
1124 3328 1468 3399 damnatione
1484 3343 1590 3399 _no_n
1620 3340 1919 3399 possumus.

357 3398 470 3452 Non
499 3410 578 3453 est
603 3396 743 3476 enim
775 3396 1020 3476 iniquitas
1046 3399 1195 3476 apud
1221 3400 1405 3476 _liet_nn
1436 3397 1497 3466 (ll
1533 3396 1657 3448 Par.
1689 3397 1921 3476 stxzj),

359 3485 528 3535 neque
554 3471 828 3538 quisquam
856 3465 1168 3537 subjudicio
1185 3468 1302 3533 ejus
1327 3465 1579 3538 iltt‘lttCCIIS
1601 3467 1731 3538 perit
1741 3504 1764 3538 ,γ
1779 3465 1927 3538 Sient

357 3540 498 3590 enim
543 3540 628 3591 hic
669 3536 782 3605 ipse
828 3536 1046 3606 insignis
1084 3539 1266 3603 pratia:
1309 3536 1621 3606 praulit-ator
1647 3536 1782 3606 alibi
1812 3537 1923 3587 ait:

366 3608 545 3659 Reddit
573 3604 774 3660 omnino
806 3604 953 3660 Deus
967 3619 1010 3659 et
1041 3606 1174 3658 mala
1197 3622 1288 3675 pro
1311 3604 1475 3666 malis,
1503 3605 1738 3675 quoniam
1756 3605 1927 3672 justus

358 3687 466 3737 est;
497 3686 543 3728 et
572 3678 698 3728 bona
725 3693 816 3745 pro
848 3677 1012 3738 malis,
1040 3674 1274 3741 quoniam
1304 3675 1459 3727 bonus
1485 3685 1588 3735 est;
1616 3684 1661 3726 et
1686 3674 1812 3725 bona
1835 3691 1926 3742 pro

359 3746 520 3808 bonis,
551 3747 787 3813 quoniam
817 3747 986 3814 justus
1011 3755 1054 3798 et
1085 3747 1240 3798 bonus
1277 3753 1348 3796 est
1372 3759 1390 3796 :
1411 3745 1928 3814 tantummodohnutla

359 3832 453 3884 pro
478 3811 616 3868 bonis
639 3832 736 3868 non
765 3811 947 3879 reddit,
976 3817 1212 3885 quoniam
1254 3815 1470 3885 injustas
1496 3830 1596 3885 non
1620 3823 1709 3865 est.
1742 3811 1928 3885 Reddit

356 3901 476 3954 ergo
504 3886 636 3939 mala
677 3903 767 3954 pro
796 3887 941 3955 malis
960 3884 1204 3955 ,paenant
1232 3902 1323 3951 pro
1363 3884 1649 3955 injustitia;
1679 3894 1725 3955 et
1764 3884 1927 3936 reddit

357 3950 492 4026 bona,
517 3972 607 4024 pro
632 3950 812 4017 malis,
842 3950 1056 4026 gratiam
1094 3973 1183 4024 pro
1212 3950 1496 4026 iniustitia;
1521 3963 1565 4006 et
1603 3953 1766 4026 reddit
1799 3955 1927 4007 bona

359 4041 451 4092 pro
477 4022 636 4090 bonis,
667 4022 881 4094 gratiam
912 4043 1001 4093 pro
1038 4022 1198 4095 gratia
1231 4023 1328 4095 (De
1353 4022 1530 4076 Gratia
1555 4034 1598 4076 et
1623 4022 1801 4095 Libero
1829 4026 1922 4076 Ar-

353 4095 524 4159 bitrio,
555 4113 608 4149 n.
641 4093 752 4167 45).
795 4097 928 4167 Cum
971 4093 1132 4163 aliqui
1179 4093 1430 4167 pereunt.
1477 4108 1581 4146 non
1624 4093 1927 4167 dubitemus

357 4168 591 4232 ipsorum
625 4163 826 4219 meritis
852 4165 1091 4232 deputari
1122 4164 1261 4232 quod
1295 4174 1552 4231 pereunt;
1585 4179 1718 4229 quos
1745 4163 1926 4230 utique

359 4244 537 4302 posset
566 4236 702 4288 Deus
731 4236 1150 4289 misericorditer
1173 4234 1416 4296 liberare,
1445 4235 1486 4285 si
1515 4234 1688 4286 vellet.
1721 4234 1925 4287 Etcum

357 4305 518 4371 aliqui
548 4305 869 4369 liberantur,
903 4322 1005 4357 non
1033 4303 1320 4357 audeamus
1347 4303 1567 4355 delinire
1607 4303 1746 4371 quod
1785 4304 1926 4372 digni

357 4372 551 4428 fuerint
589 4375 834 4438 liberari;
869 4390 1001 4440 quos
1039 4374 1217 4442 utique
1259 4381 1436 4440 posset
1483 4374 1617 4425 Deus
1650 4373 1790 4438 juste
1829 4374 1927 4426 da-

358 4460 561 4508 mnare,
594 4446 636 4497 si
666 4447 843 4498 vellet.
873 4447 1044 4510 Quare
1072 4453 1248 4496 autem
1278 4458 1380 4494 non
1411 4456 1615 4502 omnes,
1649 4453 1737 4493 aut
1766 4459 1927 4510 quare

357 4513 478 4566 illos
513 4517 684 4580 potius
711 4530 866 4583 quam
913 4516 1030 4566 illos
1058 4513 1263 4575 liberet,
1309 4528 1406 4566 nec
1447 4511 1804 4583 necessarium
1847 4522 1929 4566 est

353 4599 615 4650 qiuerere,
645 4582 741 4638 nec
780 4583 1028 4651 possibile
1052 4584 1287 4650 reperire
1311 4599 1323 4633 :
1347 4597 1466 4634 cum
1497 4582 1708 4634 omissis
1730 4582 1929 4636 discre-

359 4653 516 4704 tionis
551 4654 704 4704 istius
739 4654 946 4715 causis,
983 4653 1120 4706 scire
1149 4651 1374 4704 sufﬁciat
1397 4651 1536 4719 quod
1578 4666 1675 4704 nec
1713 4651 1927 4705 miseri-

356 4722 532 4776 cordia
564 4723 846 4788 justitiam,
885 4737 984 4775 nec
1023 4723 1220 4791 iustitia
1259 4721 1470 4791 auferat
1507 4721 1925 4774 misericordiam

356 4792 492 4859 apud
536 4807 679 4853 eum,
721 4808 748 4844 a
788 4807 898 4860 quo
937 4789 1094 4843 nemo
1128 4791 1226 4844 nisi
1259 4790 1400 4856 juste
1440 4789 1742 4852 damnatur,
1769 4808 1929 4844 nemo

354 4861 458 4913 nisi
501 4864 919 4916 misericorditer
955 4861 1225 4914 liberatur.
1272 4861 1346 4912 De
1383 4860 1555 4930 Tyriis
1582 4876 1708 4914 vero
1746 4869 1802 4915 et
1840 4862 1928 4916 Si-

353 4930 528 4984 doniis
569 4933 694 5001 quid
734 4933 874 4986 aliud
912 4945 1191 5000 possumus
1219 4930 1426 4992 dicere,
1468 4945 1625 4998 quam
1667 4946 1768 4985 non
1809 4947 1930 4986 esse

352 5001 434 5054 eis
458 5001 638 5070 datum
667 5013 720 5056 ut
751 5003 1050 5065 crederent,
1083 5016 1215 5070 quos
1253 5002 1412 5053 etiam
1442 5001 1740 5054 credituros
1767 5001 1930 5056 fuisse

358 5071 469 5138 ipsa
498 5069 703 5124 Veritas
727 5073 870 5130 dicit.
906 5074 949 5126 si
989 5069 1130 5132 talia,
1154 5071 1328 5139 qualia
1355 5071 1492 5138 apud
1521 5087 1624 5123 non
1651 5071 1931 5125 credentes

355 5139 489 5193 facta
521 5149 666 5203 sunt,
703 5143 950 5195 virtutum
987 5143 1133 5209 signa
1168 5141 1422 5194 vidissent
1454 5140 1662 5212 (Matth.
1695 5158 1767 5201 χι,
1796 5142 1930 5212 2|)?

351 5212 528 5276 Quare
553 5220 730 5264 autem
763 5215 860 5262 hoc
888 5214 964 5264 eis
996 5222 1239 5279 negatum
1271 5213 1456 5275 fuerit,
1487 5211 1663 5264 dicant
1683 5255 1696 5272 ,
1728 5214 1770 5264 si
1805 5228 1930 5279 pos-

351 5293 495 5346 sunt,
526 5281 614 5349 qui
636 5280 1029 5335 calmnniantur
1055 5300 1065 5332 :
1091 5291 1144 5334 et
1187 5281 1465 5334 ostendant
1489 5322 1503 5344 ,
1532 5295 1628 5334 cur
1655 5283 1793 5349 apud
1838 5298 1932 5336 eos

357 5352 606 5404 Dominus
633 5351 912 5409 mirabilia,
943 5350 1132 5417 quibus
1164 5352 1429 5416 profutura
1458 5367 1562 5404 non
1591 5362 1764 5416 erant,
1794 5353 1935 5406 fece-

353 5423 452 5486 rit;
481 5432 534 5476 et
557 5424 694 5490 apud
725 5437 818 5476 eos
847 5420 1217 5490 quibuseraut
1240 5420 1512 5487 profutura
1538 5461 1553 5485 ,
1585 5438 1688 5474 non
1719 5421 1925 5476 fecerit.

353 5490 460 5545 Nos
488 5489 692 5546 etiainsi
736 5492 998 5546 rationem
1038 5489 1160 5541 facti
1198 5498 1251 5542 et
1296 5491 1705 5559 profunditatem
1728 5493 1926 5559 'judicii

349 5561 467 5629 ejus
503 5574 778 5631 penetrare
813 5579 919 5616 non
962 5573 1276 5630 possumus,
1303 5563 1729 5619 manilestissime
1757 5572 1928 5617 tamen

416 5705 436 5766 ﬁ
470 5705 770 5766 netnigianus
790 5712 892 5763 Ms.,
915 5702 1176 5758 elationem.

414 5763 489 5826 (α)
529 5763 664 5815 Forte
684 5767 972 5829 addendum,
997 5767 1283 5832 quicumque
1300 5766 1580 5819 liberantur.

1468 353 1864 412 APPENDICIS
1899 351 2076 408 PARS
2114 349 2386 403 TERTIA.

3459 345 3594 398 1856

2008 463 2225 524 scimus,
2250 467 2304 514 et
2323 474 2504 531 verum
2525 459 2806 531 esse_qn_od
2828 459 2984 531 dixit,
3004 469 3061 531 et
3083 459 3282 531 justum
3305 475 3426 531 esse
3445 463 3592 531 quod

2010 533 2246 586 fecitzet
2290 545 2393 582 non
2425 530 2594 580 solum
2625 528 2816 598 Tyrios
2857 539 2911 582 et
2959 529 3212 584 Sidonios
3236 571 3249 592 ,
3289 529 3384 583 sed
3428 528 3593 586 etiam

2008 601 2266 655 Corozain
2293 608 2346 653 et
2372 599 2648 651 Betltsaida
2677 598 2911 666 potuisse
2931 601 3170 652 converti
3192 641 3206 660 ,
3234 609 3288 654 et
3316 601 3500 655 lideles
3525 617 3594 656 ex

2012 670 2309 726 inﬁdelibus
2341 669 2482 732 ﬁeri,
2511 669 2555 720 si
2585 669 2683 738 boc
2710 670 2760 720 in
2791 669 2870 722 eis
2898 669 3152 723 Dominus
3178 671 3431 724 voluisset
3457 687 3594 738 ope-

2011 742 2137 794 rari.
2167 739 2348 806 Neque
2373 739 2512 792 enim
2545 737 2632 790 ulli
2667 738 2854 792 falsum
2881 738 3044 794 videri
3071 749 3246 806 potest
3272 742 3412 808 quod
3440 740 3590 795 Veri-

2012 821 2092 862 tas
2120 811 2207 872 ait,
2245 808 2406 862 Neino
2438 818 2595 874 potest
2625 809 2789 860 venire
2813 809 2879 860 ad
2909 826 3006 868 me.
3037 810 3138 862 nisi
3172 811 3322 874 fuerit
3349 814 3391 863 ei
3417 814 3594 864 datum

2011 897 2042 931 α
2076 879 2229 931 Patre
2258 895 2365 930 meo
2392 878 2566 944 (Joun.
2598 893 2672 942 VI,
2699 879 2786 947 (ιϐ)
2817 896 2828 930 :
2856 888 2927 940 ct,
2966 878 3116 932 Vobis
3144 881 3318 932 datum
3344 893 3414 933 est
3446 899 3596 934 nosse

2013 950 2304 1016 mysterium
2347 949 2486 1016 regni
2528 948 2796 1016 caelorum,
2825 949 2927 1000 illis
2964 961 3130 1000 autent
3175 967 3276 1002 non
3317 961 3386 1002 est
3417 952 3595 1004 datum

2015 1015 2368 1088 (Matt/tatu".
2404 1015 2489 1081 ll)
2521 1035 2532 1070 :
2558 1028 2630 1078 et.
2665 1015 2828 1070 Nemo
2858 1020 2991 1070 novit
3023 1018 3232 1081 Filium,
3267 1021 3364 1072 nisi
3396 1017 3593 1083 Pater;

2015 1087 2174 1153 neque
2211 1087 2418 1139 Patrem
2453 1088 2562 1153 quis
2605 1087 2772 1147 novit,
2800 1089 2896 1141 nisi
2936 1088 3098 1141 Filius
3124 1130 3140 1153 ,
3179 1098 3228 1141 et
3257 1090 3339 1142 cui
3380 1091 3595 1143 voluerit

2016 1157 2064 1209 F
2066 1159 2181 1210 ilius
2228 1157 2446 1209 revelare
2473 1156 2592 1226 μά.
2630 1172 2703 1219 x1,
2732 1156 2800 1211 27
2822 1157 2839 1224 )
2865 1175 2876 1209 :
2903 1166 2958 1210 et.
2977 1199 2991 1219 ,
3022 1158 3163 1212 Sicut
3191 1158 3347 1211 Pater
3372 1161 3594 1226 viaiﬁcat

2017 1237 2260 1298 mortuos,
2288 1228 2358 1278 ita
2387 1236 2429 1278 et
2463 1225 2626 1298 Filius
2653 1242 2776 1298 quos
2804 1227 2909 1279 vult
2936 1228 3150 1298 viqiﬁcat
3182 1227 3357 1298 (Joan.
3393 1246 3446 1292 ν,
3475 1225 3591 1294 2|):

2014 1307 2087 1360 et,
2122 1294 2283 1368 Nemo
2300 1305 2465 1368 potest
2492 1296 2657 1368 dicere
2679 1295 2950 1368 Dominum
2975 1296 3170 1360 Iesum,
3191 1294 3294 1351 nisi
3315 1299 3367 1351 in
3394 1299 3596 1368 Spiritu

2014 1375 2186 1436 sancto
2216 1365 2256 1436 (Ι
2286 1365 2401 1436 Cor.
2433 1381 2524 1427 xu,
2562 1364 2638 1436 5).
2681 1365 2775 1420 His
2810 1366 3105 1420 divinarum
3137 1382 3329 1421 vocum
3364 1364 3596 1422 auctori-

2019 1435 2212 1488 tatibus
2229 1435 2426 1506 eruditi
2448 1476 2462 1498 ,
2491 1435 2685 1506 gratias
2707 1450 2930 1506 agamus
2962 1435 3067 1488 Deo
3087 1475 3103 1500 ,
3133 1437 3224 1506 qui
3252 1437 3399 1491 dedit
3439 1440 3594 1490 nobis

2017 1505 2260 1570 spiritum
2306 1505 2424 1557 lidci
2458 1515 2510 1556 et
2541 1505 2778 1568 virtutis,
2807 1505 3162 1559 continentke
3192 1517 3244 1560 et
3280 1507 3553 1561 charitatis
3577 1549 3594 1570 ,

2018 1576 2290 1640 sapientia:
2318 1583 2372 1626 et
2402 1574 2714 1638 intellectus,
2742 1574 2945 1627 consilii
2974 1585 3028 1627 et
3056 1576 3390 1640 fortitudinis,
3417 1579 3596 1630 scicn-

2020 1647 2105 1697 tite
2136 1654 2188 1697 et
2215 1643 2422 1711 pietatis
2448 1685 2461 1704 ,
2491 1658 2552 1695 ac
2581 1643 2786 1697 timoris
2816 1645 2918 1698 sui.
2948 1645 3076 1711 Quze
3107 1645 3242 1698 bona
3286 1651 3330 1700 si
3363 1663 3468 1699 non
3499 1651 3597 1701 de—

2020 1715 2186 1784 disset
2215 1713 2386 1784 nobis,
2410 1713 2700 1784 quiomnia
2731 1723 2981 1781 operatur
3003 1716 3051 1767 in
3077 1716 3345 1779 onmibus,
3379 1731 3606 1784 prorsus.

2022 1799 2124 1834 non
2158 1782 2477 1836 haberemus
2506 1781 2556 1834 in
2590 1783 2738 1835 nobis
2763 1803 2776 1835 :
2799 1795 2851 1836 et
2880 1800 2998 1836 cum
3029 1785 3129 1848 bis,
3161 1787 3249 1852 qui
3269 1781 3603 1852 non—cogno-

2023 1862 2216 1905 verunt
2236 1853 2424 1916 Deum,
2450 1861 2541 1905 aut
2565 1868 2685 1904 cum
2707 1855 3103 1916 cognovissent,
3138 1870 3240 1906 non
3272 1857 3405 1908 sicut
3429 1857 3599 1910 Deum

2020 1922 2478 1992 gloriﬁcaverunt,
2502 1931 2600 1992 aut
2637 1924 2832 1989 gratias
2861 1933 3117 1990 egerunt,
3149 1923 3244 1978 sed
3283 1924 3383 1977 hoc
3426 1927 3600 1992 ipsum

2021 2007 2133 2044 sua:
2175 1991 2450 2059 sapientiae
2481 1991 2829 2058 deputantcs,
2873 1994 3015 2045 stulti
3062 1993 3184 2047 facti
3227 2005 3277 2046 et
3320 1991 3603 2049 obscurato

2022 2060 2185 2132 corde
2214 2071 2542 2132 evanuerunt
2573 2062 2622 2114 τοι
2649 2063 3054 2132 cogitationibus
3085 2064 3197 2116 suis
3230 2064 3402 2126 (liam.
3437 2082 3472 2124 ι,
3505 2067 3599 2129 21,

2021 2129 2148 2200 22);
2177 2146 2297 2184 cum
2326 2130 2408 2183 his
2429 2171 2445 2196 ,
2487 2129 2739 2198 inquam,
2769 2133 3078 2186 sederemus
3121 2134 3172 2185 in
3205 2134 3438 2187 tenebris
3467 2147 3514 2188 et
3546 2135 3600 2188 in

2024 2202 2208 2254 umbra
2236 2203 2458 2271 mortis,
2476 2216 2576 2254 nec
2602 2203 2870 2270 querelam
2901 2202 3161 2257 habentes
3187 2203 3254 2258 de
3284 2219 3436 2271 plena
3456 2246 3470 2266 ,
3505 2221 3602 2258 nec

2022 2271 2413 2324 excusationem
2431 2270 2498 2322 de
2517 2271 2827 2337 ignorantia,
2859 2288 2955 2327 nec
2981 2273 3283 2339 pra-sidiam
3299 2275 3366 2328 de
3392 2287 3599 2328 natura.

2023 2339 2172 2393 Nunc
2197 2341 2302 2407 jam
2337 2342 2476 2408 quod
2506 2343 2744 2409 sequitur
2767 2343 2925 2410 quale
2944 2343 3013 2395 sit
3047 2343 3337 2396 videmnus.

2098 2411 2226 2464 Exc.
2261 2410 2350 2464 IX.
2393 2410 2498 2463 Sed
2541 2413 2715 2481 aiunt,
2763 2421 2814 2464 ut
2856 2413 3102 2475 scribitis,
3151 2411 3416 2466 Neminem
3460 2431 3603 2481 posse

2024 2481 2349 2548 correptionis
2376 2480 2592 2533 stimulis
2621 2483 2859 2545 excitari,
2883 2484 2924 2534 si
2945 2484 3140 2534 dicatur
3164 2485 3215 2535 in
3239 2480 3480 2536 conventu
3508 2484 3603 2537 Ec-

2023 2550 2188 2603 clesia;
2217 2550 2532 2602 audientibus
2575 2551 2744 2604 multis
2765 2567 2784 2603 :
2806 2550 2889 2604 lta
2915 2569 2968 2604 se
3002 2553 3144 2604 liabet
3173 2553 3235 2606 de
3273 2557 3602 2620 praedestina-

2025 2620 2157 2672 tione
2187 2620 2397 2684 definita
2439 2622 2679 2673 sententia
2720 2623 2987 2675 voluntatis
3021 2622 3112 2674 Dei
3131 2663 3144 2683 ,
3178 2631 3231 2674 ut
3259 2624 3350 2688 alii
3379 2641 3439 2677 ea:
3467 2625 3603 2680 vobis

2025 2689 2088 2740 de
2125 2690 2419 2755 inﬁdelitate
2439 2731 2452 2752 ,
2474 2700 2678 2756 accepta
2696 2691 2954 2744 obediendi
2981 2693 3253 2756 voluntate,
3282 2695 3510 2746 ueneritis
3537 2697 3604 2747 ad

2027 2759 2198 2827 ﬁderit,
2237 2760 2312 2812 vel
2353 2770 2555 2827 accepta
2603 2763 2964 2827 perseverantia
3004 2765 3334 2830 permaneatis
3371 2765 3423 2816 in
3464 2765 3605 2830 ﬁde:

2026 2831 2193 2899 ceteri
2233 2846 2344 2881 vero
2371 2832 2455 2895 qui
2490 2830 2540 2882 in
2571 2842 2883 2897 peccatorum
2913 2832 3236 2885 delrctatione
3263 2837 3606 2899 remoramini,

2026 2898 2388 2971 ideornondum
2429 2901 2899 2971 surreaa'stis,__quia
2938 2902 3148 2954 necdum
3190 2919 3274 2955 ros
3299 2898 3607 2971 adjutorium

2026 2970 2202 3036 gratia:
2229 2969 2510 3021 miserantis
2536 2971 2710 3022 eiecit.
2749 2969 3096 3024 Verumtamen
3134 2973 3178 3025 si
3215 2974 3300 3038 qui
3330 2969 3444 3026 estis
3479 2991 3608 3026 non-

2027 3037 2150 3110 dum
2178 3038 2376 3110 uocati,
2405 3055 2526 3110 quos
2553 3041 2716 3108 gratia
2747 3058 2839 3092 sua
2865 3037 3289 3110 prwdestinavertt
3312 3044 3562 3110 eligendos
3587 3086 3602 3108 ,

2026 3108 2279 3179 accipietis
2305 3109 2534 3161 earndem
2561 3111 2776 3179 gratiam
2811 3108 2910 3179 qua
2934 3113 3116 3174 velitis,
3148 3124 3192 3163 et
3223 3114 3330 3165 sitis
3357 3108 3495 3166 electi
3518 3116 3541 3167 ?
3561 3126 3606 3166 et

2026 3177 2071 3250 si
2097 3179 2181 3246 qui
2217 3179 2443 3250 obeditis,
2471 3180 2514 3250 si
2540 3177 2877 3247 prwdestinuti
2915 3183 3032 3235 estis
3086 3184 3375 3250 rejiriendi,
3409 3184 3605 3235 subtra-

2029 3246 2208 3324 hentur
2237 3248 2496 3324 obediendi
2541 3246 2668 3324 uires
2694 3291 2707 3314 ,
2739 3261 2790 3303 ut
2836 3251 3034 3305 obedire
3074 3246 3272 3306 cessetis
3317 3252 3418 3324 (De
3459 3252 3605 3308 Dono

2035 3314 2447 3377 Perseverantiw,
2480 3335 2533 3371 η.
2567 3318 2680 3386 38).

2102 3386 2262 3462 lisse.
2325 3387 2523 3462 stupeo
2565 3389 2907 3462 Sanetitatem
2955 3401 3220 3455 vestram,
3253 3392 3608 3462 objectionem

2028 3457 2481 3533 Cll-lllllliljlllllllllll,
2513 3473 2543 3511 a
2571 3474 2791 3533 persona
2820 3458 3113 3533 defensoris
3139 3457 3336 3528 gratae
3365 3479 3470 3516 non
3514 3481 3612 3533 po-

2030 3526 2191 3603 tuisse
2220 3526 2522 3603 discernere
2543 3539 2635 3603 ;_et
2663 3531 2818 3584 verba
2844 3526 3327 3603 obtrectantiumci
3360 3533 3490 3600 ipsi,
3515 3526 3610 3603 qui

2029 3596 2607 3670 obtrectatorilnissuis
2627 3601 2937 3670 respondet,
2960 3612 3189 3670 aptasse.
3221 3601 3346 3656 litec
3371 3596 3512 3656 enim
3538 3596 3610 3660 de

2031 3663 2267 3739 doctrina
2298 3665 2542 3739 catholici
2585 3669 2684 3721 viri
2723 3663 2935 3737 quidam
2978 3663 3221 3739 nequiter
3248 3682 3301 3726 et
3331 3676 3611 3738 nugatorie

2025 3733 2358 3812 jactitabattt,
2389 3737 2533 3812 quod
2560 3739 2646 3812 qui
2679 3733 2836 3792 talem
2888 3740 2978 3793 Dei
3009 3733 3229 3808 gratiam
3260 3733 3609 3812 praedicaret,

2033 3813 2087 3856 ut
2135 3805 2263 3878 ﬁch
2290 3814 2344 3878 et
2382 3805 2680 3861 obedientia
2721 3805 3034 3878 ca'tertequé
3063 3805 3320 3876 virtutes,
3348 3824 3402 3865 et
3445 3814 3498 3866 in
3528 3805 3608 3867 eis

2033 3889 2196 3942 usque
2221 3875 2268 3925 in
2301 3877 2455 3928 tinem
2482 3883 2892 3943 perseverantia.
2923 3875 3131 3934 nonnisi
3157 3898 3222 3935 ex
3242 3875 3382 3936 dono
3407 3883 3496 3936 Dei
3521 3884 3613 3936 ba-

2032 3943 2138 3995 beri
2157 3958 2310 4010 posse
2330 3946 2630 4018 credantur,
2653 3963 2984 4018 consequens
3003 3965 3122 4004 esse
3145 3961 3200 4003 ut
3221 3952 3414 4006 talibus
3437 3955 3612 4007 verbis

2032 4022 2283 4087 uteretur
2305 4015 2370 4087 ad
2400 4017 2672 4084 populum,
2709 4027 2761 4071 et
2800 4015 3100 4087 bitjusutodi
3128 4021 3613 4080 denttntiationilms

2031 4097 2242 4162 omnem
2273 4085 2423 4162 liberi
2453 4085 2909 4162 arbitriievitarct
2946 4090 3277 4162 industriam.
3306 4093 3457 4158 Quod
3488 4095 3612 4162 quia

2033 4153 2299 4232 piissinms
2319 4154 2503 4232 doctor
2525 4157 2710 4232 Litteris
2737 4174 2940 4221 eorum,
2969 4161 3033 4232 ad
3055 4177 3186 4232 quos
3215 4153 3415 4225 scribit,
3443 4153 3610 4232 agito-

2035 4232 2181 4275 vcrat
2200 4224 2361 4298 ,__idco
2384 4225 2492 4298 ait:
2518 4225 2622 4298 Sed
2649 4228 2810 4292 aiunt,
2835 4240 2887 4281 ut
2912 4224 3160 4291 scribitis;
3189 4239 3238 4283 et
3268 4224 3612 4298 posteaflsta

2033 4308 2144 4366 cum
2191 4295 2381 4366 dicunt.
2428 4294 2506 4366 Ex
2551 4295 2651 4349 hoc
2693 4314 2822 4366 ergo
2854 4301 3094 4366 potuistis
3131 4294 3415 4354 advertere
3439 4294 3467 4366 ,⁷
3507 4319 3612 4355 non

2034 4363 2203 4437 ipsum
2256 4363 2630 4437 Ita-edicere;
2662 4363 2914 4437 sed'eus,
2961 4370 3028 4422 de
3071 4371 3263 4437 quibus
3291 4363 3462 4437 dixit,
3509 4373 3614 4425 διά

2031 4433 2192 4506 aiunt,
2226 4442 2276 4506 ut
2305 4433 2557 4506 scribitis:
2585 4445 2656 4499 et,
2691 4435 2799 4489 Ista
2824 4456 2934 4490 cum
2965 4433 3154 4492 dicunt.
3189 4440 3339 4506 Quod
3370 4433 3616 4496 similiter

2033 4503 2315 4576 Apostolus
2340 4505 2430 4576 ait,
2457 4504 2603 4558 Sicut
2623 4508 2763 4576 aiunt
2786 4525 2874 4559 nos
2899 4510 3102 4576 quitiam
3125 4503 3307 4574 dicere,
3339 4509 3614 4564 Faciamus

2034 4573 2187 4649 mula,
2219 4584 2268 4623 ut
2310 4575 2504 4649 veniant
2532 4576 2658 4628 bona
2687 4575 2860 4649 (liam.
2886 4573 2961 4639 Ill,
2982 4579 3056 4649 8).
3082 4573 3303 4632 Inferius
3326 4592 3502 4634 autem
3528 4583 3616 4636 ubi

2035 4642 2250 4718 plenius
2280 4643 2345 4694 ad
2376 4644 2470 4718 ista
2509 4642 2800 4718 respondet
2825 4687 2840 4709 ,
2872 4642 3036 4700 multo
3067 4649 3396 4702 manifestius
3429 4660 3572 4718 patet
3598 4695 3613 4716 ,

2032 4729 2186 4778 quam
2240 4712 2352 4765 hinc
2391 4714 2457 4784 ab
2508 4714 2621 4782 ips'o
2669 4733 2936 4784 nunqttam
2981 4720 3155 4772 taliter
3193 4721 3330 4772 dicta
3372 4712 3518 4784 sint,
3563 4712 3620 4774 et.

2034 4791 2283 4848 quantum
2314 4784 2362 4858 ei
2391 4783 2687 4848 ltujusmodi
2711 4783 3094 4858 praedicationis
3121 4787 3286 4842 forma
3313 4783 3616 4858 displiceat;

2034 4866 2189 4931 quam
2216 4851 2488 4931 corrigens
2517 4863 2569 4931 et
2599 4851 2858 4931 inundans
2887 4865 3045 4931 atque
3074 4851 3617 4924 emendatis-tolera;

2034 4921 2273 4997 biliornetu
2301 4923 2642 4977 audientibus
2675 4923 2820 4988 facit,
2851 4921 2972 4995 qua?
2991 4943 3112 4981 vera
3141 4941 3264 4981 sunt
3292 4921 3617 4997 temperans,

2033 5007 2150 5057 qua:
2174 4990 2311 5066 falsa‘
2329 5005 2454 5066 sunt
2480 5010 2746 5066 resecans,
2771 5006 2824 5050 et
2848 4990 2964 5064 post
2991 5000 3152 5052 multa
3179 4990 3432 5066 adjicien's
3456 5019 3470 5052 :
3493 4990 3618 5054 λιιιιᾶ

2036 5075 2146 5112 vero
2175 5060 2311 5128 quod
2352 5061 2455 5114 illis
2499 5065 2655 5117 verbis
2684 5060 3011 5132 connectitur,
3045 5069 3200 5120 ntiror
3240 5060 3284 5122 si
3326 5071 3430 5122 ullo
3461 5073 3617 5123 modo

2037 5140 2192 5207 potest
2220 5131 2269 5184 in
2294 5133 2780 5207 papulae/tristitiao
2811 5139 3072 5207 quisquam
3098 5140 3329 5205 inﬁrmus
3371 5142 3619 5207 patienter

2036 5200 2229 5278 aiulire,
2253 5218 2375 5278 cum
2393 5203 2585 5278 dicitur
2609 5207 2677 5258 eis
2701 5221 2718 5258 :
2744 5206 2804 5259 Et
2823 5200 2878 5260 'si
2901 5200 2986 5273 qui
3015 5200 3244 5273 obeditis,
3278 5209 3321 5262 si
3347 5200 3615 5278 pra'desti-
3701 5207 3705 5209 ’

2037 5272 2141 5321 nati
2170 5271 2289 5324 estis
2327 5274 2616 5340 rejiciendi,
2653 5271 3006 5332 subtrahentur
3044 5271 3488 5333 obedientite'rires
3512 5323 3526 5340 .
3563 5292 3618 5334 ut

2036 5340 2234 5394 obedire
2263 5345 2478 5417 cessatis.
2516 5343 2626 5417 [loc
2657 5346 2789 5398 enim
2832 5348 2995 5402 dicere
3018 5391 3032 5414 ,
3077 5350 3198 5417 quid
3241 5349 3433 5402 videtur
3477 5351 3624 5404 aliud

2035 5427 2338 5490 εδδεηιῃιαιρ
2367 5413 2680 5490 maledicere,
2711 5417 2959 5490 animula
2996 5413 3366 5490 quodammodo
3394 5425 3620 5490 prop/te-

2035 5437 2160 5476 ωδε,
2187 5437 2338 5478 quam
2367 5437 2680 5478 mutctttt'ere,
2711 5437 2794 5467 aut
2825 5437 2959 5470 mata
3031 5437 3366 5472 uoaantnwao
3394 5437 3618 5490 propna-

2035 5490 2140 5557 ρεξτε
2163 5483 2182 5551 ζ
2191 5481 2264 5534 De
2293 5479 2440 5557 Dono
2472 5481 2882 5557 Perseveratttiw,
2908 5505 2960 5541 η.
2991 5437 3101 5557 gl).
3126 5489 3194 5542 Et
3215 5501 3332 5557 pnst
3360 5492 3474 5544 haec
3494 5507 3618 5544 cum

2034 5549 2254 5630 diceret,
2286 5553 2512 5620 qualiter
2540 5554 2606 5630 de
2640 5556 2719 5608 lllS
2763 5549 3082 5630 loquendum
3115 5549 3339 5630 essetin
3381 5563 3615 5630 populo,

2037 5623 2231 5690 proprii
2261 5637 2450 5677 sensus
2482 5626 2640 5678 verba
2669 5623 2975 5692 connexuit,
3017 5629 3200 5684 dicens
3225 5647 3239 5684 :
3264 5623 3421 5683 Illum
3454 5623 3618 5684 eam;

2037 5692 2260 5769 modum,
2289 5694 2645 5769 (Incidendum
2672 5713 2777 5769 esse
2803 5699 2865 5769 in
2883 5701 3334 5764 prtedestinationis
3362 5701 3614 5767 prteu'ica~

2040 5763 2178 5833 tione
2189 5778 2277 5816 nos
2299 5763 2536 5830 diximus,
2559 5767 2774 5834 loquenti
2801 5768 2866 5821 ad
2884 5763 3130 5834 populum
3155 5787 3254 5826 non
3280 5763 3505 5825 existimo
3529 5773 3614 5825 de-
