4066 6374
472 491 1529 502 ’ἡὴ-Ψ*
1740 493 1801 502 ’-

3120 545 3559 574 w——-————..

1111 705 1341 791 ΤΟΥ
1378 705 1523 791 ΕΝ
1561 704 1923 791 ΑΓΙΟΙΣ
1960 706 2394 794 ΠΑΤΡΟΣ
2444 709 2772 798 ΗΜΩΝ

1472 921 2443 1058 ΓΡΗΓΟΡΙΟΥ

1585 1174 1981 1228 ΕΠΙΣΚῦΠΟΥ
2016 1174 2065 1228 Ν
2069 1175 2287 1229 ΥΣΣΗΣ

1692 1374 2830 1494 ΚΑΤΗΧΗΤΙΚΟΣ

1685 1622 1759 1705 Ο
1831 1622 2195 1708 ΜΕΓΑΣ

1116 1833 1221 1887 EN
1249 1834 1686 1887 ΚΕΦΑΛΑῙΟΙΣ
1729 1832 2265 1888 ΤΕΣΣΑΡΑΚΟΝΤΑ
2308 1833 2790 1890 ΔΙΗΡΗΜΕΝΟΣ.

1018 1367 1546 1490 ΛΟΓΟΣ

960 2220 1120 2378 S.
1264 2229 1437 2377 P.
1559 2231 1743 2381 N.
1864 2223 2911 2381 GREGORII

1610 2480 1915 2566 EPlSCOPl
1966 2508 2265 2567 NYSSENI

657 2684 1245 2801 ORATIO
1380 2685 2539 2805 CATECHETICA
2671 2693 3218 2810 MAGNA

1292 2907 1554 2964 DIVISA
1584 2906 1673 2963 IN
1699 2907 2234 2975 QUADRAGINTA
2273 2912 2565 2970 CAPITA.

1527 3269 1788 3326 Gentiano
1820 3267 2042 3326 Hemto
2064 3273 2364 3343 interprete.

908 3600 1283 3658 ΠΡΟΛΟΓΟΣ.

396 3692 453 3748 ’0
475 3692 573 3763 τῆς
605 3691 953 3763 κατηχήσεως
977 3692 1131 3761 λόγος
1148 3735 1163 3760 ,
1188 3695 1481 3763 ἀναγκαῖος
1512 3697 1609 3768 μέν
1634 3699 1748 3752 ἐστι
1775 3701 1885 3763 τοῖς

312 3783 681 3856 προεστηκόσι
731 3783 825 3836 τοῦ
878 3784 991 3855 βίου
1034 3785 1132 3856 τῆς
1168 3786 1469 3852 εὐσεϐείας,
1523 3788 1598 3852 ὡς
1631 3789 1697 3842 ἂν
1745 3790 1884 3862 πλη-

312 3873 524 3928 Θύνοιτο
564 3876 630 3945 τῇ
669 3873 951 3947 προσθήκῃ
993 3875 1100 3928 τῶν
1130 3875 1451 3946 σωζομένων
1487 3879 1521 3950 ἡ
1568 3879 1882 3951 Ἐκκλησία,

310 3967 407 4020 τοῦ
456 3966 599 4019 κατὰ
629 3966 727 4038 τὴν
772 3966 993 4038 διδαχὴν
1039 3966 1230 4021 πιστοῦ
1273 3968 1430 4037 λόγου
1479 3973 1544 4041 τῇ
1587 3971 1723 4044 ἀκοῇ
1775 3973 1883 4025 τῶν

312 4059 557 4113 ἀπίστων
605 4058 1048 4128 προσαγομένου⁶
1096 4061 1156 4113 οὐ
1206 4061 1311 4132 μὴν
1349 4064 1377 4115 ό
1414 4061 1573 4126 αὐτὸς
1612 4063 1712 4134 τῆς
1740 4064 1884 4118 διδα-

314 4150 539 4213 σκαλίας
567 4150 767 4220 τρόπος
798 4149 889 4202 ἐπὶ
920 4149 1135 4204 πάντων
1166 4151 1394 4222 ἁρμόσει
1419 4151 1526 4205 τῶν
1558 4154 1883 4224 προσιόντων

310 4242 388 4311 τῷ
425 4241 587 4311 λόγῳ.
637 4240 794 4294 Ἀλλὰ
828 4241 968 4294 κατά
1006 4240 1103 4305 τὰς
1132 4242 1239 4294 τῶν
1280 4241 1581 4312 θρησκειῶν
1624 4244 1884 4318 διαφορὰς

316 4331 681 4401 μεθαρμόζειν
711 4333 974 4402 προσήκει
1004 4332 1103 4402 τὴν
1142 4332 1463 4403 κατήχησιν,
1502 4334 1638 4405 πρὸς
1662 4335 1752 4388 τὸν
1784 4337 1882 4389 αὐ-

311 4422 402 4476 τὸν
434 4424 530 4492 μὲν
556 4422 795 4493 ὁρῶντας
827 4422 919 4475 τοῦ
952 4421 1109 4490 λόγου
1139 4421 1339 4475 σκοπὸν
1358 4464 1373 4487 ,
1398 4422 1495 4494 οὐχ
1518 4425 1884 4495 ὁμοιοτρόπως

308 4514 368 4567 δὲ
399 4516 518 4577 ταῖς
550 4516 911 4577 κατασκευαῖς
939 4514 1272 4585 χρωμένους.
1311 4514 1531 4580 Ἀλλαις
1550 4516 1658 4588 γὰρ
1682 4518 1882 4589 ὑπολή-

308 4604 468 4672 «tum
496 4605 522 4655 ό
555 4605 855 4669 Ἰουδαῖζων
886 4603 1241 4674 προείληπται
1260 4645 1275 4669 ,
1317 4605 1409 4658 καὶ
1430 4605 1506 4676 τῷ
1548 4607 1883 4679 Ἐλληνισμῷ

313 4697 486 4762 συζῶν
521 4698 765 4767 ἑτέραις·
801 4697 830 4749 ὅ
856 4713 916 4749 τε
962 4695 1234 4765 Ἀνόμοιος
1267 4696 1359 4749 καὶ
1386 4699 1414 4749 ὀ
1445 4698 1759 4769 Μανιχαῖος,
1789 4700 1882 4753 καὶ

308 4791 359 4842 οἱ
397 4789 536 4843 κατὰ
562 4788 885 4860 Μαρκίωνα,
927 4788 1019 4840 καὶ
1046 4785 1412 4852 οὐαλεντίνον,
1450 4788 1543 4840 καὶ
1577 4787 1879 4860 Βασιλίδην,

310 4882 403 4935 καὶ
428 4885 456 4935 ό
476 4880 659 4942 λοιπὸς
678 4880 975 4946 κατάλογος
995 4878 1104 4931 τῶν
1130 4879 1269 4931 κατὰ
1290 4878 1386 4941 τὰς
1407 4879 1645 4950 αἱρέσεις
1669 4880 1881 4933 πλανω-

312 4973 507 5043 μένων,
563 4971 721 5035 ἰδίαις
774 4972 1003 5034 ἕκαστος
1058 4971 1355 5042 ὑπολήψεσι
1417 4971 1876 5042 προειλημμένοι,

1886 3441 1957 3455 -α

1914 3603 1959 3658 Α

1916 4900 1925 4909 α

1911 4941 1953 4995 Β

2578 3603 2968 3661 ΡΗΑΞΡΑΤΙΟ.

2056 3697 2188 3764 Quae
2229 3698 2297 3753 ad
2332 3697 2643 3754 catechesiu
2687 3698 2921 3768 pertinet
2970 3696 3169 3761 oratio,
3222 3696 3551 3769 estquidem

1985 3786 2299 3840 necessaria
2343 3784 2413 3840 iis
2451 3786 2545 3856 qui
2592 3792 2837 3856 praesunt
2878 3785 3026 3848 vitae,
3071 3786 3256 3857 pietati
3296 3802 3359 3843 ac
3410 3803 3554 3845 vera!

1984 3875 2260 3945 religioni,
2292 3884 2352 3931 ut
2375 3890 2564 3931 eorum
2593 3875 2689 3946 qui
2713 3876 2943 3932 salutem
2967 3885 3333 3947 assequuntur
3365 3894 3554 3935 acces-

1985 3967 2140 4021 sione
2171 3967 2568 4037 multiplicetur
2606 3966 2885 4024 Ecclesia:
2922 3968 3068 4038 quod
3098 3968 3211 4035 lict,
3268 3969 3317 4024 si
3374 3970 3552 4026 ﬁdelis

1984 4059 2247 4113 doctrina;
2272 4075 2451 4116 sermo
2482 4059 2551 4115 ad
2601 4058 2901 4115 infidelium
2932 4074 3093 4115 aures
3144 4059 3407 4129 accedat;
3440 4077 3551 4117 non

1984 4151 2129 4205 idem
2181 4160 2361 4207 tamen
2420 4151 2684 4206 doctrinm
2734 4150 2931 4206 modus
2976 4152 3234 4206 convenit
3295 4150 3551 4207 omnibus

1984 4242 2134 4297 verbi
2168 4230 2543 4307 auditoribus,
2581 4240 2678 4297 sed
2711 4255 2811 4312 pro
2848 4242 3173 4313 religionum
3235 4240 3552 4299 diversitate

1985 4333 2243 4387 mutanda
2283 4342 2338 4388 et
2369 4332 2831 4388 accommodanda
2865 4334 2970 4388 erit
2993 4334 3317 4397 catechesis,
3346 4333 3555 4388 oratio.

1984 4425 2071 4480 nis
2100 4424 2316 4495 quidem
2353 4422 2607 4479 eumdem
2639 4424 2743 4479 sibi
2787 4425 3140 4494 proponendo
3194 4440 3441 4497 scopum,
3496 4436 3553 4481 et

1985 4515 2052 4569 ad
2084 4530 2207 4569 eum
2245 4515 2507 4570 intuendo
2533 4531 2548 4580 ;
2584 4514 2677 4570 sed
2703 4529 2814 4569 non
2844 4514 3034 4570 eodem
3065 4514 3228 4570 modo
3270 4516 3551 4586 probando

1985 4613 2039 4661 et
2068 4605 2461 4661 confirmando.
2497 4606 2634 4662 Aliis
2662 4606 2805 4661 enim
2838 4605 3189 4675 opinionibus
3224 4617 3311 4662 est
3348 4609 3551 4664 antici-

1984 4707 2143 4768 patus
2173 4696 2265 4767 qui
2300 4704 2408 4753 stat
2457 4712 2486 4750 a
2513 4696 2761 4767 partibus
2789 4694 3124 4765 Iudaeorum,
3164 4705 3220 4753 et
3282 4699 3405 4755 aliis
3456 4701 3553 4770 qui

1985 4788 2129 4843 favet
2156 4787 2379 4850 Graecis,
2413 4787 2815 4856 Anomaeusque
2845 4795 2899 4842 et
2929 4786 3285 4852 Manichacus,
3316 4796 3372 4844 et
3407 4788 3553 4843 Mar-

1984 4881 2249 4946 cionistm,
2282 4889 2335 4935 et
2365 4878 2749 4941 Valentiniani,
2784 4886 2838 4932 et
2875 4877 3229 4943 Basilidiani,
3266 4890 3320 4935 et
3371 4884 3553 4937 caeteri

1986 4970 2302 5025 aberrantes
2335 4970 2559 5026 asseclae
2597 4976 2875 5025 sectarum
2924 4976 2979 5023 et
3023 4970 3314 5036 haeresum,
3350 4972 3551 5042 singuli

309 5065 611 5133 ἀναγκαίαν
662 5063 874 5119 ποιοῦσι
914 5064 1012 5135 τὴν
1045 5063 1181 5135 πρὸς
1220 5064 1318 5126 τὰς
1367 5063 1588 5117 ἐκείνων
1631 5065 1883 5131 ὑπονοίας

1983 5063 2260 5132 propriam
2283 5060 2632 5130 anticipatam
2661 5060 2923 5115 habentes
2947 5061 3283 5131 opinionem,
3314 5062 3554 5118 cilicium

311 5160 512 5228 μάχην.
553 5156 708 5210 Κατὰ
738 5155 847 5227 γὰρ
876 5155 937 5207 τὸ
963 5152 1102 5217 εἶδος
1129 5154 1231 5224 τῆς
1256 5155 1409 5208 νόσου
1440 5156 1535 5207 καὶ
1560 5155 1651 5209 τὸν
1683 5158 1881 5226 τρόπον

1983 5160 2041 5206 ιιι
2079 5152 2149 5206 sit
2190 5152 2507 5207 necessario
2567 5149 2960 5205 decertandum
3019 5151 3283 5207 adversus
3318 5167 3383 5207 ea
3431 5168 3554 5223 qua;

304 5248 404 5318 τῆς
445 5247 745 5317 Θεραπείας
775 5242 1236 5315 προσαρμοστέον.
1270 5243 1342 5295 Οὐ
1372 5245 1484 5306 τοῖς
1509 5242 1691 5307 αὐτοῖς
1720 5244 1880 5316 θερα-

306 5336 528 5399 πεύσεις
568 5334 665 5388 τοῦ
702 5333 965 5401 Ἕλληνος
994 5333 1094 5403 τὴν
1133 5331 1441 5395 πολυθεΐαν,
1484 5332 1701 5387 καὶτοῦ
1750 5335 1881 5387 Ὶου⁹

303 5430 451 5484 δαίου
475 5436 573 5496 τὴν
599 5428 726 5497 περὶ
750 5426 841 5478 τὸν
873 5427 1130 5497 μονογενῆ
1158 5424 1289 5478 Θεὸν
1317 5424 1569 5477 ἀπιστίαν
1589 5440 1603 5455 ·
1630 5425 1749 5479 οὐδὲ
1770 5427 1877 5480 ἀπὸ

304 5520 411 5574 τῶν
455 5519 634 5573 αὐτῶν
681 5520 794 5580 τοῖς
843 5516 983 5570 κατὰ
1016 5515 1115 5579 τὰς
1152 5515 1389 5587 αἱρέσεις
1441 5514 1876 5587 πεπλανημένοις

307 5612 628 5682 ἀνατρέψεις
653 5611 748 5674 τὰς
779 5608 1133 5680 ἡπατημὲνας
1162 5609 1290 5678 περ)⁸
1318 5607 1424 5660 τῶν
1461 5606 1741 5677 δογμάτων
1772 5627 1873 5679 μυο-

308 5706 566 5771 θοποιίας.
605 5705 681 5761 Οὐ
722 5704 831 5774 γὰρ
872 5704 939 5757 δι’
961 5698 1036 5756 ὧν
1074 5702 1139 5756 ἄν
1188 5719 1272 5765 τις
1316 5700 1749 5772 ὲπανορθὼσαιτο
1786 5703 1875 5755 τὸν

630 5796 900 5857 Ριτιιοι.
932 5795 1049 5855 Gn.
1090 5794 1263 5855 XLV.

1978 5244 2290 5311 opinantur.
2319 5239 2456 5295 Nam
2478 5243 2869 5297 convenienter
2919 5244 3106 5313 generi
3159 5244 3338 5298 morbi
3374 5244 3551 5299 medi-

1978 5334 2100 5387 cina
2126 5340 2211 5387 est
2236 5330 2563 5388 adhibenda.
2589 5328 2709 5386 Non
2750 5333 2940 5388 eodem
2970 5333 3132 5389 modo
3161 5334 3466 5390 medeberis
3497 5342 3554 5391 et

1982 5424 2191 5492 Graeco,
2224 5426 2316 5495 qui
2343 5425 2546 5481 multos
2572 5439 2695 5483 esse
2732 5425 2865 5481 deos
2912 5427 3188 5496 opinatur,
3228 5433 3283 5481 et
3325 5424 3550 5491 Iudaeo.

1984 5519 2076 5589 qui
2124 5533 2235 5573 non
2269 5516 2446 5573 credit
2497 5516 2611 5573 Deo
2665 5517 2971 5589 unigenito.
3013 5517 3198 5588 Neque
3244 5518 3297 5571 in
3331 5517 3399 5575 iis
3456 5519 3552 5590 qui

1982 5611 2194 5681 decepti
2226 5599 2487 5681 sunt‘per
2514 5610 2777 5675 haereses,
2812 5610 3005 5666 iisdem
3045 5609 3267 5666 refelles
3300 5624 3365 5665 ac
3399 5626 3555 5668 ever-

1983 5713 2068 5760 tes
2099 5704 2268 5761 falsas
2299 5719 2354 5761 et
2382 5702 2650 5760 conﬁctas
2682 5702 2750 5758 de
2779 5703 3131 5772 dogmatibus
3165 5700 3402 5760 fabulas.
3433 5703 3551 5762 Non

3209 5794 3239 5856 1
