  <div class='ocr_page' id='page_1' title='image "/cluster/home/n/w/nwhite01/storage/ocr_20150623/45/nnc1.0046978445/016.png"; bbox 0 0 4066 6374; ppageno 0'>
   <div class='ocr_carea' id='block_1_1' title="bbox 348 349 3585 438">
    <p class='ocr_par' dir='ltr' id='par_1_1' title="bbox 348 349 3585 438">
     <span class='ocr_line' id='line_1_1' title="bbox 348 349 3585 438; baseline 0.01 -33"><span class='ocrx_word' id='word_1_1' title='bbox 348 349 417 406; x_wconf 75' lang='grc'><strong>13</strong></span> <span class='ocrx_word' id='word_1_2' title='bbox 1557 365 1815 422; x_wconf 78' lang='lat' dir='ltr'><strong>ORATIO</strong></span> <span class='ocrx_word' id='word_1_3' title='bbox 1859 367 2351 430; x_wconf 65' lang='lat' dir='ltr'><strong>CATECIIETICA.</strong></span> <span class='ocrx_word' id='word_1_4' title='bbox 3520 385 3585 438; x_wconf 74' lang='grc' dir='ltr'>Η</span> 
     </span>
    </p>
   </div>
   <div class='ocr_carea' id='block_1_2' title="bbox 343 468 3586 563">
    <p class='ocr_par' dir='ltr' id='par_1_2' title="bbox 343 468 3586 563">
     <span class='ocr_line' id='line_1_2' title="bbox 343 468 3586 563; baseline 0.009 -41"><span class='ocrx_word' id='word_1_5' title='bbox 343 468 657 523; x_wconf 83' lang='lat' dir='ltr'><strong>necessario</strong></span> <span class='ocrx_word' id='word_1_6' title='bbox 702 470 911 525; x_wconf 85' lang='lat' dir='ltr'><strong>tollitur</strong></span> <span class='ocrx_word' id='word_1_7' title='bbox 962 486 991 525; x_wconf 90' lang='lat' dir='ltr'><strong>a</strong></span> <span class='ocrx_word' id='word_1_8' title='bbox 1044 472 1297 545; x_wconf 80' lang='lat' dir='ltr'><strong>dogmate</strong></span> <span class='ocrx_word' id='word_1_9' title='bbox 1362 478 1584 537; x_wconf 77' lang='lat' dir='ltr'><strong>deorum</strong></span> <span class='ocrx_word' id='word_1_10' title='bbox 1631 485 1945 551; x_wconf 74' lang='lat' dir='ltr'><strong>multitudo,</strong></span> <span class='ocrx_word' id='word_1_11' title='bbox 2000 503 2124 543; x_wconf 93' lang='lat' dir='ltr'><strong>cum</strong></span> <span class='ocrx_word' id='word_1_12' title='bbox 2162 506 2283 560; x_wconf 72' lang='lat' dir='ltr'><strong>qua:</strong></span> <span class='ocrx_word' id='word_1_13' title='bbox 2318 498 2404 561; x_wconf 77' lang='lat' dir='ltr'><strong>est</strong></span> <span class='ocrx_word' id='word_1_14' title='bbox 2448 506 2544 563; x_wconf 84' lang='lat' dir='ltr'><strong>per</strong></span> <span class='ocrx_word' id='word_1_15' title='bbox 2586 495 2792 561; x_wconf 80' lang='lat' dir='ltr'><strong>omnia,</strong></span> <span class='ocrx_word' id='word_1_16' title='bbox 2838 503 2899 551; x_wconf 81' lang='lat' dir='ltr'><strong>ut</strong></span> <span class='ocrx_word' id='word_1_17' title='bbox 2942 497 3017 551; x_wconf 81' lang='lat' dir='ltr'><strong>ita</strong></span> <span class='ocrx_word' id='word_1_18' title='bbox 3064 494 3275 560; x_wconf 86' lang='lat' dir='ltr'><strong>dicam,</strong></span> <span class='ocrx_word' id='word_1_19' title='bbox 3332 495 3586 551; x_wconf 85' lang='lat' dir='ltr'><strong>identitas</strong></span> 
     </span>
    </p>
   </div>
   <div class='ocr_carea' id='block_1_3' title="bbox 347 561 1325 635">
    <p class='ocr_par' dir='ltr' id='par_1_3' title="bbox 347 561 1325 635">
     <span class='ocr_line' id='line_1_3' title="bbox 347 561 1325 635; baseline 0.01 -19"><span class='ocrx_word' id='word_1_20' title='bbox 347 562 505 616; x_wconf 76' lang='lat' dir='ltr'><strong>(idem</strong></span> <span class='ocrx_word' id='word_1_21' title='bbox 540 561 607 615; x_wconf 87' lang='lat' dir='ltr'><strong>ad</strong></span> <span class='ocrx_word' id='word_1_22' title='bbox 638 578 807 617; x_wconf 90' lang='lat' dir='ltr'><strong>unum</strong></span> <span class='ocrx_word' id='word_1_23' title='bbox 849 567 1044 635; x_wconf 82' lang='lat' dir='ltr'><strong>dogma</strong></span> <span class='ocrx_word' id='word_1_24' title='bbox 1071 569 1325 628; x_wconf 83' lang='lat' dir='ltr'><strong>deducat.</strong></span> 
     </span>
    </p>
   </div>
   <div class='ocr_carea' id='block_1_4' title="bbox 931 659 1309 715">
    <p class='ocr_par' dir='ltr' id='par_1_4' title="bbox 931 659 1309 715">
     <span class='ocr_line' id='line_1_4' title="bbox 931 659 1309 715; baseline 0.016 -6"><span class='ocrx_word' id='word_1_25' title='bbox 931 659 1179 713; x_wconf 83' lang='grc' dir='ltr'>ΚΕΦΛΛ.</span> <span class='ocrx_word' id='word_1_26' title='bbox 1230 663 1309 715; x_wconf 81' lang='lat' dir='ltr'><strong>A&#39;.</strong></span> 
     </span>
    </p>
   </div>
   <div class='ocr_carea' id='block_1_5' title="bbox 421 741 1915 823">
    <p class='ocr_par' dir='ltr' id='par_1_5' title="bbox 421 741 1915 823">
     <span class='ocr_line' id='line_1_5' title="bbox 421 741 1915 823; baseline 0.014 -31"><span class='ocrx_word' id='word_1_27' title='bbox 421 741 562 794; x_wconf 79' lang='grc' dir='ltr'>Ἀλλ’</span> <span class='ocrx_word' id='word_1_28' title='bbox 593 743 780 814; x_wconf 80' lang='grc' dir='ltr'>ἐπειδὴ</span> <span class='ocrx_word' id='word_1_29' title='bbox 812 745 907 797; x_wconf 74' lang='grc' dir='ltr'>καὶ</span> <span class='ocrx_word' id='word_1_30' title='bbox 941 749 969 799; x_wconf 95' lang='lat'><strong>6</strong></span> <span class='ocrx_word' id='word_1_31' title='bbox 998 751 1097 817; x_wconf 85' lang='grc' dir='ltr'>τῆς</span> <span class='ocrx_word' id='word_1_32' title='bbox 1142 750 1422 815; x_wconf 79' lang='grc' dir='ltr'>εὑσεὸείας</span> <span class='ocrx_word' id='word_1_33' title='bbox 1463 752 1617 823; x_wconf 80' lang='grc' dir='ltr'>λόγος</span> <span class='ocrx_word' id='word_1_34' title='bbox 1647 753 1755 810; x_wconf 78' lang='grc' dir='ltr'>οἶδέ</span> <span class='ocrx_word' id='word_1_35' title='bbox 1794 777 1915 813; x_wconf 86' lang='grc' dir='ltr'>τινα</span> 
     </span>
    </p>
   </div>
   <div class='ocr_carea' id='block_1_6' title="bbox 331 830 1916 919">
    <p class='ocr_par' dir='ltr' id='par_1_6' title="bbox 331 830 1916 919">
     <span class='ocr_line' id='line_1_6' title="bbox 331 830 1916 919; baseline 0.013 -36"><span class='ocrx_word' id='word_1_36' title='bbox 331 830 606 903; x_wconf 75' lang='grc' dir='ltr'><strong>διάκρισιν</strong></span> <span class='ocrx_word' id='word_1_37' title='bbox 634 836 984 890; x_wconf 87' lang='grc' dir='ltr'>ὑποστάσεων</span> <span class='ocrx_word' id='word_1_38' title='bbox 1015 841 1073 892; x_wconf 81' lang='grc' dir='ltr'><strong>ἐν</strong></span> <span class='ocrx_word' id='word_1_39' title='bbox 1096 844 1162 912; x_wconf 81' lang='grc' dir='ltr'>τῇ</span> <span class='ocrx_word' id='word_1_40' title='bbox 1194 842 1402 913; x_wconf 80' lang='grc' dir='ltr'>ἐνότητι</span> <span class='ocrx_word' id='word_1_41' title='bbox 1426 845 1529 916; x_wconf 84' lang='grc' dir='ltr'>τῆς</span> <span class='ocrx_word' id='word_1_42' title='bbox 1556 846 1769 916; x_wconf 82' lang='grc' dir='ltr'>φύσεως</span> <span class='ocrx_word' id='word_1_43' title='bbox 1794 849 1916 919; x_wconf 80' lang='grc' dir='ltr'><strong>βλέ-</strong></span> 
     </span>
    </p>
   </div>
   <div class='ocr_carea' id='block_1_7' title="bbox 334 925 1915 1014">
    <p class='ocr_par' dir='ltr' id='par_1_7' title="bbox 334 925 1915 1014">
     <span class='ocr_line' id='line_1_7' title="bbox 334 925 1915 1014; baseline 0.015 -41"><span class='ocrx_word' id='word_1_44' title='bbox 334 940 481 985; x_wconf 85' lang='grc' dir='ltr'>πειν,</span> <span class='ocrx_word' id='word_1_45' title='bbox 508 925 584 989; x_wconf 84' lang='grc' dir='ltr'>ὡς</span> <span class='ocrx_word' id='word_1_46' title='bbox 619 926 684 980; x_wconf 84' lang='grc' dir='ltr'>ἂν</span> <span class='ocrx_word' id='word_1_47' title='bbox 713 928 788 999; x_wconf 85' lang='grc' dir='ltr'><strong>μὴ</strong></span> <span class='ocrx_word' id='word_1_48' title='bbox 818 932 882 999; x_wconf 83' lang='grc' dir='ltr'>τῇ</span> <span class='ocrx_word' id='word_1_49' title='bbox 916 931 1051 1001; x_wconf 79' lang='grc' dir='ltr'>πρὸς</span> <span class='ocrx_word' id='word_1_50' title='bbox 1092 934 1218 995; x_wconf 82' lang='grc' dir='ltr'>τοὺς</span> <span class='ocrx_word' id='word_1_51' title='bbox 1252 935 1522 1008; x_wconf 84' lang='grc' dir='ltr'>’Έλληνας</span> <span class='ocrx_word' id='word_1_52' title='bbox 1562 941 1730 1013; x_wconf 86' lang='grc' dir='ltr'>μάχῃ,</span> <span class='ocrx_word' id='word_1_53' title='bbox 1778 943 1915 1014; x_wconf 77' lang='grc' dir='ltr'>πρὸς</span> 
     </span>
    </p>
   </div>
   <div class='ocr_carea' id='block_1_8' title="bbox 330 1013 1913 1107">
    <p class='ocr_par' dir='ltr' id='par_1_8' title="bbox 330 1013 1913 1107">
     <span class='ocr_line' id='line_1_8' title="bbox 330 1013 1913 1107; baseline 0.017 -43"><span class='ocrx_word' id='word_1_54' title='bbox 330 1013 424 1065; x_wconf 84' lang='grc' dir='ltr'><strong>τὸν</strong></span> <span class='ocrx_word' id='word_1_55' title='bbox 454 1017 782 1088; x_wconf 81' lang='grc' dir='ltr'>ἰουδαῖσμὸν</span> <span class='ocrx_word' id='word_1_56' title='bbox 802 1022 932 1090; x_wconf 83' lang='grc' dir='ltr'>ἡμῖν</span> <span class='ocrx_word' id='word_1_57' title='bbox 958 1023 987 1074; x_wconf 98' lang='lat'><strong>6</strong></span> <span class='ocrx_word' id='word_1_58' title='bbox 1009 1023 1165 1092; x_wconf 97' lang='grc' dir='ltr'>λόγος</span> <span class='ocrx_word' id='word_1_59' title='bbox 1186 1026 1525 1102; x_wconf 87' lang='grc' dir='ltr'>ὑπενεχθείη,</span> <span class='ocrx_word' id='word_1_60' title='bbox 1554 1034 1716 1087; x_wconf 89' lang='grc' dir='ltr'>πάλιν</span> <span class='ocrx_word' id='word_1_61' title='bbox 1743 1013 1913 1107; x_wconf 86' lang='grc' dir='ltr'>προσ-</span> 
     </span>
    </p>
   </div>
   <div class='ocr_carea' id='block_1_9' title="bbox 332 1105 1912 1196">
    <p class='ocr_par' dir='ltr' id='par_1_9' title="bbox 332 1105 1912 1196">
     <span class='ocr_line' id='line_1_9' title="bbox 332 1105 1912 1196; baseline 0.016 -40"><span class='ocrx_word' id='word_1_62' title='bbox 332 1105 455 1173; x_wconf 84' lang='grc' dir='ltr'>ήκει</span> <span class='ocrx_word' id='word_1_63' title='bbox 508 1106 757 1181; x_wconf 78' lang='grc' dir='ltr'><strong>διαστολῇ</strong></span> <span class='ocrx_word' id='word_1_64' title='bbox 810 1128 917 1163; x_wconf 89' lang='grc' dir='ltr'>τινι</span> <span class='ocrx_word' id='word_1_65' title='bbox 977 1119 1229 1186; x_wconf 81' lang='grc' dir='ltr'><strong>τεχνικῇ,</strong></span> <span class='ocrx_word' id='word_1_66' title='bbox 1283 1121 1377 1173; x_wconf 80' lang='grc' dir='ltr'><strong>καὶ</strong></span> <span class='ocrx_word' id='word_1_67' title='bbox 1422 1122 1519 1192; x_wconf 84' lang='grc' dir='ltr'>τὴν</span> <span class='ocrx_word' id='word_1_68' title='bbox 1573 1127 1702 1196; x_wconf 78' lang='grc' dir='ltr'>περὶ</span> <span class='ocrx_word' id='word_1_69' title='bbox 1755 1105 1912 1183; x_wconf 79' lang='grc' dir='ltr'>τοῦτο</span> 
     </span>
    </p>
   </div>
   <div class='ocr_carea' id='block_1_10' title="bbox 332 1197 1910 1282">
    <p class='ocr_par' dir='ltr' id='par_1_10' title="bbox 332 1197 1910 1282">
     <span class='ocr_line' id='line_1_10' title="bbox 332 1197 1910 1282; baseline 0.016 -34"><span class='ocrx_word' id='word_1_70' title='bbox 332 1197 541 1268; x_wconf 80' lang='grc' dir='ltr'>πλάνην</span> <span class='ocrx_word' id='word_1_71' title='bbox 571 1202 1073 1270; x_wconf 82' lang='grc' dir='ltr'>ἐπανορθώσασθαι.</span> <span class='ocrx_word' id='word_1_72' title='bbox 1108 1208 1241 1261; x_wconf 84' lang='grc' dir='ltr'><strong>Οὐδὲ</strong></span> <span class='ocrx_word' id='word_1_73' title='bbox 1265 1210 1374 1282; x_wconf 88' lang='grc' dir='ltr'>γὰρ</span> <span class='ocrx_word' id='word_1_74' title='bbox 1401 1216 1514 1278; x_wconf 86' lang='grc' dir='ltr'>τοῖς</span> <span class='ocrx_word' id='word_1_75' title='bbox 1542 1214 1646 1280; x_wconf 81' lang='grc' dir='ltr'>ἔξω</span> <span class='ocrx_word' id='word_1_76' title='bbox 1668 1217 1762 1271; x_wconf 89' lang='grc' dir='ltr'><strong>τοῦ</strong></span> <span class='ocrx_word' id='word_1_77' title='bbox 1787 1219 1910 1272; x_wconf 83' lang='grc' dir='ltr'>καθ’</span> 
     </span>
    </p>
   </div>
   <div class='ocr_carea' id='block_1_11' title="bbox 332 1290 1907 1379">
    <p class='ocr_par' dir='ltr' id='par_1_11' title="bbox 332 1290 1907 1379">
     <span class='ocr_line' id='line_1_11' title="bbox 332 1290 1907 1379; baseline 0.015 -39"><span class='ocrx_word' id='word_1_78' title='bbox 332 1290 482 1359; x_wconf 81' lang='grc' dir='ltr'>ἡμᾶς</span> <span class='ocrx_word' id='word_1_79' title='bbox 528 1291 796 1361; x_wconf 86' lang='grc' dir='ltr'>δόγματος</span> <span class='ocrx_word' id='word_1_80' title='bbox 842 1295 1032 1364; x_wconf 86' lang='grc' dir='ltr'>ἄλογον</span> <span class='ocrx_word' id='word_1_81' title='bbox 1070 1294 1206 1352; x_wconf 77' lang='grc' dir='ltr'>εἶναι</span> <span class='ocrx_word' id='word_1_82' title='bbox 1241 1301 1303 1354; x_wconf 86' lang='grc' dir='ltr'><strong>τὸ</strong></span> <span class='ocrx_word' id='word_1_83' title='bbox 1346 1305 1499 1359; x_wconf 85' lang='grc' dir='ltr'><strong>Θεῖον</strong></span> <span class='ocrx_word' id='word_1_84' title='bbox 1545 1306 1907 1379; x_wconf 75' lang='grc' dir='ltr'><strong>ὑπείληπται·</strong></span> 
     </span>
    </p>
   </div>
   <div class='ocr_carea' id='block_1_12' title="bbox 331 1379 1908 1471">
    <p class='ocr_par' dir='ltr' id='par_1_12' title="bbox 331 1379 1908 1471">
     <span class='ocr_line' id='line_1_12' title="bbox 331 1379 1908 1471; baseline 0.015 -41"><span class='ocrx_word' id='word_1_85' title='bbox 331 1379 493 1432; x_wconf 85' lang='grc' dir='ltr'>τοῦτο</span> <span class='ocrx_word' id='word_1_86' title='bbox 525 1381 581 1434; x_wconf 82' lang='grc' dir='ltr'>δὲ</span> <span class='ocrx_word' id='word_1_87' title='bbox 620 1383 749 1454; x_wconf 89' lang='grc' dir='ltr'>παρ’</span> <span class='ocrx_word' id='word_1_88' title='bbox 787 1385 1010 1439; x_wconf 83' lang='grc' dir='ltr'>ἐκείνων</span> <span class='ocrx_word' id='word_1_89' title='bbox 1048 1388 1479 1463; x_wconf 83' lang='grc' dir='ltr'>ὁμολογούμενον</span> <span class='ocrx_word' id='word_1_90' title='bbox 1524 1396 1722 1462; x_wconf 78' lang='grc' dir='ltr'>ἱκανῶς</span> <span class='ocrx_word' id='word_1_91' title='bbox 1753 1399 1908 1471; x_wconf 71' lang='grc' dir='ltr'>διαρι-</span> 
     </span>
    </p>
   </div>
   <div class='ocr_carea' id='block_1_13' title="bbox 330 1468 1907 1563">
    <p class='ocr_par' dir='ltr' id='par_1_13' title="bbox 330 1468 1907 1563">
     <span class='ocr_line' id='line_1_13' title="bbox 330 1468 1907 1563; baseline 0.019 -43"><span class='ocrx_word' id='word_1_92' title='bbox 330 1468 531 1540; x_wconf 86' lang='grc' dir='ltr'>θρώσει</span> <span class='ocrx_word' id='word_1_93' title='bbox 580 1472 670 1563; x_wconf 67' lang='grc' dir='ltr'>τὸν</span> <span class='ocrx_word' id='word_1_94' title='bbox 702 1474 971 1547; x_wconf 82' lang='grc' dir='ltr'>ἡμέτερον</span> <span class='ocrx_word' id='word_1_95' title='bbox 1014 1477 1191 1547; x_wconf 85' lang='grc' dir='ltr'>λόγον.</span> <span class='ocrx_word' id='word_1_96' title='bbox 1252 1482 1309 1536; x_wconf 91' lang='lat'><strong>&#39;0</strong></span> <span class='ocrx_word' id='word_1_97' title='bbox 1352 1484 1459 1556; x_wconf 83' lang='grc' dir='ltr'>γὰρ</span> <span class='ocrx_word' id='word_1_98' title='bbox 1506 1488 1782 1557; x_wconf 83' lang='grc' dir='ltr'>ὁμολογῶν</span> 
     </span>
    </p>
   </div>
   <div class='ocr_carea' id='block_1_14' title="bbox 327 1557 1908 1654">
    <p class='ocr_par' dir='ltr' id='par_1_14' title="bbox 327 1557 1908 1654">
     <span class='ocr_line' id='line_1_14' title="bbox 327 1557 1908 1654; baseline 0.016 -42"><span class='ocrx_word' id='word_1_99' title='bbox 327 1560 521 1628; x_wconf 80' lang='grc' dir='ltr'>ἄλογον</span> <span class='ocrx_word' id='word_1_100' title='bbox 555 1557 692 1616; x_wconf 83' lang='grc' dir='ltr'>εἶναι</span> <span class='ocrx_word' id='word_1_101' title='bbox 732 1564 822 1618; x_wconf 83' lang='grc' dir='ltr'><strong>τὸν</strong></span> <span class='ocrx_word' id='word_1_102' title='bbox 851 1566 1018 1633; x_wconf 84' lang='grc' dir='ltr'>Θεὸν,</span> <span class='ocrx_word' id='word_1_103' title='bbox 1051 1571 1267 1635; x_wconf 87' lang='grc' dir='ltr'>πάντως</span> <span class='ocrx_word' id='word_1_104' title='bbox 1309 1572 1466 1643; x_wconf 87' lang='grc' dir='ltr'>λόγον</span> <span class='ocrx_word' id='word_1_105' title='bbox 1510 1577 1653 1648; x_wconf 78' lang='grc' dir='ltr'>ἔχειν</span> <span class='ocrx_word' id='word_1_106' title='bbox 1694 1580 1787 1633; x_wconf 83' lang='grc' dir='ltr'>τὸν</span> 
     </span>
    </p>
   </div>
   <div class='ocr_carea' id='block_1_15' title="bbox 328 1652 1908 1744">
    <p class='ocr_par' dir='ltr' id='par_1_15' title="bbox 328 1652 1908 1744">
     <span class='ocr_line' id='line_1_15' title="bbox 328 1652 1908 1744; baseline 0.015 -41"><span class='ocrx_word' id='word_1_107' title='bbox 328 1652 521 1720; x_wconf 78' lang='grc' dir='ltr'>ἄλογον</span> <span class='ocrx_word' id='word_1_108' title='bbox 560 1656 1049 1726; x_wconf 74' lang='grc' dir='ltr'><strong>συγκαταθήσεται.</strong></span> <span class='ocrx_word' id='word_1_109' title='bbox 1114 1661 1275 1715; x_wconf 82' lang='grc' dir='ltr'>Ἀλλὰ</span> <span class='ocrx_word' id='word_1_110' title='bbox 1309 1664 1413 1736; x_wconf 85' lang='grc' dir='ltr'><strong>μὴν</strong></span> <span class='ocrx_word' id='word_1_111' title='bbox 1438 1667 1773 1739; x_wconf 81' lang='grc' dir='ltr'><strong>ἀνθρώπινος</strong></span> <span class='ocrx_word' id='word_1_112' title='bbox 1814 1652 1908 1744; x_wconf 52' lang='grc' dir='ltr'><strong>ὁμέ</strong></span> 
     </span>
    </p>
   </div>
   <div class='ocr_carea' id='block_1_16' title="bbox 325 1741 1906 1831">
    <p class='ocr_par' dir='ltr' id='par_1_16' title="bbox 325 1741 1906 1831">
     <span class='ocr_line' id='line_1_16' title="bbox 325 1741 1906 1831; baseline 0.015 -38"><span class='ocrx_word' id='word_1_113' title='bbox 325 1741 557 1813; x_wconf 89' lang='grc' dir='ltr'>ωνύμως</span> <span class='ocrx_word' id='word_1_114' title='bbox 585 1743 991 1815; x_wconf 88' lang='grc' dir='ltr'>λέγεταιλόγος.</span> <span class='ocrx_word' id='word_1_115' title='bbox 1019 1750 1224 1831; x_wconf 82' lang='grc' dir='ltr'>Οὐκοῦν</span> <span class='ocrx_word' id='word_1_116' title='bbox 1240 1754 1288 1805; x_wconf 87' lang='grc' dir='ltr'><strong>εί</strong></span> <span class='ocrx_word' id='word_1_117' title='bbox 1304 1753 1450 1821; x_wconf 88' lang='grc' dir='ltr'>λέγοι</span> <span class='ocrx_word' id='word_1_118' title='bbox 1470 1758 1591 1810; x_wconf 83' lang='grc' dir='ltr'>καθ’</span> <span class='ocrx_word' id='word_1_119' title='bbox 1612 1741 1906 1831; x_wconf 79' lang='grc' dir='ltr'>ὁμοιότητα</span> 
     </span>
    </p>
   </div>
   <div class='ocr_carea' id='block_1_17' title="bbox 324 1825 1906 1925">
    <p class='ocr_par' dir='ltr' id='par_1_17' title="bbox 324 1833 1906 1925">
     <span class='ocr_line' id='line_1_17' title="bbox 324 1833 1906 1925; baseline 0.016 -41"><span class='ocrx_word' id='word_1_120' title='bbox 324 1833 433 1885; x_wconf 80' lang='grc' dir='ltr'>τῶν</span> <span class='ocrx_word' id='word_1_121' title='bbox 470 1836 597 1905; x_wconf 85' lang='grc' dir='ltr'>παρ’</span> <span class='ocrx_word' id='word_1_122' title='bbox 622 1839 750 1907; x_wconf 83' lang='grc' dir='ltr'>ἡμῖν</span> <span class='ocrx_word' id='word_1_123' title='bbox 772 1840 867 1893; x_wconf 76' lang='grc' dir='ltr'><strong>καὶ</strong></span> <span class='ocrx_word' id='word_1_124' title='bbox 898 1840 990 1893; x_wconf 86' lang='grc' dir='ltr'>τὸν</span> <span class='ocrx_word' id='word_1_125' title='bbox 1017 1842 1111 1895; x_wconf 88' lang='grc' dir='ltr'><strong>τοῦ</strong></span> <span class='ocrx_word' id='word_1_126' title='bbox 1140 1844 1273 1898; x_wconf 89' lang='grc' dir='ltr'>Θεοῦ</span> <span class='ocrx_word' id='word_1_127' title='bbox 1305 1847 1567 1915; x_wconf 81' lang='grc' dir='ltr'>ὑπονοεῖν,</span> <span class='ocrx_word' id='word_1_128' title='bbox 1598 1852 1740 1906; x_wconf 78' lang='grc' dir='ltr'>οὑτω</span> <span class='ocrx_word' id='word_1_129' title='bbox 1777 1873 1906 1925; x_wconf 86' lang='grc' dir='ltr'>μετ-</span> 
     </span>
    </p>
   </div>
   <div class='ocr_carea' id='block_1_18' title="bbox 326 1925 1903 2015">
    <p class='ocr_par' dir='ltr' id='par_1_18' title="bbox 326 1925 1903 2015">
     <span class='ocr_line' id='line_1_18' title="bbox 326 1925 1903 2015; baseline 0.015 -39"><span class='ocrx_word' id='word_1_130' title='bbox 326 1925 620 1995; x_wconf 80' lang='grc' dir='ltr'>αχθήσεται</span> <span class='ocrx_word' id='word_1_131' title='bbox 661 1927 796 1997; x_wconf 81' lang='grc' dir='ltr'>πρὸς</span> <span class='ocrx_word' id='word_1_132' title='bbox 832 1929 930 2001; x_wconf 81' lang='grc' dir='ltr'>τὴν</span> <span class='ocrx_word' id='word_1_133' title='bbox 954 1931 1290 2004; x_wconf 76' lang='grc' dir='ltr'>ὑψηλοτέραν</span> <span class='ocrx_word' id='word_1_134' title='bbox 1330 1938 1613 2010; x_wconf 74' lang='grc' dir='ltr'><strong>ὑπόληψιν.</strong></span> <span class='ocrx_word' id='word_1_135' title='bbox 1669 1943 1903 2015; x_wconf 83' lang='grc' dir='ltr'>Ἀνάγκη</span> 
     </span>
    </p>
   </div>
   <div class='ocr_carea' id='block_1_19' title="bbox 322 2016 1976 2102">
    <p class='ocr_par' dir='ltr' id='par_1_19' title="bbox 322 2016 1976 2102">
     <span class='ocr_line' id='line_1_19' title="bbox 322 2016 1976 2102; baseline 0.014 -35"><span class='ocrx_word' id='word_1_136' title='bbox 322 2016 432 2086; x_wconf 85' lang='grc' dir='ltr'>γὰρ</span> <span class='ocrx_word' id='word_1_137' title='bbox 470 2018 617 2071; x_wconf 82' lang='grc' dir='ltr'>πᾶσα</span> <span class='ocrx_word' id='word_1_138' title='bbox 651 2020 986 2091; x_wconf 85' lang='grc' dir='ltr'>κατάλληλον</span> <span class='ocrx_word' id='word_1_139' title='bbox 1017 2019 1157 2077; x_wconf 82' lang='grc' dir='ltr'>εἶναι</span> <span class='ocrx_word' id='word_1_140' title='bbox 1186 2029 1460 2082; x_wconf 77' lang='grc' dir='ltr'>πιστεύειν</span> <span class='ocrx_word' id='word_1_141' title='bbox 1505 2034 1573 2102; x_wconf 84' lang='grc' dir='ltr'>τῇ</span> <span class='ocrx_word' id='word_1_142' title='bbox 1620 2032 1777 2101; x_wconf 84' lang='grc' dir='ltr'>φύσει</span> <span class='ocrx_word' id='word_1_143' title='bbox 1810 2035 1902 2089; x_wconf 85' lang='grc' dir='ltr'><strong>τὸν</strong></span> <span class='ocrx_word' id='word_1_144' title='bbox 1935 2033 1976 2090; x_wconf 87' lang='grc' dir='ltr'><strong>Β</strong></span> 
     </span>
    </p>
   </div>
   <div class='ocr_carea' id='block_1_20' title="bbox 322 2105 1899 2193">
    <p class='ocr_par' dir='ltr' id='par_1_20' title="bbox 322 2105 1899 2193">
     <span class='ocr_line' id='line_1_20' title="bbox 322 2105 1899 2193; baseline 0.015 -37"><span class='ocrx_word' id='word_1_145' title='bbox 322 2105 499 2173; x_wconf 88' lang='grc' dir='ltr'>λόγον,</span> <span class='ocrx_word' id='word_1_146' title='bbox 533 2108 608 2172; x_wconf 89' lang='grc' dir='ltr'>ὼς</span> <span class='ocrx_word' id='word_1_147' title='bbox 640 2110 731 2161; x_wconf 74' lang='grc' dir='ltr'>καὶ</span> <span class='ocrx_word' id='word_1_148' title='bbox 769 2111 837 2163; x_wconf 80' lang='grc' dir='ltr'>τὰ</span> <span class='ocrx_word' id='word_1_149' title='bbox 868 2112 1002 2166; x_wconf 81' lang='grc' dir='ltr'>ἄλλα</span> <span class='ocrx_word' id='word_1_150' title='bbox 1032 2116 1227 2170; x_wconf 89' lang='grc' dir='ltr'>πάντα.</span> <span class='ocrx_word' id='word_1_151' title='bbox 1265 2120 1373 2172; x_wconf 74' lang='grc' dir='ltr'><strong>Καὶ</strong></span> <span class='ocrx_word' id='word_1_152' title='bbox 1402 2122 1509 2193; x_wconf 81' lang='grc' dir='ltr'>γὰρ</span> <span class='ocrx_word' id='word_1_153' title='bbox 1546 2123 1774 2193; x_wconf 87' lang='grc' dir='ltr'>δύναμίς</span> <span class='ocrx_word' id='word_1_154' title='bbox 1814 2144 1899 2191; x_wconf 87' lang='grc' dir='ltr'><strong>τις</strong></span> 
     </span>
    </p>
   </div>
   <div class='ocr_carea' id='block_1_21' title="bbox 321 2194 1892 2281">
    <p class='ocr_par' dir='ltr' id='par_1_21' title="bbox 321 2194 1892 2281">
     <span class='ocr_line' id='line_1_21' title="bbox 321 2194 1892 2281; baseline 0.013 -34"><span class='ocrx_word' id='word_1_155' title='bbox 321 2194 416 2247; x_wconf 79' lang='grc' dir='ltr'><strong>καὶ</strong></span> <span class='ocrx_word' id='word_1_156' title='bbox 450 2194 586 2265; x_wconf 78' lang='grc' dir='ltr'>ζωὴ,</span> <span class='ocrx_word' id='word_1_157' title='bbox 624 2198 715 2250; x_wconf 78' lang='grc' dir='ltr'><strong>καὶ</strong></span> <span class='ocrx_word' id='word_1_158' title='bbox 752 2199 932 2268; x_wconf 85' lang='grc' dir='ltr'>σοφία,</span> <span class='ocrx_word' id='word_1_159' title='bbox 976 2205 1103 2273; x_wconf 73' lang='grc' dir='ltr'>περὶ</span> <span class='ocrx_word' id='word_1_160' title='bbox 1133 2205 1192 2257; x_wconf 83' lang='grc' dir='ltr'><strong>τὸ</strong></span> <span class='ocrx_word' id='word_1_161' title='bbox 1224 2206 1560 2277; x_wconf 85' lang='grc' dir='ltr'>ἀνθρώπινον</span> <span class='ocrx_word' id='word_1_162' title='bbox 1606 2212 1892 2281; x_wconf 79' lang='grc' dir='ltr'>βλέπεται·</span> 
     </span>
    </p>
   </div>
   <div class='ocr_carea' id='block_1_22' title="bbox 322 2285 1896 2372">
    <p class='ocr_par' dir='ltr' id='par_1_22' title="bbox 322 2285 1896 2372">
     <span class='ocr_line' id='line_1_22' title="bbox 322 2285 1896 2372; baseline 0.015 -37"><span class='ocrx_word' id='word_1_163' title='bbox 322 2285 457 2337; x_wconf 81' lang='grc' dir='ltr'><strong>ἀλλά</strong></span> <span class='ocrx_word' id='word_1_164' title='bbox 495 2287 596 2338; x_wconf 91' lang='grc' dir='ltr'><strong>οὑκ</strong></span> <span class='ocrx_word' id='word_1_165' title='bbox 642 2288 707 2341; x_wconf 81' lang='grc' dir='ltr'><strong>ἄν</strong></span> <span class='ocrx_word' id='word_1_166' title='bbox 754 2305 841 2352; x_wconf 82' lang='grc' dir='ltr'><strong>τις</strong></span> <span class='ocrx_word' id='word_1_167' title='bbox 885 2292 949 2343; x_wconf 82' lang='grc' dir='ltr'>ὲκ</span> <span class='ocrx_word' id='word_1_168' title='bbox 999 2293 1095 2363; x_wconf 82' lang='grc' dir='ltr'>τῆς</span> <span class='ocrx_word' id='word_1_169' title='bbox 1137 2296 1454 2367; x_wconf 84' lang='grc' dir='ltr'>ὁμωνυμίας</span> <span class='ocrx_word' id='word_1_170' title='bbox 1504 2301 1758 2372; x_wconf 84' lang='grc' dir='ltr'>τοιαύτην</span> <span class='ocrx_word' id='word_1_171' title='bbox 1803 2306 1896 2358; x_wconf 77' lang='grc' dir='ltr'><strong>καὶ</strong></span> 
     </span>
    </p>
   </div>
   <div class='ocr_carea' id='block_1_23' title="bbox 321 2377 1892 2465">
    <p class='ocr_par' dir='ltr' id='par_1_23' title="bbox 321 2377 1892 2465">
     <span class='ocr_line' id='line_1_23' title="bbox 321 2377 1892 2465; baseline 0.013 -38"><span class='ocrx_word' id='word_1_172' title='bbox 321 2377 416 2428; x_wconf 78' lang='grc' dir='ltr'><strong>ἐπὶ</strong></span> <span class='ocrx_word' id='word_1_173' title='bbox 449 2377 544 2429; x_wconf 83' lang='grc' dir='ltr'><strong>τοῦ</strong></span> <span class='ocrx_word' id='word_1_174' title='bbox 578 2377 712 2431; x_wconf 87' lang='grc' dir='ltr'>Θεοῦ</span> <span class='ocrx_word' id='word_1_175' title='bbox 760 2380 858 2450; x_wconf 80' lang='grc' dir='ltr'><strong>τὴν</strong></span> <span class='ocrx_word' id='word_1_176' title='bbox 888 2379 1053 2451; x_wconf 81' lang='grc' dir='ltr'>ζωὴν,</span> <span class='ocrx_word' id='word_1_177' title='bbox 1093 2385 1125 2450; x_wconf 86' lang='grc' dir='ltr'>ἢ</span> <span class='ocrx_word' id='word_1_178' title='bbox 1151 2386 1250 2456; x_wconf 85' lang='grc' dir='ltr'>τὴν</span> <span class='ocrx_word' id='word_1_179' title='bbox 1280 2387 1542 2459; x_wconf 88' lang='grc' dir='ltr'>δύναμιν,</span> <span class='ocrx_word' id='word_1_180' title='bbox 1589 2392 1621 2462; x_wconf 86' lang='grc' dir='ltr'>ἦ</span> <span class='ocrx_word' id='word_1_181' title='bbox 1672 2393 1768 2465; x_wconf 81' lang='grc' dir='ltr'>τὴν</span> <span class='ocrx_word' id='word_1_182' title='bbox 1804 2412 1892 2446; x_wconf 82' lang='grc' dir='ltr'>σο-</span> 
     </span>
    </p>
   </div>
   <div class='ocr_carea' id='block_1_24' title="bbox 320 2467 1893 2555">
    <p class='ocr_par' dir='ltr' id='par_1_24' title="bbox 320 2467 1893 2555">
     <span class='ocr_line' id='line_1_24' title="bbox 320 2467 1893 2555; baseline 0.014 -39"><span class='ocrx_word' id='word_1_183' title='bbox 320 2467 448 2533; x_wconf 82' lang='grc' dir='ltr'>φίαν</span> <span class='ocrx_word' id='word_1_184' title='bbox 480 2468 991 2540; x_wconf 81' lang='grc' dir='ltr'>ὑπονοήσειεν,άλλά</span> <span class='ocrx_word' id='word_1_185' title='bbox 1016 2477 1151 2544; x_wconf 82' lang='grc' dir='ltr'>πρὸς</span> <span class='ocrx_word' id='word_1_186' title='bbox 1179 2476 1239 2528; x_wconf 83' lang='grc' dir='ltr'><strong>τὸ</strong></span> <span class='ocrx_word' id='word_1_187' title='bbox 1264 2478 1363 2549; x_wconf 83' lang='grc' dir='ltr'>τῆς</span> <span class='ocrx_word' id='word_1_188' title='bbox 1396 2479 1605 2548; x_wconf 83' lang='grc' dir='ltr'>φύσεως</span> <span class='ocrx_word' id='word_1_189' title='bbox 1634 2483 1731 2552; x_wconf 82' lang='grc' dir='ltr'>τῆς</span> <span class='ocrx_word' id='word_1_190' title='bbox 1760 2485 1893 2555; x_wconf 84' lang='grc' dir='ltr'>ἡμε-</span> 
     </span>
    </p>
   </div>
   <div class='ocr_carea' id='block_1_25' title="bbox 320 2557 1893 2631">
    <p class='ocr_par' dir='ltr' id='par_1_25' title="bbox 320 2557 1893 2631">
     <span class='ocr_line' id='line_1_25' title="bbox 320 2557 1893 2631; baseline 0.013 -24"><span class='ocrx_word' id='word_1_191' title='bbox 320 2557 482 2627; x_wconf 84' lang='grc' dir='ltr'>τέρας</span> <span class='ocrx_word' id='word_1_192' title='bbox 540 2559 768 2631; x_wconf 80' lang='grc' dir='ltr'>μέτρον,</span> <span class='ocrx_word' id='word_1_193' title='bbox 824 2565 1295 2620; x_wconf 84' lang='grc' dir='ltr'>συνταπεινοῦνται</span> <span class='ocrx_word' id='word_1_194' title='bbox 1354 2568 1410 2622; x_wconf 89' lang='grc' dir='ltr'><strong>αί</strong></span> <span class='ocrx_word' id='word_1_195' title='bbox 1478 2572 1586 2623; x_wconf 84' lang='grc' dir='ltr'>τῶν</span> <span class='ocrx_word' id='word_1_196' title='bbox 1640 2573 1893 2630; x_wconf 78' lang='grc' dir='ltr'>τοιούτων</span> 
     </span>
    </p>
   </div>
   <div class='ocr_carea' id='block_1_26' title="bbox 318 2651 1889 2735">
    <p class='ocr_par' dir='ltr' id='par_1_26' title="bbox 318 2651 1889 2735">
     <span class='ocr_line' id='line_1_26' title="bbox 318 2651 1889 2735; baseline 0.011 -33"><span class='ocrx_word' id='word_1_197' title='bbox 318 2651 593 2720; x_wconf 76' lang='grc' dir='ltr'>ὀνομάτων</span> <span class='ocrx_word' id='word_1_198' title='bbox 614 2653 897 2721; x_wconf 77' lang='grc' dir='ltr'>ἐμφάσεις.</span> <span class='ocrx_word' id='word_1_199' title='bbox 933 2656 1148 2728; x_wconf 79' lang='grc' dir='ltr'>Ἐπειδὴ</span> <span class='ocrx_word' id='word_1_200' title='bbox 1172 2659 1279 2730; x_wconf 84' lang='grc' dir='ltr'><strong>γάρ</strong></span> <span class='ocrx_word' id='word_1_201' title='bbox 1300 2660 1511 2733; x_wconf 84' lang='grc' dir='ltr'>φθαρτὴ</span> <span class='ocrx_word' id='word_1_202' title='bbox 1534 2665 1628 2716; x_wconf 74' lang='grc' dir='ltr'><strong>καὶ</strong></span> <span class='ocrx_word' id='word_1_203' title='bbox 1657 2665 1889 2735; x_wconf 80' lang='grc' dir='ltr'>ἀσθενὴς</span> 
     </span>
    </p>
   </div>
   <div class='ocr_carea' id='block_1_27' title="bbox 321 2740 1889 2823">
    <p class='ocr_par' dir='ltr' id='par_1_27' title="bbox 321 2740 1889 2823">
     <span class='ocr_line' id='line_1_27' title="bbox 321 2740 1889 2823; baseline 0.013 -34"><span class='ocrx_word' id='word_1_204' title='bbox 321 2740 477 2810; x_wconf 76' lang='grc' dir='ltr'>ἡμῶν</span> <span class='ocrx_word' id='word_1_205' title='bbox 508 2744 541 2810; x_wconf 85' lang='grc' dir='ltr'>ἡ</span> <span class='ocrx_word' id='word_1_206' title='bbox 566 2742 745 2809; x_wconf 81' lang='grc' dir='ltr'>φύσις,</span> <span class='ocrx_word' id='word_1_207' title='bbox 768 2744 856 2796; x_wconf 80' lang='grc' dir='ltr'>διὰ</span> <span class='ocrx_word' id='word_1_208' title='bbox 876 2744 1033 2799; x_wconf 85' lang='grc' dir='ltr'>τοῦτο</span> <span class='ocrx_word' id='word_1_209' title='bbox 1056 2747 1342 2820; x_wconf 85' lang='grc' dir='ltr'>ὠκύμορος</span> <span class='ocrx_word' id='word_1_210' title='bbox 1364 2752 1396 2819; x_wconf 87' lang='grc' dir='ltr'><strong>ή</strong></span> <span class='ocrx_word' id='word_1_211' title='bbox 1419 2752 1552 2823; x_wconf 76' lang='grc' dir='ltr'>ζωὴ,</span> <span class='ocrx_word' id='word_1_212' title='bbox 1584 2755 1889 2809; x_wconf 86' lang='grc' dir='ltr'>ἀνυπόστα-</span> 
     </span>
    </p>
   </div>
   <div class='ocr_carea' id='block_1_28' title="bbox 319 2832 1888 2916">
    <p class='ocr_par' dir='ltr' id='par_1_28' title="bbox 319 2832 1888 2916">
     <span class='ocr_line' id='line_1_28' title="bbox 319 2832 1888 2916; baseline 0.01 -33"><span class='ocrx_word' id='word_1_213' title='bbox 319 2850 409 2894; x_wconf 83' lang='grc' dir='ltr'><strong>τος</strong></span> <span class='ocrx_word' id='word_1_214' title='bbox 436 2834 467 2903; x_wconf 81' lang='grc' dir='ltr'>ἡ</span> <span class='ocrx_word' id='word_1_215' title='bbox 499 2832 744 2903; x_wconf 84' lang='grc' dir='ltr'>δύναμις,</span> <span class='ocrx_word' id='word_1_216' title='bbox 798 2837 1012 2907; x_wconf 79' lang='grc' dir='ltr'>ἀπαγὴς</span> <span class='ocrx_word' id='word_1_217' title='bbox 1046 2840 1073 2891; x_wconf 93' lang='lat'><strong>6</strong></span> <span class='ocrx_word' id='word_1_218' title='bbox 1105 2839 1279 2907; x_wconf 90' lang='grc' dir='ltr'>λόγος.</span> <span class='ocrx_word' id='word_1_219' title='bbox 1328 2843 1451 2896; x_wconf 80' lang='grc' dir='ltr'><strong>Ἐπὶ</strong></span> <span class='ocrx_word' id='word_1_220' title='bbox 1498 2843 1553 2896; x_wconf 86' lang='grc' dir='ltr'><strong>δὲ</strong></span> <span class='ocrx_word' id='word_1_221' title='bbox 1592 2847 1690 2915; x_wconf 81' lang='grc' dir='ltr'><strong>τῆς</strong></span> <span class='ocrx_word' id='word_1_222' title='bbox 1718 2846 1888 2916; x_wconf 87' lang='grc' dir='ltr'>ὑπερ-</span> 
     </span>
    </p>
   </div>
   <div class='ocr_carea' id='block_1_29' title="bbox 320 2925 1888 3005">
    <p class='ocr_par' dir='ltr' id='par_1_29' title="bbox 320 2925 1888 3005">
     <span class='ocr_line' id='line_1_29' title="bbox 320 2925 1888 3005; baseline 0.011 -30"><span class='ocrx_word' id='word_1_223' title='bbox 320 2925 576 2994; x_wconf 81' lang='grc' dir='ltr'>κειμένης</span> <span class='ocrx_word' id='word_1_224' title='bbox 602 2925 812 2994; x_wconf 87' lang='grc' dir='ltr'>φύσεως</span> <span class='ocrx_word' id='word_1_225' title='bbox 840 2927 915 2996; x_wconf 85' lang='grc' dir='ltr'><strong>τῷ</strong></span> <span class='ocrx_word' id='word_1_226' title='bbox 947 2930 1217 3001; x_wconf 86' lang='grc' dir='ltr'>μεγαλείῳ</span> <span class='ocrx_word' id='word_1_227' title='bbox 1257 2931 1352 2984; x_wconf 88' lang='grc' dir='ltr'><strong>τοῦ</strong></span> <span class='ocrx_word' id='word_1_228' title='bbox 1381 2932 1755 3005; x_wconf 82' lang='grc' dir='ltr'>θεωρουμένου</span> <span class='ocrx_word' id='word_1_229' title='bbox 1780 2940 1888 2993; x_wconf 78' lang='grc' dir='ltr'><strong>πᾶν</strong></span> 
     </span>
    </p>
   </div>
   <div class='ocr_carea' id='block_1_30' title="bbox 316 3016 1887 3094">
    <p class='ocr_par' dir='ltr' id='par_1_30' title="bbox 316 3016 1887 3094">
     <span class='ocr_line' id='line_1_30' title="bbox 316 3016 1887 3094; baseline 0.01 -27"><span class='ocrx_word' id='word_1_230' title='bbox 316 3017 377 3067; x_wconf 88' lang='grc' dir='ltr'><strong>τὸ</strong></span> <span class='ocrx_word' id='word_1_231' title='bbox 412 3016 538 3086; x_wconf 79' lang='grc' dir='ltr'>περὶ</span> <span class='ocrx_word' id='word_1_232' title='bbox 569 3018 734 3086; x_wconf 83' lang='grc' dir='ltr'>αὑτὴν</span> <span class='ocrx_word' id='word_1_233' title='bbox 770 3017 1059 3088; x_wconf 90' lang='grc' dir='ltr'>λεγόμενον</span> <span class='ocrx_word' id='word_1_234' title='bbox 1108 3024 1512 3094; x_wconf 85' lang='grc' dir='ltr'>συνεπαίρεται.</span> <span class='ocrx_word' id='word_1_235' title='bbox 1549 3026 1755 3081; x_wconf 83' lang='grc' dir='ltr'>Οὐκοῦν</span> <span class='ocrx_word' id='word_1_236' title='bbox 1784 3029 1887 3081; x_wconf 86' lang='grc' dir='ltr'><strong>κᾶν</strong></span> 
     </span>
    </p>
   </div>
   <div class='ocr_carea' id='block_1_31' title="bbox 319 3108 1888 3188">
    <p class='ocr_par' dir='ltr' id='par_1_31' title="bbox 319 3108 1888 3188">
     <span class='ocr_line' id='line_1_31' title="bbox 319 3108 1888 3188; baseline 0.008 -30"><span class='ocrx_word' id='word_1_237' title='bbox 319 3108 490 3176; x_wconf 76' lang='grc' dir='ltr'>Λόγος</span> <span class='ocrx_word' id='word_1_238' title='bbox 521 3108 654 3161; x_wconf 83' lang='grc' dir='ltr'>Θεοῦ</span> <span class='ocrx_word' id='word_1_239' title='bbox 686 3109 930 3179; x_wconf 83' lang='grc' dir='ltr'>λέγηται,</span> <span class='ocrx_word' id='word_1_240' title='bbox 964 3112 1063 3164; x_wconf 89' lang='grc' dir='ltr'><strong>οὑκ</strong></span> <span class='ocrx_word' id='word_1_241' title='bbox 1096 3113 1152 3163; x_wconf 83' lang='grc' dir='ltr'>ἐν</span> <span class='ocrx_word' id='word_1_242' title='bbox 1180 3115 1245 3183; x_wconf 83' lang='grc' dir='ltr'>τῇ</span> <span class='ocrx_word' id='word_1_243' title='bbox 1276 3116 1419 3184; x_wconf 83' lang='grc' dir='ltr'>ὁρμῇ</span> <span class='ocrx_word' id='word_1_244' title='bbox 1454 3114 1548 3167; x_wconf 85' lang='grc' dir='ltr'><strong>τοῦ</strong></span> <span class='ocrx_word' id='word_1_245' title='bbox 1587 3116 1888 3188; x_wconf 86' lang='grc' dir='ltr'>φθεγγομέ-</span> 
     </span>
    </p>
   </div>
   <div class='ocr_carea' id='block_1_32' title="bbox 313 3201 1885 3277">
    <p class='ocr_par' dir='ltr' id='par_1_32' title="bbox 313 3201 1885 3277">
     <span class='ocr_line' id='line_1_32' title="bbox 313 3201 1885 3277; baseline 0.006 -25"><span class='ocrx_word' id='word_1_246' title='bbox 313 3218 406 3253; x_wconf 72' lang='grc' dir='ltr'><strong>νου</strong></span> <span class='ocrx_word' id='word_1_247' title='bbox 457 3201 551 3253; x_wconf 67' lang='grc' dir='ltr'><strong>κα)¹</strong></span> <span class='ocrx_word' id='word_1_248' title='bbox 597 3202 694 3271; x_wconf 83' lang='grc' dir='ltr'><strong>τὴν</strong></span> <span class='ocrx_word' id='word_1_249' title='bbox 742 3202 1038 3254; x_wconf 89' lang='grc' dir='ltr'>ὑπόστασιν</span> <span class='ocrx_word' id='word_1_250' title='bbox 1092 3202 1233 3272; x_wconf 85' lang='grc' dir='ltr'>ἔχειν</span> <span class='ocrx_word' id='word_1_251' title='bbox 1284 3206 1707 3277; x_wconf 84' lang='grc' dir='ltr'>νομισθήσεται,</span> <span class='ocrx_word' id='word_1_252' title='bbox 1766 3209 1885 3262; x_wconf 81' lang='grc' dir='ltr'>καθ’</span> 
     </span>
    </p>
   </div>
   <div class='ocr_carea' id='block_1_33' title="bbox 310 3291 1882 3369">
    <p class='ocr_par' dir='ltr' id='par_1_33' title="bbox 310 3291 1882 3369">
     <span class='ocr_line' id='line_1_33' title="bbox 310 3291 1882 3369; baseline 0.006 -25"><span class='ocrx_word' id='word_1_253' title='bbox 310 3294 605 3363; x_wconf 76' lang='grc' dir='ltr'>ὁμοιότητα</span> <span class='ocrx_word' id='word_1_254' title='bbox 635 3291 727 3346; x_wconf 89' lang='grc' dir='ltr'><strong>τοῦ</strong></span> <span class='ocrx_word' id='word_1_255' title='bbox 755 3293 1020 3364; x_wconf 79' lang='grc' dir='ltr'>ἡμετέρου</span> <span class='ocrx_word' id='word_1_256' title='bbox 1052 3295 1383 3365; x_wconf 72' lang='grc' dir='ltr'>μεταχωριῖΝ</span> <span class='ocrx_word' id='word_1_257' title='bbox 1411 3298 1488 3360; x_wconf 86' lang='grc' dir='ltr'><strong>είς</strong></span> <span class='ocrx_word' id='word_1_258' title='bbox 1519 3297 1882 3369; x_wconf 88' lang='grc' dir='ltr'>ἀνύπαρκτον.</span> 
     </span>
    </p>
   </div>
   <div class='ocr_carea' id='block_1_34' title="bbox 2652 674 2952 733">
    <p class='ocr_par' dir='ltr' id='par_1_34' title="bbox 2652 674 2952 733">
     <span class='ocr_line' id='line_1_34' title="bbox 2652 674 2952 733; baseline 0.007 -3"><span class='ocrx_word' id='word_1_259' title='bbox 2652 674 2881 731; x_wconf 80' lang='lat' dir='ltr'><strong>CAPUT</strong></span> <span class='ocrx_word' id='word_1_260' title='bbox 2913 676 2952 733; x_wconf 88' lang='grc' dir='ltr'><strong>Ι.</strong></span> 
     </span>
    </p>
   </div>
   <div class='ocr_carea' id='block_1_35' title="bbox 2087 803 3580 885">
    <p class='ocr_par' dir='ltr' id='par_1_35' title="bbox 2087 803 3580 885">
     <span class='ocr_line' id='line_1_35' title="bbox 2087 803 3580 885; baseline 0.008 -26"><span class='ocrx_word' id='word_1_261' title='bbox 2087 803 2194 861; x_wconf 82' lang='lat' dir='ltr'><strong>Sed</strong></span> <span class='ocrx_word' id='word_1_262' title='bbox 2219 808 2477 877; x_wconf 88' lang='lat' dir='ltr'><strong>quoniam</strong></span> <span class='ocrx_word' id='word_1_263' title='bbox 2536 810 2754 878; x_wconf 90' lang='lat' dir='ltr'><strong>pietatis</strong></span> <span class='ocrx_word' id='word_1_264' title='bbox 2789 815 2928 867; x_wconf 89' lang='lat' dir='ltr'><strong>ratio</strong></span> <span class='ocrx_word' id='word_1_265' title='bbox 2978 814 3081 870; x_wconf 84' lang='lat' dir='ltr'><strong>scit</strong></span> <span class='ocrx_word' id='word_1_266' title='bbox 3119 816 3280 869; x_wconf 85' lang='lat' dir='ltr'><strong>etiam</strong></span> <span class='ocrx_word' id='word_1_267' title='bbox 3340 816 3580 885; x_wconf 87' lang='lat' dir='ltr'><strong>aliquam</strong></span> 
     </span>
    </p>
   </div>
   <div class='ocr_carea' id='block_1_36' title="bbox 2016 895 3578 976">
    <p class='ocr_par' dir='ltr' id='par_1_36' title="bbox 2016 895 3578 976">
     <span class='ocr_line' id='line_1_36' title="bbox 2016 895 3578 976; baseline 0.008 -27"><span class='ocrx_word' id='word_1_268' title='bbox 2016 895 2407 967; x_wconf 86' lang='lat' dir='ltr'><strong>hypostaseon,</strong></span> <span class='ocrx_word' id='word_1_269' title='bbox 2438 915 2535 955; x_wconf 91' lang='lat' dir='ltr'><strong>seu</strong></span> <span class='ocrx_word' id='word_1_270' title='bbox 2578 903 3056 958; x_wconf 89' lang='lat' dir='ltr'><strong>subsistentiarum</strong></span> <span class='ocrx_word' id='word_1_271' title='bbox 3099 923 3161 960; x_wconf 85' lang='lat' dir='ltr'><strong>ac</strong></span> <span class='ocrx_word' id='word_1_272' title='bbox 3217 923 3578 976; x_wconf 84' lang='lat' dir='ltr'><strong>personarum</strong></span> 
     </span>
    </p>
   </div>
   <div class='ocr_carea' id='block_1_37' title="bbox 2013 987 3585 1061">
    <p class='ocr_par' dir='ltr' id='par_1_37' title="bbox 2013 987 3585 1061">
     <span class='ocr_line' id='line_1_37' title="bbox 2013 987 3585 1061; baseline 0.01 -22"><span class='ocrx_word' id='word_1_273' title='bbox 2013 1000 2237 1041; x_wconf 91' lang='lat' dir='ltr'><strong>cernere</strong></span> <span class='ocrx_word' id='word_1_274' title='bbox 2263 987 2621 1044; x_wconf 72' lang='lat' dir='ltr'><strong>differentiam</strong></span> <span class='ocrx_word' id='word_1_275' title='bbox 2656 991 2708 1044; x_wconf 82' lang='lat' dir='ltr'><strong>in</strong></span> <span class='ocrx_word' id='word_1_276' title='bbox 2742 994 2952 1049; x_wconf 85' lang='lat' dir='ltr'><strong>unitate</strong></span> <span class='ocrx_word' id='word_1_277' title='bbox 2986 1007 3213 1061; x_wconf 64' lang='lat' dir='ltr'><strong>naturae,</strong></span> <span class='ocrx_word' id='word_1_278' title='bbox 3233 1014 3300 1053; x_wconf 86' lang='lat' dir='ltr'><strong>ne</strong></span> <span class='ocrx_word' id='word_1_279' title='bbox 3325 998 3453 1052; x_wconf 91' lang='lat' dir='ltr'><strong>dum</strong></span> <span class='ocrx_word' id='word_1_280' title='bbox 3484 999 3585 1053; x_wconf 87' lang='lat' dir='ltr'><strong>ad-</strong></span> 
     </span>
    </p>
   </div>
   <div class='ocr_carea' id='block_1_38' title="bbox 2012 1076 3576 1153">
    <p class='ocr_par' dir='ltr' id='par_1_38' title="bbox 2012 1076 3576 1153">
     <span class='ocr_line' id='line_1_38' title="bbox 2012 1076 3576 1153; baseline 0.008 -24"><span class='ocrx_word' id='word_1_281' title='bbox 2012 1092 2203 1132; x_wconf 85' lang='lat' dir='ltr'><strong>versus</strong></span> <span class='ocrx_word' id='word_1_282' title='bbox 2231 1076 2449 1136; x_wconf 73' lang='lat' dir='ltr'><strong>Graecos</strong></span> <span class='ocrx_word' id='word_1_283' title='bbox 2481 1081 2878 1153; x_wconf 81' lang='lat' dir='ltr'><strong>depugnamns,</strong></span> <span class='ocrx_word' id='word_1_284' title='bbox 2918 1086 2983 1139; x_wconf 90' lang='lat' dir='ltr'><strong>ad</strong></span> <span class='ocrx_word' id='word_1_285' title='bbox 3015 1085 3356 1143; x_wconf 84' lang='lat' dir='ltr'><strong>Judaismum</strong></span> <span class='ocrx_word' id='word_1_286' title='bbox 3392 1098 3576 1145; x_wconf 89' lang='lat' dir='ltr'><strong>nostra</strong></span> 
     </span>
    </p>
   </div>
   <div class='ocr_carea' id='block_1_39' title="bbox 1994 1167 3575 1253">
    <p class='ocr_par' dir='ltr' id='par_1_39' title="bbox 1994 1167 3575 1253">
     <span class='ocr_line' id='line_1_39' title="bbox 1994 1167 3575 1253; baseline 0.01 -32"><span class='ocrx_word' id='word_1_287' title='bbox 1994 1167 2318 1224; x_wconf 77' lang='lat' dir='ltr'><strong>deducatur</strong></span> <span class='ocrx_word' id='word_1_288' title='bbox 2338 1174 2534 1235; x_wconf 85' lang='lat' dir='ltr'><strong>oratio,</strong></span> <span class='ocrx_word' id='word_1_289' title='bbox 2558 1190 2754 1230; x_wconf 88' lang='lat' dir='ltr'><strong>rursus</strong></span> <span class='ocrx_word' id='word_1_290' title='bbox 2784 1179 3038 1233; x_wconf 84' lang='lat' dir='ltr'><strong>convenit</strong></span> <span class='ocrx_word' id='word_1_291' title='bbox 3066 1180 3361 1238; x_wconf 88' lang='lat' dir='ltr'><strong>artiliciosa</strong></span> <span class='ocrx_word' id='word_1_292' title='bbox 3393 1185 3575 1253; x_wconf 87' lang='lat' dir='ltr'><strong>aliqua</strong></span> 
     </span>
    </p>
   </div>
   <div class='ocr_carea' id='block_1_40' title="bbox 2010 1257 3572 1343">
    <p class='ocr_par' dir='ltr' id='par_1_40' title="bbox 2010 1257 3572 1343">
     <span class='ocr_line' id='line_1_40' title="bbox 2010 1257 3572 1343; baseline 0.01 -32"><span class='ocrx_word' id='word_1_293' title='bbox 2010 1257 2361 1316; x_wconf 89' lang='lat' dir='ltr'><strong>distinctione</strong></span> <span class='ocrx_word' id='word_1_294' title='bbox 2387 1263 2507 1333; x_wconf 89' lang='lat' dir='ltr'><strong>ejus</strong></span> <span class='ocrx_word' id='word_1_295' title='bbox 2530 1266 2607 1319; x_wconf 90' lang='lat' dir='ltr'><strong>rei</strong></span> <span class='ocrx_word' id='word_1_296' title='bbox 2631 1282 2872 1322; x_wconf 89' lang='lat' dir='ltr'><strong>errorem</strong></span> <span class='ocrx_word' id='word_1_297' title='bbox 2895 1270 3188 1341; x_wconf 82' lang='lat' dir='ltr'><strong>corrigere.</strong></span> <span class='ocrx_word' id='word_1_298' title='bbox 3210 1271 3397 1343; x_wconf 84' lang='lat' dir='ltr'><strong>Neque</strong></span> <span class='ocrx_word' id='word_1_299' title='bbox 3428 1276 3572 1329; x_wconf 88' lang='lat' dir='ltr'><strong>enim</strong></span> 
     </span>
    </p>
   </div>
   <div class='ocr_carea' id='block_1_41' title="bbox 2010 1350 3572 1427">
    <p class='ocr_par' dir='ltr' id='par_1_41' title="bbox 2010 1350 3572 1427">
     <span class='ocr_line' id='line_1_41' title="bbox 2010 1350 3572 1427; baseline 0.012 -26"><span class='ocrx_word' id='word_1_300' title='bbox 2010 1350 2045 1401; x_wconf 91' lang='lat' dir='ltr'><strong>ii</strong></span> <span class='ocrx_word' id='word_1_301' title='bbox 2072 1353 2165 1419; x_wconf 90' lang='lat' dir='ltr'><strong>qui</strong></span> <span class='ocrx_word' id='word_1_302' title='bbox 2195 1367 2224 1406; x_wconf 89' lang='lat' dir='ltr'><strong>a</strong></span> <span class='ocrx_word' id='word_1_303' title='bbox 2253 1361 2444 1409; x_wconf 87' lang='lat' dir='ltr'><strong>nostro</strong></span> <span class='ocrx_word' id='word_1_304' title='bbox 2473 1356 2724 1427; x_wconf 76' lang='lat' dir='ltr'><strong>dogmate</strong></span> <span class='ocrx_word' id='word_1_305' title='bbox 2755 1367 2883 1413; x_wconf 89' lang='lat' dir='ltr'><strong>sunt</strong></span> <span class='ocrx_word' id='word_1_306' title='bbox 2918 1362 3123 1425; x_wconf 43' lang='lat' dir='ltr'><strong>alieni,</strong></span> <span class='ocrx_word' id='word_1_307' title='bbox 3157 1362 3325 1417; x_wconf 87' lang='lat' dir='ltr'><strong>Deum</strong></span> <span class='ocrx_word' id='word_1_308' title='bbox 3380 1366 3572 1419; x_wconf 81' lang='lat' dir='ltr'><strong>existi-</strong></span> 
     </span>
    </p>
   </div>
   <div class='ocr_carea' id='block_1_42' title="bbox 2009 1449 3571 1523">
    <p class='ocr_par' dir='ltr' id='par_1_42' title="bbox 2009 1449 3571 1523">
     <span class='ocr_line' id='line_1_42' title="bbox 2009 1449 3571 1523; baseline 0.01 -28"><span class='ocrx_word' id='word_1_309' title='bbox 2009 1450 2228 1496; x_wconf 90' lang='lat' dir='ltr'><strong>marunt</strong></span> <span class='ocrx_word' id='word_1_310' title='bbox 2259 1461 2450 1501; x_wconf 87' lang='lat' dir='ltr'><strong>carere</strong></span> <span class='ocrx_word' id='word_1_311' title='bbox 2483 1449 2731 1505; x_wconf 89' lang='lat' dir='ltr'><strong>ratione:</strong></span> <span class='ocrx_word' id='word_1_312' title='bbox 2764 1451 2867 1506; x_wconf 92' lang='lat' dir='ltr'><strong>hoc</strong></span> <span class='ocrx_word' id='word_1_313' title='bbox 2895 1462 3072 1507; x_wconf 91' lang='lat' dir='ltr'><strong>autem</strong></span> <span class='ocrx_word' id='word_1_314' title='bbox 3108 1456 3251 1523; x_wconf 87' lang='lat' dir='ltr'><strong>quod</strong></span> <span class='ocrx_word' id='word_1_315' title='bbox 3286 1456 3361 1510; x_wconf 87' lang='lat' dir='ltr'><strong>illi</strong></span> <span class='ocrx_word' id='word_1_316' title='bbox 3397 1456 3571 1511; x_wconf 81' lang='lat' dir='ltr'><strong>faten-</strong></span> 
     </span>
    </p>
   </div>
   <div class='ocr_carea' id='block_1_43' title="bbox 2008 1536 3570 1620">
    <p class='ocr_par' dir='ltr' id='par_1_43' title="bbox 2008 1536 3570 1620">
     <span class='ocr_line' id='line_1_43' title="bbox 2008 1536 3570 1620; baseline 0.011 -36"><span class='ocrx_word' id='word_1_317' title='bbox 2008 1538 2099 1586; x_wconf 90' lang='lat' dir='ltr'><strong>tur</strong></span> <span class='ocrx_word' id='word_1_318' title='bbox 2142 1536 2366 1590; x_wconf 88' lang='lat' dir='ltr'><strong>verbum</strong></span> <span class='ocrx_word' id='word_1_319' title='bbox 2409 1550 2657 1595; x_wconf 89' lang='lat' dir='ltr'><strong>nostrum</strong></span> <span class='ocrx_word' id='word_1_320' title='bbox 2704 1542 2839 1599; x_wconf 79' lang='lat' dir='ltr'><strong>satis</strong></span> <span class='ocrx_word' id='word_1_321' title='bbox 2887 1546 3180 1620; x_wconf 81' lang='lat' dir='ltr'><strong>explicabit</strong></span> <span class='ocrx_word' id='word_1_322' title='bbox 3209 1555 3263 1602; x_wconf 91' lang='lat' dir='ltr'><strong>et</strong></span> <span class='ocrx_word' id='word_1_323' title='bbox 3298 1549 3570 1604; x_wconf 80' lang='lat' dir='ltr'><strong>ostendet.</strong></span> 
     </span>
    </p>
   </div>
   <div class='ocr_carea' id='block_1_44' title="bbox 2006 1623 3571 1701">
    <p class='ocr_par' dir='ltr' id='par_1_44' title="bbox 2006 1623 3571 1701">
     <span class='ocr_line' id='line_1_44' title="bbox 2006 1623 3571 1701; baseline 0.008 -23"><span class='ocrx_word' id='word_1_324' title='bbox 2006 1623 2139 1680; x_wconf 88' lang='lat' dir='ltr'><strong>Nam</strong></span> <span class='ocrx_word' id='word_1_325' title='bbox 2166 1629 2256 1697; x_wconf 93' lang='lat' dir='ltr'><strong>qui</strong></span> <span class='ocrx_word' id='word_1_326' title='bbox 2289 1627 2489 1684; x_wconf 79' lang='lat' dir='ltr'><strong>fatetur</strong></span> <span class='ocrx_word' id='word_1_327' title='bbox 2515 1630 2683 1687; x_wconf 88' lang='lat' dir='ltr'><strong>Deum</strong></span> <span class='ocrx_word' id='word_1_328' title='bbox 2730 1648 2837 1688; x_wconf 87' lang='lat' dir='ltr'><strong>non</strong></span> <span class='ocrx_word' id='word_1_329' title='bbox 2877 1650 3065 1691; x_wconf 83' lang='lat' dir='ltr'><strong>carere</strong></span> <span class='ocrx_word' id='word_1_330' title='bbox 3122 1638 3353 1701; x_wconf 83' lang='lat' dir='ltr'><strong>ratione,</strong></span> <span class='ocrx_word' id='word_1_331' title='bbox 3389 1641 3571 1692; x_wconf 83' lang='lat' dir='ltr'><strong>omni-</strong></span> 
     </span>
    </p>
   </div>
   <div class='ocr_carea' id='block_1_45' title="bbox 2007 1723 3572 1795">
    <p class='ocr_par' dir='ltr' id='par_1_45' title="bbox 2007 1723 3572 1795">
     <span class='ocr_line' id='line_1_45' title="bbox 2007 1723 3572 1795; baseline 0.008 -25"><span class='ocrx_word' id='word_1_332' title='bbox 2007 1734 2078 1771; x_wconf 92' lang='lat' dir='ltr'><strong>no</strong></span> <span class='ocrx_word' id='word_1_333' title='bbox 2109 1723 2468 1786; x_wconf 87' lang='lat' dir='ltr'><strong>assentietur,</strong></span> <span class='ocrx_word' id='word_1_334' title='bbox 2501 1738 2625 1777; x_wconf 89' lang='lat' dir='ltr'><strong>eum</strong></span> <span class='ocrx_word' id='word_1_335' title='bbox 2663 1728 2754 1795; x_wconf 89' lang='lat' dir='ltr'><strong>qui</strong></span> <span class='ocrx_word' id='word_1_336' title='bbox 2789 1741 2895 1780; x_wconf 79' lang='lat' dir='ltr'><strong>non</strong></span> <span class='ocrx_word' id='word_1_337' title='bbox 2929 1737 3079 1782; x_wconf 86' lang='lat' dir='ltr'><strong>caret</strong></span> <span class='ocrx_word' id='word_1_338' title='bbox 3105 1729 3338 1792; x_wconf 90' lang='lat' dir='ltr'><strong>ratione,</strong></span> <span class='ocrx_word' id='word_1_339' title='bbox 3372 1731 3572 1785; x_wconf 82' lang='lat' dir='ltr'><strong>habere</strong></span> 
     </span>
    </p>
   </div>
   <div class='ocr_carea' id='block_1_46' title="bbox 2006 1812 3569 1892">
    <p class='ocr_par' dir='ltr' id='par_1_46' title="bbox 2006 1812 3569 1892">
     <span class='ocr_line' id='line_1_46' title="bbox 2006 1812 3569 1892; baseline 0.01 -30"><span class='ocrx_word' id='word_1_340' title='bbox 2006 1812 2295 1865; x_wconf 88' lang='lat' dir='ltr'><strong>rationem.</strong></span> <span class='ocrx_word' id='word_1_341' title='bbox 2331 1813 2494 1882; x_wconf 80' lang='lat' dir='ltr'><strong>Atqui</strong></span> <span class='ocrx_word' id='word_1_342' title='bbox 2540 1815 2774 1873; x_wconf 86' lang='lat' dir='ltr'><strong>humana</strong></span> <span class='ocrx_word' id='word_1_343' title='bbox 2814 1834 3029 1889; x_wconf 85' lang='lat' dir='ltr'><strong>quoque</strong></span> <span class='ocrx_word' id='word_1_344' title='bbox 3077 1823 3239 1885; x_wconf 88' lang='lat' dir='ltr'><strong>ratio,</strong></span> <span class='ocrx_word' id='word_1_345' title='bbox 3293 1823 3569 1892; x_wconf 59' lang='lat' dir='ltr'><strong>atquivorc</strong></span> 
     </span>
    </p>
   </div>
   <div class='ocr_carea' id='block_1_47' title="bbox 2007 1899 3566 1973">
    <p class='ocr_par' dir='ltr' id='par_1_47' title="bbox 2007 1899 3566 1973">
     <span class='ocr_line' id='line_1_47' title="bbox 2007 1899 3566 1973; baseline 0.012 -19"><span class='ocrx_word' id='word_1_346' title='bbox 2007 1899 2233 1958; x_wconf 90' lang='lat' dir='ltr'><strong>dicitur.</strong></span> <span class='ocrx_word' id='word_1_347' title='bbox 2268 1902 2323 1958; x_wconf 85' lang='lat' dir='ltr'><strong>Si</strong></span> <span class='ocrx_word' id='word_1_348' title='bbox 2356 1920 2487 1973; x_wconf 75' lang='lat' dir='ltr'><strong>ergo</strong></span> <span class='ocrx_word' id='word_1_349' title='bbox 2515 1906 2662 1961; x_wconf 87' lang='lat' dir='ltr'><strong>dicat</strong></span> <span class='ocrx_word' id='word_1_350' title='bbox 2697 1924 2757 1964; x_wconf 88' lang='lat' dir='ltr'><strong>se</strong></span> <span class='ocrx_word' id='word_1_351' title='bbox 2803 1910 3069 1967; x_wconf 89' lang='lat' dir='ltr'><strong>rationem</strong></span> <span class='ocrx_word' id='word_1_352' title='bbox 3109 1921 3163 1968; x_wconf 91' lang='lat' dir='ltr'><strong>et</strong></span> <span class='ocrx_word' id='word_1_353' title='bbox 3191 1913 3431 1970; x_wconf 88' lang='lat' dir='ltr'><strong>Verbum</strong></span> <span class='ocrx_word' id='word_1_354' title='bbox 3478 1918 3566 1972; x_wconf 93' lang='lat' dir='ltr'><strong>in-</strong></span> 
     </span>
    </p>
   </div>
   <div class='ocr_carea' id='block_1_48' title="bbox 2006 1994 3565 2073">
    <p class='ocr_par' dir='ltr' id='par_1_48' title="bbox 2006 1994 3565 2073">
     <span class='ocr_line' id='line_1_48' title="bbox 2006 1994 3565 2073; baseline 0.009 -27"><span class='ocrx_word' id='word_1_355' title='bbox 2006 1994 2268 2065; x_wconf 81' lang='lat' dir='ltr'><strong>telligere,</strong></span> <span class='ocrx_word' id='word_1_356' title='bbox 2304 1997 2371 2049; x_wconf 92' lang='lat' dir='ltr'><strong>ad</strong></span> <span class='ocrx_word' id='word_1_357' title='bbox 2410 1998 2821 2055; x_wconf 87' lang='lat' dir='ltr'><strong>similitudinem</strong></span> <span class='ocrx_word' id='word_1_358' title='bbox 2859 2016 3048 2057; x_wconf 90' lang='lat' dir='ltr'><strong>eorum</strong></span> <span class='ocrx_word' id='word_1_359' title='bbox 3079 2018 3200 2073; x_wconf 70' lang='lat' dir='ltr'><strong>qua:</strong></span> <span class='ocrx_word' id='word_1_360' title='bbox 3228 2006 3430 2059; x_wconf 92' lang='lat' dir='ltr'><strong>suntin</strong></span> <span class='ocrx_word' id='word_1_361' title='bbox 3469 2022 3565 2059; x_wconf 92' lang='lat' dir='ltr'><strong>no-</strong></span> 
     </span>
    </p>
   </div>
   <div class='ocr_carea' id='block_1_49' title="bbox 2004 2085 3561 2165">
    <p class='ocr_par' dir='ltr' id='par_1_49' title="bbox 2004 2085 3561 2165">
     <span class='ocr_line' id='line_1_49' title="bbox 2004 2085 3561 2165; baseline 0.006 -26"><span class='ocrx_word' id='word_1_362' title='bbox 2004 2085 2109 2146; x_wconf 90' lang='lat' dir='ltr'><strong>bis.</strong></span> <span class='ocrx_word' id='word_1_363' title='bbox 2170 2086 2251 2140; x_wconf 92' lang='lat' dir='ltr'><strong>sic</strong></span> <span class='ocrx_word' id='word_1_364' title='bbox 2317 2088 2385 2142; x_wconf 89' lang='lat' dir='ltr'><strong>ad</strong></span> <span class='ocrx_word' id='word_1_365' title='bbox 2442 2088 2813 2145; x_wconf 90' lang='lat' dir='ltr'><strong>sublimiorem</strong></span> <span class='ocrx_word' id='word_1_366' title='bbox 2867 2091 3166 2148; x_wconf 88' lang='lat' dir='ltr'><strong>deducetur</strong></span> <span class='ocrx_word' id='word_1_367' title='bbox 3229 2096 3561 2165; x_wconf 83' lang='lat' dir='ltr'><strong>Opinionem.</strong></span> 
     </span>
    </p>
   </div>
   <div class='ocr_carea' id='block_1_50' title="bbox 2003 2174 3563 2243">
    <p class='ocr_par' dir='ltr' id='par_1_50' title="bbox 2003 2174 3563 2243">
     <span class='ocr_line' id='line_1_50' title="bbox 2003 2174 3563 2243; baseline 0.006 -12"><span class='ocrx_word' id='word_1_368' title='bbox 2003 2174 2238 2232; x_wconf 89' lang='lat' dir='ltr'><strong>Omnino</strong></span> <span class='ocrx_word' id='word_1_369' title='bbox 2276 2179 2417 2233; x_wconf 88' lang='lat' dir='ltr'><strong>enim</strong></span> <span class='ocrx_word' id='word_1_370' title='bbox 2450 2195 2672 2237; x_wconf 89' lang='lat' dir='ltr'><strong>necesse</strong></span> <span class='ocrx_word' id='word_1_371' title='bbox 2699 2191 2783 2237; x_wconf 85' lang='lat' dir='ltr'><strong>est</strong></span> <span class='ocrx_word' id='word_1_372' title='bbox 2833 2192 2893 2237; x_wconf 89' lang='lat' dir='ltr'><strong>ut</strong></span> <span class='ocrx_word' id='word_1_373' title='bbox 2924 2185 3109 2239; x_wconf 90' lang='lat' dir='ltr'><strong>credat</strong></span> <span class='ocrx_word' id='word_1_374' title='bbox 3137 2187 3403 2241; x_wconf 90' lang='lat' dir='ltr'><strong>rationem</strong></span> <span class='ocrx_word' id='word_1_375' title='bbox 3440 2203 3563 2243; x_wconf 80' lang='lat' dir='ltr'><strong>esse</strong></span> 
     </span>
    </p>
   </div>
   <div class='ocr_carea' id='block_1_51' title="bbox 2005 2275 3562 2341">
    <p class='ocr_par' dir='ltr' id='par_1_51' title="bbox 2005 2275 3562 2341">
     <span class='ocr_line' id='line_1_51' title="bbox 2005 2275 3562 2341; baseline 0.004 -16"><span class='ocrx_word' id='word_1_376' title='bbox 2005 2276 2221 2325; x_wconf 70' lang='lat' dir='ltr'><strong>natura:</strong></span> <span class='ocrx_word' id='word_1_377' title='bbox 2254 2281 2664 2341; x_wconf 82' lang='lat' dir='ltr'><strong>congruentem,</strong></span> <span class='ocrx_word' id='word_1_378' title='bbox 2698 2280 2758 2327; x_wconf 92' lang='lat' dir='ltr'><strong>ut</strong></span> <span class='ocrx_word' id='word_1_379' title='bbox 2785 2283 2838 2329; x_wconf 88' lang='lat' dir='ltr'><strong>et</strong></span> <span class='ocrx_word' id='word_1_380' title='bbox 2863 2275 2967 2329; x_wconf 87' lang='lat' dir='ltr'><strong>alia</strong></span> <span class='ocrx_word' id='word_1_381' title='bbox 2996 2278 3196 2337; x_wconf 88' lang='lat' dir='ltr'><strong>omnia.</strong></span> <span class='ocrx_word' id='word_1_382' title='bbox 3231 2277 3363 2333; x_wconf 81' lang='lat' dir='ltr'><strong>Nam</strong></span> <span class='ocrx_word' id='word_1_383' title='bbox 3390 2289 3442 2333; x_wconf 91' lang='lat' dir='ltr'><strong>et</strong></span> <span class='ocrx_word' id='word_1_384' title='bbox 3481 2281 3562 2331; x_wconf 80' lang='lat' dir='ltr'><strong>vis</strong></span> 
     </span>
    </p>
   </div>
   <div class='ocr_carea' id='block_1_52' title="bbox 2001 2359 3559 2434">
    <p class='ocr_par' dir='ltr' id='par_1_52' title="bbox 2001 2359 3559 2434">
     <span class='ocr_line' id='line_1_52' title="bbox 2001 2359 3559 2434; baseline 0.006 -21"><span class='ocrx_word' id='word_1_385' title='bbox 2001 2359 2250 2430; x_wconf 63' lang='lat' dir='ltr'><strong>quaedam</strong></span> <span class='ocrx_word' id='word_1_386' title='bbox 2283 2370 2338 2416; x_wconf 87' lang='lat' dir='ltr'><strong>et</strong></span> <span class='ocrx_word' id='word_1_387' title='bbox 2367 2361 2501 2428; x_wconf 78' lang='lat' dir='ltr'><strong>vita,</strong></span> <span class='ocrx_word' id='word_1_388' title='bbox 2530 2370 2585 2417; x_wconf 90' lang='lat' dir='ltr'><strong>et</strong></span> <span class='ocrx_word' id='word_1_389' title='bbox 2638 2366 2901 2434; x_wconf 88' lang='lat' dir='ltr'><strong>sapientia</strong></span> <span class='ocrx_word' id='word_1_390' title='bbox 2941 2367 3185 2422; x_wconf 89' lang='lat' dir='ltr'><strong>cernitur</strong></span> <span class='ocrx_word' id='word_1_391' title='bbox 3238 2369 3293 2422; x_wconf 94' lang='lat' dir='ltr'><strong>in</strong></span> <span class='ocrx_word' id='word_1_392' title='bbox 3320 2368 3559 2423; x_wconf 85' lang='lat' dir='ltr'><strong>homini-</strong></span> 
     </span>
    </p>
   </div>
   <div class='ocr_carea' id='block_1_53' title="bbox 2000 2450 3557 2525">
    <p class='ocr_par' dir='ltr' id='par_1_53' title="bbox 2000 2450 3557 2525">
     <span class='ocr_line' id='line_1_53' title="bbox 2000 2450 3557 2525; baseline 0.006 -21"><span class='ocrx_word' id='word_1_393' title='bbox 2000 2450 2126 2513; x_wconf 90' lang='lat' dir='ltr'><strong>bus,</strong></span> <span class='ocrx_word' id='word_1_394' title='bbox 2155 2450 2249 2506; x_wconf 90' lang='lat' dir='ltr'><strong>sed</strong></span> <span class='ocrx_word' id='word_1_395' title='bbox 2284 2467 2351 2506; x_wconf 86' lang='lat' dir='ltr'><strong>ex</strong></span> <span class='ocrx_word' id='word_1_396' title='bbox 2388 2452 2735 2525; x_wconf 88' lang='lat' dir='ltr'><strong>homonymia</strong></span> <span class='ocrx_word' id='word_1_397' title='bbox 2765 2471 2925 2511; x_wconf 89' lang='lat' dir='ltr'><strong>nemo</strong></span> <span class='ocrx_word' id='word_1_398' title='bbox 2963 2459 3357 2514; x_wconf 79' lang='lat' dir='ltr'><strong>existimaverit</strong></span> <span class='ocrx_word' id='word_1_399' title='bbox 3395 2460 3557 2514; x_wconf 85' lang='lat' dir='ltr'><strong>talein</strong></span> 
     </span>
    </p>
   </div>
   <div class='ocr_carea' id='block_1_54' title="bbox 2000 2540 3558 2620">
    <p class='ocr_par' dir='ltr' id='par_1_54' title="bbox 2000 2540 3558 2620">
     <span class='ocr_line' id='line_1_54' title="bbox 2000 2540 3558 2620; baseline 0.008 -27"><span class='ocrx_word' id='word_1_400' title='bbox 2000 2540 2057 2595; x_wconf 91' lang='lat' dir='ltr'><strong>in</strong></span> <span class='ocrx_word' id='word_1_401' title='bbox 2089 2542 2196 2596; x_wconf 89' lang='lat' dir='ltr'><strong>Deo</strong></span> <span class='ocrx_word' id='word_1_402' title='bbox 2221 2557 2343 2598; x_wconf 85' lang='lat' dir='ltr'><strong>esse</strong></span> <span class='ocrx_word' id='word_1_403' title='bbox 2376 2542 2564 2605; x_wconf 91' lang='lat' dir='ltr'><strong>vitam,</strong></span> <span class='ocrx_word' id='word_1_404' title='bbox 2600 2552 2694 2598; x_wconf 92' lang='lat' dir='ltr'><strong>aut</strong></span> <span class='ocrx_word' id='word_1_405' title='bbox 2724 2546 2853 2608; x_wconf 90' lang='lat' dir='ltr'><strong>vim,</strong></span> <span class='ocrx_word' id='word_1_406' title='bbox 2917 2556 3011 2602; x_wconf 91' lang='lat' dir='ltr'><strong>ant</strong></span> <span class='ocrx_word' id='word_1_407' title='bbox 3068 2549 3412 2620; x_wconf 84' lang='lat' dir='ltr'><strong>sapientiam,</strong></span> <span class='ocrx_word' id='word_1_408' title='bbox 3463 2552 3558 2606; x_wconf 86' lang='lat' dir='ltr'><strong>sed</strong></span> 
     </span>
    </p>
   </div>
   <div class='ocr_carea' id='block_1_55' title="bbox 1998 2633 3561 2711">
    <p class='ocr_par' dir='ltr' id='par_1_55' title="bbox 1998 2633 3561 2711">
     <span class='ocr_line' id='line_1_55' title="bbox 1998 2633 3561 2711; baseline 0.008 -26"><span class='ocrx_word' id='word_1_409' title='bbox 1998 2646 2097 2701; x_wconf 89' lang='lat' dir='ltr'><strong>pro</strong></span> <span class='ocrx_word' id='word_1_410' title='bbox 2122 2633 2285 2688; x_wconf 88' lang='lat' dir='ltr'><strong>modo</strong></span> <span class='ocrx_word' id='word_1_411' title='bbox 2349 2643 2550 2689; x_wconf 64' lang='lat' dir='ltr'><strong>nostra:</strong></span> <span class='ocrx_word' id='word_1_412' title='bbox 2604 2644 2812 2690; x_wconf 69' lang='lat' dir='ltr'><strong>naturae</strong></span> <span class='ocrx_word' id='word_1_413' title='bbox 2848 2654 2955 2692; x_wconf 87' lang='lat' dir='ltr'><strong>una</strong></span> <span class='ocrx_word' id='word_1_414' title='bbox 3011 2641 3174 2694; x_wconf 89' lang='lat' dir='ltr'><strong>etiam</strong></span> <span class='ocrx_word' id='word_1_415' title='bbox 3234 2641 3561 2711; x_wconf 90' lang='lat' dir='ltr'><strong>deprimitur</strong></span> 
     </span>
    </p>
   </div>
   <div class='ocr_carea' id='block_1_56' title="bbox 1997 2724 3559 2798">
    <p class='ocr_par' dir='ltr' id='par_1_56' title="bbox 1997 2724 3559 2798">
     <span class='ocr_line' id='line_1_56' title="bbox 1997 2724 3559 2798; baseline 0.008 -23"><span class='ocrx_word' id='word_1_416' title='bbox 1997 2724 2275 2792; x_wconf 90' lang='lat' dir='ltr'><strong>emphasis</strong></span> <span class='ocrx_word' id='word_1_417' title='bbox 2308 2726 2618 2795; x_wconf 89' lang='lat' dir='ltr'><strong>hujusmodi</strong></span> <span class='ocrx_word' id='word_1_418' title='bbox 2650 2730 2953 2785; x_wconf 90' lang='lat' dir='ltr'><strong>nominum.</strong></span> <span class='ocrx_word' id='word_1_419' title='bbox 2982 2732 3251 2798; x_wconf 88' lang='lat' dir='ltr'><strong>Quoniam</strong></span> <span class='ocrx_word' id='word_1_420' title='bbox 3295 2734 3441 2789; x_wconf 90' lang='lat' dir='ltr'><strong>enim</strong></span> <span class='ocrx_word' id='word_1_421' title='bbox 3472 2736 3559 2788; x_wconf 89' lang='lat' dir='ltr'><strong>in-</strong></span> 
     </span>
    </p>
   </div>
   <div class='ocr_carea' id='block_1_57' title="bbox 1996 2816 3556 2892">
    <p class='ocr_par' dir='ltr' id='par_1_57' title="bbox 1996 2816 3556 2892">
     <span class='ocr_line' id='line_1_57' title="bbox 1996 2816 3556 2892; baseline 0.008 -25"><span class='ocrx_word' id='word_1_422' title='bbox 1996 2816 2181 2869; x_wconf 89' lang='lat' dir='ltr'><strong>teritui</strong></span> <span class='ocrx_word' id='word_1_423' title='bbox 2236 2819 2471 2872; x_wconf 78' lang='lat' dir='ltr'><strong>obnoxia</strong></span> <span class='ocrx_word' id='word_1_424' title='bbox 2509 2828 2563 2874; x_wconf 91' lang='lat' dir='ltr'><strong>et</strong></span> <span class='ocrx_word' id='word_1_425' title='bbox 2604 2821 2874 2876; x_wconf 90' lang='lat' dir='ltr'><strong>imbecilla</strong></span> <span class='ocrx_word' id='word_1_426' title='bbox 2926 2834 3015 2878; x_wconf 89' lang='lat' dir='ltr'><strong>est</strong></span> <span class='ocrx_word' id='word_1_427' title='bbox 3077 2833 3265 2881; x_wconf 90' lang='lat' dir='ltr'><strong>nostra</strong></span> <span class='ocrx_word' id='word_1_428' title='bbox 3324 2834 3556 2892; x_wconf 83' lang='lat' dir='ltr'><strong>natura,</strong></span> 
     </span>
    </p>
   </div>
   <div class='ocr_carea' id='block_1_58' title="bbox 1997 2912 3560 2992">
    <p class='ocr_par' dir='ltr' id='par_1_58' title="bbox 1997 2912 3560 2992">
     <span class='ocr_line' id='line_1_58' title="bbox 1997 2912 3560 2992; baseline 0.013 -35"><span class='ocrx_word' id='word_1_429' title='bbox 1997 2917 2283 2976; x_wconf 88' lang='lat' dir='ltr'><strong>propterea</strong></span> <span class='ocrx_word' id='word_1_430' title='bbox 2317 2912 2498 2966; x_wconf 73' lang='lat' dir='ltr'><strong>brevis</strong></span> <span class='ocrx_word' id='word_1_431' title='bbox 2545 2924 2632 2967; x_wconf 88' lang='lat' dir='ltr'><strong>est</strong></span> <span class='ocrx_word' id='word_1_432' title='bbox 2661 2914 2793 2977; x_wconf 87' lang='lat' dir='ltr'><strong>vita,</strong></span> <span class='ocrx_word' id='word_1_433' title='bbox 2832 2916 3022 2985; x_wconf 81' lang='lat' dir='ltr'><strong>visque</strong></span> <span class='ocrx_word' id='word_1_434' title='bbox 3076 2934 3196 2987; x_wconf 66' lang='lat' dir='ltr'><strong>quae</strong></span> <span class='ocrx_word' id='word_1_435' title='bbox 3235 2935 3342 2976; x_wconf 89' lang='lat' dir='ltr'><strong>non</strong></span> <span class='ocrx_word' id='word_1_436' title='bbox 3379 2929 3560 2992; x_wconf 85' lang='lat' dir='ltr'><strong>potest</strong></span> 
     </span>
    </p>
   </div>
   <div class='ocr_carea' id='block_1_59' title="bbox 1995 3004 3556 3084">
    <p class='ocr_par' dir='ltr' id='par_1_59' title="bbox 1995 3004 3556 3084">
     <span class='ocr_line' id='line_1_59' title="bbox 1995 3004 3556 3084; baseline 0.008 -27"><span class='ocrx_word' id='word_1_437' title='bbox 1995 3004 2314 3067; x_wconf 85' lang='lat' dir='ltr'><strong>consistere,</strong></span> <span class='ocrx_word' id='word_1_438' title='bbox 2347 3014 2403 3059; x_wconf 89' lang='lat' dir='ltr'><strong>et</strong></span> <span class='ocrx_word' id='word_1_439' title='bbox 2442 3022 2624 3061; x_wconf 87' lang='lat' dir='ltr'><strong>sermo</strong></span> <span class='ocrx_word' id='word_1_440' title='bbox 2654 3023 2760 3063; x_wconf 89' lang='lat' dir='ltr'><strong>non</strong></span> <span class='ocrx_word' id='word_1_441' title='bbox 2792 3011 3022 3066; x_wconf 88' lang='lat' dir='ltr'><strong>stabilis.</strong></span> <span class='ocrx_word' id='word_1_442' title='bbox 3070 3011 3128 3066; x_wconf 85' lang='lat' dir='ltr'><strong>In</strong></span> <span class='ocrx_word' id='word_1_443' title='bbox 3158 3029 3410 3084; x_wconf 91' lang='lat' dir='ltr'><strong>suprema</strong></span> <span class='ocrx_word' id='word_1_444' title='bbox 3455 3032 3556 3070; x_wconf 86' lang='lat' dir='ltr'><strong>au-</strong></span> 
     </span>
    </p>
   </div>
   <div class='ocr_carea' id='block_1_60' title="bbox 1996 3103 3553 3175">
    <p class='ocr_par' dir='ltr' id='par_1_60' title="bbox 1996 3103 3553 3175">
     <span class='ocr_line' id='line_1_60' title="bbox 1996 3103 3553 3175; baseline 0.008 -23"><span class='ocrx_word' id='word_1_445' title='bbox 1996 3108 2099 3154; x_wconf 90' lang='lat' dir='ltr'><strong>tem</strong></span> <span class='ocrx_word' id='word_1_446' title='bbox 2132 3109 2350 3161; x_wconf 88' lang='lat' dir='ltr'><strong>natura,</strong></span> <span class='ocrx_word' id='word_1_447' title='bbox 2387 3115 2510 3153; x_wconf 89' lang='lat' dir='ltr'><strong>cum</strong></span> <span class='ocrx_word' id='word_1_448' title='bbox 2543 3103 2916 3170; x_wconf 83' lang='lat' dir='ltr'><strong>magnitudine</strong></span> <span class='ocrx_word' id='word_1_449' title='bbox 2945 3103 3065 3170; x_wconf 84' lang='lat' dir='ltr'><strong>ejus</strong></span> <span class='ocrx_word' id='word_1_450' title='bbox 3108 3107 3252 3175; x_wconf 91' lang='lat' dir='ltr'><strong>quod</strong></span> <span class='ocrx_word' id='word_1_451' title='bbox 3297 3111 3553 3165; x_wconf 90' lang='lat' dir='ltr'><strong>conside-</strong></span> 
     </span>
    </p>
   </div>
   <div class='ocr_carea' id='block_1_61' title="bbox 1993 3190 3558 3260">
    <p class='ocr_par' dir='ltr' id='par_1_61' title="bbox 1993 3190 3558 3260">
     <span class='ocr_line' id='line_1_61' title="bbox 1993 3190 3558 3260; baseline 0.008 -16"><span class='ocrx_word' id='word_1_452' title='bbox 1993 3197 2165 3253; x_wconf 90' lang='lat' dir='ltr'><strong>ratur,</strong></span> <span class='ocrx_word' id='word_1_453' title='bbox 2210 3190 2471 3259; x_wconf 86' lang='lat' dir='ltr'><strong>quidquid</strong></span> <span class='ocrx_word' id='word_1_454' title='bbox 2499 3192 2567 3247; x_wconf 91' lang='lat' dir='ltr'><strong>de</strong></span> <span class='ocrx_word' id='word_1_455' title='bbox 2593 3206 2655 3246; x_wconf 87' lang='lat' dir='ltr'><strong>ea</strong></span> <span class='ocrx_word' id='word_1_456' title='bbox 2682 3193 2902 3260; x_wconf 89' lang='lat' dir='ltr'><strong>dicitur,</strong></span> <span class='ocrx_word' id='word_1_457' title='bbox 2929 3196 3092 3251; x_wconf 92' lang='lat' dir='ltr'><strong>simul</strong></span> <span class='ocrx_word' id='word_1_458' title='bbox 3119 3199 3411 3257; x_wconf 82' lang='lat' dir='ltr'><strong>extollitur.</strong></span> <span class='ocrx_word' id='word_1_459' title='bbox 3440 3199 3558 3256; x_wconf 83' lang='lat' dir='ltr'><strong>Etsi</strong></span> 
     </span>
    </p>
   </div>
   <div class='ocr_carea' id='block_1_62' title="bbox 1992 3280 3554 3353">
    <p class='ocr_par' dir='ltr' id='par_1_62' title="bbox 1992 3280 3554 3353">
     <span class='ocr_line' id='line_1_62' title="bbox 1992 3280 3554 3353; baseline 0.008 -19"><span class='ocrx_word' id='word_1_460' title='bbox 1992 3295 2126 3350; x_wconf 82' lang='lat' dir='ltr'><strong>ergo</strong></span> <span class='ocrx_word' id='word_1_461' title='bbox 2155 3280 2356 3335; x_wconf 93' lang='lat' dir='ltr'><strong>dicitur</strong></span> <span class='ocrx_word' id='word_1_462' title='bbox 2391 3280 2483 3335; x_wconf 89' lang='lat' dir='ltr'><strong>Dei</strong></span> <span class='ocrx_word' id='word_1_463' title='bbox 2518 3281 2776 3345; x_wconf 88' lang='lat' dir='ltr'><strong>Verbum,</strong></span> <span class='ocrx_word' id='word_1_464' title='bbox 2809 3286 2970 3346; x_wconf 86' lang='lat' dir='ltr'><strong>ratio.</strong></span> <span class='ocrx_word' id='word_1_465' title='bbox 2995 3298 3089 3341; x_wconf 89' lang='lat' dir='ltr'><strong>aut</strong></span> <span class='ocrx_word' id='word_1_466' title='bbox 3118 3304 3321 3353; x_wconf 89' lang='lat' dir='ltr'><strong>sermo,</strong></span> <span class='ocrx_word' id='word_1_467' title='bbox 3354 3292 3402 3348; x_wconf 88' lang='lat' dir='ltr'><strong>is</strong></span> <span class='ocrx_word' id='word_1_468' title='bbox 3443 3307 3554 3347; x_wconf 88' lang='lat' dir='ltr'><strong>non</strong></span> 
     </span>
    </p>
   </div>
   <div class='ocr_carea' id='block_1_63' title="bbox 324 3372 1891 3457">
    <p class='ocr_par' dir='ltr' id='par_1_63' title="bbox 324 3382 1891 3457">
     <span class='ocr_line' id='line_1_63' title="bbox 324 3382 1891 3457; baseline 0.005 -21"><span class='ocrx_word' id='word_1_469' title='bbox 324 3385 463 3437; x_wconf 76' lang='grc' dir='ltr'>Ἀλλ’</span> <span class='ocrx_word' id='word_1_470' title='bbox 504 3385 690 3454; x_wconf 83' lang='grc' dir='ltr'>ὥσπερ</span> <span class='ocrx_word' id='word_1_471' title='bbox 734 3385 766 3455; x_wconf 81' lang='grc' dir='ltr'><strong>ἡ</strong></span> <span class='ocrx_word' id='word_1_472' title='bbox 814 3382 1058 3454; x_wconf 81' lang='grc' dir='ltr'>ἡμετέρα</span> <span class='ocrx_word' id='word_1_473' title='bbox 1097 3383 1257 3453; x_wconf 82' lang='grc' dir='ltr'>φύσις</span> <span class='ocrx_word' id='word_1_474' title='bbox 1301 3385 1565 3457; x_wconf 85' lang='grc' dir='ltr'>ὲπίκηρος</span> <span class='ocrx_word' id='word_1_475' title='bbox 1612 3383 1767 3454; x_wconf 77' lang='grc' dir='ltr'>οὖσα,</span> <span class='ocrx_word' id='word_1_476' title='bbox 1798 3391 1891 3444; x_wconf 74' lang='grc' dir='ltr'><strong>καὶ</strong></span> 
     </span>
    </p>
   </div>
   <div class='ocr_carea' id='block_1_64' title="bbox 1992 3372 3554 3457">
    <p class='ocr_par' dir='ltr' id='par_1_64' title="bbox 1997 3372 3554 3442">
     <span class='ocr_line' id='line_1_64' title="bbox 1997 3372 3554 3442; baseline 0.008 -18"><span class='ocrx_word' id='word_1_477' title='bbox 1997 3372 2048 3425; x_wconf 94' lang='lat' dir='ltr'><strong>in</strong></span> <span class='ocrx_word' id='word_1_478' title='bbox 2078 3373 2278 3440; x_wconf 87' lang='lat' dir='ltr'><strong>impetu</strong></span> <span class='ocrx_word' id='word_1_479' title='bbox 2309 3374 2429 3441; x_wconf 90' lang='lat' dir='ltr'><strong>ejus</strong></span> <span class='ocrx_word' id='word_1_480' title='bbox 2460 3376 2609 3442; x_wconf 89' lang='lat' dir='ltr'><strong>quod</strong></span> <span class='ocrx_word' id='word_1_481' title='bbox 2637 3376 2839 3430; x_wconf 87' lang='lat' dir='ltr'><strong>dicitur</strong></span> <span class='ocrx_word' id='word_1_482' title='bbox 2876 3379 3177 3435; x_wconf 87' lang='lat' dir='ltr'><strong>consistere</strong></span> <span class='ocrx_word' id='word_1_483' title='bbox 3213 3381 3554 3436; x_wconf 79' lang='lat' dir='ltr'><strong>existimabi-</strong></span> 
     </span>
    </p>
   </div>
   <div class='ocr_carea' id='block_1_65' title="bbox 312 3473 1889 3549">
    <p class='ocr_par' dir='ltr' id='par_1_65' title="bbox 312 3473 1889 3549">
     <span class='ocr_line' id='line_1_65' title="bbox 312 3473 1889 3549; baseline 0.005 -23"><span class='ocrx_word' id='word_1_484' title='bbox 312 3475 575 3544; x_wconf 77' lang='grc' dir='ltr'>ἐπίκηρον</span> <span class='ocrx_word' id='word_1_485' title='bbox 610 3475 701 3527; x_wconf 82' lang='grc' dir='ltr'>τὸν</span> <span class='ocrx_word' id='word_1_486' title='bbox 737 3474 894 3542; x_wconf 88' lang='grc' dir='ltr'>λόγον</span> <span class='ocrx_word' id='word_1_487' title='bbox 927 3475 1071 3545; x_wconf 77' lang='grc' dir='ltr'><strong>ἔχει⁶</strong></span> <span class='ocrx_word' id='word_1_488' title='bbox 1109 3473 1280 3539; x_wconf 78' lang='grc' dir='ltr'>οὕτως</span> <span class='ocrx_word' id='word_1_489' title='bbox 1312 3478 1346 3547; x_wconf 83' lang='grc' dir='ltr'>ἡ</span> <span class='ocrx_word' id='word_1_490' title='bbox 1373 3476 1649 3549; x_wconf 85' lang='grc' dir='ltr'>ἄφθαρτος</span> <span class='ocrx_word' id='word_1_491' title='bbox 1681 3482 1775 3533; x_wconf 80' lang='grc' dir='ltr'><strong>καὶ</strong></span> <span class='ocrx_word' id='word_1_492' title='bbox 1802 3482 1889 3534; x_wconf 79' lang='grc' dir='ltr'><strong>ἀεὶ</strong></span> 
     </span>
    </p>
   </div>
   <div class='ocr_carea' id='block_1_66' title="bbox 310 3564 1883 3640">
    <p class='ocr_par' dir='ltr' id='par_1_66' title="bbox 310 3564 1883 3640">
     <span class='ocr_line' id='line_1_66' title="bbox 310 3564 1883 3640; baseline 0.004 -24"><span class='ocrx_word' id='word_1_493' title='bbox 310 3565 522 3619; x_wconf 75' lang='grc' dir='ltr'>ἑστῶσα</span> <span class='ocrx_word' id='word_1_494' title='bbox 552 3564 712 3633; x_wconf 84' lang='grc' dir='ltr'>φύσις</span> <span class='ocrx_word' id='word_1_495' title='bbox 732 3605 746 3626; x_wconf 88' lang='grc'><strong>,</strong></span> <span class='ocrx_word' id='word_1_496' title='bbox 782 3565 953 3618; x_wconf 70' lang='grc' dir='ltr'>ἀίδιον</span> <span class='ocrx_word' id='word_1_497' title='bbox 987 3565 1097 3636; x_wconf 80' lang='grc' dir='ltr'>ἔχει</span> <span class='ocrx_word' id='word_1_498' title='bbox 1132 3566 1227 3619; x_wconf 73' lang='grc' dir='ltr'><strong>καὶ</strong></span> <span class='ocrx_word' id='word_1_499' title='bbox 1258 3566 1543 3635; x_wconf 82' lang='grc' dir='ltr'>ὑφεστῶτα</span> <span class='ocrx_word' id='word_1_500' title='bbox 1574 3570 1665 3624; x_wconf 81' lang='grc' dir='ltr'>τὸν</span> <span class='ocrx_word' id='word_1_501' title='bbox 1708 3571 1883 3640; x_wconf 90' lang='grc' dir='ltr'>λόγον.</span> 
     </span>
    </p>
   </div>
   <div class='ocr_carea' id='block_1_67' title="bbox 316 3656 1889 3731">
    <p class='ocr_par' dir='ltr' id='par_1_67' title="bbox 316 3656 1889 3731">
     <span class='ocr_line' id='line_1_67' title="bbox 316 3656 1889 3731; baseline 0.003 -22"><span class='ocrx_word' id='word_1_502' title='bbox 316 3659 381 3709; x_wconf 80' lang='grc' dir='ltr'><strong>Εἰ</strong></span> <span class='ocrx_word' id='word_1_503' title='bbox 411 3656 474 3725; x_wconf 83' lang='grc' dir='ltr'>δὴ</span> <span class='ocrx_word' id='word_1_504' title='bbox 510 3656 666 3709; x_wconf 88' lang='grc' dir='ltr'>τοῦτο</span> <span class='ocrx_word' id='word_1_505' title='bbox 705 3656 845 3710; x_wconf 83' lang='grc' dir='ltr'>κατὰ</span> <span class='ocrx_word' id='word_1_506' title='bbox 889 3656 951 3709; x_wconf 86' lang='grc' dir='ltr'><strong>τὸ</strong></span> <span class='ocrx_word' id='word_1_507' title='bbox 987 3658 1277 3712; x_wconf 80' lang='grc' dir='ltr'>ἀκόλουθον</span> <span class='ocrx_word' id='word_1_508' title='bbox 1310 3658 1669 3731; x_wconf 85' lang='grc' dir='ltr'>ὁμολογηθείη</span> <span class='ocrx_word' id='word_1_509' title='bbox 1696 3662 1757 3714; x_wconf 85' lang='grc' dir='ltr'><strong>τὸ</strong></span> <span class='ocrx_word' id='word_1_510' title='bbox 1786 3663 1889 3730; x_wconf 53' lang='grc' dir='ltr'>ὑφ’</span> 
     </span>
    </p>
   </div>
   <div class='ocr_carea' id='block_1_68' title="bbox 310 3746 1888 3821">
    <p class='ocr_par' dir='ltr' id='par_1_68' title="bbox 310 3746 1888 3821">
     <span class='ocr_line' id='line_1_68' title="bbox 310 3746 1888 3821; baseline 0.005 -23"><span class='ocrx_word' id='word_1_511' title='bbox 310 3746 529 3799; x_wconf 82' lang='grc' dir='ltr'>εστάναι</span> <span class='ocrx_word' id='word_1_512' title='bbox 560 3748 651 3800; x_wconf 81' lang='grc' dir='ltr'><strong>τὸν</strong></span> <span class='ocrx_word' id='word_1_513' title='bbox 678 3748 772 3800; x_wconf 85' lang='grc' dir='ltr'><strong>τοῦ</strong></span> <span class='ocrx_word' id='word_1_514' title='bbox 808 3748 941 3802; x_wconf 86' lang='grc' dir='ltr'>Θεοῦ</span> <span class='ocrx_word' id='word_1_515' title='bbox 966 3750 1136 3817; x_wconf 88' lang='grc' dir='ltr'>Λόγον</span> <span class='ocrx_word' id='word_1_516' title='bbox 1161 3750 1374 3815; x_wconf 83' lang='grc' dir='ltr'>ἁῖδίως,</span> <span class='ocrx_word' id='word_1_517' title='bbox 1406 3751 1618 3821; x_wconf 82' lang='grc' dir='ltr'>ἀνάγκη</span> <span class='ocrx_word' id='word_1_518' title='bbox 1643 3755 1790 3806; x_wconf 80' lang='grc' dir='ltr'>πᾶσα</span> <span class='ocrx_word' id='word_1_519' title='bbox 1828 3755 1888 3807; x_wconf 84' lang='grc' dir='ltr'><strong>ὲν</strong></span> 
     </span>
    </p>
   </div>
   <div class='ocr_carea' id='block_1_69' title="bbox 312 3835 1884 3912">
    <p class='ocr_par' dir='ltr' id='par_1_69' title="bbox 312 3835 1884 3912">
     <span class='ocr_line' id='line_1_69' title="bbox 312 3835 1884 3912; baseline 0.005 -23"><span class='ocrx_word' id='word_1_520' title='bbox 312 3837 424 3907; x_wconf 64' lang='grc' dir='ltr'><strong>ζωῇ</strong></span> <span class='ocrx_word' id='word_1_521' title='bbox 471 3837 564 3889; x_wconf 87' lang='grc' dir='ltr'><strong>τοῦ</strong></span> <span class='ocrx_word' id='word_1_522' title='bbox 608 3838 781 3905; x_wconf 89' lang='grc' dir='ltr'>Λόγου</span> <span class='ocrx_word' id='word_1_523' title='bbox 832 3840 929 3908; x_wconf 79' lang='grc' dir='ltr'>τὴν</span> <span class='ocrx_word' id='word_1_524' title='bbox 968 3840 1262 3893; x_wconf 85' lang='grc' dir='ltr'>ὑπόστασιν</span> <span class='ocrx_word' id='word_1_525' title='bbox 1308 3835 1447 3893; x_wconf 80' lang='grc' dir='ltr'>εἶναι</span> <span class='ocrx_word' id='word_1_526' title='bbox 1477 3843 1777 3912; x_wconf 87' lang='grc' dir='ltr'>ὁμολογεῖν.</span> <span class='ocrx_word' id='word_1_527' title='bbox 1809 3845 1884 3897; x_wconf 90' lang='grc' dir='ltr'>Οὑ</span> 
     </span>
    </p>
   </div>
   <div class='ocr_carea' id='block_1_70' title="bbox 311 3926 1887 4002">
    <p class='ocr_par' dir='ltr' id='par_1_70' title="bbox 311 3926 1887 4002">
     <span class='ocr_line' id='line_1_70' title="bbox 311 3926 1887 4002; baseline 0.005 -24"><span class='ocrx_word' id='word_1_528' title='bbox 311 3926 420 3996; x_wconf 82' lang='grc' dir='ltr'><strong>γάρ</strong></span> <span class='ocrx_word' id='word_1_529' title='bbox 451 3927 570 3979; x_wconf 81' lang='grc' dir='ltr'>καθ’</span> <span class='ocrx_word' id='word_1_530' title='bbox 596 3929 883 3998; x_wconf 86' lang='grc' dir='ltr'>ὁμοιότητα</span> <span class='ocrx_word' id='word_1_531' title='bbox 908 3929 1016 3982; x_wconf 85' lang='grc' dir='ltr'>τῶν</span> <span class='ocrx_word' id='word_1_532' title='bbox 1044 3930 1206 3983; x_wconf 84' lang='grc' dir='ltr'>λίθων</span> <span class='ocrx_word' id='word_1_533' title='bbox 1231 3930 1452 3999; x_wconf 74' lang='grc' dir='ltr'>ἀψύχως</span> <span class='ocrx_word' id='word_1_534' title='bbox 1475 3932 1769 4002; x_wconf 80' lang='grc' dir='ltr'>ὑφεστάναι</span> <span class='ocrx_word' id='word_1_535' title='bbox 1796 3935 1887 3987; x_wconf 85' lang='grc' dir='ltr'>τὸν</span> 
     </span>
    </p>
   </div>
   <div class='ocr_carea' id='block_1_71' title="bbox 312 4018 1887 4091">
    <p class='ocr_par' dir='ltr' id='par_1_71' title="bbox 312 4018 1887 4091">
     <span class='ocr_line' id='line_1_71' title="bbox 312 4018 1887 4091; baseline 0.005 -22"><span class='ocrx_word' id='word_1_536' title='bbox 312 4018 506 4084; x_wconf 85' lang='grc' dir='ltr'>Λόγον,</span> <span class='ocrx_word' id='word_1_537' title='bbox 565 4019 757 4087; x_wconf 82' lang='grc' dir='ltr'>εὐαγές</span> <span class='ocrx_word' id='word_1_538' title='bbox 808 4022 957 4072; x_wconf 85' lang='grc' dir='ltr'>ἐστιν</span> <span class='ocrx_word' id='word_1_539' title='bbox 1019 4022 1244 4075; x_wconf 79' lang='grc' dir='ltr'>οἴεσθαι.</span> <span class='ocrx_word' id='word_1_540' title='bbox 1316 4022 1455 4074; x_wconf 84' lang='grc' dir='ltr'><strong>Ἀλλ’</strong></span> <span class='ocrx_word' id='word_1_541' title='bbox 1507 4026 1555 4076; x_wconf 84' lang='grc' dir='ltr'><strong>εί</strong></span> <span class='ocrx_word' id='word_1_542' title='bbox 1614 4024 1887 4091; x_wconf 83' lang='grc' dir='ltr'>ὑφέστηκε</span> 
     </span>
    </p>
   </div>
   <div class='ocr_carea' id='block_1_72' title="bbox 314 4111 1886 4184">
    <p class='ocr_par' dir='ltr' id='par_1_72' title="bbox 314 4111 1886 4184">
     <span class='ocr_line' id='line_1_72' title="bbox 314 4111 1886 4184; baseline 0.001 -21"><span class='ocrx_word' id='word_1_543' title='bbox 314 4111 498 4179; x_wconf 76' lang='grc' dir='ltr'>νοερόν</span> <span class='ocrx_word' id='word_1_544' title='bbox 526 4129 577 4163; x_wconf 91' lang='grc' dir='ltr'><strong>τι</strong></span> <span class='ocrx_word' id='word_1_545' title='bbox 607 4116 792 4182; x_wconf 82' lang='grc' dir='ltr'>χρῆμα</span> <span class='ocrx_word' id='word_1_546' title='bbox 819 4113 915 4165; x_wconf 80' lang='grc' dir='ltr'><strong>καὶ</strong></span> <span class='ocrx_word' id='word_1_547' title='bbox 944 4111 1232 4181; x_wconf 86' lang='grc' dir='ltr'>ἀσώματον</span> <span class='ocrx_word' id='word_1_548' title='bbox 1258 4112 1337 4175; x_wconf 86' lang='grc' dir='ltr'>ὃν,</span> <span class='ocrx_word' id='word_1_549' title='bbox 1368 4111 1433 4184; x_wconf 81' lang='grc' dir='ltr'><strong>ζῇ</strong></span> <span class='ocrx_word' id='word_1_550' title='bbox 1474 4113 1709 4177; x_wconf 85' lang='grc' dir='ltr'>πάντως.</span> <span class='ocrx_word' id='word_1_551' title='bbox 1738 4115 1800 4166; x_wconf 86' lang='grc' dir='ltr'>Εἰ</span> <span class='ocrx_word' id='word_1_552' title='bbox 1829 4114 1886 4167; x_wconf 86' lang='grc' dir='ltr'><strong>δὲ</strong></span> 
     </span>
    </p>
   </div>
   <div class='ocr_carea' id='block_1_73' title="bbox 310 4200 1882 4272">
    <p class='ocr_par' dir='ltr' id='par_1_73' title="bbox 310 4200 1882 4272">
     <span class='ocr_line' id='line_1_73' title="bbox 310 4200 1882 4272; baseline 0.004 -21"><span class='ocrx_word' id='word_1_553' title='bbox 310 4200 403 4252; x_wconf 88' lang='grc' dir='ltr'><strong>τοῦ</strong></span> <span class='ocrx_word' id='word_1_554' title='bbox 428 4200 527 4272; x_wconf 78' lang='grc' dir='ltr'><strong>ζῇν</strong></span> <span class='ocrx_word' id='word_1_555' title='bbox 555 4202 903 4272; x_wconf 83' lang='grc' dir='ltr'>κεχώρισται,</span> <span class='ocrx_word' id='word_1_556' title='bbox 925 4203 1045 4255; x_wconf 82' lang='grc' dir='ltr'>οὑδὲ</span> <span class='ocrx_word' id='word_1_557' title='bbox 1073 4205 1130 4255; x_wconf 82' lang='grc' dir='ltr'>ὲν</span> <span class='ocrx_word' id='word_1_558' title='bbox 1153 4204 1447 4257; x_wconf 88' lang='grc' dir='ltr'>ὑποστάσει</span> <span class='ocrx_word' id='word_1_559' title='bbox 1471 4205 1687 4267; x_wconf 88' lang='grc' dir='ltr'>πάντως</span> <span class='ocrx_word' id='word_1_560' title='bbox 1715 4205 1882 4258; x_wconf 77' lang='grc' dir='ltr'>ἐστίν.</span> 
     </span>
    </p>
   </div>
   <div class='ocr_carea' id='block_1_74' title="bbox 323 4291 1885 4365">
    <p class='ocr_par' dir='ltr' id='par_1_74' title="bbox 323 4291 1885 4365">
     <span class='ocr_line' id='line_1_74' title="bbox 323 4291 1885 4365; baseline 0.004 -24"><span class='ocrx_word' id='word_1_561' title='bbox 323 4291 481 4343; x_wconf 80' lang='grc' dir='ltr'>Ἀλλὰ</span> <span class='ocrx_word' id='word_1_562' title='bbox 535 4293 640 4362; x_wconf 80' lang='grc' dir='ltr'>μὴν</span> <span class='ocrx_word' id='word_1_563' title='bbox 686 4294 881 4357; x_wconf 77' lang='grc' dir='ltr'>ἀσεϐὲς</span> <span class='ocrx_word' id='word_1_564' title='bbox 934 4294 1227 4365; x_wconf 77' lang='grc' dir='ltr'>ἀπεδείχθη</span> <span class='ocrx_word' id='word_1_565' title='bbox 1274 4294 1363 4347; x_wconf 79' lang='grc' dir='ltr'>τὸν</span> <span class='ocrx_word' id='word_1_566' title='bbox 1403 4294 1499 4347; x_wconf 90' lang='grc' dir='ltr'><strong>τοῦ</strong></span> <span class='ocrx_word' id='word_1_567' title='bbox 1544 4294 1679 4347; x_wconf 84' lang='grc' dir='ltr'>Θεοῦ</span> <span class='ocrx_word' id='word_1_568' title='bbox 1714 4296 1885 4363; x_wconf 86' lang='grc' dir='ltr'>Λόγον</span> 
     </span>
    </p>
   </div>
   <div class='ocr_carea' id='block_1_75' title="bbox 308 4381 1886 4459">
    <p class='ocr_par' dir='ltr' id='par_1_75' title="bbox 308 4381 1886 4459">
     <span class='ocr_line' id='line_1_75' title="bbox 308 4381 1886 4459; baseline 0.005 -26"><span class='ocrx_word' id='word_1_569' title='bbox 308 4382 676 4436; x_wconf 81' lang='grc' dir='ltr'>ἀνυπόστατον</span> <span class='ocrx_word' id='word_1_570' title='bbox 725 4381 885 4439; x_wconf 82' lang='grc' dir='ltr'>εἶναι.</span> <span class='ocrx_word' id='word_1_571' title='bbox 942 4386 1148 4439; x_wconf 88' lang='grc' dir='ltr'>Οὑκοῦν</span> <span class='ocrx_word' id='word_1_572' title='bbox 1198 4387 1587 4459; x_wconf 89' lang='grc' dir='ltr'>συναπεδείχθη</span> <span class='ocrx_word' id='word_1_573' title='bbox 1641 4388 1781 4440; x_wconf 86' lang='grc' dir='ltr'>κατὰ</span> <span class='ocrx_word' id='word_1_574' title='bbox 1824 4388 1886 4441; x_wconf 81' lang='grc' dir='ltr'>τὸ</span> 
     </span>
    </p>
   </div>
   <div class='ocr_carea' id='block_1_76' title="bbox 308 4475 1883 4550">
    <p class='ocr_par' dir='ltr' id='par_1_76' title="bbox 308 4475 1883 4550">
     <span class='ocr_line' id='line_1_76' title="bbox 308 4475 1883 4550; baseline 0.004 -24"><span class='ocrx_word' id='word_1_575' title='bbox 308 4475 598 4528; x_wconf 80' lang='grc' dir='ltr'>ἀκόλουθον</span> <span class='ocrx_word' id='word_1_576' title='bbox 626 4476 687 4529; x_wconf 79' lang='grc' dir='ltr'>τὸ</span> <span class='ocrx_word' id='word_1_577' title='bbox 727 4479 784 4531; x_wconf 80' lang='grc' dir='ltr'><strong>ἐν</strong></span> <span class='ocrx_word' id='word_1_578' title='bbox 828 4481 895 4550; x_wconf 85' lang='grc' dir='ltr'>τῇ</span> <span class='ocrx_word' id='word_1_579' title='bbox 924 4480 1034 4550; x_wconf 76' lang='grc' dir='ltr'><strong>ζωῇ</strong></span> <span class='ocrx_word' id='word_1_580' title='bbox 1071 4478 1254 4532; x_wconf 86' lang='grc' dir='ltr'>τοῦτον</span> <span class='ocrx_word' id='word_1_581' title='bbox 1296 4478 1619 4550; x_wconf 81' lang='grc' dir='ltr'>θεωρεῖσθαι</span> <span class='ocrx_word' id='word_1_582' title='bbox 1647 4479 1737 4532; x_wconf 86' lang='grc' dir='ltr'>τὸν</span> <span class='ocrx_word' id='word_1_583' title='bbox 1778 4480 1883 4533; x_wconf 88' lang='grc' dir='ltr'>Λό-</span> 
     </span>
    </p>
   </div>
   <div class='ocr_carea' id='block_1_77' title="bbox 308 4567 1883 4639">
    <p class='ocr_par' dir='ltr' id='par_1_77' title="bbox 308 4567 1883 4639">
     <span class='ocr_line' id='line_1_77' title="bbox 308 4567 1883 4639; baseline 0.004 -23"><span class='ocrx_word' id='word_1_584' title='bbox 308 4582 423 4631; x_wconf 88' lang='grc' dir='ltr'>γον.</span> <span class='ocrx_word' id='word_1_585' title='bbox 462 4567 663 4636; x_wconf 81' lang='grc' dir='ltr'>Ἀπλῆς</span> <span class='ocrx_word' id='word_1_586' title='bbox 693 4568 750 4620; x_wconf 85' lang='grc' dir='ltr'>δὲ</span> <span class='ocrx_word' id='word_1_587' title='bbox 778 4569 876 4639; x_wconf 81' lang='grc' dir='ltr'>τῆς</span> <span class='ocrx_word' id='word_1_588' title='bbox 902 4569 996 4622; x_wconf 86' lang='grc' dir='ltr'><strong>τοῦ</strong></span> <span class='ocrx_word' id='word_1_589' title='bbox 1020 4570 1193 4637; x_wconf 90' lang='grc' dir='ltr'>Λόγου</span> <span class='ocrx_word' id='word_1_590' title='bbox 1221 4569 1434 4637; x_wconf 85' lang='grc' dir='ltr'>φύσεως</span> <span class='ocrx_word' id='word_1_591' title='bbox 1468 4570 1607 4623; x_wconf 88' lang='grc' dir='ltr'><strong>κατὰ</strong></span> <span class='ocrx_word' id='word_1_592' title='bbox 1644 4570 1705 4623; x_wconf 85' lang='grc' dir='ltr'><strong>τὸ</strong></span> <span class='ocrx_word' id='word_1_593' title='bbox 1739 4571 1883 4634; x_wconf 72' lang='grc' dir='ltr'>εἰκὸς</span> 
     </span>
    </p>
   </div>
   <div class='ocr_carea' id='block_1_78' title="bbox 309 4652 1880 4732">
    <p class='ocr_par' dir='ltr' id='par_1_78' title="bbox 309 4652 1880 4732">
     <span class='ocr_line' id='line_1_78' title="bbox 309 4652 1880 4732; baseline 0.005 -24"><span class='ocrx_word' id='word_1_594' title='bbox 309 4652 445 4709; x_wconf 84' lang='grc' dir='ltr'>εἶναι</span> <span class='ocrx_word' id='word_1_595' title='bbox 478 4659 937 4729; x_wconf 81' lang='grc' dir='ltr'>πεπιστευμένης,</span> <span class='ocrx_word' id='word_1_596' title='bbox 962 4662 1055 4713; x_wconf 78' lang='grc' dir='ltr'><strong>καὶ</strong></span> <span class='ocrx_word' id='word_1_597' title='bbox 1087 4660 1340 4731; x_wconf 76' lang='grc' dir='ltr'>οὐδεμίαν</span> <span class='ocrx_word' id='word_1_598' title='bbox 1373 4661 1594 4732; x_wconf 88' lang='grc' dir='ltr'>διπλόην</span> <span class='ocrx_word' id='word_1_599' title='bbox 1622 4662 1715 4715; x_wconf 82' lang='grc' dir='ltr'><strong>καὶ</strong></span> <span class='ocrx_word' id='word_1_600' title='bbox 1756 4663 1880 4716; x_wconf 73' lang='grc' dir='ltr'>σύνσ</span> 
     </span>
    </p>
   </div>
   <div class='ocr_carea' id='block_1_79' title="bbox 309 4746 1880 4823">
    <p class='ocr_par' dir='ltr' id='par_1_79' title="bbox 309 4746 1880 4823">
     <span class='ocr_line' id='line_1_79' title="bbox 309 4746 1880 4823; baseline 0.005 -25"><span class='ocrx_word' id='word_1_601' title='bbox 309 4746 454 4799; x_wconf 87' lang='grc' dir='ltr'>θεσιν</span> <span class='ocrx_word' id='word_1_602' title='bbox 484 4750 539 4799; x_wconf 82' lang='grc' dir='ltr'>ὲν</span> <span class='ocrx_word' id='word_1_603' title='bbox 571 4750 733 4820; x_wconf 79' lang='grc' dir='ltr'>ἑαυτῇ</span> <span class='ocrx_word' id='word_1_604' title='bbox 769 4750 1134 4821; x_wconf 85' lang='grc' dir='ltr'>δεικνυούσης,</span> <span class='ocrx_word' id='word_1_605' title='bbox 1167 4752 1346 4805; x_wconf 82' lang='grc' dir='ltr'>οὐκέτι</span> <span class='ocrx_word' id='word_1_606' title='bbox 1367 4752 1432 4805; x_wconf 84' lang='grc' dir='ltr'><strong>ἄν</strong></span> <span class='ocrx_word' id='word_1_607' title='bbox 1467 4770 1550 4816; x_wconf 89' lang='grc' dir='ltr'><strong>τις</strong></span> <span class='ocrx_word' id='word_1_608' title='bbox 1583 4752 1723 4806; x_wconf 84' lang='grc' dir='ltr'><strong>κατά</strong></span> <span class='ocrx_word' id='word_1_609' title='bbox 1749 4771 1880 4823; x_wconf 87' lang='grc' dir='ltr'>μετ-</span> 
     </span>
    </p>
   </div>
   <div class='ocr_carea' id='block_1_80' title="bbox 300 4838 1877 4915">
    <p class='ocr_par' dir='ltr' id='par_1_80' title="bbox 300 4838 1877 4915">
     <span class='ocr_line' id='line_1_80' title="bbox 300 4838 1877 4915; baseline 0.006 -26"><span class='ocrx_word' id='word_1_610' title='bbox 300 4838 489 4891; x_wconf 78' lang='grc' dir='ltr'>ουσίαν</span> <span class='ocrx_word' id='word_1_611' title='bbox 531 4838 675 4909; x_wconf 80' lang='grc' dir='ltr'><strong>ζωῆς</strong></span> <span class='ocrx_word' id='word_1_612' title='bbox 712 4841 769 4891; x_wconf 83' lang='grc' dir='ltr'>ὲν</span> <span class='ocrx_word' id='word_1_613' title='bbox 808 4842 919 4912; x_wconf 78' lang='grc' dir='ltr'><strong>ζωῇ</strong></span> <span class='ocrx_word' id='word_1_614' title='bbox 957 4842 1183 4914; x_wconf 87' lang='grc' dir='ltr'>θεωροίη</span> <span class='ocrx_word' id='word_1_615' title='bbox 1222 4844 1313 4897; x_wconf 85' lang='grc' dir='ltr'>τὸν</span> <span class='ocrx_word' id='word_1_616' title='bbox 1344 4843 1531 4911; x_wconf 90' lang='grc' dir='ltr'>Λόγον.</span> <span class='ocrx_word' id='word_1_617' title='bbox 1560 4845 1634 4897; x_wconf 93' lang='grc' dir='ltr'>Οὑ</span> <span class='ocrx_word' id='word_1_618' title='bbox 1663 4845 1769 4915; x_wconf 85' lang='grc' dir='ltr'>γὰρ</span> <span class='ocrx_word' id='word_1_619' title='bbox 1811 4845 1877 4899; x_wconf 85' lang='grc' dir='ltr'>ἂν</span> 
     </span>
    </p>
   </div>
   <div class='ocr_carea' id='block_1_81' title="bbox 302 4930 1877 5007">
    <p class='ocr_par' dir='ltr' id='par_1_81' title="bbox 302 4930 1877 5007">
     <span class='ocr_line' id='line_1_81' title="bbox 302 4930 1877 5007; baseline 0.005 -26"><span class='ocrx_word' id='word_1_620' title='bbox 302 4930 459 4993; x_wconf 80' lang='grc' dir='ltr'>ἐκτὸς</span> <span class='ocrx_word' id='word_1_621' title='bbox 499 4932 581 5002; x_wconf 77' lang='grc' dir='ltr'>εἴη</span> <span class='ocrx_word' id='word_1_622' title='bbox 628 4933 929 4997; x_wconf 87' lang='grc' dir='ltr'>συνθέσεως</span> <span class='ocrx_word' id='word_1_623' title='bbox 959 4936 992 5004; x_wconf 78' lang='grc' dir='ltr'><strong>ἡ</strong></span> <span class='ocrx_word' id='word_1_624' title='bbox 1023 4934 1246 5005; x_wconf 86' lang='grc' dir='ltr'>τοιαύτη</span> <span class='ocrx_word' id='word_1_625' title='bbox 1278 4935 1565 5007; x_wconf 69' lang='grc' dir='ltr'>ὑπόληψις,</span> <span class='ocrx_word' id='word_1_626' title='bbox 1604 4936 1665 4988; x_wconf 84' lang='grc' dir='ltr'>τὸ</span> <span class='ocrx_word' id='word_1_627' title='bbox 1694 4936 1877 5006; x_wconf 79' lang='grc' dir='ltr'>ἓτερον</span> 
     </span>
    </p>
   </div>
   <div class='ocr_carea' id='block_1_82' title="bbox 302 5021 1877 5097">
    <p class='ocr_par' dir='ltr' id='par_1_82' title="bbox 302 5021 1877 5097">
     <span class='ocr_line' id='line_1_82' title="bbox 302 5021 1877 5097; baseline 0.005 -25"><span class='ocrx_word' id='word_1_628' title='bbox 302 5021 363 5073; x_wconf 83' lang='grc' dir='ltr'><strong>ὲν</strong></span> <span class='ocrx_word' id='word_1_629' title='bbox 390 5021 561 5092; x_wconf 80' lang='grc' dir='ltr'>ἑτέρῳ</span> <span class='ocrx_word' id='word_1_630' title='bbox 583 5023 759 5090; x_wconf 87' lang='grc' dir='ltr'>λέγειν</span> <span class='ocrx_word' id='word_1_631' title='bbox 793 5022 960 5078; x_wconf 80' lang='grc' dir='ltr'>εἶναι·</span> <span class='ocrx_word' id='word_1_632' title='bbox 984 5026 1122 5079; x_wconf 80' lang='grc' dir='ltr'>ἀλλὰ</span> <span class='ocrx_word' id='word_1_633' title='bbox 1149 5026 1362 5097; x_wconf 90' lang='grc' dir='ltr'>ἀνάγκη</span> <span class='ocrx_word' id='word_1_634' title='bbox 1394 5029 1544 5080; x_wconf 77' lang='grc' dir='ltr'>πᾶσα</span> <span class='ocrx_word' id='word_1_635' title='bbox 1578 5027 1679 5097; x_wconf 84' lang='grc' dir='ltr'>τῆς</span> <span class='ocrx_word' id='word_1_636' title='bbox 1708 5028 1877 5081; x_wconf 84' lang='grc' dir='ltr'>ἁπλό-</span> 
     </span>
    </p>
   </div>
   <div class='ocr_carea' id='block_1_83' title="bbox 304 5111 1876 5187">
    <p class='ocr_par' dir='ltr' id='par_1_83' title="bbox 304 5111 1876 5187">
     <span class='ocr_line' id='line_1_83' title="bbox 304 5111 1876 5187; baseline 0.003 -23"><span class='ocrx_word' id='word_1_637' title='bbox 304 5129 462 5181; x_wconf 83' lang='grc' dir='ltr'>τητος</span> <span class='ocrx_word' id='word_1_638' title='bbox 515 5112 980 5185; x_wconf 86' lang='grc' dir='ltr'>ὀμολογουμένης,</span> <span class='ocrx_word' id='word_1_639' title='bbox 1042 5115 1320 5187; x_wconf 77' lang='grc' dir='ltr'>αὑτοξωὴν</span> <span class='ocrx_word' id='word_1_640' title='bbox 1370 5111 1508 5169; x_wconf 79' lang='grc' dir='ltr'>εἶναι</span> <span class='ocrx_word' id='word_1_641' title='bbox 1548 5115 1641 5169; x_wconf 88' lang='grc' dir='ltr'><strong>τὸν</strong></span> <span class='ocrx_word' id='word_1_642' title='bbox 1703 5117 1876 5185; x_wconf 87' lang='grc' dir='ltr'>Λόγον</span> 
     </span>
    </p>
   </div>
   <div class='ocr_carea' id='block_1_84' title="bbox 303 5200 1874 5275">
    <p class='ocr_par' dir='ltr' id='par_1_84' title="bbox 303 5200 1874 5275">
     <span class='ocr_line' id='line_1_84' title="bbox 303 5200 1874 5275; baseline 0.003 -22"><span class='ocrx_word' id='word_1_643' title='bbox 303 5202 538 5267; x_wconf 80' lang='grc' dir='ltr'>οἴεσθαι,</span> <span class='ocrx_word' id='word_1_644' title='bbox 581 5204 642 5255; x_wconf 88' lang='grc' dir='ltr'><strong>οὑ</strong></span> <span class='ocrx_word' id='word_1_645' title='bbox 683 5203 829 5274; x_wconf 79' lang='grc' dir='ltr'>ζωῆς</span> <span class='ocrx_word' id='word_1_646' title='bbox 868 5205 1173 5273; x_wconf 88' lang='grc' dir='ltr'>μετουσίαν.</span> <span class='ocrx_word' id='word_1_647' title='bbox 1216 5206 1281 5259; x_wconf 78' lang='grc' dir='ltr'><strong>Εἰ</strong></span> <span class='ocrx_word' id='word_1_648' title='bbox 1324 5200 1416 5259; x_wconf 82' lang='grc' dir='ltr'>οὖν</span> <span class='ocrx_word' id='word_1_649' title='bbox 1460 5205 1525 5275; x_wconf 82' lang='grc' dir='ltr'><strong>ζῇ</strong></span> <span class='ocrx_word' id='word_1_650' title='bbox 1553 5207 1582 5257; x_wconf 87' lang='lat'><strong>6</strong></span> <span class='ocrx_word' id='word_1_651' title='bbox 1608 5205 1799 5273; x_wconf 86' lang='grc' dir='ltr'>Λόγος,</span> <span class='ocrx_word' id='word_1_652' title='bbox 1843 5206 1874 5258; x_wconf 90' lang='lat'><strong>6</strong></span> 
     </span>
    </p>
   </div>
   <div class='ocr_carea' id='block_1_85' title="bbox 302 5293 1874 5367">
    <p class='ocr_par' dir='ltr' id='par_1_85' title="bbox 302 5293 1874 5367">
     <span class='ocr_line' id='line_1_85' title="bbox 302 5293 1874 5367; baseline 0.002 -22"><span class='ocrx_word' id='word_1_653' title='bbox 302 5293 413 5363; x_wconf 77' lang='grc' dir='ltr'><strong>ζωὴ</strong></span> <span class='ocrx_word' id='word_1_654' title='bbox 440 5294 537 5355; x_wconf 83' lang='grc' dir='ltr'>ὢν,</span> <span class='ocrx_word' id='word_1_655' title='bbox 573 5296 663 5347; x_wconf 79' lang='grc' dir='ltr'><strong>καὶ</strong></span> <span class='ocrx_word' id='word_1_656' title='bbox 688 5296 1073 5367; x_wconf 79' lang='grc' dir='ltr'>προαιρετικὴν</span> <span class='ocrx_word' id='word_1_657' title='bbox 1100 5297 1329 5367; x_wconf 90' lang='grc' dir='ltr'>δύναμιν</span> <span class='ocrx_word' id='word_1_658' title='bbox 1365 5296 1478 5366; x_wconf 74' lang='grc' dir='ltr'>ἔχει</span> <span class='ocrx_word' id='word_1_659' title='bbox 1506 5295 1739 5359; x_wconf 85' lang='grc' dir='ltr'>πάντως.</span> <span class='ocrx_word' id='word_1_660' title='bbox 1770 5297 1874 5351; x_wconf 90' lang='grc' dir='ltr'><strong>Οὑ-</strong></span> 
     </span>
    </p>
   </div>
   <div class='ocr_carea' id='block_1_86' title="bbox 299 5386 1873 5458">
    <p class='ocr_par' dir='ltr' id='par_1_86' title="bbox 299 5386 1873 5458">
     <span class='ocr_line' id='line_1_86' title="bbox 299 5386 1873 5458; baseline 0.001 -20"><span class='ocrx_word' id='word_1_661' title='bbox 299 5386 384 5438; x_wconf 83' lang='grc' dir='ltr'>δὲν</span> <span class='ocrx_word' id='word_1_662' title='bbox 424 5389 533 5456; x_wconf 81' lang='grc' dir='ltr'><strong>γὰρ</strong></span> <span class='ocrx_word' id='word_1_663' title='bbox 571 5388 929 5458; x_wconf 87' lang='grc' dir='ltr'>ἀπροαίρετον</span> <span class='ocrx_word' id='word_1_664' title='bbox 958 5390 1066 5441; x_wconf 84' lang='grc' dir='ltr'><strong>τῶν</strong></span> <span class='ocrx_word' id='word_1_665' title='bbox 1099 5387 1314 5451; x_wconf 71' lang='grc' dir='ltr'>ζώντων</span> <span class='ocrx_word' id='word_1_666' title='bbox 1346 5388 1481 5441; x_wconf 75' lang='grc' dir='ltr'>ἐστί.</span> <span class='ocrx_word' id='word_1_667' title='bbox 1511 5387 1623 5458; x_wconf 81' lang='grc' dir='ltr'><strong>Τὴν</strong></span> <span class='ocrx_word' id='word_1_668' title='bbox 1658 5387 1717 5441; x_wconf 84' lang='grc' dir='ltr'><strong>δὲ</strong></span> <span class='ocrx_word' id='word_1_669' title='bbox 1746 5405 1873 5457; x_wconf 73' lang='grc' dir='ltr'>προε</span> 
     </span>
    </p>
   </div>
   <div class='ocr_carea' id='block_1_87' title="bbox 299 5476 1866 5551">
    <p class='ocr_par' dir='ltr' id='par_1_87' title="bbox 299 5476 1866 5551">
     <span class='ocr_line' id='line_1_87' title="bbox 299 5476 1866 5551; baseline 0 -22"><span class='ocrx_word' id='word_1_670' title='bbox 299 5477 509 5547; x_wconf 90' lang='grc' dir='ltr'>αίρεσιν</span> <span class='ocrx_word' id='word_1_671' title='bbox 536 5479 734 5549; x_wconf 90' lang='grc' dir='ltr'>ταύτην</span> <span class='ocrx_word' id='word_1_672' title='bbox 760 5481 850 5532; x_wconf 76' lang='grc' dir='ltr'><strong>καὶ</strong></span> <span class='ocrx_word' id='word_1_673' title='bbox 880 5480 1109 5551; x_wconf 83' lang='grc' dir='ltr'>δυνατὴν</span> <span class='ocrx_word' id='word_1_674' title='bbox 1139 5476 1277 5533; x_wconf 82' lang='grc' dir='ltr'>εἶναι</span> <span class='ocrx_word' id='word_1_675' title='bbox 1310 5479 1450 5533; x_wconf 88' lang='grc' dir='ltr'><strong>κατά</strong></span> <span class='ocrx_word' id='word_1_676' title='bbox 1476 5478 1535 5531; x_wconf 87' lang='grc' dir='ltr'><strong>τὸ</strong></span> <span class='ocrx_word' id='word_1_677' title='bbox 1555 5479 1866 5542; x_wconf 89' lang='grc' dir='ltr'>ἀκόλουθον,</span> 
     </span>
    </p>
   </div>
   <div class='ocr_carea' id='block_1_88' title="bbox 300 5569 1869 5642">
    <p class='ocr_par' dir='ltr' id='par_1_88' title="bbox 300 5569 1869 5642">
     <span class='ocr_line' id='line_1_88' title="bbox 300 5569 1869 5642; baseline 0.002 -22"><span class='ocrx_word' id='word_1_678' title='bbox 300 5569 518 5631; x_wconf 80' lang='grc' dir='ltr'>εὑσεῦές</span> <span class='ocrx_word' id='word_1_679' title='bbox 557 5570 673 5621; x_wconf 77' lang='grc' dir='ltr'>ἐστι</span> <span class='ocrx_word' id='word_1_680' title='bbox 702 5570 1026 5638; x_wconf 79' lang='grc' dir='ltr'>λογίζεσθαι.</span> <span class='ocrx_word' id='word_1_681' title='bbox 1068 5571 1131 5624; x_wconf 75' lang='lat' dir='ltr'><strong>EE</strong></span> <span class='ocrx_word' id='word_1_682' title='bbox 1173 5571 1280 5642; x_wconf 83' lang='grc' dir='ltr'>γὰρ</span> <span class='ocrx_word' id='word_1_683' title='bbox 1316 5571 1391 5640; x_wconf 86' lang='grc' dir='ltr'>μή</span> <span class='ocrx_word' id='word_1_684' title='bbox 1425 5588 1508 5632; x_wconf 88' lang='grc' dir='ltr'><strong>τις</strong></span> <span class='ocrx_word' id='word_1_685' title='bbox 1548 5571 1608 5623; x_wconf 84' lang='grc' dir='ltr'>τὸ</span> <span class='ocrx_word' id='word_1_686' title='bbox 1645 5571 1869 5624; x_wconf 88' lang='grc' dir='ltr'>δυνατὸν</span> 
     </span>
    </p>
   </div>
   <div class='ocr_carea' id='block_1_89' title="bbox 298 5661 1866 5732">
    <p class='ocr_par' dir='ltr' id='par_1_89' title="bbox 298 5661 1866 5732">
     <span class='ocr_line' id='line_1_89' title="bbox 298 5661 1866 5732; baseline 0.002 -20"><span class='ocrx_word' id='word_1_687' title='bbox 298 5661 602 5732; x_wconf 84' lang='grc' dir='ltr'>ὁμολογοίη,</span> <span class='ocrx_word' id='word_1_688' title='bbox 622 5662 685 5715; x_wconf 78' lang='grc' dir='ltr'><strong>τὸ</strong></span> <span class='ocrx_word' id='word_1_689' title='bbox 713 5663 968 5717; x_wconf 82' lang='grc' dir='ltr'>ἀδύνατον</span> <span class='ocrx_word' id='word_1_690' title='bbox 994 5664 1211 5727; x_wconf 88' lang='grc' dir='ltr'>πάντως</span> <span class='ocrx_word' id='word_1_691' title='bbox 1246 5662 1661 5717; x_wconf 87' lang='grc' dir='ltr'>κατασκευάσει.</span> <span class='ocrx_word' id='word_1_692' title='bbox 1709 5662 1866 5715; x_wconf 82' lang='grc' dir='ltr'>Ἀλλά</span> 
     </span>
    </p>
   </div>
   <div class='ocr_carea' id='block_1_90' title="bbox 301 5753 1864 5828">
    <p class='ocr_par' dir='ltr' id='par_1_90' title="bbox 301 5753 1864 5828">
     <span class='ocr_line' id='line_1_90' title="bbox 301 5753 1864 5828; baseline -0.002 -19"><span class='ocrx_word' id='word_1_693' title='bbox 301 5754 404 5824; x_wconf 84' lang='grc' dir='ltr'>μὴν</span> <span class='ocrx_word' id='word_1_694' title='bbox 445 5755 630 5825; x_wconf 72' lang='grc' dir='ltr'>τεόρρω</span> <span class='ocrx_word' id='word_1_695' title='bbox 675 5754 772 5826; x_wconf 84' lang='grc' dir='ltr'>τῆς</span> <span class='ocrx_word' id='word_1_696' title='bbox 794 5756 921 5828; x_wconf 76' lang='grc' dir='ltr'>περὶ</span> <span class='ocrx_word' id='word_1_697' title='bbox 970 5757 1032 5810; x_wconf 80' lang='grc' dir='ltr'>τὸ</span> <span class='ocrx_word' id='word_1_698' title='bbox 1078 5756 1230 5810; x_wconf 86' lang='grc' dir='ltr'><strong>Θείον</strong></span> <span class='ocrx_word' id='word_1_699' title='bbox 1272 5754 1593 5825; x_wconf 78' lang='grc' dir='ltr'>ὑπολήψεὼς</span> <span class='ocrx_word' id='word_1_700' title='bbox 1639 5756 1754 5807; x_wconf 78' lang='grc' dir='ltr'>ἐστι</span> <span class='ocrx_word' id='word_1_701' title='bbox 1803 5753 1864 5808; x_wconf 82' lang='grc' dir='ltr'><strong>τὸ</strong></span> 
     </span>
    </p>
   </div>
   <div class='ocr_carea' id='block_1_91' title="bbox 1992 3464 3548 3531">
    <p class='ocr_par' dir='ltr' id='par_1_91' title="bbox 1992 3464 3548 3531">
     <span class='ocr_line' id='line_1_91' title="bbox 1992 3464 3548 3531; baseline 0.008 -16"><span class='ocrx_word' id='word_1_702' title='bbox 1992 3469 2102 3523; x_wconf 83' lang='lat' dir='ltr'><strong>tur,</strong></span> <span class='ocrx_word' id='word_1_703' title='bbox 2129 3464 2197 3517; x_wconf 92' lang='lat' dir='ltr'><strong>ad</strong></span> <span class='ocrx_word' id='word_1_704' title='bbox 2228 3467 2399 3519; x_wconf 89' lang='lat' dir='ltr'><strong>nostri</strong></span> <span class='ocrx_word' id='word_1_705' title='bbox 2439 3467 2872 3531; x_wconf 84' lang='lat' dir='ltr'><strong>similitudinem,</strong></span> <span class='ocrx_word' id='word_1_706' title='bbox 2911 3470 2976 3523; x_wconf 91' lang='lat' dir='ltr'><strong>ad</strong></span> <span class='ocrx_word' id='word_1_707' title='bbox 3011 3470 3114 3525; x_wconf 88' lang='lat' dir='ltr'><strong>hoc</strong></span> <span class='ocrx_word' id='word_1_708' title='bbox 3160 3473 3435 3530; x_wconf 85' lang='lat' dir='ltr'><strong>transiens</strong></span> <span class='ocrx_word' id='word_1_709' title='bbox 3488 3486 3548 3528; x_wconf 91' lang='lat' dir='ltr'><strong>ut</strong></span> 
     </span>
    </p>
   </div>
   <div class='ocr_carea' id='block_1_92' title="bbox 1990 3555 3542 3626">
    <p class='ocr_par' dir='ltr' id='par_1_92' title="bbox 1990 3555 3542 3626">
     <span class='ocr_line' id='line_1_92' title="bbox 1990 3555 3542 3626; baseline 0.006 -19"><span class='ocrx_word' id='word_1_710' title='bbox 1990 3569 2099 3608; x_wconf 93' lang='lat' dir='ltr'><strong>non</strong></span> <span class='ocrx_word' id='word_1_711' title='bbox 2135 3556 2224 3609; x_wconf 87' lang='lat' dir='ltr'><strong>sit.</strong></span> <span class='ocrx_word' id='word_1_712' title='bbox 2268 3555 2372 3610; x_wconf 90' lang='lat' dir='ltr'><strong>Sed</strong></span> <span class='ocrx_word' id='word_1_713' title='bbox 2404 3558 2679 3626; x_wconf 89' lang='lat' dir='ltr'><strong>quomodo</strong></span> <span class='ocrx_word' id='word_1_714' title='bbox 2704 3568 2889 3613; x_wconf 90' lang='lat' dir='ltr'><strong>nostra</strong></span> <span class='ocrx_word' id='word_1_715' title='bbox 2921 3570 3136 3623; x_wconf 85' lang='lat' dir='ltr'><strong>natura.</strong></span> <span class='ocrx_word' id='word_1_716' title='bbox 3173 3578 3297 3617; x_wconf 91' lang='lat' dir='ltr'><strong>cum</strong></span> <span class='ocrx_word' id='word_1_717' title='bbox 3342 3565 3394 3617; x_wconf 93' lang='lat' dir='ltr'><strong>in</strong></span> <span class='ocrx_word' id='word_1_718' title='bbox 3423 3580 3542 3620; x_wconf 90' lang='lat' dir='ltr'><strong>eam</strong></span> 
     </span>
    </p>
   </div>
   <div class='ocr_carea' id='block_1_93' title="bbox 1989 3647 3550 3726">
    <p class='ocr_par' dir='ltr' id='par_1_93' title="bbox 1989 3647 3550 3726">
     <span class='ocr_line' id='line_1_93' title="bbox 1989 3647 3550 3726; baseline 0.007 -26"><span class='ocrx_word' id='word_1_719' title='bbox 1989 3647 2144 3700; x_wconf 87' lang='lat' dir='ltr'><strong>cadat</strong></span> <span class='ocrx_word' id='word_1_720' title='bbox 2176 3648 2449 3711; x_wconf 90' lang='lat' dir='ltr'><strong>interitus,</strong></span> <span class='ocrx_word' id='word_1_721' title='bbox 2483 3666 2787 3705; x_wconf 88' lang='lat' dir='ltr'><strong>sermonem</strong></span> <span class='ocrx_word' id='word_1_722' title='bbox 2821 3667 3038 3721; x_wconf 89' lang='lat' dir='ltr'><strong>quoque</strong></span> <span class='ocrx_word' id='word_1_723' title='bbox 3063 3654 3224 3711; x_wconf 88' lang='lat' dir='ltr'><strong>habet</strong></span> <span class='ocrx_word' id='word_1_724' title='bbox 3254 3657 3346 3726; x_wconf 91' lang='lat' dir='ltr'><strong>qui</strong></span> <span class='ocrx_word' id='word_1_725' title='bbox 3384 3658 3550 3711; x_wconf 85' lang='lat' dir='ltr'><strong>inter-</strong></span> 
     </span>
    </p>
   </div>
   <div class='ocr_carea' id='block_1_94' title="bbox 1989 3736 3551 3819">
    <p class='ocr_par' dir='ltr' id='par_1_94' title="bbox 1989 3736 3551 3819">
     <span class='ocr_line' id='line_1_94' title="bbox 1989 3736 3551 3819; baseline 0.009 -30"><span class='ocrx_word' id='word_1_726' title='bbox 1989 3736 2155 3789; x_wconf 81' lang='lat' dir='ltr'><strong>itzlta</strong></span> <span class='ocrx_word' id='word_1_727' title='bbox 2192 3746 2383 3791; x_wconf 90' lang='lat' dir='ltr'><strong>natura</strong></span> <span class='ocrx_word' id='word_1_728' title='bbox 2426 3739 2479 3792; x_wconf 95' lang='lat' dir='ltr'><strong>in</strong></span> <span class='ocrx_word' id='word_1_729' title='bbox 2518 3755 2679 3809; x_wconf 91' lang='lat' dir='ltr'><strong>quam</strong></span> <span class='ocrx_word' id='word_1_730' title='bbox 2709 3758 2815 3795; x_wconf 89' lang='lat' dir='ltr'><strong>non</strong></span> <span class='ocrx_word' id='word_1_731' title='bbox 2853 3743 2997 3797; x_wconf 81' lang='lat' dir='ltr'><strong>cadit</strong></span> <span class='ocrx_word' id='word_1_732' title='bbox 3030 3744 3305 3809; x_wconf 88' lang='lat' dir='ltr'><strong>interitus,</strong></span> <span class='ocrx_word' id='word_1_733' title='bbox 3349 3758 3404 3803; x_wconf 90' lang='lat' dir='ltr'><strong>et</strong></span> <span class='ocrx_word' id='word_1_734' title='bbox 3432 3765 3551 3819; x_wconf 68' lang='lat' dir='ltr'><strong>qum</strong></span> 
     </span>
    </p>
   </div>
   <div class='ocr_carea' id='block_1_95' title="bbox 1988 3832 3548 3902">
    <p class='ocr_par' dir='ltr' id='par_1_95' title="bbox 1988 3832 3548 3902">
     <span class='ocr_line' id='line_1_95' title="bbox 1988 3832 3548 3902; baseline 0.009 -21"><span class='ocrx_word' id='word_1_735' title='bbox 1988 3841 2206 3897; x_wconf 90' lang='lat' dir='ltr'><strong>semper</strong></span> <span class='ocrx_word' id='word_1_736' title='bbox 2246 3837 2375 3892; x_wconf 89' lang='lat' dir='ltr'><strong>stat,</strong></span> <span class='ocrx_word' id='word_1_737' title='bbox 2412 3837 2679 3885; x_wconf 73' lang='lat' dir='ltr'><strong>mternum</strong></span> <span class='ocrx_word' id='word_1_738' title='bbox 2712 3832 2877 3886; x_wconf 85' lang='lat' dir='ltr'><strong>etiam</strong></span> <span class='ocrx_word' id='word_1_739' title='bbox 2916 3834 3075 3889; x_wconf 87' lang='lat' dir='ltr'><strong>habet</strong></span> <span class='ocrx_word' id='word_1_740' title='bbox 3121 3852 3447 3902; x_wconf 86' lang='lat' dir='ltr'><strong>sermonem,</strong></span> <span class='ocrx_word' id='word_1_741' title='bbox 3493 3852 3548 3894; x_wconf 86' lang='grc' dir='ltr'><strong>ει</strong></span> 
     </span>
    </p>
   </div>
   <div class='ocr_carea' id='block_1_96' title="bbox 1986 3921 3547 3996">
    <p class='ocr_par' dir='ltr' id='par_1_96' title="bbox 1986 3921 3547 3996">
     <span class='ocr_line' id='line_1_96' title="bbox 1986 3921 3547 3996; baseline 0.008 -22"><span class='ocrx_word' id='word_1_742' title='bbox 1986 3922 2079 3989; x_wconf 85' lang='lat' dir='ltr'><strong>qui</strong></span> <span class='ocrx_word' id='word_1_743' title='bbox 2115 3921 2391 3978; x_wconf 86' lang='lat' dir='ltr'><strong>consistit.</strong></span> <span class='ocrx_word' id='word_1_744' title='bbox 2423 3922 2574 3986; x_wconf 83' lang='lat' dir='ltr'><strong>Quod</strong></span> <span class='ocrx_word' id='word_1_745' title='bbox 2602 3924 2647 3978; x_wconf 91' lang='lat' dir='ltr'><strong>si</strong></span> <span class='ocrx_word' id='word_1_746' title='bbox 2674 3923 2774 3977; x_wconf 89' lang='lat' dir='ltr'><strong>hoc</strong></span> <span class='ocrx_word' id='word_1_747' title='bbox 2806 3940 2871 3977; x_wconf 81' lang='lat' dir='ltr'><strong>ex</strong></span> <span class='ocrx_word' id='word_1_748' title='bbox 2901 3930 3254 3996; x_wconf 85' lang='lat' dir='ltr'><strong>consequenti</strong></span> <span class='ocrx_word' id='word_1_749' title='bbox 3283 3932 3547 3987; x_wconf 85' lang='lat' dir='ltr'><strong>constite-</strong></span> 
     </span>
    </p>
   </div>
   <div class='ocr_carea' id='block_1_97' title="bbox 1990 4011 3546 4084">
    <p class='ocr_par' dir='ltr' id='par_1_97' title="bbox 1990 4011 3546 4084">
     <span class='ocr_line' id='line_1_97' title="bbox 1990 4011 3546 4084; baseline 0.009 -20"><span class='ocrx_word' id='word_1_750' title='bbox 1990 4013 2057 4065; x_wconf 89' lang='lat' dir='ltr'><strong>rit</strong></span> <span class='ocrx_word' id='word_1_751' title='bbox 2082 4011 2170 4066; x_wconf 90' lang='lat' dir='ltr'><strong>Dei</strong></span> <span class='ocrx_word' id='word_1_752' title='bbox 2204 4013 2438 4067; x_wconf 86' lang='lat' dir='ltr'><strong>Verbum</strong></span> <span class='ocrx_word' id='word_1_753' title='bbox 2496 4014 2889 4083; x_wconf 78' lang='lat' dir='ltr'><strong>sempiternum</strong></span> <span class='ocrx_word' id='word_1_754' title='bbox 2948 4020 3271 4084; x_wconf 90' lang='lat' dir='ltr'><strong>consistere,</strong></span> <span class='ocrx_word' id='word_1_755' title='bbox 3319 4038 3546 4078; x_wconf 80' lang='lat' dir='ltr'><strong>necesse</strong></span> 
     </span>
    </p>
   </div>
   <div class='ocr_carea' id='block_1_98' title="bbox 1985 4103 3544 4181">
    <p class='ocr_par' dir='ltr' id='par_1_98' title="bbox 1985 4103 3544 4181">
     <span class='ocr_line' id='line_1_98' title="bbox 1985 4103 3544 4181; baseline 0.008 -26"><span class='ocrx_word' id='word_1_756' title='bbox 1985 4111 2071 4156; x_wconf 89' lang='lat' dir='ltr'><strong>cst</strong></span> <span class='ocrx_word' id='word_1_757' title='bbox 2101 4104 2326 4157; x_wconf 89' lang='lat' dir='ltr'><strong>omnino</strong></span> <span class='ocrx_word' id='word_1_758' title='bbox 2363 4103 2516 4159; x_wconf 81' lang='lat' dir='ltr'><strong>fateri</strong></span> <span class='ocrx_word' id='word_1_759' title='bbox 2545 4105 2600 4157; x_wconf 91' lang='lat' dir='ltr'><strong>in</strong></span> <span class='ocrx_word' id='word_1_760' title='bbox 2637 4106 2746 4158; x_wconf 85' lang='lat' dir='ltr'><strong>vita</strong></span> <span class='ocrx_word' id='word_1_761' title='bbox 2785 4104 2944 4161; x_wconf 85' lang='lat' dir='ltr'><strong>Verbi</strong></span> <span class='ocrx_word' id='word_1_762' title='bbox 2976 4124 3098 4163; x_wconf 89' lang='lat' dir='ltr'><strong>esse</strong></span> <span class='ocrx_word' id='word_1_763' title='bbox 3133 4110 3451 4181; x_wconf 84' lang='lat' dir='ltr'><strong>hypostasin</strong></span> <span class='ocrx_word' id='word_1_764' title='bbox 3480 4130 3544 4168; x_wconf 91' lang='lat' dir='ltr'><strong>ac</strong></span> 
     </span>
    </p>
   </div>
   <div class='ocr_carea' id='block_1_99' title="bbox 1986 4194 3546 4267">
    <p class='ocr_par' dir='ltr' id='par_1_99' title="bbox 1986 4194 3546 4267">
     <span class='ocr_line' id='line_1_99' title="bbox 1986 4194 3546 4267; baseline 0.008 -20"><span class='ocrx_word' id='word_1_765' title='bbox 1986 4194 2366 4249; x_wconf 84' lang='lat' dir='ltr'><strong>substantiam.</strong></span> <span class='ocrx_word' id='word_1_766' title='bbox 2400 4194 2561 4251; x_wconf 76' lang='lat' dir='ltr'><strong>Nefas</strong></span> <span class='ocrx_word' id='word_1_767' title='bbox 2591 4206 2675 4251; x_wconf 86' lang='lat' dir='ltr'><strong>est</strong></span> <span class='ocrx_word' id='word_1_768' title='bbox 2706 4199 2850 4251; x_wconf 88' lang='lat' dir='ltr'><strong>enim</strong></span> <span class='ocrx_word' id='word_1_769' title='bbox 2897 4210 3084 4267; x_wconf 86' lang='lat' dir='ltr'><strong>putare</strong></span> <span class='ocrx_word' id='word_1_770' title='bbox 3133 4201 3367 4257; x_wconf 90' lang='lat' dir='ltr'><strong>Verbum</strong></span> <span class='ocrx_word' id='word_1_771' title='bbox 3406 4205 3546 4260; x_wconf 89' lang='lat' dir='ltr'><strong>citra</strong></span> 
     </span>
    </p>
   </div>
   <div class='ocr_carea' id='block_1_100' title="bbox 1987 4287 3545 4359">
    <p class='ocr_par' dir='ltr' id='par_1_100' title="bbox 1987 4287 3545 4359">
     <span class='ocr_line' id='line_1_100' title="bbox 1987 4287 3545 4359; baseline 0.009 -22"><span class='ocrx_word' id='word_1_772' title='bbox 1987 4287 2223 4339; x_wconf 91' lang='lat' dir='ltr'><strong>animam</strong></span> <span class='ocrx_word' id='word_1_773' title='bbox 2255 4289 2559 4344; x_wconf 87' lang='lat' dir='ltr'><strong>consistere</strong></span> <span class='ocrx_word' id='word_1_774' title='bbox 2613 4291 2787 4343; x_wconf 91' lang='lat' dir='ltr'><strong>instar</strong></span> <span class='ocrx_word' id='word_1_775' title='bbox 2821 4290 3080 4359; x_wconf 91' lang='lat' dir='ltr'><strong>lapidum.</strong></span> <span class='ocrx_word' id='word_1_776' title='bbox 3121 4293 3222 4349; x_wconf 86' lang='lat' dir='ltr'><strong>Sed</strong></span> <span class='ocrx_word' id='word_1_777' title='bbox 3262 4296 3308 4351; x_wconf 89' lang='lat' dir='ltr'><strong>si</strong></span> <span class='ocrx_word' id='word_1_778' title='bbox 3361 4299 3545 4353; x_wconf 88' lang='lat' dir='ltr'><strong>consi-</strong></span> 
     </span>
    </p>
   </div>
   <div class='ocr_carea' id='block_1_101' title="bbox 1984 4376 3547 4459">
    <p class='ocr_par' dir='ltr' id='par_1_101' title="bbox 1984 4376 3547 4459">
     <span class='ocr_line' id='line_1_101' title="bbox 1984 4376 3547 4459; baseline 0.008 -28"><span class='ocrx_word' id='word_1_779' title='bbox 1984 4378 2100 4436; x_wconf 86' lang='lat' dir='ltr'><strong>stit.</strong></span> <span class='ocrx_word' id='word_1_780' title='bbox 2136 4386 2194 4430; x_wconf 92' lang='lat' dir='ltr'><strong>ut</strong></span> <span class='ocrx_word' id='word_1_781' title='bbox 2216 4378 2361 4447; x_wconf 88' lang='lat' dir='ltr'><strong>quod</strong></span> <span class='ocrx_word' id='word_1_782' title='bbox 2383 4376 2453 4430; x_wconf 91' lang='lat' dir='ltr'><strong>sit</strong></span> <span class='ocrx_word' id='word_1_783' title='bbox 2476 4395 2563 4435; x_wconf 89' lang='lat' dir='ltr'><strong>res</strong></span> <span class='ocrx_word' id='word_1_784' title='bbox 2592 4382 2837 4449; x_wconf 61' lang='lat' dir='ltr'><strong>quaedam</strong></span> <span class='ocrx_word' id='word_1_785' title='bbox 2878 4382 3187 4453; x_wconf 76' lang='lat' dir='ltr'><strong>intelligens</strong></span> <span class='ocrx_word' id='word_1_786' title='bbox 3221 4395 3275 4441; x_wconf 89' lang='lat' dir='ltr'><strong>ct</strong></span> <span class='ocrx_word' id='word_1_787' title='bbox 3300 4387 3547 4459; x_wconf 87' lang='lat' dir='ltr'><strong>incorpo-</strong></span> 
     </span>
    </p>
   </div>
   <div class='ocr_carea' id='block_1_102' title="bbox 1984 4469 3543 4547">
    <p class='ocr_par' dir='ltr' id='par_1_102' title="bbox 1984 4469 3543 4547">
     <span class='ocr_line' id='line_1_102' title="bbox 1984 4469 3543 4547; baseline 0.008 -26"><span class='ocrx_word' id='word_1_788' title='bbox 1984 4483 2099 4531; x_wconf 89' lang='lat' dir='ltr'><strong>rea,</strong></span> <span class='ocrx_word' id='word_1_789' title='bbox 2124 4469 2257 4521; x_wconf 85' lang='lat' dir='ltr'><strong>vivit</strong></span> <span class='ocrx_word' id='word_1_790' title='bbox 2286 4470 2529 4524; x_wconf 90' lang='lat' dir='ltr'><strong>omnino.</strong></span> <span class='ocrx_word' id='word_1_791' title='bbox 2566 4471 2662 4526; x_wconf 89' lang='lat' dir='ltr'><strong>Sin</strong></span> <span class='ocrx_word' id='word_1_792' title='bbox 2694 4481 2874 4526; x_wconf 90' lang='lat' dir='ltr'><strong>autem</strong></span> <span class='ocrx_word' id='word_1_793' title='bbox 2905 4483 2990 4529; x_wconf 88' lang='lat' dir='ltr'><strong>est</strong></span> <span class='ocrx_word' id='word_1_794' title='bbox 3016 4490 3046 4527; x_wconf 88' lang='lat' dir='ltr'><strong>a</strong></span> <span class='ocrx_word' id='word_1_795' title='bbox 3077 4476 3185 4529; x_wconf 90' lang='lat' dir='ltr'><strong>vita</strong></span> <span class='ocrx_word' id='word_1_796' title='bbox 3207 4488 3543 4547; x_wconf 89' lang='lat' dir='ltr'><strong>separatum,</strong></span> 
     </span>
    </p>
   </div>
   <div class='ocr_carea' id='block_1_103' title="bbox 1984 4561 3545 4639">
    <p class='ocr_par' dir='ltr' id='par_1_103' title="bbox 1984 4561 3545 4639">
     <span class='ocr_line' id='line_1_103' title="bbox 1984 4561 3545 4639; baseline 0.01 -26"><span class='ocrx_word' id='word_1_797' title='bbox 1984 4576 2049 4615; x_wconf 91' lang='lat' dir='ltr'><strong>ne</strong></span> <span class='ocrx_word' id='word_1_798' title='bbox 2083 4561 2305 4615; x_wconf 89' lang='lat' dir='ltr'><strong>omnino</strong></span> <span class='ocrx_word' id='word_1_799' title='bbox 2339 4562 2555 4629; x_wconf 90' lang='lat' dir='ltr'><strong>quidem</strong></span> <span class='ocrx_word' id='word_1_800' title='bbox 2589 4564 2863 4619; x_wconf 85' lang='lat' dir='ltr'><strong>consistit.</strong></span> <span class='ocrx_word' id='word_1_801' title='bbox 2916 4566 3080 4636; x_wconf 81' lang='lat' dir='ltr'><strong>Atqui</strong></span> <span class='ocrx_word' id='word_1_802' title='bbox 3142 4567 3368 4639; x_wconf 91' lang='lat' dir='ltr'><strong>impium</strong></span> <span class='ocrx_word' id='word_1_803' title='bbox 3419 4588 3545 4628; x_wconf 89' lang='lat' dir='ltr'><strong>esse</strong></span> 
     </span>
    </p>
   </div>
   <div class='ocr_carea' id='block_1_104' title="bbox 1982 4652 3548 4727">
    <p class='ocr_par' dir='ltr' id='par_1_104' title="bbox 1982 4652 3548 4727">
     <span class='ocr_line' id='line_1_104' title="bbox 1982 4652 3548 4727; baseline 0.008 -21"><span class='ocrx_word' id='word_1_804' title='bbox 1982 4660 2262 4707; x_wconf 88' lang='lat' dir='ltr'><strong>ostensum</strong></span> <span class='ocrx_word' id='word_1_805' title='bbox 2294 4660 2397 4718; x_wconf 90' lang='lat' dir='ltr'><strong>est,</strong></span> <span class='ocrx_word' id='word_1_806' title='bbox 2436 4652 2532 4709; x_wconf 90' lang='lat' dir='ltr'><strong>Dei</strong></span> <span class='ocrx_word' id='word_1_807' title='bbox 2571 4654 2805 4709; x_wconf 85' lang='lat' dir='ltr'><strong>Verbum</strong></span> <span class='ocrx_word' id='word_1_808' title='bbox 2838 4657 3062 4712; x_wconf 91' lang='lat' dir='ltr'><strong>minime</strong></span> <span class='ocrx_word' id='word_1_809' title='bbox 3104 4660 3425 4717; x_wconf 86' lang='lat' dir='ltr'><strong>consistere.</strong></span> <span class='ocrx_word' id='word_1_810' title='bbox 3460 4662 3548 4727; x_wconf 75' lang='lat' dir='ltr'><strong>Si—</strong></span> 
     </span>
    </p>
   </div>
   <div class='ocr_carea' id='block_1_105' title="bbox 1984 4744 3543 4818">
    <p class='ocr_par' dir='ltr' id='par_1_105' title="bbox 1984 4744 3543 4818">
     <span class='ocr_line' id='line_1_105' title="bbox 1984 4744 3543 4818; baseline 0.008 -23"><span class='ocrx_word' id='word_1_811' title='bbox 1984 4744 2093 4798; x_wconf 92' lang='lat' dir='ltr'><strong>mul</strong></span> <span class='ocrx_word' id='word_1_812' title='bbox 2122 4758 2252 4813; x_wconf 79' lang='lat' dir='ltr'><strong>ergo</strong></span> <span class='ocrx_word' id='word_1_813' title='bbox 2271 4751 2550 4800; x_wconf 90' lang='lat' dir='ltr'><strong>ostensum</strong></span> <span class='ocrx_word' id='word_1_814' title='bbox 2573 4752 2653 4800; x_wconf 86' lang='lat' dir='ltr'><strong>est</strong></span> <span class='ocrx_word' id='word_1_815' title='bbox 2676 4761 2743 4800; x_wconf 77' lang='lat' dir='ltr'><strong>ex</strong></span> <span class='ocrx_word' id='word_1_816' title='bbox 2766 4758 3155 4818; x_wconf 82' lang='lat' dir='ltr'><strong>consequente,</strong></span> <span class='ocrx_word' id='word_1_817' title='bbox 3178 4750 3281 4805; x_wconf 92' lang='lat' dir='ltr'><strong>hoc</strong></span> <span class='ocrx_word' id='word_1_818' title='bbox 3304 4752 3543 4808; x_wconf 89' lang='lat' dir='ltr'><strong>Verbum</strong></span> 
     </span>
    </p>
   </div>
   <div class='ocr_carea' id='block_1_106' title="bbox 1980 4835 3546 4900">
    <p class='ocr_par' dir='ltr' id='par_1_106' title="bbox 1980 4835 3546 4900">
     <span class='ocr_line' id='line_1_106' title="bbox 1980 4835 3546 4900; baseline 0.007 -12"><span class='ocrx_word' id='word_1_819' title='bbox 1980 4835 2034 4889; x_wconf 90' lang='lat' dir='ltr'><strong>in</strong></span> <span class='ocrx_word' id='word_1_820' title='bbox 2072 4835 2177 4889; x_wconf 80' lang='lat' dir='ltr'><strong>vita</strong></span> <span class='ocrx_word' id='word_1_821' title='bbox 2205 4836 2564 4891; x_wconf 89' lang='lat' dir='ltr'><strong>considerari.</strong></span> <span class='ocrx_word' id='word_1_822' title='bbox 2595 4835 2729 4890; x_wconf 90' lang='lat' dir='ltr'><strong>Cum</strong></span> <span class='ocrx_word' id='word_1_823' title='bbox 2766 4847 2947 4893; x_wconf 90' lang='lat' dir='ltr'><strong>autem</strong></span> <span class='ocrx_word' id='word_1_824' title='bbox 2975 4838 3138 4894; x_wconf 86' lang='lat' dir='ltr'><strong>Verbi</strong></span> <span class='ocrx_word' id='word_1_825' title='bbox 3165 4842 3432 4898; x_wconf 91' lang='lat' dir='ltr'><strong>creditum</strong></span> <span class='ocrx_word' id='word_1_826' title='bbox 3472 4846 3546 4900; x_wconf 88' lang='lat' dir='ltr'><strong>sit</strong></span> 
     </span>
    </p>
   </div>
   <div class='ocr_carea' id='block_1_107' title="bbox 1980 4926 3545 4999">
    <p class='ocr_par' dir='ltr' id='par_1_107' title="bbox 1980 4926 3545 4999">
     <span class='ocr_line' id='line_1_107' title="bbox 1980 4926 3545 4999; baseline 0.006 -19"><span class='ocrx_word' id='word_1_827' title='bbox 1980 4926 2280 4996; x_wconf 90' lang='lat' dir='ltr'><strong>simplicem</strong></span> <span class='ocrx_word' id='word_1_828' title='bbox 2337 4942 2462 4982; x_wconf 89' lang='lat' dir='ltr'><strong>esse</strong></span> <span class='ocrx_word' id='word_1_829' title='bbox 2516 4936 2791 4992; x_wconf 90' lang='lat' dir='ltr'><strong>naturam,</strong></span> <span class='ocrx_word' id='word_1_830' title='bbox 2840 4937 2894 4985; x_wconf 90' lang='lat' dir='ltr'><strong>et</strong></span> <span class='ocrx_word' id='word_1_831' title='bbox 2933 4945 3054 4999; x_wconf 67' lang='lat' dir='ltr'><strong>qua:</strong></span> <span class='ocrx_word' id='word_1_832' title='bbox 3105 4932 3163 4986; x_wconf 89' lang='lat' dir='ltr'><strong>in</strong></span> <span class='ocrx_word' id='word_1_833' title='bbox 3226 4948 3286 4989; x_wconf 93' lang='lat' dir='ltr'><strong>se</strong></span> <span class='ocrx_word' id='word_1_834' title='bbox 3338 4936 3545 4989; x_wconf 89' lang='lat' dir='ltr'><strong>nullam</strong></span> 
     </span>
    </p>
   </div>
   <div class='ocr_carea' id='block_1_108' title="bbox 1976 5018 3547 5090">
    <p class='ocr_par' dir='ltr' id='par_1_108' title="bbox 1976 5018 3547 5090">
     <span class='ocr_line' id='line_1_108' title="bbox 1976 5018 3547 5090; baseline 0.004 -17"><span class='ocrx_word' id='word_1_835' title='bbox 1976 5018 2231 5073; x_wconf 89' lang='lat' dir='ltr'><strong>ostendat</strong></span> <span class='ocrx_word' id='word_1_836' title='bbox 2259 5018 2633 5087; x_wconf 90' lang='lat' dir='ltr'><strong>duplicitatem</strong></span> <span class='ocrx_word' id='word_1_837' title='bbox 2665 5027 2720 5074; x_wconf 91' lang='lat' dir='ltr'><strong>et</strong></span> <span class='ocrx_word' id='word_1_838' title='bbox 2749 5022 3202 5090; x_wconf 87' lang='lat' dir='ltr'><strong>compositionem</strong></span> <span class='ocrx_word' id='word_1_839' title='bbox 3222 5065 3237 5087; x_wconf 89' lang='lat'><strong>,</strong></span> <span class='ocrx_word' id='word_1_840' title='bbox 3271 5040 3379 5079; x_wconf 92' lang='lat' dir='ltr'><strong>non</strong></span> <span class='ocrx_word' id='word_1_841' title='bbox 3439 5027 3547 5080; x_wconf 82' lang='lat' dir='ltr'><strong>uti-</strong></span> 
     </span>
    </p>
   </div>
   <div class='ocr_carea' id='block_1_109' title="bbox 1977 5107 3546 5182">
    <p class='ocr_par' dir='ltr' id='par_1_109' title="bbox 1977 5107 3546 5182">
     <span class='ocr_line' id='line_1_109' title="bbox 1977 5107 3546 5182; baseline 0.006 -19"><span class='ocrx_word' id='word_1_842' title='bbox 1977 5124 2085 5179; x_wconf 88' lang='lat' dir='ltr'><strong>que</strong></span> <span class='ocrx_word' id='word_1_843' title='bbox 2114 5107 2356 5164; x_wconf 84' lang='lat' dir='ltr'><strong>Verbum</strong></span> <span class='ocrx_word' id='word_1_844' title='bbox 2386 5126 2511 5166; x_wconf 90' lang='lat' dir='ltr'><strong>esse</strong></span> <span class='ocrx_word' id='word_1_845' title='bbox 2548 5110 2604 5165; x_wconf 90' lang='lat' dir='ltr'><strong>in</strong></span> <span class='ocrx_word' id='word_1_846' title='bbox 2647 5112 2760 5165; x_wconf 83' lang='lat' dir='ltr'><strong>vita</strong></span> <span class='ocrx_word' id='word_1_847' title='bbox 2804 5112 2927 5182; x_wconf 88' lang='lat' dir='ltr'><strong>quis</strong></span> <span class='ocrx_word' id='word_1_848' title='bbox 2987 5115 3418 5170; x_wconf 88' lang='lat' dir='ltr'><strong>consideraverit</strong></span> <span class='ocrx_word' id='word_1_849' title='bbox 3477 5134 3546 5173; x_wconf 75' lang='lat' dir='ltr'><strong>ex</strong></span> 
     </span>
    </p>
   </div>
   <div class='ocr_carea' id='block_1_110' title="bbox 1976 5200 3541 5277">
    <p class='ocr_par' dir='ltr' id='par_1_110' title="bbox 1976 5200 3541 5277">
     <span class='ocr_line' id='line_1_110' title="bbox 1976 5200 3541 5277; baseline 0.004 -22"><span class='ocrx_word' id='word_1_850' title='bbox 1976 5201 2103 5255; x_wconf 67' lang='lat' dir='ltr'><strong>vita:</strong></span> <span class='ocrx_word' id='word_1_851' title='bbox 2132 5202 2569 5271; x_wconf 87' lang='lat' dir='ltr'><strong>participatione.</strong></span> <span class='ocrx_word' id='word_1_852' title='bbox 2600 5200 2719 5256; x_wconf 88' lang='lat' dir='ltr'><strong>Non</strong></span> <span class='ocrx_word' id='word_1_853' title='bbox 2748 5203 2893 5258; x_wconf 92' lang='lat' dir='ltr'><strong>enim</strong></span> <span class='ocrx_word' id='word_1_854' title='bbox 2913 5213 3067 5259; x_wconf 84' lang='lat' dir='ltr'><strong>extra</strong></span> <span class='ocrx_word' id='word_1_855' title='bbox 3089 5207 3541 5277; x_wconf 89' lang='lat' dir='ltr'><strong>compositionem</strong></span> 
     </span>
    </p>
   </div>
   <div class='ocr_carea' id='block_1_111' title="bbox 1977 5293 3541 5362">
    <p class='ocr_par' dir='ltr' id='par_1_111' title="bbox 1977 5293 3541 5362">
     <span class='ocr_line' id='line_1_111' title="bbox 1977 5293 3541 5362; baseline 0.004 -15"><span class='ocrx_word' id='word_1_856' title='bbox 1977 5294 2142 5348; x_wconf 78' lang='lat' dir='ltr'><strong>fuerit</strong></span> <span class='ocrx_word' id='word_1_857' title='bbox 2169 5293 2482 5362; x_wconf 85' lang='lat' dir='ltr'><strong>hujusmodi</strong></span> <span class='ocrx_word' id='word_1_858' title='bbox 2499 5293 3049 5359; x_wconf 80' lang='lat' dir='ltr'><strong>existimatio,dicere</strong></span> <span class='ocrx_word' id='word_1_859' title='bbox 3075 5298 3306 5353; x_wconf 86' lang='lat' dir='ltr'><strong>alterum</strong></span> <span class='ocrx_word' id='word_1_860' title='bbox 3331 5314 3453 5354; x_wconf 89' lang='lat' dir='ltr'><strong>esse</strong></span> <span class='ocrx_word' id='word_1_861' title='bbox 3484 5299 3541 5353; x_wconf 91' lang='lat' dir='ltr'><strong>in</strong></span> 
     </span>
    </p>
   </div>
   <div class='ocr_carea' id='block_1_112' title="bbox 1975 5384 3543 5453">
    <p class='ocr_par' dir='ltr' id='par_1_112' title="bbox 1975 5384 3543 5453">
     <span class='ocr_line' id='line_1_112' title="bbox 1975 5384 3543 5453; baseline 0.005 -15"><span class='ocrx_word' id='word_1_862' title='bbox 1975 5384 2187 5439; x_wconf 88' lang='lat' dir='ltr'><strong>altero:</strong></span> <span class='ocrx_word' id='word_1_863' title='bbox 2228 5384 2323 5439; x_wconf 90' lang='lat' dir='ltr'><strong>sed</strong></span> <span class='ocrx_word' id='word_1_864' title='bbox 2364 5385 2588 5440; x_wconf 92' lang='lat' dir='ltr'><strong>omnino</strong></span> <span class='ocrx_word' id='word_1_865' title='bbox 2634 5402 2861 5443; x_wconf 90' lang='lat' dir='ltr'><strong>necesse</strong></span> <span class='ocrx_word' id='word_1_866' title='bbox 2896 5398 3000 5453; x_wconf 88' lang='lat' dir='ltr'><strong>est,</strong></span> <span class='ocrx_word' id='word_1_867' title='bbox 3052 5403 3176 5443; x_wconf 92' lang='lat' dir='ltr'><strong>cum</strong></span> <span class='ocrx_word' id='word_1_868' title='bbox 3211 5397 3426 5445; x_wconf 85' lang='lat' dir='ltr'><strong>constet</strong></span> <span class='ocrx_word' id='word_1_869' title='bbox 3471 5390 3543 5446; x_wconf 83' lang='lat' dir='ltr'><strong>de</strong></span> 
     </span>
    </p>
   </div>
   <div class='ocr_carea' id='block_1_113' title="bbox 1977 5475 3536 5553">
    <p class='ocr_par' dir='ltr' id='par_1_113' title="bbox 1977 5475 3536 5553">
     <span class='ocr_line' id='line_1_113' title="bbox 1977 5475 3536 5553; baseline 0.006 -23"><span class='ocrx_word' id='word_1_870' title='bbox 1977 5475 2346 5544; x_wconf 89' lang='lat' dir='ltr'><strong>simplicitate,</strong></span> <span class='ocrx_word' id='word_1_871' title='bbox 2381 5476 2555 5546; x_wconf 89' lang='lat' dir='ltr'><strong>ipsam</strong></span> <span class='ocrx_word' id='word_1_872' title='bbox 2588 5492 2684 5547; x_wconf 89' lang='lat' dir='ltr'><strong>per</strong></span> <span class='ocrx_word' id='word_1_873' title='bbox 2709 5493 2767 5534; x_wconf 90' lang='lat' dir='ltr'><strong>se</strong></span> <span class='ocrx_word' id='word_1_874' title='bbox 2803 5480 2964 5533; x_wconf 89' lang='lat' dir='ltr'><strong>vitam</strong></span> <span class='ocrx_word' id='word_1_875' title='bbox 2998 5479 3234 5536; x_wconf 89' lang='lat' dir='ltr'><strong>Verbum</strong></span> <span class='ocrx_word' id='word_1_876' title='bbox 3276 5498 3398 5538; x_wconf 88' lang='lat' dir='ltr'><strong>esse</strong></span> <span class='ocrx_word' id='word_1_877' title='bbox 3432 5499 3536 5553; x_wconf 93' lang='lat' dir='ltr'><strong>pu-</strong></span> 
     </span>
    </p>
   </div>
   <div class='ocr_carea' id='block_1_114' title="bbox 1976 5569 3538 5643">
    <p class='ocr_par' dir='ltr' id='par_1_114' title="bbox 1976 5569 3538 5643">
     <span class='ocr_line' id='line_1_114' title="bbox 1976 5569 3538 5643; baseline 0.006 -24"><span class='ocrx_word' id='word_1_878' title='bbox 1976 5574 2116 5629; x_wconf 90' lang='lat' dir='ltr'><strong>tare,</strong></span> <span class='ocrx_word' id='word_1_879' title='bbox 2142 5581 2247 5621; x_wconf 92' lang='lat' dir='ltr'><strong>non</strong></span> <span class='ocrx_word' id='word_1_880' title='bbox 2269 5575 2450 5622; x_wconf 91' lang='lat' dir='ltr'><strong>autem</strong></span> <span class='ocrx_word' id='word_1_881' title='bbox 2482 5569 2606 5623; x_wconf 74' lang='lat' dir='ltr'><strong>vita:</strong></span> <span class='ocrx_word' id='word_1_882' title='bbox 2631 5570 3120 5641; x_wconf 84' lang='lat' dir='ltr'><strong>participationem.</strong></span> <span class='ocrx_word' id='word_1_883' title='bbox 3156 5571 3212 5627; x_wconf 92' lang='lat' dir='ltr'><strong>Si</strong></span> <span class='ocrx_word' id='word_1_884' title='bbox 3239 5589 3369 5643; x_wconf 76' lang='lat' dir='ltr'><strong>ergo</strong></span> <span class='ocrx_word' id='word_1_885' title='bbox 3403 5576 3538 5629; x_wconf 81' lang='lat' dir='ltr'><strong>vivit</strong></span> 
     </span>
    </p>
   </div>
   <div class='ocr_carea' id='block_1_115' title="bbox 1975 5657 3536 5735">
    <p class='ocr_par' dir='ltr' id='par_1_115' title="bbox 1975 5657 3536 5735">
     <span class='ocr_line' id='line_1_115' title="bbox 1975 5657 3536 5735; baseline 0.006 -23"><span class='ocrx_word' id='word_1_886' title='bbox 1975 5657 2210 5714; x_wconf 86' lang='lat' dir='ltr'><strong>Verbum</strong></span> <span class='ocrx_word' id='word_1_887' title='bbox 2250 5674 2376 5715; x_wconf 88' lang='lat' dir='ltr'><strong>cum</strong></span> <span class='ocrx_word' id='word_1_888' title='bbox 2404 5662 2477 5716; x_wconf 91' lang='lat' dir='ltr'><strong>sit</strong></span> <span class='ocrx_word' id='word_1_889' title='bbox 2503 5661 2635 5726; x_wconf 89' lang='lat' dir='ltr'><strong>vita,</strong></span> <span class='ocrx_word' id='word_1_890' title='bbox 2686 5663 2908 5718; x_wconf 91' lang='lat' dir='ltr'><strong>omnino</strong></span> <span class='ocrx_word' id='word_1_891' title='bbox 2938 5680 3156 5735; x_wconf 90' lang='lat' dir='ltr'><strong>quoque</strong></span> <span class='ocrx_word' id='word_1_892' title='bbox 3216 5666 3379 5722; x_wconf 87' lang='lat' dir='ltr'><strong>habet</strong></span> <span class='ocrx_word' id='word_1_893' title='bbox 3429 5670 3536 5722; x_wconf 87' lang='lat' dir='ltr'><strong>vim</strong></span> 
     </span>
    </p>
   </div>
   <div class='ocr_carea' id='block_1_116' title="bbox 1974 5753 3536 5830">
    <p class='ocr_par' dir='ltr' id='par_1_116' title="bbox 1974 5753 3536 5830">
     <span class='ocr_line' id='line_1_116' title="bbox 1974 5753 3536 5830; baseline 0.007 -23"><span class='ocrx_word' id='word_1_894' title='bbox 1974 5754 2141 5809; x_wconf 90' lang='lat' dir='ltr'><strong>libere</strong></span> <span class='ocrx_word' id='word_1_895' title='bbox 2168 5753 2417 5826; x_wconf 73' lang='lat' dir='ltr'><strong>eligendi.</strong></span> <span class='ocrx_word' id='word_1_896' title='bbox 2456 5754 2602 5810; x_wconf 80' lang='lat' dir='ltr'><strong>Nihil</strong></span> <span class='ocrx_word' id='word_1_897' title='bbox 2656 5756 2805 5811; x_wconf 90' lang='lat' dir='ltr'><strong>enim</strong></span> <span class='ocrx_word' id='word_1_898' title='bbox 2851 5765 3029 5814; x_wconf 82' lang='lat' dir='ltr'><strong>estex</strong></span> <span class='ocrx_word' id='word_1_899' title='bbox 3058 5758 3127 5813; x_wconf 92' lang='lat' dir='ltr'><strong>iis</strong></span> <span class='ocrx_word' id='word_1_900' title='bbox 3154 5774 3274 5830; x_wconf 72' lang='lat' dir='ltr'><strong>qua:</strong></span> <span class='ocrx_word' id='word_1_901' title='bbox 3322 5762 3536 5826; x_wconf 87' lang='lat' dir='ltr'><strong>vivunt.</strong></span> 
     </span>
    </p>
   </div>
  </div>
