4066 6374
515 435 583 488 ιςς
1413 498 1419 507 _
1608 467 1617 478 .
1708 428 1766 482 ε.
1807 425 2100 481 cascom

2203 422 2463 478 lYSSENl
3691 418 3757 475 16

516 549 659 618 quod
699 564 804 602 non
839 549 908 602 sit
939 547 1041 601 hac
1070 546 1121 599 vi
1184 543 1491 614 pneditum.
1539 540 1687 595 lianc
1732 550 1914 594 autem
1949 541 2085 593 libe-

2203 537 2465 590 ίδύνατον.
2503 535 2668 588 Οὑδὲν
2694 534 2799 605 γὰρ
2827 534 3167 604 ἀπεμφαῖνον
3194 533 3301 587 τῶν
3330 533 3457 606 περὶ
3492 533 3587 604 τὴν
3613 533 3761 588 θείαν

520 656 634 694 ram
666 639 987 694 electionem
1012 652 1134 691 esse
1155 637 1316 689 etiam
1340 641 1610 704 potentem
1633 647 1696 686 ex
1725 631 2084 700 consequenti

520 731 667 801 pium
697 738 779 785 est
808 727 1176 783 considerare.
1209 725 1321 780 Nisi
1348 725 1491 779 enim
1516 723 1738 777 fatearis
1761 723 2080 793 potentiam,

521 833 733 879 astrues
759 821 984 874 omnino
1011 818 1410 888 impotentiam.
1447 815 1612 882 Atqui
1648 813 1969 884 impotentia
2001 821 2086 866 est

519 914 676 968 valde
711 922 918 967 remota
947 914 1015 966 ab
1049 928 1110 966 ea
1152 926 1271 979 quae
1302 911 1369 965 de
1399 909 1507 963 Deo
1546 909 1776 961 habetur
1807 908 2088 962 existima-

529 1008 689 1062 ‘iionc.
726 1005 871 1059 Nihil
903 1006 1046 1060 enim
1089 1002 1336 1067 absurdi,
1363 1009 1417 1056 et
1455 1000 1599 1070 quod
1631 1015 1737 1054 non
1793 998 2083 1061 cohaereat,

553 1100 900 1154 onsideratur
929 1113 994 1152 ex
1026 1098 1094 1151 iis
1118 1112 1237 1165 quae
1278 1103 1406 1150 sunt
1434 1095 1486 1147 in
1521 1093 1702 1148 divina
1734 1100 1960 1147 natura:
1990 1107 2088 1145 ne-

555 1207 679 1245 csse
729 1196 813 1243 est
847 1187 1070 1241 omnino
1129 1186 1287 1238 lateri
1325 1190 1531 1237 tantam
1580 1198 1702 1237 esse
1756 1182 1862 1234 vim
1900 1181 2086 1244 Verbi,

539 1289 789 1352 guantum
822 1288 905 1333 est
935 1278 1096 1332 etiam
1130 1277 1493 1347 propositum,
1526 1290 1592 1329 ne
1621 1273 1866 1344 quaedam
1906 1274 2089 1328 mistio

538 1380 573 1424 (ι
591 1383 892 1426 concursus
909 1367 1124 1437 quidam
1141 1365 1537 1418 contrariorum
1559 1363 1936 1418 consideretur
1953 1361 2007 1414 in
2024 1376 2090 1416 eo

527 1462 666 1533 quod
707 1469 790 1516 est
821 1460 1072 1528 simplex,
1107 1457 1236 1510 dum
1270 1455 1507 1524 polentia
1538 1466 1591 1509 ct
1615 1453 1934 1523 impotentia
1959 1467 2092 1505 con-

524 1553 838 1607 siderantur
878 1550 930 1601 in
966 1547 1153 1601 eodem
1197 1542 1587 1628 pgopositohsi
1622 1541 1839 1610 quidem
1886 1538 2091 1608 aliquid

525 1644 742 1714 quidem
773 1642 966 1710 possit,
998 1639 1064 1693 ad
1100 1637 1305 1707 aliquid
1345 1652 1473 1691 vero
1530 1637 1600 1690 sit
1630 1636 1924 1703 impotens.
1954 1629 2089 1684 Cum

526 1736 918 1789 omniaantem
971 1731 1144 1801 possit
1201 1728 1359 1783 Verbi
1417 1727 1632 1790 electio,
1659 1740 1779 1780 eam
1836 1723 1900 1775 ad
1958 1721 2091 1775 nihil

528 1829 653 1881 mali
678 1827 877 1880 habere
907 1823 1347 1894 propensionem,
1403 1819 1471 1872 ad
1519 1819 1709 1872 vitium
1763 1816 1906 1869 enim
1962 1829 2090 1884 pro-

2187 628 2468 699 θεωρεῖται
2501 627 2690 696 φύσιν
2722 627 2935 696 ἀνάγκη
2974 628 3125 679 πᾶσα
3157 626 3422 696 τοσαύτην
3449 622 3586 680 εἶναι
3630 629 3761 697 ὁμο-

2187 714 2367 783 λογεῖν
2392 713 2486 766 τοῦ
2521 715 2695 783 Λόγου
2723 715 2823 785 τὴν
2863 713 3111 784 δύναμιν,
3143 715 3242 784 ὃση
3271 716 3387 767 ἐστὶ
3425 716 3518 768 καί⁵
3555 717 3588 784 ἡ
3627 716 3763 786 πρό-

2189 805 2357 869 θεσις,
2393 807 2479 860 ἵνα
2510 807 2584 877 μή
2625 823 2707 870 τις
2735 806 2879 876 μίξις
2907 805 3016 859 τῶν
3059 806 3316 859 ἐναντίων
3355 807 3448 860 καὶ
3493 806 3762 877 συνδρομὴ

2188 901 2318 972 περὶ
2358 900 2419 952 τὺ
2458 898 2663 953 ἁπλοῦν
2711 901 2996 972 θεωροῖτο,
3050 899 3351 969 ἀδυναμίας
3383 917 3439 952 τε
3489 898 3764 952 καὶ-δυνά-

2192 1009 2334 1062 μεως
2375 993 2434 1044 ἐν
2477 995 2543 1063 τῇ
2589 993 2724 1063 αὑτῇ
2765 991 3016 1063 προθέσει
3061 991 3476 1062 θεωρουμένων,
3505 991 3662 1061 εἴπερ
3703 989 3764 1042 es

2193 1084 2292 1155 μέν
2314 1101 2395 1136 τοι
2422 1083 2654 1147 δύναιτο,
2681 1084 2814 1154 πρὸς
2829 1083 2884 1135 δέ
2909 1101 2960 1136 τι
2991 1082 3284 1144 ἀδυνάτως.
3310 1081 3494 1135 Πάντα
3524 1081 3579 1134 δὲ
3613 1081 3767 1134 δυνα-

2193 1172 2358 1243 μένην
2404 1171 2502 1243 τὴν
2547 1171 2641 1225 τοῦ
2689 1172 2862 1240 Λόγου
2910 1172 3229 1243 προαίρεσιν
3289 1169 3425 1241 πρὸς
3462 1170 3613 1223 οὐδὲν
3656 1170 3765 1222 τῶν

2169 1266 2375 1320 ,κακῶν
2396 1266 2493 1336 τὴν
2519 1265 2691 1337 ῥοπὴν
2725 1265 2868 1335 ἔχειν
2887 1283 2900 1296 ·
2927 1265 3183 1336 ἀλλοτρία
3224 1263 3332 1335 γὰρ
3357 1265 3456 1333 τῆς
3490 1263 3635 1326 θείας
3664 1263 3768 1333 φύ-

2171 1376 2328 1429 νσεως
2355 1361 2387 1430 ἡ
2423 1359 2557 1428 πρὸς
2588 1357 2782 1411 κακίαν
2823 1359 2989 1428 ὁρμή·
3036 1357 3172 1411 ἀλλὰ
3218 1360 3325 1411 πᾶν
3346 1359 3374 1410 ὃ
3400 1357 3451 1410 τί
3483 1357 3586 1426 πέρ
3620 1358 3766 1408 ἐστιν

2191 1450 2413 1517 ἀγαθὸν,
2447 1449 2602 1503 τοῦτο
2635 1450 2728 1503 καὶ
2759 1447 3061 1516 βούλεσθαι.
3088 1448 3427 1519 Βουλομένην
3457 1448 3514 1502 δὲ
3552 1447 3768 1510 πάντως

2193 1543 2286 1594 καὶ
2332 1541 2614 1594 δύνασθαι.
2647 1540 2956 1610 Δυναμένην
2998 1540 3054 1592 δὲ
3098 1539 3173 1611 μὴ
3207 1539 3563 1610 ἀνενέργητον
3605 1534 3764 1601 εἶναι,

2195 1631 2326 1685 ἀλλὰ
2354 1634 2530 1685 πᾶσαν
2556 1630 2760 1701 ἀγαθοῦ
2780 1631 3090 1702 προαίρεσιν
3111 1633 3189 1694 εἰς
3209 1631 3486 1701 ἐνέργειαν
3515 1630 3641 1698 ἄγει
3661 1629 3763 1702 [v].

2207 1722 2431 1792 Ἀγαθὸν
2467 1722 2524 1774 δὲ
2556 1725 2584 1775 6
2611 1723 2833 1792 κόσμος,
2874 1723 3057 1792 καὶτὰ
3089 1723 3146 1775 ὲν
3175 1721 3332 1792 ἀὐτῷ
3371 1722 3549 1775 πάντα
3591 1721 3767 1789 σοφῶς

2193 1833 2252 1868 τε
2285 1815 2377 1867 καὶ
2419 1813 2681 1885 τεχνικῶς
2714 1813 3082 1885 θεωρούμενα.
3117 1816 3258 1885 Ἀρα
3297 1813 3390 1866 τοῦ
3422 1814 3594 1882 Λόγου
3632 1811 3769 1884 ἔργα
3849 1863 3851 1865 ,

528 1918 716 1986 pensio
741 1926 824 1972 est
859 1916 1032 1972 aliena
1069 1929 1098 1966 a
1130 1913 1314 1968 divina
1345 1919 1561 1973 natura,
1593 1908 1687 1964 sed
1717 1905 1980 1976 quidquid
2009 1911 2090 1958 est

2203 1905 2260 1957 τὰ
2289 1906 2464 1958 πάντα
2497 1904 2592 1958 τοῦ
2632 1895 2832 1969 ζῶντος
2864 1906 2960 1976 μὲν
3003 1905 3099 1958 καὶ
3149 1905 3475 1974 ὑφεστῶτος,
3505 1906 3586 1958 ὅτι
3631 1902 3768 1957 Θεοῦ

528 2013 730 2070 bonum
757 2071 764 2076 _
787 2007 889 2060 hoc
934 2006 1096 2057 etiam
1131 2003 1285 2056 velle.
1341 2000 1620 2053 Volentcm
1661 2007 1840 2052 autem
1871 1997 2094 2050 omnino

526 2104 688 2156 etiam
726 2115 902 2169 posse.
933 2097 1212 2150 Putentem
1257 2102 1434 2147 autem
1487 2107 1594 2145 non
1636 2105 1758 2145 esse
1791 2088 2094 2169 ejusmodi,

529 2205 588 2248 ut
619 2168 736 2247 non
753 2199 1029 2260 operetur,
1059 2187 1152 2242 sed
1177 2201 1337 2240 omne
1372 2185 1501 2239 boni
1542 2183 1886 2254 propositum
1919 2168 2094 2234 dedu-

528 2288 603 2338 cit
641 2285 706 2338 ad
738 2283 1129 2354 operationem.
1162 2280 1370 2332 Bonum
1403 2287 1581 2331 autem
1621 2284 1706 2330 est
1738 2274 1995 2336 mundus,
2045 2281 2098 2326 et

529 2392 648 2443 quae
683 2374 736 2426 in
771 2388 836 2426 eo
871 2380 998 2425 sunt
1023 2370 1203 2424 omnia
1236 2369 1509 2436 sapienter
1539 2373 1594 2421 et
1633 2365 1929 2419 artiﬁciose
1959 2379 2098 2418 con-

529 2467 786 2518 siderata.
824 2462 964 2516 Sunt
1013 2463 1157 2516 enim
1214 2460 1396 2511 omnia
1448 2471 1613 2526 Opera
1664 2454 1828 2509 Verbi
1865 2453 2098 2508 viventis

533 2558 749 2627 quidem
781 2564 834 2609 et
860 2551 1384 2620 consistentis,quia
1412 2558 1495 2604 est
1520 2547 1755 2601 Verbum
1791 2546 1906 2610 Dei,
1932 2546 2100 2600 libere

535 2657 714 2702 autem
741 2645 1011 2715 eligentis,
1047 2644 1172 2712 quia
1237 2642 1391 2703 vivit,
1428 2639 1665 2709 potentis
1725 2648 1905 2692 autem
1936 2637 2099 2708 quid-

534 2739 663 2810 quid
697 2738 939 2808 elegerit,
980 2734 1127 2804 quod
1179 2735 1380 2787 bonum
1433 2740 1517 2787 est
1545 2740 1724 2785 autem
1794 2739 1848 2784 et
1879 2731 2100 2799 sapiens

534 2829 759 2884 omnino
800 2825 1070 2894 eligentis.
1105 2830 1159 2876 et
1206 2823 1250 2875 si
1291 2822 1419 2891 quid
1457 2818 1852 2889 pr:rstautioris
1893 2826 1978 2872 est
2027 2817 2102 2869 si-

532 2918 918 2992 gniﬁcationis.
948 2915 1218 2981 Quoniam
1244 2929 1374 2982 ergo
1401 2912 1623 2981 aliquod
1656 2912 1858 2964 bonum
1887 2916 2102 2962 constat

534 3028 655 3067 esse
679 3010 962 3069 mundum,
993 3019 1274 3060 ostensum
1303 3017 1386 3059 est
1421 3013 1601 3058 autem
1636 3017 1730 3072 per
1764 3017 1825 3055 ea
1856 3016 1978 3070 quae
2015 3001 2102 3053 di-

537 3116 622 3159 cta
669 3110 797 3157 sunt
843 3099 1106 3155 mundum
1138 3113 1260 3153 esse
1288 3113 1426 3166 opus
1455 3093 1641 3156 Verbi,
1683 3092 1829 3164 quod
1876 3093 2100 3151 bonum,

537 3209 588 3251 et
621 3198 789 3266 eligit,
820 3206 872 3248 et
907 3203 1084 3264 potest
1110 3233 1123 3252 ,
1165 3193 1269 3245 hoc
1327 3200 1505 3245 autem
1544 3190 1780 3244 Verbum
1836 3198 1917 3242 est
1956 3187 2100 3240 aliud

539 3292 606 3342 ab
644 3304 708 3340 oo
735 3289 892 3356 cujus
922 3295 1006 3340 est
1039 3284 1298 3338 Verbum.
1333 3281 1464 3335 Nam
1503 3283 1605 3335 hoc
1635 3295 1852 3349 quoque
1889 3287 1971 3332 est
2005 3278 2104 3330 ali-

537 3397 646 3450 quo
677 3380 836 3432 modo
871 3394 939 3431 ex
995 3377 1062 3431 iis
1090 3391 1212 3444 quae
1245 3374 1504 3428 dicuntur
1560 3372 1727 3424 relata
1763 3370 1828 3423 ad
1874 3367 2104 3439 aliquid,

537 3469 976 3537 quandoquidem
1030 3472 1244 3534 oportet
1290 3463 1513 3516 omnino
1546 3476 1667 3513 cum
1717 3459 1894 3512 Verbo
1941 3461 2104 3513 etiam

539 3559 699 3614 Verbi
735 3559 949 3612 Patrem
984 3556 1292 3610 subaudiri.
1328 3553 1445 3607 Non
1486 3560 1632 3607 esset
1669 3551 1811 3606 enim
1843 3549 2102 3613 Verbum,

541 3652 586 3706 si
628 3665 732 3704 non
766 3657 909 3703 esset
937 3646 1172 3701 Verbum
1205 3645 1460 3710 alicujus.
1493 3642 1548 3697 Si
1603 3658 1731 3712 ergo
1766 3659 1858 3710 per
1893 3642 2105 3710 signiti-

545 3741 776 3796 cationis
806 3738 1178 3793 habitudinem
1216 3745 1268 3790 et
1327 3735 1648 3790 relationem
1685 3733 1950 3787 discernit
2014 3748 2110 3784 au-

543 3833 779 3885 ditorum
817 3830 1079 3899 cogitatio
1105 3838 1158 3882 et
1197 3831 1372 3894 ipsum
1413 3825 1672 3887 Verbum,
1702 3833 1756 3878 ct
1808 3825 1857 3878 id
1905 3841 1967 3879 ex
2003 3840 2109 3894 quo

545 3924 781 3985 exsistit,
816 3922 950 3976 nihil
981 3930 1064 3976 est
1097 3921 1253 3973 nobis
1285 3920 1471 3988 utique
1528 3918 1776 3988 periculi,
1825 3933 1892 3972 ne
1946 3916 2108 3971 Verbi

548 4016 888 4086 mysterium,
921 4029 1043 4068 cum
1093 4012 1403 4066 ϐταδιοτιιιη
1444 4025 1691 4081 pugnans
1738 4011 2107 4078 opinionibus,

544 4106 837 4160 conveniat
875 4122 1000 4159 cum
1052 4105 1117 4158 iis
1151 4110 1242 4173 qui
1278 4103 1459 4157 favent
1494 4105 1741 4172 partibus
1773 4102 2108 4164 Judazorum,

546 4200 638 4252 sed
669 4215 733 4252 ex
767 4213 920 4266 mque
950 4196 1165 4263 effugiet
1201 4205 1556 4264 utrorumque
1601 4195 2019 4258 absurditatem,
2053 4206 2113 4248 ut

545 4290 636 4358 qui
666 4296 719 4342 et
748 4288 936 4341 vivens
977 4284 1213 4340 Verbum
1249 4287 1338 4339 Dei
1377 4285 1631 4349 fateatur,
1664 4301 2009 4355 operansque
2061 4296 2114 4340 et

546 4379 804 4440 eﬂiciens,
838 4379 980 4448 quod
1020 4393 1124 4431 non
1180 4378 1418 4430 admittit
1450 4375 1670 4431 Judaeus
1702 4396 1714 4431 :
1756 4386 1810 4432 et
1842 4393 1951 4432 non
2009 4377 2115 4430 dif-

545 4471 691 4526 ferre
746 4469 1043 4524 secundum
1098 4477 1347 4521 naturam
1412 4469 1589 4537 ipsum
1647 4465 1906 4533 Verbum,
1949 4473 2003 4521 et
2060 4467 2113 4522 id

2197 1997 2366 2065 Λόγος
2390 1997 2527 2060 ἐστὶ,
2560 1998 2990 2067 προαιρουμένου
3035 1996 3091 2050 δὲ
3128 1997 3210 2049 ὅτι
3248 1996 3313 2067 ζῇ
3337 2013 3350 2026 ο
3378 1996 3673 2066 δυναμένου
3711 1996 3768 2049 δὲ

2198 2092 2374 2144 πάντα
2406 2092 2434 2144 ὃ
2462 2091 2515 2143 τί
2544 2109 2648 2162 περ
2684 2090 2747 2144 ἂν
2771 2089 2974 2161 ἕληται,
3002 2090 3321 2162 αἱρουμένου
3359 2091 3415 2144 δὲ
3457 2092 3518 2144 τὸ
3567 2089 3772 2158 ἀγαθόν

2197 2199 2255 2233 τε
2289 2181 2382 2234 καὶ
2421 2182 2579 2249 σοφὸν
2605 2183 2838 2244 πάντως,
2873 2182 2964 2233 καὶ
2993 2181 3114 2234 εἴτι
3143 2184 3240 2252 τῆς
3269 2181 3570 2253 κρείττονος
3604 2198 3772 2251 σημα·

2201 2275 2319 2337 σίας
2366 2274 2531 2327 ἐστίν.
2578 2275 2732 2327 Ἐπεὶ
2761 2270 2852 2327 οῦν
2885 2273 3086 2342 ἀγαθόν
3118 2291 3169 2326 τι
3207 2276 3236 2328 6
3265 2274 3467 2344 κόσμος
3499 2274 3774 2344 ὁμολογεῖ-

2199 2385 2306 2430 ται,
2329 2366 2620 2436 ἀπεδείχθη
2653 2367 2708 2419 δὲ
2733 2366 2819 2420 διὰ
2843 2366 2949 2420 τῶν
2975 2366 3276 2438 εἰρημένων
3297 2367 3389 2419 τοῦ
3418 2367 3588 2435 Λόγου
3615 2367 3774 2435 ἔργον

2199 2455 2288 2512 τὸν
2319 2460 2520 2530 κόσμον
2553 2455 2718 2523 εἶναι,
2755 2458 2847 2511 τοῦ
2879 2457 3159 2531 τὸ-ἁγαθὸν
3184 2459 3277 2510 καὶ
3312 2457 3651 2528 αἱρουμένου,
3680 2457 3773 2510 καὶ

2199 2551 2495 2621 δυναμένου
2528 2569 2542 2582 ο
2577 2553 2604 2603 6
2641 2551 2696 2602 δὲ
2725 2551 2896 2618 Λόγος
2933 2545 3085 2628 οῦτος
3124 2549 3309 2619 ἕτερός
3355 2550 3470 2601 ἐστι
3506 2548 3654 2618 παρὰ
3685 2548 3774 2600 τὸν

2199 2638 2260 2697 οὗ
2289 2645 2404 2695 ἐστι
2441 2642 2627 2710 Λόγος.
2660 2642 2870 2712 Τρόπον
2915 2641 3022 2712 γάρ
3058 2659 3181 2695 τινα
3214 2640 3322 2692 τῶν
3353 2640 3488 2710 πρός
3526 2657 3577 2692 τι
3625 2639 3777 2705 λεγο-

2206 2734 2380 2804 μένων
2407 2734 2501 2787 καὶ
2519 2733 2676 2786 τοῦτό
2705 2735 2868 2786 ἐστιν.
2904 2734 3120 2802 Ἐπειδὴ
3145 2734 3249 2804 χρὴ
3272 2734 3486 2795 πάντως
3516 2732 3591 2803 τῷ
3621 2732 3779 2801 Λόγῳ

2204 2826 2297 2877 καὶ
2329 2824 2418 2877 τὸν
2444 2823 2664 2894 Πατέρα
2687 2823 2780 2876 τοῦ
2836 2824 3009 2890 Λόγου
3047 2822 3536 2877 συνυπακούεσθαι.
3568 2822 3642 2875 Οὑ
3672 2823 3779 2892 γὰρ

2205 2915 2271 2968 ἂν
2304 2914 2389 2984 εἴη
2414 2914 2603 2982 Λόγος,
2631 2915 2702 2985 μή
2732 2932 2874 2977 τινος
2900 2915 2975 2966 ὣν
3005 2915 3193 2983 Λόγος.
3218 2915 3279 2967 Εἰ
3310 2909 3401 2968 οῦν
3432 2913 3681 2986 διακρίνῃ
3702 2913 3780 2982 τῷ

2207 3005 2436 3076 σχετικῷ
2463 3009 2562 3076 τῆς
2597 3006 2923 3076 σημασίαςή
2957 3006 3065 3058 τῶν
3096 3007 3400 3059 ἀκουόντων
3433 3007 3657 3066 διάνοια,
3679 3006 3778 3057 αὑ-

2205 3101 2296 3153 τόν
2317 3117 2376 3152 τε
2412 3099 2502 3152 τὸν
2524 3100 2693 3168 Λόγον
2710 3138 2725 3161 ,
2749 3101 2841 3152 καὶ
2869 3099 2959 3151 τὸν
2987 3099 3108 3152 ὅθεν
3149 3099 3316 3161 ἐστὶν,
3356 3098 3530 3151 οὐκέτ’
3561 3097 3626 3152 ἂν
3654 3099 3780 3168 ἡμῖν

2208 3193 2504 3247 κινδυνεύει
2535 3193 2595 3246 τὸ
2631 3194 2927 3266 μυστήριον
2964 3195 3082 3255 ταῖς
3116 3192 3452 3261 Ἑλληνικαῖς
3477 3191 3780 3262 μαχόμενον

2208 3285 2504 3355 ὑπολήψεσι
2531 3289 2641 3348 τοῖς
2673 3302 2731 3337 τε
2782 3284 3046 3337 Ἰουδαίων
3073 3283 3430 3354 πρεσϐεύουσι
3471 3282 3783 3352 συνενεχθῆ-

2207 3395 2294 3430 ναι
2320 3392 2334 3406 ⁶
2376 3377 2488 3430 ἀλλ’
2523 3376 2716 3446 ἐπίσης
2746 3377 3019 3447 ἑκατέρων
3051 3375 3149 3446 τὴν
3186 3376 3412 3429 ἀτοπίαν
3440 3375 3780 3443 ἐκφεύξεται.

2201 3471 2268 3522 .τό
2285 3486 2344 3522 τε
2363 3469 2541 3533 ζῶντα
2570 3467 2665 3521 τοῦ
2697 3468 2832 3522 Θεοῦ
2857 3469 3046 3534 Λόγον,
3083 3469 3176 3520 καὶ
3196 3468 3415 3538 ἐνεργὸν
3444 3469 3536 3520 καὶ
3571 3485 3783 3539 ποιητι-

2209 3562 2303 3616 κὸν
2355 3560 2630 3632 ὁμολογῶν
2651 3577 2664 3591 ·
2696 3562 2835 3630 ὅπερ
2873 3561 2902 3610 ό
2947 3559 3193 3621 Ἰουδαῖος
3228 3560 3288 3611 οὑ
3333 3559 3569 3627 δέχεται·
3601 3559 3694 3612 καὶ
3723 3559 3786 3611 τὸ

2214 3653 2288 3724 μὴ
2311 3652 2640 3723 διαφθείρειν
2671 3655 2690 3675 '
2720 3652 2862 3704 κατὰ
2889 3651 2988 3722 τὴν
3012 3651 3171 3720 φύσιν
3193 3651 3357 3704 αὑτόν
3392 3669 3450 3704 τε
3472 3652 3563 3702 τὸν
3589 3653 3784 3718 Λόγον,

2211 3743 2305 3796 καὶ
2331 3744 2422 3796 τὸν
2446 3743 2566 3797 ὅθεν
2607 3741 2769 3796 ἐστίν.
2807 3742 3018 3814 Ὠσπερ
3048 3742 3156 3812 γὰρ
3192 3743 3256 3795 ὲκ
3284 3743 3378 3794 τοῦ
3403 3742 3494 3796 νοῦ
3522 3745 3606 3810 ἐφ’
3631 3743 3788 3813 ἡμῶν

2213 3851 2391 3906 φαμεν
2413 3829 2553 3887 εἶναι
2591 3833 2682 3886 τὺν
2712 3833 2887 3900 λόγον,
2914 3832 3037 3885 οὑτε
3070 3833 3135 3885 δι’
3171 3834 3292 3887 ὅλου
3333 3834 3424 3886 τὸν
3458 3833 3619 3886 αὐτὸν
3647 3828 3786 3886 εἶναι

2212 3925 2288 3996 τῷ
2325 3925 2421 3995 νῷ,
2450 3923 2570 3978 οὕτε
2601 3924 2940 3978 παντάπασιν
2971 3925 3054 3976 ἓτε
3065 3941 3153 3995 ρον
3173 3942 3188 3956 ο
3214 3926 3276 3977 τὸ
3306 3926 3403 3995 μὲν
3427 3925 3534 3997 γὰρ
3557 3925 3614 3991 ἐξ
3642 3924 3789 3977 ὲκεί-

2212 4035 2302 4070 νου
2346 4013 2507 4081 εἶναι,
2541 4017 2674 4071 ἄλλο
2705 4033 2757 4068 τι
2781 4017 2874 4069 καὶ
2906 4004 3005 4070 οὑκ
3028 4016 3204 4069 ἐκεῖνό
3232 4018 3367 4069 ἐστι·
3402 4017 3464 4070 τὸ
3503 4017 3664 4070 αὑτὸν
3695 4016 3789 4070 τὸν

2212 4109 2337 4162 νοῦν
2375 4111 2453 4172 είς
2505 4109 2566 4162 τὸ
2612 4109 2849 4178 ἐμφανὲς
2888 4109 3078 4176 ἄγειν,
3115 4111 3293 4162 οὐκέτ’
3325 4110 3391 4163 ἂν
3439 4111 3623 4181 ἕτερον
3657 4111 3787 4180 παρ’

2214 4202 2387 4253 έκεῖνο
2415 4202 2711 4266 ὑπονοοῖτο,
2747 4200 2883 4254 ἀλλὰ
2916 4202 3055 4255 κατὰ
3091 4203 3188 4273 τὴν
3219 4201 3378 4272 φύσιν
3405 4201 3462 4254 ἓν
3486 4201 3575 4266 ὂν,
3606 4202 3790 4272 ἕτερον

2213 4291 2290 4361 τῷ
2315 4292 2658 4362 ὑποκειμένῳ
2703 4293 2849 4346 ἐστίν
2869 4309 2883 4324 ⁶
2919 4292 3091 4356 οὑτως
3117 4295 3210 4347 καὶ
3237 4297 3264 4347 ό
3288 4294 3381 4347 τοῦ
3426 4293 3560 4346 Θεοῦ
3597 4294 3787 4361 Λόγος,

2214 4383 2292 4454 τῷ
2321 4385 2420 4454 μὲν
2450 4383 2744 4452 ὑφεστάναι
2773 4385 2892 4438 καθ’
2925 4386 3111 4438 ἑαυτὸν
3143 4386 3394 4456 διῄρηται
3427 4385 3560 4457 πρὸς
3584 4387 3790 4438 ἐκεῖνον

2219 4475 2346 4545 παρ’
2372 4466 2433 4526 οῦ
2477 4474 2573 4543 τὴν
2603 4476 2900 4530 ὑπόστασιν
2935 4476 3047 4547 ἔχει
3077 4495 3090 4509 ·
3119 4477 3195 4547 τῷ
3229 4477 3285 4530 δὲ
3327 4478 3497 4530 ταῦτα
3528 4476 3792 4530 δεικνύειν

546 4578 613 4616 ex
642 4578 751 4632 quo
790 4563 1028 4616 exsistit.
1056 4560 1340 4626 Quomodo
1363 4561 1508 4613 enim
1546 4560 1600 4612 iu
1670 4560 1826 4614 nobis
1890 4560 2100 4614 verbun

2219 4566 2277 4618 ἐν
2307 4565 2504 4638 ἐαυτῷ,
2534 4567 2570 4621 ἃ.
2602 4569 2728 4637 περὶ
2759 4570 2849 4622 τὸν
2888 4570 3019 4623 Θεὸν
3071 4570 3387 4640 καθορᾶται,
3421 4573 3450 4623 6
3474 4571 3634 4634 αὑτός
3676 4573 3791 4622 ἐστι

548 4671 642 4708 seu
669 4654 932 4709 rationem
973 4669 1035 4708 ex
1073 4661 1254 4706 mente
1287 4667 1411 4707 esse
1435 4652 1670 4705 dicimus
1697 4670 1712 4717 ;
1747 4667 1922 4720 neque
1947 4652 2114 4705 omni-

548 4759 620 4797 no
680 4743 855 4812 ipsmn
902 4741 1042 4796 idem
1083 4756 1206 4796 esse
1261 4741 1404 4810 quod
1463 4751 1717 4805 mentem,
1758 4756 1857 4795 nec
1895 4741 2117 4812 omnino

549 4837 816 4896 alterum;
877 4848 1000 4887 nam
1059 4848 1125 4886 ex
1180 4833 1273 4886 illo
1317 4832 1536 4902 quidem
1593 4848 1738 4897 esse,
1777 4841 1862 4887 est
1913 4833 2118 4903 aliquid

549 4925 718 4987 aliud,
750 4934 804 4979 et
833 4940 940 4977 non
974 4925 1145 4989 illud;
1179 4923 1323 4992 quod
1367 4933 1544 4976 autem
1580 4924 1752 4991 ipsam
1785 4933 2019 4978 mentem
2062 4925 2114 4978 in

551 5028 799 5085 apertum
837 5014 1095 5084 proferat,
1126 5030 1232 5067 non
1257 5015 1443 5083 utique
1470 5013 1768 5068 existimari
1797 5015 1971 5084 possit
1995 5031 2116 5071 esse

551 5105 699 5158 aliud
740 5104 807 5158 ab
836 5105 947 5165 illo,
981 5105 1074 5157 sed
1108 5119 1231 5157 eum
1262 5105 1334 5158 sit
1369 5119 1537 5156 unum
1590 5112 1807 5163 natura,
1870 5104 2116 5174 subjecto

551 5202 636 5246 est
667 5193 848 5247 aliud:
883 5194 957 5246 ita
992 5193 1154 5246 etiam
1193 5191 1284 5246 Dei
1316 5190 1578 5256 Verbum,
1611 5207 1675 5247 eo
1716 5193 1934 5261 quidem
1971 5199 2114 5264 quod

2220 4656 2359 4710 κατὰ
2374 4657 2472 4728 τὴν
2495 4657 2657 4727 φύσιν
2687 4661 2880 4731 ἐκείνῳ
2914 4660 2991 4731 τῷ
3019 4661 3104 4714 διὰ
3131 4661 3238 4714 τῶν
3271 4662 3450 4715 αὑτῶν
3476 4661 3791 4732 γνωρισμά-

2219 4763 2327 4799 των
2359 4749 2751 4822 εὑρισκομένῳ.
2787 4752 2909 4805 Εἴτε
2941 4754 3048 4824 γὰρ
3081 4754 3381 4823 ἀγαθότης,
3410 4754 3516 4806 εἴτε
3543 4752 3791 4823 δύναμις,

2223 4840 2331 4891 εἴτε
2365 4839 2544 4909 σοφία,
2583 4842 2692 4895 εἴτε
2720 4842 2780 4896 τὸ
2829 4844 3013 4908 ἀϊόίως
3041 4841 3200 4909 εἶναι,
3244 4846 3353 4899 εἴτε
3382 4846 3442 4898 τὸ
3471 4846 3668 4909 κακίας
3699 4845 3794 4898 καὶ

2223 4931 2451 4986 θανάτου
2503 4936 2596 4988 καὶ
2630 4936 2834 5008 φθορᾶς
2863 4939 3240 5001 ἀνεπίδεκτον,
3273 4940 3380 4991 εἴτε
3425 4938 3486 4991 τὸ
3531 4939 3590 4991 ὲν
3633 4939 3796 4991 παντὶ

2221 5021 2456 5086 τέλειον,
2491 5023 2598 5077 είτε
2630 5043 2683 5079 τι
2733 5027 2974 5082 τοιοῦτον
3005 5029 3140 5090 ὅλως
3185 5032 3407 5099 σημεῖον
3449 5033 3651 5083 ποιοῖτο
3694 5030 3796 5098 τῆς

2223 5111 2315 5164 τοῦ
2366 5113 2578 5184 Πατρὸς
2629 5118 3016 5188 καταλήψεως,
3047 5120 3137 5173 διὰ
3184 5121 3289 5173 τῶν
3334 5121 3512 5174 αὑτῶν
3543 5123 3796 5191 εὑρήσεις

2226 5206 2465 5274 σημείων
2494 5209 2588 5261 καὶ
2613 5209 2704 5262 τὸν
2737 5210 2795 5274 ἐξ
2817 5211 3022 5264 ἐκείνου
3064 5213 3346 5280 ὑφεστῶτα
3376 5215 3565 5282 Λόγον.

457 5337 460 5340 Α
553 5298 651 5354 per
688 5300 747 5340 se
777 5285 1053 5347 consistit,
1090 5284 1408 5338 distinctum
1461 5295 1546 5340 est
1579 5299 1642 5338 ac
1675 5285 1912 5340 divisum
1953 5290 2020 5343 ab
2054 5290 2149 5345 illo
2189 5309 2255 5350 ex
2313 5312 2423 5365 quo
2460 5298 2623 5354 habet
2662 5303 2805 5370 quod
2851 5303 3144 5374 consistit;
3195 5321 3260 5360 eo
3312 5314 3493 5360 autem
3560 5303 3706 5375 quod
3741 5303 3797 5358 in

555 5378 735 5468 seipso
762 5377 850 5468 illa
883 5377 1266 5468 ostenditquze
1299 5384 1597 5468 cernuntur
1623 5377 1676 5431 in
1743 5379 1870 5442 Deo,
1907 5381 2048 5436 idem
2092 5395 2174 5440 est
2215 5391 2513 5444 secundum
2579 5402 2830 5448 naturam
2903 5396 3050 5465 quod
3118 5397 3205 5452 ille
3269 5398 3362 5468 qui
3398 5399 3674 5454 invenitur
3701 5413 3796 5466 per

554 5464 740 5558 eadem
773 5466 926 5533 signa
951 5473 1004 5518 et
1037 5465 1235 5558 indicia
1267 5465 1464 5533 quibus
1491 5467 1860 5540 cognoscitur.
1893 5472 2019 5524 Sive
2071 5475 2216 5528 enim
2249 5478 2487 5545 bonitas,
2530 5482 2643 5536 sive
2696 5464 2958 5552 potentia,
2994 5487 3110 5541 sive
3165 5464 3453 5558 sapientia,
3493 5489 3607 5544 sive
3668 5464 3793 5543 esse

556 5554 987 5651 sempiternum,
1047 5554 1187 5651 εἰπεΔ
1216 5555 1270 5607 in
1329 5570 1451 5651 eum
1483 5571 1591 5610 non
1655 5559 1850 5615 cadere
1912 5562 2128 5628 vitium,
2182 5575 2413 5622 mortem
2473 5582 2528 5626 et
2573 5574 2875 5640 interitum,
2919 5578 3032 5632 sive
3063 5593 3184 5632 esse
3216 5554 3442 5634 omnino
3472 5581 3793 5651 perfectum,

557 5646 670 5700 sive
730 5647 858 5716 quid
922 5645 1069 5699 aliud
1139 5646 1404 5716 ejusmodi
1437 5648 1509 5702 sit
1560 5648 1772 5719 signum
1837 5667 1947 5721 quo
1997 5658 2483 5724 comprehenditur
2512 5660 2693 5728 Pater,
2732 5679 2827 5734 per
2871 5665 3057 5722 eadem
3088 5667 3245 5737 signa
3277 5645 3524 5726 invenies
3552 5645 3793 5729 Verbum

555 5754 772 5812 quoque
802 5740 944 5810 quod
975 5755 1040 5795 ex
1074 5741 1164 5793 illo
1196 5740 1468 5795 consistit.
