4066 6374
247 429 251 432 .
306 392 370 446 ιτ
1504 378 1765 435 ORATIO
1805 373 2305 430 CATECHETICA.
3473 374 3539 427 l8

914 500 1139 553 ΚΕΦΑΛ
1152 539 1163 550 .
1200 498 1271 551 Β’.

371 597 583 665 Ὠσπερ
611 594 667 646 δὲ
689 592 779 646 τὸν
806 593 976 660 Λόγον
1006 594 1068 644 ἐκ
1097 591 1203 642 τῶν
1230 588 1349 641 καθ’
1378 588 1523 658 ἡμᾶς
1546 584 1878 650 ἀναλογικῶς

303 690 391 743 ἐπὶ
423 686 524 756 τῆς
542 683 941 755 ὑπερκειμένης
970 682 1213 752 ἔγνωμεν
1239 680 1472 749 φύσεως,
1497 678 1635 731 κατὰ
1661 676 1748 729 τὸν
1783 676 1878 742 αὑ-

298 783 386 834 τὸν
414 781 634 853 τρόπον,
672 779 766 831 καὶ
787 780 851 847 τῇ
881 777 1010 851 περξι
1038 775 1130 826 τοῦ
1162 772 1299 826 Πνεύ
1309 789 1476 842 ματος
1502 771 1680 841 ἐννοίᾳ
1718 786 1881 841 προσ-

299 868 665 941 αχθησόμεθα,
690 868 845 930 σκιάς
864 884 1015 929 τινας
1042 867 1134 918 καὶ
1165 868 1453 935 μιμήματα
1474 861 1573 930 τῆς
1602 860 1878 929 ἁφράστου

299 961 580 1028 δυνάμεως
609 962 665 1010 ὲν
694 960 761 1028 τῇ
792 958 909 1010 καθ’
942 956 1087 1025 ἡμᾶς
1135 953 1465 1024 Θεωροῦντες
1504 950 1683 1019 φύσει.
1740 950 1879 1002 Ἀλλ’

300 1051 559 1121 ὲφ“ἡμῶν
592 1052 689 1121 μὲν
737 1050 797 1102 τὸ
835 1049 1090 1118 ’πνεῦμα,
1114 1050 1147 1117 ἡ
1189 1047 1281 1100 τοῦ
1330 1046 1491 1117 ἀέρος
1544 1046 1690 1097 ἐστὶν
1726 1044 1876 1113 ὁλκὴ,

300 1143 580 1213 ἀλλοτρίου
612 1142 952 1212 πράγματος,
983 1141 1118 1211 πρὸς
1138 1141 1237 1210 τὴν
1268 1137 1361 1192 τοῦ
1399 1137 1648 1207 σώματος
1682 1136 1879 1188 σύστα-

306 1249 386 1283 σιν
410 1231 723 1299 ἀναγκαίως
746 1229 1119 1300 είσελκομένου
1146 1244 1204 1280 τε
1222 1227 1316 1280 καὶ
1341 1225 1730 1298 προχεομένου,
1746 1225 1882 1294 ὅπερ

304 1326 361 1376 ἐν
390 1323 465 1392 τῷ
503 1324 679 1393 καιρῴ
700 1323 797 1391 τῆς
830 1322 1191 1390 ὲκφωνὴσεως
1220 1318 1314 1371 τοῦ
1358 1318 1541 1386 λόγου,
1565 1317 1715 1387 φωνὴ
1739 1316 1883 1383 γίνε-

306 1413 532 1483 ται,τὴν
563 1412 658 1465 τοῦ
694 1408 850 1479 λόγου
882 1409 1108 1479 δύναμιν
1129 1410 1184 1461 ὲν
1213 1408 1377 1477 ἑαυτῇ
1407 1404 1732 1476 φανεροῦσα.
1763 1402 1883 1454 Ἐπὶ

304 1505 360 1556 δὲ
387 1506 485 1574 τῆς
527 1504 678 1565 Θείας
712 1502 925 1571 φύσεως
957 1500 1019 1553 τὸ
1049 1500 1145 1570 μὲν
1168 1494 1305 1551 εἷναι
1332 1496 1556 1567 Πνεῦμα
1600 1495 1754 1559 Θεοῦ,
1790 1495 1881 1546 εὑ-

308 1596 461 1657 σεϐὲς
493 1592 753 1664 ἐνομίσθη
773 1633 787 1655 ,
824 1590 1006 1653 καθὼς
1036 1589 1193 1659 ἐδόθη
1231 1589 1324 1641 καὶ
1353 1588 1524 1656 Λόγος
1556 1583 1696 1639 εἶναι
1724 1585 1879 1648 Θεοῦ,

306 1688 391 1739 διὰ
421 1686 483 1738 τὸ
515 1686 591 1756 μὴ
626 1686 735 1737 δεῖν
762 1684 1167 1752 ὲλλειπέστερον
1189 1682 1281 1734 τοῦ
1304 1681 1573 1752 ἡμετέρου
1608 1679 1765 1748 λόγου
1795 1680 1884 1731 τὸν

305 1776 398 1829 τοῦ
430 1777 567 1829 Θεοῦ
599 1772 737 1828 εἶναι
767 1776 938 1843 Λόγον
961 1791 973 1804 ’
1004 1775 1161 1845 εἴπερ
1190 1775 1383 1826 τούτου
1416 1774 1552 1841 μετὰ
1584 1771 1677 1824 τοῦ
1725 1772 1885 1825 πνεύ-

311 1883 477 1938 ματος
527 1867 901 1937 θεωρουμένου
924 1907 940 1933 ,
975 1868 1177 1929 ἐκεῖνος
1216 1865 1339 1936 δίχα
1441 1865 1705 1935 νεύματος
1748 1860 1887 1916 εἶναι

311 1958 637 2011 πιστεύοιτο.
693 1958 766 2010 Urb
825 1957 929 2028 μὴν
973 1957 1250 2026 ἀλλότριον
1308 1956 1427 2010 καθ’
1464 1955 1753 2026 ὁμοιότητα
1793 1954 1886 2008 τοῦ

308 2049 579 2119 ἡμετέρου
636 2048 946 2118 πνεύματος
986 2048 1182 2112 ἔξωθεν
1227 2049 1498 2117 ὲπεισρεῖν
1527 2046 1604 2117 τῷ
1628 2046 1766 2117 Θεῷ,
1795 2048 1889 2100 καὶ

309 2139 369 2190 ὲν
387 2136 536 2205 αὐτῷ
558 2136 804 2205 γίνεσθαι
828 2138 888 2190 τὸ
912 2138 1155 2208 Πνεῦμα,
1172 2137 1469 2207 θεοπρεπὲς
1493 2140 1639 2191 ἐστιν
1661 2137 1886 2192 οἴεσθαι.

324 2229 460 2281 Ἀλλ’
482 2228 559 2293 ὠς
578 2229 713 2283 Θεοῦ
754 2231 925 2298 Λόγον
944 2230 1293 2293 ἀκούσαντες,
1317 2230 1414 2282 οὑκ
1447 2231 1815 2283 ἀνυπόστατόν
1840 2250 1890 2285 τι

316 2322 548 2391 πρᾶγμα
577 2321 669 2373 τὸν
712 2321 882 2390 Λόγον
926 2322 1201 2392 ᾠήθημεν,
1233 2322 1350 2374 οὑδὲ
1385 2325 1447 2374 ὲκ
1479 2322 1768 2393 μαθήσεως
1798 2325 1888 2388 ὲγ-

314 2410 657 2479 γιγνόμενον,
683 2411 801 2463 οὐδὲ
831 2410 919 2464 διὰ
938 2411 1122 2481 φωνῆς
1152 2411 1575 2482 προφερόμενον,
1606 2413 1725 2465 οὑδὲ
1756 2414 1893 2484 μετὰ

312 2504 372 2555 τὸ
401 2504 795 2574 προενεχθῆναι
828 2504 1195 2576 διαλυόμενον,
1236 2506 1357 2559 οὐδὲ
1380 2506 1505 2561 ἄλλο
1538 2526 1592 2560 τι
1619 2509 1895 2578 πάσχοντα

314 2594 571 2657 τοιοῦτον,
586 2590 676 2647 οἷα
700 2597 826 2666 περὶ
848 2597 937 2649 τὸν
957 2597 1221 2668 ἡμέτερον
1242 2597 1398 2666 λόγον
1423 2598 1703 2671 θεωρεῖται
1724 2602 1894 2672 πάθη,

316 2686 427 2739 ἀλλ’
460 2686 734 2749 ούσιωδῶς
765 2687 1067 2755 ὑφεστῶτα,
1119 2689 1500 2759 προαιρετικὸν
1528 2707 1588 2742 τε
1622 2691 1716 2743 καὶ
1744 2694 1896 2763 evap-

317 2776 410 2845 γδν
440 2777 532 2830 καὶ
572 2779 976 2849 παντοδύναμον
1000 2797 1013 2809 ·
1061 2779 1203 2833 οῦτω
1236 2781 1329 2833 καὶ
1374 2782 1597 2852 Πνεῦμα
1646 2782 1895 2853 μεμαθη-

318 2869 468 2931 κότες
497 2868 659 2934 Θεοῦ,
690 2870 750 2922 τὸ
779 2872 1274 2943 συμπαρομαρτοῦν
1300 2871 1378 2944 τῷ
1413 2874 1591 2943 Λόγῳ,
1615 2877 1708 2927 καὶ
1740 2892 1901 2943 φανε-

323 2959 444 3029 ροῦν
466 2961 635 3013 αὑτοῦ
666 2963 763 3030 τὴν
800 2965 1098 3033 ἐνέργειαν,
1122 2964 1181 3016 οὑ
1206 2965 1371 3034 πνοὴν
1394 2964 1663 3035 ἄσθματος
1695 2965 1903 3018 ἐννοοῦ-

324 3066 441 3119 μεν.
476 3050 555 3102 'H
578 3052 687 3120 γὰρ
712 3053 776 3103 ἂν
799 3052 1111 3123 καθαιροῖτο
1139 3054 1275 3125 πρὸς
1314 3056 1677 3126 ταπεινότητα
1707 3057 1769 3109 τὸ
1805 3074 1900 3126 με-

323 3141 534 3208 γαλεῖον
568 3142 669 3211 τῆς
720 3142 867 3208 θείας
897 3144 1208 3215 δυνάμεως,
1252 3147 1300 3198 εί
1332 3146 1455 3198 καθ’
1485 3147 1775 3218 ὁμοιότητα
1808 3145 1901 3201 τοῦ

322 3233 617 3303 ἡμετέρου,
643 3235 737 3287 καὶ
774 3235 835 3287 τὸ
879 3236 935 3287 ὲν
964 3235 1112 3306 αύτῴ
1156 3236 1381 3306 Πνεῦμα
1425 3237 1700 3291 ὑπονοοῖτο
1729 3254 1741 3267 ·
1767 3238 1901 3292 ἀλλὰ

323 3324 556 3394 δύναμιν
586 3325 814 3395 οὑσιώδη
848 3328 1015 3397 αὐτὴν
1054 3329 1137 3396 ἐφ’
1158 3328 1355 3399 ἑαυτῆς
1383 3330 1440 3381 ὲν
1468 3328 1737 3400 ίδιαζούσῃ
1769 3330 1901 3381 ὑπο-

328 3418 513 3470 στάσει
564 3417 965 3489 θεωρουμένην,
1006 3418 1128 3472 οῦτε
1158 3420 1491 3491 χωρισθῆναι
1536 3421 1627 3474 τοῦ
1667 3420 1801 3473 Θεοῦ
1849 3423 1905 3473 ὲν

326 3502 371 3577 ᾧ
392 3511 563 3572 ἐστιν,
596 3508 628 3579 ἢ
660 3509 752 3562 τοῦ
782 3511 953 3579 Λόγου
1000 3510 1092 3563 τοῦ
1134 3510 1268 3564 Θεοῦ
1301 3506 1345 3579 ᾧ
1377 3516 1716 3584 παρομαρτεῖ
1746 3513 1905 3565 δυνα-

335 3600 499 3670 μένην
519 3640 537 3663 ,
569 3602 695 3653 οὗτε
742 3602 878 3671 πρὸς
907 3603 966 3654 τὸ
990 3603 1335 3673 ἀνύπαρκτον
1365 3606 1751 3675 ἀναχεομένην,
1772 3606 1909 3659 ἀλλὰ

335 3688 451 3740 καθ’
468 3689 763 3760 ὁμοιότητα
791 3690 885 3742 τοῦ
913 3691 1048 3744 Θεοῦ
1078 3693 1249 3761 Λόγου
1278 3693 1396 3747 καθ’
1428 3696 1723 3747 ὑπόστασιν
1748 3691 1909 3748 οὖσαν

336 3781 741 3851 προαιρετικὴν,
773 3784 1140 3854 αὐτοκίνητον,
1165 3785 1411 3856 ἐνεργὸν,
1443 3787 1671 3840 πάντοτε
1694 3789 1752 3840 τὸ
1772 3788 1902 3855 ἁγα-

338 3870 428 3923 θὸν
459 3873 815 3945 αἱρουμένην,
842 3876 1091 3946 καὶπρὸς
1124 3878 1303 3931 πᾶσαν
1332 3879 1587 3948 πρόθεσιν
1619 3880 1911 3951 σύνδρομον

339 3966 533 4035 ἔχουσα
570 3964 647 4037 [ν]
676 3969 741 4037 τῇ
770 3966 1021 4039 βουλήσει
1052 3970 1150 4040 τὴν
1177 3969 1420 4040 δύναμιν.

953 4146 1201 4200 ΚΕΦΛΛ.
1235 4147 1311 4199 Γ’.

414 4232 580 4285 Ὥστε
608 4233 699 4286 τὸν
732 4236 973 4307 ἀκριϐῶς
1002 4237 1067 4290 τὰ
1099 4237 1233 4308 βάθη
1257 4236 1347 4291 τοῦ
1372 4238 1672 4310 μυστηρίου
1702 4240 1915 4295 διασκο-

346 4327 635 4396 πούμενον,
664 4328 721 4379 ὲν
770 4328 868 4397 μὲν
900 4332 964 4400 τῇ
1017 4329 1159 4400 ψυχῇ
1195 4330 1335 4383 κατὰ
1364 4331 1426 4383 τὸ
1454 4332 1767 4403 ἀπόρρητον
1818 4351 1917 4403 με-

346 4416 500 4486 τρίαν
518 4417 643 4470 τινὰ
670 4419 993 4491 κατανόησιν
1022 4420 1121 4490 τῆς
1140 4420 1279 4473 κατά
1303 4420 1404 4491 τὴν
1431 4420 1757 4489 θεογνωσίαν
1777 4422 1919 4476 διδα-

1902 498 1948 552 Α

2609 486 2834 543 CAPUT
2876 486 2936 539 ll.

2050 602 2332 669 Quomodo
2362 611 2541 657 autem
2568 618 2633 657 ex
2655 602 2723 655 iis
2754 617 2874 671 quae
2908 606 3035 655 sunt
3066 599 3318 662 innohis,
3354 602 3545 654 analo-

1979 696 2097 766 gice
2121 694 2353 749 Verbum
2392 694 2749 764 cognovimus
2779 695 2831 746 in
2888 706 3139 760 suprema
3183 702 3394 754 natura,
3451 706 3546 745 eo-

1981 786 2104 839 dem
2129 786 2289 840 modo
2314 785 2475 839 etiam
2508 784 2844 839 adducemur
2875 784 2943 836 ad
2979 784 3251 837 notionem
3287 780 3546 850 Spiritus,

1981 875 2268 931 inell‘abilis
2308 876 2558 944 potentiae
2592 874 2812 928 umbras
2844 874 3107 938 quasdam
3144 880 3196 927 et
3252 873 3551 925 simulacra

1982 969 2035 1021 in
2063 976 2249 1022 nostra
2287 969 2717 1036 contemplantes
2750 975 2965 1018 natura.
3020 965 3126 1019 Sed
3157 966 3211 1019 in
3241 966 3399 1019 nobis
3430 966 3552 1034 qui-

1983 1059 2102 1113 dem
2139 1058 2364 1127 spiritus
2416 1070 2499 1112 est
2552 1057 2692 1110 aeris
2737 1055 3007 1117 attractio,
3040 1056 3120 1109 rei
3168 1056 3378 1115 alienae,
3433 1070 3554 1122 qua:

1984 1150 2298 1204 necessario
2336 1149 2626 1201 attrahitur
2659 1156 2711 1201 ct
2748 1145 3096 1216 profunditur
3159 1147 3225 1199 ad
3281 1149 3553 1200 constitu-

1987 1243 2185 1294 tionem
2227 1240 2495 1309 corporis,
2522 1255 2642 1309 qua:
2674 1239 2916 1306 quidem,
2952 1238 3080 1291 dum
3105 1238 3326 1291 verbum
3350 1237 3557 1288 etnitti-

1986 1341 2092 1396 tur,
2128 1332 2181 1384 lit
2219 1347 2342 1395 vox,
2369 1331 2422 1383 in
2469 1331 2648 1399 seipsa
2689 1329 2977 1383 declarans
3004 1330 3109 1382 vim
3141 1328 3313 1382 verbi.
3378 1326 3434 1379 lu
3473 1327 3556 1379 di-

1985 1426 2109 1477 vina
2129 1432 2312 1477 autem
2338 1430 2558 1487 natura,
2581 1437 2702 1476 esse
2726 1422 2945 1489 quidem
2974 1420 3064 1474 Dei
3098 1419 3382 1488 Spiritum,
3407 1422 3553 1488 pium

1984 1524 2068 1571 est
2100 1514 2491 1577 existimatum,
2527 1511 2801 1582 quomodo
2857 1508 3040 1563 datum
3081 1516 3166 1563 est
3218 1524 3340 1563 esse
3388 1508 3553 1561 etiam

1988 1605 2082 1660 Dei
2114 1605 2370 1669 Verbum,
2404 1612 2690 1673 propterea
2712 1601 2857 1671 qd'od
2885 1616 2993 1654 non
3028 1607 3277 1670 oporteat
3304 1598 3397 1652 Dei
3425 1597 3559 1651 Verv

1988 1698 2115 1749 hum
2141 1696 2382 1751 deterius
2411 1711 2552 1760 esse,
2582 1702 2636 1749 et
2653 1695 2824 1763 magis
2857 1692 3087 1746 deﬁcere
3116 1706 3278 1761 quam
3307 1697 3557 1745 nostrum

1990 1790 2234 1850 verbum,
2257 1788 2524 1856 siquidem
2557 1802 2681 1840 cum
2715 1787 2816 1840 hoc
2841 1786 3219 1841 consideretur
3244 1799 3365 1839 cum
3406 1784 3561 1851 spiri-

1990 1890 2068 1941 tu,
2101 1880 2358 1933 credatur
2382 1879 2515 1933 illud
2542 1894 2664 1934 esse
2687 1880 2804 1932 sine
2845 1876 3072 1947 Spiritu.
3139 1875 3327 1946 Neque
3378 1885 3557 1929 tamen

1990 1972 2056 2024 ad
2106 1970 2281 2025 nostri
2342 1970 2567 2039 spiritus
2629 1969 3040 2023 similitudinem
3093 1968 3435 2021 extrinsecus
3492 1966 3558 2019 ad

1994 2062 2158 2115 Deum
2190 2061 2432 2123 aflluere,
2464 2070 2516 2115 et
2546 2062 2597 2115 in
2623 2076 2689 2116 eo
2714 2060 2829 2115 ﬁeri
2860 2060 3146 2131 Spiritum,
3185 2061 3237 2114 id
3270 2054 3378 2113 Deo
3431 2077 3562 2114 con-

1990 2156 2177 2208 venire
2210 2152 2656 2208 existimandum.
2684 2154 2792 2207 Sed
2825 2153 3099 2222 quomodo
3132 2168 3256 2205 cum
3301 2152 3391 2204 Dei
3428 2150 3558 2205 Ver-

1994 2250 2119 2303 bum
2157 2246 2579 2323 audivissentus,
2612 2261 2721 2299 non
2748 2261 2859 2299 rem
2883 2261 3004 2299 esse
3033 2246 3269 2314 aliquam
3306 2260 3425 2313 qua:
3454 2262 3562 2297 non

1995 2340 2280 2399 consistat,
2312 2338 2549 2391 Verbum
2608 2335 2953 2406 putavimus;
2994 2350 3170 2402 neque
3226 2333 3371 2403 quod
3435 2334 3566 2387 insit

1994 2446 2056 2483 ex
2090 2429 2399 2498 disciplina,
2433 2442 2608 2495 neque
2636 2426 2781 2495 quod
2824 2442 2960 2479 voce
3010 2424 3335 2494 proferatur,
3387 2440 3565 2492 neque

1997 2523 2140 2591 quod
2171 2537 2295 2575 cum
2320 2520 2481 2574 fuerit
2503 2519 2773 2589 prolatum
2798 2517 3149 2583 dissolvatur,
3186 2533 3361 2586 neque
3384 2518 3567 2586 aliquo

1999 2614 2106 2667 alio
2146 2612 2307 2666 modo
2331 2612 2405 2665 ita
2432 2612 2593 2674 allici,
2616 2625 2726 2679 quo
2750 2610 2995 2664 cernitur
3031 2608 3167 2662 allici
3218 2616 3403 2662 noster
3449 2623 3565 2665 ser-

2000 2720 2109 2769 mo,
2143 2705 2238 2760 sed
2262 2704 2583 2770 consistere,
2612 2710 2671 2756 ut
2700 2704 2776 2755 ita
2804 2702 3001 2763 dicam,
3026 2700 3409 2761 essentialiter,
3444 2699 3571 2751 vim-

1998 2812 2105 2865 que
2128 2796 2328 2850 habere
2351 2794 2605 2865 eligendi,
2658 2809 2888 2863 esseque
2942 2808 3178 2862 operans
3226 2803 3281 2847 et
3314 2793 3569 2861 omnipo-

2002 2899 2120 2942 tens
2147 2904 2161 2941 ξ
2189 2887 2262 2940 ita
2297 2887 2461 2940 etiam
2486 2900 2611 2940 cum
2636 2882 2731 2938 Dei
2763 2883 3024 2954 Spiritum
3051 2881 3431 2946 didicerimus,
3475 2882 3568 2951 qui

2007 2980 2239 3035 Verbum
2274 2978 2649 3047 consequitur,
2681 2984 2735 3031 et
2760 2976 2879 3045 ejus
2912 2976 3153 3031 declarat
3178 2977 3569 3045 operationem,

2004 3088 2114 3126 non
2166 3070 2521 3138 intelligimus
2574 3068 2761 3122 ﬂatum
2815 3068 3121 3131 anhelitus;
3180 3066 3572 3135 deprimeretur

2006 3161 2153 3217 enim
2184 3168 2237 3215 et
2270 3159 2336 3213 ad
2394 3159 2617 3213 nimiam
2650 3157 3028 3212 demitteretur
3063 3156 3420 3211 humilitatem
3459 3172 3575 3208 ma—

2005 3253 2233 3323 gnitudo
2268 3251 2465 3306 divinae
2494 3250 2771 3320 potentiae,
2807 3249 2854 3304 si
2880 3249 2973 3318 qui
3001 3251 3056 3301 in
3082 3262 3148 3302 eo
3174 3255 3259 3302 est
3315 3247 3571 3317 Spiritus,

2007 3345 2415 3400 existimaretur
2438 3357 2559 3397 esse
2592 3341 2772 3395 instar
2826 3342 3035 3396 nostri:
3097 3340 3190 3395 sed
3229 3340 3575 3395 essentialem

2008 3434 2323 3503 potentiam,
2382 3446 2503 3501 quae
2563 3430 2681 3499 ipsa
2731 3429 2786 3483 in
2820 3431 3001 3499 seipsa
3081 3429 3461 3483 consideratur
3522 3430 3576 3484 in

2009 3524 2226 3594 propria
2248 3521 2527 3593 hypostasi
2558 3535 2622 3573 ac
2647 3520 3026 3585 consistentia,
3058 3534 3235 3587 neque
3279 3526 3459 3587 potest
3488 3533 3577 3571 se‘

2010 3614 2192 3684 parari
2224 3628 2253 3665 a
2286 3611 2396 3665 Deo
2420 3611 2474 3665 in
2502 3625 2612 3679 quo
2641 3618 2747 3675 est,
2776 3617 2869 3663 aut
2898 3625 2927 3663 a
2960 3608 3139 3663 Verbo
3160 3607 3255 3663 Dei
3280 3607 3424 3677 quod
3448 3621 3576 3662 con-

2013 3703 2294 3772 sequitur:
2330 3716 2505 3769 neque
2542 3699 2608 3753 ad
2640 3699 2741 3753 hoc
2774 3707 2832 3752 ut
2858 3713 2968 3752 non
2997 3699 3088 3764 sit,
3112 3696 3432 3760 effunditur,
3460 3696 3582 3760 sed,

2012 3795 2079 3849 ad
2112 3793 2203 3847 Dei
2241 3790 2405 3846 Verbi
2457 3790 2889 3853 similitudinem,
2948 3796 3033 3844 est
3062 3790 3117 3842 in
3168 3788 3447 3857 bypostasi
3481 3786 3551 3840 eli

2012 3884 2172 3954 gendi
2202 3884 2252 3935 vi
2283 3882 2509 3952 praedita
2543 3896 2637 3951 per
2661 3896 2720 3935 se
2748 3881 2956 3945 mobili,
2989 3887 3269 3950 operante,
3289 3888 3343 3932 et
3369 3892 3585 3947 semper

2013 3970 2217 4024 bonum
2247 3969 2501 4039 eligente,
2534 3976 2589 4022 et
2622 3967 2689 4021 ad
2728 3983 2887 4021 omne
2920 3967 3257 4037 propositum
3311 3982 3435 4021 cum
3490 3983 3588 4019 vo-

2019 4056 2226 4111 luntate
2252 4064 2668 4111 concurrentem
2702 4056 2936 4110 habente
2968 4056 3284 4125 potentiam.

2604 4143 2832 4199 CAPUT
2878 4143 2966 4202 Ill.

2088 4239 2189 4305 Qui
2214 4240 2396 4309 itaque
2422 4238 2706 4307 diligenter
2728 4247 2783 4291 et
2808 4245 3064 4293 accurate
3094 4236 3446 4292 considerant
3470 4253 3586 4309 my-

2019 4334 2169 4388 sterii
2197 4331 2624 4403 profunditatem
2647 4370 2661 4395 ,
2683 4332 2741 4384 in
2768 4331 2950 4384 anima
2971 4330 3192 4400 quidem
3225 4345 3426 4384 arcana
3449 4346 3586 4400 qua-

2020 4425 2143 4479 dam
2178 4425 2392 4478 ratione
2442 4422 2774 4477 mediocrem
2819 4421 3021 4491 accipit
3051 4422 3467 4491 intelligentiam
3500 4422 3593 4473 do-

350 4510 573 4573 σκαλίας
600 4511 805 4576 λαϐεῖν,
840 4512 913 4583 μὴ
942 4514 1119 4582 μέντοι
1149 4513 1404 4566 δύνασθαι
1424 4513 1564 4585 λόγῳ
1589 4514 1893 4586 διασαφῆσα

2021 4516 2213 4568 ctrina:
2249 4513 2343 4568 Dei
2371 4512 2702 4583 cognitionis
2724 4550 2739 4574 ,
2773 4512 3021 4566 oratione
3045 4520 3226 4565 tamen
3262 4525 3373 4563 non
3411 4518 3597 4580 potest

348 4601 445 4673 τὴν
475 4604 851 4673 ἀνέκφραστον
894 4605 1095 4676 ταύτην
1123 4605 1215 4658 τοῦ
1259 4608 1557 4678 μυστηρίου
1598 4607 1872 4679 βαθύτητα
1901 4627 1917 4641 ·

352 4695 466 4757 πῶς
488 4695 549 4747 τὸ
577 4695 708 4747 αὑτὸ
747 4696 840 4749 καὶ
866 4695 1163 4766 ἀριθμητόν
1204 4696 1319 4749 ἐστι
1339 4736 1354 4760 ,
1388 4698 1480 4750 καὶ
1506 4698 1785 4768 διαφεύγει
1822 4699 1920 4765 τὴν

353 4785 727 4857 ἐξαρίθμησιν,
760 4788 852 4840 καὶ
879 4788 1220 4859 διῃρημένως
1256 4790 1477 4859 ὁρᾶται,
1510 4791 1603 4844 καὶ
1640 4793 1699 4843 ὲν
1735 4791 1921 4861 μονάδι

356 4877 849 4947 καταλαμϐάνεται,
882 4880 974 4931 καὶ
1007 4878 1345 4950 διακέκριται
1387 4883 1450 4949 τῇ
1483 4881 1795 4947 ὑποστάσει,
1827 4883 1922 4936 καὶ

355 4968 415 5020 οὑ
447 4969 769 5041 μεμέρισται
800 4967 878 5038 τῷ
908 4970 1267 5038 ὑποκειμένῳ,
1300 4970 1392 5021 καὶ
1425 4969 1550 5023 ἄλλο
1601 4970 1761 5024 πάλιν
1784 4974 1923 5024 έκεῖ-

358 5054 507 5121 νο,οἷ›
537 5061 630 5113 καὶ
651 5062 679 5112 ό
699 5060 869 5128 Λόγος
902 5059 1017 5112 ἐστὶ
1043 5058 1138 5113 καὶ
1171 5059 1232 5111 τὸ
1269 5059 1510 5131 Πνεῦμα.
1544 5061 1681 5114 Ἀλλ’
1702 5062 1923 5116 ἐπειδὰν

358 5152 416 5206 τὸ
445 5154 852 5224 διακεκριμένον
877 5155 932 5207 έν
960 5152 1166 5216 τούτοις
1186 5156 1541 5224 κατανοήσῃς,
1574 5154 1732 5208 πάλιν
1758 5158 1791 5226 ἡ
1826 5158 1923 5226 τῆς

361 5246 570 5312 φύσεως
606 5248 793 5317 ἑνότης
822 5247 911 5300 τὸν
940 5246 1293 5316 διαμερισμὸν
1338 5247 1397 5299 ού
1436 5247 1750 5315 προσίεται·
1783 5246 1923 5300 ὥστε

364 5338 498 5407 μήτε
517 5339 576 5390 τὸ
600 5339 696 5405 τῆς
718 5338 1011 5408 μοναρχίας
1037 5338 1313 5409 σχίζεσθαι
1344 5338 1541 5407 κράτος
1565 5339 1643 5401 εἰς
1672 5338 1925 5410 θεότητας

362 5428 645 5500 διαφόρους
696 5430 1180 5500 κατατεμνόμενον,
1224 5430 1361 5498 μήτε
1409 5429 1486 5499 τῷ
1526 5429 1801 5499 Ἰουδαῖκῴ
1837 5430 1926 5482 δό-

365 5533 532 5586 γματι
571 5518 884 5588 συμϐαίνειν
910 5519 1000 5571 τὸν
1026 5518 1201 5585 λόγον,
1229 5516 1365 5570 ἀλλὰ
1390 5515 1478 5569 διὰ
1505 5516 1666 5585 μέσον
1706 5516 1812 5570 τῶν
1837 5516 1928 5571 δύο

370 5609 682 5679 ὑπολήψεων
736 5611 934 5679 χωρεῖν
971 5608 1070 5679 τὴν
1102 5608 1377 5678 ἀλήθειαν,
1411 5607 1675 5678 ἑκατέραν
1713 5624 1771 5659 τε
1820 5608 1927 5661 τῶν

371 5701 625 5770 αἱρέσεων
658 5701 1040 5772 καθαιροῦσαν,
1085 5702 1178 5753 καὶ
1215 5702 1307 5769 ἀφ’
1346 5700 1606 5769 ἑκατέρας
1638 5701 1928 5771 παραδεχο-

378 5794 535 5865 αένην
567 5795 627 5849 τὸ
655 5796 941 5868 χρήσιμον.
977 5794 1083 5848 Τοῦ
1118 5795 1213 5848 μὲν
1251 5795 1358 5865 γὰρ
1382 5794 1630 5847 Ἰουδαίου
1655 5794 1929 5869 καθαιρεῖ-

2022 4604 2347 4660 inetl'abilem
2375 4605 2588 4673 aperire
2614 4602 3045 4673 profunditatem
3076 4602 3321 4672 mysterii
3351 4619 3366 4668 ;
3398 4617 3593 4671 nempe

2023 4695 2296 4767 quomodo
2317 4696 2457 4750 idem
2482 4703 2535 4749 et
2558 4693 2715 4749 cadat
2740 4695 2843 4749 sub
2863 4709 3170 4757 numerum,
3191 4702 3245 4747 et
3270 4708 3376 4747 non
3401 4694 3599 4754 cadat,

2023 4798 2075 4843 et
2099 4787 2332 4842 divisum
2366 4794 2642 4849 cernatur,
2673 4792 2727 4839 et
2751 4784 3248 4853 comprehendatur
3276 4784 3329 4837 in
3360 4786 3592 4845 unitate,

2025 4880 2453 4948 distinctumque
2483 4880 2553 4932 sit
2582 4893 2644 4930 ac
2675 4877 2972 4930 discretum
3005 4876 3360 4929 consistentia
3416 4885 3470 4930 et
3498 4879 3595 4946 hy-

2027 4971 2262 5043 postasi,
2286 4978 2339 5024 et
2363 4969 2606 5038 subjecto
2634 4984 2739 5021 non
2766 4968 2838 5021 sit
2861 4967 3128 5030 divisum,
3151 4974 3204 5020 et
3230 4982 3423 5022 rursus
3448 4968 3595 5021 aliud

2027 5064 2098 5118 sit
2118 5102 2133 5124 ,
2167 5064 2326 5130 cujus
2358 5068 2442 5115 est
2468 5059 2703 5115 Verbum
2734 5067 2787 5113 et
2813 5058 3072 5128 Spiritus.
3107 5056 3211 5112 Sed
3238 5066 3592 5126 posteaquam

2027 5155 2322 5207 discrimen
2352 5153 2405 5205 in
2434 5153 2517 5205 his
2552 5151 2884 5205 intellexeris
2903 5191 2923 5215 ,
2952 5160 3158 5203 natura:
3187 5165 3380 5205 rursus
3413 5148 3595 5201 unitas

2029 5260 2135 5298 non
2173 5244 2412 5297 admittit
2440 5243 2803 5297 divisionem:
2854 5241 2990 5295 adeo
3040 5250 3099 5294 ut
3152 5257 3326 5310 neque
3374 5256 3596 5295 monar—

2028 5335 2165 5390 chiaz
2220 5335 2530 5389 dominatus
2580 5333 2860 5387 scindatur
2913 5334 2968 5386 in
3025 5332 3270 5387 diversas
3317 5332 3599 5389 dissectus

2031 5429 2263 5481 unitates
2283 5466 2297 5490 ,
2339 5442 2516 5495 neque
2556 5433 2823 5495 congruat
2848 5426 2901 5478 id
2930 5425 3074 5494 quod
3106 5424 3304 5478 dicitur
3330 5440 3453 5478 cum
3484 5426 3599 5481 do-

2028 5526 2206 5589 gmate
2228 5516 2488 5583 Judaico;
2517 5518 2609 5572 sed
2635 5531 2728 5586 per
2754 5516 2993 5570 medium
3023 5517 3254 5571 duarum
3277 5518 3596 5586 opinionum

2031 5596 2290 5681 prooedat
2313 5610 2515 5664 veritas
2536 5650 2552 5675 ,
2582 5617 2636 5663 et
2674 5619 2961 5678 utramque
2998 5608 3195 5663 tollens
3227 5609 3478 5663 haeresim
3498 5651 3515 5678 ,
3542 5623 3599 5666 et

2032 5703 2100 5756 ab
2130 5711 2360 5771 utraque
2393 5701 2667 5771 accipiens
2702 5702 2753 5755 id
2788 5701 2933 5771 quod
2965 5712 3049 5755 est
3078 5701 3222 5755 usui.
3259 5700 3393 5754 Nam
3426 5700 3598 5757 Judazi

2031 5795 2248 5868 quidem
2309 5796 2509 5866 degma
2559 5795 2731 5855 tollit,
2781 5805 2833 5848 et
2865 5791 3098 5849 Verbum
3132 5793 3505 5857 admittendo,
3547 5803 3605 5849 et
