4066 6374
488 417 555 478 I9
1714 425 1773 482 s.
1813 424 2141 483 cnnconu
2200 424 2491 479 NYSSENI
3658 417 3725 471 ευ

479 543 753 599 credendo
780 536 1043 615 Spiritum
1071 564 1083 600 :
1114 560 1302 601 eorum
1332 557 1513 603 autem
1546 548 1640 619 qui
1670 556 1817 604 stant
1844 564 1875 603 a
1903 547 2045 603 Gra-

2152 565 2242 600 ται
2262 548 2321 600 τὺ
2349 548 2544 617 δόγμα,
2578 550 2645 618 τῇ
2684 564 2742 600 τε
2766 546 2861 600 τοῦ
2885 547 3057 615 Λόγου
3086 545 3385 615 παραδοχῇ,
3418 545 3512 597 καὶ
3545 549 3608 616 τῇ
3640 563 3729 599 πι-

481 636 563 691 cis
589 637 839 690 aboletur
868 652 1022 691 error
1056 639 1348 693 multarunt
1381 638 1642 705 deorum,
1688 656 1753 696 ea
1796 656 1919 711 qua:
1960 650 2048 696 est

483 724 783 778 secundum
818 734 1068 779 naturam
1102 728 1311 782 unitate
1340 729 1827 785 circumscribente
1864 738 1919 785 et
1960 745 2049 783 ar-

478 823 638 869 cente
668 815 965 870 multorum
996 817 1362 887 phantasiam.
1399 819 1613 876 Rursus
1641 830 1822 875 autem
1854 836 1919 875 ex
1952 819 2047 874 Ju-

478 906 635 960 daica
665 907 921 977 opinione
954 918 1170 965 maneat
1196 919 1404 966 naturae
1437 913 1617 968 unitas
1636 953 1650 976 ,
1681 929 1745 968 ex
1774 928 1840 969 eo
1866 922 2044 967 autem

475 999 621 1065 quod
651 997 825 1054 Graeci
855 1002 1171 1071 opinantur,
1204 1003 1319 1058 sola
1348 1004 1612 1060 discretio
1642 1005 1698 1059 in
1730 1006 2045 1077 hypostasi-

476 1089 578 1144 bus
598 1129 612 1153 ,
644 1090 826 1159 impiae
859 1093 1103 1162 opinioni
1135 1096 1394 1164 utrinque
1423 1111 1668 1167 congruo
1696 1097 1941 1152 adhibito
1969 1113 2050 1152 re-

475 1177 675 1233 medio.
706 1178 802 1233 Est
833 1181 977 1235 enim
1017 1182 1185 1238 veluti
1223 1184 1470 1253 quazdam
1514 1186 1822 1253 medicina,
1854 1202 2042 1242 eorum

474 1268 694 1337 quidem
730 1272 823 1339 qui
860 1273 914 1325 in
952 1288 1062 1327 uno
1092 1275 1383 1341 aberrant,
1414 1292 1680 1334 numerus
1712 1277 1997 1334 Trinitatis
2028 1298 2043 1333 :

475 1369 665 1409 eorum
700 1367 881 1412 autem
910 1360 1005 1430 qui
1037 1370 1168 1416 sunt
1217 1363 1453 1434 dispersi
1496 1366 1553 1421 in
1604 1367 2044 1434 multitudinem,

474 1445 615 1501 ratio
647 1449 889 1504 unitatis.

1086 1542 1313 1599 CAPUT
1351 1544 1439 1601 IV.

1086 1546 1313 1599 CAPUT
1351 1546 1439 1601 IV.

547 1628 644 1684 Sin
669 1640 848 1686 autem
874 1614 1135 1692 adversus
1167 1637 1281 1691 haec
1307 1637 1647 1694 contradicat
1671 1638 1910 1706 Judzeus,
1937 1656 2047 1697 non

478 1719 663 1790 utique
706 1738 773 1777 ex
814 1723 935 1791 ejus
973 1727 1207 1796 propriis
1235 1728 1471 1785 dilIicilis
1512 1731 1618 1785 erit
1655 1731 1816 1788 nobis
1857 1731 2049 1787 adver-

475 1824 572 1864 sus
603 1810 751 1864 illum
796 1811 1136 1882 disceptatio.
1187 1814 1266 1870 Ex
1308 1816 1377 1872 iis
1422 1818 1566 1871 enim
1610 1816 1955 1872 documentis
1988 1817 2046 1871 in

2154 655 2267 691 στει
2303 637 2398 690 τοῦ
2430 638 2778 708 Πνεύματος’
2812 638 2919 691 τῶν
2947 638 3004 690 δὲ
3050 637 3461 707 Έλληνιζόντων
3499 639 3532 706 ἡ
3568 636 3728 691 πολύ-

2150 728 2269 792 θεος
2312 728 2691 797 ὲξαφανίζεται
2748 729 2947 798 πλάνη,
2980 729 3080 797 τῆς
3108 729 3247 780 κατὰ
3276 727 3436 795 φύσιν
3475 727 3725 796 ὲνότητος

2150 820 2653 891 παραγραφομένης
2676 820 2774 889 τὴν
2804 819 3172 889 πληθυντικὴν
3200 819 3517 888 φαντασίαν.
3555 819 3725 873 Πάλιν

2147 911 2203 963 δὲ
2228 908 2292 964 ἂν
2318 912 2381 963 ἐκ
2402 914 2499 981 τῆς
2531 911 2825 980 Ἰουδαϊκῆς
2854 911 3170 981 ὑπολήψεως
3199 913 3233 981 ἡ
3254 914 3351 979 τῆς
3379 912 3590 980 φύσεως
3612 911 3725 963 ἐνὸ-

2147 1019 2247 1073 της
2270 1002 2633 1074 παραμενέτω
2656 1020 2669 1035 ⁸
2703 1006 2767 1055 ὲκ
2790 1003 2847 1055 δὲ
2870 1002 2963 1055 τοῦ
2991 1002 3368 1073 Ἑλληνισμοῦ,
3396 1004 3429 1072 ἡ
3460 1002 3599 1055 κατὰ
3624 1003 3722 1065 τὰς

2148 1093 2473 1157 ὑποστάσεις
2502 1094 2771 1165 διάκρισις
2803 1094 2960 1164 μόνη,
2997 1092 3423 1165 θεραπευθείσης
3449 1093 3723 1163 ἑκατέρω-

2149 1185 2240 1240 θεν
2285 1184 2630 1255 καταλλήλως
2676 1185 2775 1253 τῆς
2831 1184 3060 1247 ἀσεϐοῦς
3111 1184 3381 1245 ὑπονοίας.
3424 1184 3578 1236 Ἔστι
3614 1184 3724 1255 γὰρ

2148 1276 2336 1346 ῶσπερ
2370 1292 2452 1338 τις
2486 1275 2749 1346 θεραπεία
2808 1275 2914 1328 τῶν
2956 1276 3053 1346 μὲν
3082 1275 3211 1345 περὶ
3243 1275 3303 1327 τὸ
3336 1273 3394 1355 ἓν
3436 1275 3723 1346 πλανωμέ-

2148 1383 2255 1420 νων
2284 1367 2314 1417 ό
2346 1364 2576 1436 ἀριθμὸς
2601 1368 2699 1437 τῆς
2739 1367 2995 1437 Τριάδος·
3024 1367 3131 1420 τῶν
3155 1367 3211 1419 δὲ
3244 1368 3323 1429 είς
3342 1366 3543 1436 πλῆθος
3566 1369 3723 1420 ἐσκε-

2149 1455 2454 1528 δασμένων,
2488 1459 2516 1511 6
2542 1460 2638 1527 τῆς
2667 1459 2915 1528 ἑνότητος
2952 1457 3134 1525 λόγος.

2767 1549 3015 1601 ΚΕΦΛΛ.
3050 1550 3122 1600 Δθ.

2219 1640 2283 1693 Ei
2316 1640 2374 1694 δὲ
2406 1639 2675 1707 ἀντιλέγει
2703 1638 2909 1701 τούτοις
2937 1638 2966 1690 6
3016 1638 3281 1701 Ἰουδαῖος,
3312 1638 3485 1691 οὐκέτ’
3504 1638 3569 1692 ἂν
3590 1639 3724 1708 ἡμῖν

2147 1734 2213 1785 ἐκ
2238 1734 2331 1787 τοῦ
2360 1735 2487 1787 ἰδίου
2513 1732 2765 1793 δύσκολος
2791 1735 2818 1785 6
2843 1732 2978 1803 πρὸς
3006 1734 3210 1785 ἐκεῖνον
3238 1738 3523 1803 γενήσεται
3543 1732 3718 1799 λόγος.

2160 1821 2257 1875 Ἐκ
2276 1824 2385 1894 γάρ
2406 1824 2515 1876 τῶν
2544 1822 2853 1892 συντρόφων
2875 1821 3022 1891 αὑτῷ
3044 1822 3385 1890 διδαγμάτων
3412 1825 3445 1892 ή
3470 1824 3566 1893 τῆς
3596 1823 3724 1892 ἁλη-

475 1902 676 1972 quibus
708 1914 793 1960 est
820 1905 1081 1962 educatus
1101 1949 1115 1971 ,
1142 1908 1386 1963 veritatis
1418 1909 1524 1963 erit
1554 1908 1873 1964 deelaratio.
1904 1908 2041 1963 Esse

2144 1912 2289 1975 θείας
2316 1912 2467 1965 ἔσται
2499 1913 2817 1982 φανέρωσις.
2853 1911 2925 1964 Τὸ
2944 1912 3051 1982 γὰρ
3082 1906 3218 1965 εἶναι
3253 1914 3424 1981 Λόγον
3451 1914 3608 1976 Θεοῦ,
3630 1916 3724 1966 καὶ

473 1992 620 2048 enim
653 1992 885 2049 Verbum
914 1995 1043 2063 Dei,
1067 2008 1122 2052 et
1147 1998 1412 2068 Spiritum
1430 1997 1545 2064 Dei,
1572 2006 1890 2069 potestates,
1918 2015 2041 2069 quae

474 2086 786 2141 consistunt
815 2090 1197 2155 essentialiter,
1238 2099 1293 2145 et
1336 2101 1464 2146 sunt
1503 2092 1797 2148 eﬂicientes
1845 2106 2039 2147 eorum

474 2192 600 2243 qua:
629 2177 770 2232 facta
796 2189 943 2241 sunt.
987 2189 1039 2235 et
1083 2196 1147 2236 ea
1180 2198 1300 2252 qua:
1341 2193 1486 2247 sunt,
1519 2184 1831 2247 continent,
1859 2199 1926 2238 ex
1957 2183 2039 2237 di-

472 2268 681 2323 vinitus
727 2271 1005 2339 inspiratis
1042 2271 1345 2344 Scripturis
1391 2276 1671 2331 evidenter
1704 2274 2035 2331 ostenditur.

476 2358 683 2415 SutIicit
714 2371 929 2427 autem,
981 2380 1105 2419 cum
1148 2367 1555 2422 meminerimus
1596 2369 1761 2423 unius
1795 2369 2041 2424 testimo-

473 2449 589 2511 nii,
622 2450 778 2519 plura
827 2453 1153 2510 invenienda
1199 2457 1511 2528 relinquere
1542 2459 1823 2513 studiosis.
1872 2458 2039 2512 Verbo

473 2538 690 2594 Domini
713 2581 727 2605 ,
758 2543 967 2613 inquit,
1017 2546 1132 2599 caeli
1170 2549 1372 2617 ﬁrmati
1409 2558 1569 2616 sunt,
1601 2560 1651 2603 et
1693 2548 1897 2618 Spiritu
1931 2551 2039 2603 oris

471 2632 587 2701 ejus
620 2635 785 2688 omnis
817 2636 980 2689 virtus
1008 2654 1188 2692 eorum
1222 2640 1261 2692 ¹.
1297 2639 1416 2707 Quo
1444 2638 1645 2704 Verbo,
1681 2651 1735 2696 et
1768 2657 1875 2710 quo
1913 2640 2040 2709 Spi-

471 2724 623 2778 ritu?
642 2723 825 2796 Neque
850 2728 991 2782 enim
1019 2728 1187 2785 dictio
1209 2740 1293 2785 est
1310 2729 1545 2787 Verbum
1565 2771 1579 2795 ,
1600 2747 1776 2802 neque
1803 2733 2040 2802 Spiritus

475 2817 769 2873 anhelitus.
808 2818 865 2873 Si
892 2821 1037 2875 enim
1065 2823 1129 2875 ad
1159 2831 1360 2883 nostra:
1389 2833 1599 2878 natura:
1626 2824 2038 2881 similitudinem

475 2905 618 2962 Deus
657 2924 875 2979 quoque
915 2910 1076 2966 homo
1106 2912 1290 2975 ﬁeret,
1319 2912 1589 2981 ejusmodi
1621 2928 1838 2983 quoque
1874 2914 2040 2968 verbo

474 3004 527 3052 et
549 2998 746 3067 Spiritu
774 3001 851 3053 uti
880 3002 1252 3058 universitatis
1273 3005 1519 3072 opiﬁcem
1546 3012 1867 3059 statuerent.
1892 3005 2044 3070 Qua:-

476 3102 601 3141 ttam
627 3098 806 3144 autem
838 3099 987 3144 tanta
1019 3093 1192 3147 virtus
1226 3092 1593 3163 proﬁciscitur
1626 3108 1657 3147 a
1685 3095 1899 3159 verbis,
1929 3103 1983 3150 et
2009 3112 2040 3148 a

475 3180 712 3248 spiritu,
759 3190 818 3233 ut
858 3182 1089 3236 suliiciat
1128 3184 1195 3237 ad
1242 3185 1439 3238 caelum
1472 3184 1912 3240 constituendum
1938 3227 1953 3252 ,
1987 3195 2040 3240 et

476 3286 599 3338 qua:
644 3272 700 3324 in
746 3286 812 3325 eo
844 3281 973 3326 sunt
1006 3274 1279 3329 virtutes?
1314 3274 1373 3329 Si
1398 3275 1547 3330 enim
1576 3287 1782 3331 nostrze
1813 3276 2040 3331 dictioni

476 3360 570 3417 Dei
597 3360 833 3418 Verbum
863 3373 949 3419 est
978 3365 1184 3429 simile,
1214 3376 1268 3422 et
1292 3366 1531 3436 Spiritus
1557 3367 1773 3437 spiritui
1798 3408 1813 3431 ,
1842 3369 2040 3423 similis

478 3464 563 3509 est
604 3457 830 3510 omnino
876 3458 1051 3512 virtus
1091 3473 1157 3513 ex
1212 3458 1519 3523 similibus,
1564 3467 1619 3513 et
1660 3472 1893 3529 quantas
1944 3476 2037 3513 no-

479 3554 676 3609 strum,
704 3554 883 3600 tantas
905 3547 1049 3600 vires
1077 3547 1239 3602 habet
1262 3549 1355 3603 Dei
1375 3548 1631 3603 Verbum.
1651 3550 1813 3619 Atqui
1838 3559 1892 3603 et
1914 3565 2043 3619 ope-

480 3638 692 3691 ratione
719 3648 847 3692 sunt
874 3648 1125 3695 carentes
1160 3651 1212 3695 et
1241 3642 1464 3696 minime
1506 3644 1905 3708 consistentes,
1950 3645 2042 3713 qui

480 3743 602 3781 cum
638 3729 819 3784 verbis
849 3740 1133 3786 transeunt
1161 3733 1408 3803 spiritus.
1436 3734 1555 3800 Quo
1580 3734 1635 3788 ﬁt
1662 3743 1720 3787 ut
1745 3750 1851 3788 non
1882 3752 2046 3805 agen-

480 3827 595 3884 tes,
626 3831 681 3874 et
708 3836 815 3874 non
860 3823 1227 3879 consistentes
1268 3824 1390 3880 illos
1417 3827 1639 3880 omnino
1668 3827 2042 3891 constituant,

481 3912 575 3980 qui
606 3912 671 3965 ad
705 3913 875 3966 nostri
907 3913 1057 3969 verbi
1087 3914 1497 3971 similitudinem
1536 3916 1629 3972 Dei
1658 3916 1899 3972 Verbum
1945 3918 2043 3973 de-

482 4005 704 4057 ducunt.
742 4003 835 4058 Sin
872 4015 1049 4061 autem
1071 4046 1087 4070 ,
1122 4014 1180 4060 ut
1210 4007 1343 4062 dicit
1370 4008 1535 4062 David
1556 4050 1569 4071 ,
1603 4008 1781 4064 Verbo
1811 4010 1904 4065 Dei
1956 4012 2047 4065 tir-

483 4096 613 4146 niati
645 4104 773 4149 sunt
803 4096 957 4161 cwli,
982 4105 1038 4152 et
1061 4112 1251 4152 eorum
1281 4099 1507 4155 virtutes
1534 4102 1842 4155 consistunt
1869 4103 1925 4157 in
1953 4101 2046 4157 Dei

485 4181 711 4251 Spiritu,
756 4196 975 4243 constat
1021 4205 1153 4258 ergo
1203 4192 1522 4261 mysterium
1567 4194 1847 4257 veritatis,
1900 4193 2047 4263 quod

483 4277 653 4330 dictat
681 4293 803 4333 esse
835 4279 1128 4335 dicendum
1155 4280 1392 4337 Verbum
1422 4284 1478 4337 in
1504 4285 1736 4340 essentia
1753 4324 1769 4350 ,
1794 4295 1849 4341 et
1875 4285 2050 4356 Spiri—

484 4376 599 4428 tum
630 4368 683 4422 in
716 4368 1014 4449 hypostasi.

1086 4546 1313 4605 CAPUT
1349 4548 1424 4605 V-

557 4631 664 4685 Sed
695 4629 789 4686 Dei
816 4633 1035 4703 quidem
1060 4651 1182 4691 esse
1204 4635 1442 4692 Verbum
1470 4645 1525 4692 et
1552 4636 1814 4709 Spiritum
1835 4677 1852 4704 ,
1878 4646 1933 4693 et
1957 4654 2053 4708 per

485 4738 803 4781 communes
837 4726 1091 4783 notiones
1119 4726 1340 4784 Graecus
1360 4770 1375 4792 ,
1406 4737 1460 4785 et
1489 4745 1584 4800 per
1617 4730 1930 4801 Scripturas
1958 4729 2055 4785 Ju-

484 4819 634 4871 tlazus
660 4817 894 4874 fortasse
926 4834 1036 4873 non
1065 4822 1407 4878 contradicet
1432 4842 1447 4890 ;
1477 4831 1533 4877 at
1563 4824 1657 4878 Dei
1687 4822 1851 4877 Verbi
1882 4820 2052 4877 homi-

486 4910 572 4964 nis
604 4908 733 4963 facti
766 4910 1225 4979 dispensationem
1275 4920 1507 4983 uterque
1556 4929 1744 4969 eorum
1791 4930 1858 4968 ex
1895 4928 2053 4983 aequo

486 4999 801 5068 reprobabit
819 5041 834 5065 ,
861 5010 918 5055 ut
944 5016 1066 5071 qua:
1093 5003 1163 5056 sit
1188 5002 1414 5058 minime
1443 5003 1775 5073 probabilis,
1804 5013 1858 5058 et
1886 5020 2050 5074 quam

484 5090 553 5141 de
586 5086 693 5143 Deo
718 5089 901 5144 dicere
922 5090 1146 5147 minime
1168 5093 1478 5149 conveniat.
1509 5092 1586 5147 Ex
1613 5093 1720 5148 alio
1746 5109 1877 5165 ergo
1903 5096 2054 5165 prin—

486 5182 628 5249 cipio
658 5182 989 5239 adducemus
1015 5198 1109 5239 eos
1140 5186 1233 5255 qui
1264 5185 1679 5253 contradicunt,
1709 5196 1767 5241 ut
1798 5187 1903 5242 hoc
1932 5204 2053 5243 cre-

484 5270 652 5336 dant,
695 5288 909 5342 nempe.
941 5275 1247 5332 Credantne
1276 5276 1454 5332 Verbo
1490 5282 1542 5333 et
1572 5279 1837 5348 sapientia
1868 5281 2054 5339 omnia

484 5379 611 5419 esse
655 5365 795 5419 facta
842 5367 911 5421 ab
952 5384 1019 5423 eo
1059 5368 1152 5438 qui
1195 5370 1439 5424 condidit
1478 5371 1939 5426 universitatem?
1979 5387 2051 5425 an

486 5456 651 5525 hujus
709 5475 928 5529 quoque
986 5462 1409 5518 existimationis
1468 5463 1629 5517 ﬁdem
1681 5461 1897 5518 dilﬁcile
1957 5462 2054 5516 ad-

488 5551 751 5602 mittant?
801 5550 908 5606 Sed
948 5551 995 5607 si
1042 5568 1151 5606 non
1198 5553 1445 5607 dederint
1468 5552 1701 5608 Verbum
1733 5570 1829 5609 seu
1880 5554 2052 5608 ratio-

488 5656 647 5704 nem,
701 5652 755 5695 et
809 5643 1130 5713 sapientiam
1186 5644 1359 5707 fuisse
1410 5645 1602 5713 ducem
1663 5662 1844 5709 rerum
1895 5661 2049 5711 crea-

570 5824 587 5857 ί
618 5820 762 5887 Pani.
806 5839 974 5890 χχχιι,
1015 5826 1067 5881 6.

2081 4563 2129 4622 D

2140 2002 2364 2073 Πνεῦμα
2379 2002 2512 2055 Θεοῦ
2524 2001 2793 2064 ούσιωδῶς
2812 2001 3125 2069 ὑφεστώσας
3142 2002 3414 2072 δυνάμεις,
3435 2004 3723 2072 ποιητικάς

2138 2111 2198 2146 τε
2226 2094 2334 2147 τῶν
2361 2094 2760 2165 γεγενημένων,
2788 2095 2881 2145 καὶ
2914 2093 3263 2160 περιεκτικάς
3300 2094 3407 2144 τῶν
3439 2094 3626 2157 ὄντων,
3658 2096 3723 2145 ἐκ

2139 2186 2245 2239 τῶν
2298 2184 2664 2238 θεοπνεύστων
2712 2186 2751 2236 Γ
2758 2184 2942 2254 ραφῶν
2990 2184 3379 2253 ἐναργέστερον
3430 2184 3719 2239 δείκνυται.

2153 2278 2336 2346 Ἀρκεῖ
2360 2277 2416 2330 δὲ
2447 2279 2575 2347 μιᾶς
2607 2276 2904 2347 μαρτυρίας
2932 2275 3361 2344 ἑπιμνησθέντας
3380 2315 3393 2337 ,
3413 2278 3525 2337 τοῖς
3570 2276 3720 2345 φιλο-

2140 2369 2462 2439 πονωτέροις
2490 2369 2808 2422 καταλιπεῖν
2826 2366 2932 2417 τῶν
2969 2356 3224 2420 πλειόνων
3249 2366 3345 2435 τὴν
3371 2366 3604 2434 εὕρεσιν.
3639 2366 3722 2431 Τῷ

2138 2459 2309 2527 Λόγῳ
2332 2460 2437 2513 τοῦ
2452 2459 2690 2525 Κυρίου,
2710 2458 2893 2527 φησὶν,
2916 2460 2969 2509 οὶ
2986 2456 3223 2523 οὐρανοί
3245 2457 3709 2524 ἐστερεώθησαν,

2140 2550 2240 2603 καὶ
2276 2548 2356 2615 τῷ
2382 2551 2678 2618 Πνεύματι
2728 2548 2837 2601 τοῦ
2884 2549 3179 2616 στόματος
3218 2547 3436 2609 ταὺτοῦ,
3484 2546 3651 2600 πᾶσα
3678 2548 3715 2614 ἡ

2138 2642 2392 2710 δύναμις
2419 2639 2633 2694 αὐτῶν,
2671 2640 2815 2709 Ποίῳ
2868 2639 3026 2707 Λόγῳ
3077 2639 3170 2690 καὶ
3225 2638 3362 2707 ποίῳ
3396 2636 3715 2707 Πνεύματι;

2140 2730 2277 2785 Οὔτε
2314 2732 2418 2803 γὰρ
2452 2732 2601 2803 ῥῆμα
2621 2732 2649 2782 6
2683 2731 2852 2797 Λόγος
2872 2770 2887 2793 ,
2920 2728 3043 2781 οὔτε
3075 2725 3259 2798 ἆσθμα
3290 2730 3347 2780 τὸ
3375 2727 3615 2798 Πνεῦμα.
3639 2722 3717 2779 ἹΙ

2140 2823 2248 2894 γάρ
2282 2823 2347 2876 ἂν
2378 2823 2497 2876 καθ’
2520 2822 2811 2892 ὁμοιότητα
2840 2821 2937 2890 τῆς
2990 2821 3261 2890 ἡμετέρας
3294 2819 3507 2887 φύσεως
3534 2819 3625 2871 καὶ
3657 2820 3720 2869 τὸ

2140 2916 2291 2968 Θεῖον
2338 2913 2810 2985 ὲξανθρωπίζοιτο,
2844 2914 2934 2964 καὶ
2974 2911 3200 2981 τοιούτῳ
3249 2911 3548 2980 κεχρῆσθαι
3578 2910 3719 2979 λόγῳ

2142 3005 2236 3059 καὶ
2252 3004 2475 3075 τοιούτῳ
2498 3004 2789 3072 πνεύματι,
2812 3002 2900 3054 τὸν
2924 3000 3018 3070 τοῦ
3043 3001 3241 3063 παντὸς
3267 3000 3495 3070 ποιητὴν
3523 2999 3720 3067 δογμα-

2140 3096 2357 3161 τίζοιεν.
2393 3095 2488 3159 Τίς
2535 3096 2579 3148 δ’
2633 3093 2839 3164 οἴχεται
2887 3092 3111 3163 δύναμις
3166 3092 3273 3145 ἀπὸ
3319 3092 3578 3161 ῥημάτων
3627 3091 3719 3141 καὶ

2068 3223 2110 3280 C
2144 3188 2419 3258 ἄσθματος
2464 3184 2802 3255 τηλικαύτη,
2861 3184 2935 3247 ὡς
2985 3182 3239 3253 ἐξαρκεῖν
3290 3182 3426 3280 πρὸς
3457 3179 3717 3280 ¹οὑ-ρανοῦ

2144 3278 2400 3331 σύστασιν
2427 3278 2521 3330 καὶ
2538 3275 2646 3328 τῶν
2674 3278 2730 3328 ὲν
2752 3274 2961 3337 τούτοις
2987 3274 3297 3344 δυνάμεων;
3323 3271 3383 3325 Εἰ
3409 3271 3516 3342 γὰρ
3538 3272 3720 3341 ὅμοιος

2141 3370 2219 3441 τῷ
2251 3369 2500 3440 ἡμετέρῳ
2552 3370 2753 3438 ῥήματι
2796 3368 2890 3420 καὶ
2920 3369 2948 3420 6
2979 3367 3072 3420 τοῦ
3114 3365 3248 3418 Θεοῦ
3292 3366 3484 3432 Λόγος,
3519 3365 3614 3417 καὶ
3656 3364 3720 3416 τὸ

2142 3462 2368 3531 Πνεῦμα
2408 3460 2487 3530 τῷ
2525 3458 2814 3528 πνεύματι,
2843 3458 3004 3527 ὁμοία
3036 3458 3247 3519 πάντως
3282 3458 3347 3509 ἐκ
3387 3455 3494 3509 τῶν
3521 3455 3721 3525 ὁμοίων

2142 3555 2175 3621 ή
2212 3552 2467 3621 δύναμις’
2502 3552 2597 3603 καὶ
2636 3550 2768 3618 ὅσην
2792 3549 2820 3600 6
2846 3548 3128 3619 ἡμέτερος,
3147 3546 3413 3616 τοσαύτην
3438 3547 3530 3599 καὶ
3562 3548 3590 3598 6
3624 3545 3720 3599 τοῦ

2150 3643 2286 3697 Θεοῦ
2314 3644 2484 3711 Λόγος
2523 3642 2622 3711 τὴν
2667 3642 2821 3711 ἰσχὺν
2863 3641 2995 3709 ἔχει.
3036 3640 3195 3692 Ἀλλά
3241 3641 3345 3711 μὴν
3388 3638 3723 3709 ἀνενέργητά

2144 3753 2204 3788 τε
2252 3735 2343 3788 καὶ
2371 3734 2718 3787 ἀνυπόστατα
2760 3732 2826 3784 τά
2862 3734 2973 3793 τοῖς
3006 3732 3210 3801 ῥήμασι
3246 3729 3723 3799 συνδιεξερχόμενα

2145 3825 2449 3895 πνεύματα.
2476 3825 2760 3894 Ἀπρακτα
2780 3823 2996 3884 πάντως
3020 3821 3111 3874 καὶ
3132 3821 3481 3874 ἀνυπόστατα
3496 3821 3721 3873 κάκεῖνα

2146 3914 2661 3978 κατασκευάζουσιν,
2713 3915 2759 3966 οί
2793 3912 2928 3984 πρὸς
2961 3912 3059 3983 τὴν
3108 3912 3397 3982 ὁμοιότητα
3450 3910 3543 3964 τοῦ
3592 3912 3722 3983 παρ’

2148 4011 2280 4079 ἡμῖν
2306 4007 2465 4074 λόγου
2498 4006 2558 4058 τὸ
2588 4005 2741 4057 Θεῖον
2777 4003 3129 4071 κατάγοντες.
3151 4004 3214 4056 Εἰ
3241 4002 3318 4065 δὲ,
3349 4001 3529 4065 καθὼς
3576 4002 3721 4070 λέγει

2150 4098 2331 4163 Δαὸὶδ,
2359 4095 2765 4165 ἐστερεώθησαν
2798 4094 2875 4164 τῷ
2909 4094 3067 4164 Λόγῳ
3122 4093 3214 4146 τοῦ
3249 4093 3452 4163 Κυρίου
3486 4094 3533 4145 οί
3562 4094 3723 4163 ούρα-

2148 4190 2252 4271 νοὶ,
2281 4188 2374 4241 καὶ
2401 4188 2456 4240 αἱ
2492 4186 2747 4256 δυνάμεις
2768 4185 2946 4237 αὑτῶν
2969 4186 3027 4237 ὲν
3059 4183 3135 4254 τῷ
3157 4183 3431 4253 Πνεύματι
3464 4182 3558 4235 τοῦ
3587 4182 3721 4235 Θεοῦ

2146 4280 2247 4351 τὴν
2277 4278 2530 4332 σύστασιν
2571 4276 2725 4347 ἔσχον
2746 4294 2757 4305 ·
2776 4276 2886 4347 ἄρα
2925 4276 3217 4346 συνέστηκε
3256 4275 3314 4326 τὸ
3340 4276 3437 4344 τῆς
3466 4274 3721 4345 ἀληθείας

2153 4372 2469 4443 μυστήριον,
2496 4368 2665 4436 Λόγον
2698 4370 2754 4420 ὲν
2780 4364 2957 4437 οὐσίᾳ,
2981 4367 3077 4420 καὶ
3102 4365 3325 4420 Πνεῦμα
3345 4368 3403 4419 ὲν
3430 4366 3721 4420 ὑποστάσει

2150 4448 2327 4529 λέγειν
2360 4458 2750 4530 ὑφηγούμενον.

2747 4547 2997 4604 ΚΕΦΛΛ.
3044 4548 3121 4602 E’.

2235 4642 2395 4696 Ἀλλὰ
2419 4642 2479 4695 τὸ
2519 4640 2618 4710 μὲν
2637 4634 2774 4693 εἶναι
2803 4640 2975 4707 Λόγον
2999 4639 3131 4693 Θεοῦ
3165 4642 3258 4695 καὶ
3279 4641 3520 4711 Πνεῦμα,
3544 4639 3633 4692 διά
3660 4656 3719 4691 τε

2148 4732 2257 4786 τῶν
2291 4730 2485 4784 κοινῶν
2518 4729 2733 4783 ἐννοιῶν
2756 4730 2784 4782 6
2806 4729 3024 4800 Ἕλλην,
3056 4731 3149 4783 καὶ
3172 4729 3261 4783 διά
3284 4730 3391 4783 τῶν
3429 4726 3719 4799 Γραφικῶν

2149 4826 2177 4876 6
2220 4821 2488 4884 Ἰουδαῖος,
2520 4821 2648 4883 ῐσως
2672 4821 2768 4873 οὑκ
2787 4820 3079 4887 ἀντιλέξει·
3110 4818 3208 4892 τὴν
3242 4821 3299 4875 δὲ
3330 4821 3469 4874 κατά
3497 4820 3589 4872 τὸν
3628 4819 3719 4872 ἀν-

2150 4914 2366 4984 θρωπον
2409 4912 2717 4981 οἰκονομίαν
2750 4910 2845 4963 τοῦ
2894 4911 3027 4963 Θεοῦ
3074 4912 3270 4980 Λόγου,
3318 4910 3457 4965 κατά
3498 4909 3559 4961 τὸ
3604 4904 3718 4961 ἴσον

2149 5004 2410 5075 ἑκάτερος
2451 5002 2628 5057 αὑτῶν
2673 5003 3087 5075 ἀποδοκιμάσει,
3126 5004 3201 5068 ὡς
3251 5001 3511 5057 ἀπίθανόν
3537 5018 3599 5055 τε
3624 5001 3721 5054 καὶ

2147 5096 2370 5167 ἀπρεπῆ
2394 5099 2520 5166 περὶ
2546 5095 2678 5148 Θεοῦ
2700 5096 2969 5164 λέγεσθαι.
2994 5095 3200 5149 Οὐκοῦν
3226 5095 3283 5162 ἐξ
3311 5095 3501 5166 ἑτέρας
3524 5094 3716 5166 ἀρχῆς,

2149 5187 2242 5242 καὶ
2294 5188 2373 5250 είς
2413 5187 2512 5256 τὴν
2557 5186 2686 5257 περὶ
2727 5185 2918 5239 τούτου
2954 5185 3136 5238 πίστιν
3170 5186 3295 5248 τοὺς
3345 5183 3718 5251 ἀντιλέγοντας

2147 5279 2549 5352 προσαξόμεθα.
2573 5279 2731 5350 Λόγῳ
2761 5279 2829 5332 τὰ
2858 5277 3033 5331 πάντα
3071 5279 3395 5348 γεγενῆσθαι
3426 5278 3523 5331 καὶ
3561 5277 3721 5347 σοφίᾳ

2150 5372 2302 5443 παρὰ
2320 5372 2414 5424 τοῦ
2446 5372 2509 5424 τὸ
2562 5372 2667 5424 πᾶν
2708 5370 3114 5441 συστησαμένου
3154 5369 3583 5438 πιστεύουσιν,ἣ
3628 5368 3721 5420 καὶ

2152 5463 2289 5534 πρὸς
2316 5460 2515 5530 ταύτην
2542 5459 2842 5523 δυσπειθῶς
2881 5460 3061 5530 ἔχουσι
3102 5462 3201 5531 τὴν
3230 5460 3531 5531 ὑπόληψιν;
3580 5457 3718 5512 Ἀλλ’

2152 5557 2200 5607 εἰ
2241 5555 2317 5625 μὴ
2362 5553 2499 5606 δοῖεν
2533 5552 2703 5620 Λόγον
2734 5552 3089 5622 καθηγεῖσθαι
3132 5554 3225 5605 καὶ
3257 5554 3445 5621 σοφίαν
3476 5554 3575 5614 τῆς
3610 5550 3718 5602 τῶν

2150 5647 2318 5702 όντων
2350 5644 2674 5710 συστάσεως,
2728 5644 2947 5713 ἀλογίαν
2984 5663 3040 5698 τε
3070 5645 3163 5701 καὶ¹
3199 5645 3444 5715 ἀτεχνίαν
3470 5646 3533 5715 τῇ
3575 5644 3716 5717 ἀρχῇ
