4066 6374
3468 376 3555 411 τω

294 381 362 435 25
1514 388 1770 446 ORATIO
1805 389 2305 448 carecnmuca.
3468 381 3560 443 ει)

296 500 393 555 τοῦ
438 504 648 568 παντὸς
686 506 1086 578 ἐπιστήσουσιν.
1125 507 1187 560 Ei
1207 507 1262 561 δέ
1293 507 1448 561 τοῦτο
1481 508 1680 561 ἄτοπόν
1711 526 1771 561 τε
1794 508 1887 561 καὶ

1992 505 2192 570 tionis,
2244 510 2487 559 statuent
2518 499 2746 553 rationis
2780 505 2832 553 et
2877 496 3010 549 artis
3054 498 3348 565 egestatem
3385 490 3557 546 fuisse

297 596 517 660 ἀσεϐὲς,
551 599 896 668 ὁμολογεῖται
925 600 1142 663 πάντως
1175 602 1255 652 ὅτι
1292 600 1465 667 Λόγον
1494 617 1552 652 τε
1573 602 1665 652 καὶ
1698 599 1884 667 σοφίαν

294 689 666 755 ἡγεμονεύειν
708 689 814 742 τῶν
851 689 1018 743 όντων
1070 691 1511 760 ὁμολογήσουσιν.
1568 688 1726 743 Ἀλλά
1782 690 1887 760 μὴν

293 780 354 831 ἐν
381 782 499 841 τοῖς
524 781 801 847 φθάσασιν
830 781 1220 842 ἀποδέδεικται,
1261 782 1335 853 μὴ
1364 780 1494 836 αὑτὸ
1535 781 1690 834 τοῦτο
1736 782 1888 852 ῥῆμα

292 866 373 920 ὣν
394 871 423 921 6
452 868 551 921 τοῦ
587 871 725 924 Θεοῦ
743 872 980 943 Λόγος,ἢ
1005 873 1062 938 ἐξ
1087 874 1393 943 ἐπιστήμης
1432 872 1573 935 τινὸς
1602 872 1635 942 ἢ
1658 872 1845 941 σοφίας
1868 890 1881 903 ο

292 958 435 1012 ἀλλά
468 961 597 1013 κατ’
629 962 816 1015 οὐσίαν
834 981 915 1026 τις
948 964 1233 1033 ὑφεστῶσα
1261 964 1507 1035 δύναμις,
1535 966 1884 1035 προαιρετική

292 1066 355 1101 τε
386 1053 600 1114 παντὸς
633 1053 856 1120 ἀγαθοῦ,
876 1056 969 1107 καὶ
990 1057 1046 1107 ἐν
1073 1056 1215 1124 ἰσχύϊ
1243 1058 1347 1109 πᾶν
1377 1057 1436 1109 τὸ
1468 1056 1606 1109 κατά
1632 1056 1886 1127 προαίρε-

297 1156 383 1191 σιν
418 1140 652 1210 ἔχουσα.
712 1144 940 1213 Ἀγαθοῦ
973 1144 1029 1198 δὲ
1078 1145 1228 1209 ὄντος
1252 1146 1345 1200 τοῦ
1388 1148 1616 1217 κόσμου,
1656 1147 1754 1218 τὴν
1779 1146 1887 1201 τῶν

294 1234 528 1300 ἀγαθῶν
576 1237 812 1308 όρεκτήν
859 1255 918 1291 τε
965 1239 1059 1292 καὶ
1113 1239 1400 1309 ποιητικὴν
1434 1239 1661 1310 δύναμιν
1709 1240 1886 1293 αἰτίαν

296 1319 461 1378 εἶναι.
497 1327 565 1378 Ei
601 1328 660 1380 δέ
692 1329 783 1382 τοῦ
815 1330 1018 1401 κόσμου
1052 1331 1253 1396 παντὸς
1283 1333 1314 1401 ἡ
1347 1332 1646 1395 ὑπόστασις
1672 1332 1768 1403 τῆς
1791 1332 1885 1385 τοῦ

296 1418 477 1486 Λόγου
519 1420 807 1491 δυνάμεως
850 1422 1111 1493 ἐξῆπται,
1147 1422 1391 1494 καθὼςή
1431 1424 1716 1478 ἀκολουθία
1748 1443 1888 1496 παρ-

298 1509 536 1574 έδειξεν·
557 1513 775 1584 ἀνάγκη
810 1516 957 1567 πᾶσα
990 1516 1082 1569 καὶ
1114 1516 1222 1569 τῶν
1242 1516 1335 1570 τοῦ
1365 1516 1566 1587 κόσμου
1601 1517 1780 1588 μερῶν
1813 1517 1887 1588 μὴ

298 1599 471 1669 ἄλλην
504 1602 744 1656 ἐπινοεῖν
775 1605 954 1658 αἰτίαν
1007 1606 1127 1660 τινά
1176 1608 1277 1676 τῆς
1330 1608 1655 1672 συστάσεως,
1686 1609 1801 1662 ἀλλ’
1850 1610 1882 1679 ἢ

295 1691 390 1743 τὸν
418 1694 601 1761 Λόγον
626 1696 808 1761 αὑτὸν,
837 1697 905 1750 δι’
930 1693 991 1752 οῦ
1018 1700 1086 1751 τὰ
1113 1699 1289 1753 πάντα
1316 1699 1413 1771 τὴν
1451 1703 1531 1764 είς
1554 1700 1613 1753 τὸ
1639 1702 1886 1768 γενέσθαι

299 1784 542 1853 πάροδον
572 1785 719 1856 ἔσχε.
756 1784 924 1841 Τοῦτο
953 1789 1008 1842 δὲ
1042 1789 1149 1842 εἴτε
1182 1790 1373 1859 Λόγον,
1402 1789 1511 1843 εἴτε
1542 1791 1751 1858 σοφίαν,
1776 1792 1886 1843 εἴτε

1988 597 2042 649 in
2092 594 2359 666 principio
2407 590 2799 647 universitatis.
2852 588 2947 642 Sin
2978 596 3160 641 autem
3204 585 3308 640 hoc
3340 594 3555 640 constat

1987 704 2109 742 esse
2137 687 2296 756 plane
2327 683 2625 739 absurdum
2678 689 2733 736 et
2782 682 3009 751 impium
3034 718 3048 743 ,
3084 676 3321 732 Verbum
3351 684 3407 731 et
3463 692 3553 732 sa-

1988 779 2249 849 pientiam
2286 792 2466 830 rerum
2518 773 2833 828 fatebuntur
2880 786 3003 826 esse
3048 770 3264 824 ducem.
3302 767 3467 838 Atqui
3500 768 3555 819 in

1988 870 2056 923 iis
2096 884 2217 938 quae
2255 869 2405 938 prius
2461 867 2604 921 dicta
2656 872 2806 926 sunt,
2850 870 3131 918 ostensum
3166 869 3250 915 est
3289 860 3385 914 Dei
3422 858 3545 912 Ver-

1988 963 2115 1016 bum
2164 978 2273 1016 non
2324 976 2447 1016 esse
2494 961 2666 1028 ipsam
2719 956 3045 1019 dictionem,
3090 963 3183 1007 aut
3228 969 3291 1007 ex
3326 952 3556 1007 scientia

1988 1055 2168 1124 aliqua
2221 1061 2315 1106 aut
2364 1052 2633 1122 sapientia
2680 1049 3149 1121 proﬁciscentem,
3208 1047 3304 1102 sed
3358 1060 3554 1116 quam-

1988 1144 2110 1198 dam
2159 1160 2279 1213 qua:
2326 1160 2422 1214 per
2477 1142 2766 1197 essentiam
2817 1139 3070 1194 consistit
3122 1139 3396 1201 virtutem,
3436 1152 3556 1205 qu:e

1986 1243 2042 1290 et
2087 1251 2246 1290 omne
2295 1236 2494 1289 bonum
2541 1234 2710 1303 eligit,
2744 1241 2798 1286 et
2831 1232 2885 1284 in
2930 1238 3197 1300 potestate
3250 1244 3349 1283 sua
3387 1228 3552 1283 situm

1987 1327 2151 1382 habet
2206 1325 2472 1397 quidquid
2522 1325 2764 1395 elegerit.
2818 1322 2952 1377 Cum
3013 1330 3193 1375 autem
3255 1321 3433 1375 bonus
3485 1319 3556 1374 sit

1986 1417 2245 1477 mundus.
2280 1418 2400 1484 ejus
2428 1416 2597 1480 illam,
2635 1430 2755 1485 qum
2789 1424 2874 1469 est
2904 1415 3171 1467 bonorum
3214 1420 3473 1481 appetens
3503 1420 3557 1464 et

1987 1509 2245 1575 clliciens,
2283 1508 2393 1560 vim
2440 1522 2562 1561 esse
2600 1520 2846 1567 causam.
2883 1504 2937 1559 Si
2970 1514 3169 1566 autem,
3200 1502 3347 1572 quod
3396 1516 3559 1554 mun-

1987 1599 2090 1653 dus
2123 1600 2392 1654 consistat
2418 1595 2813 1660 universus,id
2843 1595 3039 1666 pendet
3067 1610 3095 1648 a
3136 1595 3337 1648 virtute
3367 1591 3553 1653 Verbi,

1989 1700 2048 1744 ut
2088 1690 2328 1744 ostendit
2370 1688 2783 1757 consequentia,
2824 1686 3047 1740 omnino
3094 1698 3317 1738 necesse
3362 1691 3445 1740 est
3497 1692 3555 1735 ut

1987 1784 2171 1836 mundi
2222 1798 2439 1852 quoque
2467 1781 2703 1851 partium
2737 1779 3033 1834 creationis
3086 1792 3194 1830 non
3242 1775 3402 1828 aliam
3436 1773 3555 1827 exi--

297 1874 559 1945 δύναμιν,
599 1881 709 1931 εἴτε
744 1879 905 1943 Θεὸν,
936 1880 1043 1932 εἴτε
1074 1881 1202 1934 ἄλλο
1230 1899 1283 1934 τι
1309 1881 1418 1934 τῶν
1460 1882 1677 1952 ὑψηλῶν
1703 1900 1762 1935 τε
1792 1884 1887 1936 καὶ

1992 1870 2273 1929 stimemus
2318 1890 2439 1929 esse
2488 1888 2732 1937 causam,
2779 1885 2940 1940 quam
2994 1868 3134 1922 idem
3170 1864 3428 1931 Verbum,
3460 1882 3559 1935 per

303 1969 503 2036 τιμίων
529 1970 819 2039 ὀνομάζειν
849 1988 932 2034 τις
954 1970 1145 2037 ἐθέλοι,
1174 1971 1232 2023 οὑ
1271 1971 1595 2043 διοισόμεθα.
1616 1973 1682 2025 "0
1705 1990 1757 2024 τι
1778 1974 1884 2043 γὰρ

300 2059 367 2111 ἂι
412 2061 617 2131 εὑρεθῇ
648 2062 911 2116 δεικτικὸν
943 2064 1036 2117 τοῦ
1068 2064 1425 2135 ὑποκειμένου
1460 2066 1659 2136 ῥῆμαῆ
1696 2066 1881 2135 ὄνομα,

300 2149 359 2201 ἐν
393 2152 512 2202 ἐστι
546 2152 609 2204 τὸ
635 2152 724 2205 διά
775 2154 881 2205 τῶν
929 2155 1119 2223 φωνῶν
1178 2158 1572 2225 σημαινόμενον
1598 2197 1612 2221 ,
1640 2159 1672 2225 ή
1719 2158 1886 2220 ἀΐδιος

299 2236 394 2289 τοῦ
427 2238 569 2291 Θεοῦ
604 2241 902 2314 δύναμις,ή
936 2245 1189 2315 ποιητικὴ
1216 2246 1320 2298 τῶν
1354 2247 1541 2312 ὄντων,
1561 2249 1603 2318 ,ἡ
1631 2248 1882 2318 εὑρετικὴ

300 2329 411 2381 τῶν
448 2332 525 2400 μὴ
557 2331 750 2398 ὄντων,
775 2336 809 2405 ή
856 2336 1147 2408 συνεκτικὴ
1195 2336 1302 2390 τῶν
1347 2339 1666 2407 γεγονότων,
1690 2340 1723 2408 ἡ
1756 2357 1889 2411 προ-

302 2422 534 2494 ορατικὴ
564 2423 674 2477 τῶν
699 2426 1016 2495 μελλόντων.
1039 2423 1207 2491 Οὗτος
1230 2431 1407 2484 τοίνυν
1426 2433 1454 2483 6
1477 2431 1627 2495 Θεὸς,
1647 2434 1675 2484 6
1695 2431 1885 2498 Λόγος,

304 2514 339 2580 ἡ
370 2514 569 2582 σοφία,
602 2517 637 2586 ἡ
679 2516 936 2588 δύναμις,
971 2520 1262 2592 ἀπεδείχθη
1309 2522 1448 2576 κατά
1494 2523 1555 2576 τὸ
1599 2521 1887 2576 ἀκόλουθον

308 2603 409 2672 τῆς
460 2604 813 2677 ἀνθρωπίνης
853 2608 1068 2677 φύσεως
1120 2612 1367 2682 ποιητὴς,
1405 2613 1505 2665 οὑκ
1544 2613 1759 2686 ἀνάγκῃ
1782 2613 1889 2665 τινὶ

310 2692 447 2761 πρὸς
476 2696 579 2765 τὴν
614 2694 711 2747 τοῦ
757 2696 1042 2767 ἀνθρώπου
1078 2698 1420 2771 κατασκευὴν
1462 2701 1729 2771 ἐναχθεὶς,
1774 2703 1890 2755 ἀλλ’

308 2782 531 2855 ἀγάπης
563 2787 853 2857 περιουσίᾳ.
892 2787 985 2840 τοῦ
1020 2790 1261 2842 τοιούτου
1304 2789 1443 2854 ζῶου
1480 2793 1890 2864 δημιουργήσας

310 2875 407 2946 τὴν
444 2878 679 2945 γένεσιν.
724 2880 871 2933 Ἔδει
912 2880 1018 2950 γὰρ
1064 2882 1200 2952 μήτε
1230 2883 1290 2934 τὸ
1320 2883 1435 2952 φῶς
1475 2884 1719 2951 ἀθέατον,
1755 2887 1890 2957 μήτε

310 2969 406 3039 τὴν
427 2970 587 3035 δόξαν
610 2972 946 3043 ἀμάρτυρον,
976 2974 1113 3044 μήτε
1130 2975 1534 3029 ἀναπόλαυστον
1559 2978 1719 3031 αὑτοῦ
1751 2975 1890 3032 εἶναι

311 3062 408 3132 τὴν
442 3062 779 3134 ἀγαθότητα,
818 3065 955 3135 μήτε
984 3064 1052 3118 τὰ
1104 3065 1238 3118 ἄλλα
1283 3066 1465 3121 πάντα
1501 3068 1601 3121 ὅσα
1636 3070 1764 3144 περὶ
1793 3071 1891 3140 τὴν

1986 1969 2129 2037 quod
2179 1968 2486 2022 habuerunt
2528 1966 2706 2018 omnia
2758 1977 3040 2017 accessum
3088 1968 3144 2013 ut
3190 1960 3398 2013 ﬁerent.
3442 1956 3555 2010 Hoc

1987 2070 2167 2115 autem
2216 2059 2529 2113 Verbumne
2576 2073 2642 2110 an
2705 2058 2991 2117 rationem,
3036 2069 3102 2105 an
3158 2044 3436 2111 virtutem,
3487 2064 3554 2102 an

1986 2151 2177 2214 Deum,
2212 2167 2279 2204 an
2313 2148 2534 2219 aliquod
2562 2145 2707 2200 aliud
2737 2161 2801 2198 ex
2832 2142 3158 2197 sublimibus
3198 2149 3252 2193 et
3275 2138 3558 2208 praeclaris

1986 2241 2298 2295 nominibus
2346 2241 2482 2295 velis
2537 2236 2845 2299 nominare,
2896 2234 3116 2287 minime
3160 2232 3552 2285 laborabimus.

1987 2333 2361 2402 Quodcunque
2391 2331 2534 2386 enim
2572 2330 2851 2383 inventum
2884 2326 3047 2381 fuerit
3074 2325 3299 2380 verbum
3340 2331 3433 2378 aut
3461 2340 3557 2377 n0-

1986 2439 2130 2487 men,
2169 2422 2315 2493 quod
2354 2422 2691 2475 demonstrat
2718 2418 3051 2486 subjectum,
3084 2430 3250 2470 unum
3295 2422 3378 2469 est
3410 2414 3555 2483 quod

1988 2513 2327 2584 signiﬁcatur
2362 2528 2456 2581 per
2482 2526 2666 2573 voces,
2712 2524 2907 2578 nempe
2939 2508 3271 2577 sempiterna
3314 2505 3408 2559 Dei
3444 2507 3556 2559 vir-

1990 2613 2099 2669 tus,
2135 2619 2313 2658 rerum
2346 2602 2614 2666 eﬂ'ectrix,
2642 2614 2831 2654 eorum
2873 2612 2992 2667 quae
3026 2611 3135 2651 non
3173 2602 3328 2648 erant
3370 2594 3558 2646 inven-

1989 2697 2118 2759 trix,
2171 2710 2292 2764 qute
2341 2693 2584 2747 continet
2631 2706 2752 2760 quae
2793 2690 2936 2742 facta
2984 2695 3134 2751 sunt,
3188 2693 3241 2740 et
3292 2684 3557 2754 prmvidet

1989 2789 2193 2841 futura.
2245 2778 2423 2839 Hunc"
2450 2798 2582 2853 ergo
2607 2781 2799 2845 Deum,
2841 2779 3105 2843 Verbum,
3138 2778 3425 2839 rationem,
3465 2791 3555 2830 sa-

1988 2880 2271 2948 pientiam,
2303 2880 2586 2937 virtutem,
2636 2882 2917 2927 ostensum
2950 2876 3034 2925 est
3063 2884 3126 2923 ex
3170 2870 3574 2937 consequentia.

1987 2970 2296 3025 effectorem
2347 2983 2468 3023 esse
2509 2954 2761 3019 humana:
2800 2972 3031 3025 naturte,
3072 2978 3179 3015 non
3233 2960 3412 3029 aliqua
3466 2975 3559 3013 ne-

1989 3064 2244 3117 cessitate
2292 3060 2577 3129 inductum
2636 3059 2702 3109 ad
2754 3055 3047 3111 creandum
3096 3053 3403 3114 hominem,
3465 3050 3559 3105 sed

311 3156 461 3258 θείαν
493 3158 793 3258 καθορᾶται
823 3159 1008 3227 φύσιν,
1050 3159 1196 3230 ἀργά
1233 3160 1470 3225 κεῖσθαι,
1511 3161 1585 3232 μὴ
1614 3143 1765 3226 ὄντος
1793 3164 1888 3216 τοῦ

1992 3152 2189 3207 eximia
2228 3159 2282 3206 et
2317 3150 2514 3220 insigni
2560 3149 2825 3204 cbaritate
2875 3146 3039 3213 hujus
3079 3143 3333 3197 animalis
3376 3150 3567 3193 ortum

2248 3242 2260 3258 I
2289 3243 2320 3258 ι.
2397 3251 2409 3258 .
2456 3251 2468 3258 .
2642 3238 2933 3258 n__--._l.-.
2975 3237 3108 3258 ---ἶ-η
3166 3249 3338 3258 ηιμ-..Α
3383 3234 3556 3258 Ιιιηιιιιι

315 3245 635 3317 μετέχοντός
666 3264 725 3299 τε
756 3247 848 3299 καὶ
866 3247 1325 3311 άπολαύοντος.Εί
1348 3250 1525 3303 τοίνυν
1558 3250 1650 3302 ἐπὶ
1681 3251 1891 3317 τούτοις

311 3340 340 3388 6
370 3337 659 3408 ἄνθρωπος
702 3339 782 3399 είς
810 3338 1023 3405 γένεσιν
1077 3338 1329 3410 ἔρχεται,
1361 3340 1447 3409 ἐφ’
1473 3334 1518 3409 ᾧ
1559 3359 1619 3394 τε
1666 3343 1892 3412 μέτοχος

313 3427 417 3481 τῶν
472 3428 639 3480 θείων
699 3427 919 3495 ἀγαθῶν
978 3428 1252 3496 γενέσθαι,
1298 3431 1611 3498 ἀναγκαίως
1653 3430 1891 3496 τοιοῦτος

315 3516 803 3579 κατασκευάζεται,
841 3516 916 3579 ὡς
958 3518 1275 3587 ἐπιτηδείως
1320 3519 1457 3590 πρὸς
1496 3519 1592 3590 τὴν
1625 3521 1730 3574 τῶν
1757 3523 1895 3590 ἀγαο

318 3607 423 3659 θῶν
457 3606 751 3678 μετουσίαν
791 3605 953 3675 ἔχειν.
1000 3606 1267 3678 Καθάπερ
1299 3608 1407 3679 γὰρ
1442 3611 1471 3662 6
1501 3609 1776 3679 ὀφθαλμὸς
1808 3610 1893 3662 διὰ

316 3699 409 3769 τῆς
435 3698 765 3768 ἐγκειμένης
790 3695 939 3767 αὑτῷ
960 3696 1201 3764 φυσικῶς
1227 3698 1402 3767 αὐγῆς
1423 3700 1481 3751 ἐν
1510 3698 1763 3770 κοινωνίᾳ
1796 3699 1891 3751 τοῦ

317 3790 489 3859 φωτὸς
505 3789 731 3858 γίνεται,
746 3784 832 3839 διὰ
855 3788 953 3857 τῆς
973 3786 1216 3856 ἐμφύτου
1240 3785 1521 3857 δυνάμεως
1550 3788 1612 3840 τὸ
1636 3788 1893 3856 συγγενὲς

318 3882 678 3951 ἐφελκόμενος
706 3894 720 3908 ⁸
742 3879 913 3941 οὕτως
962 3880 1255 3948 ἀναγκαῖον
1283 3873 1351 3950 ἦν
1380 3878 1715 3949 ἐγκραθῆναί
1746 3897 1798 3931 τι
1825 3882 1891 3950 τῇ

319 3972 634 4044 ἀνθρωπίνῃ
664 3972 822 4040 φύσει
847 3972 1104 4040 συγγενὲς
1135 3972 1272 4041 πρὸς
1302 3972 1365 4024 τὸ
1404 3972 1577 4039 Θεῖον,
1607 3973 1682 4036 ὡς
1704 3972 1769 4026 ἂν
1806 3974 1894 4027 διὰ

321 4065 407 4117 τοῦ
448 4064 783 4135 καταλλήλω
808 4064 945 4134 πρὸς
970 4064 1031 4115 τὸ
1056 4064 1253 4116 οἰκεῖον
1282 4062 1379 4132 τὴν
1422 4062 1606 4131 ἔφεσιν
1636 4063 1765 4133 ἔχοι.
1785 4066 1894 4117 Καὶ

322 4156 424 4227 γὰρ
446 4158 543 4210 καὶ
568 4157 624 4208 ἐν
656 4157 720 4225 τῇ
748 4153 857 4207 τῶν
886 4153 1093 4221 ἀλόγων
1123 4151 1303 4222 φύσει,
1325 4152 1425 4204 ὅσα
1448 4151 1539 4204 τὸν
1569 4151 1784 4223 ἔνυδρον
1803 4154 1895 4205 καὶ

323 4248 562 4319 ἐναέριον
589 4246 745 4316 ἔλαχε
769 4245 899 4314 βίον,
922 4243 1267 4314 καταλλήλως
1286 4242 1514 4296 ἕκαστον
1533 4242 1612 4313 τῷ
1633 4243 1734 4313 τῆς
1752 4243 1894 4314 ζωῆς

323 4338 448 4391 εῖδει
485 4336 918 4407 κατεσκευάσθη,
948 4337 1023 4399 ὡς
1058 4337 1254 4389 οἰκεῖον
1280 4336 1540 4406 ἐκατέρου
1572 4335 1665 4388 καί¹
1688 4335 1895 4405 ὁμόφυ-

324 4430 430 4495 λον,
452 4431 544 4484 διὰ
569 4431 667 4500 τῆς
693 4432 852 4493 ποιᾶς
891 4428 985 4481 τοῦ
1018 4427 1267 4497 σώματος
1296 4426 1659 4492 διαπλάσεως,
1691 4427 1767 4497 τῷ
1796 4428 1896 4498 μὲν

1991 3260 2116 3307 esse
2149 3242 2592 3297 architectatum.
2641 3238 2938 3309 Oportebat
2969 3237 3113 3290 enim
3166 3249 3340 3302 neque
3383 3234 3560 3285 lucem

1991 3349 2112 3389 esse
2136 3348 2240 3386 non
2276 3332 2683 3402 aspectabilem,
2710 3345 2888 3398 neque
2927 3327 3155 3396 gloriam
3188 3339 3375 3378 carere
3408 3323 3564 3377 testi-

1990 3425 2117 3489 bus,
2152 3422 2331 3493 neque
2368 3438 2432 3477 eo
2473 3421 2652 3477 redire
2690 3421 2810 3489 ejus
2842 3420 3161 3481 bonitatem,
3199 3424 3258 3470 ut
3298 3431 3457 3469 nemo
3499 3428 3561 3467 ea

1992 3516 2264 3572 frueretur
2300 3536 2313 3570 :
2346 3531 2522 3584 neque
2567 3515 2671 3567 alia
2709 3514 2913 3573 omnia,
2941 3527 3061 3581 qua:
3110 3511 3163 3563 in
3199 3510 3376 3563 divina
3427 3523 3547 3560 con,

1992 3611 2299 3680 spiciuntur
2334 3616 2554 3669 natura,
2600 3607 2782 3675 jacere
2841 3605 3037 3666 otiosa,
3093 3618 3216 3656 cum
3268 3618 3373 3654 non
3414 3606 3567 3654 esset.

1993 3703 2086 3772 qui
2137 3716 2330 3757 eorum
2388 3709 2534 3753 esset
2584 3699 2877 3767 particeps,
2926 3696 3102 3764 iisque
3152 3694 3445 3747 frueretur.
3502 3690 3559 3743 Si

1991 3809 2121 3865 ergo
2150 3794 2313 3848 homo
2338 3791 2461 3845 ideo
2502 3790 2791 3845 deducitur
2830 3791 2894 3841 ad
2927 3786 3350 3858 generationem,
3397 3791 3454 3836 ιιι
3484 3784 3565 3834 i-‘i-

1992 3886 2244 3938 vinorum
2297 3882 2563 3937 bonorum
2610 3881 2704 3934 ﬁat
2741 3880 3032 3950 particeps,
3079 3878 3389 3932 necessario
3435 3892 3564 3928 con-

1994 3976 2143 4030 ditur
2183 3973 2476 4043 ejusmodi,
2512 3982 2573 4026 ut
2625 3974 2696 4028 sit
2742 3980 2902 4041 aptus
2943 3971 3010 4024 ad
3059 3984 3248 4027 eorum
3295 3969 3562 4023 bonorum

1994 4064 2485 4136 participationem.
2533 4062 2814 4128 Quomodo
2854 4061 2999 4115 enim
3045 4060 3237 4114 oculus
3272 4075 3366 4128 per
3409 4069 3565 4111 natu-

1995 4159 2184 4214 raliter
2229 4157 2454 4212 insitum
2489 4155 2539 4209 ei
2587 4154 2928 4224 splendorem
2977 4152 3117 4207 lucis
3160 4152 3218 4204 lit
3266 4150 3561 4220 particeps.

1996 4265 2094 4321 per
2118 4250 2224 4303 vim
2258 4248 2307 4303 ei
2352 4247 2582 4302 inditam
2615 4244 2760 4316 quod
2808 4244 2912 4299 sibi
2945 4251 3234 4313 cognatum
3279 4252 3362 4297 est
3400 4250 3565 4295 attra-

1995 4344 2178 4399 hens:
2225 4342 2299 4396 ita
2332 4356 2561 4395 necesse
2596 4346 2714 4394 erat
2754 4346 2813 4391 ut
2851 4338 2906 4391 in
2942 4337 3180 4390 humana
3228 4343 3423 4389 natura
3469 4334 3567 4386 ali—

1997 4436 2129 4507 quid
2162 4435 2585 4494 immisceretur,
2617 4431 2762 4502 quod
2794 4445 2919 4483 cum
2964 4428 3073 4483 Deo
3110 4428 3333 4480 haberet
3365 4441 3568 4494 cogna-

324 4521 409 4574 τὸν
432 4523 590 4593 ἀέρα,
630 4520 708 4591 τῷ
745 4521 803 4574 δὲ
840 4520 902 4573 τὸ
932 4518 1077 4590 ὕδωρ
1109 4515 1269 4572 εἶναι.
1308 4518 1495 4582 Οὕτως
1528 4514 1620 4571 οὖν
1668 4519 1762 4572 καὶ
1804 4520 1891 4572 τὸν

2000 4528 2232 4586 tionem,
2281 4530 2339 4577 ut
2370 4529 2594 4591 propter
2627 4518 3065 4575 convenientiam
3106 4524 3383 4569 teneretur
3422 4514 3568 4567 desi-

326 4613 605 4684 ἀνθρωπον
635 4613 726 4666 ἐπὶ
746 4615 812 4683 τῇ
852 4612 959 4665 τῶν
994 4611 1151 4665 θείων
1183 4609 1401 4679 ἀγαθῶν
1433 4609 1730 4664 ἀπολαύσει
1749 4610 1900 4678 γενό-

330 4721 503 4773 μενον,
536 4705 640 4757 ἔδει
667 4721 719 4756 τι
756 4703 1013 4771 συγγενὲς
1040 4703 1097 4757 ἐν
1129 4705 1195 4773 τῇ
1236 4700 1394 4771 φύσει
1425 4701 1562 4772 πρὸς
1588 4701 1650 4754 τὸ
1674 4701 1899 4772 μετεχόο

330 4812 485 4863 μενον
508 4796 673 4866 ἔχειν.
696 4794 794 4848 Διὰ
821 4794 978 4848 τοῦτο
1009 4795 1102 4847 καὶ
1124 4796 1259 4864 ζωῇ,
1285 4794 1380 4847 καὶ
1407 4793 1569 4863 λόγῳ,
1586 4793 1678 4845 καὶ
1715 4791 1895 4863 σοφίᾳ,

328 4890 414 4943 καὶ
440 4890 574 4942 πᾶσι
590 4890 703 4950 τοῖς
726 4886 1083 4957 θεοπρεπέσιν
1109 4884 1353 4953 ἀγαθοῖς,
1383 4883 1770 4954 κατεκοσμήθη
1792 4922 1808 4947 ,
1824 4883 1900 4947 ὡς

327 4978 388 5032 ἀν
418 4982 483 5034 δι’
506 4981 734 5034 ἑκάστου
762 4978 965 5031 τούτων
991 4978 1123 5048 πρὸς
1156 4976 1216 5030 τὸ
1240 4978 1437 5029 οίκεῖον
1468 4976 1564 5047 τὴν
1599 4976 1895 5045 ἐπιθυμίαν

329 5070 455 5142 ἔχοι.
494 5072 644 5123 Ἐπεὶ
664 5065 755 5123 οῦν
781 5068 839 5121 ἒν
876 5068 985 5121 τῶν
1018 5068 1145 5139 περὶ
1179 5068 1277 5140 τὴν
1307 5066 1457 5121 θείαν
1483 5066 1644 5136 φύσιν
1679 5067 1899 5135 ἀγαθῶν

329 5165 415 5216 καὶ
443 5164 477 5234 ή
506 5162 742 5231 ἁῖδιότης
768 5160 913 5214 ἐστὶν
938 5199 953 5223 ,
985 5159 1089 5212 ἔδει
1130 5160 1347 5222 πάντως
1391 5159 1525 5230 μηδέ
1564 5160 1753 5213 τούτου
1801 5161 1900 5229 τὴν

329 5254 661 5323 κατασκευὴν
691 5249 831 5306 εἶναι
859 5253 957 5322 τῆς
990 5251 1204 5319 φύσεως
1246 5251 1403 5321 ἡμῶν
1428 5251 1755 5322 ἀπόκληρον,
1786 5250 1898 5303 ἀλλ’

331 5346 464 5417 ἐχειν
492 5349 549 5402 ἐν
588 5348 754 5417 ἐαυτῇ
786 5344 846 5398 τὸ
883 5344 1148 5398 ἀθάνατον
1167 5384 1181 5407 ,
1218 5344 1292 5406 ῶς
1317 5343 1385 5397 ἂν
1408 5343 1494 5397 διὰ
1517 5345 1616 5415 τῆς
1647 5346 1901 5413 ἐγκειμέοα

302 5512 305 5517 Δ
330 5455 419 5510 νης
444 5440 722 5509 δυνάμεως
752 5437 1067 5507 γνωρίζοιτο
1083 5436 1142 5489 τὸ
1163 5436 1572 5507 ὑπερκείμενον,
1592 5438 1684 5488 καὶ
1703 5438 1758 5489 ἐν
1778 5439 1897 5489 ἐπι-

334 5528 490 5601 θυμίᾳ
516 5531 615 5600 τῆς
636 5528 784 5591 θείας
800 5527 1100 5598 ἀῖδιότητος
1116 5526 1219 5597 εἴη.
1236 5524 1421 5578 Ταῦτα
1443 5528 1507 5596 τῇ
1535 5543 1601 5577 πε
1610 5525 1896 5596 ριληπτικῇ

334 5625 474 5693 φωνῇ
501 5622 567 5674 δι’
599 5620 718 5683 ἐνὸς
748 5621 989 5690 ῥήματος
1022 5620 1051 5670 6
1077 5619 1176 5688 τῆς
1204 5618 1565 5688 κοσμογονίας
1606 5617 1900 5682 ἐνεδείξατο

335 5708 498 5778 λόγος,
516 5714 635 5766 κατ’
663 5712 846 5766 εἰκόνα
873 5710 1008 5765 Θεοῦ
1042 5711 1133 5765 τὸν
1153 5710 1439 5782 ἄνθρωπον
1466 5710 1793 5781 γεγενῆσθαι
1814 5710 1899 5763 λέ-

324 5814 457 5870 γων.
481 5806 569 5859 Ἑν
596 5804 703 5877 γὰρ
717 5807 784 5877 τῇ
811 5803 1067 5875 ὁμοιώσει
1090 5806 1161 5875 τῇ
1190 5803 1329 5858 κατά
1353 5802 1450 5874 τὴν
1471 5802 1655 5860 εἰκόνα
1683 5802 1898 5866 πάντως

2002 4618 2154 4673 derio
2181 4616 2301 4687 ejus
2328 4614 2472 4685 quod
2503 4614 2553 4668 ei
2602 4624 2747 4669 esset
2778 4610 3175 4682 prepinquitate
3219 4623 3282 4661 ac
3324 4608 3569 4660 necessi-

2001 4708 2191 4763 tudine
2231 4706 2605 4775 conjunetum.
2658 4702 2791 4755 Nam
2825 4710 2879 4755 et
2924 4704 2977 4753 in
3015 4712 3208 4753 natura
3258 4699 3564 4758 brutormn,

2000 4815 2063 4853 ea
2113 4799 2314 4869 quibus
2357 4796 2551 4866 obtigit
2592 4804 2651 4849 ut
2679 4795 2846 4847 vitam
2890 4792 3087 4863 degant
3126 4793 3178 4845 in
3224 4806 3361 4861 aqua
3415 4800 3469 4844 et
3512 4792 3569 4843 in

2003 4906 2147 4951 aere.
2181 4888 2402 4943 condita
2446 4896 2576 4942 sunt
2609 4885 3036 4955 unumquodque
3081 4894 3446 4953 congruenter
3480 4898 3571 4951 ge-

2002 4983 2117 5038 neri
2144 4982 2272 5035 vitre
2305 4982 2373 5035 ab
2417 4994 2483 5034 eo
2518 4977 2801 5049 degendae,
2852 4984 2913 5034 ut
2952 4992 3045 5045 per
3078 4984 3282 5029 certam
3323 4974 3570 5042 corporis

2001 5071 2367 5139 eﬂ‘ectionem,
2410 5069 2565 5123 alteri
2606 5068 2826 5138 quidem
2862 5066 3114 5135 proprius
3155 5075 3209 5120 et
3240 5065 3570 5120 conveniens

2000 5170 2148 5218 esset
2169 5178 2284 5226 aer,
2331 5162 2488 5214 alteri
2522 5173 2654 5214 vero
2703 5173 2842 5226 aqua
2874 5176 2886 5211 :
2924 5157 2997 5209 ita
3036 5170 3165 5226 ergo
3200 5158 3362 5209 etiam
3397 5153 3571 5206 homi-

2000 5272 2123 5310 nem
2155 5264 2334 5309 ortum
2377 5252 2453 5307 ad
2489 5250 2779 5307 fruendum
2824 5250 2979 5303 bonis
3019 5248 3240 5312 divinis,
3288 5244 3572 5315 Oportebat

2003 5348 2201 5402 habere
2239 5343 2444 5415 aliquid
2482 5343 2537 5396 in
2587 5350 2784 5395 natura
2825 5346 3114 5409 cognatum
3157 5353 3280 5389 eum
3313 5351 3379 5389 eo
3412 5333 3571 5403 cujus

2002 5445 2150 5493 esset
2191 5436 2491 5506 particeps.
2523 5432 2817 5502 Propterea
2850 5430 2950 5483 fuit
2980 5436 3208 5481 ornatus
3251 5436 3305 5479 et
3348 5428 3476 5489 vita,
3518 5437 3573 5479 et

2003 5531 2232 5591 ratione,
2274 5536 2327 5583 et
2359 5526 2644 5596 sapientia,
2670 5532 2725 5579 et
2758 5522 3013 5577 omnibus
3044 5521 3219 5577 bonis.
3255 5536 3373 5587 quae
3401 5517 3570 5571 Deum

2000 5620 2213 5683 decent,
2248 5630 2308 5673 ut
2334 5634 2432 5688 per
2461 5613 2883 5686 unumquodque
2904 5628 3092 5667 eorum
3136 5610 3389 5679 ﬂagraret
3418 5611 3573 5677 cupi-

1999 5714 2167 5768 ditate
2192 5713 2312 5783 ejus
2337 5711 2482 5781 quod
2514 5717 2600 5765 est
2640 5708 2746 5765 sibi
2778 5705 3055 5775 [imprium
3088 5720 3150 5756 ac
3194 5700 3545 5768 conjnuclnm

2001 5804 2269 5871 Quoniam
2299 5818 2427 5875 ergo
2461 5816 2628 5858 unum
2677 5816 2739 5857 ex
2789 5798 2860 5854 iis
2892 5796 3047 5853 bonis
3079 5812 3196 5867 quae
3247 5801 3371 5851 sunt
3412 5795 3466 5845 in
3491 5790 3577 5851 di-
