4066 6374
470 418 542 472 25
1662 416 1718 470 S.
1773 409 2098 468 GREGORII
2136 407 2428 465 NYSSENI
3629 394 3699 448 24

472 535 592 584 vina
618 539 834 593 natura,
865 539 949 586 est
971 531 1134 585 etiam
1159 532 1457 594 aeternitas,
1487 531 1771 600 oportebat
1810 529 2035 584 omnino

2149 527 2229 577 ἐπὶ
2268 525 2328 577 τὸ
2357 523 2509 575 Θεῖον
2560 516 3069 591 χαρακτηριξόντων
3109 516 3144 584 ὴ
3178 512 3574 583 ἀπαρίθμησις,
3609 512 3704 564 καὶ

469 632 671 678 nostra:
698 630 902 676 natura:
923 624 1382 676 constructionem
1405 635 1503 676 nec
1524 620 1685 688 hujus
1705 634 1826 675 esse
1845 632 2036 674 exsor-

469 720 600 776 tem,
634 710 730 766 sed
760 712 816 765 in
847 727 906 766 se
945 711 1141 765 habere
1178 711 1661 773 immortalitatem,
1702 717 1763 762 ut
1794 723 1891 776 per
1926 705 2034 759 vim

469 805 574 859 sibi
604 804 820 858 insitam
851 809 1204 871 cognosceret
1252 801 1301 854 id
1330 801 1472 870 quod
1502 807 1588 854 est
1618 811 1952 867 supremum,
1982 801 2035 848 et

471 902 746 949 teneretur
794 893 1065 948 desiderio
1101 893 1300 946 divinae
1344 890 1687 945 atternitatis.
1744 886 1868 941 Haac
1901 899 2036 940 voce

469 984 640 1037 multa
685 985 1100 1053 complectente,
1155 999 1262 1038 uno
1313 982 1480 1037 verbo
1507 979 1748 1036 ostendit
1791 979 1927 1032 liber
1966 974 2036 1029 de

472 1080 660 1134 mundi
707 1081 934 1149 origine,
986 1079 1172 1134 dicens
1221 1080 1419 1133 factum
1469 1091 1592 1132 esse
1646 1073 1919 1128 hominem
1962 1067 2030 1121 ad

474 1175 568 1230 Dei
617 1177 926 1245 imaginem.
968 1174 1024 1228 In
1071 1175 1172 1228 hac
1199 1175 1344 1229 enim
1369 1170 1762 1228 assimilatione
1793 1167 1858 1221 ad
1901 1166 2038 1218 ima-

473 1285 686 1340 gmem,
740 1284 803 1324 ea
841 1286 1066 1339 prorsus
1112 1277 1531 1330 enumerantur,
1567 1281 1688 1336 quae
1735 1260 2034 1318 divinitatis

2130 619 2229 670 ὅσα
2256 615 2382 684 περὶ
2404 611 2608 665 τούτων
2644 607 3053 678 ἱστορικὼτερον
3071 606 3100 657 ὁ
3120 605 3322 675 Μωσῆς
3351 602 3700 673 διεξέρχεται,

2132 709 2190 760 ὲν
2210 707 2513 776 διηγήσεως
2535 701 2663 754 εἴδει
2686 699 2930 768 δόγματα
2973 699 3103 766 ἡμῖν
3131 694 3582 766 παρατιθέμενος,
3605 691 3704 760 τῆς

2131 797 2386 865 τοιαύτης
2437 793 2620 863 ἔχεται
2679 788 3041 850 διδασκαλίας.
3103 788 3162 839 Ὀ
3220 785 3329 856 γὰρ
3378 783 3704 854 παράδεισος

2132 891 2360 951 ἐκεῖνος,
2385 886 2479 938 καὶ
2508 887 2541 956 ἡ
2565 884 2674 937 τῶν
2721 881 2949 952 καρπῶν
2995 879 3212 948 ἰδιότης,
3248 871 3323 930 ὧν
3353 878 3386 946 ὴ
3418 875 3618 946 βρῶσις
3640 873 3704 926 οὐ

2134 978 2370 1050 γαστρὸς
2409 973 2744 1046 πλησμονὴν,
2767 972 2902 1025 ἀλλά
2925 970 3122 1040 γνῶσιν
3142 970 3236 1022 καὶ
3262 969 3537 1036 ἀῖδιότητα
3561 964 3707 1034 ζωῆς

2137 1072 2249 1133 τοῖς
2281 1066 2632 1137 γευσαμένοις
2677 1064 2889 1116 δίδωσι·
2930 1061 3106 1115 πάντα
3145 1059 3317 1113 ταῦτα
3347 1058 3561 1128 συνᾴδει
3591 1059 3706 1120 τοῖς

2143 1157 2672 1233 προτεθεωρημένοις
2710 1154 2838 1225 περὶ
2871 1153 2961 1207 τὸν
3009 1153 3309 1222 ἄνθρωπον·
3365 1150 3439 1213 ὡς
3496 1148 3706 1218 ἀγαθῆς

2141 1271 2201 1308 τε
2239 1252 2332 1306 καὶ
2376 1252 2432 1304 ὲν
2462 1248 2683 1318 ἀγαθοῖς
2698 1243 2865 1317 οὔσης
2886 1245 3158 1315 καταρχὰς
3179 1245 3310 1313 ἡμῖν
3340 1245 3437 1312 τῆς
3464 1240 3706 1309 φύσεως.

470 1366 839 1420 characterem
877 1365 1205 1434 exprimunt,
1245 1374 1298 1420 et
1333 1376 1670 1434 qutBCunque
1705 1361 1772 1415 de
1808 1359 1891 1413 his
1919 1355 2098 1410 Moses
2127 1348 2390 1406 historica
2458 1344 2771 1400 narratione
2807 1341 3077 1412 percurrit
3141 1341 3235 1406 (ita
3276 1350 3454 1392 tamen
3518 1347 3577 1389 ut
3639 1350 3704 1388 ea

470 1454 841 1525 prodogmatis
863 1431 1179 1528 habeamus)
1217 1431 1457 1511 eamdem
1478 1431 1778 1509 doctrinam
1801 1449 2067 1505 redolent.
2097 1441 2391 1496 Paradisus
2411 1439 2554 1492 enim
2592 1436 2681 1490 ille
2703 1434 3082 1501 fructuumque
3103 1431 3424 1500 proprietas,
3473 1440 3705 1497 quorum

469 1565 598 1606 esus
622 1565 729 1605 non
759 1552 968 1605 ventris
1006 1523 1365 1616 saturitatem,
1401 1551 1493 1606 sed
1513 1549 1796 1606 scientiam
1823 1552 1877 1600 et
1895 1539 2249 1598 aeternitatem
2273 1535 2396 1588 vita:
2422 1530 2768 1602 gustantibus
2787 1528 2955 1580 donat
2980 1544 2994 1580 :
3033 1525 3146 1579 haec
3184 1523 3366 1578 omnia
3400 1527 3711 1589 congruunt

471 1644 540 1698 iis
579 1659 699 1713 quae
727 1651 854 1698 sunt
889 1642 1040 1711 prius
1070 1614 1410 1697 considerata
1457 1643 1512 1695 in
1557 1639 1777 1695 homine
1806 1657 1820 1692 ε
1852 1647 2047 1703 nempe
2074 1627 2219 1700 quod
2263 1625 2320 1680 in
2352 1623 2511 1679 initio
2528 1629 2712 1676 nostra
2745 1627 2889 1674 esset
2917 1618 3057 1671 bona
3098 1626 3152 1671 et
3200 1616 3253 1668 in
3289 1614 3446 1669 bonis
3486 1622 3706 1666 natura.

541 1736 649 1793 Sed
687 1737 756 1792 iis
817 1752 936 1808 quae
1006 1736 1149 1790 dicta
1213 1745 1339 1792 sunt
1405 1736 1544 1792 forte
1596 1731 1919 1804 repugnabit
1983 1730 2031 1783 is

471 1835 565 1904 qui
618 1834 685 1888 ad
734 1834 1021 1904 praesentia
1079 1833 1289 1904 aspicit,
1344 1841 1398 1888 et
1452 1830 1730 1887 existimat
1770 1843 1829 1884 se
1877 1841 2037 1897 posse

469 1929 739 2000 probare,
803 1945 913 1983 non
973 1944 1094 1984 esse
1155 1943 1280 1982 vera
1349 1943 1470 1998 quae
1539 1925 1838 1986 dicuntur,
1894 1919 2038 1991 quod

476 2040 584 2078 non
650 2023 706 2078 in
774 2023 925 2088 illis,
976 2023 1071 2079 sed
1139 2024 1194 2077 in
1263 2022 1518 2077 omnibus
1578 2020 1690 2075 fere
1737 2015 2034 2073 contrariis

474 2133 620 2173 nunc
677 2119 841 2174 homo
895 2130 1168 2174 cernatur.
1227 2118 1331 2174 Ubi
1381 2118 1527 2173 enim
1583 2123 1668 2172 est
1730 2114 1915 2167 formae
1946 2111 2033 2165 di-

473 2219 610 2270 vinae
687 2215 986 2270 similitudo
1056 2216 1109 2268 in
1185 2214 1410 2268 anima?
1471 2211 1575 2267 Ubi
1649 2206 2032 2278 aegritudinum

475 2314 719 2368 vacuitas
765 2313 819 2366 in
865 2312 1133 2381 corpore?
1201 2310 1303 2365 Ubi
1351 2311 1545 2364 animae
1587 2299 2040 2363 reternitas?An-

474 2423 583 2462 non
645 2416 731 2463 est
775 2408 936 2462 homo
996 2407 1177 2462 brevis
1245 2406 1388 2469 vitae,
1446 2404 1724 2475 patibilis,
1772 2400 2034 2460 caducus,

477 2505 627 2557 omni
657 2503 1001 2558 aﬂ'ectionum
1033 2502 1223 2575 generi.
1254 2502 1547 2566 obnoxius,
1582 2507 1636 2555 et
1668 2501 1722 2554 in
1748 2498 1950 2560 anima,
1984 2502 2038 2548 et

474 2603 530 2658 in
561 2603 828 2673 corpore?
858 2602 960 2668 Qui
997 2603 1108 2656 haec
1132 2601 1264 2656 dicit
1301 2609 1356 2656 et
1388 2614 1510 2668 qua:
1542 2604 1668 2652 sunt
1697 2591 2034 2663 hujusmodi,

475 2709 531 2755 et
563 2709 813 2755 naturam
849 2699 1169 2762 insectatur,
1216 2695 1550 2754 existimabit
1597 2708 1656 2748 se
1689 2705 1848 2762 posse
1882 2703 2038 2743 ever-

477 2805 592 2852 tere
641 2810 761 2866 quae
788 2802 916 2848 sunt
959 2793 1156 2847 tradita
1203 2792 1270 2846 de
1317 2790 1552 2845 homine.
1588 2788 1693 2843 Sed
1744 2802 1812 2840 ne
1863 2784 1931 2838 ab
1975 2798 2041 2837 eo

481 2890 627 2961 quod
668 2898 752 2946 est
783 2903 1124 2957 consequens
1169 2895 1223 2943 et
1256 2894 1683 2941 consentaneum
1724 2881 2042 2937 deﬂectatur

483 2986 687 3052 oratio,
741 2987 809 3042 de
865 2985 952 3040 bis
1006 2984 1169 3039 etiam
1222 2983 1410 3052 paucis
1460 2981 1835 3036 tractabimus.
1887 2975 2044 3044 Quod

484 3095 631 3137 nunc
659 3079 770 3134 vita
817 3079 1053 3132 humana
1092 3078 1162 3132 sit
1208 3077 1262 3130 in
1304 3077 1370 3130 iis
1422 3091 1544 3144 qua:
1595 3083 1724 3129 sunt
1771 3072 1943 3142 aliena
1989 3076 2046 3124 et

490 3173 714 3227 minime
755 3171 1134 3226 convenientia
1166 3208 1181 3231 ,
1244 3183 1350 3223 non
1407 3168 1543 3222 satis
1590 3176 1674 3221 est
1741 3162 2044 3232 argumenti

479 3263 626 3332 quod
675 3263 839 3316 homo
887 3275 1163 3330 nunquam
1222 3258 1383 3313 fuerit
1434 3258 1490 3312 in
1546 3257 1721 3311 bonis.
1776 3253 2043 3319 Quoniam

2223 1719 2360 1772 Ἀλλ’
2404 1715 2672 1784 ἀντιλέγει
2702 1712 2864 1781 τυχὸν
2895 1712 3008 1772 τοῖς
3049 1707 3358 1780 εἰρημένοις
3389 1707 3417 1759 ὁ
3461 1704 3599 1775 πρὸς
3641 1703 3710 1757 τά

2143 1812 2386 1884 παρόντα
2425 1809 2654 1880 βλέπων,
2721 1806 2816 1860 καὶ
2860 1805 3024 1857 οἴεται
3073 1801 3365 1868 διελέγχειν
3407 1797 3495 1850 τὸν
3555 1796 3713 1863 λόγον

2143 1905 2244 1956 οὐκ
2295 1902 2645 1972 ἀληθεύοντα,
2695 1898 2774 1967 τῷ
2823 1897 2898 1967 μὴ
2942 1897 3001 1948 ὲν
3063 1892 3292 1953 ἐκείνοις
3336 1889 3452 1953 νῦν,
3500 1889 3612 1941 ἀλλ’
3653 1890 3714 1941 έν

2141 1997 2274 2048 πᾶσι
2327 1993 2510 2063 σχεδὸν
2554 1993 2666 2054 τοῖς
2708 1987 3046 2049 ὑπεναντίοις
3092 1983 3317 2053 ὁρᾶσθαι
3363 1981 3452 2033 τὸν
3501 1979 3710 2048 ἄνθρω-

2140 2105 2260 2141 πον.
2308 2084 2418 2138 Ποῦ
2485 2083 2590 2152 γὰρ
2655 2082 2751 2150 τῆς
2810 2078 2988 2148 ψυχῆς
3049 2074 3111 2127 τὸ
3175 2072 3437 2135 θεοειδές;
3491 2069 3592 2121 ποῦ
3653 2067 3712 2120 δὲ

2139 2182 2174 2249 ἡ
2213 2175 2448 2231 ἀπάθεια
2490 2173 2582 2226 τοῦ
2621 2171 2901 2241 σώματος;
2954 2166 3063 2221 Ποῦ
3097 2168 3193 2236 τῆς
3240 2162 3385 2231 ζωῆς
3415 2160 3474 2213 τὸ
3509 2159 3710 2223 ἀϊδιον;

2153 2248 2469 2337 Ὢκύμορον,
2502 2261 2772 2333 ἐμπαθὲς,
2794 2259 3074 2329 ἐπίκηρον,
3099 2255 3235 2326 πρὸς
3264 2254 3441 2306 πᾶσαν
3461 2248 3716 2315 παθημά-

2141 2378 2248 2415 των
2264 2359 2418 2414 ἰδέαν
2441 2355 2581 2411 κατά
2600 2371 2658 2407 τε
2674 2351 2850 2422 ψυχὴν
2873 2350 2968 2403 καὶ
2996 2350 3153 2418 σῶμα
3176 2344 3495 2415 ἐπιτήδειον.
3534 2340 3718 2394 Ταῦτα

2144 2453 2240 2506 καὶ
2290 2450 2357 2503 τὰ
2387 2446 2608 2502 τοιαῦτα
2631 2445 2805 2513 λέγων
2855 2442 2948 2496 καὶ
2975 2439 3324 2510 κατατρέχων
3350 2437 3446 2505 τῆς
3476 2433 3715 2502 φύσεως,

2145 2541 2466 2612 ἀνατρέπειν
2490 2538 2582 2592 τὸν
2623 2534 2950 2590 ἀποδοθέντα
2978 2531 3107 2601 περὶ
3134 2530 3224 2584 τοῦ
3248 2525 3529 2598 ἀνθρώπου
3563 2523 3720 2590 λόγον

2143 2635 2402 2704 οἰήσεται.
2437 2630 2576 2683 Ἀλλ’
2603 2626 2677 2691 ὡς
2698 2627 2763 2680 ἂν
2798 2621 3044 2696 μηδαμοῦ
3069 2620 3164 2676 τοῦ
3202 2618 3492 2674 ἀκολούθου
3522 2617 3720 2682 ὁλόγος

2146 2718 2527 2792 παρατραπείη
2540 2757 2553 2777 ,
2570 2715 2802 2784 καὶπερὶ
2821 2712 3023 2766 τούτων
3045 2713 3100 2764 ὲν
3117 2710 3315 2778 ὀλίγοις
3330 2704 3717 2779 διαληψόμεθα.

2147 2809 2222 2864 Τὸ
2251 2808 2345 2861 νῦν
2377 2809 2434 2859 έν
2467 2804 2687 2866 ἀτόποις
2720 2800 2860 2855 εἶναι
2887 2801 2985 2871 τὴν
3029 2797 3373 2870 ἀνθρωπίνην
3414 2796 3577 2867 ζωὴν,
3623 2793 3723 2862 οὐχ

2150 2900 2331 2963 ἱκανός
2359 2902 2502 2952 ὲστιν
2535 2897 2770 2965 ἔλεγχος,
2807 2892 2899 2946 τοῦ
2928 2892 3193 2962 μηδέποτε
3233 2889 3322 2942 τὸν
3349 2887 3632 2957 ἄνθρωπον
3663 2886 3724 2936 ὲν

2148 2989 2370 3058 ἀγαθοῖς
2393 2983 2736 3056 γεγενῆσθαι.
2768 2980 2984 3050 Ἐπειδὴ
3001 2978 3108 3048 γὰρ
3129 2978 3261 3031 Θεοῦ
3285 2977 3442 3048 ἔργον
3463 2977 3492 3027 ό
3517 2974 3724 3044 ἀνθρω-

2152 3079 2379 3145 πος,τοῡ
2403 3079 2465 3131 δι’
2479 3072 2855 3144 ἀγαθότητατὺ
2871 3071 3006 3135 ζῶον
3021 3068 3178 3122 τοῦτο
3206 3065 3615 3139 παραγαγόντος
3644 3063 3724 3125 είς

2151 3172 2383 3240 γένεσιν,
2413 3170 2513 3223 οὐκ
2536 3167 2601 3221 ἄν
2619 3183 2704 3228 τις
2724 3164 2956 3232 εὐλόγως
2978 3158 3038 3215 οὗ
3054 3163 3088 3232 ή
3114 3161 3262 3214 αἰτία
3283 3159 3382 3228 τῆς
3416 3156 3724 3216 συστάσεως

2152 3265 2422 3334 ἀγαθότης
2464 3260 2580 3313 ἐστὶ
2623 3254 3142 3312 καθυποπτεύσειεν.
3187 3251 3324 3304 Ἀλλ’
3358 3249 3542 3318 ἕτερόν
3573 3247 3723 3298 ἐστιν

482 3323 628 3408 enim
669 3352 833 3407 homo
873 3351 966 3406 Dei
1017 3323 1110 3406 est
1143 3365 1302 3420 opus,
1333 3349 1427 3418 qui
1472 3356 1696 3418 propter
1743 3345 2042 3401 bonitatem

2149 3357 2349 3420 αἴτιον,
2390 3352 2482 3406 τοῦ
2518 3350 2692 3404 ταῦτά
2741 3365 2802 3402 τε
2834 3345 2929 3401 νῦν
2962 3345 3089 3414 περὶ
3123 3344 3269 3415 ἡμᾶς
3302 3337 3459 3403 εἶναι,
3491 3338 3584 3391 καί¹
3615 3335 3727 3388 τῶν

483 3445 588 3504 hoc
635 3443 837 3497 animal
891 3442 1116 3497 deduxit
1163 3441 1227 3495 ad
1279 3449 1484 3503 ortum,
1537 3454 1697 3493 nemo
1739 3437 1863 3506 jure
1898 3450 2044 3499 eum,

484 3534 644 3602 cujus
671 3534 884 3588 bonitas
907 3548 1073 3588 causa
1102 3531 1204 3586 fuit
1250 3543 1309 3586 ut
1338 3530 1683 3591 conderetur,
1718 3528 1864 3581 illius
1895 3525 2047 3580 defe-

485 3626 685 3681 ctionis
740 3641 962 3681 causam
1009 3639 1130 3680 esse
1187 3623 1571 3693 suspicabitur.
1634 3619 1736 3675 Sed
1805 3618 1911 3672 alia
1962 3623 2047 3670 est

485 3733 654 3774 causa
675 3731 773 3771 cur
802 3724 857 3772 et
895 3716 1009 3769 haec
1043 3715 1199 3769 nobis
1229 3728 1376 3767 nunc
1414 3712 1618 3772 adsint,
1647 3719 1701 3765 et
1739 3709 1937 3764 deserti
1972 3707 2048 3761 si-

485 3826 610 3866 mus
646 3809 812 3865 abiis
841 3823 960 3877 quae
995 3817 1122 3863 sunt
1153 3806 1552 3876 praestantiora.
1592 3803 1811 3855 Initium
1866 3807 2047 3852 autem

485 3904 606 3972 ejus
659 3901 805 3971 quod
852 3901 917 3954 ad
973 3899 1075 3952 hoc
1113 3913 1257 3952 nunc
1305 3905 1391 3952 est
1443 3894 1755 3954 dicendum,
1813 3905 1920 3944 non
1965 3896 2050 3943 est

486 4001 755 4047 remotum
805 3991 874 4044 ab
915 3991 1231 4046 assensione
1270 4003 1460 4042 eorum
1505 3986 1599 4056 qui
1641 3982 2046 4037 contradicunt.

488 4083 591 4148 Qui
635 4082 780 4138 enim
830 4083 898 4135 ad
947 4079 1050 4134 hoc
1091 4091 1149 4134 ut
1189 4090 1415 4133 suorum
1471 4076 1734 4129 bonorum
1777 4070 2049 4141 particeps

486 4181 633 4227 esset
677 4171 953 4225 hominem
1000 4169 1149 4232 fecit,
1203 4169 1408 4237 quique
1445 4162 1836 4218 adminiculum
1880 4168 1934 4215 et
1965 4174 2051 4212 oc-

486 4263 762 4326 casionem
794 4263 912 4331 ejus
937 4268 1143 4314 natura:
1171 4258 1386 4321 indidit,
1424 4265 1482 4310 ut
1509 4270 1604 4325 per
1629 4251 2052 4321 unumquodque

488 4354 557 4411 ad
597 4352 779 4408 simile
816 4352 1050 4408 ferretur
1082 4350 1363 4419 appetitio,
1397 4363 1503 4402 non
1541 4343 1836 4416 privaverit
1875 4342 2052 4396 horni-

489 4459 611 4498 nem
652 4457 719 4497 eo
753 4441 898 4511 quod
933 4449 1017 4496 est
1054 4441 1320 4494 bonorum
1361 4438 1786 4508 pulcherrimum
1829 4441 1884 4488 et
1917 4448 2052 4502 prae-

489 4533 911 4595 stantissimum,
944 4533 1057 4594 illa,
1097 4531 1340 4602 inquam,
1371 4529 1545 4600 gratia
1575 4543 1695 4598 qua:
1728 4528 1784 4580 in
1826 4540 1891 4581 eo
1920 4540 2053 4578 con-

2147 3445 2554 3517 προτιμοτέρων
2587 3440 2960 3513 ἐρημωθῆναι.
3006 3435 3175 3508 Ἀρχὴ
3194 3435 3250 3487 δὲ
3274 3433 3436 3487 πάλιν
3465 3430 3558 3483 καὶ
3591 3429 3725 3500 πρὸς

2145 3540 2330 3593 τοῦτον
2361 3539 2491 3606 ἡμῖν
2511 3535 2600 3588 τὸν
2624 3532 2802 3600 λόγον,
2824 3529 2923 3584 οὐκ
2943 3527 3140 3592 ἔξωθεν
3167 3526 3266 3596 τῆς
3286 3523 3395 3576 τῶν
3422 3519 3728 3587 ἀντιλεγόν-

2145 3644 2252 3680 των
2287 3627 2403 3680 ἐστὶ
2437 3621 2909 3692 συγκαταθέσεως.
2961 3619 3020 3670 Ὁ
3059 3615 3169 3687 γὰρ
3200 3614 3292 3667 ἐπὶ
3328 3610 3587 3684 μετουσία
3619 3607 3727 3660 τῶν

2150 3720 2293 3773 ἰδίων
2316 3717 2534 3787 ἀγαθῶν
2563 3716 2792 3784 ποιήσας
2812 3713 2905 3765 τὸν
2931 3709 3027 3765 ἀνθ
3038 3725 3239 3780 ρωπον,
3269 3706 3364 3759 καὶ
3385 3703 3602 3757 πάντων
3629 3702 3724 3753 αύ-

2146 3811 2224 3882 τῷ
2249 3811 2356 3864 τῶν
2382 3808 2560 3862 καλῶν
2587 3806 2686 3869 τὰς
2718 3803 2975 3875 ἀφορμὰς
3009 3797 3488 3869 ὲγκατασκευάσας
3515 3797 3582 3864 τῇ
3625 3791 3728 3862 φύ-

2149 3917 2253 3960 σει,
2278 3899 2352 3961 ὡς
2380 3897 2445 3950 ἂν
2462 3894 2773 3949 δι’έκάστου
2798 3893 2934 3962 πρὸς
2951 3889 3013 3942 τὸ
3039 3888 3273 3958 ὅμοιονὴ
3295 3886 3473 3957 ὄρεξις
3489 3884 3726 3954 φέροιτο,

2148 3992 2248 4044 οὐκ
2275 3989 2341 4044 ἂν
2374 3988 2470 4043 τοῦ
2519 3987 2808 4041 καλλίστου
2858 3984 2954 4038 καὶ
2991 3980 3319 4051 τιμιωτάτου
3359 3977 3465 4030 τῶν
3508 3973 3728 4043 ἀγαθῶν

2150 4079 2510 4150 ἀπεστέρησε,
2529 4079 2671 4145 λέγω
2685 4076 2748 4146 δὴ
2769 4075 2867 4145 τῆς
2897 4073 3038 4128 κατὰ
3065 4071 3124 4124 τὸ
3149 4069 3443 4123 ἀδέσποτον
3472 4067 3566 4120 καὶ
3595 4066 3722 4118 αὑτ-

2150 4170 2389 4235 εξούσιον
2437 4171 2678 4240 χάριτος.
2710 4170 2773 4220 El
2809 4168 2918 4237 γάρ
2955 4182 3038 4227 τις
3064 4163 3274 4233 ἀνάγκη
3316 4164 3381 4232 τῇ
3414 4157 3730 4230 ἀνθρωπίνῃ

2150 4260 2435 4313 ἐπεστάτει
2464 4258 2597 4329 ζωῇ,
2623 4256 2911 4326 διεψεύσθη
2941 4255 3006 4309 ἃν
3039 4255 3074 4323 ή
3117 4252 3279 4306 εἰκὼν
3301 4254 3422 4306 κατ’
3456 4253 3631 4304 έκεῖνο
3667 4249 3729 4302 τὸ

2154 4351 2340 4422 μέρος,
2398 4349 2821 4421 ἀλλοτριωθεῖσα
2857 4346 2936 4417 τῷ
2967 4344 3206 4415 ἀνομοίῳ
3250 4343 3385 4414 πρὸς
3413 4343 3475 4395 τὸ
3507 4341 3730 4413 ἀρχέτυ-

2152 4457 2272 4493 πον.
2303 4440 2414 4510 Τῆς
2452 4441 2560 4511 γάρ
2602 4436 2991 4510 βασιλευούσης
3027 4435 3241 4505 φύσεως
3263 4437 3297 4505 ή
3325 4435 3591 4502 ἀνάγκαις
3617 4432 3728 4486 τισὶ

2153 4529 2527 4602 ύπεζευγμένη
2549 4547 2610 4584 τε
2640 4531 2733 4583 xal.
2761 4528 3103 4593 δουλεύουσα,
3125 4527 3242 4590 πῶς
3263 4525 3330 4579 ἂν
3353 4525 3516 4578 εἰκὼν
3535 4523 3729 4594 όνομά-

490 4627 659 4690 sistit,
710 4625 853 4694 quod
907 4639 1016 4678 non
1065 4621 1137 4678 sit
1179 4620 1384 4692 aliquid
1421 4619 1568 4690 quod
1612 4617 1951 4673 dominatum
1995 4617 2046 4670 in

2162 4618 2341 4686 ζοιτο;
2366 4619 2572 4673 Οὐκοῦν
2600 4619 2661 4672 τὸ
2688 4618 2776 4672 διὰ
2811 4618 3026 4671 πάντων
3067 4617 3203 4688 πρὸς
3253 4615 3314 4669 τὸ
3337 4615 3489 4668 Θείον
3516 4614 3728 4684 ὡμοιω-

489 4728 612 4767 cum
652 4713 918 4776 obtineat,
950 4720 1004 4766 et
1033 4709 1180 4779 quod
1207 4710 1278 4765 sit
1331 4708 1417 4764 sui
1454 4707 1596 4777 juris
1625 4717 1678 4760 et
1705 4705 1864 4759 liberi
1905 4703 2053 4757 arbi-

490 4805 606 4858 trii.
642 4805 701 4858 Si
731 4805 876 4860 enim
903 4804 1028 4857 vitae
1053 4803 1306 4861 humana:
1335 4808 1592 4870 praeesset
1638 4799 1960 4862 necessitas,
1989 4812 2057 4850 ex

490 4908 556 4957 ea
589 4903 743 4964 parte
785 4893 924 4950 falsa
971 4893 1165 4949 fuisset
1204 4894 1404 4963 imago,
1437 4901 1496 4946 ut
1533 4905 1654 4960 quae
1683 4905 1779 4959 per
1810 4888 2058 4942 dissimi-

491 4985 777 5042 litudinem
804 4986 982 5045 aliena
1008 4992 1154 5042 esset
1183 4983 1252 5039 ah
1276 4983 1595 5051 exemplari.
1628 4981 1733 5046 Qui
1762 4981 1909 5035 enim
1938 4978 2055 5034 ﬁeri

491 5086 681 5150 posset
729 5087 786 5132 ut
817 5086 1012 5132 natura
1051 5077 1238 5133 nescio
1292 5076 1492 5145 quibus
1537 5072 1886 5128 necessitatis
1928 5070 2059 5139 legi—

492 5177 596 5229 bus
636 5173 884 5235 astricta,
933 5179 1144 5225 natura:
1172 5169 1417 5224 omnium
1452 5182 1636 5221 rerum
1676 5162 2060 5219 dominatricis

493 5267 673 5337 imago
717 5263 1027 5319 diceretur?
1065 5261 1220 5328 Quod
1261 5276 1388 5332 ergo
1427 5274 1522 5329 per
1564 5258 1747 5312 omnia
1791 5257 1902 5312 Deo
1940 5261 2062 5309 erat

494 5357 880 5419 assimilatum,
918 5354 1202 5425 oportebat
1240 5353 1464 5408 omnino
1509 5352 1710 5406 habere
1759 5350 1813 5403 in
1863 5358 2058 5403 natura

495 5448 641 5518 quod
666 5447 765 5503 sibi
795 5449 1105 5515 imperaret,
1142 5452 1196 5498 et
1235 5443 1455 5498 domino
1499 5441 1723 5496 minime
1755 5447 1902 5495 esset
1930 5438 2062 5493 sub-

487 5543 728 5610 jcctum,
765 5546 824 5593 ut
860 5538 1080 5607 virtutis
1132 5547 1278 5590 esset
1308 5536 1588 5605 praemium
1630 5532 1898 5586 bonorum
1935 5544 2062 5598 par-

494 5636 756 5706 ticipatio.
799 5631 904 5697 Qui
933 5632 1134 5684 factum
1165 5637 1248 5683 est
1285 5642 1436 5698 ergo,
1467 5625 1703 5695 inquies,
1749 5631 1809 5676 ut
1842 5621 1932 5690 qui
1966 5636 2064 5691 per

495 5729 676 5781 omnia
724 5723 1106 5797 pulcherrimis
1154 5732 1208 5777 et
1238 5719 1708 5791 praestantissimis
1748 5716 1851 5770 fuit
1890 5717 2061 5768 hone-

495 5828 693 5882 Status,
743 5815 1159 5872 oommutaverit
1202 5815 1342 5867 bona
1387 5809 1786 5866 deterioribus?
1838 5805 2059 5861 Clarum

496 5918 678 5978 autem
726 5920 807 5975 est
837 5909 890 5967 id
930 5923 1146 5982 quoque
1181 5907 1324 5978 quod
1371 5904 1435 5959 de
1475 5918 1538 5959 eo
1587 5899 1874 5958 dicendum
1918 5905 2000 5954 est
2039 5936 2051 5950 .

2161 4712 2321 4782 μένον
2350 4711 2457 4764 ἔδει
2503 4712 2720 4773 πάντως
2753 4709 2897 4780 ἔχειν
2931 4711 2988 4761 ὲν
3016 4711 3082 4778 τῇ
3119 4707 3276 4775 φύσει
3311 4705 3373 4758 τὸ
3401 4703 3730 4775 αὐτοκρατὲς

2157 4804 2253 4856 καὶ
2308 4803 2617 4866 ἀδέσποτον,
2666 4803 2807 4855 ὥστε
2850 4798 3013 4854 ἆθλον
3048 4799 3246 4870 ἀρετῆς
3293 4793 3434 4850 εἶναι
3473 4797 3572 4866 τὴν
3621 4795 3729 4848 τῶν

2157 4893 2378 4961 ἀγαθῶν
2423 4893 2730 4962 μετουσίαν.
2764 4890 2936 4944 Πόθεν
2973 4887 3086 4953 οὖν,
3118 4890 3284 4960 ἐρεῖς,
3317 4889 3346 4940 ὁ
3375 4887 3463 4941 διά
3512 4889 3731 4943 πάντων

2157 4987 2268 5046 τοῖς
2306 4983 2608 5045 καλλίστοις
2642 4983 3000 5052 τετιμημένος
3020 5021 3035 5043 ,
3061 4981 3130 5034 τὰ
3162 4980 3328 5050 χείρω
3364 4978 3473 5032 τῶν
3512 4977 3731 5046 ἀγαθῶν

2160 5075 2556 5144 mmmam;
2587 5073 2769 5144 Σαφὴς
2791 5073 2848 5125 δὲ
2877 5074 2970 5126 καὶ
2991 5075 3018 5126 ό
3045 5073 3170 5143 περὶ
3189 5071 3381 5124 τούτου
3406 5069 3585 5137 λόγος.
3627 5070 3732 5120 Οὑ-

2159 5167 2319 5236 δεμία
2355 5164 2522 5219 κακοῦ
2553 5165 2762 5232 γένεσις
2789 5165 2853 5216 ἐκ
2885 5164 3029 5216 θείου
3055 5163 3389 5234 βουλήματος
3430 5161 3528 5230 τὴν
3561 5159 3733 5229 ἀρχὴν

2161 5258 2316 5328 ἔσχεν
2337 5274 2351 5288 ο
2391 5252 2426 5326 ἦ
2447 5255 2554 5327 γὰρ
2583 5254 2649 5308 ἂν
2674 5253 2777 5320 ἔξω
2802 5254 3060 5325 μέμψεως
3085 5250 3154 5324 ἦν
3176 5256 3208 5323 ἡ
3240 5252 3426 5317 κακία,
3450 5251 3581 5306 Θεὸν
3608 5253 3732 5303 ἑαυ-

2159 5355 2257 5422 τῆς
2298 5349 2708 5419 ἑπιγραφομένη
2760 5347 2988 5418 ποιητὴν
3037 5349 3131 5399 καὶ
3167 5347 3385 5414 Πατέρα
3419 5362 3431 5373 ο
3469 5343 3583 5396 ἀλλ’
3628 5343 3730 5410 έμ-

2163 5440 2351 5510 φύεταί
2402 5457 2514 5501 πως
2558 5441 2619 5492 τὸ
2663 5439 2832 5492 κακὸν
2875 5439 3111 5503 ἔνδοθεν,
3139 5440 3204 5508 τῇ
3264 5435 3579 5506 προαιρέσει
3611 5433 3732 5485 τότε

2164 5531 2570 5601 συνιστάμενον,
2605 5531 2733 5583 ὅταν
2777 5547 2860 5592 τις
2891 5531 2997 5582 ἀπὸ
3026 5527 3119 5582 τοῦ
3175 5526 3337 5580 καλοῦ
3384 5528 3605 5595 γένηται
3634 5524 3734 5593 τῆς

2162 5625 2337 5693 ψυχῆς
2368 5619 2730 5691 ἀναχώρησις.
2762 5621 3023 5691 Καθάπερ
3053 5619 3162 5691 γὰρ
3208 5621 3242 5690 ή
3278 5620 3465 5688 ὅρασις
3521 5616 3734 5684 φύσεώς

2163 5717 2308 5766 ἐστιν
2330 5712 2606 5779 ἐνέργειαν
2633 5712 2666 5780 ἡ
2693 5710 2750 5762 δὲ
2778 5711 3042 5780 πήρωσις,
3076 5708 3328 5779 στέρησίς
3361 5710 3475 5760 ἐστι
3503 5709 3604 5776 τῆς
3631 5723 3736 5773 φυς

2166 5804 2323 5872 σικῆς
2348 5801 2624 5872 ἐνεργείας
2645 5819 2656 5831 ·
2674 5800 2845 5863 οὕτως
2875 5801 2968 5854 καὶ
2998 5802 3032 5870 ἡ
3061 5800 3227 5871 {amri}
3257 5799 3388 5872 πρὸς
3409 5797 3505 5866 τὴν
3536 5797 3733 5850 κακίαν

2165 5895 2510 5967 ἀνθέστηκεν.
2546 5894 2617 5948 Οὐ
2649 5893 2753 5966 γὰρ
2800 5893 2943 5948 ἔστιν
2973 5892 3136 5964 ἀλλην
3169 5891 3364 5954 κακίας
3396 5889 3606 5958 γένεσιν
3647 5889 3735 5942 ιν-
