4066 6374
315 421 392 475 25

1522 421 1777 476 ORATIO
1807 420 2310 485 CATECHETICA.

3514 416 3584 461 Συ

319 544 530 615 νοῆσαι,
561 543 593 615 ἢ
629 544 835 615 ἀρετῆς
863 543 1151 596 ἀπουσίαν.
1200 543 1411 614 ’Ὠσπερ
1457 542 1566 614 γὰρ
1594 542 1691 595 τοῦ
1728 543 1895 613 φωτὸς

2002 538 2199 596 Nullus
2231 543 2360 598 mali
2394 550 2550 599 ortus
2596 544 2813 599 initium
2843 544 2999 599 duxit
3043 559 3109 598 ex
3140 542 3236 598 Dei
3270 542 3578 597 voluntate.

324 632 711 705 ὐφαιρεθέντος
732 634 760 685 ὁ
791 633 952 703 ζόφος
980 631 1408 702 ἐπηκολούθησε,
1434 632 1699 702 παρόντος
1722 634 1781 687 δὲ
1805 634 1905 688 οὐκ

321 724 469 777 εστιν
493 742 508 755 ·
536 721 713 786 οὕτως
749 723 853 787 ἕως
898 722 964 775 ἂν
1066 722 1127 774 τὸ
1167 720 1368 789 ἀγαθὸν
1398 722 1458 774 ὲν
1499 724 1564 793 τῇ
1595 721 1779 791 φύσει,
1812 723 1907 775 ἀν-

322 816 604 887 ύπαρκτόν
650 816 766 867 ἐστι
795 813 918 868 καθ’
962 814 1124 866 ἑαυτὸ
1152 815 1186 882 ὴ
1215 814 1382 866 κακία
1402 831 1416 843 ·
1451 815 1484 883 ἡ
1510 813 1566 866 δὲ
1597 814 1693 867 τοῦ
1724 815 1905 885 κρείτ-

320 923 473 970 τονος
488 904 859 977 ἀναχώρησις,
878 904 1084 973 γίνεται
1110 902 1202 957 τοῦ
1223 904 1466 957 ἐναντίου
1486 905 1716 971 γένεσις.
1750 906 1903 959 Ἐπεὶ

320 993 418 1049 οὖν
436 995 593 1048 τοῦτο
609 998 710 1067 τῆς
736 994 1213 1064 αὑτεξουσιότητός
1239 995 1353 1047 ἐστι
1379 994 1440 1047 τὸ
1470 995 1760 1065 ἰδίωμα,τὸ
1780 997 1899 1049 κατ’

322 1087 572 1154 ἐξουσίαν
604 1087 945 1157 ἀναιρεῖσθαι
972 1087 1034 1139 τὸ
1064 1086 1401 1157 καταθύμιον
1420 1128 1435 1153 ,
1466 1088 1563 1158 οὐχ
1594 1091 1622 1141 ὁ
1654 1089 1783 1152 Θεός
1818 1106 1899 1142 σοι

2002 633 2213 689 Revera
2233 635 2378 690 enim
2410 636 2548 690 nulli
2573 637 2987 706 reprehensioni
3011 635 3171 691 aliine
3192 643 3340 690 esset
3360 634 3577 698 vitium,

2002 737 2061 780 ut
2092 726 2240 797 quod
2266 728 2351 782 sui
2379 727 2691 783 etl'ectorem
2722 735 2777 783 et
2807 728 3022 783 Patrem
3058 726 3226 783 Deum
3259 726 3365 781 sibi
3403 727 3578 781 ascri-

1998 818 2169 881 beret,
2196 819 2290 873 sed
2320 820 2523 873 malum
2545 820 2878 876 intrinsecus
2898 819 3304 891 quodammodo
3330 818 3579 874 innasci-

1997 916 2089 963 tur
2149 910 2209 965 in
2253 910 2428 965 libero
2476 910 2642 965 animi
2692 912 2922 966 arbitrio
2975 919 3031 967 et
3080 911 3385 975 electione,
3446 918 3577 962 tunc

1998 1003 2335 1067 consistens,
2371 1005 2593 1073 quando
2636 1004 2800 1060 fuerit
2846 1004 3048 1074 aliquis
3081 1003 3279 1057 anima:
3318 1017 3576 1057 recessus

1998 1094 2068 1148 ab
2114 1110 2180 1150 eo
2240 1095 2388 1166 quod
2440 1097 2643 1150 bonum
2693 1106 2779 1152 est
2821 1105 2876 1151 et
2919 1097 3231 1151 honestum.
3289 1091 3577 1160 Quomodo

320 1176 432 1230 τῶν
460 1179 745 1247 παρόντων
771 1178 918 1232 ἐστὶν
944 1178 1116 1241 αἴτιος
1148 1177 1355 1242 κακῶν,
1395 1176 1688 1232 ἀδέσποτόν
1717 1196 1776 1231 τε
1806 1177 1895 1231 καὶ

1999 1184 2142 1241 enim
2175 1186 2327 1242 visus
2358 1194 2444 1242 est
2479 1195 2691 1243 natura:
2717 1188 3003 1258 operatio:
3036 1188 3249 1242 orbitas
3279 1193 3459 1239 autem
3491 1192 3579 1238 est

320 1271 508 1325 ἀνετόν
539 1289 621 1324 σοι
663 1272 1079 1335 κατασκευάσας
1114 1270 1215 1343 τὴν
1245 1273 1407 1341 φύσιν
1426 1314 1441 1338 ,
1470 1272 1585 1325 ἀλλ’
1610 1274 1643 1343 ἡ
1673 1272 1895 1327 ἀϐουλία

1999 1277 2233 1345 privatio
2289 1279 2560 1335 naturalis
2609 1280 2949 1349 operationis
2995 1301 3007 1334 :
3047 1279 3122 1333 ita
3171 1278 3336 1332 etiam
3401 1275 3578 1328 virtus

318 1364 384 1416 τὸ
410 1366 590 1434 χεῖρον
615 1365 737 1417 ἀντὶ
759 1363 853 1417 τοῦ
887 1363 1196 1435 κρείττονος
1226 1364 1583 1434 προελομένη.

1999 1367 2318 1423 adversatur
2377 1371 2529 1425 vitio.
2606 1369 2725 1426 Non
2778 1386 3072 1442 possumus
3129 1369 3275 1424 enim
3335 1365 3578 1436 cogitare

318 1457 481 1513 aliam
506 1457 623 1511 vitii
647 1458 1072 1529 generationem,
1112 1471 1276 1526 quam
1296 1456 1517 1510 virtutis
1538 1456 1862 1510 absentiam.
1904 1457 2191 1522 Quomodo
2225 1462 2370 1515 enim
2429 1463 2611 1518 ablata
2671 1465 2793 1520 luce
2857 1470 3278 1533 consequuntur
3315 1458 3574 1517 tenebrae.

318 1569 430 1609 non
478 1564 607 1609 sunt
651 1565 833 1609 autem
863 1557 908 1609 si
964 1554 1107 1610 adsit
1141 1572 1155 1608 :
1187 1552 1261 1606 ita
1299 1551 1544 1622 quandiu
1589 1551 1755 1607 fuerit
1789 1552 1993 1606 bonum
2028 1554 2085 1608 in
2116 1566 2334 1623 natura,
2416 1573 2513 1627 per
2562 1574 2621 1613 se
2692 1573 2800 1612 non
2852 1558 3108 1612 consistit
3172 1555 3399 1619 vitium;
3457 1551 3579 1621 ejus

318 1652 503 1701 autem
533 1646 681 1716 quod
721 1655 808 1701 est
837 1646 1033 1703 melius
1062 1660 1317 1701 recessus
1351 1646 1410 1699 ﬁt
1446 1645 1724 1714 generatio
1756 1644 2043 1700 contra-ii.
2075 1645 2344 1712 Quoniam
2387 1664 2517 1721 ergo
2580 1651 2686 1705 hoc
2726 1658 2812 1705 est
2878 1650 3187 1720 proprietas
3248 1643 3407 1702 liberi
3484 1656 3579 1695 ar-

314 1738 489 1803 bitrii,
523 1746 583 1793 ut
609 1739 779 1794 libere
805 1738 954 1809 quod
980 1739 1168 1793 animo
1195 1747 1409 1809 gratum
1438 1736 1602 1793 fuerit
1639 1738 1894 1807 eligatur,
1935 1753 2046 1793 non
2077 1747 2163 1795 est
2226 1741 2327 1796 tibi
2370 1740 2516 1797 Deus
2552 1751 2749 1796 auctor
2794 1752 2850 1797 et
2885 1756 3054 1797 causa
3121 1739 3391 1794 malorum
3432 1750 3574 1805 pra:-

317 1836 582 1900 sentium,
614 1844 934 1891 constructa
987 1836 1087 1891 tibi
1133 1844 1330 1890 natura
1364 1850 1486 1905 quae
1517 1833 1740 1889 domino
1787 1848 1896 1889 non
1937 1845 2091 1904 paret
2120 1845 2315 1909 estque
2337 1838 2506 1893 libera
2533 1846 2587 1892 et
2613 1840 2811 1902 soluta,
2841 1838 2938 1893 sed
3000 1837 3201 1892 malum
3262 1833 3577 1900 consilium,

318 1927 468 1998 quod
502 1926 667 1997 elegit
696 1941 797 1997 pro
828 1926 1043 1981 meliori
1076 1926 1130 1980 id
1157 1927 1304 1997 quod
1339 1935 1425 1983 est
1453 1926 1713 1982 deterius.

904 2020 1154 2074 ΚΕΦΔΛ.
1204 2020 1297 2087 ς’.
1666 2042 1669 2045 ·
1924 2026 1966 2079 Β

385 2111 578 2181 Ζητεῖς
598 2108 771 2164 δὲκαὶ
795 2110 894 2179 τὴν
926 2110 1104 2164 αἰτίαν
1134 2111 1295 2182 τυχὸν
1334 2112 1435 2181 τῆς
1460 2110 1605 2165 κατὰ
1631 2127 1731 2182 την
1770 2108 1892 2179 βου-
1924 2136 1927 2141 -

311 2198 414 2269 λὴν
434 2196 783 2268 διαμαρτίας
822 2202 904 2263 εἰς
940 2198 1098 2255 τοῦτο
1136 2201 1245 2273 γὰρ
1279 2202 1312 2271 ὴ
1347 2198 1637 2257 ἀκολουθία
1666 2197 1773 2251 τῶν
1800 2197 1882 2255 λά-

313 2307 430 2358 γων
464 2290 638 2361 φέρει.
670 2290 878 2344 Οὐκοῦν
901 2291 1062 2344 πάλιν
1102 2292 1245 2364 ἀρχή
1279 2309 1362 2356 τις
1384 2294 1518 2364 ἡμῖν
1548 2291 1688 2344 κατά
1716 2290 1776 2343 τὸ
1804 2289 1895 2343 eii-

315 2381 473 2451 λογον
508 2382 882 2453 εὑρεθήσεται,
903 2384 938 2453 ἡ
960 2384 1054 2437 καὶ
1079 2382 1237 2436 τοῦτο
1260 2384 1547 2454 σαφηνίσει
1565 2382 1628 2435 τὸ
1649 2385 1889 2453 ζήτημα.

316 2474 569 2530 Τοιοῦτόν
589 2490 711 2528 τινα
740 2473 898 2543 λόγον
937 2474 1089 2545 παρά
1110 2474 1217 2528 τῶν
1243 2474 1502 2546 Πατὲρων
1522 2473 1889 2543 διεῶξάμεθαο

316 2567 435 2623 εστι
460 2568 518 2623 δὲ
542 2572 571 2623 ὁ
603 2569 781 2637 λόγος,
808 2568 869 2621 οὐ
906 2568 1156 2639 μυθώδης
1185 2568 1458 2639 διήγησις,
1491 2566 1603 2621 ἀλλ’
1636 2566 1697 2631 ἐξ
1724 2567 1894 2637 αὐτῆς

316 2661 420 2733 τῆς
443 2661 656 2730 φύσεως
680 2660 838 2733 ἡμῶν
864 2661 926 2714 τὸ
969 2661 1161 2714 πιστὸν
1204 2662 1566 2731 ἐπαγόμενοςο
1591 2660 1763 2729 Διπλῆ
1810 2658 1896 2723 τίς

317 2751 470 2805 ἔστιν
499 2754 556 2805 ὲν
606 2754 719 2815 τοίς
772 2746 892 2805 οὖσι
924 2752 1270 2822 κατανόησις,
1310 2754 1389 2815 είς
1409 2752 1470 2805 τὸ
1498 2752 1684 2822 νοητόν
1714 2768 1772 2804 τε
1801 2751 1896 2804 καὶ

320 2839 577 2913 αἰσθητὸν
603 2844 701 2912 τῆς
721 2842 951 2911 θεωρίας
974 2841 1326 2913 διῃρημένης.
1345 2842 1456 2895 Καὶ
1478 2841 1629 2894 οὐδὲν
1652 2840 1720 2894 ἂν
1742 2840 1894 2911 παρὰ

317 2932 495 2987 ταῦτα
543 2932 914 3003 καταληφθείη
965 2934 1021 2985 ὲν
1080 2936 1146 3004 τῇ
1192 2934 1299 2987 τῶν
1357 2934 1527 2988 όντων
1569 2933 1760 3003 φύσει,
1795 2934 1895 3003 τῆς

317 3023 635 3097 διαιρέσεως
659 3026 861 3097 ταύτης
881 3026 986 3091 ἔξω
1010 3027 1331 3098 φερόμενον.
1352 3026 1613 3096 Διῄρηται
1638 3025 1695 3078 δὲ
1722 3024 1897 3077 ταῦτα

320 3117 459 3187 πρὸς
490 3116 694 3186 ἄλληλα
719 3116 900 3188 πολλῷ
926 3117 1004 3188 τῷ
1039 3117 1207 3188 μέσῳ,
1231 3117 1308 3181 ὡς
1344 3119 1479 3188 μήτε
1508 3117 1604 3189 τὴν
1632 3116 1897 3187 αἰσθητὴν

320 3209 380 3261 ἐν
399 3211 510 3273 τοῖς
538 3211 749 3278 νοητοῖς
780 3204 921 3262 εἶναι
944 3211 1112 3281 γνωρί
1120 3228 1308 3281 σμασι,
1327 3211 1463 3280 μήτε
1491 3212 1547 3263 ὲν
1572 3211 1685 3272 τοῖς
1708 3208 1897 3278 αἰσθη-

317 3301 432 3364 τοῖς
486 3300 700 3369 ἐκείνην
720 3341 735 3365 ,
769 3300 882 3354 ἀλλ’
913 3301 1022 3354 ἀπὸ
1053 3301 1162 3354 τῶν
1199 3301 1456 3355 ἐναντίων
1503 3300 1765 3369 ἑκατέραν
1796 3318 1896 3371 χα-

2610 2011 2840 2068 CAPUT
2883 2012 2971 2067 Vl.

2071 2108 2285 2175 Quaeris
2336 2115 2519 2163 autem
2574 2108 2736 2161 etiam
2791 2106 3025 2161 fortasse
3076 2121 3299 2161 causam
3366 2112 3575 2178 peccati

1998 2200 2146 2271 quod
2177 2198 2431 2255 consulto
2459 2198 2791 2260 admittitur,
2834 2213 2900 2253 eo
2945 2199 3091 2253 enim
3124 2198 3344 2254 deducit
3373 2202 3579 2255 oratio-

1998 2294 2088 2348 nis
2144 2291 2556 2361 consequentia.
2613 2288 2831 2345 Rursus
2883 2305 3014 2361 ergo
3058 2290 3217 2345 nobis
3266 2292 3578 2347 invenietur

2000 2383 2223 2452 aliquod
2272 2383 2625 2453 principium,
2684 2391 2741 2435 ut
2786 2390 2871 2437 est
2916 2391 3373 2446 consentaneum,
3428 2385 3573 2451 quod

2001 2476 2145 2530 hanc
2202 2476 2369 2530 etiam
2429 2475 2729 2544 explicabit
2778 2475 3155 2544 quaestionem.
3225 2474 3268 2528 Α
3322 2474 3580 2533 Patrilms

2000 2569 2292 2639 quamdam
2342 2567 2506 2621 talem
2551 2567 2862 2623 invenimus
2889 2567 3216 2631 orationem,
3270 2577 3356 2622 est
3393 2579 3577 2622 autcm

2001 2638 2201 2723 oratio,
2244 2673 2353 2711 non
2390 2657 2639 2713 fabulosa
2672 2659 2937 2721 narratio,
2972 2658 3066 2713 sed
3089 2674 3209 2728 ηοω
3239 2673 3308 2712 ex
3333 2659 3451 2728 ipsa
3478 2675 3579 2712 na-

1999 2758 2126 2805 tura
2168 2750 2327 2805 affert
2376 2747 3083 2820 probabilitatem:Duplex
3133 2758 3218 2805 est
3272 2750 3327 2805 in
3365 2751 3433 2806 iis
3456 2768 3578 2821 ηοω

2002 2854 2133 2901 sunt
2156 2844 2551 2905 consideratio.
2586 2845 2640 2897 in
2674 2843 2728 2897 id
2763 2842 2908 2911 quod
2937 2843 3237 2912 percipitur
3268 2844 3579 2914 intelligen-

2002 2938 2099 3002 tia,
2132 2944 2187 2992 et
2225 2937 2279 2991 id
2312 2936 2457 3005 quod
2501 2944 2586 2990 est
2619 2933 2841 2999 sensile,
2875 2932 3052 2987 divisa
3096 2936 3557 3005 contemplatione

2000 3026 2188 3096 Neque
2217 3034 2413 3096 praeter
2452 3025 2566 3078 haec
2588 3024 2886 3094 quidquam
2916 3024 3150 3094 relinqui
3186 3033 3368 3093 potest
3405 3026 3459 3080 in
3490 3042 3577 3080 re-

2002 3135 2125 3174 rum
2177 3128 2392 3180 natura,
2423 3116 2567 3187 quod
2605 3115 2815 3170 feratur
2843 3125 2997 3170 extra
3053 3117 3194 3171 hanc
3226 3117 3572 3172 divisionem.

2002 3209 2202 3280 Magno
2235 3220 2416 3264 autem
2460 3209 2749 3264 intervallo
2787 3217 2916 3265 sunt
2946 3210 3062 3264 haec
3100 3210 3242 3265 inter
3273 3227 3333 3266 se
3363 3210 3575 3280 disjnn-

2005 3311 2113 3366 cta,
2140 3308 2199 3354 ut
2232 3315 2409 3369 neque
2455 3301 2672 3370 cognita
2706 3300 2778 3355 sit
2819 3301 3038 3356 sensilis
3062 3301 3205 3355 inter
3232 3318 3294 3357 ea
3320 3317 3443 3372 ηοω
3485 3317 3579 3356 ca-

321 3386 764 3456 ρακτηρίζεσθαι.
808 3388 873 3441 Ἦ
903 3388 1000 3459 μὲν
1026 3389 1136 3462 γὰρ
1169 3389 1335 3460 νοητὴ
1383 3390 1543 3459 φύσις
1562 3429 1578 3454 ,
1606 3388 1895 3459 ἀσώματόν

2002 3390 2139 3444 dunt
2171 3390 2274 3445 sub
2309 3390 2752 3460 intelligentiam,
2780 3406 2881 3445 nec
2910 3406 3033 3461 ηοω
3064 3392 3421 3462 intelligentia
3455 3408 3581 3462 per-

317 3492 373 3529 τι
414 3477 607 3547 χρῆμά
643 3478 759 3531 ἐστι
801 3479 897 3532 καὶ
942 3480 1144 3549 ἀναφὲς
1186 3482 1280 3534 καὶ
1310 3480 1568 3534 ἀνείδεον.
1609 3480 1675 3533 Ἦ
1709 3480 1769 3533 δὲ
1814 3482 1898 3534 αί-

320 3569 491 3641 σθητὴ
524 3570 643 3623 κατ’
688 3570 821 3624 αὐτὸ
849 3572 910 3624 τὸ
944 3572 1136 3642 ὄνομα,
1168 3574 1320 3636 ὲντός
1364 3574 1480 3626 ὲστι
1513 3574 1613 3645 τῆς
1654 3572 1743 3627 διὰ
1789 3573 1898 3627 τῶν

318 3661 687 3733 αἰσθητηρίων
715 3666 1115 3734 κατανοήσεως.
1163 3664 1301 3717 Ἀλλ’
1338 3663 1526 3736 ὥσπερ
1557 3667 1615 3718 ὲν
1646 3664 1797 3735 αὐτῷ
1822 3664 1897 3736 τῷ

319 3752 563 3824 αἰσθητῷ
592 3753 781 3824 κόσμῳ
828 3755 1200 3827 πολλῆςπρὺς
1232 3756 1437 3828 ἄλληλα
1471 3756 1582 3811 τῶν
1616 3757 1897 3827 στοιχείων

314 3843 483 3915 οὔσης
510 3844 899 3911 ἐναντιώσεως,
926 3847 1266 3919 ἐπινενόηται
1289 3865 1371 3911 τις
1403 3849 1637 3920 ἁρμονία
1672 3848 1762 3901 διὰ
1786 3849 1896 3902 τῶν

318 3935 577 3987 ἐναντίων
601 3936 946 4007 ἁρμοζομένη
979 3938 1128 4009 παρὰ
1156 3939 1257 4009 τῆς
1292 3938 1388 3992 τοῦ
1442 3940 1642 4003 παντὸς
1667 3941 1896 3993 ἐπιστα-

315 4027 517 4098 τούσης
546 4028 736 4097 σοφίας
757 4046 771 4060 ·
806 4031 901 4082 καὶ
944 4029 1118 4094 οὕτως
1150 4031 1332 4102 πάσης
1355 4032 1564 4101 γίνεται
1598 4031 1734 4102 πρὸς
1766 4032 1895 4084 ἐαυ-

314 4118 417 4187 τὴν
466 4117 755 4187 συμφωνία
791 4118 893 4189 τῆς
943 4120 1194 4184 κτίσεως,
1238 4120 1473 4191 οὐδαμοῦ
1516 4120 1617 4191 τῆς
1660 4121 1897 4191 φυσικῆς

315 4209 690 4279 ἑναντιότητος
727 4211 817 4263 τὸν
857 4213 960 4280 τῆς
995 4211 1294 4283 συμπνοίας
1325 4212 1515 4284 εἱρμὸν
1550 4212 1892 4285 διαλυούσης,

315 4301 463 4356 κατά
507 4302 599 4355 τὸν
642 4302 807 4357 αὑτὸν
861 4304 1062 4375 τρόπον
1104 4304 1200 4358 καὶ
1228 4304 1322 4358 τοῦ
1375 4304 1635 4375 αίσθητοῢ
1672 4306 1809 4377 πρὸς
1835 4306 1896 4359 τὺ

314 4393 505 4463 νοητὸν
550 4394 758 4462 γίνεταί
801 4412 890 4459 τις
937 4396 1080 4449 κατά
1127 4396 1277 4451 θείαν
1325 4399 1517 4467 σοφίαν
1545 4397 1691 4468 μίξις
1711 4415 1770 4451 τε
1801 4398 1896 4451 καὶ

314 4484 639 4557 ἀνάκρασις,
653 4490 728 4553 ὡς
753 4487 817 4541 ἂν
844 4489 1022 4541 πάντα
1056 4489 1150 4542 τοῦ
1188 4490 1352 4543 καλοῦ
1376 4490 1516 4545 κατὰ
1536 4491 1595 4545 τὸ
1616 4489 1731 4544 ἴσον
1766 4508 1868 4561 μετ
1884 4520 1896 4530 -

316 4578 450 4649 έχοι,
488 4581 584 4633 καὶ
620 4581 785 4651 μηδὲν
821 4582 927 4635 τῶν
968 4582 1138 4637 ὄντων
1160 4584 1414 4655 ἁμοιροίη
1446 4586 1544 4655 τῆς
1585 4584 1894 4655 κρείττονος

316 4670 550 4740 φύσεως.
581 4674 678 4725 Διά
705 4674 863 4727 τοῦτο
883 4675 943 4728 τὸ
968 4677 1066 4745 μὲν
1087 4674 1419 4747 κατάλληλον
1442 4679 1509 4748 τῇ
1533 4679 1697 4748 νοητῇ
1734 4674 1892 4744 φύσει

2002 3483 2281 3551 cipiuntur
2329 3482 2474 3537 inter
2526 3482 2777 3547 sensilia,
2830 3482 2927 3538 sed
2973 3492 3206 3554 utraque
3260 3484 3489 3539 formam
3523 3494 3578 3539 et

2001 3572 2373 3627 characterem
2414 3572 2694 3641 accipiunt
2740 3587 2772 3625 a
2803 3575 3122 3628 contrariis.
3154 3571 3289 3627 Nam
3321 3590 3443 3644 ηοω
3488 3575 3581 3629 in-

2000 3662 2300 3732 telligentia
2340 3662 2557 3731 quidem
2590 3663 2893 3733 percipitur
2931 3671 3151 3729 natura,
3188 3672 3273 3720 est
3302 3680 3392 3720 res
3425 3680 3575 3735 ηοω-

1999 3753 2125 3807 dam
2168 3767 2513 3822 incorporea,
2543 3761 2598 3807 et
2632 3753 2914 3818 intactilis,
2944 3762 2998 3809 et
3026 3754 3296 3810 informis.
3343 3755 3577 3811 Sensilis

2001 3854 2181 3898 autem
2227 3859 2293 3898 ex
2326 3845 2446 3914 ipso
2489 3844 2735 3906 nomine,
2788 3853 2872 3899 est
2913 3846 3055 3900 intra
3094 3847 3293 3902 mentis
3321 3862 3577 3917 compre-

2000 3937 2319 3993 hensionem
2366 3953 2488 4007 ηοω
2534 3937 2635 3991 fuit
2692 3952 2789 4007 per
2835 3938 3082 3992 sensilia.
3130 3937 3238 3993 Sed
3302 3942 3579 4009 quomodo

2000 4045 2125 4084 cum
2155 4031 2209 4083 in
2245 4029 2450 4084 mundo
2478 4045 2673 4099 magna
2705 4030 2777 4085 sit
2803 4030 2947 4085 inter
2982 4045 3043 4085 se
3080 4031 3312 4087 invicem
3339 4032 3580 4086 elemen-

1998 4129 2180 4176 torum
2229 4123 2609 4192 repugnantia,
2652 4136 2681 4175 a
2722 4122 2992 4192 sapientia
3038 4138 3159 4191 ηοω
3209 4132 3407 4193 praeest
3456 4126 3579 4178 uni-

1998 4213 2266 4275 versitati,
2324 4213 2631 4282 cchgitata
2681 4221 2767 4268 est
2804 4212 3049 4283 quaedam
3097 4215 3408 4279 harmonia,
3455 4232 3579 4285 ηοω

1998 4304 2366 4357 concinnatur
2408 4311 2462 4358 et
2497 4311 2716 4374 aptatur
2753 4320 2848 4373 per
2878 4307 3198 4374 contraria;
3225 4317 3281 4362 et
3324 4309 3399 4362 ita
3452 4309 3578 4363 uni-

1996 4408 2170 4449 versa:
2205 4404 2471 4449 creaturae
2515 4394 2582 4448 ad
2626 4395 2859 4465 seipsam
2912 4397 3223 4451 extenditur
3251 4407 3573 4461 concentus.

1997 4486 2237 4540 naturali
2266 4488 2626 4556 repugnantia
2664 4487 2889 4542 minime
2919 4488 3167 4543 solvente
3198 4491 3396 4545 seriem
3434 4506 3572 4544 con-

1996 4577 2313 4646 Spirationis
2349 4596 2362 4630 :
2403 4577 2591 4632 eodem
2644 4578 2806 4631 modo
2850 4579 2971 4645 ejus
3015 4579 3161 4649 quod
3214 4589 3297 4635 est
3347 4583 3572 4647 sensile,

1995 4681 2121 4720 cum
2171 4681 2237 4721 eo
2289 4666 2435 4735 quod
2479 4667 2624 4721 cadit
2678 4668 2782 4721 sub
2821 4668 3259 4737 intelligentiam,
3306 4684 3336 4721 a
3389 4671 3575 4725 divina

313 4762 589 4832 χωρίον,ή
629 4762 820 4835 λεπτὴ,
844 4765 1032 4835 λογικὴ
1075 4766 1167 4818 καὶ
1204 4766 1486 4835 εὐκίνητός
1528 4766 1675 4819 ἐστιν
1700 4765 1853 4819 οὐσία
1875 4805 1889 4827 ,

2000 4755 2269 4824 sapientia
2316 4755 2373 4809 lit
2416 4756 2663 4825 quaedam
2712 4757 3023 4811 commistio
3067 4766 3120 4811 et
3171 4760 3471 4824 concretio,
3514 4768 3575 4814 ut

317 4853 455 4906 κατά
479 4852 577 4925 τὴν
603 4855 968 4927 ύπερκόσμιον
997 4858 1146 4930 λῆξιν
1178 4857 1377 4929 πολλὴν
1413 4857 1611 4928 ἔχουσα
1642 4857 1722 4927 τῷ
1756 4857 1891 4911 ιδιά-

314 4944 461 5009 ζοντι
499 4948 597 5017 τῆς
642 4948 856 5017 φύσεως
914 4950 1049 5018 πρὸς
1080 4949 1141 5003 τὸ
1195 4950 1381 5021 νοητὸν
1416 4950 1516 5019 τὴν
1550 4949 1891 5017 συγγένειαν.

313 5036 632 5109 Προμηθείᾳ
671 5038 728 5092 δὲ
770 5039 1039 5109 κρείττονι
1094 5041 1229 5110 πρὸς
1282 5039 1381 5109 τὴν
1422 5039 1685 5110 αἰσθητὴν
1732 5039 1893 5108 φύσιν

312 5127 524 5195 γίνεταί
577 5146 661 5191 τις
710 5129 805 5183 τοῦ
862 5130 1055 5201 νοητοῦ
1112 5130 1528 5201 συνανάκρασις,
1562 5131 1638 5194 ὡς
1686 5130 1753 5184 ἂν
1791 5147 1890 5201 μη-

312 5216 401 5269 δὲν
464 5217 770 5288 ἀπόϐλητον
829 5221 914 5290 εἴη
972 5222 1071 5291 τῆς
1126 5221 1375 5284 κτίσεως,
1429 5220 1609 5283 καθώς
1664 5237 1828 5292 φησιν
1860 5222 1890 5273 ὁ

326 5307 682 5371 Ἀπόστολος,
726 5308 861 5379 μηδὲ
892 5310 992 5379 τῆς
1026 5310 1176 5373 θείας
1220 5309 1503 5373 κοινωνίας
1559 5310 1892 5382 ἀπόκληρον.

314 5396 517 5449 Τούτου
567 5398 726 5469 χάριν
772 5401 835 5452 ἐκ
889 5400 1079 5471 νοητοῦ
1106 5417 1163 5453 τε
1198 5401 1292 5453 καὶ
1333 5400 1710 5471 αἰσθητοῢ,τὸ
1756 5401 1897 5456 κατὰ

311 5486 404 5537 τὸν
435 5487 721 5559 ἄνθρωπον
766 5490 941 5559 μίγμα
993 5492 1144 5562 παρά
1185 5494 1286 5563 τῆς
1321 5492 1471 5555 θείας
1519 5492 1895 5547 ἀναδείκνυται

315 5576 550 5643 φύσεως,
583 5579 765 5643 καθὼς
792 5581 1029 5636 διδάσκει
1072 5582 1171 5653 τῆς
1220 5583 1605 5654 κοσμογενείας
1635 5586 1664 5637 ὁ
1713 5585 1885 5653 λόγος.

315 5668 524 5722 Λαϐὼν
559 5671 687 5742 γὰρ,
729 5674 914 5743 φησιν,
933 5678 965 5729 ὀ
996 5676 1135 5743 Θεὸς
1170 5676 1322 5745 χοῦν
1352 5677 1469 5732 ἀπὸ
1499 5676 1607 5748 τῆς
1626 5677 1758 5749 τῆς,
1786 5672 1893 5735 τὸν

397 5844 466 5898 'l
506 5844 739 5905 'I'itnoth.
780 5865 851 5913 tv,
892 5850 944 5903 ι.

1997 4845 2182 4900 omnia
2238 4862 2306 4901 ex
2353 4861 2511 4916 ωηοο
2565 4854 2776 4916 partem
2819 4847 3055 4901 habeant
3108 4849 3248 4917 ejus,
3304 4848 3449 4918 quod
3489 4859 3575 4905 est

2001 4938 2292 5008 pulchrum
2324 4946 2379 4991 et
2410 4939 2726 5001 honestum,
2753 4945 2808 4993 et
2838 4953 2903 4993 ex
2931 4939 2999 4994 iis
3033 4956 3155 5009 ηοω
3182 4949 3312 4995 sunt
3339 4942 3473 4996 nihil
3501 4942 3575 4997 sit

1995 5046 2191 5101 expers
2246 5039 2457 5085 naturae
2491 5030 2756 5084 melioris.
2806 5029 3099 5100 Propterea
3155 5034 3308 5087 locus
3348 5032 3569 5103 quidem

1996 5137 2310 5191 congruens
2359 5122 2660 5175 intellectili
2698 5131 2930 5184 naturze,
2980 5125 3160 5177 tenuis
3194 5134 3280 5179 est
3330 5134 3384 5178 et
3414 5125 3572 5194 agilis

1997 5213 2307 5269 substantia
2347 5228 2467 5282 ηοω
2496 5213 2550 5266 in
2594 5215 3037 5282 supramundana
3071 5216 3291 5286 regione
3323 5218 3573 5285 proprie-

1995 5314 2109 5360 tate
2144 5312 2356 5359 naturze
2406 5320 2519 5359 suae
2570 5319 2820 5375 magnam
2882 5306 3044 5360 habet
3093 5323 3215 5360 eum
3266 5308 3570 5363 intellectili

1995 5397 2398 5468 cognationem.
2450 5396 2658 5451 Meliori
2691 5406 2871 5451 autem
2918 5398 3284 5467 providentia,
3319 5398 3567 5468 qumdam

1996 5489 2056 5543 ﬁt
2095 5489 2528 5558 contemperatio
2560 5489 2681 5556 ejus
2709 5486 2854 5557 quod
2911 5488 3211 5558 percipitur
3265 5487 3569 5557 intelligen-

1996 5582 2072 5634 tia
2114 5595 2240 5634 cum
2286 5579 2476 5635 sensili
2518 5587 2736 5643 natura,
2772 5588 2831 5632 ut
2859 5587 3124 5634 creaturae
3165 5578 3302 5632 nihil
3334 5577 3407 5633 sit
3436 5576 3568 5647 reji-

2003 5674 2279 5742 ciendum,
2316 5681 2376 5729 ut
2406 5672 2541 5727 dicit
2570 5673 2863 5746 Apostolus
2885 5675 2926 5736 ²,
2955 5687 3128 5741 neque
3149 5686 3342 5741 expers
3371 5669 3571 5725 divina:
