4066 6374
526 387 596 441 27
1758 397 1816 451 S.
1858 397 2185 458 GREGORII
2222 401 2518 461 NYSSENI
3697 421 3763 477 28

518 508 941 565 communionis.
976 508 1051 562 Ea
1086 510 1154 565 de
1186 526 1375 576 causa,
1403 529 1467 567 ex
1506 529 1573 570 eo
1599 517 1745 586 quod
1784 520 2083 590 percipitur

2187 524 2501 594 ἄνθρωπον
2539 526 2804 579 ἔπλασε·
2844 528 2938 578 καὶ
2969 528 3057 581 διὰ
3102 528 3202 598 τῆς
3240 530 3376 593 ίδίας
3419 531 3768 600 ὲμπνεύσεως

519 599 893 669 intelligentia,
944 608 999 654 et
1030 616 1095 655 eo
1136 603 1282 672 quod
1316 604 1459 658 cadit
1492 606 1596 661 sub
1637 622 1882 674 sensum,
1925 613 1984 666 tit
2032 614 2085 666 in

521 691 739 745 ltomine
787 692 1033 759 quaedam
1085 694 1270 749 mistio
1299 711 1327 748 a
1361 696 1543 750 divina
1584 707 1803 763 natura,
1844 713 1901 755 ut
1928 704 2088 758 docet

518 782 657 834 Lber
705 783 893 835 mundi
955 784 1343 851 generationis.
1405 786 1539 841 Cum
1576 791 1720 843 enim
1769 796 2082 860 accepisset,

518 873 725 940 inqttit,
761 872 901 927 Deus
953 876 1133 929 limum
1175 894 1239 931 ea:
1290 888 1459 946 terra,
1503 881 1657 950 ﬁnxit
1701 883 1991 951 hominem,
2035 894 2088 942 et

520 980 615 1030 per
666 967 945 1034 pr0priam
1002 968 1412 1038 inspirationem
1482 973 1740 1043 ﬁgmento
1793 976 2088 1032 insuﬂlavit

519 1058 716 1122 vitam;
757 1066 816 1111 ut
843 1074 968 1112 cum
1000 1075 1064 1114 eo
1093 1061 1238 1130 quod
1267 1073 1351 1117 est
1378 1064 1623 1119 divinum
1661 1068 1824 1123 simul
1858 1072 2088 1126 extolle-

519 1157 667 1199 retur
706 1155 1006 1215 terrenum,
1046 1160 1100 1205 et
1145 1168 1251 1206 una
1296 1156 1468 1224 gratia
1502 1157 1619 1225 pari
1650 1158 1861 1215 honore
1902 1178 2086 1231 perva-

517 1235 1013 1295 deret'universam
1044 1251 1369 1308 creaturam,
1420 1247 1666 1303 inferiori
1709 1260 1903 1306 natura
1948 1269 2085 1308 con-

520 1338 820 1398 temperata
870 1347 992 1386 cum
1060 1332 1524 1405 supramundana.
1572 1343 1706 1395 Cum
1750 1360 1879 1414 ergo
1936 1349 2086 1414 prius

517 1420 851 1476 consistente
899 1438 1019 1491 quae
1069 1427 1425 1498 ttttelligentia
1465 1433 1766 1502 percipitur
1815 1445 2085 1505 creatura,

515 1518 569 1562 et
602 1514 967 1580 angeliearum
997 1517 1257 1572 virtutum
1291 1537 1617 1592 unaquaque
1644 1529 1979 1594 operatione,
2019 1530 2085 1584 ab

515 1615 576 1652 ea
628 1617 746 1670 qua}
788 1617 985 1672 praeest
1036 1610 1310 1665 universis
1368 1622 1658 1682 potestate,
1712 1618 1976 1672 attributa
2018 1622 2084 1675 ad

510 1696 961 1752 constitutionem
1009 1702 1410 1771 universitatis,
1456 1715 1602 1760 esset
1634 1709 1881 1776 quaedam
1930 1718 2083 1778 pote-

516 1793 629 1839 stas
676 1788 943 1853 ordinata,
1002 1799 1060 1844 ut
1109 1793 1287 1846 locum
1336 1804 1651 1851 terrestrem
1695 1799 2001 1854 contineret
2030 1810 2085 1855 et

2191 613 2269 682 τῷ
2320 613 2597 683 πλάσματι
2645 614 2741 685 τὴν
2788 614 2934 685 ζωὴν
2976 617 3337 687 ἐνεφύσησεν-
3389 620 3462 682 ὡς
3518 620 3584 673 ἂν
3638 639 3764 676 συν-

2191 707 2452 778 επαρθείη
2499 706 2575 777 τῷ
2616 706 2743 776 θείῳ
2790 707 2848 759 τὸ
2893 709 3113 777 γήϊνον,
3146 710 3238 761 καὶ
3282 710 3378 779 μία
3407 727 3491 773 τις
3528 714 3667 767 κατά
3706 716 3765 768 τὸ

2190 799 2449 869 ὁμότιμον
2475 799 2562 851 διὰ
2598 801 2774 868 πάσης
2803 800 2903 869 τῆς
2937 798 3167 863 κτίσεως
3194 803 3225 869 ὴ
3253 801 3409 872 χάρις
3436 802 3633 873 διήκοι,
3663 808 3765 874 τῆς

2192 888 2342 940 κάτω
2376 889 2590 956 φύσεως
2624 888 2756 957 πρὸς
2782 888 2877 958 τὴν
2910 890 3273 960 ὑπερκόσμιον
3307 895 3759 964 συγκιρναμένης.

2202 978 2355 1030 Ἐπεὶ
2387 974 2478 1031 οὖν
2524 979 2625 1048 τῆς
2663 979 2857 1047 νοητῆς
2915 979 3146 1041 κτίσεως
3193 982 3633 1052 προὺποστάσης,
3668 986 3762 1037 καὶ

2190 1071 2425 1139 ἑκάστης
2453 1071 2561 1124 τῶν
2590 1070 2897 1138 ἀγγελικῶν
2918 1073 3200 1142 δυνάμεων
3223 1074 3359 1145 πρὸς
3387 1074 3485 1146 τὴν
3507 1076 3600 1128 τοῦ
3625 1094 3761 1129 παν-

2186 1166 2278 1228 τὸς
2305 1166 2561 1217 σύστασιν
2601 1164 2879 1234 ἐνεργείας
2904 1165 3049 1227 τινὸς
3090 1166 3241 1236 παρά
3282 1167 3382 1237 τῆς
3408 1166 3516 1220 τῶν
3546 1169 3760 1222 πάντων

2186 1254 2579 1325 ὲπιστατούσης
2606 1255 2847 1319 ἐξουσίας
2886 1256 3373 1328 προσνεμηθείσης,
3407 1254 3476 1329 ἦν
3499 1276 3582 1321 τις
3605 1259 3761 1312 δύναο

2191 1363 2283 1415 μις
2319 1347 2352 1415 ἡ
2391 1345 2481 1397 τὸν
2516 1344 2790 1415 περίγειον
2820 1345 2979 1397 τόπον
3006 1346 3246 1415 συνέχειν
3275 1364 3333 1399 τε
3374 1349 3469 1401 καὶ
3492 1366 3761 1419 περικρα-

2186 1439 2298 1490 τεῖν
2336 1437 2666 1506 τεταγμένη,
2697 1437 2777 1497 είς
2829 1436 2960 1489 αὐτὸ
2998 1435 3154 1489 τοῦτο
3198 1438 3575 1508 δυναμωθεῖσα
3607 1440 3760 1509 παρὰ

2186 1527 2287 1596 τῆς
2299 1529 2359 1581 τὸ
2375 1528 2481 1579 πᾶν
2501 1526 2885 1597 οίκονομούσης
2900 1526 3199 1598 δυνάμεως
3216 1525 3333 1582 εἶτα
3356 1529 3760 1599 κατεσκευάσθη

2184 1618 2245 1671 τὸ
2277 1620 2460 1688 γήϊνον
2501 1618 2726 1686 πλάσμα
2769 1620 2867 1687 τῆς
2892 1617 3003 1670 ἄνω
3048 1618 3327 1688 δυνάμεως
3356 1620 3721 1690 ἀπεικόνισμα
3743 1637 3756 1650 ·

2184 1711 2341 1763 τοῦτο
2375 1709 2433 1762 δὲ
2477 1712 2537 1762 τὸ
2579 1709 2714 1773 ζῶον
2769 1710 2797 1761 ὁ
2838 1709 3121 1777 ἄνθρωπος
3150 1726 3163 1739 ·
3194 1709 3287 1762 καὶ
3313 1705 3380 1779 ἦν
3420 1711 3477 1763 ἐν
3520 1710 3666 1780 αὑτῷ
3701 1711 3763 1762 τὸ

2187 1800 2415 1863 Θεοειδὲς
2466 1800 2564 1869 τῆς
2613 1800 2807 1869 νοητῆς
2857 1799 3070 1867 φύσεως
3125 1799 3340 1862 κάλλος,
3386 1800 3607 1870 ἀρρήτῳ
3657 1802 3763 1853 τινὶ

515 1875 851 1932 dominatum
883 1880 938 1934 in
985 1897 1110 1936 eum
1151 1885 1444 1949 obtineret,
1474 1889 1685 1943 viribus
1720 1890 1787 1941 ad
1840 1891 1892 1944 id
1928 1906 2082 1945 acce-

2186 1893 2407 1963 δυνάμει
2466 1892 2939 1961 συγκεκραμένον·
2993 1891 3164 1943 δεινὸν
3216 1894 3449 1943 ποιεῖται
3508 1892 3602 1943 καὶ
3662 1893 3761 1945 οὑκ

517 1967 622 2033 ptis
655 1982 684 2020 a
709 1980 975 2039 potestate
1002 1974 1093 2027 illa
1134 1991 1255 2044 quae
1287 1978 1696 2034 universitatem
1732 1982 1870 2051 regit
1902 1989 1954 2036 et
1985 1983 2083 2037 ad-

517 2060 827 2129 ministrat;
862 2072 916 2117 et
946 2064 1145 2119 deinde
1175 2076 1321 2122 esset
1345 2068 1622 2123 conditum
1652 2078 1914 2127 terrestre
1950 2073 2083 2126 illud

518 2152 827 2218 ﬁgmentum
887 2157 1242 2211 simulacrum
1295 2176 1545 2229 supernae
1592 2163 1883 2231 potestatis
1946 2165 2085 2232 (erat

517 2249 696 2296 autem
749 2244 851 2299 hoc
890 2248 1094 2301 animal
1139 2250 1343 2320 homo),
1384 2259 1636 2322 essetque
1680 2254 1733 2306 in
1770 2270 1834 2308 eo
1876 2264 2086 2309 natura

517 2350 638 2398 quae
687 2338 986 2405 percipitur
1036 2340 1429 2410 intelligentia,
1483 2343 1664 2397 divina
1715 2346 2085 2414 pulchritudo,

518 2425 775 2480 ineffabili
808 2428 1045 2497 quadam
1077 2432 1277 2486 virtute
1315 2441 1745 2503 contetnperata,
1792 2452 1933 2506 aegre
1984 2438 2088 2491 fert

516 2524 569 2569 et
606 2531 714 2569 non
742 2516 1083 2572 tolerandum
1116 2521 1269 2575 ducit
1312 2522 1357 2575 is
1387 2523 1474 2575 cui
1509 2530 1723 2578 terrena
1762 2525 1957 2596 obtigit
1988 2526 2087 2579 ad-

518 2606 868 2672 ministratio,
920 2610 967 2663 si
999 2626 1062 2663 ex
1101 2622 1292 2665 natura
1332 2613 1380 2667 ei
1427 2614 1672 2684 subjecta
1707 2616 1889 2685 aliqua
1929 2632 2081 2673 cree-

2183 1981 2404 2036 ἀνεκτὸν
2435 1982 2461 2032 ὁ
2488 1980 2586 2051 τὴν
2617 1980 2891 2050 περίγειον
2915 1979 3227 2048 οἰκονομίαν
3260 1977 3460 2048 λαχὼν,
3493 1981 3541 2031 εί
3572 1981 3636 2031 ἐκ
3660 1980 3759 2048 τῆς

2184 2072 2494 2142 ὑποχειρίου
2537 2070 2684 2140 αὑτῷ
2737 2069 2954 2138 φύσεως
2999 2068 3446 2139 ἀναδειχθήσεταί
3479 2087 3561 2132 τις
3604 2070 3761 2123 οὐσία

2183 2166 2317 2234 πρὸς
2348 2165 2444 2234 τὴν
2471 2162 2839 2234 ὑπερέχουσαν
2876 2160 3030 2225 ἀξίαν
3060 2161 3409 2231 ὡμοιωμένη.
3447 2162 3519 2214 Τὸ
3546 2162 3590 2214 δ’
3620 2162 3758 2230 ὅπερ

2183 2256 2274 2308 ἐπὶ
2288 2256 2349 2307 τὸ
2373 2254 2543 2317 πάθος
2564 2252 2836 2323 κατερρύη
2864 2251 2957 2304 τοῦ
2977 2252 3194 2319 φθόνου,
3213 2254 3240 2303 ὁ
3261 2252 3353 2303 ἐπὶ
3386 2252 3575 2321 μηδεν)⁸
3602 2252 3758 2321 κακῴ

2185 2346 2423 2409 κτισθεὶς
2468 2344 2623 2415 παρὰ
2675 2343 2768 2396 τοῦ
2800 2343 2859 2396 τὸ
2906 2344 3013 2395 πᾶν
3054 2342 3111 2393 ὲν
3146 2341 3440 2409 ἀγαθότητι
3484 2359 3759 2413 συστησα-

2188 2438 2370 2507 μένου,
2400 2437 2460 2489 τὸ
2492 2437 2587 2506 μὲν
2625 2435 2690 2488 δι’
2720 2432 3003 2504 ἀκριϐείας
3025 2432 3299 2496 διεξιέναι,
3324 2433 3384 2484 οὑ
3424 2436 3524 2503 τῆς
3558 2434 3761 2505 παρού-

2188 2546 2285 2597 σης
2335 2526 2713 2598 πραγματείας
2758 2524 2875 2578 ἐστί
2915 2542 2929 2556 ο
2968 2524 3190 2577 δυνατὸν
3241 2524 3285 2575 δ’
3318 2523 3384 2576 ἂν
3428 2523 3513 2595 εἴη
3567 2526 3659 2577 καί⁸
3690 2526 3760 2578 δι’

2187 2618 2368 2684 ὀλίγου
2399 2619 2510 2679 τοῖς
2541 2615 2946 2683 ἀπειθεστέροις
2976 2612 3318 2684 παραθέσθαι
3350 2613 3440 2666 τὸν
3469 2614 3623 2682 λόγον

516 2713 606 2757 tur
641 2705 879 2757 essentia
908 2707 1209 2760 assitnilata
1251 2710 1302 2762 ei
1340 2722 1460 2776 quae
1489 2712 1857 2780 supereminet
1894 2713 2169 2783 dignitati.
2244 2711 2716 2779 Quemadmodum
2781 2718 2961 2765 autem
3014 2710 3081 2764 ad
3128 2708 3345 2764 invidiae
3403 2710 3594 2763 vitium
3662 2711 3758 2766 de-

514 2794 729 2847 lluxerit
762 2799 828 2859 is,
866 2796 958 2865 qui
1008 2799 1075 2850 ad
1132 2800 1342 2853 nullum
1393 2802 1595 2854 malum
1642 2809 1861 2857 creatus
1898 2805 1966 2857 ab
2033 2805 2126 2860 illo
2198 2804 2400 2867 fuerat,
2444 2819 2474 2857 a
2526 2819 2634 2873 quo
2690 2804 3005 2857 universum
3080 2802 3137 2855 in
3196 2802 3436 2856 bonitate
3480 2802 3758 2856 conditum

514 2885 637 2948 fuit,
670 2896 858 2942 exacte
887 2889 1106 2957 quidem
1153 2900 1207 2945 et
1256 2906 1508 2949 accurate
1547 2897 1823 2966 persequi,
1857 2912 1966 2951 non
1996 2908 2080 2953 est
2118 2900 2284 2970 hujus
2322 2900 2532 2970 operis;
2581 2899 2650 2953 iis
2685 2908 2865 2951 autent
2898 2898 2989 2967 qui
3025 2905 3155 2953 sunt
3214 2897 3376 2967 paulo
3426 2898 3595 2968 magis
3671 2899 3759 2952 in-

513 2978 739 3043 creduli,
774 2986 963 3051 paucis
986 2986 1185 3054 poterit
1218 2986 1397 3041 all‘erri
1441 2991 1601 3044 ratio.

587 3072 819 3131 Virtutis
849 3078 993 3131 enim
1021 3088 1074 3133 et
1105 3080 1222 3133 vitii
1262 3082 1368 3137 sibi
1396 3085 1630 3141 invicem
1665 3088 2073 3145 adversantium

2251 3087 2360 3157 Τῆς
2393 3085 2500 3155 γάρ
2525 3084 2725 3154 ἀρετῆς
2753 3085 2847 3136 καὶ
2878 3084 2974 3153 τῆς
3006 3082 3204 3145 κακίας
3232 3082 3330 3151 οὑχ
3358 3080 3434 3144 ὡς
3465 3080 3559 3135 δύο
3596 3083 3761 3137 τινῶν

515 3167 897 3222 «ousideratur
945 3169 1271 3241 discrimen,
1325 3191 1431 3229 non
1490 3184 1749 3248 tanquam
1809 3181 1918 3235 duo
1971 3182 2082 3239 sint

515 3275 636 3326 qua:
681 3270 977 3315 cernantur
1019 3266 1369 3334 consistere;
1428 3269 1523 3323 sed
1572 3275 1845 3340 quomodo
1899 3275 1966 3328 ab
2017 3289 2082 3329 eo

516 3350 662 3417 quod
695 3359 797 3414 est,
837 3360 897 3405 ut
956 3353 1244 3410 adversum
1302 3358 1657 3429 distinguitur
1709 3363 1762 3417 id
1796 3366 1942 3433 quod
1973 3381 2082 3420 non

515 3450 621 3503 est,
676 3457 852 3510 neque
910 3444 1015 3498 dici
1066 3455 1243 3513 potest
1300 3450 1442 3515 quod
1502 3467 1596 3518 per
1652 3453 1967 3522 ltypostasin
2020 3470 2084 3509 ac

516 3532 930 3586 ('nttsistetttianl
974 3536 1344 3607 distinguatur
1391 3541 1443 3595 id
1482 3544 1627 3611 quod
1658 3561 1768 3598 non
1803 3555 1885 3600 est
1920 3548 1988 3601 ab
2019 3564 2084 3603 eo

518 3624 663 3691 quod
694 3633 796 3685 est,
828 3627 919 3680 sed
952 3643 1059 3680 nun
1087 3645 1209 3684 esse
1240 3632 1476 3689 dicimus
1500 3644 1759 3706 tanquam
1787 3638 2078 3694 adversum

516 3716 779 3788 distingui
812 3720 881 3773 ab
911 3736 977 3774 eo
1005 3722 1150 3790 quod
1183 3731 1267 3778 est
1297 3740 1420 3779 esse
1446 3744 1460 3792 ;
1497 3728 1688 3782 eodem
1724 3730 1887 3784 modo
1918 3732 2082 3785 etiam

518 3809 709 3862 vitium
744 3811 1062 3867 adversatur
1094 3816 1291 3869 rationi
1325 3817 1563 3882 virtutis,
1594 3836 1717 3875 cum
1746 3838 1843 3891 per
1872 3839 1931 3877 se
1974 3840 2084 3879 non

518 3902 610 3966 sit,
653 3902 747 3957 sed
797 3904 1133 3975 intelligatur
1172 3923 1267 3977 per
1312 3909 1614 3965 absentiam
1645 3913 1765 3982 ejus
1795 3915 1939 3984 quod
1996 3926 2086 3971 est

520 3995 752 4050 melius:
817 4005 871 4052 et
927 4000 1201 4067 quomodo
1254 4000 1488 4057 dicimus
1548 4018 1578 4055 a
1643 4005 1761 4061 visu
1826 4014 2086 4077 tanquam

519 4086 803 4142 adversam
842 4088 1102 4160 distingui
1129 4093 1450 4157 caecitatem,
1486 4111 1610 4150 cum
1647 4113 1743 4166 per
1769 4114 1828 4153 se
1875 4115 1983 4153 non
2014 4101 2088 4156 sit

521 4181 574 4232 itt
606 4196 787 4235 rerum
821 4192 1016 4236 natura
1050 4187 1291 4251 ccecitas,
1327 4187 1422 4242 sed
1459 4189 1531 4242 sit
1577 4190 1811 4260 privatio
1839 4191 1961 4262 ejus
1990 4194 2084 4262 qui

521 4270 674 4340 prius
728 4271 905 4326 fuerat
962 4276 1219 4331 habitus:
1270 4278 1345 4331 ita
1395 4280 1561 4333 etiam
1608 4281 1801 4336 vitium
1847 4284 2085 4341 dicimus

518 4362 855 4417 considerari
911 4365 967 4417 in
1026 4367 1153 4420 boni
1205 4367 1552 4438 privatione,
1596 4372 1759 4426 veluti
1789 4374 2082 4443 quamdam

521 4453 768 4507 umbram
798 4471 920 4525 quae
947 4458 1145 4513 accidit
1172 4461 1430 4515 transitui
1463 4464 1620 4517 radii.
1651 4464 1920 4530 Quoniam
1954 4483 2084 4536 ergo

2188 3180 2311 3234 καθ’
2345 3177 2641 3230 ὑπόστασιν
2675 3173 3034 3243 φαινομένων,
3066 3174 3100 3243 ἡ
3140 3172 3510 3243 ἀντιδιαστολὴ
3541 3173 3760 3244 θεωρεῖ-

2184 3287 2274 3322 ται
2292 3286 2306 3300 °
2339 3267 2452 3321 ἀλλ’
2480 3265 2667 3334 ὥσπερ
2688 3264 3091 3334 ἀντιδιαιρεῖται
3120 3262 3197 3334 τῷ
3220 3263 3336 3316 ὄντι
3366 3264 3426 3317 τὸ
3457 3265 3531 3334 μὴ
3564 3263 3643 3328 ὃν,
3664 3266 3760 3317 καὶ

2185 3362 2285 3414 οὑκ
2315 3360 2429 3411 ἔστι
2458 3357 2576 3409 καθ’
2599 3355 2893 3407 ὑπόστασιν
2922 3357 3094 3407 εἰπεῖν
3121 3356 3180 3407 τὸ
3212 3356 3285 3426 μὴ
3314 3355 3373 3407 ὃν
3404 3354 3758 3407 ἀντιδιαστέλ-

2184 3449 2371 3502 λεσθαι
2398 3448 2533 3517 πρὸς
2558 3446 2618 3499 τὸ
2642 3444 2722 3507 ὃν,
2754 3444 2889 3498 ἀλλά
2913 3443 3009 3515 τὴν
3040 3442 3380 3514 ἁνυπαρξίαν
3412 3444 3759 3515 ἁντιδιαιρεῖ-

2187 3539 2309 3592 σθαι
2354 3537 2582 3606 λέγομεν
2626 3534 2760 3605 πρὸς
2803 3533 2901 3603 τὴν
2952 3531 3184 3603 ὓπαρξιν
3214 3549 3229 3566 ο
3278 3531 3417 3585 κατά
3460 3532 3553 3585 τὸν
3598 3532 3758 3585 αὑτὸν

2184 3630 2382 3701 τρόπον
2426 3607 2521 3680 καὶ
2561 3629 2594 3697 ἠ
2644 3625 2809 3680 κακία
2840 3625 2918 3695 τῷ
2945 3625 3043 3695 τῆς
3090 3625 3290 3696 ἀρετῆς
3336 3623 3759 3693 ἀντικαθέστηκε

2185 3720 2346 3790 λόγῳ,
2366 3721 2427 3772 οὑ
2456 3718 2575 3771 καθ’
2603 3717 2800 3788 ἑαυτήν
2824 3734 2907 3779 τις
2922 3711 3076 3780 οὖσα,
3103 3716 3237 3769 ἀλλὰ
3260 3720 3325 3787 τῇ
3354 3716 3590 3785 ἀπουσία
3606 3732 3757 3769 νοου-

2190 3815 2321 3885 μένη
2348 3811 2440 3865 τοῦ
2469 3811 2771 3881 κρείττονος
2790 3826 2805 3842 ⁸
2844 3809 2939 3863 καὶ
2980 3808 3169 3880 ὥσπερ
3201 3808 3381 3879 φαμὲν
3408 3808 3757 3876 ἀντιδιαιρεῖ-

2188 3906 2310 3957 σθαι
2337 3906 2401 3974 τῇ
2438 3903 2622 3973 ὁράσει
2668 3900 2765 3971 τὴν
2796 3902 3068 3972 πήρωσιν,
3110 3901 3171 3953 οὑ
3206 3900 3329 3953 καθ’
3360 3900 3557 3970 ἑαυτὴν
3592 3895 3758 3953 οὖσαν

2185 3998 2243 4049 ὲν
2271 3998 2336 4066 τῇ
2366 3994 2524 4063 φύσει
2554 3992 2653 4063 τὴν
2697 3993 2968 4063 πήρωσιν,
3008 3991 3144 4045 ἀλλά
3187 3991 3563 4063 προλαϐούσης
3596 3991 3759 4057 ἕξεως

2188 4087 2439 4159 στέρησιν
2464 4103 2479 4116 ·
2531 4084 2674 4138 οὕτω
2720 4084 2814 4138 καὶ
2850 4083 2949 4154 τὴν
2978 4083 3177 4136 κακίαν
3226 4085 3283 4136 ὲν
3327 4085 3393 4155 τῇ
3423 4082 3516 4136 τοῦ
3552 4082 3757 4151 ἀγαθοῦ

2188 4182 2438 4249 στερήσει
2495 4177 2816 4248 θεωρεῖσθαι
2866 4176 3118 4246 λέγομεν,
3160 4169 3272 4228 οἷόν
3323 4192 3447 4229 τινα
3502 4176 3659 4229 σκιὰν
3688 4179 3756 4247 τῇ

2185 4269 2513 4340 διαχωρήσει
2562 4269 2664 4339 τῆς
2714 4270 2928 4331 ἀκτῖνος
2978 4266 3492 4337 ἐπισυμϐαίνουσαν.
3544 4267 3759 4338 Ἐπειδὴ

2184 4362 2410 4432 τοίνυνή
2433 4362 2683 4423 ἄκτιστος
2712 4360 2891 4429 φύσις,
2923 4360 3019 4429 τῆς
3046 4360 3313 4429 κινήσεως
3340 4360 3438 4429 τῆς
3465 4359 3606 4413 κατά
3632 4377 3755 4431 τρο·

2186 4453 2291 4523 πὴν
2321 4454 2416 4505 καὶ
2448 4450 2746 4522 μεταϐολὴν
2775 4450 2870 4504 καὶ
2900 4449 3177 4503 ἀλλοίωσίν
3204 4452 3349 4503 ἐστιν
3377 4451 3754 4514 ἀνεπίδεκτοςο

521 4532 762 4598 increata
794 4556 989 4599 natura
1040 4563 1149 4602 non
1175 4558 1259 4603 est
1289 4564 1460 4620 capax
1505 4565 1685 4609 motus
1737 4558 1828 4625 qui
1876 4557 1935 4611 ﬁt
1987 4573 2084 4628 per

2187 4544 2295 4598 πᾶν
2327 4544 2384 4595 δὲ
2415 4544 2474 4597 τὸ
2502 4544 2590 4597 διὰ
2620 4542 2847 4604 κτίσεως
2881 4542 3141 4607 ὑποστὰν,
3181 4541 3455 4610 συγγενῶς
3499 4542 3635 4611 πρὸς
3660 4540 3759 4613 τὴν

520 4636 956 4701 conversionem,
991 4640 1344 4694 mutationem
1374 4652 1427 4695 et
1470 4643 1842 4701 alterationem
1883 4649 2084 4719 ;quid-

521 4728 652 4795 quid
684 4738 866 4782 autem
915 4730 1170 4784 consistit
1204 4746 1300 4801 per
1339 4734 1694 4800 creationem,
1752 4740 2081 4809 cognatione

520 4818 753 4889 quadam
784 4820 1033 4891 jungitur
1055 4837 1178 4875 cum
1216 4824 1582 4893 alteratione;
1620 4836 1905 4898 propterea
1939 4832 2086 4901 quod

521 4912 640 4981 ipsa
666 4926 883 4982 quoque
908 4922 1172 4967 creatura:
1198 4915 1557 4970 consistentia
1587 4921 1752 4988 coepit
1785 4921 1854 4975 ab
1882 4922 2081 4977 altera.

520 5004 692 5067 tione,
724 5019 847 5057 cum
874 5004 926 5058 id
956 5005 1101 5073 quod
1141 5022 1246 5060 non
1274 5015 1412 5072 erat,
1444 5009 1646 5065 virtute
1678 5012 1859 5066 divina
1898 5014 2086 5068 tradu-

522 5103 669 5147 ctum
704 5096 776 5147 sit
813 5094 881 5149 ad
919 5098 1022 5149 hoc
1068 5104 1123 5149 ιιι
1172 5106 1356 5155 esset:
1409 5111 1593 5156 creata
1634 5112 1812 5158 autem
1866 5112 1986 5160 erat
2032 5114 2087 5162 et

524 5192 766 5253 potestas
794 5185 951 5253 cujus
977 5188 1343 5255 meminimus,
1369 5190 1538 5245 libero
1566 5193 1652 5247 sui
1684 5193 1893 5247 arbitrii
1934 5204 2088 5250 motu

523 5275 728 5344 eligens
770 5276 915 5345 quod
969 5276 1275 5341 videbatur,
1314 5290 1600 5350 postquam
1653 5284 1853 5339 clausit
1893 5286 2086 5341 oculos

520 5370 591 5424 ad
618 5369 671 5423 id
716 5371 861 5438 quod
897 5382 979 5425 est
1028 5372 1228 5426 bonum
1280 5382 1334 5427 et
1383 5377 1642 5443 amplum,
1679 5385 1733 5430 et
1778 5378 1846 5431 ab
1880 5378 2085 5431 invidia

525 5467 832 5525 remotum;
883 5460 1157 5530 quomodo
1200 5461 1293 5531 qui
1334 5462 1403 5516 ad
1457 5463 1627 5517 solem
1666 5465 1784 5519 suis
1831 5465 2088 5518 connivet

527 5552 684 5615 ciliis,
717 5552 919 5606 amisso
947 5553 1069 5608 visu
1116 5554 1263 5609 videt
1316 5555 1612 5611 tenebras:
1657 5556 1732 5608 ita
1770 5554 1936 5609 etiam
1972 5556 2084 5620 ille,

527 5662 590 5699 eo
622 5646 740 5714 ipso
772 5646 915 5715 quod
965 5647 1139 5700 noluit
1170 5649 1369 5701 bonum
1395 5646 1603 5711 videre,
1641 5646 1695 5701 id
1725 5657 1909 5702 mente
1936 5662 2088 5700 com-

529 5742 813 5810 prehendit
837 5739 978 5808 quod
1003 5749 1086 5794 est
1120 5740 1264 5794 bono
1310 5740 1671 5803 contrarium,
1703 5754 1896 5809 nempe
1944 5739 2084 5793 iuvi-

516 5840 681 5899 diatu.
706 5838 933 5895 Constat
966 5840 1146 5887 autem
1174 5833 1461 5903 cujuslibet
1485 5833 1560 5889 rei
1602 5833 1926 5903 principium
1968 5848 2087 5888 esse

2186 4640 2466 4694 ἀλλοίωσιν
2507 4638 2653 4709 ἔχει·
2697 4637 2829 4690 διότι
2868 4638 2960 4690 καὶ
3002 4635 3139 4707 αὐτὴ
3180 4637 3278 4706 τῆς
3316 4636 3546 4700 κτίσεως
3570 4639 3603 4707 ἡ
3629 4636 3759 4689 ὑπόο

2186 4749 2394 4797 στασις,
2424 4730 2529 4782 ἀπὸ
2566 4727 2901 4790 ἀλλοιώσεως
2926 4728 3149 4799 ἤρξατο,
3180 4727 3273 4780 τοῦ
3305 4727 3380 4797 μὴ
3409 4726 3561 4789 ὄντος
3586 4729 3667 4789 εἰς
3697 4727 3757 4779 τὸ

2187 4818 2325 4878 εἶναι
2352 4823 2471 4894 θείᾳ.
2500 4821 2723 4892 δυνάμει
2770 4820 3152 4891 μετατεθέντος
3187 4837 3200 4849 ·
3255 4818 3447 4889 κτιστὴ
3478 4819 3536 4872 δὲ
3568 4814 3637 4887 ἦν
3663 4820 3756 4871 καὶ

2186 4916 2219 4984 ἡ
2271 4911 2700 4984 μνημονευθεῖσα
2746 4910 3006 4979 δύναμις,
3049 4909 3377 4978 αὑτεξουσίῳ
3407 4908 3667 4978 κινήματι
3696 4908 3756 4959 τὸ

2186 5002 2373 5056 δοκοῦν
2433 5000 2753 5070 αἱρουμένη,
2806 4998 2991 5068 ἐπειδὴ
3032 4998 3167 5069 πρὸς
3211 4998 3271 5050 τὸ
3315 4997 3515 5065 ἀγαθόν
3565 5014 3625 5049 τε
3664 4998 3757 5049 καὶ

2186 5092 2413 5161 ἄφθονον
2437 5092 2675 5161 ἐπέμυσε
2703 5089 2902 5160 νόημα,
2925 5088 3112 5158 ὥσπερ
3134 5090 3162 5140 ὁ
3182 5089 3238 5139 ὲν
3262 5086 3397 5157 ήλίῳ
3419 5090 3531 5151 τοῖς
3561 5087 3756 5157 βλεφά-

2190 5201 2302 5256 ροις
2333 5181 2603 5235 ἐπιϐαλὼν
2632 5183 2729 5246 τὰς
2757 5180 2908 5250 ὄψεις
2945 5180 3132 5241 σκότος
3163 5180 3265 5249 ὁρᾷ
3288 5218 3303 5244 ,
3341 5177 3484 5232 οὑτω
3509 5181 3757 5242 κάκεῖνος

2187 5274 2338 5345 αὑτῷ
2365 5274 2443 5345 τῷ
2476 5274 2549 5346 μὴ
2580 5273 2802 5343 θελῆσαι
2837 5272 2897 5326 τὸ
2931 5270 3131 5340 ἀγαθὸν
3160 5272 3369 5341 νοῆσαι,
3415 5270 3474 5324 τὸ
3520 5271 3756 5325 ἐναντίον

2184 5365 2263 5437 τῷ
2291 5364 2479 5435 ἀγαθῷ
2504 5362 2817 5433 κατενόησε,
2846 5360 3002 5414 τοῦτο
3028 5360 3086 5412 δέ
3114 5360 3260 5412 ἐστιν
3288 5362 3316 5413 ό
3345 5360 3553 5428 φθόνος.
3598 5361 3756 5431 Ὁμο-

2186 5457 2334 5528 λογεῖ
2376 5458 2433 5509 δὲ
2461 5456 2658 5518 παντὸς
2686 5455 3008 5525 πράγματος
3051 5452 3224 5523 ἀρχὴν
3267 5451 3373 5504 τῶν
3405 5452 3521 5521 μεθ’
3557 5454 3754 5522 ἑαυτὴν

2187 5551 2327 5605 κατά
2365 5550 2426 5604 τὸ
2476 5547 2762 5603 ἀκόλουθον
2809 5546 3309 5616 ὲπισυμϐαινόντων
3356 5545 3533 5598 αἰτίαν
3576 5542 3711 5598 εἶναι
3736 5562 3752 5573 ·

2187 5641 2298 5697 οἷον
2323 5645 2391 5713 τῇ
2422 5641 2598 5711 ὑγεία,
2644 5639 2703 5692 τὸ
2732 5639 2996 5701 εὑεκτεῖν,
3043 5636 3105 5690 τὸ
3149 5636 3499 5706 ἐργάζεσθαι,
3543 5638 3603 5689 τὸ
3631 5627 3753 5690 καθ’

2187 5737 2378 5807 ἡδονὴν
2418 5733 2703 5805 βιοτεύειν·
2751 5734 2818 5801 τῇ
2856 5731 2913 5783 δὲ
2958 5729 3116 5799 νόσῳ,
3157 5728 3217 5781 τὸ
3260 5727 3524 5796 ἀσθενεῖν,
3574 5729 3633 5781 τὸ
3662 5731 3761 5781 ἀν.

2190 5830 2471 5901 ενέργητον
2501 5823 2659 5892 εἶναι,
2704 5823 2763 5877 τὸ
2802 5826 2858 5878 ὲν
2897 5821 3055 5893 ἀηδίᾳ
3096 5820 3193 5891 τὴν
3223 5819 3367 5891 ζωὴν
3397 5818 3539 5892 ἔχειν
3566 5840 3577 5854 ·
3610 5818 3759 5877 οὑτω
