4066 6374
306 427 375 480 '29
1502 427 1759 482 οιιλτιο
1787 427 2286 482 CATECIIETICA.
3479 428 3551 484 50

310 548 404 601 καὶ
435 548 501 600 τά
538 547 668 600 ἀλλα
720 546 898 598 πάντα
944 546 1063 608 ταῖς
1118 546 1345 609 οἰκείαις
1389 547 1595 616 ἀρχαῖς·
1631 545 1772 598 κατά
1822 546 1881 597 τὸ

1983 560 2205 599 causam
2237 559 2427 598 eorum
2462 558 2585 613 quae
2632 552 2756 614 post
2792 560 2849 599 se
2892 560 2954 599 ex
2991 547 3348 616 consequenti
3402 550 3553 600 acci-

311 639 602 692 ἀκὸλουθον
648 639 855 691 ἕπεται.
894 638 1101 707 Ὥσπερ
1132 635 1221 690 οὖν
1262 640 1296 708 ὴ
1344 636 1580 691 ἀπάθεια
1620 638 1719 707 τῆς
1760 639 1879 689 κατ’

310 732 512 803 ἀρετὴν
536 730 677 800 ζωῆς
710 730 851 800 ἀρχὴ
887 729 980 781 καὶ
1012 730 1263 791 ὑπόθεσις
1283 730 1509 795 γίνεται,
1538 727 1710 790 οὕτως
1734 729 1767 797 ἡ
1793 725 1879 780 διὰ

308 823 403 875 τοῦ
443 822 636 890 φθόνου
679 821 937 891 γινομένη
988 820 1123 891 πρὸς
1170 820 1368 875 κακίαν
1416 820 1578 891 ῥοπὴ,
1617 818 1724 872 τῶν
1759 819 1877 889 μεθ’

310 914 511 985 ἑαυτὴν
546 914 763 967 πάντων
805 912 1220 981 ἀναδειχθέντων
1248 911 1434 964 κακῶν
1463 911 1578 974 ὁδὸς
1623 910 1876 979 κατέστη.

324 1006 541 1077 Ἐπειδὴ
569 1006 675 1076 γὰρ
698 1006 843 1069 arma
872 1004 1006 1075 πρὸς
1031 1004 1091 1056 τὸ
1114 1003 1283 1055 κακὸν
1312 1002 1410 1073 τὴν
1451 1002 1621 1073 ῥοπὴν
1670 1002 1823 1072 ἔσχεν
1853 1004 1881 1055 ὁ

311 1101 380 1167 τῇ
428 1098 742 1167 ἀποστροφῇ
788 1097 887 1165 τῆς
936 1094 1269 1164 ἀγαθὸτητος
1312 1097 1368 1146 ὲν
1409 1093 1587 1164 ἐαυτῷ
1613 1094 1880 1163 γεννήσας

314 1190 407 1242 τὸν
442 1189 654 1257 φθόνον,
686 1189 873 1259 ὥσπερ
897 1188 1042 1250 λίθος
1069 1188 1375 1258 ἀκρωρείας
1410 1186 1741 1257 ἀπορραγεὶς
1778 1184 1881 1237 ὐπὸ

314 1281 410 1332 τοῦ
469 1279 599 1331 ἰδίου
659 1280 859 1349 βάρους
910 1278 1044 1348 πρὸς
1096 1278 1157 1331 τὸ
1204 1279 1406 1348 πρανὲς
1463 1276 1878 1341 συνελαύνεται,

316 1367 458 1420 οὕτω
496 1368 744 1429 κάκεῖνος
784 1368 883 1435 τῆς
928 1368 1067 1436 πρὸς
1089 1367 1163 1419 ,τὸ
1202 1366 1403 1434 ἀγαθὸν
1438 1367 1713 1436 συμφυΐας
1747 1366 1878 1418 ἀπο-

319 1455 598 1519 σπασθεὶς,
623 1456 715 1508 καὶ
742 1456 876 1525 πρὸς
898 1456 1096 1508 κακίαν
1127 1457 1369 1526 βαρὴσας
1398 1456 1492 1509 καὶ
1521 1455 1878 1518 κατανεύσας,

316 1548 638 1617 αὐτομάτως
679 1544 791 1601 οἶόν
842 1566 948 1601 τινι
996 1548 1150 1619 βάρει
1194 1550 1330 1619 πρὸς
1375 1550 1465 1601 τὸν
1516 1548 1741 1618 ἔσχατον
1784 1549 1882 1619 τῆς

316 1642 581 1712 πονηρίας
605 1642 728 1711 ὅρον
753 1642 1048 1705 συνωσθεὶς
1092 1641 1391 1711 ἀπηνέχθη,
1430 1640 1522 1693 καὶ
1548 1638 1646 1710 τὴν
1673 1639 1884 1707 διανοηο

316 1733 472 1802 τικὴν
501 1733 725 1803 δύναμιν
753 1736 821 1805 ἣν
846 1736 927 1797 είς
966 1736 1065 1806 τὴν
1105 1734 1419 1806 συνέργειαν
1458 1733 1553 1803 τῆς
1589 1732 1682 1785 τοῦ
1709 1731 1883 1801 κρείτ-

314 1839 464 1886 τονος
502 1824 787 1893 μετουσίας
817 1825 941 1895 ἔσχε
960 1826 1108 1896 παρά
1136 1826 1227 1878 τοῦ
1252 1826 1553 1888 κτίσαντος,
1579 1824 1780 1892 ταύτην
1804 1824 1883 1885 εἰς

1982 635 2154 700 dunt;
2187 642 2246 687 ut
2272 635 2589 697 sanitatem,
2619 635 2763 703 quod
2804 636 2944 688 bona
2980 637 3050 688 sit
3088 636 3367 701 habitudo,
3398 637 3547 705 quod

1982 728 2073 779 fiat
2097 727 2363 795 operatio,
2392 726 2536 794 quod
2562 726 2779 779 vivatur
2821 726 2876 779 in
2927 728 3238 795 voluptate:
3273 730 3543 787 morbum,

1980 817 2125 886 quod
2180 818 2251 872 sit
2300 816 2667 878 imbecillitas,
2724 817 2871 885 quod
2904 819 3145 871 exerceri
3208 835 3315 872 non
3374 821 3547 887 possit

1981 909 2246 977 operatio,
2284 907 2429 977 quod
2470 909 2580 961 vita
2617 917 2809 977 agatur
2841 909 2895 961 in
2946 925 3178 963 maerore
3210 920 3265 963 et
3300 912 3541 965 tristitia.

1981 997 2059 1051 lta
2091 998 2254 1052 etiam
2287 998 2394 1050 alia
2424 998 2608 1051 omnia
2635 1014 2703 1052 ex
2737 1001 3095 1067 consequenti
3157 1016 3255 1053 sua
3307 1017 3550 1070 sequun-

1983 1098 2073 1141 tur
2131 1089 2422 1157 principia.
2486 1088 2774 1152 Quomodo
2831 1105 2962 1159 ergo
3024 1090 3405 1160 impatibilitas
3463 1102 3548 1146 est

1982 1180 2311 1249 principium
2340 1189 2394 1234 et
2439 1179 2855 1235 fundamentum
2888 1181 3009 1234 vita:
3067 1183 3287 1249 agenda:
3319 1199 3381 1235 ex
3436 1186 3546 1235 vir-

1980 1278 2133 1325 tute:
2198 1271 2271 1324 ita
2320 1285 2439 1339 qua:
2496 1285 2591 1340 per
2637 1270 2893 1324 invidiam
2955 1272 3022 1325 ad
3089 1273 3288 1326 malum
3336 1275 3548 1327 exsistit

1983 1362 2295 1430 propensio,
2330 1362 2524 1415 muniit
2563 1363 2707 1415 viam
2743 1363 2809 1417 ad
2859 1367 3041 1420 omnia
3092 1368 3232 1419 mala
3266 1384 3385 1435 qua:
3432 1369 3549 1421 fue-

1982 1463 2109 1507 runt
2139 1466 2260 1523 post
2284 1469 2426 1509 eam.
2476 1454 2773 1525 Postquam
2810 1459 2954 1511 enim
3004 1459 3069 1512 ad
3128 1461 3326 1511 malum
3381 1460 3546 1513 semel

1984 1543 2087 1597 fuit
2119 1559 2444 1615 propensus,
2471 1547 2565 1616 qui
2613 1562 2709 1616 per
2734 1549 3078 1602 aversionem
3140 1565 3171 1601 a
3218 1550 3460 1603 bonitate
3495 1552 3547 1602 in

1987 1637 2170 1704 seipso
2200 1637 2385 1706 genuit
2431 1638 2731 1693 invidiam:
2783 1640 3061 1708 quomodo
3094 1640 3231 1709 lapis
3281 1642 3547 1709 abruptus

1983 1742 2013 1780 a
2046 1728 2439 1796 promontorio,
2468 1728 2689 1797 proprio
2726 1730 2967 1798 pondere
3018 1732 3071 1784 in
3105 1731 3311 1786 declive
3356 1735 3546 1786 detru—

1984 1820 2175 1883 ditur,
2231 1821 2309 1872 ita
2359 1821 2524 1874 etiam
2578 1821 2672 1875 ille
2719 1823 2942 1877 avulsus
2988 1837 3019 1875 a
3076 1836 3432 1894 congenerata
3480 1826 3547 1878 ad

315 1910 529 1983 εὕρεσιν
582 1913 690 1967 τῶν
747 1914 885 1967 κατὰ
943 1915 1139 1967 κακίαν
1190 1912 1585 1983 ὲπινοουμένων
1626 1908 1881 1980 συνεργὸν

1984 1912 2186 1965 bonum
2233 1912 2667 1980 conspiratione,
2717 1924 2771 1968 et
2827 1914 2894 1967 ad
2929 1914 3119 1968 vitium
3174 1924 3430 1983 gravatus
3484 1933 3548 1969 ac

313 2005 701 2074 ποιησάμενος,
756 2006 1076 2076 εὐμηχάνως
1126 2006 1397 2077 διέρχεται
1440 2004 1504 2057 δι’
1544 2004 1758 2072 ἀπάτης
1791 2001 1881 2054 τὸν

313 2094 620 2165 ἄνθρωπον,
639 2097 797 2149 αὐτὸν
820 2097 1013 2150 ἑαυτοῦ
1037 2097 1232 2159 πείσας
1252 2096 1501 2165 γενέσθαι
1524 2094 1686 2164 φονέα
1709 2110 1769 2145 τε
1790 2092 1883 2146 καὶ

316 2186 626 2257 αὐτόχειρα.
704 2189 919 2259 Ἐπειδὴ
976 2188 1083 2258 γὰρ
1143 2187 1231 2240 διὰ
1275 2188 1374 2257 τῆς
1435 2186 1581 2249 θείας
1639 2184 1883 2253 εὐλογίας

316 2276 650 2349 δυναμωθεὶς
672 2280 700 2331 ὁ
720 2280 1021 2348 ἄνθρωπος,
1046 2279 1245 2348 ὑψηλὸς
1267 2280 1363 2349 μὲν
1383 2274 1452 2349 ἦν
1479 2278 1557 2347 τῷ
1578 2276 1846 2347 ἀξιώματι
1868 2292 1880 2303 ·

322 2371 621 2444 βασιλεύειν
648 2372 753 2439 γὰρ
787 2370 988 2440 ἐτάχθη
1012 2370 1107 2438 τῆς
1143 2370 1243 2440 γῆς
1262 2387 1319 2421 τε
1344 2370 1438 2422 καὶ
1467 2369 1575 2421 τῶν
1603 2370 1685 2420 ἐπ’
1715 2368 1884 2434 αὐτῆς

317 2466 534 2519 πάντων
574 2480 589 2496 ⁸
650 2463 811 2525 καλὸς
851 2463 905 2515 δὲ
940 2462 1001 2515 τὸ
1047 2458 1204 2525 εἶδος,
1247 2462 1608 2529 ἀπεικόνισμα
1646 2460 1755 2531 γὰρ
1790 2459 1884 2511 τοῦ

314 2555 625 2626 ἀρχετύπου
674 2554 915 2621 ἐγεγόνει
947 2551 1202 2614 κάλλουςο
1244 2551 1460 2619 ἀπαθὴς
1486 2551 1541 2603 δὲ
1576 2553 1674 2621 τὴν
1701 2550 1880 2621 φύσιν,

314 2645 411 2698 τοῦ
455 2645 564 2715 γὰρ
612 2644 853 2706 ἀπαθοῦς
897 2645 1117 2713 μίμημα
1149 2638 1217 2712 ἦν
1245 2660 1258 2674 ·
1315 2643 1600 2706 ἀνάπλεως
1642 2643 1698 2695 δὲ
1744 2642 1885 2712 παρα

317 2736 532 2807 ῥησίας,
564 2736 732 2805 αὐτῆς
773 2735 914 2787 κατά
955 2736 1245 2805 πρόσωπον
1274 2733 1374 2802 τῆς
1413 2733 1563 2796 θείας
1590 2732 1884 2802 ἐμφανείας

315 2826 676 2897 κατατρυφῶν
694 2844 708 2857 ·
730 2826 903 2878 ταῦτα
928 2825 984 2877 δὲ
1002 2825 1080 2895 τῷ
1119 2824 1498 2895 Ἀντικειμένῳ
1514 2824 1606 2877 τοῦ
1635 2823 1775 2877 κατά
1794 2823 1885 2875 τὸν

316 2916 509 2985 φθόνον
544 2917 746 2981 πάθους
780 2916 1177 2986 ὑπεκκαύματα
1208 2912 1309 2986 ἦν’
1364 2915 1511 2985 ίσχύῖ
1555 2914 1613 2966 δέ
1648 2931 1753 2966 τινι
1789 2915 1883 2968 καὶ

320 3010 413 3080 βίᾳ
446 3009 726 3079 δυνάμεως
765 3008 1202 3078 κατεργάσασθαι
1246 3008 1305 3061 τὸ
1336 3007 1475 3060 κατά
1504 3006 1729 3076 γνώμην
1782 3007 1880 3074 οὐχ

317 3096 429 3164 οἷός
466 3117 529 3152 τε
565 3096 634 3170 ἦν
656 3117 668 3128 ·
703 3099 998 3168 ὑπερίσχυε
1025 3098 1135 3168 γάρ
1165 3101 1197 3167 ἠ
1226 3097 1327 3166 τῆς
1354 3096 1600 3164 εὐλογίας
1627 3096 1720 3149 τοῦ
1748 3095 1881 3148 Θεοῦ

316 3192 545 3262 δύναμις
572 3192 668 3260 τῆς
714 3190 902 3243 τούτου
932 3189 1050 3259 βίας
1071 3206 1083 3219 ·
1133 3188 1223 3242 διὰ
1260 3188 1417 3240 τοῦτο
1445 3188 1746 3255 ἀποστῆσαι
1783 3186 1881 3255 τῆς

314 3281 669 3351 ἐνισχυούσης
715 3280 875 3333 αὐτὸν
910 3278 1187 3348 δυνάμεως
1223 3278 1550 3347 μηχανᾶται,
1585 3276 1660 3338 ὠς
1686 3275 1752 3329 ἂν
1792 3276 1881 3326 εὐ-

318 3374 521 3435 άλωτος
558 3370 706 3440 αὐτῷ
753 3370 887 3441 πρὸς
940 3368 1038 3439 τὴν
1077 3367 1364 3439 ἐπιϐουλὴν
1402 3366 1724 3437 κατασταίη.
1775 3367 1884 3420 Καὶ

317 3464 504 3534 ὥσπερ
537 3465 629 3517 ἐπὶ
669 3462 862 3533 λύχνου
903 3461 997 3513 τοῦ
1027 3461 1196 3531 πυρὸς
1228 3461 1327 3529 τῆς
1377 3458 1688 3530 θρυαλλίδος
1727 3474 1884 3528 περι-

317 3556 705 3627 δεδραγμένου,
754 3553 807 3604 εί
840 3570 921 3615 τις
950 3551 1225 3605 ἀδυνατῶν
1262 3549 1339 3621 τῷ
1383 3551 1659 3620 φυσήματι
1698 3549 1884 3600 σϐέσαι

316 3649 414 3719 τὴν
454 3649 626 3717 φλόγα
655 3645 796 3704 ὕδωρ
836 3645 1054 3714 ὲμμίξει
1094 3645 1151 3695 ὲν
1180 3642 1259 3712 τῷ
1291 3641 1473 3711 ἐλαίῳ.
1519 3642 1613 3693 καὶ
1658 3638 1745 3692 διὰ
1787 3640 1885 3707 τῆς

316 3738 560 3800 ἐπινοίας
600 3736 800 3806 ταύτης
848 3734 1166 3805 ἀμαυρώσει
1210 3734 1307 3804 τὴν
1351 3733 1521 3802 φλόγα
1553 3750 1566 3763 ·
1618 3732 1787 3795 οὔτως
1817 3732 1886 3784 δι’

315 3829 529 3898 ἀπάτης
558 3830 624 3897 τῇ
658 3826 975 3897 προαιρέσει
1002 3823 1098 3876 τοῦ
1131 3822 1416 3894 ἀνθρώπου
1442 3822 1538 3891 τὴν
1560 3820 1756 3874 κακίαν
1788 3823 1887 3889 έμ-

321 3919 481 3989 μίξας
505 3921 533 3970 ὁ
558 3917 973 3986 Ἀντικείμενος,
998 3914 1178 3967 σϐέσιν
1196 3914 1318 3966 τινά
1342 3914 1435 3966 καὶ
1458 3912 1777 3982 ἀμαύρωσιν
1788 3912 1886 3981 τῆς

317 4008 561 4075 εὐλογίας
589 4006 862 4077 ἐποίησεν.
896 3998 1002 4068 f11c;
1031 4004 1437 4074 ἐπιλειπούσης,
1459 4001 1519 4066 ἐξ
1545 4003 1787 4072 ἀνάγκης
1825 4002 1885 4053 τὸ

315 4105 690 4174 ἀντικείμενον
733 4102 1157 4172 ἀντεισέρχεται.
1216 4098 1538 4151 Ἀντίκειται
1570 4098 1626 4150 δὲ
1663 4100 1727 4167 τῇ
1772 4099 1883 4167 ζωῇ

320 4200 419 4269 μὲν
442 4200 473 4251 ὁ
498 4198 745 4259 θάνατος,
769 4197 802 4264 ἠ
831 4195 1084 4248 ἀσθένεια
1113 4192 1171 4245 δὲ
1197 4194 1263 4263 τῇ
1296 4191 1541 4260 δυνάμει,
1570 4193 1637 4260 τῇ
1669 4190 1886 4260 εὐλογία

316 4287 375 4341 δὲ
416 4290 449 4358 ἡ
480 4288 708 4359 κατάρα,
736 4288 804 4356 τῇ
853 4284 1134 4356 παρρησίᾳ
1176 4281 1240 4336 δὲ
1287 4284 1320 4352 ἡ
1347 4281 1592 4352 αἰσχύνη,
1622 4282 1715 4334 καὶ
1752 4283 1885 4333 πᾶσι

315 4381 428 4441 τοῖς
452 4376 673 4445 ἀγαθοῖς
705 4376 772 4430 τά
794 4374 932 4428 κατά
949 4374 1010 4427 τὸ
1037 4375 1280 4428 ἐναντίον
1303 4372 1585 4442 νοούμενα.
1615 4370 1713 4423 Διά
1732 4370 1887 4422 τοῦτο

317 4474 376 4523 ἐν
424 4473 535 4532 τοῖς
583 4468 816 4540 παροῦσι
868 4470 1057 4530 κακοῖς
1105 4468 1222 4519 ὲστι
1268 4464 1363 4518 νῦν
1407 4464 1469 4517 τὸ
1518 4462 1883 4534 ἀνθρώπινον.

1983 2002 2310 2065 declinans,
2377 2017 2477 2057 sua
2543 2012 2735 2072 sponte
2799 2004 2964 2059 veluti
3021 2006 3257 2075 quodam
3310 2008 3546 2076 pondere

1983 2093 2300 2162 compulsus
2353 2094 2569 2149 delatus
2621 2094 2726 2148 fuit
2773 2096 2842 2148 ad
2895 2104 3195 2151 extremum
3253 2100 3545 2151 terminum

1985 2185 2390 2254 improbitatis:
2446 2194 2499 2239 et
2558 2186 2665 2239 vim
2717 2188 2987 2255 cogitandi
3056 2204 3218 2257 quam
3284 2189 3471 2241 habuit
3518 2204 3548 2240 a

1982 2276 2243 2330 Creatore
2270 2276 2336 2329 ad
2365 2276 2743 2345 adjumentum
2779 2279 3219 2348 partieipationis
3254 2281 3372 2349 ejus
3403 2281 3546 2348 quod

1984 2374 2067 2421 est
2094 2368 2310 2430 melius,
2342 2382 2405 2421 ea
2440 2378 2665 2436 accepta
2713 2367 2982 2434 adjutrice
3028 2368 3094 2421 ad
3122 2384 3184 2422 ea
3221 2368 3549 2422 invenienda

1984 2472 2104 2525 quze
2133 2457 2513 2528 excogitantur
2544 2474 2610 2513 ex
2634 2460 2787 2522 vitio,
2819 2468 2938 2514 astu
2971 2469 3025 2513 et
3052 2459 3242 2513 fraude
3271 2461 3547 2514 hominem

1984 2548 2317 2618 aggreditur,
2349 2551 2400 2604 ei
2431 2552 2765 2619 persuadens
2820 2559 2879 2603 ut
2910 2551 3009 2605 sibi
3044 2562 3271 2606 mortem
3302 2551 3547 2614 inferret,

1986 2648 2040 2692 et
2066 2639 2151 2693 sui
2178 2650 2325 2695 esset
2353 2640 2646 2695 homicida.
2670 2640 2805 2707 Quia
2839 2642 2983 2695 enim
3011 2642 3172 2696 homo
3196 2642 3550 2697 confirmatus

1985 2738 2039 2783 et
2072 2732 2467 2785 corroboratus
2498 2747 2594 2801 per
2624 2732 2861 2797 divinam
2895 2733 3329 2788 benedictionem
3370 2735 3549 2802 ampla

1985 2821 2205 2890 quidem
2255 2832 2309 2877 et
2343 2823 2563 2878 sublimi
2611 2831 2727 2879 erat
2767 2826 3091 2879 auctoritate
3136 2840 3200 2885 ae
3239 2824 3545 2895 dignitate:

1985 2914 2317 2969 constitutus
2367 2914 2512 2968 enim
2546 2926 2681 2977 erat,
2717 2924 2774 2968 ut
2817 2917 2871 2969 in
2926 2924 3091 2978 terra,
3126 2924 3180 2970 et
3210 2918 3263 2970 in
3298 2918 3551 2971 omnibus

1983 3018 2104 3071 qua:
2133 3004 2185 3056 in
2217 3005 2333 3073 ipsa
2370 3014 2497 3060 sunt
2538 3020 2763 3076 regnum
2816 3006 3091 3060 obtineret
3125 3024 3138 3059 :
3201 3014 3318 3061 erat
3369 3015 3550 3059 autem

1982 3098 2253 3151 formosus
2275 3137 2288 3160 ,
2317 3096 2495 3153 factus
2516 3099 2661 3152 enim
2679 3106 2797 3151 erat
2821 3099 2887 3151 ad
2909 3099 3197 3167 imaginem
3218 3099 3551 3168 exemplaris

1986 3189 2448 3257 pulchritudinis;
2481 3200 2599 3245 erat
2630 3199 2809 3244 autem
2839 3190 3157 3259 impatibilis
3186 3199 3401 3253 natura,
3430 3192 3551 3244 imi-

1992 3286 2132 3331 tator
2159 3281 2303 3333 enim
2351 3289 2470 3334 erat
2518 3281 2638 3349 ejus
2671 3282 2763 3350 qui
2793 3290 2877 3335 est
2930 3282 3285 3349 impatibilis;
3334 3281 3550 3334 dicendi

1987 3379 2167 3423 autem
2198 3370 2447 3424 libertate
2482 3372 2675 3440 plenus
2708 3382 2827 3425 erat
2855 3386 2918 3425 ac
2943 3371 3163 3435 ﬁducia,
3205 3381 3263 3424 ut
3294 3371 3386 3439 qui
3414 3371 3551 3424 furit:

1987 3463 2052 3516 ad
2086 3462 2279 3517 faciem
2302 3478 2425 3516 cum
2455 3462 2564 3516 Deo
2590 3464 2640 3517 ei
2668 3472 2963 3533 apparente
2987 3462 3243 3533 loquendi
3274 3463 3551 3531 voluptate

1986 3567 2045 3606 se
2071 3553 2349 3623 expleret;
2384 3553 2498 3607 haec
2531 3562 2711 3608 autem
2747 3554 3065 3608 adversario
3092 3561 3253 3608 erant
3296 3554 3466 3609 fomes
3497 3563 3552 3605 et

1986 3644 2385 3698 irritamentum
2421 3644 2637 3699 invidiae
2658 3684 2671 3705 ,
2704 3645 2754 3698 vi
2793 3653 2974 3699 autem
3003 3654 3191 3713 aperta
3220 3653 3273 3699 et
3298 3645 3551 3713 potentia:

1985 3736 2182 3789 robore
2210 3751 2317 3789 non
2350 3745 2561 3806 poterat
2595 3737 2805 3792 edicere
2832 3739 2975 3806 quod
3003 3737 3235 3790 habebat
3260 3737 3313 3788 in
3342 3736 3548 3795 animo,

1984 3828 2258 3896 potentior
2313 3830 2458 3882 enim
2520 3837 2640 3884 erat
2700 3829 2783 3883 vis
2845 3829 2938 3882 Dei
2986 3828 3384 3882 benedictionis
3431 3826 3551 3896 ejus

1984 3919 2221 3985 viribus;
2277 3929 2564 3989 pmpterea
2619 3920 2967 3974 machinatur
3001 3931 3059 3973 ut
3104 3934 3228 3973 eum
3258 3918 3491 3971 abducat
3522 3932 3550 3969 a

1986 4011 2228 4080 potentia
2261 4027 2380 4080 quae
2409 4028 2532 4065 eum
2567 4012 2954 4066 corroborabat
2987 4026 3050 4064 ac
3082 4010 3462 4069 conlirmabat,
3494 4018 3552 4061 ut

1986 4102 2102 4172 ipse
2134 4104 2293 4158 facile
2347 4112 2555 4173 pateret
2610 4105 2845 4159 insidiis.
2886 4103 2952 4157 Et
2999 4101 3274 4172 quomodo
3319 4116 3443 4154 cum
3498 4101 3549 4152 in

1985 4194 2209 4249 lucerna
2242 4194 2383 4265 ignis
2415 4196 2745 4265 ellychnium
2779 4194 3238 4265 apprehenderit,
3278 4208 3376 4246 nec
3422 4192 3551 4244 flatu

1987 4285 2258 4354 quispiam
2294 4285 2466 4354 possit
2498 4285 2771 4339 flammam
2798 4286 3167 4354 exstinguere,
3201 4284 3321 4338 oleo
3351 4296 3548 4350 aquam

1987 4377 2201 4439 miscet,
2227 4384 2281 4431 et
2308 4393 2371 4431 ea
2428 4378 2640 4431 ratione
2697 4377 2967 4430 flammam
2996 4376 3227 4431 debilem
3282 4373 3459 4429 reddit
3496 4380 3553 4426 et

1986 4465 2311 4520 evanidam:
2369 4466 2443 4519 ita
2504 4467 2875 4530 adversarius,
2927 4480 3050 4519 cum
3103 4466 3276 4518 libero
3325 4463 3553 4516 arbitrio

254 4560 257 4561 ⁷
314 4564 417 4632 τῆς
452 4562 625 4632 ἀρχῆς
673 4561 886 4630 ἐκείνης
948 4558 1188 4612 τοιούτου
1248 4557 1433 4619 τέλους
1485 4556 1583 4620 τὰς
1635 4554 1881 4626 ἀφορμὰς

1989 4558 2180 4612 vitium
2208 4558 2619 4621 immiscuisset,
2639 4558 2817 4613 effecit
2839 4569 2897 4611 ut
2923 4556 3323 4627 quodammodo
3346 4555 3552 4609 exstin-

319 4651 725 4721 παρασχούσης.

1987 4657 2245 4717 gueretur
2274 4660 2328 4703 et
2356 4658 2705 4705 evanesceret
2734 4649 3060 4704 benedictio.
3093 4646 3209 4712 Qua
3239 4646 3545 4707 deﬁciente,

319 4754 418 4805 pro
445 4753 508 4792 ea
542 4738 688 4792 subit
737 4736 1090 4792 contrarium.
1162 4735 1497 4790 Adversatur
1547 4744 1725 4788 autem
1777 4735 1899 4789 vitae
1934 4738 2153 4807 quidem
2201 4755 2371 4802 mors,
2412 4741 2621 4794 viribus
2686 4751 2863 4793 autem
2910 4739 3272 4799 imbecillitas,
3324 4737 3550 4791 benedi-

316 4831 484 4883 ctioni
532 4838 711 4884 autem
761 4831 1084 4892 exsecratio,
1121 4829 1333 4884 fiducia:
1388 4838 1565 4883 autem
1624 4829 1816 4897 pudor,
1852 4840 1905 4881 et
1951 4834 2205 4888 omnibus
2274 4834 2432 4888 bonis
2481 4849 2543 4887 ea
2575 4849 2695 4903 quae
2746 4834 3123 4903 intelliguntur
3156 4848 3222 4887 ex
3250 4832 3547 4887 contrario.

315 4924 606 4992 Propterea
694 4924 859 4976 homo
910 4938 1055 4977 nunc
1106 4931 1191 4978 est
1272 4924 1327 4976 in
1381 4922 1541 4976 malis
1572 4923 1952 4992 praesentibus,
1988 4940 2111 4979 cum
2174 4928 2306 4981 illud
2376 4928 2703 4997 principium
2780 4926 2906 4981 talis
2977 4927 3100 4981 linis
3166 4933 3547 4995 argumentum

316 5016 557 5071 dedisset
578 5024 633 5070 et
664 5018 1030 5071 occasionem.

910 5105 1154 5159 ΚΕΦΛΛ.
1197 5109 1269 5159 Ζ’.

386 5200 496 5254 Καὶ
530 5201 715 5270 μηδεὶς
740 5202 1014 5269 ἐρωτάτω,
1042 5204 1089 5254 εἰ
1124 5202 1385 5272 προειδὼς
1415 5203 1513 5272 τὴν
1539 5203 1882 5275 ἀνθρωπίνην

316 5292 601 5361 συμφορὰν
644 5294 672 5344 ὁ
710 5292 840 5354 Θεὸς
871 5293 969 5361 τὴν
1002 5294 1067 5345 ἐκ
1108 5295 1206 5364 τῆς
1252 5293 1505 5357 ἀϐουλίας
1550 5294 1698 5364 αὐτῷ
1743 5313 1882 5366 συμ-

316 5381 643 5450 ϐησομένην,
673 5376 836 5451 ἦλθεν
862 5384 942 5444 είς
967 5383 1027 5434 τὸ
1068 5384 1253 5437 κτίσαι
1280 5384 1371 5437 τὸν
1399 5384 1700 5455 ἄνθρωπον,
1750 5379 1795 5453 ᾧ
1821 5386 1882 5439 τὸ

317 5470 393 5540 μὴ
450 5471 701 5539 γενέσθαι
756 5472 955 5542 μᾶλλον
1004 5474 1152 5537 ἴσως,
1202 5474 1236 5545 ἦ
1287 5474 1347 5527 τὸ
1394 5476 1452 5527 ὲν
1500 5478 1688 5538 κακοῖς
1718 5472 1878 5540 εἶναι,

315 5556 749 5629 λυσιτελέστερον
794 5555 879 5630 ἦν.
933 5561 1117 5615 Ταῦτα
1145 5563 1252 5632 γάρ
1294 5566 1343 5616 οἱ
1385 5566 1497 5627 τοῖς
1526 5566 1880 5634 Μανιχαῖκοῖς

312 5645 542 5716 δόγμασι
570 5649 633 5701 δι’
666 5650 879 5719 ἀπάτης
914 5653 1322 5722 πιρασυρέντες
1375 5656 1453 5716 εἰς
1488 5653 1741 5708 σύστασιν
1782 5657 1879 5724 τῆς

314 5739 520 5791 ἑαυτῶν
554 5741 758 5810 πλάνης
795 5742 1203 5811 προϐάλλουσιν,
1232 5745 1307 5807 ὡς
1337 5746 1423 5798 διὰ
1452 5746 1606 5798 τοῦτο
1645 5749 1877 5816 πονηρὸν

315 5824 453 5882 εἶναι
498 5836 587 5885 τὸν
621 5832 715 5901 τῆς
750 5833 1090 5905 ἀνθρωπίνης
1137 5835 1349 5905 φύσεως
1394 5838 1614 5909 κτίστην
1660 5839 1874 5893 ἀποδει-

2580 5107 2809 5163 CAPUT
2828 5107 2940 5162 VII.

2049 5202 2218 5257 Nemo
2250 5216 2378 5256 vero
2402 5200 2719 5271 interroget,
2751 5216 2821 5253 an
2853 5199 3019 5265 Deus,
3049 5214 3177 5253 cum
3206 5197 3538 5267 providisset

1978 5297 2341 5352 calamitatem
2384 5311 2504 5365 qua:
2530 5303 2648 5350 erat
2678 5294 2743 5348 ad
2766 5294 3039 5347 hominem
3056 5303 3283 5347 ventura
3312 5307 3379 5346 ex
3401 5293 3543 5343 malo

1978 5387 2232 5448 consilio,
2284 5388 2351 5440 ad
2396 5385 2692 5441 creandum
2742 5385 3018 5439 hominem
3083 5383 3403 5445 accesserit,
3452 5383 3539 5434 cui

1977 5488 2095 5533 erat
2128 5479 2267 5531 forte
2287 5477 2691 5530 conducibilius
2721 5484 2902 5529 ortum
2934 5490 3042 5529 non
3070 5490 3211 5537 esse,
3232 5488 3394 5541 quam
3421 5489 3543 5526 esse

1978 5570 2032 5622 in
2066 5570 2241 5623 malis.
2257 5570 2519 5634 Quicnim
2551 5569 2614 5620 ad
2642 5567 3059 5621 Manichzeorum
3077 5566 3327 5635 dogmata
3354 5565 3541 5619 fraude

1976 5670 2104 5717 sunt
2132 5662 2499 5725 attracti,ha2c
2533 5660 2766 5714 afferunt
2788 5660 2855 5712 ad
2888 5674 3046 5714 suum
3079 5672 3320 5712 errorem
3341 5657 3537 5710 conlir~

1976 5750 2252 5813 Inandum,
2291 5759 2345 5804 et
2379 5766 2474 5818 per
2500 5750 2601 5803 hoc
2631 5750 2924 5804 ostendunt
2968 5764 3089 5803 esse
3136 5748 3335 5800 malum
3387 5761 3538 5799 crea-

1974 5848 2144 5897 torem
2169 5841 2413 5895 humana!
2445 5850 2671 5896 natum.
2701 5839 2832 5895 Nam
2883 5840 2925 5895 si
2956 5839 3095 5895 Deus
3124 5837 3340 5909 quidem
3372 5852 3437 5892 ex
3470 5838 3539 5893 iis
