4066 6374
538 381 599 439 51
1772 368 1830 423 S.
1874 364 2117 422 GREGOI

2239 360 2533 420 NYSSENI
3716 352 3787 407 ’52

545 515 669 569 qua:
699 502 849 557 sunt,
870 494 1004 548 nihil
1034 496 1247 566 ignorat
1273 516 1285 550 :
1310 502 1395 552 est
1424 501 1604 548 autem
1632 491 1797 546 homo
1829 491 1882 544 in
1915 490 2109 544 malis:

2219 482 2485 544 κνύοντες.
2541 480 2602 532 Εἰ
2633 476 2742 548 γὰρ
2771 477 2954 544 ἀγνοεῖ
2984 475 3081 546 μὲν
3114 473 3219 527 τῶν
3246 472 3413 525 ὄντων
3454 472 3483 524 ό
3514 470 3644 527 Θεὸς
3692 470 3781 523 οὑ-

547 602 657 642 non
706 586 892 655 utique
938 586 1089 642 salva
1144 588 1251 641 erit
1290 588 1433 642 ratio
1485 584 1582 639 Dei
1612 582 1895 647 bonitatis,
1938 582 1984 637 si
2019 583 2117 635 bo-

546 680 746 733 minem
790 676 860 731 ad
908 679 1076 731 vitam
1134 677 1456 742 deduxerit,
1504 678 1597 747 qui
1643 677 1863 733 futurus
1904 688 2024 732 erat
2061 679 2117 731 in

546 773 728 827 malis.
786 770 845 825 Si
907 772 1053 825 enim
1114 770 1271 825 bona:
1337 779 1546 825 naturae
1602 769 1826 824 omnino
1877 777 1962 824 est
1997 784 2118 839 qua:

544 878 611 916 ex
648 870 792 917 bono
809 870 893 917 est
917 862 1198 932 operatio,
1246 863 1447 917 misera
1494 864 1609 916 hanc
1645 863 1751 917 vita
1792 871 1848 917 et
1883 865 2115 923 caduca,

544 954 815 1022 malisque
852 963 906 1009 et
952 954 1197 1008 interitui
1236 954 1496 1021 obnoxia,
1526 970 1633 1008 non
1677 955 1871 1024 utique
1903 964 1989 1009 est
2022 954 2117 1008 ad-

544 1044 839 1099 scribenda
889 1045 1010 1114 ejus
1059 1046 1152 1115 qui
1189 1046 1369 1101 bonus
1401 1056 1484 1101 est
1524 1046 1761 1116 opificio,
1794 1046 1890 1101 sed
1934 1045 2118 1100 existi-

541 1136 803 1190 mandum
834 1147 921 1191 est
953 1137 1120 1190 alium
1155 1152 1281 1191 esse
1314 1146 1595 1192 auctorem
1633 1138 1799 1207 hujus
1828 1139 1973 1201 vitae,
2019 1153 2117 1191 cu-

539 1225 632 1295 jus
662 1235 857 1280 natura
877 1243 1149 1298 pr0pcnsa
1172 1239 1256 1283 est
1279 1228 1346 1282 ad
1373 1230 1595 1283 malum.
1618 1229 1751 1283 Nam
1776 1230 1891 1284 haec
1908 1232 2115 1294 omnia,

543 1325 599 1372 et
654 1333 775 1388 quae
821 1328 950 1373 sunt
984 1320 1279 1388 ejusmodi,
1328 1320 1397 1374 iis
1441 1321 1661 1390 quidem
1715 1323 1809 1391 qui
1856 1331 2114 1392 tanquam

544 1408 793 1464 fallacem
823 1412 1115 1478 quemdam
1152 1412 1390 1467 colorem
1425 1413 1736 1467 hareticam
1776 1414 2024 1471 fraudem
2058 1416 2116 1470 in

544 1500 818 1570 profundo
848 1503 1204 1569 imbiberunt,
1235 1503 1494 1559 videntur
1533 1505 1735 1561 habere
1777 1508 1887 1561 vim
1918 1523 2115 1577 quam-

544 1595 668 1645 dam
736 1608 833 1663 per
882 1604 1238 1665 apparentem
1296 1597 1593 1666 quamdam
1671 1599 2114 1668 probabilitatem

546 1686 834 1753 superlicie
861 1692 1020 1740 tenus
1051 1706 1064 1741 :
1095 1688 1163 1741 iis
1198 1695 1379 1742 autem
1420 1688 1514 1758 qui
1550 1690 1794 1744 veritatis
1835 1698 1964 1745 sunt
1990 1706 2114 1761 per-

545 1773 947 1849 spicientiores,
988 1784 1171 1845 aperte
1202 1787 1505 1832 cernuntur
1543 1779 1838 1845 imbecilla,
1892 1788 1947 1834 et
1977 1796 2114 1850 quo-

545 1876 667 1915 rum
707 1877 921 1918 errores
944 1880 997 1917 In
1036 1874 1289 1936 promptu
1318 1876 1404 1921 est
1432 1868 1743 1923 ostendere.
1770 1870 1901 1924 Mihi
1932 1879 2113 1925 autem

550 1952 762 2007 videtur
791 1963 935 2009 recte
963 1956 1185 2020 habere,
1232 1957 1279 2013 si
1304 1958 1358 2012 in
1390 1959 1476 2014 his
1506 1960 1847 2017 adducamus
1871 1962 2111 2032 Aposto-

545 2042 657 2096 lum
697 2045 751 2097 in
800 2042 1177 2102 defensionem
1210 2064 1402 2104 eorum
1436 2065 1559 2120 quae
1587 2060 1781 2105 contra
1798 2067 1893 2108 eos
1913 2054 2113 2107 dicun-

545 2142 656 2189 tur.
688 2133 749 2189 ln
785 2136 852 2191 iis
882 2141 1028 2191 enim
1057 2155 1178 2209 qua:
1213 2142 1407 2195 scribit
1439 2144 1506 2197 ad
1534 2142 1873 2212 Corinthios,
1920 2145 2117 2200 distin-

547 2227 665 2295 guit
692 2229 940 2284 carnales
974 2238 1029 2285 et
1063 2233 1377 2301 spirituales
1407 2235 1716 2300 animarum
1753 2238 2112 2292 constitutio-

547 2334 665 2383 nes,
692 2335 789 2388 per
816 2336 879 2374 ea
912 2337 1033 2391 quae
1078 2323 1360 2390 dicuntur,
1412 2327 1509 2389 uti,
1538 2328 1754 2396 opinor,
1797 2331 2114 2394 ostendens,

548 2412 695 2480 quod
735 2413 937 2467 bonum
965 2423 1059 2468 aut
1089 2416 1291 2470 malum
1325 2432 1433 2471 non
1467 2427 1551 2473 est
1592 2435 1757 2474 sensu
1803 2421 2114 2490 dijudican-

546 2502 711 2568 dum;
748 2504 843 2558 sed
878 2513 1060 2561 mente
1094 2507 1331 2562 abducta
1361 2511 1431 2563 ab
1464 2510 1533 2565 iis
1561 2526 1682 2581 qua:
1712 2523 1977 2583 apparent
2021 2533 2114 2570 ex-

549 2600 633 2646 tra
661 2609 882 2664 corpus,
916 2595 1043 2649 boni
1071 2606 1126 2652 et
1154 2600 1416 2653 contrarii
1452 2600 1622 2670 ipsam
1647 2618 1771 2657 esse
1802 2620 1896 2672 per
1925 2620 1984 2660 se
2005 2605 2118 2662 dis-

545 2686 877 2740 cernendam
908 2696 1192 2755 naturam,
1223 2690 1532 2760 Spiritualis
1569 2694 1739 2757 enim,
1784 2696 1981 2766 inquit.
2031 2700 2117 2752 di-

538 2777 753 2847 judicat
783 2782 962 2833 omnia
984 2781 1196 2847 ’.Quod
1228 2791 1411 2838 autem
1446 2786 1482 2839 ii
1505 2787 1601 2855 qui
1630 2787 1744 2842 ha‘c
1775 2788 2027 2852 afferunt,
2046 2791 2118 2843 fa-

550 2872 743 2927 bulosa
798 2873 913 2928 haec
949 2875 1203 2946 dogmata
1260 2878 1650 2942 conﬁnxerint,
1683 2880 1926 2935 arbitror
1972 2882 2118 2937 hanc

548 2962 721 3019 fuisse
764 2980 1008 3033 causam,
1049 2968 1195 3037 quod
1246 2972 1553 3041 corporalis
1598 2974 1894 3041 voluptatis
1929 2976 2117 3030 suavi-

549 3063 664 3109 tate
695 3056 898 3110 bonum
922 3058 1270 3125 deﬁnientes,
1296 3070 1587 3132 propterea
1626 3064 1771 3133 quod
1809 3064 2115 3120 all‘ectioni-

2218 576 2327 637 δὲν,
2362 576 2421 627 ὲν
2452 575 2637 634 κακοῖς
2665 571 2721 624 δὲ
2742 572 2771 622 ό
2797 568 3079 638 ἄνθρωπος
3100 582 3111 593 ·
3158 564 3336 617 οὐκέτ’
3369 564 3433 616 ἂν
3462 564 3490 615 ό
3518 562 3614 632 τῆς
3646 564 3790 627 ἀγα-

2219 665 2439 736 θότητος
2463 663 2557 716 τοῦ
2590 662 2723 715 Θεοῦ
2759 658 3073 724 διασώζοιτο
3104 658 3281 725 λόγος,
3325 655 3481 726 εἴπερ
3510 656 3567 706 ὲν
3601 656 3789 716 κακοῖς

2222 750 2483 822 μέλλοντα
2536 751 2627 802 τὸν
2684 748 2966 819 ἄνθρωπον
3032 746 3289 816 ζήσεσθαι
3346 744 3481 815 πρὸς
3534 739 3627 795 τὸν
3676 741 3791 811 βίον

2219 842 2530 912 παρήγαγε.
2579 841 2642 893 Εἰ
2688 839 2797 909 γάρ
2844 837 3056 907 ἀγαθῆς
3088 837 3302 905 φύσεως
3335 837 3368 904 ἡ
3419 834 3559 888 κατά
3589 833 3791 899 ἀγαθὸν

2218 934 2463 1003 ἐνέργεια
2485 932 2701 995 πάντως
2726 931 2893 994 ἐστὶν,
2918 934 2945 984 ό
2966 930 3206 1000 λυπηρὸς
3230 921 3383 991 οὗτος
3410 930 3501 980 καὶ
3530 928 3690 997 ὲπίκη
3700 944 3791 997 ρος

2220 1024 2332 1094 βίος
2385 1025 2563 1078 οὐκέτ’
2616 1024 2701 1087 ἂν,
2752 1024 2935 1092 φησὶν,
2978 1024 3058 1085 εἰς
3090 1022 3187 1091 τὴν
3238 1019 3331 1073 τοῦ
3381 1020 3585 1087 ἀγαθοῦ
3634 1019 3793 1088 δημι-

2217 1116 2443 1184 ουργίαν
2491 1114 2782 1182 ἀνάγοιτο·
2838 1112 2953 1165 ἀλλ’
3010 1112 3194 1182 ἕτερον
3252 1111 3355 1181 χρὴ
3406 1111 3504 1180 τῆς
3537 1109 3793 1178 τοιαύτης

2218 1202 2362 1275 ζωῆς
2390 1204 2562 1257 αἴτιον
2589 1203 2813 1269 οἴεσθαι,
2843 1198 2888 1272 ᾦ
2920 1204 3055 1274 πρὸς
3085 1203 3346 1272 πονηρίαν
3380 1204 3412 1271 ή
3444 1201 3602 1269 φύσις
3634 1203 3790 1271 ὲπιρ-

2220 1296 2399 1366 ρεπῶς
2431 1295 2562 1365 ἔχει.
2594 1295 2776 1348 Ταῦτα
2809 1295 2919 1366 γὰρ
2952 1296 3126 1349 πάντα
3170 1297 3262 1348 καὶ
3307 1295 3374 1348 τὰ
3403 1296 3647 1359 τοιαῦτα,
3679 1298 3790 1358 τοῖς

2221 1388 2320 1457 μὲν
2353 1390 2410 1441 ἐν
2441 1386 2614 1457 βάθει,
2653 1387 2902 1461 καθάπερ
2956 1387 3075 1440 τινὰ
3119 1388 3434 1457 ψευδοποιὺν
3481 1387 3654 1458 βαφὴν
3691 1389 3791 1458 τὴν

2218 1481 2498 1552 αἱρετικὴν
2533 1480 3021 1552 παραδεδεγμένοις
3063 1479 3279 1549 ἀπάτην
3300 1520 3313 1545 ,
3369 1480 3518 1550 ἰσχύν
3548 1499 3666 1533 τινα
3701 1482 3791 1535 διὰ

2216 1573 2315 1641 τῆς
2357 1572 2673 1625 ἐπιπολαίου
2728 1573 3079 1644 πιθανότητος
3136 1572 3280 1641 ἔχειν
3334 1572 3518 1625 δοκεῖ·
3572 1575 3683 1635 τοῖς
3733 1574 3790 1625 δὲ

2216 1665 2680 1737 διορατικωτέροις
2707 1666 2804 1735 τῆς
2832 1663 3085 1733 ἀληθείας
3130 1663 3304 1734 σαθρὰ
3332 1664 3491 1728 ὅντα,
3529 1664 3619 1716 καὶ
3654 1666 3790 1734 πρό-

2217 1775 2397 1829 χειρον
2421 1758 2517 1829 τὴν
2536 1758 2635 1828 τῆς
2663 1757 2879 1827 ἀπάτης
2906 1755 3176 1820 ἀπόδειξιν
3201 1755 3410 1825 ἔχοντα,
3446 1755 3629 1825 σαφῶς
3656 1756 3790 1809 καθ-

2217 1852 2430 1922 ορᾶται.
2484 1851 2592 1902 Καί
2630 1867 2720 1917 μοι
2766 1850 2912 1902 δοκεῖ
2951 1849 3129 1911 καλῶς
3158 1850 3300 1917 ἔχειν
3343 1848 3434 1901 τὸν
3474 1849 3791 1903 Ἀπόστολον

2216 1945 2274 1996 ὲν
2324 1941 2533 2005 τούτοις
2586 1943 2881 2012 συνήγορον
2922 1941 3019 2010 τῆς
3073 1942 3192 1993 κατ’
3238 1939 3399 1992 αὑτὸν
3448 1940 3791 2012 παρηγορίας

2217 2032 2644 2104 προστήσασθαι.
2693 2035 2905 2103 Διαιρεῖ
2929 2032 3035 2102 γὰρ
3066 2033 3123 2085 ὲν
3171 2032 3248 2102 τῷ
3295 2032 3429 2102 πρὸς
3471 2031 3791 2102 Κορινθίους

2216 2125 2359 2196 λόγῳ
2391 2125 2489 2187 τάς
2536 2142 2593 2177 τε
2640 2123 2960 2195 σαρκώδεις,
3012 2123 3235 2186 καὶτὰς
3278 2123 3655 2192 πνευματικὰς
3680 2124 3790 2177 τῶν

2216 2218 2403 2289 ψυχῶν
2435 2219 2795 2281 καταστάσεις
2821 2234 2835 2248 ·
2883 2218 3118 2282 δεικνὺς,
3163 2213 3335 2287 οἶμαι,
3371 2218 3458 2271 διὰ
3503 2218 3610 2271 τῶν
3639 2217 3793 2286 λεγο-

2221 2311 2426 2380 μένων,
2464 2312 2545 2364 ὅτι
2591 2311 2651 2362 οὑ
2698 2310 2764 2362 δι’
2796 2309 3101 2380 αἰσθήσεως
3149 2309 3209 2363 τὸ
3254 2310 3417 2363 καλὸν
3450 2310 3483 2380 ἢ
3513 2311 3571 2363 τὸ
3621 2313 3790 2364 κακὸν

2217 2402 2481 2469 προσήκει
2516 2400 2743 2470 κρίνειν,
2778 2398 2893 2452 ἀλλ’
2923 2399 3028 2466 ἔξω
3058 2398 3168 2452 τῶν
3202 2401 3343 2453 κατὰ
3376 2399 3438 2452 τὸ
3468 2399 3623 2471 σῶμα
3666 2418 3795 2470 φαι-

2215 2490 2456 2561 νομένων
2481 2492 2573 2543 τὸν
2601 2490 2726 2544 νοῦν
2750 2491 3151 2561 ἀποστήσαντα,
3178 2490 3347 2561 αὑτὴν
3375 2492 3461 2559 ἐφ’
3480 2493 3676 2563 ἑαυτῆς
3698 2493 3789 2545 τοῦ

2218 2583 2386 2636 καλοῦ
2412 2601 2472 2636 τε
2522 2585 2615 2638 καὶ
2642 2584 2736 2636 τοῦ
2764 2584 3005 2636 ἐναντίου
3043 2583 3336 2653 διακρίνειν
3380 2583 3477 2654 τὴν
3507 2585 3686 2653 φύσιν.
3730 2587 3791 2639 '0

2217 2675 2325 2746 γὰρ
2378 2676 2795 2744 πνευματικὸς,
2855 2674 3040 2746 φησὶν,
3095 2675 3403 2742 ἀνακρίνει
3454 2677 3527 2729 τὰ
3574 2677 3788 2732 πάντα.

2218 2765 2434 2837 Ταύτην
2466 2762 2617 2834 οἶμαι
2648 2766 2745 2837 τὴν
2778 2769 2958 2820 αἰτίαν
2998 2767 3096 2837 τῆς
3138 2766 3245 2819 τῶν
3276 2766 3557 2837 δογμάτων
3589 2770 3791 2822 τούτων

2222 2856 2559 2928 μυθοποιίας,
2599 2860 2712 2921 τοῖς
2738 2857 2808 2910 τὰ
2834 2858 3056 2911 τοιαῦτα
3089 2861 3449 2928 προφέρουσιν
3474 2858 3540 2911 ἂν
3569 2862 3793 2930 γεγενῆ-

2220 2949 2366 3012 σθαι,
2389 2952 2469 3002 ὅτι
2498 2950 2633 3020 πρὸς
2664 2949 2725 3002 τὸ
2747 2950 2844 3019 ἡδὺ
2871 2950 2968 3020 τῆς
2994 2949 3308 3020 σωματικῆς
3340 2949 3709 3014 ἀπολαύσεως,
3733 2952 3793 3004 τὸ

2219 3040 2421 3108 ἀγαθὸν
2456 3038 2783 3110 ὁριζόμενοι,
2817 3040 2905 3093 διά
2932 3040 2991 3092 τὸ
3020 3040 3215 3093 πάθεσι
3251 3041 3341 3092 καὶ
3367 3041 3794 3112 ἀρρωστήμασιν

548 3146 653 3203 bus
686 3155 741 3203 et
779 3150 983 3206 morbis
1015 3151 1330 3207 necessario
1356 3154 1592 3209 obnoxia
1624 3163 1708 3209 est
1740 3156 1989 3224 corporis
2016 3171 2115 3210 na-

2222 3128 2537 3181 ὑποκεῖσθαι
2589 3129 2707 3182 κατ’
2751 3130 2995 3199 ἀνάγκην
3041 3128 3139 3200 τὴν
3187 3128 3279 3182 τοῦ
3341 3128 3588 3194 σώματος
3636 3130 3795 3199 φύσιν

550 3249 695 3305 tura,
733 3250 792 3295 ut
820 3257 941 3311 quae
981 3244 1052 3298 sit
1076 3245 1403 3314 composita.
1451 3254 1504 3301 et
1539 3244 1670 3301 ﬂuat
1699 3246 1767 3300 ad
1791 3247 2114 3303 dissolutio-

550 3349 673 3388 nem
707 3351 721 3388 :
754 3333 1023 3402 ejusmodi
1050 3343 1229 3390 autem
1267 3334 1582 3391 aﬂ‘ectiones
1604 3340 1960 3409 consequitur
1994 3340 2119 3410 qui-

550 3424 679 3477 dam
718 3440 917 3479 sensus
950 3424 1192 3480 dolorem
1225 3424 1481 3493 aﬂ‘erens,
1526 3428 1817 3482 humanam
1862 3438 2116 3484 naturam

550 3516 678 3569 mali
706 3531 842 3586 opus
875 3531 999 3578 esse
1026 3518 1365 3574 existimant.
1408 3519 1544 3575 Nam
1569 3522 1613 3577 si
1646 3522 1935 3577 sublimius
1978 3524 2121 3592 aspi-

550 3616 703 3663 ceret
757 3624 950 3665 eorum
1015 3612 1294 3681 cogitatio,
1341 3621 1397 3668 et
1440 3614 1510 3669 ab
1542 3629 1606 3669 ea
1642 3630 1764 3685 quae
1788 3615 1841 3668 in
1880 3616 2119 3684 volupta-

552 3700 700 3755 tibus
728 3709 982 3757 versatur
1015 3701 1302 3760 all‘ectione
1356 3714 1541 3760 mente
1580 3707 1771 3775 procul
1817 3708 2111 3772 collocata,

551 3792 967 3849 considerarent
996 3796 1154 3851 liberi
1188 3798 1256 3852 ab
1288 3798 1455 3851 animi
1490 3799 1901 3867 perturbatione
1929 3816 2117 3856 rerum

549 3901 673 3955 qua:
705 3894 834 3941 sunt
885 3896 1161 3957 naturam,
1189 3904 1299 3944 non
1330 3890 1711 3946 existimarent
1742 3894 1943 3947 malum
1970 3894 2119 3949 aliud

551 3994 673 4034 csse
700 3995 863 4051 quam
904 3982 1096 4035 vitium
1125 3983 1631 4053 etimprobitatem.
1680 3984 1883 4040 Vitium
1932 3996 2116 4043 autem

553 4085 715 4125 omne
756 4080 811 4125 et
837 4070 1156 4140 improbitas
1190 4072 1245 4125 in
1267 4073 1396 4127 boni
1436 4074 1745 4143 privatione
1774 4090 1931 4129 suam
1959 4076 2120 4131 habet

555 4160 784 4217 formam
806 4171 862 4218 et
899 4163 1295 4227 characterem,
1315 4179 1438 4218 cum
1463 4180 1559 4236 per
1588 4181 1648 4219 se
1679 4181 1787 4220 non
1821 4167 1914 4231 sit,
1943 4182 2121 4236 neque

551 4252 928 4310 consideretur
960 4255 1016 4309 in
1059 4270 1126 4310 eo
1166 4255 1309 4327 quod
1352 4257 1641 4310 consistat.
1697 4256 1915 4313 Nullum
1975 4260 2119 4314 enim

551 4344 753 4399 malum
781 4360 876 4415 per
911 4360 970 4399 se
1006 4345 1168 4399 situm
1203 4354 1287 4399 est
1312 4354 1468 4400 extra
1499 4345 1724 4400 liberam
1759 4349 1973 4403 arbitrii
2008 4350 2119 4403 ele-

551 4438 826 4505 ctionem;
879 4436 973 4493 sed
1028 4437 1098 4490 ita
1158 4437 1544 4491 denominatur
1594 4454 1659 4492 ex
1698 4454 1767 4493 eo
1814 4439 1960 4508 quod
2010 4456 2118 4495 non

2224 3220 2473 3273 σύνθετον
2500 3216 2664 3275 οὖσαν
2690 3221 2782 3274 καὶ
2806 3222 2885 3284 εἰς
2913 3221 3154 3274 διάλυσιν
3185 3221 3413 3292 ῥέουσαν
3435 3261 3449 3286 ,
3498 3223 3793 3277 ἐπακολου-

2219 3311 2332 3365 θεῖν
2374 3312 2431 3365 δέ
2463 3329 2577 3375 πως
2605 3315 2717 3377 τοῖς
2755 3313 3014 3377 τοιούτοις
3046 3313 3361 3383 παθήμασιν
3390 3315 3643 3385 ἀλγεινήν
3671 3332 3791 3367 τινα

2220 3404 2491 3475 αἴσθησιν,
2546 3404 2781 3475 πονηροῦ
2829 3403 2925 3475 τὴν
2968 3403 3412 3475 ἀνθρωποποιίαν
3460 3406 3617 3477 ἔργον
3655 3401 3793 3458 εἰναι

2219 3495 2548 3566 νομίζουσιν.
2614 3496 2702 3558 Ὠς
2750 3497 2863 3563 εἴγε
2911 3495 3046 3566 πρὸς
3090 3494 3153 3547 τὸ
3199 3495 3523 3567 ὑψηλότερον
3571 3496 3796 3550 ἔϐλεπεν

2220 3588 2399 3650 αὑτοῖς
2424 3589 2458 3658 ή
2486 3587 2711 3650 διάνοια,
2742 3588 2835 3640 καὶ
2858 3587 2957 3658 τῆς
2987 3588 3114 3657 περὶ
3141 3587 3241 3650 τὰς
3288 3588 3477 3658 ἡδονὰς
3502 3587 3794 3650 διαθέσεως

2220 3680 2311 3733 τὸν
2335 3679 2458 3733 νοῦν
2488 3681 2892 3744 ἀποικίσαντες,
2940 3678 3165 3751 ἀπαθῶς
3194 3680 3527 3732 ἐπεσκόπουν
3559 3680 3656 3748 τὴν
3684 3680 3792 3733 τῶν

2220 3775 2387 3829 ὄντων
2427 3775 2606 3845 φύσιν,
2636 3777 2736 3829 οὑκ
2764 3776 2829 3831 ἂν
2859 3775 2986 3830 ἄλλο
3033 3795 3085 3830 τι
3132 3778 3301 3831 κακὸν
3339 3772 3477 3829 εἶναι
3522 3779 3671 3848 παρά
3698 3776 3796 3847 τήν

2224 3871 2485 3942 πονηρίαν
2518 3871 2798 3942 ᾠήθησαν.
2834 3871 3076 3942 Πονηρία
3102 3871 3159 3925 δὲ
3190 3872 3338 3924 πᾶσα
3365 3872 3422 3922 ὲν
3443 3873 3505 3940 τῇ
3536 3869 3629 3922 τοῦ
3659 3872 3797 3938 ἀγα-

2223 3963 2317 4018 θοῦ
2348 3964 2596 4035 στερήσει
2640 3964 3122 4035 χαρακτηρίζεται,
3166 3964 3226 4027 οὑ
3258 3962 3379 4016 καθ’
3408 3963 3607 4033 ἑαυτὴν
3639 3960 3796 4028 οὖσα,

2221 4055 2344 4108 οὑδὲ
2390 4056 2509 4109 καθ’
2552 4056 2845 4109 ὑπόστασιν
2876 4056 3241 4127 θεωρουμένη.
3291 4054 3475 4109 Κακὸν
3509 4055 3616 4125 γὰρ
3647 4056 3798 4109 οὐδὲν

2222 4144 2328 4212 ἔξω
2362 4146 2731 4217 προαιρέσεως
2781 4146 2867 4215 ἐφ’
2915 4144 3107 4198 ἑαυτοῦ
3150 4134 3325 4198 κέῖται
3354 4183 3371 4208 ,
3422 4144 3557 4198 ἀλλά
3598 4143 3678 4215 τῷ
3723 4146 3796 4215 μὴ

2223 4234 2360 4290 εἷναι
2404 4238 2464 4290 τὸ
2493 4237 2696 4305 ἀγαθὸν
2737 4236 2881 4290 οὑτω
2924 4222 3375 4306 κατονομάζεταις
3407 4238 3479 4289 Τὸ
3508 4237 3564 4289 δὲ
3608 4238 3683 4308 μὴ
3714 4236 3795 4301 ὃν,

2222 4329 2321 4399 οὑχ
2353 4328 2655 4399 ὑφέστηκε·
2687 4327 2779 4381 τοῦ
2815 4329 2871 4381 δὲ
2917 4328 2989 4398 μὴ
3038 4328 3346 4397 ὑφεστῶτος
3388 4328 3715 4399 δημιουργὸς
3768 4330 3797 4381 ό

2224 4425 2331 4475 τῶν
2364 4422 2685 4490 ὑφεστώτων
2714 4421 3045 4492 δημιουργὸς
3076 4423 3177 4475 οὑκ
3226 4422 3392 4475 ἔστιν.
3441 4421 3647 4475 Οὐκοῦν
3694 4421 3797 4486 ἔξω

552 4529 625 4585 sit
662 4530 885 4584 bonum.
938 4529 1090 4595 Quod
1142 4537 1322 4583 autem
1379 4543 1488 4582 non
1527 4539 1631 4591 est,
1682 4544 1791 4583 non
1844 4532 2117 4587 consistit.

2225 4516 2323 4587 τῆς
2346 4514 2455 4567 τῶν
2477 4514 2662 4567 κακῶν
2687 4514 2861 4578 αἰτίας
2879 4517 2907 4567 ό
2933 4514 3083 4578 Θεὸς,
3110 4515 3139 4566 ό
3162 4513 3269 4568 τῶν
3297 4515 3488 4575 ὄντων,
3511 4515 3606 4583 οὑχ
3634 4516 3663 4567 ό
3689 4515 3796 4567 τῶν
3831 4522 3834 4524 ⁷

550 4620 682 4689 Ejus
711 4629 890 4677 autem
919 4621 1063 4691 quod
1096 4636 1202 4676 non
1230 4621 1483 4675 consistit
1511 4622 1713 4690 cpil'ex,
1739 4637 1845 4676 non
1858 4631 1941 4677 est
1969 4626 2014 4676 is
2031 4625 2125 4693 qui

550 4712 841 4782 estopifex
886 4726 1077 4766 eorum
1128 4726 1249 4782 quze
1300 4711 1630 4767 consistunt.
1685 4710 1948 4766 Malorum
1997 4728 2127 4783 ergo

550 4818 716 4858 causa
730 4818 837 4857 non
860 4812 936 4856 est
956 4802 1118 4866 Deus,
1145 4802 1237 4871 qui
1276 4811 1358 4857 est
1384 4814 1600 4858 creator
1614 4815 1663 4858 et
1688 4802 1909 4858 eﬂ‘ector
1937 4819 2125 4859 eorum

550 4910 670 4965 qua:
708 4904 857 4960 sunt,
910 4910 1019 4949 non
1058 4910 1245 4950 eorum
1274 4912 1396 4966 qua:
1443 4912 1553 4950 non
1613 4904 1739 4950 sunt
1776 4913 1789 4949 :
1821 4896 1913 4964 qui
1948 4897 2123 4951 visum

549 5000 633 5043 est
661 4986 984 5053 fabricatus,
1008 5004 1117 5042 non
1146 4994 1325 5042 autem
1358 4988 1694 5053 ca:citatcm;
1735 4988 1831 5055 qui
1862 4988 2119 5041 virtutem

552 5079 829 5142 indicavit,
864 5095 970 5133 non
1020 5080 1139 5149 ejus
1179 5079 1574 5149 privationem;
1638 5078 1796 5132 bona:
1840 5077 2121 5132 electionis

552 5171 773 5239 praamio
815 5170 1029 5239 adjecto
1080 5172 1346 5225 bonorum
1383 5171 1486 5225 line
1548 5170 1617 5224 iis
1655 5171 1749 5240 qui
1799 5184 1865 5224 ex
1918 5170 2123 5224 virtute

550 5262 717 5314 vitam
758 5260 1003 5330 degunt,
1040 5275 1147 5314 non
1192 5261 1441 5316 violenta:
1479 5259 1641 5314 alicui
1679 5260 2011 5320 necessitati,
2064 5269 2122 5313 ut

549 5347 653 5400 sibi
676 5347 972 5409 videretur,
1006 5348 1295 5402 humanam
1330 5349 1661 5420 subjungens
1693 5360 1965 5414 naturam,
1992 5357 2115 5404 tan-

548 5452 711 5506 quam
773 5453 869 5493 vas
924 5439 1144 5509 aliquod
1181 5442 1476 5495 animatum
1530 5440 1757 5495 invitum
1809 5440 1875 5494 ad
1913 5442 2114 5496 bonum

2226 4610 2302 4680 μὴ
2339 4609 2507 4662 όντων
2536 4608 2764 4678 ποιητὴς
2797 4605 2893 4669 ὢν,
2932 4607 2961 4657 ὁ
2988 4607 3083 4675 τὴν
3113 4606 3301 4677 ὅρασιν
3329 4606 3390 4657 οὑ
3424 4605 3520 4675 τήν
3548 4609 3795 4676 πήρωσιν

2221 4700 2653 4772 δημιουργήσας,
2682 4699 2711 4751 ὁ
2740 4697 2835 4767 τὴν
2880 4697 3081 4767 ἀρετὴν
3118 4697 3179 4749 οὑ
3211 4696 3311 4767 τὴν
3343 4696 3598 4767 στέρησιν
3628 4698 3796 4768 αὑτῆς

2221 4793 2503 4857 ἀναδείξας
2550 4787 2709 4844 ἆθλον
2751 4790 2852 4860 τῆς
2895 4789 3298 4860 προαιρέσεως,
3340 4788 3400 4840 τὸ
3431 4787 3539 4841 τῶν
3575 4790 3798 4855 ἀγαθῶν

2224 4884 2396 4953 πέρας
2419 4887 2529 4939 τοῖς
2558 4883 2677 4935 κατ’
2706 4880 2905 4951 ἀρετήν
2933 4880 3371 4949 πολιτευομένοις
3409 4878 3649 4950 προθεὶς,
3695 4880 3795 4932 οὑκ

2218 4978 2434 5047 ἀνάγκῃ
2463 4977 2567 5028 τινὶ
2601 4973 2750 5045 βιαίᾳ
2790 4973 2926 5044 πρὸς
2952 4971 3012 5024 τὸ
3043 4971 3221 5040 ἑαυτῷ
3262 4969 3450 5023 δοκοῦν
3495 4971 3794 5036 ὑποζεύξας

2217 5070 2316 5140 τὴν
2346 5068 2691 5139 ἀνθρωπίνην
2727 5066 2908 5135 φύσιν,
2938 5065 3191 5134 καθάπερ
3234 5082 3285 5115 τι
3320 5063 3511 5127 σκεῦος
3553 5063 3795 5133 ἔμψυχον

2217 5158 2486 5220 ἀκουσίως
2517 5157 2653 5226 πρὸς
2679 5155 2742 5208 τὸ
2770 5155 2932 5209 καλὸν
2962 5153 3338 5223 ἐφελκόμενος.
3382 5154 3445 5205 Εἰ
3472 5153 3527 5205 δὲ
3552 5152 3646 5205 τοῦ
3678 5169 3791 5219 φω-

2219 5252 2311 5314 τὸς
2334 5250 2395 5315 ὲξ
2417 5250 2629 5321 αἰθρίας
2655 5247 2910 5318 καθαρῶς
2940 5245 3389 5315 περιλάμποντος,
3427 5244 3685 5305 ἑκουσίως
3711 5260 3795 5305 τις

2220 5343 2498 5396 ὲπιὸάλλοι
2524 5344 2636 5404 τοῖς
2662 5340 2947 5411 βλεφάροις
2975 5339 3072 5408 τὴν
3101 5339 3307 5407 ὅρασιν,
3340 5335 3444 5401 ἔξω
3464 5334 3565 5403 τῆς
3590 5333 3684 5386 τοῦ
3716 5333 3793 5406 μὴ

2227 5437 2514 5508 βλέποντος
2544 5433 2720 5496 αἰτίας
2757 5434 2786 5485 ὁ
2816 5431 2984 5501 ἥλιος.

549 5530 850 5587 attrahens.
893 5531 949 5587 Si
977 5542 1159 5589 autem
1189 5535 1327 5590 lucis
1348 5544 1590 5606 tempore
1626 5552 1820 5592 sereno
1848 5553 1982 5607 pure
2043 5538 2299 5601 lucentis,
2374 5532 2679 5589 voluntarie
2750 5527 3024 5598 quispiam
3095 5524 3238 5579 ciliis
3289 5521 3644 5593 apprehendit
3713 5521 3795 5577 τί·-

550 5626 782 5694 sionem,
838 5629 919 5683 sol
982 5632 1205 5687 minimc
1255 5642 1336 5688 cst
1404 5647 1569 5690 causa
1629 5634 1750 5704 ejus
1821 5634 1915 5705 qui
1980 5650 2087 5690 non
2128 5633 2337 5704 aspicit.

637 5809 659 5841 ³
693 5810 713 5863 Ι
742 5810 869 5867 Cor.
902 5827 961 5879 ιι,
1010 5813 1095 5869 15.
