4066 6374
279 407 349 461 ’55
1517 417 1774 475 ORATIO
1814 419 2314 479 CATECHETICA.

904 531 1149 584 ΚΕΦΑΛ.
1192 534 1265 586 ιιι.
1898 567 1946 614 Α

3476 435 3543 488 34

2549 539 2778 597 CAPUT
2822 542 2955 599 VIII.

278 661 586 747 Hsglnrébr
623 662 1149 747 ἀγανακτοῦν-τιθῇς,
1193 667 1292 747 διά
1327 668 1384 747 τί
1431 669 1801 747 ἀποθνήσκει
1832 691 1846 747 ε

1968 671 2048 747 De
2076 673 2140 725 iis
2164 675 2255 747 qui
2288 673 2631 747 indignantur
2676 677 2815 745 quod
2847 679 3001 733 homo
3020 682 3269 747 moritur,
3303 699 3421 737 cum
3444 685 3542 741 hoc

346 732 698 820 ιξνςζρωπος,
738 734 951 817 τούτου
988 734 1226 803 μᾶλλον
1256 738 1361 820 ea:
1399 732 1719 820 ‘ebepredt'q
1757 740 1868 820 (of)

344 800 676 866 ἀνθρώπου
720 800 1143 872 τυγχάνοὶθτος,
1174 806 1273 861 καὶ
1325 807 1423 861 διὰ
1473 800 1647 864 {cura
1682 800 1714 864 ὅ
1763 810 1865 863 θά-

343 886 558 933 νατος.

358 1001 504 1053 Ἀλλ’
561 1004 861 1071 ἀγανακτεῖ
906 1004 1124 1069 πάντως
1186 1009 1215 1060 ό
1263 1008 1399 1077 πρὸς
1452 1010 1549 1081 τὴν
1606 1012 1865 1066 ἀνάλυσιν

271 1092 497 1161 βλέπων
538 1094 637 1147 τοῦ
672 1094 941 1166 σώματος,
986 1098 1078 1151 καὶ
1109 1098 1344 1168 χαλεπὸν
1392 1104 1624 1155 ποιεῖται
1664 1103 1739 1172 τῷ
1769 1104 1859 1157 θα-

269 1184 421 1253 νάτῳ
478 1184 587 1255 τὴν
622 1186 767 1257 ζωὴν
812 1187 968 1257 ἡμῶν
1014 1188 1348 1244 διαλύεσθαι.
1385 1191 1593 1245 Οὐκοῦν
1641 1194 1861 1246 ἐπισκε-

267 1274 468 1343 ψάσθω
499 1276 596 1329 διὰ
633 1277 727 1331 τοῦ
789 1278 1112 1350 σκυθρωποῦ
1167 1282 1359 1334 τούτου
1410 1282 1507 1353 τὴν
1556 1284 1861 1355 ὑπερϐολὴν

266 1367 369 1436 τῆς
404 1365 563 1430 θείας
587 1368 923 1438 εὐεργεσίας.
960 1369 1113 1440 Τάχα
1145 1370 1252 1441 γὰρ
1284 1371 1349 1424 ἂν
1386 1372 1587 1442 μᾶλλον
1618 1374 1706 1428 διὰ
1735 1375 1857 1428 τούι

266 1474 365 1508 του
417 1458 765 1528 προσαχθείη
818 1458 1095 1529 θαυμάσαι
1140 1461 1237 1533 τὴν
1270 1463 1427 1534 χάριν
1459 1465 1557 1535 τῆς
1607 1468 1735 1538 περὶ
1768 1468 1858 1522 τὸν

267 1546 566 1619 ἄνθρωπον
609 1549 704 1602 τοῦ
738 1550 871 1603 Θεοῦ
902 1551 1247 1622 κηδεμονίας.
1281 1555 1353 1607 Τὸ
1386 1554 1484 1627 ζῇν
1516 1556 1605 1609 διά
1630 1557 1728 1629 τὴν
1758 1576 1857 1611 κα-

267 1636 559 1707 ταθυμίων
590 1638 889 1692 ἀπόλαυσιν
918 1642 1133 1712 αἱρετόν
1158 1643 1274 1696 ἐστι
1307 1646 1418 1707 τοῖς
1453 1644 1547 1697 τοῦ
1573 1645 1689 1715 βίου
1730 1663 1857 1717 μετ-

268 1729 514 1798 έχουσιν.
560 1730 651 1792 Ὠς
676 1732 727 1783 εί
745 1730 808 1798 γέ
830 1748 913 1794 τις
938 1732 997 1785 ὲν
1028 1732 1239 1796 ὀδύναις
1262 1734 1509 1807 διαϐιῴη,
1540 1738 1692 1808 παρά
1720 1738 1855 1792 πολὺ

266 1820 345 1890 τῷ
372 1821 612 1891 τοιούτῳ
642 1822 704 1875 τὸ
733 1823 807 1893 μὴ
854 1820 993 1877 εἷναι
1040 1825 1134 1879 τοῦ
1186 1816 1448 1896 ἀλγεινῶς
1479 1824 1619 1884 εἶναι
1664 1848 1854 1901 προτι-

2003 744 2071 795 sit
2102 745 2278 811 potius
2309 744 2378 797 ad
2413 744 2715 815 beneﬁcium
2749 749 2997 815 hominis,
3024 762 3072 804 et
3112 768 3205 805 cur
3229 744 3307 809 est
3340 772 3507 811 mors.

2041 998 2148 1054 Sed
2174 1016 2318 1072 aegre
2348 1002 2455 1059 fert
2478 1015 2533 1061 et
2562 1007 2901 1079 indignatur,
2958 1015 3051 1083 qui
3080 1018 3277 1084 aspicit
3322 1020 3389 1073 ad
3421 1020 3539 1077 dis-

1964 1090 2289 1146 solutionem
2320 1098 2590 1166 corporis,
2611 1107 2841 1170 etgrave
2862 1118 2983 1159 esse
3014 1104 3163 1162 ducit
3189 1110 3334 1178 quod
3361 1122 3538 1170 morte

1962 1184 2073 1236 vita
2108 1192 2295 1239 nostra
2318 1186 2657 1244 dissolvitur.
2708 1190 2781 1246 Ex
2814 1195 2915 1250 hoc
2942 1211 3074 1265 ergo
3106 1200 3254 1268 quod
3290 1201 3533 1259 dolorem

1961 1272 2119 1327 aﬂert
2144 1282 2196 1328 et
2237 1278 2569 1343 molestiam,
2594 1284 2907 1340 consideret
2936 1287 3151 1358 insigne
3185 1289 3275 1346 Dei
3327 1292 3535 1348 benefi-

1957 1548 2271 1616 eligendum
2301 1551 2370 1607 iis
2417 1554 2510 1623 qui
2550 1555 2675 1611 vitae
2714 1569 2843 1613 sunt
2888 1564 3208 1635 participes,
3243 1579 3531 1640 propterea

1957 1638 2103 1706 quod
2150 1638 2405 1696 fruantur
2469 1643 2537 1698 iis
2585 1661 2707 1714 quae
2746 1659 2878 1704 sunt
2929 1662 3086 1723 grata
3146 1667 3201 1714 et
3261 1638 3527 1728 jucunda.

1955 1725 2091 1781 Nam
2124 1730 2169 1785 si
2204 1732 2476 1802 quispiam
2505 1736 2560 1789 in
2605 1737 2890 1796 doloribus
2935 1752 2989 1799 et
3019 1725 3319 1818 angoribus
3357 1754 3526 1808 vitam

1959 1823 2310 1891 transigeret,
2328 1824 2377 1877 ei
2404 1823 2561 1896 longe
2588 1831 2953 1897 praestabilius
2968 1834 3248 1904 judicatur
3271 1856 3379 1896 non
3403 1859 3526 1900 esse

271 1910 507 1981 μότερον
538 1891 806 1983 κρίνεταιξ
842 1914 1049 1969 υὺκοῦν
1089 1891 1430 1989 ἐξετάσωμεν
1456 1922 1503 1972 εί
1531 1923 1559 1974 ό
1581 1921 1680 1992 τῆς
1711 1891 1846 1993 ξωῆς

1962 1925 2125 1979 quam
2154 1927 2276 1969 esse
2306 1915 2357 1968 in
2394 1916 2601 1972 dolore.
2655 1918 3046 1983 Examinemus
3093 1944 3224 2001 ergo
3252 1947 3322 1987 an
3353 1934 3402 1990 is
3430 1937 3526 2005 qui

267 2002 509 2071 χορηγὸς
531 2003 671 2072 πρὸς
697 2003 823 2057 ἄλλο
848 2021 898 2057 τι
927 2005 1118 2077 βλέπῃ,
1154 2009 1246 2062 καὶ
1272 2010 1371 2079 οὐχ
1400 2010 1547 2074 ὅπως
1571 2012 1636 2065 ἂν
1656 2014 1714 2065 ὲν
1746 2016 1856 2079 τοῖς

266 2092 583 2157 καλλίστοις
612 2093 871 2166 βιῴημεν.
926 2097 1141 2170 Ἐπειδὴ
1180 2100 1290 2172 γὰρ
1318 2101 1395 2173 τῷ
1420 2101 1747 2176 αὐτεξουσίῳ
1772 2123 1856 2158 κι-

267 2186 474 2254 νήματι
503 2186 600 2238 τοῦ
647 2187 819 2240 κακοῦ
848 2188 945 2259 τὴν
976 2191 1258 2245 κοινωνίαν
1300 2191 1742 2264 ὲξεσπασὰμεθα,
1770 2196 1856 2251 διά

264 2292 411 2340 τινος
452 2278 654 2348 ἡδονῆς
700 2273 811 2332 οἷόν
854 2298 906 2334 τι
934 2280 1256 2353 δηλητήριον
1296 2284 1471 2354 μέλιτι
1509 2289 1854 2358 παραρτυθὲν

266 2370 331 2438 τῇ
367 2367 533 2436 φύσει
589 2370 653 2423 τὸ
701 2370 868 2424 κακὸν
920 2372 1349 2443 καταμίξαντες,
1408 2376 1503 2429 καὶ
1549 2376 1638 2431 διὰ
1696 2378 1854 2433 τοῦτο

264 2459 366 2529 τῆς
402 2460 550 2513 κατὰ
579 2461 642 2514 τὸ
684 2462 892 2526 ἀπαθὲς
932 2465 1228 2536 νοουμένης
1263 2468 1660 2539 μακαριότητος
1690 2471 1854 2524 ἐκπε-

270 2549 474 2617 σόντες,
531 2551 674 2622 πρὸς
718 2552 818 2623 τὴν
858 2554 1054 2607 κακίαν
1099 2558 1630 2630 μετεμορφώθημενο
1660 2561 1849 2614 τούτου

266 2639 451 2693 ἕνεκεν
483 2637 599 2695 οἷόν
633 2661 687 2696 τι
723 2645 914 2708 σκεῦος
951 2646 1303 2721 ὀστράκινον,
1356 2650 1518 2705 πάλιν
1564 2654 1593 2705 ό
1639 2653 1849 2725 ἀνθρω-

271 2748 371 2793 πος
408 2734 489 2796 είς
536 2733 661 2804 ’γῆν
698 2735 1018 2789 ἀναλύεται·
1053 2740 1201 2803 ὅπως
1258 2739 1323 2793 ἂν
1367 2743 1467 2812 τῆς
1499 2740 1593 2795 νῦν
1632 2744 1847 2797 ὲναπει-

266 2820 561 2893 λημμένης
604 2826 748 2896 αὐτῷ
790 2829 1058 2900 ρυπαρίας
1104 2831 1525 2904 ἀποκριθείσης,
1576 2836 1654 2898 είς
1684 2836 1745 2888 τὸ
1790 2838 1848 2903 ἐξ

266 2914 438 2985 ἀρχῆς
478 2916 671 2986 σχῆμα
701 2917 790 2971 διὰ
828 2919 930 2989 τῆς
960 2921 1310 2986 ἀναστάσεως
1352 2924 1742 2997 ἀναπλασθείη.
1777 2927 1850 2980 Τὸ

269 3003 324 3054 δὲ
361 3006 607 3059 τοιοῦτον
655 3008 833 3079 δόγμα
865 3011 1279 3086 ίστορικώτερον
1328 3016 1445 3085 μὲν,
1477 3018 1570 3070 καὶ
1622 3018 1686 3071 δι’
1713 3022 1849 3072 αἰνι-

269 3095 491 3164 γμάτων
521 3100 550 3151 ό
572 3099 778 3169 Μωσῆς
805 3100 931 3171 ὑμῖν
966 3104 1257 3159 ἐκτίθεται.
1298 3107 1446 3178 Πλὴν
1488 3108 1707 3179 ἔκδηλον
1758 3112 1849 3163 καὶ

268 3187 333 3239 τὰ
379 3188 681 3258 αἰνίγματα
730 3191 829 3261 τὴν
874 3192 1219 3248 διδασκαλίαν
1248 3195 1381 3267 ἔχει.
1452 3200 1666 3270 Ἐπειδὴ
1726 3202 1842 3271 γὰρ,

1956 2000 2125 2056 vitam
2157 2007 2491 2076 suppeditat,
2531 2009 2595 2062 ad
2624 2011 2830 2082 aliquid
2873 2018 3020 2073 aliud
3058 2000 3312 2091 aspiciat,
3357 2000 3525 2096 quam

1957 2101 2016 2148 ut
2039 2096 2202 2149 vitam
2230 2113 2459 2168 agamus
2485 2101 2537 2154 in
2565 2102 2631 2157 iis
2649 2120 2770 2173 quae
2797 2117 2925 2163 sunt
2953 2112 3161 2182 Optima
3178 2124 3233 2171 et
3263 2118 3525 2187 pulcher-

1954 2186 2115 2240 rima.
2148 2186 2286 2253 Quia
2332 2191 2479 2245 enim
2526 2192 2681 2248 liberi
2728 2197 2944 2254 arbitrii
3001 2213 3152 2259 motu
3196 2186 3524 2264 attraximus

1957 2280 2081 2332 mali
2116 2282 2459 2346 societatem,
2515 2301 2613 2355 per
2657 2288 2944 2358 cujusdam
3003 2296 3304 2355 voluntatis
3357 2302 3523 2357 veluti

1954 2370 2227 2438 quoddam
2258 2390 2530 2431 venenum
2565 2381 2723 2436 melle
2747 2384 3049 2450 conditum,
3074 2388 3277 2443 malum
3309 2400 3524 2449 natura;

1953 2462 2369 2533 immiscentes;
2403 2476 2458 2521 et
2481 2469 2603 2524 ideo
2639 2486 2668 2526 a
2707 2473 3046 2532 beatitudine
3096 2494 3219 2549 quae
3250 2497 3314 2537 ex
3344 2483 3522 2553 impa-

1953 2553 2208 2610 tibilitate
2241 2556 2569 2629 intelligitur
2609 2563 2953 2631 excidentes,
3005 2570 3385 2627 transformati
3428 2590 3522 2630 su-

1954 2658 2081 2698 mus
2114 2645 2181 2699 ad
2209 2648 2426 2714 vitium,
2484 2665 2546 2705 ea
2579 2651 2646 2707 de
2689 2668 2861 2711 causa
2907 2659 3074 2714 veluti
3112 2662 3388 2730 quoddam
3424 2679 3523 2719 vas

1951 2735 2151 2802 ﬁctile,
2184 2738 2348 2793 homo
2378 2757 2571 2799 rursus
2608 2746 2661 2800 in
2694 2754 2895 2802 terram
2931 2752 3296 2819 resolvitur‘;
3336 2764 3394 2809 ut
3438 2771 3524 2810 se-

1951 2829 2119 2885 cretis
2151 2845 2272 2900 quae
2296 2831 2348 2886 in
2375 2848 2440 2888 eo
2467 2851 2615 2891 nunc
2653 2848 2783 2894 sunt
2808 2841 3088 2908 sordibus,
3143 2844 3198 2899 in
3228 2846 3521 2915 pristinam

1951 2922 2181 2991 figuram
2216 2923 2547 2984 reformetur
2575 2937 3173 3000 perresurrectionem.
3202 2937 3317 2994 Hoc
3339 2950 3521 2996 autem

1949 3007 2142 3080 dogma
2175 3011 2432 3071 historice
2471 3019 2711 3087 quidem,
2768 3030 2824 3076 et
2876 3039 2971 3093 per
3022 3026 3309 3093 aenigmata
3359 3030 3522 3086 nobis

1948 3099 2174 3165 exponit
2208 3098 2405 3156 Moses.
2440 3103 2711 3161 Caeterum
2745 3108 2861 3163 haec
2891 3111 3057 3164 etiam
3086 3114 3374 3182 aenigmata
3396 3131 3520 3185 per-

1953 3189 2202 3256 spicuam
2237 3200 2294 3247 et
2341 3195 2548 3248 claram
2596 3195 2800 3252 habent
2838 3199 3173 3257 doctrinam.
3223 3203 3517 3276 Postquam

271 3277 452 3344 φησὶν,
484 3279 543 3329 ὲν
583 3282 695 3339 τοῖς
728 3281 1198 3354 ἀπηγορευμένοις
1246 3288 1493 3355 ἐγένοντο
1546 3291 1596 3342 οἱ
1640 3292 1844 3361 πρῶτοι

1950 3281 2120 3344 enim,
2152 3282 2246 3347 ait,
2305 3284 2359 3337 in
2392 3285 2458 3339 iis
2503 3302 2624 3355 qua:
2674 3290 2948 3358 prohibita
2985 3292 3224 3359 fuerant,
3288 3296 3515 3353 fuerunt

269 3366 577 3436 ἄνθρωποι,
624 3372 718 3423 καὶ
791 3371 892 3441 τῆς
941 3376 1341 3447 μακαριότητος
1380 3378 1595 3449 ἐκείνης
1645 3381 1853 3448 ἀπεγυ-

272 3458 600 3529 μνὼθησαν,
684 3461 1037 3533 δερματίνους
1099 3467 1378 3522 ἐπιϐάλλει
1456 3471 1689 3540 χιτῶνας
1740 3476 1849 3536 τοῖς

271 3553 720 3619 πρωτοπλάστοις
775 3558 803 3608 ό
865 3556 1099 3629 Κύριοςο
1148 3558 1209 3611 οὔ
1279 3576 1369 3630 μοι
1425 3561 1570 3614 δοκεῖ
1614 3564 1749 3634 πρὸς
1781 3565 1851 3618 τὰ

270 3640 491 3695 τοιαῦτα
546 3643 786 3715 δέρματα
838 3646 933 3699 τοῦ
989 3648 1146 3717 λόγου
1205 3650 1304 3721 τὴν
1358 3652 1594 3707 διάνοιαν
1643 3654 1844 3725 φέρων·

269 3731 430 3783 τωίων
471 3732 586 3804 γὰρ
619 3736 1043 3806 ἀποσφαγέντων
1090 3741 1185 3793 καὶ
1213 3742 1484 3813 δαρέντων
1530 3744 1684 3808 ζώων
1725 3747 1846 3800 ἐπι-

269 3824 459 3874 νοεῖται
481 3824 667 3888 αὐτοῖς
687 3827 719 3897 ἡ
737 3828 993 3901 περιϐολή
1016 3848 1029 3896 ;
1066 3830 1182 3885 ἀλλ’
1198 3833 1385 3906 ἐπειδὴ
1424 3838 1532 3889 πᾶν
1553 3836 1727 3908 δέρμα
1742 3857 1848 3909 χω·-

274 3911 447 3978 ρισθὲν
473 3913 571 3966 τοῦ
596 3914 759 3981 ζὼου,
786 3920 975 3990 νεκρόν
1002 3923 1145 3975 ἐστι⁸
1172 3924 1389 3989 πάντως
1408 3923 1558 3997 οἶμαι
1581 3929 1679 3999 τὴν
1711 3930 1845 4001 πρὸς

271 4001 329 4053 τὸ
352 4008 675 4077 νεκροῦσθαι
708 4010 958 4092 δύναμιν,
986 4014 1019 4085 ἢ
1049 4016 1148 4088 τῆς
1172 4017 1366 4084 ἀλόγου
1403 4018 1613 4088 φύσεως
1638 4020 1845 4092 ἐξαίρε-

270 4109 356 4155 τος
386 4090 451 4166 ὴν
498 4101 566 4152 ἐκ
619 4088 991 4173 προμηθείας,
1023 4105 1160 4176 μετά
1186 4107 1360 4162 ταῦτα
1386 4111 1499 4173 τοῖς
1539 4088 1844 4180 ἀνθρώποις

272 4184 678 4261 ἐπιϐεϐληκὲναι
707 4192 799 4247 τὸν
818 4194 916 4267 τὴν
944 4198 1140 4252 κακίαν
1171 4200 1329 4270 ἡμῶν
1362 4201 1677 4273 ἰατρεύοντα
1699 4244 1712 4267 ,
1745 4204 1841 4274 οὐχ

271 4274 341 4337 ὡς
371 4280 447 4340 εἰς
484 4281 572 4333 ἀεὶ
602 4285 960 4355 παραμένειν.
1013 4287 1071 4341 Ὀ
1108 4291 1218 4361 γὰρ
1268 4292 1453 4362 χιτὼν,
1501 4293 1610 4347 τῶν
1644 4293 1841 4360 ἔξωθεν

272 4366 397 4434 ἡμῖν
436 4371 875 4445 ἐπιϐαλλομένων
928 4379 1074 4445 ἐστὶ,
1117 4381 1253 4451 πρὸς
1294 4383 1480 4454 καιρὸν
1521 4384 1617 4456 τὴν
1646 4385 1838 4438 ἑαυτοῦ

273 4454 460 4524 χρῆσιν
509 4461 765 4533 παρέχων
811 4465 905 4517 τοῦ
955 4467 1231 4537 σώματος,
1268 4470 1329 4523 οὐ
1362 4454 1732 4542 συμπεφυκὼς
1772 4476 1836 4545 τῇ

272 4542 441 4608 φύσει.
485 4550 693 4603 Οὐκοῦν
733 4554 798 4607 ὲκ
840 4554 940 4624 τῆς
989 4557 1098 4611 τῶν
1146 4559 1357 4629 ἀλόγων
1408 4560 1622 4629 φύσεως
1668 4566 1701 4634 ἡ
1755 4542 1838 4616 νεξ

273 4633 464 4705 κρότης
490 4639 843 4709 οἰκονομικῶς
875 4644 1163 4716 περιετέθη
1185 4649 1250 4717 τῇ
1283 4649 1362 4711 είς
1394 4633 1696 4702 ἀθανασίαν
1720 4668 1836 4703 κτι-
1867 4636 1911 4690 D

275 4722 450 4799 σθείσῃ
506 4730 696 4798 φύσει,
744 4733 806 4785 τὸ
866 4734 1061 4799 ἔξωθεν
1099 4739 1269 4809 αὐτῆς
1323 4740 1831 4811 περικαλύπτουσα,

272 4815 328 4865 οὐ
360 4817 416 4869 τὸ
439 4819 665 4887 ἔσωθεν,
710 4824 805 4875 καὶ
834 4826 895 4877 τὸ
928 4827 1182 4897 αἰσθητὸν
1209 4828 1303 4882 τοῦ
1345 4831 1632 4902 ἀνθρώπου
1668 4834 1834 4903 μέρος

272 4904 722 4979 διαλαμϐάνουσα,
754 4915 925 4986 αὐτῆς
948 4917 1004 4971 δὲ
1028 4920 1127 4990 τῆς
1152 4920 1301 4984 θείας
1330 4922 1535 4987 εἰκόνος
1571 4925 1632 4977 οὐ
1665 4941 1833 4996 προσ-

274 5001 558 5071 απτομένη.
608 5004 809 5059 Λύεται
857 5007 915 5059 δὲ
953 5008 1013 5062 τὸ
1042 5010 1327 5081 αἰσθητὸν,
1362 5013 1459 5067 οὐκ
1488 5014 1826 5083 ἀφανίζεται.

285 5085 598 5164 Ἀφανισμδς
650 5096 749 5165 μὲν
798 5099 905 5170 γάρ
948 5102 1113 5159 ἐστιν.
1162 5105 1196 5174 ἡ
1246 5105 1326 5167 είς
1356 5104 1417 5157 τὸ
1454 5104 1528 5176 μὴ
1567 5104 1626 5159 ὂν
1668 5123 1832 5176 μετα-

273 5177 535 5252 χώρησις·
590 5186 743 5253 λύσις
793 5190 849 5242 δὲ
900 5194 932 5262 ή
981 5196 1061 5256 είς
1106 5196 1174 5249 τὰ
1220 5195 1311 5249 τοῦ
1345 5197 1549 5267 κόσμου
1594 5200 1833 5267 στοιχεῖα

274 5269 438 5337 πάλιν,
478 5278 569 5345 ἀφ’
612 5272 687 5333 ὧν
716 5282 816 5350 τὴν
858 5281 1113 5337 σύστασιν
1147 5285 1333 5357 ἔσχεν,
1369 5288 1629 5353 διάλυσις.
1670 5290 1743 5343 Τὸ
1773 5290 1827 5343 δὲ

276 5358 327 5409 ἐν
348 5364 550 5431 τούτοις
580 5370 869 5442 γενόμενον
900 5374 998 5428 οὑκ
1026 5377 1302 5441 ἀπόλωλε,
1332 5379 1435 5433 κᾶν
1465 5380 1706 5452 ὲκφεύγῃ
1730 5381 1829 5452 τὴν

274 5454 555 5528 κατάληψιν
582 5462 680 5531 τῆς
706 5465 979 5537 ἡμετέρας
1009 5468 1327 5539 αἰσθήσεως.
1368 5470 1429 5524 Ἡ
1463 5472 1519 5524 δὲ
1545 5475 1692 5527 αίτία
1724 5474 1826 5540 τῆς

279 5540 465 5613 λύσεως
516 5555 647 5627 δήλη
710 5557 797 5611 διὰ
842 5559 934 5613 τοῦ
992 5563 1245 5633 ῥηθέντος
1298 5567 1428 5637 ἡμῖν
1492 5567 1822 5638 ὑποδείγμα-

277 5646 374 5695 τοςο
424 5638 634 5714 Ἐπειδὴ
676 5645 783 5718 γὰρ
808 5648 840 5719 ή
870 5649 1117 5723 αἴσθησις
1160 5654 1296 5725 πρὸς
1343 5654 1404 5708 τὸ
1442 5655 1588 5727 παχύ
1626 5673 1683 5709 τε
1728 5656 1820 5715 καὶ

339 5809 503 5872 ‘Gen.
537 5834 615 5878 ιιι.
646 5821 731 5876 19.

1952 3373 2115 3442 primi
2147 3373 2418 3440 homines,
2474 3386 2528 3431 et
2562 3379 2746 3433 nudati
2784 3389 2916 3436 sunt
2945 3382 3309 3454 beatitudine,
3357 3390 3519 3459 pelli-

1950 3477 2077 3517 ceas
2122 3465 2336 3520 tunicas
2386 3470 2737 3537 protoplastis
2786 3472 3017 3542 imponit
3070 3475 3235 3541 Deus,
3255 3493 3361 3531 non
3389 3494 3518 3534 sen-

1950 3556 2113 3615 tiens,
2166 3564 2226 3608 ut
2277 3558 2492 3625 opinor,
2553 3560 2620 3614 de
2672 3560 2947 3629 ejusmodi
2989 3565 3246 3634 pellibus.
3304 3567 3517 3634 Quibus

1948 3647 2090 3699 enim
2125 3647 2432 3705 interfectis
2474 3661 2527 3704 et
2562 3653 2855 3709 excoriatis
2902 3657 3255 3724 animalibus,
3303 3662 3385 3714 eis
3419 3676 3518 3715 ex-

1947 3738 2223 3809 cogitatur
2264 3741 2545 3796 amictus?
2597 3741 2702 3797 Sed
2736 3746 2994 3814 quoniam
3026 3749 3207 3803 omnis
3256 3752 3411 3820 pellis
3446 3754 3517 3808 ab

1947 3832 2273 3886 animalibus
2300 3842 2554 3902 separata
2603 3842 2688 3890 est
2720 3846 2933 3892 mortua
2957 3876 2973 3902 ,
3009 3840 3265 3896 existimo
3292 3844 3518 3900 omnino

1945 3940 2069 3977 eum
2104 3924 2194 3993 qui
2229 3925 2363 3977 vitio
2398 3934 2590 4005 nostro
2620 3929 2897 3994 medetur,
2951 3930 3268 3988 hominibus
3318 3945 3513 4005 postea

1946 4015 2242 4070 immisisse
2267 4030 2332 4071 ex
2381 4000 2723 4085 provfdentia
2754 4022 2864 4075 vim
2906 4022 2973 4076 ad
3007 4024 3517 4098 moriendum,quaz

1944 4114 2173 4178 excepta
2221 4106 2327 4161 fuit
2354 4123 2417 4162 ex
2477 4117 2673 4163 natura
2717 4120 2938 4181 experte
2970 4115 3223 4181 rationis,
3287 4126 3346 4171 ut
3400 4134 3517 4173 non

1944 4213 2161 4267 semper
2188 4210 2553 4268 permaneret.
2596 4201 2807 4257 Tunica
2846 4205 2989 4258 enim
3021 4214 3107 4261 est
3151 4224 3218 4263 ex
3267 4209 3335 4265 iis
3389 4228 3517 4281 quae

1942 4287 2101 4342 nobis
2130 4289 2490 4357 imponuntur
2532 4292 2896 4353 extrinsecus,
2930 4295 3014 4349 sui
3048 4312 3208 4351 usum
3243 4300 3310 4353 ad
3365 4307 3511 4355 tem-

1942 4395 2044 4447 pus
2077 4380 2324 4448 prtebens
2346 4385 2597 4451 corpori,
2630 4392 2837 4439 naturae
2866 4385 3087 4440 minime
3117 4400 3513 4459 congenerata.

1941 4470 2014 4524 Ex
2050 4481 2245 4526 natura
2277 4488 2406 4545 ergo
2430 4473 2738 4539 brutorum,
2776 4484 2927 4530 certo
2953 4479 3183 4533 consilio
3205 4495 3268 4536 ac
3289 4481 3513 4552 dispen-

1941 4561 2169 4625 satione,
2196 4562 2378 4616 addita
2407 4571 2492 4618 est
2518 4565 2821 4619 mortalitas
2839 4578 3046 4621 naturae
3067 4578 3377 4638 quamreata
3392 4571 3509 4627 fue-

1942 4660 2023 4703 rat
2048 4652 2113 4705 ad
2139 4652 2623 4716 immortalitatem,
2656 4653 2707 4706 id
2727 4655 2868 4722 quod
2899 4662 2983 4711 est
2997 4657 3117 4725 ejus
3164 4658 3516 4717 extrinsecus

1941 4752 2259 4811 contegens,
2296 4759 2403 4798 non
2426 4743 2477 4797 id
2500 4745 2643 4813 quod
2673 4756 2757 4799 est
2788 4746 3140 4815 intrinsecus,
3168 4758 3216 4804 el
3251 4752 3507 4808 seusilem

1942 4834 2176 4889 hominis
2195 4844 2399 4903 partem
2444 4836 2817 4904 intercipiens,
2860 4853 2966 4891 non
3014 4840 3287 4912 attingens
3325 4850 3515 4900 autem

1940 4924 2112 4993 ipsam
2127 4926 2365 4979 divinam
2395 4925 2704 4997 imaginem.
2732 4925 2974 4981 Solvitur
2989 4938 3167 4983 autem
3196 4931 3247 4986 id
3262 4934 3403 5002 quod
3422 4944 3512 4989 est:

1940 5014 2286 5077 sensile,non
2301 5022 2480 5068 autem
2524 5015 2770 5069 aboletur
2799 5024 2853 5070 et
2878 5020 3174 5074 evanescit.
3201 5020 3341 5075 Nam
3372 5022 3507 5077 abo-

1938 5105 2058 5159 litio
2115 5105 2332 5175 quidem
2380 5114 2465 5159 est
2521 5106 2587 5158 ad
2639 5106 2689 5159 id
2739 5108 2884 5177 quod
2937 5117 3171 5166 nonest
3214 5114 3513 5173 transitus.

1940 5193 2153 5249 Solutio
2205 5204 2384 5250 autem
2438 5206 2519 5250 est
2556 5197 2842 5253 dissolutio
2891 5215 3012 5270 quae
3078 5200 3149 5256 fit
3192 5218 3384 5260 rursus
3448 5207 3502 5261 in

1937 5285 2122 5339 mundi
2162 5286 2447 5351 elementa,
2471 5301 2537 5340 ex
2577 5288 2776 5356 quibus
2810 5288 2985 5345 fuerat
3010 5304 3311 5363 compacta.
3347 5297 3509 5363 Quod

1936 5384 2115 5430 autem
2147 5375 2201 5429 in
2219 5376 2285 5430 iis
2310 5374 2491 5441 fuerit,
2514 5392 2621 5431 non
2638 5378 2820 5449 periit,
2840 5381 3054 5438 etiamsi
3069 5383 3290 5456 effugiat
3326 5390 3503 5443 nostri

1935 5483 2129 5523 sensus
2143 5469 2705 5539 comprehensionem.
2722 5471 2924 5543 Aperta
2942 5484 3119 5531 autem
3134 5486 3219 5533 est
3232 5493 3398 5535 causa
3418 5497 3508 5534 so-

1930 5559 2154 5616 lutionis
2176 5575 2281 5631 .per
2298 5562 2604 5631 exemplum
2636 5563 2781 5633 quod
2816 5566 2974 5621 nobis
2996 5566 3199 5622 dictum
3227 5578 3332 5625 est.
3353 5570 3507 5637 Quo-

1929 5653 2073 5707 niam
2090 5654 2233 5708 enim
2249 5668 2443 5710 sensus
2460 5654 2913 5713 necessitudinem
2929 5657 3087 5715 habet
3100 5661 3386 5733 etconjum
3403 5664 3508 5723 tio-
