  <div class='ocr_page' id='page_1' title='image "/cluster/home/n/w/nwhite01/storage/ocr_20150623/45/nnc1.0046978445/027.png"; bbox 0 0 4066 6374; ppageno 0'>
   <div class='ocr_carea' id='block_1_1' title="bbox 475 313 3709 390">
    <p class='ocr_par' dir='ltr' id='par_1_1' title="bbox 475 313 3709 390">
     <span class='ocr_line' id='line_1_1' title="bbox 475 313 3709 390; baseline -0.007 0"><span class='ocrx_word' id='word_1_1' title='bbox 475 336 545 390; x_wconf 65' lang='grc' dir='ltr'><strong>δῦ</strong></span> <span class='ocrx_word' id='word_1_2' title='bbox 1742 323 1797 376; x_wconf 89' lang='lat' dir='ltr'><strong>S.</strong></span> <span class='ocrx_word' id='word_1_3' title='bbox 1841 318 2163 376; x_wconf 70' lang='lat' dir='ltr'><strong>GBEGORII</strong></span> <span class='ocrx_word' id='word_1_4' title='bbox 2196 317 2283 371; x_wconf 79' lang='grc' dir='ltr'><strong>ΝΥ</strong></span> <span class='ocrx_word' id='word_1_5' title='bbox 2295 315 2487 371; x_wconf 80' lang='lat' dir='ltr'><strong>SSENI</strong></span> <span class='ocrx_word' id='word_1_6' title='bbox 3642 313 3709 367; x_wconf 76' lang='lat'><strong>36</strong></span> 
     </span>
    </p>
   </div>
   <div class='ocr_carea' id='block_1_2' title="bbox 479 418 2066 515">
    <p class='ocr_par' dir='ltr' id='par_1_2' title="bbox 479 433 2043 515">
     <span class='ocr_line' id='line_1_2' title="bbox 479 433 2043 515; baseline -0.015 -8"><span class='ocrx_word' id='word_1_7' title='bbox 479 465 603 507; x_wconf 91' lang='lat' dir='ltr'><strong>nem</strong></span> <span class='ocrx_word' id='word_1_8' title='bbox 618 459 741 503; x_wconf 88' lang='lat' dir='ltr'><strong>cum</strong></span> <span class='ocrx_word' id='word_1_9' title='bbox 769 460 834 501; x_wconf 90' lang='lat' dir='ltr'><strong>eo</strong></span> <span class='ocrx_word' id='word_1_10' title='bbox 846 441 991 515; x_wconf 90' lang='lat' dir='ltr'><strong>quod</strong></span> <span class='ocrx_word' id='word_1_11' title='bbox 1020 450 1103 497; x_wconf 90' lang='lat' dir='ltr'><strong>est</strong></span> <span class='ocrx_word' id='word_1_12' title='bbox 1130 453 1376 495; x_wconf 88' lang='lat' dir='ltr'><strong>crassum</strong></span> <span class='ocrx_word' id='word_1_13' title='bbox 1391 446 1445 493; x_wconf 92' lang='lat' dir='ltr'><strong>et</strong></span> <span class='ocrx_word' id='word_1_14' title='bbox 1471 442 1727 491; x_wconf 77' lang='lat' dir='ltr'><strong>terrestre</strong></span> <span class='ocrx_word' id='word_1_15' title='bbox 1758 454 1768 488; x_wconf 93' lang='lat'>:</span> <span class='ocrx_word' id='word_1_16' title='bbox 1797 433 1940 503; x_wconf 90' lang='lat' dir='ltr'><strong>quod</strong></span> <span class='ocrx_word' id='word_1_17' title='bbox 1960 441 2043 486; x_wconf 71' lang='lat' dir='ltr'><strong>est</strong></span> 
     </span>
    </p>
   </div>
   <div class='ocr_carea' id='block_1_3' title="bbox 2168 418 3713 515">
    <p class='ocr_par' dir='ltr' id='par_1_3' title="bbox 2168 418 3713 502">
     <span class='ocr_line' id='line_1_3' title="bbox 2168 418 3713 502; baseline -0.009 -18"><span class='ocrx_word' id='word_1_18' title='bbox 2168 433 2329 502; x_wconf 74' lang='grc' dir='ltr'>νήϊνον</span> <span class='ocrx_word' id='word_1_19' title='bbox 2373 429 2586 491; x_wconf 83' lang='grc' dir='ltr'><strong>οἰκείως</strong></span> <span class='ocrx_word' id='word_1_20' title='bbox 2626 426 2769 496; x_wconf 78' lang='grc' dir='ltr'>ἔχει·</span> <span class='ocrx_word' id='word_1_21' title='bbox 2814 424 3119 495; x_wconf 87' lang='grc' dir='ltr'>κρείττονος</span> <span class='ocrx_word' id='word_1_22' title='bbox 3156 419 3215 474; x_wconf 79' lang='grc' dir='ltr'>δὲ</span> <span class='ocrx_word' id='word_1_23' title='bbox 3244 422 3338 475; x_wconf 75' lang='grc' dir='ltr'><strong>καὶ</strong></span> <span class='ocrx_word' id='word_1_24' title='bbox 3378 418 3713 490; x_wconf 75' lang='grc' dir='ltr'><strong>ὑψηλοτέρας</strong></span> 
     </span>
    </p>
   </div>
   <div class='ocr_carea' id='block_1_4' title="bbox 481 523 2042 605">
    <p class='ocr_par' dir='ltr' id='par_1_4' title="bbox 481 523 2042 605">
     <span class='ocr_line' id='line_1_4' title="bbox 481 523 2042 605; baseline -0.012 -12"><span class='ocrx_word' id='word_1_25' title='bbox 481 548 664 593; x_wconf 77' lang='lat' dir='ltr'><strong>autent</strong></span> <span class='ocrx_word' id='word_1_26' title='bbox 693 531 1043 605; x_wconf 62' lang='lat' dir='ltr'><strong>praestantius</strong></span> <span class='ocrx_word' id='word_1_27' title='bbox 1064 536 1118 583; x_wconf 92' lang='lat' dir='ltr'><strong>et</strong></span> <span class='ocrx_word' id='word_1_28' title='bbox 1139 528 1449 590; x_wconf 85' lang='lat' dir='ltr'><strong>sublimius,</strong></span> <span class='ocrx_word' id='word_1_29' title='bbox 1476 540 1665 580; x_wconf 89' lang='lat' dir='ltr'><strong>eorum</strong></span> <span class='ocrx_word' id='word_1_30' title='bbox 1687 538 1807 593; x_wconf 66' lang='lat' dir='ltr'><strong>qua:</strong></span> <span class='ocrx_word' id='word_1_31' title='bbox 1827 525 1881 576; x_wconf 92' lang='lat' dir='ltr'><strong>iu</strong></span> <span class='ocrx_word' id='word_1_32' title='bbox 1899 523 2042 576; x_wconf 93' lang='lat' dir='ltr'><strong>bono</strong></span> 
     </span>
    </p>
   </div>
   <div class='ocr_carea' id='block_1_5' title="bbox 476 616 2047 688">
    <p class='ocr_par' dir='ltr' id='par_1_5' title="bbox 476 616 2047 688">
     <span class='ocr_line' id='line_1_5' title="bbox 476 616 2047 688; baseline -0.011 -5"><span class='ocrx_word' id='word_1_33' title='bbox 476 639 535 684; x_wconf 88' lang='lat' dir='ltr'><strong>et</strong></span> <span class='ocrx_word' id='word_1_34' title='bbox 568 628 798 681; x_wconf 87' lang='lat' dir='ltr'><strong>honesto</strong></span> <span class='ocrx_word' id='word_1_35' title='bbox 840 630 1128 677; x_wconf 76' lang='lat' dir='ltr'><strong>versantur</strong></span> <span class='ocrx_word' id='word_1_36' title='bbox 1155 619 1446 688; x_wconf 91' lang='lat' dir='ltr'><strong>judicium,</strong></span> <span class='ocrx_word' id='word_1_37' title='bbox 1498 616 1770 671; x_wconf 85' lang='lat' dir='ltr'><strong>aberravit</strong></span> <span class='ocrx_word' id='word_1_38' title='bbox 1814 616 1868 668; x_wconf 90' lang='lat' dir='ltr'><strong>in</strong></span> <span class='ocrx_word' id='word_1_39' title='bbox 1918 628 2047 684; x_wconf 90' lang='lat' dir='ltr'><strong>pro-</strong></span> 
     </span>
    </p>
   </div>
   <div class='ocr_carea' id='block_1_6' title="bbox 480 702 2049 776">
    <p class='ocr_par' dir='ltr' id='par_1_6' title="bbox 480 702 2049 776">
     <span class='ocr_line' id='line_1_6' title="bbox 480 702 2049 776; baseline -0.013 -2"><span class='ocrx_word' id='word_1_40' title='bbox 480 718 675 774; x_wconf 87' lang='lat' dir='ltr'><strong>bandis</strong></span> <span class='ocrx_word' id='word_1_41' title='bbox 701 715 977 772; x_wconf 87' lang='lat' dir='ltr'><strong>sensibus,</strong></span> <span class='ocrx_word' id='word_1_42' title='bbox 1011 712 1077 764; x_wconf 90' lang='lat' dir='ltr'><strong>ab</strong></span> <span class='ocrx_word' id='word_1_43' title='bbox 1109 726 1175 764; x_wconf 89' lang='lat' dir='ltr'><strong>eo</strong></span> <span class='ocrx_word' id='word_1_44' title='bbox 1217 720 1397 761; x_wconf 88' lang='lat' dir='ltr'><strong>autem</strong></span> <span class='ocrx_word' id='word_1_45' title='bbox 1429 707 1572 776; x_wconf 87' lang='lat' dir='ltr'><strong>quod</strong></span> <span class='ocrx_word' id='word_1_46' title='bbox 1615 705 1818 758; x_wconf 88' lang='lat' dir='ltr'><strong>bonum</strong></span> <span class='ocrx_word' id='word_1_47' title='bbox 1848 711 1902 758; x_wconf 89' lang='lat' dir='ltr'><strong>et</strong></span> <span class='ocrx_word' id='word_1_48' title='bbox 1957 702 2049 755; x_wconf 81' lang='lat' dir='ltr'><strong>ho-</strong></span> 
     </span>
    </p>
   </div>
   <div class='ocr_carea' id='block_1_7' title="bbox 484 791 2045 862">
    <p class='ocr_par' dir='ltr' id='par_1_7' title="bbox 484 791 2045 862">
     <span class='ocr_line' id='line_1_7' title="bbox 484 791 2045 862; baseline -0.012 -1"><span class='ocrx_word' id='word_1_49' title='bbox 484 815 697 862; x_wconf 87' lang='lat' dir='ltr'><strong>nestum</strong></span> <span class='ocrx_word' id='word_1_50' title='bbox 724 816 807 859; x_wconf 88' lang='lat' dir='ltr'><strong>est</strong></span> <span class='ocrx_word' id='word_1_51' title='bbox 837 803 1128 862; x_wconf 80' lang='lat' dir='ltr'><strong>abet-ratio,</strong></span> <span class='ocrx_word' id='word_1_52' title='bbox 1155 798 1449 857; x_wconf 76' lang='lat' dir='ltr'><strong>elIecit,-ut</strong></span> <span class='ocrx_word' id='word_1_53' title='bbox 1494 794 1809 848; x_wconf 86' lang='lat' dir='ltr'><strong>contrarius</strong></span> <span class='ocrx_word' id='word_1_54' title='bbox 1858 791 2045 846; x_wconf 91' lang='lat' dir='ltr'><strong>consi-</strong></span> 
     </span>
    </p>
   </div>
   <div class='ocr_carea' id='block_1_8' title="bbox 485 884 2050 957">
    <p class='ocr_par' dir='ltr' id='par_1_8' title="bbox 485 884 2050 957">
     <span class='ocr_line' id='line_1_8' title="bbox 485 884 2050 957; baseline -0.013 -2"><span class='ocrx_word' id='word_1_55' title='bbox 485 907 653 955; x_wconf 91' lang='lat' dir='ltr'><strong>steret</strong></span> <span class='ocrx_word' id='word_1_56' title='bbox 684 897 943 957; x_wconf 88' lang='lat' dir='ltr'><strong>habitus;</strong></span> <span class='ocrx_word' id='word_1_57' title='bbox 974 891 1188 946; x_wconf 88' lang='lat' dir='ltr'><strong>inutilis</strong></span> <span class='ocrx_word' id='word_1_58' title='bbox 1218 888 1429 943; x_wconf 89' lang='lat' dir='ltr'><strong>reddita</strong></span> <span class='ocrx_word' id='word_1_59' title='bbox 1463 901 1591 956; x_wconf 91' lang='lat' dir='ltr'><strong>pars</strong></span> <span class='ocrx_word' id='word_1_60' title='bbox 1626 884 1824 945; x_wconf 90' lang='lat' dir='ltr'><strong>nostri,</strong></span> <span class='ocrx_word' id='word_1_61' title='bbox 1861 896 2050 937; x_wconf 86' lang='lat' dir='ltr'><strong>susce-</strong></span> 
     </span>
    </p>
   </div>
   <div class='ocr_carea' id='block_1_9' title="bbox 484 972 2049 1063">
    <p class='ocr_par' dir='ltr' id='par_1_9' title="bbox 484 972 2049 1063">
     <span class='ocr_line' id='line_1_9' title="bbox 484 972 2049 1063; baseline -0.014 -16"><span class='ocrx_word' id='word_1_62' title='bbox 484 992 666 1063; x_wconf 89' lang='lat' dir='ltr'><strong>ptione</strong></span> <span class='ocrx_word' id='word_1_63' title='bbox 709 986 974 1043; x_wconf 75' lang='lat' dir='ltr'><strong>contrarii</strong></span> <span class='ocrx_word' id='word_1_64' title='bbox 1008 984 1261 1038; x_wconf 87' lang='lat' dir='ltr'><strong>solvitur.</strong></span> <span class='ocrx_word' id='word_1_65' title='bbox 1335 979 1430 1034; x_wconf 88' lang='lat' dir='ltr'><strong>Est</strong></span> <span class='ocrx_word' id='word_1_66' title='bbox 1496 985 1676 1031; x_wconf 86' lang='lat' dir='ltr'><strong>autem</strong></span> <span class='ocrx_word' id='word_1_67' title='bbox 1732 972 2049 1043; x_wconf 88' lang='lat' dir='ltr'><strong>hujusmodi</strong></span> 
     </span>
    </p>
   </div>
   <div class='ocr_carea' id='block_1_10' title="bbox 483 1068 2049 1152">
    <p class='ocr_par' dir='ltr' id='par_1_10' title="bbox 483 1068 2049 1152">
     <span class='ocr_line' id='line_1_10' title="bbox 483 1068 2049 1152; baseline -0.013 -12"><span class='ocrx_word' id='word_1_68' title='bbox 483 1084 792 1152; x_wconf 79' lang='lat' dir='ltr'><strong>exemplum</strong></span> <span class='ocrx_word' id='word_1_69' title='bbox 816 1080 936 1149; x_wconf 83' lang='lat' dir='ltr'><strong>ejus</strong></span> <span class='ocrx_word' id='word_1_70' title='bbox 966 1077 1112 1147; x_wconf 91' lang='lat' dir='ltr'><strong>quod</strong></span> <span class='ocrx_word' id='word_1_71' title='bbox 1140 1075 1376 1129; x_wconf 87' lang='lat' dir='ltr'><strong>dicimus</strong></span> <span class='ocrx_word' id='word_1_72' title='bbox 1412 1094 1427 1130; x_wconf 92' lang='lat'><strong>:</strong></span> <span class='ocrx_word' id='word_1_73' title='bbox 1461 1070 1625 1125; x_wconf 86' lang='lat' dir='ltr'><strong>Detur</strong></span> <span class='ocrx_word' id='word_1_74' title='bbox 1655 1068 1925 1138; x_wconf 85' lang='lat' dir='ltr'><strong>quispiam</strong></span> <span class='ocrx_word' id='word_1_75' title='bbox 1952 1079 2049 1120; x_wconf 92' lang='lat' dir='ltr'><strong>vas</strong></span> 
     </span>
    </p>
   </div>
   <div class='ocr_carea' id='block_1_11' title="bbox 484 1158 2050 1232">
    <p class='ocr_par' dir='ltr' id='par_1_11' title="bbox 484 1158 2050 1232">
     <span class='ocr_line' id='line_1_11' title="bbox 484 1158 2050 1232; baseline -0.012 -1"><span class='ocrx_word' id='word_1_76' title='bbox 484 1194 549 1232; x_wconf 80' lang='lat' dir='ltr'><strong>ex</strong></span> <span class='ocrx_word' id='word_1_77' title='bbox 580 1178 694 1230; x_wconf 90' lang='lat' dir='ltr'><strong>luto</strong></span> <span class='ocrx_word' id='word_1_78' title='bbox 733 1170 1039 1228; x_wconf 82' lang='lat' dir='ltr'><strong>confecisse</strong></span> <span class='ocrx_word' id='word_1_79' title='bbox 1072 1186 1085 1221; x_wconf 92' lang='lat'><strong>:</strong></span> <span class='ocrx_word' id='word_1_80' title='bbox 1121 1167 1173 1221; x_wconf 94' lang='lat' dir='ltr'><strong>id</strong></span> <span class='ocrx_word' id='word_1_81' title='bbox 1222 1174 1402 1219; x_wconf 90' lang='lat' dir='ltr'><strong>autem</strong></span> <span class='ocrx_word' id='word_1_82' title='bbox 1435 1163 1562 1217; x_wconf 91' lang='lat' dir='ltr'><strong>dolo</strong></span> <span class='ocrx_word' id='word_1_83' title='bbox 1611 1170 1665 1216; x_wconf 92' lang='lat' dir='ltr'><strong>et</strong></span> <span class='ocrx_word' id='word_1_84' title='bbox 1715 1177 1777 1215; x_wconf 78' lang='lat' dir='ltr'><strong>ex</strong></span> <span class='ocrx_word' id='word_1_85' title='bbox 1834 1158 2050 1213; x_wconf 89' lang='lat' dir='ltr'><strong>insidiis</strong></span> 
     </span>
    </p>
   </div>
   <div class='ocr_carea' id='block_1_12' title="bbox 484 1253 2043 1339">
    <p class='ocr_par' dir='ltr' id='par_1_12' title="bbox 484 1253 2043 1339">
     <span class='ocr_line' id='line_1_12' title="bbox 484 1253 2043 1339; baseline -0.013 -16"><span class='ocrx_word' id='word_1_86' title='bbox 484 1269 746 1339; x_wconf 82' lang='lat' dir='ltr'><strong>repletum</strong></span> <span class='ocrx_word' id='word_1_87' title='bbox 778 1264 947 1318; x_wconf 81' lang='lat' dir='ltr'><strong>fuisse</strong></span> <span class='ocrx_word' id='word_1_88' title='bbox 979 1261 1200 1331; x_wconf 87' lang='lat' dir='ltr'><strong>plumbo</strong></span> <span class='ocrx_word' id='word_1_89' title='bbox 1233 1256 1524 1327; x_wconf 79' lang='lat' dir='ltr'><strong>liquefacto</strong></span> <span class='ocrx_word' id='word_1_90' title='bbox 1557 1273 1570 1309; x_wconf 89' lang='lat'><strong>:</strong></span> <span class='ocrx_word' id='word_1_91' title='bbox 1600 1253 1830 1307; x_wconf 75' lang='lat' dir='ltr'><strong>eﬂ‘usum</strong></span> <span class='ocrx_word' id='word_1_92' title='bbox 1862 1262 2043 1305; x_wconf 91' lang='lat' dir='ltr'><strong>autem</strong></span> 
     </span>
    </p>
   </div>
   <div class='ocr_carea' id='block_1_13' title="bbox 484 1343 2051 1432">
    <p class='ocr_par' dir='ltr' id='par_1_13' title="bbox 484 1343 2051 1432">
     <span class='ocr_line' id='line_1_13' title="bbox 484 1343 2051 1432; baseline -0.012 -16"><span class='ocrx_word' id='word_1_93' title='bbox 484 1361 766 1432; x_wconf 88' lang='lat' dir='ltr'><strong>plumbum</strong></span> <span class='ocrx_word' id='word_1_94' title='bbox 815 1355 1182 1417; x_wconf 82' lang='lat' dir='ltr'><strong>concrevisse,</strong></span> <span class='ocrx_word' id='word_1_95' title='bbox 1242 1359 1296 1405; x_wconf 91' lang='lat' dir='ltr'><strong>et</strong></span> <span class='ocrx_word' id='word_1_96' title='bbox 1325 1351 1398 1403; x_wconf 87' lang='lat' dir='ltr'><strong>ita</strong></span> <span class='ocrx_word' id='word_1_97' title='bbox 1451 1363 1694 1408; x_wconf 87' lang='lat' dir='ltr'><strong>manere,</strong></span> <span class='ocrx_word' id='word_1_98' title='bbox 1740 1354 1800 1399; x_wconf 91' lang='lat' dir='ltr'><strong>ut</strong></span> <span class='ocrx_word' id='word_1_99' title='bbox 1848 1343 2051 1399; x_wconf 73' lang='lat' dir='ltr'><strong>effundi</strong></span> 
     </span>
    </p>
   </div>
   <div class='ocr_carea' id='block_1_14' title="bbox 486 1434 2048 1518">
    <p class='ocr_par' dir='ltr' id='par_1_14' title="bbox 486 1434 2048 1518">
     <span class='ocr_line' id='line_1_14' title="bbox 486 1434 2048 1518; baseline -0.012 -14"><span class='ocrx_word' id='word_1_100' title='bbox 486 1465 595 1504; x_wconf 91' lang='lat' dir='ltr'><strong>non</strong></span> <span class='ocrx_word' id='word_1_101' title='bbox 626 1446 834 1518; x_wconf 87' lang='lat' dir='ltr'><strong>possit;</strong></span> <span class='ocrx_word' id='word_1_102' title='bbox 897 1443 1177 1497; x_wconf 91' lang='lat' dir='ltr'><strong>dominum</strong></span> <span class='ocrx_word' id='word_1_103' title='bbox 1223 1448 1401 1492; x_wconf 88' lang='lat' dir='ltr'><strong>autem</strong></span> <span class='ocrx_word' id='word_1_104' title='bbox 1438 1452 1532 1493; x_wconf 89' lang='lat' dir='ltr'><strong>vas</strong></span> <span class='ocrx_word' id='word_1_105' title='bbox 1576 1436 1680 1491; x_wconf 89' lang='lat' dir='ltr'><strong>sibi</strong></span> <span class='ocrx_word' id='word_1_106' title='bbox 1723 1434 2048 1488; x_wconf 88' lang='lat' dir='ltr'><strong>vindicare:</strong></span> 
     </span>
    </p>
   </div>
   <div class='ocr_carea' id='block_1_15' title="bbox 487 1526 2053 1605">
    <p class='ocr_par' dir='ltr' id='par_1_15' title="bbox 487 1526 2053 1605">
     <span class='ocr_line' id='line_1_15' title="bbox 487 1526 2053 1605; baseline -0.009 -12"><span class='ocrx_word' id='word_1_107' title='bbox 487 1556 609 1594; x_wconf 89' lang='lat' dir='ltr'><strong>cmn</strong></span> <span class='ocrx_word' id='word_1_108' title='bbox 640 1546 819 1592; x_wconf 92' lang='lat' dir='ltr'><strong>autem</strong></span> <span class='ocrx_word' id='word_1_109' title='bbox 847 1534 993 1605; x_wconf 79' lang='lat' dir='ltr'><strong>liguli</strong></span> <span class='ocrx_word' id='word_1_110' title='bbox 1015 1540 1194 1587; x_wconf 85' lang='lat' dir='ltr'><strong>teneat</strong></span> <span class='ocrx_word' id='word_1_111' title='bbox 1225 1529 1537 1591; x_wconf 85' lang='lat' dir='ltr'><strong>scientiam,</strong></span> <span class='ocrx_word' id='word_1_112' title='bbox 1564 1543 1686 1583; x_wconf 91' lang='lat' dir='ltr'><strong>cum</strong></span> <span class='ocrx_word' id='word_1_113' title='bbox 1719 1526 1941 1596; x_wconf 85' lang='lat' dir='ltr'><strong>plumbo</strong></span> <span class='ocrx_word' id='word_1_114' title='bbox 1973 1533 2053 1579; x_wconf 91' lang='lat' dir='ltr'><strong>te-</strong></span> 
     </span>
    </p>
   </div>
   <div class='ocr_carea' id='block_1_16' title="bbox 490 1616 2054 1697">
    <p class='ocr_par' dir='ltr' id='par_1_16' title="bbox 490 1616 2054 1697">
     <span class='ocr_line' id='line_1_16' title="bbox 490 1616 2054 1697; baseline -0.01 -12"><span class='ocrx_word' id='word_1_115' title='bbox 490 1640 628 1687; x_wconf 87' lang='lat' dir='ltr'><strong>stam</strong></span> <span class='ocrx_word' id='word_1_116' title='bbox 655 1626 999 1697; x_wconf 80' lang='lat' dir='ltr'><strong>confregisse</strong></span> <span class='ocrx_word' id='word_1_117' title='bbox 1032 1634 1047 1678; x_wconf 86' lang='lat'><strong>&#39;:</strong></span> <span class='ocrx_word' id='word_1_118' title='bbox 1083 1631 1137 1678; x_wconf 92' lang='lat' dir='ltr'><strong>et</strong></span> <span class='ocrx_word' id='word_1_119' title='bbox 1169 1622 1362 1677; x_wconf 89' lang='lat' dir='ltr'><strong>deinde</strong></span> <span class='ocrx_word' id='word_1_120' title='bbox 1403 1636 1598 1675; x_wconf 88' lang='lat' dir='ltr'><strong>rursus</strong></span> <span class='ocrx_word' id='word_1_121' title='bbox 1625 1620 1677 1672; x_wconf 93' lang='lat' dir='ltr'><strong>in</strong></span> <span class='ocrx_word' id='word_1_122' title='bbox 1715 1619 1947 1689; x_wconf 88' lang='lat' dir='ltr'><strong>priorem</strong></span> <span class='ocrx_word' id='word_1_123' title='bbox 1990 1616 2054 1670; x_wconf 85' lang='lat' dir='ltr'><strong>ﬁ-</strong></span> 
     </span>
    </p>
   </div>
   <div class='ocr_carea' id='block_1_17' title="bbox 485 1709 2050 1794">
    <p class='ocr_par' dir='ltr' id='par_1_17' title="bbox 485 1709 2050 1794">
     <span class='ocr_line' id='line_1_17' title="bbox 485 1709 2050 1794; baseline -0.01 -18"><span class='ocrx_word' id='word_1_124' title='bbox 485 1736 676 1794; x_wconf 75' lang='lat' dir='ltr'><strong>guram</strong></span> <span class='ocrx_word' id='word_1_125' title='bbox 702 1719 769 1773; x_wconf 89' lang='lat' dir='ltr'><strong>ad</strong></span> <span class='ocrx_word' id='word_1_126' title='bbox 800 1733 957 1773; x_wconf 90' lang='lat' dir='ltr'><strong>suum</strong></span> <span class='ocrx_word' id='word_1_127' title='bbox 988 1731 1147 1770; x_wconf 92' lang='lat' dir='ltr'><strong>usum</strong></span> <span class='ocrx_word' id='word_1_128' title='bbox 1214 1729 1310 1767; x_wconf 89' lang='lat' dir='ltr'><strong>vas</strong></span> <span class='ocrx_word' id='word_1_129' title='bbox 1356 1712 1662 1773; x_wconf 82' lang='lat' dir='ltr'><strong>reﬁnxisse,</strong></span> <span class='ocrx_word' id='word_1_130' title='bbox 1714 1709 2050 1764; x_wconf 83' lang='lat' dir='ltr'><strong>exinanitum</strong></span> 
     </span>
    </p>
   </div>
   <div class='ocr_carea' id='block_1_18' title="bbox 2144 509 3715 591">
    <p class='ocr_par' dir='ltr' id='par_1_18' title="bbox 2144 509 3715 591">
     <span class='ocr_line' id='line_1_18' title="bbox 2144 509 3715 591; baseline -0.01 -17"><span class='ocrx_word' id='word_1_131' title='bbox 2144 520 2252 574; x_wconf 91' lang='grc' dir='ltr'><strong>τῶν</strong></span> <span class='ocrx_word' id='word_1_132' title='bbox 2286 520 2414 591; x_wconf 73' lang='grc' dir='ltr'>περὶ</span> <span class='ocrx_word' id='word_1_133' title='bbox 2454 518 2516 571; x_wconf 82' lang='grc' dir='ltr'><strong>τὸ</strong></span> <span class='ocrx_word' id='word_1_134' title='bbox 2555 516 2713 570; x_wconf 84' lang='grc' dir='ltr'>καλὸν</span> <span class='ocrx_word' id='word_1_135' title='bbox 2756 515 3017 585; x_wconf 81' lang='grc' dir='ltr'>κρίσεως,</span> <span class='ocrx_word' id='word_1_136' title='bbox 3069 514 3128 566; x_wconf 79' lang='grc' dir='ltr'><strong>ἐν</strong></span> <span class='ocrx_word' id='word_1_137' title='bbox 3168 513 3235 582; x_wconf 84' lang='grc' dir='ltr'>τῇ</span> <span class='ocrx_word' id='word_1_138' title='bbox 3286 511 3575 580; x_wconf 78' lang='grc' dir='ltr'><strong>δοκιμασίᾳ</strong></span> <span class='ocrx_word' id='word_1_139' title='bbox 3604 509 3715 562; x_wconf 87' lang='grc' dir='ltr'><strong>τῶν</strong></span> 
     </span>
    </p>
   </div>
   <div class='ocr_carea' id='block_1_19' title="bbox 2146 601 3718 682">
    <p class='ocr_par' dir='ltr' id='par_1_19' title="bbox 2146 601 3718 682">
     <span class='ocr_line' id='line_1_19' title="bbox 2146 601 3718 682; baseline -0.008 -17"><span class='ocrx_word' id='word_1_140' title='bbox 2146 611 2446 682; x_wconf 85' lang='grc' dir='ltr'>αἰσθήσεων</span> <span class='ocrx_word' id='word_1_141' title='bbox 2466 653 2480 677; x_wconf 89' lang='grc'><strong>,</strong></span> <span class='ocrx_word' id='word_1_142' title='bbox 2511 607 2945 679; x_wconf 87' lang='grc' dir='ltr'>ἀμαρτηθείσης,</span> <span class='ocrx_word' id='word_1_143' title='bbox 2977 606 3074 674; x_wconf 81' lang='grc' dir='ltr'><strong>τῆς</strong></span> <span class='ocrx_word' id='word_1_144' title='bbox 3101 605 3157 658; x_wconf 80' lang='grc' dir='ltr'>δὲ</span> <span class='ocrx_word' id='word_1_145' title='bbox 3178 604 3271 656; x_wconf 84' lang='grc' dir='ltr'><strong>τοῦ</strong></span> <span class='ocrx_word' id='word_1_146' title='bbox 3302 602 3466 656; x_wconf 84' lang='grc' dir='ltr'>καλοῦ</span> <span class='ocrx_word' id='word_1_147' title='bbox 3490 601 3718 672; x_wconf 84' lang='grc' dir='ltr'>διαμαρ-</span> 
     </span>
    </p>
   </div>
   <div class='ocr_carea' id='block_1_20' title="bbox 2143 694 3713 775">
    <p class='ocr_par' dir='ltr' id='par_1_20' title="bbox 2143 694 3713 775">
     <span class='ocr_line' id='line_1_20' title="bbox 2143 694 3713 775; baseline -0.011 -15"><span class='ocrx_word' id='word_1_148' title='bbox 2143 707 2267 769; x_wconf 88' lang='grc' dir='ltr'>τίας</span> <span class='ocrx_word' id='word_1_149' title='bbox 2320 704 2417 775; x_wconf 83' lang='grc' dir='ltr'>τὴν</span> <span class='ocrx_word' id='word_1_150' title='bbox 2462 704 2561 772; x_wconf 86' lang='grc' dir='ltr'><strong>τῆς</strong></span> <span class='ocrx_word' id='word_1_151' title='bbox 2614 698 2860 762; x_wconf 78' lang='grc' dir='ltr'>ἐναντίας</span> <span class='ocrx_word' id='word_1_152' title='bbox 2913 697 3077 761; x_wconf 74' lang='grc' dir='ltr'>ἕξεως</span> <span class='ocrx_word' id='word_1_153' title='bbox 3138 696 3429 749; x_wconf 79' lang='grc' dir='ltr'><strong>ὑπόστασιν</strong></span> <span class='ocrx_word' id='word_1_154' title='bbox 3490 694 3713 763; x_wconf 79' lang='grc' dir='ltr'>ἐνεργη-</span> 
     </span>
    </p>
   </div>
   <div class='ocr_carea' id='block_1_21' title="bbox 2149 783 3713 867">
    <p class='ocr_par' dir='ltr' id='par_1_21' title="bbox 2149 783 3713 867">
     <span class='ocr_line' id='line_1_21' title="bbox 2149 783 3713 867; baseline -0.012 -15"><span class='ocrx_word' id='word_1_155' title='bbox 2149 799 2318 867; x_wconf 91' lang='grc' dir='ltr'>σάσης</span> <span class='ocrx_word' id='word_1_156' title='bbox 2337 814 2350 826; x_wconf 70' lang='grc' dir='ltr'><strong>ο</strong></span> <span class='ocrx_word' id='word_1_157' title='bbox 2383 796 2444 848; x_wconf 84' lang='grc' dir='ltr'><strong>τὸ</strong></span> <span class='ocrx_word' id='word_1_158' title='bbox 2474 792 2770 865; x_wconf 83' lang='grc' dir='ltr'>ἀχρειωθὲν</span> <span class='ocrx_word' id='word_1_159' title='bbox 2798 790 2954 862; x_wconf 83' lang='grc' dir='ltr'>ὴμῶν</span> <span class='ocrx_word' id='word_1_160' title='bbox 2992 788 3176 857; x_wconf 83' lang='grc' dir='ltr'><strong>μέρος,</strong></span> <span class='ocrx_word' id='word_1_161' title='bbox 3211 788 3278 857; x_wconf 81' lang='grc' dir='ltr'>τῇ</span> <span class='ocrx_word' id='word_1_162' title='bbox 3311 784 3591 856; x_wconf 85' lang='grc' dir='ltr'>παραδοχῇ</span> <span class='ocrx_word' id='word_1_163' title='bbox 3620 783 3713 836; x_wconf 86' lang='grc' dir='ltr'><strong>τοῦ</strong></span> 
     </span>
    </p>
   </div>
   <div class='ocr_carea' id='block_1_22' title="bbox 2148 874 3714 948">
    <p class='ocr_par' dir='ltr' id='par_1_22' title="bbox 2148 874 3714 948">
     <span class='ocr_line' id='line_1_22' title="bbox 2148 874 3714 948; baseline -0.011 -4"><span class='ocrx_word' id='word_1_164' title='bbox 2148 888 2387 944; x_wconf 73' lang='grc' dir='ltr'>ἐναντίου</span> <span class='ocrx_word' id='word_1_165' title='bbox 2421 886 2634 939; x_wconf 77' lang='grc' dir='ltr'>λύεταιο</span> <span class='ocrx_word' id='word_1_166' title='bbox 2669 886 2697 937; x_wconf 88' lang='grc' dir='ltr'>ὁ</span> <span class='ocrx_word' id='word_1_167' title='bbox 2729 884 2785 936; x_wconf 80' lang='grc' dir='ltr'>δὲ</span> <span class='ocrx_word' id='word_1_168' title='bbox 2806 880 2900 935; x_wconf 90' lang='grc' dir='ltr'><strong>τοῦ</strong></span> <span class='ocrx_word' id='word_1_169' title='bbox 2931 879 3326 948; x_wconf 84' lang='grc' dir='ltr'>ύποδείγματος</span> <span class='ocrx_word' id='word_1_170' title='bbox 3357 877 3514 945; x_wconf 81' lang='grc' dir='ltr'><strong>λόγος</strong></span> <span class='ocrx_word' id='word_1_171' title='bbox 3540 874 3714 928; x_wconf 85' lang='grc' dir='ltr'>τοιοῦ-</span> 
     </span>
    </p>
   </div>
   <div class='ocr_carea' id='block_1_23' title="bbox 2146 968 3713 1045">
    <p class='ocr_par' dir='ltr' id='par_1_23' title="bbox 2146 968 3713 1045">
     <span class='ocr_line' id='line_1_23' title="bbox 2146 968 3713 1045; baseline -0.012 -10"><span class='ocrx_word' id='word_1_172' title='bbox 2146 983 2239 1045; x_wconf 87' lang='grc' dir='ltr'>τός</span> <span class='ocrx_word' id='word_1_173' title='bbox 2270 984 2404 1034; x_wconf 81' lang='grc' dir='ltr'>ἐστι·</span> <span class='ocrx_word' id='word_1_174' title='bbox 2436 977 2677 1032; x_wconf 88' lang='grc' dir='ltr'>Δεδόσθω</span> <span class='ocrx_word' id='word_1_175' title='bbox 2703 993 2755 1028; x_wconf 89' lang='grc' dir='ltr'><strong>τι</strong></span> <span class='ocrx_word' id='word_1_176' title='bbox 2779 972 2969 1036; x_wconf 86' lang='grc' dir='ltr'>σκεῦος</span> <span class='ocrx_word' id='word_1_177' title='bbox 2999 975 3062 1026; x_wconf 82' lang='grc' dir='ltr'><strong>ἐκ</strong></span> <span class='ocrx_word' id='word_1_178' title='bbox 3095 970 3265 1041; x_wconf 87' lang='grc' dir='ltr'>πηλοῦ</span> <span class='ocrx_word' id='word_1_179' title='bbox 3295 968 3713 1038; x_wconf 72' lang='grc' dir='ltr'>συνεστηκέναιο</span> 
     </span>
    </p>
   </div>
   <div class='ocr_carea' id='block_1_24' title="bbox 2148 1058 3716 1139">
    <p class='ocr_par' dir='ltr' id='par_1_24' title="bbox 2148 1058 3716 1139">
     <span class='ocr_line' id='line_1_24' title="bbox 2148 1058 3716 1139; baseline -0.013 -11"><span class='ocrx_word' id='word_1_180' title='bbox 2148 1075 2305 1127; x_wconf 87' lang='grc' dir='ltr'>τοῦτο</span> <span class='ocrx_word' id='word_1_181' title='bbox 2347 1072 2405 1125; x_wconf 87' lang='grc' dir='ltr'>δὲ</span> <span class='ocrx_word' id='word_1_182' title='bbox 2449 1072 2653 1139; x_wconf 84' lang='grc' dir='ltr'>πλῆρες</span> <span class='ocrx_word' id='word_1_183' title='bbox 2694 1067 2756 1119; x_wconf 79' lang='grc' dir='ltr'>ἐκ</span> <span class='ocrx_word' id='word_1_184' title='bbox 2786 1083 2927 1128; x_wconf 88' lang='grc' dir='ltr'>τινος</span> <span class='ocrx_word' id='word_1_185' title='bbox 2958 1062 3247 1131; x_wconf 78' lang='grc' dir='ltr'>ἐπιϐουλῆς</span> <span class='ocrx_word' id='word_1_186' title='bbox 3279 1058 3602 1130; x_wconf 87' lang='grc' dir='ltr'>γεγενῆσθαι</span> <span class='ocrx_word' id='word_1_187' title='bbox 3628 1074 3716 1109; x_wconf 82' lang='grc' dir='ltr'>τε·</span> 
     </span>
    </p>
   </div>
   <div class='ocr_carea' id='block_1_25' title="bbox 2150 1150 3718 1235">
    <p class='ocr_par' dir='ltr' id='par_1_25' title="bbox 2150 1150 3718 1235">
     <span class='ocr_line' id='line_1_25' title="bbox 2150 1150 3718 1235; baseline -0.013 -16"><span class='ocrx_word' id='word_1_188' title='bbox 2150 1165 2373 1235; x_wconf 82' lang='grc' dir='ltr'>τηκότος</span> <span class='ocrx_word' id='word_1_189' title='bbox 2415 1160 2683 1231; x_wconf 75' lang='grc' dir='ltr'>μολίϐδου.</span> <span class='ocrx_word' id='word_1_190' title='bbox 2736 1157 2838 1210; x_wconf 83' lang='grc' dir='ltr'><strong>Τὸν</strong></span> <span class='ocrx_word' id='word_1_191' title='bbox 2880 1156 2936 1208; x_wconf 80' lang='grc' dir='ltr'>δὲ</span> <span class='ocrx_word' id='word_1_192' title='bbox 2977 1154 3222 1225; x_wconf 77' lang='grc' dir='ltr'>μόλιϐδον</span> <span class='ocrx_word' id='word_1_193' title='bbox 3267 1150 3561 1221; x_wconf 76' lang='grc' dir='ltr'>ἐκχυθέντα</span> <span class='ocrx_word' id='word_1_194' title='bbox 3611 1165 3718 1200; x_wconf 91' lang='grc' dir='ltr'>πα-</span> 
     </span>
    </p>
   </div>
   <div class='ocr_carea' id='block_1_26' title="bbox 2151 1236 3720 1328">
    <p class='ocr_par' dir='ltr' id='par_1_26' title="bbox 2151 1236 3720 1328">
     <span class='ocr_line' id='line_1_26' title="bbox 2151 1236 3720 1328; baseline -0.011 -20"><span class='ocrx_word' id='word_1_195' title='bbox 2151 1259 2309 1328; x_wconf 80' lang='grc' dir='ltr'>γῆναι</span> <span class='ocrx_word' id='word_1_196' title='bbox 2348 1257 2442 1308; x_wconf 71' lang='grc' dir='ltr'>καὶ</span> <span class='ocrx_word' id='word_1_197' title='bbox 2485 1252 2663 1325; x_wconf 87' lang='grc' dir='ltr'>μένειν</span> <span class='ocrx_word' id='word_1_198' title='bbox 2692 1248 3061 1320; x_wconf 72' lang='grc' dir='ltr'>ἀπρὸσχυτονο</span> <span class='ocrx_word' id='word_1_199' title='bbox 3106 1240 3498 1298; x_wconf 89' lang='grc' dir='ltr'>ἀντιποιεῖσθαι</span> <span class='ocrx_word' id='word_1_200' title='bbox 3543 1239 3600 1292; x_wconf 87' lang='grc' dir='ltr'>δὲ</span> <span class='ocrx_word' id='word_1_201' title='bbox 3625 1236 3720 1291; x_wconf 87' lang='grc' dir='ltr'><strong>τοῦ</strong></span> 
     </span>
    </p>
   </div>
   <div class='ocr_carea' id='block_1_27' title="bbox 2154 1330 3721 1413">
    <p class='ocr_par' dir='ltr' id='par_1_27' title="bbox 2154 1330 3721 1413">
     <span class='ocr_line' id='line_1_27' title="bbox 2154 1330 3721 1413; baseline -0.013 -10"><span class='ocrx_word' id='word_1_202' title='bbox 2154 1349 2379 1410; x_wconf 84' lang='grc' dir='ltr'>σκεύους</span> <span class='ocrx_word' id='word_1_203' title='bbox 2408 1346 2500 1399; x_wconf 82' lang='grc' dir='ltr'><strong>τὸν</strong></span> <span class='ocrx_word' id='word_1_204' title='bbox 2530 1342 2862 1413; x_wconf 79' lang='grc' dir='ltr'>κεκτημένον</span> <span class='ocrx_word' id='word_1_205' title='bbox 2881 1358 2895 1371; x_wconf 84' lang='lat'><strong><em>°</em></strong></span> <span class='ocrx_word' id='word_1_206' title='bbox 2950 1339 3139 1410; x_wconf 75' lang='grc' dir='ltr'>ἔχοντα</span> <span class='ocrx_word' id='word_1_207' title='bbox 3170 1337 3226 1389; x_wconf 82' lang='grc' dir='ltr'><strong>δὲ</strong></span> <span class='ocrx_word' id='word_1_208' title='bbox 3258 1334 3353 1388; x_wconf 86' lang='grc' dir='ltr'><strong>τοῦ</strong></span> <span class='ocrx_word' id='word_1_209' title='bbox 3397 1330 3721 1402; x_wconf 83' lang='grc' dir='ltr'>κεραμεύειν</span> 
     </span>
    </p>
   </div>
   <div class='ocr_carea' id='block_1_28' title="bbox 2151 1424 3719 1512">
    <p class='ocr_par' dir='ltr' id='par_1_28' title="bbox 2151 1424 3719 1512">
     <span class='ocr_line' id='line_1_28' title="bbox 2151 1424 3719 1512; baseline -0.014 -18"><span class='ocrx_word' id='word_1_210' title='bbox 2151 1442 2249 1512; x_wconf 81' lang='grc' dir='ltr'><strong>τὴν</strong></span> <span class='ocrx_word' id='word_1_211' title='bbox 2296 1439 2633 1507; x_wconf 81' lang='grc' dir='ltr'>ἐπιστήμην,</span> <span class='ocrx_word' id='word_1_212' title='bbox 2658 1431 2986 1504; x_wconf 73' lang='grc' dir='ltr'>περιθρύψαι</span> <span class='ocrx_word' id='word_1_213' title='bbox 3010 1448 3069 1483; x_wconf 92' lang='grc' dir='ltr'><strong>τε</strong></span> <span class='ocrx_word' id='word_1_214' title='bbox 3094 1429 3172 1499; x_wconf 77' lang='grc' dir='ltr'>τῷ</span> <span class='ocrx_word' id='word_1_215' title='bbox 3196 1426 3423 1498; x_wconf 77' lang='grc' dir='ltr'>μολίϐδῳ</span> <span class='ocrx_word' id='word_1_216' title='bbox 3446 1424 3505 1476; x_wconf 80' lang='grc' dir='ltr'><strong>τὸ</strong></span> <span class='ocrx_word' id='word_1_217' title='bbox 3526 1424 3719 1493; x_wconf 80' lang='grc' dir='ltr'>δστρα-</span> 
     </span>
    </p>
   </div>
   <div class='ocr_carea' id='block_1_29' title="bbox 2155 1512 3722 1595">
    <p class='ocr_par' dir='ltr' id='par_1_29' title="bbox 2155 1512 3722 1595">
     <span class='ocr_line' id='line_1_29' title="bbox 2155 1512 3722 1595; baseline -0.015 -9"><span class='ocrx_word' id='word_1_218' title='bbox 2155 1551 2247 1586; x_wconf 86' lang='grc' dir='ltr'><strong>κον</strong></span> <span class='ocrx_word' id='word_1_219' title='bbox 2270 1572 2284 1595; x_wconf 87' lang='grc'><strong>,</strong></span> <span class='ocrx_word' id='word_1_220' title='bbox 2314 1531 2410 1584; x_wconf 78' lang='grc' dir='ltr'>εἷθ’</span> <span class='ocrx_word' id='word_1_221' title='bbox 2441 1528 2613 1591; x_wconf 72' lang='grc' dir='ltr'>οὕτως</span> <span class='ocrx_word' id='word_1_222' title='bbox 2642 1526 2802 1580; x_wconf 86' lang='grc' dir='ltr'>πάλιν</span> <span class='ocrx_word' id='word_1_223' title='bbox 2831 1523 2971 1579; x_wconf 86' lang='grc' dir='ltr'><strong>κατά</strong></span> <span class='ocrx_word' id='word_1_224' title='bbox 3002 1522 3062 1576; x_wconf 77' lang='grc' dir='ltr'><strong>τὸ</strong></span> <span class='ocrx_word' id='word_1_225' title='bbox 3087 1520 3347 1591; x_wconf 84' lang='grc' dir='ltr'>πρότερον</span> <span class='ocrx_word' id='word_1_226' title='bbox 3381 1517 3564 1586; x_wconf 86' lang='grc' dir='ltr'>σχῆμα</span> <span class='ocrx_word' id='word_1_227' title='bbox 3586 1512 3722 1583; x_wconf 72' lang='grc' dir='ltr'>πρὸς</span> 
     </span>
    </p>
   </div>
   <div class='ocr_carea' id='block_1_30' title="bbox 2154 1604 3722 1695">
    <p class='ocr_par' dir='ltr' id='par_1_30' title="bbox 2154 1604 3722 1695">
     <span class='ocr_line' id='line_1_30' title="bbox 2154 1604 3722 1695; baseline -0.015 -17"><span class='ocrx_word' id='word_1_228' title='bbox 2154 1624 2251 1695; x_wconf 80' lang='grc' dir='ltr'><strong>τὴν</strong></span> <span class='ocrx_word' id='word_1_229' title='bbox 2278 1623 2413 1677; x_wconf 84' lang='grc' dir='ltr'>ἰδίαν</span> <span class='ocrx_word' id='word_1_230' title='bbox 2442 1618 2632 1673; x_wconf 80' lang='grc' dir='ltr'>ἑαυτοῦ</span> <span class='ocrx_word' id='word_1_231' title='bbox 2664 1617 2859 1687; x_wconf 85' lang='grc' dir='ltr'>χρῆσιν</span> <span class='ocrx_word' id='word_1_232' title='bbox 2886 1613 3192 1669; x_wconf 76' lang='grc' dir='ltr'>ἀναπλάσαι</span> <span class='ocrx_word' id='word_1_233' title='bbox 3225 1610 3286 1663; x_wconf 84' lang='grc' dir='ltr'><strong>τὸ</strong></span> <span class='ocrx_word' id='word_1_234' title='bbox 3319 1607 3530 1669; x_wconf 86' lang='grc' dir='ltr'>σκεῦος,</span> <span class='ocrx_word' id='word_1_235' title='bbox 3567 1604 3722 1658; x_wconf 78' lang='grc' dir='ltr'>κενὸν</span> 
     </span>
    </p>
   </div>
   <div class='ocr_carea' id='block_1_31' title="bbox 2156 1692 3725 1784">
    <p class='ocr_par' dir='ltr' id='par_1_31' title="bbox 2156 1692 3725 1784">
     <span class='ocr_line' id='line_1_31' title="bbox 2156 1692 3725 1784; baseline -0.013 -17"><span class='ocrx_word' id='word_1_236' title='bbox 2156 1692 2253 1784; x_wconf 82' lang='grc' dir='ltr'><strong>τῆς</strong></span> <span class='ocrx_word' id='word_1_237' title='bbox 2286 1710 2642 1784; x_wconf 78' lang='grc' dir='ltr'>ἐμμιχθείσης</span> <span class='ocrx_word' id='word_1_238' title='bbox 2677 1708 2807 1778; x_wconf 79' lang='grc' dir='ltr'>ὕλης</span> <span class='ocrx_word' id='word_1_239' title='bbox 2844 1706 3150 1775; x_wconf 80' lang='grc' dir='ltr'>γενόμενον.</span> <span class='ocrx_word' id='word_1_240' title='bbox 3206 1700 3391 1761; x_wconf 80' lang='grc' dir='ltr'>Οὕτως</span> <span class='ocrx_word' id='word_1_241' title='bbox 3435 1692 3526 1750; x_wconf 81' lang='grc' dir='ltr'><strong>οῦν</strong></span> <span class='ocrx_word' id='word_1_242' title='bbox 3566 1695 3657 1749; x_wconf 82' lang='grc' dir='ltr'><strong>καὶ</strong></span> <span class='ocrx_word' id='word_1_243' title='bbox 3695 1695 3725 1747; x_wconf 83' lang='grc' dir='ltr'>ὁ</span> 
     </span>
    </p>
   </div>
   <div class='ocr_carea' id='block_1_32' title="bbox 489 1787 2066 1881">
    <p class='ocr_par' dir='ltr' id='par_1_32' title="bbox 489 1787 2054 1881">
     <span class='ocr_line' id='line_1_32' title="bbox 489 1787 2054 1881; baseline -0.011 -14"><span class='ocrx_word' id='word_1_244' title='bbox 489 1787 714 1867; x_wconf 71' lang='lat' dir='ltr'><strong>materia</strong></span> <span class='ocrx_word' id='word_1_245' title='bbox 746 1826 867 1881; x_wconf 72' lang='lat' dir='ltr'><strong>qua:</strong></span> <span class='ocrx_word' id='word_1_246' title='bbox 897 1809 1073 1864; x_wconf 81' lang='lat' dir='ltr'><strong>fuerat</strong></span> <span class='ocrx_word' id='word_1_247' title='bbox 1108 1806 1369 1861; x_wconf 85' lang='lat' dir='ltr'><strong>immista.</strong></span> <span class='ocrx_word' id='word_1_248' title='bbox 1411 1804 1487 1858; x_wconf 88' lang='lat' dir='ltr'><strong>Ita</strong></span> <span class='ocrx_word' id='word_1_249' title='bbox 1515 1818 1645 1872; x_wconf 82' lang='lat' dir='ltr'><strong>ergo</strong></span> <span class='ocrx_word' id='word_1_250' title='bbox 1694 1800 1866 1855; x_wconf 90' lang='lat' dir='ltr'><strong>nostri</strong></span> <span class='ocrx_word' id='word_1_251' title='bbox 1917 1814 2054 1869; x_wconf 84' lang='lat' dir='ltr'><strong>quo-</strong></span> 
     </span>
    </p>
   </div>
   <div class='ocr_carea' id='block_1_33' title="bbox 2168 1787 3719 1881">
    <p class='ocr_par' dir='ltr' id='par_1_33' title="bbox 2168 1787 3719 1876">
     <span class='ocr_line' id='line_1_33' title="bbox 2168 1787 3719 1876; baseline -0.015 -16"><span class='ocrx_word' id='word_1_252' title='bbox 2168 1806 2247 1861; x_wconf 78' lang='grc' dir='ltr'><strong>τοῦ</strong></span> <span class='ocrx_word' id='word_1_253' title='bbox 2276 1804 2544 1876; x_wconf 79' lang='grc' dir='ltr'>ἡμετέρου</span> <span class='ocrx_word' id='word_1_254' title='bbox 2592 1800 2817 1863; x_wconf 85' lang='grc' dir='ltr'>σκεύους</span> <span class='ocrx_word' id='word_1_255' title='bbox 2855 1797 3117 1863; x_wconf 83' lang='grc' dir='ltr'>πλάστης,</span> <span class='ocrx_word' id='word_1_256' title='bbox 3154 1793 3231 1863; x_wconf 81' lang='grc' dir='ltr'>τῷ</span> <span class='ocrx_word' id='word_1_257' title='bbox 3261 1788 3504 1860; x_wconf 77' lang='grc' dir='ltr'>αἰσθητῷ</span> <span class='ocrx_word' id='word_1_258' title='bbox 3534 1787 3686 1857; x_wconf 88' lang='grc' dir='ltr'>μέρει</span> <span class='ocrx_word' id='word_1_259' title='bbox 3705 1827 3719 1851; x_wconf 92' lang='grc'><strong>,</strong></span> 
     </span>
    </p>
   </div>
   <div class='ocr_carea' id='block_1_34' title="bbox 488 1893 2053 1973">
    <p class='ocr_par' dir='ltr' id='par_1_34' title="bbox 488 1893 2053 1973">
     <span class='ocr_line' id='line_1_34' title="bbox 488 1893 2053 1973; baseline -0.01 -15"><span class='ocrx_word' id='word_1_260' title='bbox 488 1921 596 1972; x_wconf 89' lang='lat' dir='ltr'><strong>que</strong></span> <span class='ocrx_word' id='word_1_261' title='bbox 625 1904 771 1958; x_wconf 87' lang='lat' dir='ltr'><strong>vasis</strong></span> <span class='ocrx_word' id='word_1_262' title='bbox 802 1902 1019 1973; x_wconf 81' lang='lat' dir='ltr'><strong>ﬁgulus,</strong></span> <span class='ocrx_word' id='word_1_263' title='bbox 1061 1898 1246 1954; x_wconf 90' lang='lat' dir='ltr'><strong>sensili</strong></span> <span class='ocrx_word' id='word_1_264' title='bbox 1278 1896 1417 1966; x_wconf 83' lang='lat' dir='ltr'><strong>parti</strong></span> <span class='ocrx_word' id='word_1_265' title='bbox 1453 1898 1589 1962; x_wconf 90' lang='lat' dir='ltr'><strong>(eam</strong></span> <span class='ocrx_word' id='word_1_266' title='bbox 1624 1893 1746 1947; x_wconf 89' lang='lat' dir='ltr'><strong>dico</strong></span> <span class='ocrx_word' id='word_1_267' title='bbox 1791 1907 1912 1961; x_wconf 81' lang='lat' dir='ltr'><strong>quae</strong></span> <span class='ocrx_word' id='word_1_268' title='bbox 1968 1897 2053 1945; x_wconf 89' lang='lat' dir='ltr'><strong>est</strong></span> 
     </span>
    </p>
   </div>
   <div class='ocr_carea' id='block_1_35' title="bbox 490 1984 2055 2063">
    <p class='ocr_par' dir='ltr' id='par_1_35' title="bbox 490 1984 2055 2063">
     <span class='ocr_line' id='line_1_35' title="bbox 490 1984 2055 2063; baseline -0.007 -16"><span class='ocrx_word' id='word_1_269' title='bbox 490 1995 546 2047; x_wconf 88' lang='lat' dir='ltr'><strong>in</strong></span> <span class='ocrx_word' id='word_1_270' title='bbox 574 1992 825 2063; x_wconf 89' lang='lat' dir='ltr'><strong>corpore)</strong></span> <span class='ocrx_word' id='word_1_271' title='bbox 859 1991 1099 2044; x_wconf 90' lang='lat' dir='ltr'><strong>immisto</strong></span> <span class='ocrx_word' id='word_1_272' title='bbox 1126 1990 1281 2051; x_wconf 91' lang='lat' dir='ltr'><strong>vitio,</strong></span> <span class='ocrx_word' id='word_1_273' title='bbox 1334 1988 1599 2041; x_wconf 89' lang='lat' dir='ltr'><strong>dissoluta</strong></span> <span class='ocrx_word' id='word_1_274' title='bbox 1651 1984 1881 2037; x_wconf 88' lang='lat' dir='ltr'><strong>materia</strong></span> <span class='ocrx_word' id='word_1_275' title='bbox 1934 1997 2055 2049; x_wconf 72' lang='lat' dir='ltr'><strong>quae</strong></span> 
     </span>
    </p>
   </div>
   <div class='ocr_carea' id='block_1_36' title="bbox 490 2075 2055 2153">
    <p class='ocr_par' dir='ltr' id='par_1_36' title="bbox 490 2075 2055 2153">
     <span class='ocr_line' id='line_1_36' title="bbox 490 2075 2055 2153; baseline -0.008 -14"><span class='ocrx_word' id='word_1_276' title='bbox 490 2087 682 2139; x_wconf 83' lang='lat' dir='ltr'><strong>vitium</strong></span> <span class='ocrx_word' id='word_1_277' title='bbox 725 2091 1032 2153; x_wconf 82' lang='lat' dir='ltr'><strong>acceperat.</strong></span> <span class='ocrx_word' id='word_1_278' title='bbox 1084 2096 1184 2135; x_wconf 82' lang='lat' dir='ltr'><strong>vas</strong></span> <span class='ocrx_word' id='word_1_279' title='bbox 1232 2094 1425 2133; x_wconf 90' lang='lat' dir='ltr'><strong>rursus</strong></span> <span class='ocrx_word' id='word_1_280' title='bbox 1466 2078 1733 2140; x_wconf 82' lang='lat' dir='ltr'><strong>relictum,</strong></span> <span class='ocrx_word' id='word_1_281' title='bbox 1779 2075 2055 2130; x_wconf 88' lang='lat' dir='ltr'><strong>contrario</strong></span> 
     </span>
    </p>
   </div>
   <div class='ocr_carea' id='block_1_37' title="bbox 494 2163 2059 2242">
    <p class='ocr_par' dir='ltr' id='par_1_37' title="bbox 494 2163 2059 2242">
     <span class='ocr_line' id='line_1_37' title="bbox 494 2163 2059 2242; baseline -0.008 -12"><span class='ocrx_word' id='word_1_282' title='bbox 494 2193 605 2230; x_wconf 88' lang='lat' dir='ltr'><strong>non</strong></span> <span class='ocrx_word' id='word_1_283' title='bbox 637 2177 880 2235; x_wconf 91' lang='lat' dir='ltr'><strong>mistum,</strong></span> <span class='ocrx_word' id='word_1_284' title='bbox 904 2188 999 2242; x_wconf 90' lang='lat' dir='ltr'><strong>per</strong></span> <span class='ocrx_word' id='word_1_285' title='bbox 1032 2170 1509 2228; x_wconf 86' lang='lat' dir='ltr'><strong>resurrectionem,</strong></span> <span class='ocrx_word' id='word_1_286' title='bbox 1549 2167 1614 2219; x_wconf 89' lang='lat' dir='ltr'><strong>ad</strong></span> <span class='ocrx_word' id='word_1_287' title='bbox 1644 2182 1763 2219; x_wconf 86' lang='lat' dir='ltr'><strong>eam</strong></span> <span class='ocrx_word' id='word_1_288' title='bbox 1796 2181 1916 2234; x_wconf 64' lang='lat' dir='ltr'><strong>quae</strong></span> <span class='ocrx_word' id='word_1_289' title='bbox 1941 2163 2059 2218; x_wconf 86' lang='lat' dir='ltr'><strong>fue-</strong></span> 
     </span>
    </p>
   </div>
   <div class='ocr_carea' id='block_1_38' title="bbox 493 2256 2056 2331">
    <p class='ocr_par' dir='ltr' id='par_1_38' title="bbox 493 2256 2056 2331">
     <span class='ocr_line' id='line_1_38' title="bbox 493 2256 2056 2331; baseline -0.008 -11"><span class='ocrx_word' id='word_1_290' title='bbox 493 2276 579 2321; x_wconf 88' lang='lat' dir='ltr'><strong>rat</strong></span> <span class='ocrx_word' id='word_1_291' title='bbox 605 2268 671 2319; x_wconf 88' lang='lat' dir='ltr'><strong>ab</strong></span> <span class='ocrx_word' id='word_1_292' title='bbox 702 2267 857 2320; x_wconf 91' lang='lat' dir='ltr'><strong>initio</strong></span> <span class='ocrx_word' id='word_1_293' title='bbox 886 2264 1207 2319; x_wconf 80' lang='lat' dir='ltr'><strong>reformahit</strong></span> <span class='ocrx_word' id='word_1_294' title='bbox 1261 2260 1744 2331; x_wconf 87' lang='lat' dir='ltr'><strong>pulchritudinem.</strong></span> <span class='ocrx_word' id='word_1_295' title='bbox 1787 2256 2056 2323; x_wconf 86' lang='lat' dir='ltr'><strong>Quoniam</strong></span> 
     </span>
    </p>
   </div>
   <div class='ocr_carea' id='block_1_39' title="bbox 494 2345 2058 2424">
    <p class='ocr_par' dir='ltr' id='par_1_39' title="bbox 494 2345 2058 2424">
     <span class='ocr_line' id='line_1_39' title="bbox 494 2345 2058 2424; baseline -0.008 -14"><span class='ocrx_word' id='word_1_296' title='bbox 494 2366 671 2410; x_wconf 87' lang='lat' dir='ltr'><strong>autem</strong></span> <span class='ocrx_word' id='word_1_297' title='bbox 700 2365 753 2409; x_wconf 94' lang='lat' dir='ltr'><strong>et</strong></span> <span class='ocrx_word' id='word_1_298' title='bbox 784 2353 996 2424; x_wconf 89' lang='lat' dir='ltr'><strong>corpori</strong></span> <span class='ocrx_word' id='word_1_299' title='bbox 1029 2360 1113 2406; x_wconf 90' lang='lat' dir='ltr'><strong>est</strong></span> <span class='ocrx_word' id='word_1_300' title='bbox 1137 2350 1384 2421; x_wconf 65' lang='lat' dir='ltr'><strong>quaedam</strong></span> <span class='ocrx_word' id='word_1_301' title='bbox 1407 2350 1639 2403; x_wconf 81' lang='lat' dir='ltr'><strong>societas</strong></span> <span class='ocrx_word' id='word_1_302' title='bbox 1661 2355 1714 2400; x_wconf 88' lang='lat' dir='ltr'><strong>et</strong></span> <span class='ocrx_word' id='word_1_303' title='bbox 1744 2345 2058 2400; x_wconf 88' lang='lat' dir='ltr'><strong>communio</strong></span> 
     </span>
    </p>
   </div>
   <div class='ocr_carea' id='block_1_40' title="bbox 491 2438 2061 2516">
    <p class='ocr_par' dir='ltr' id='par_1_40' title="bbox 491 2438 2061 2516">
     <span class='ocr_line' id='line_1_40' title="bbox 491 2438 2061 2516; baseline -0.007 -16"><span class='ocrx_word' id='word_1_304' title='bbox 491 2464 679 2501; x_wconf 81' lang='lat' dir='ltr'><strong>carum</strong></span> <span class='ocrx_word' id='word_1_305' title='bbox 716 2462 835 2516; x_wconf 66' lang='lat' dir='ltr'><strong>qum</strong></span> <span class='ocrx_word' id='word_1_306' title='bbox 865 2462 930 2499; x_wconf 80' lang='lat' dir='ltr'><strong>ex</strong></span> <span class='ocrx_word' id='word_1_307' title='bbox 975 2453 1199 2514; x_wconf 91' lang='lat' dir='ltr'><strong>peccato</strong></span> <span class='ocrx_word' id='word_1_308' title='bbox 1240 2442 1512 2495; x_wconf 77' lang='lat' dir='ltr'><strong>exsistunt</strong></span> <span class='ocrx_word' id='word_1_309' title='bbox 1563 2438 1947 2502; x_wconf 71' lang='lat' dir='ltr'><strong>aifeetionum;</strong></span> <span class='ocrx_word' id='word_1_310' title='bbox 2006 2444 2061 2489; x_wconf 91' lang='lat' dir='ltr'><strong>et</strong></span> 
     </span>
    </p>
   </div>
   <div class='ocr_carea' id='block_1_41' title="bbox 494 2528 2061 2609">
    <p class='ocr_par' dir='ltr' id='par_1_41' title="bbox 494 2528 2061 2609">
     <span class='ocr_line' id='line_1_41' title="bbox 494 2528 2061 2609; baseline -0.008 -15"><span class='ocrx_word' id='word_1_311' title='bbox 494 2542 683 2594; x_wconf 89' lang='lat' dir='ltr'><strong>mortis</strong></span> <span class='ocrx_word' id='word_1_312' title='bbox 721 2539 1021 2609; x_wconf 80' lang='lat' dir='ltr'><strong>corporalis</strong></span> <span class='ocrx_word' id='word_1_313' title='bbox 1050 2544 1103 2591; x_wconf 88' lang='lat' dir='ltr'><strong>et</strong></span> <span class='ocrx_word' id='word_1_314' title='bbox 1126 2535 1370 2605; x_wconf 77' lang='lat' dir='ltr'><strong>quaedam</strong></span> <span class='ocrx_word' id='word_1_315' title='bbox 1408 2532 1653 2599; x_wconf 79' lang='lat' dir='ltr'><strong>analogia</strong></span> <span class='ocrx_word' id='word_1_316' title='bbox 1686 2544 1749 2582; x_wconf 87' lang='lat' dir='ltr'><strong>ac</strong></span> <span class='ocrx_word' id='word_1_317' title='bbox 1783 2528 2061 2599; x_wconf 90' lang='lat' dir='ltr'><strong>proportio</strong></span> 
     </span>
    </p>
   </div>
   <div class='ocr_carea' id='block_1_42' title="bbox 496 2624 2063 2697">
    <p class='ocr_par' dir='ltr' id='par_1_42' title="bbox 496 2624 2063 2697">
     <span class='ocr_line' id='line_1_42' title="bbox 496 2624 2063 2697; baseline -0.01 -10"><span class='ocrx_word' id='word_1_318' title='bbox 496 2651 619 2687; x_wconf 84' lang='lat' dir='ltr'><strong>cum</strong></span> <span class='ocrx_word' id='word_1_319' title='bbox 648 2640 821 2687; x_wconf 86' lang='lat' dir='ltr'><strong>morte</strong></span> <span class='ocrx_word' id='word_1_320' title='bbox 850 2631 1044 2684; x_wconf 66' lang='lat' dir='ltr'><strong>animae</strong></span> <span class='ocrx_word' id='word_1_321' title='bbox 1069 2649 1081 2683; x_wconf 90' lang='lat'>:</span> <span class='ocrx_word' id='word_1_322' title='bbox 1109 2626 1380 2697; x_wconf 83' lang='lat' dir='ltr'><strong>quomodo</strong></span> <span class='ocrx_word' id='word_1_323' title='bbox 1399 2626 1542 2679; x_wconf 90' lang='lat' dir='ltr'><strong>enim</strong></span> <span class='ocrx_word' id='word_1_324' title='bbox 1578 2624 1629 2676; x_wconf 94' lang='lat' dir='ltr'><strong>in</strong></span> <span class='ocrx_word' id='word_1_325' title='bbox 1650 2638 1836 2683; x_wconf 90' lang='lat' dir='ltr'><strong>carne,</strong></span> <span class='ocrx_word' id='word_1_326' title='bbox 1884 2636 1912 2673; x_wconf 90' lang='lat' dir='ltr'><strong>a</strong></span> <span class='ocrx_word' id='word_1_327' title='bbox 1939 2637 2063 2675; x_wconf 86' lang='lat' dir='ltr'><strong>sen-</strong></span> 
     </span>
    </p>
   </div>
   <div class='ocr_carea' id='block_1_43' title="bbox 496 2711 2054 2791">
    <p class='ocr_par' dir='ltr' id='par_1_43' title="bbox 496 2711 2054 2791">
     <span class='ocr_line' id='line_1_43' title="bbox 496 2711 2054 2791; baseline -0.012 -11"><span class='ocrx_word' id='word_1_328' title='bbox 496 2727 580 2780; x_wconf 82' lang='lat' dir='ltr'><strong>sili</strong></span> <span class='ocrx_word' id='word_1_329' title='bbox 618 2726 728 2777; x_wconf 82' lang='lat' dir='ltr'><strong>vita</strong></span> <span class='ocrx_word' id='word_1_330' title='bbox 758 2729 1067 2791; x_wconf 89' lang='lat' dir='ltr'><strong>separatum</strong></span> <span class='ocrx_word' id='word_1_331' title='bbox 1100 2732 1223 2771; x_wconf 90' lang='lat' dir='ltr'><strong>esse</strong></span> <span class='ocrx_word' id='word_1_332' title='bbox 1250 2722 1481 2768; x_wconf 89' lang='lat' dir='ltr'><strong>mortem</strong></span> <span class='ocrx_word' id='word_1_333' title='bbox 1502 2713 1771 2766; x_wconf 90' lang='lat' dir='ltr'><strong>dicimus:</strong></span> <span class='ocrx_word' id='word_1_334' title='bbox 1796 2711 1871 2765; x_wconf 90' lang='lat' dir='ltr'><strong>ita</strong></span> <span class='ocrx_word' id='word_1_335' title='bbox 1890 2712 2054 2765; x_wconf 91' lang='lat' dir='ltr'><strong>etiam</strong></span> 
     </span>
    </p>
   </div>
   <div class='ocr_carea' id='block_1_44' title="bbox 498 2805 2061 2881">
    <p class='ocr_par' dir='ltr' id='par_1_44' title="bbox 498 2805 2061 2881">
     <span class='ocr_line' id='line_1_44' title="bbox 498 2805 2061 2881; baseline -0.01 -11"><span class='ocrx_word' id='word_1_336' title='bbox 498 2819 553 2870; x_wconf 88' lang='lat' dir='ltr'><strong>in</strong></span> <span class='ocrx_word' id='word_1_337' title='bbox 589 2817 765 2869; x_wconf 89' lang='lat' dir='ltr'><strong>anima</strong></span> <span class='ocrx_word' id='word_1_338' title='bbox 797 2812 1133 2881; x_wconf 65' lang='lat' dir='ltr'><strong>appellamus</strong></span> <span class='ocrx_word' id='word_1_339' title='bbox 1179 2815 1407 2861; x_wconf 86' lang='lat' dir='ltr'><strong>mortem</strong></span> <span class='ocrx_word' id='word_1_340' title='bbox 1452 2821 1481 2857; x_wconf 90' lang='lat' dir='ltr'><strong>a</strong></span> <span class='ocrx_word' id='word_1_341' title='bbox 1514 2820 1642 2859; x_wconf 86' lang='lat' dir='ltr'><strong>vera</strong></span> <span class='ocrx_word' id='word_1_342' title='bbox 1682 2805 1790 2857; x_wconf 90' lang='lat' dir='ltr'><strong>vita</strong></span> <span class='ocrx_word' id='word_1_343' title='bbox 1836 2818 2061 2871; x_wconf 87' lang='lat' dir='ltr'><strong>separa-</strong></span> 
     </span>
    </p>
   </div>
   <div class='ocr_carea' id='block_1_45' title="bbox 496 2897 2066 2973">
    <p class='ocr_par' dir='ltr' id='par_1_45' title="bbox 496 2897 2066 2973">
     <span class='ocr_line' id='line_1_45' title="bbox 496 2897 2066 2973; baseline -0.008 -11"><span class='ocrx_word' id='word_1_344' title='bbox 496 2905 1015 2973; x_wconf 82' lang='lat' dir='ltr'><strong>tionem;quoniam</strong></span> <span class='ocrx_word' id='word_1_345' title='bbox 1044 2915 1171 2970; x_wconf 81' lang='lat' dir='ltr'><strong>ergo</strong></span> <span class='ocrx_word' id='word_1_346' title='bbox 1217 2914 1323 2951; x_wconf 92' lang='lat' dir='ltr'><strong>una</strong></span> <span class='ocrx_word' id='word_1_347' title='bbox 1352 2906 1437 2951; x_wconf 92' lang='lat' dir='ltr'><strong>est</strong></span> <span class='ocrx_word' id='word_1_348' title='bbox 1479 2898 1606 2950; x_wconf 88' lang='lat' dir='ltr'><strong>mali</strong></span> <span class='ocrx_word' id='word_1_349' title='bbox 1646 2897 1957 2949; x_wconf 90' lang='lat' dir='ltr'><strong>communio</strong></span> <span class='ocrx_word' id='word_1_350' title='bbox 2002 2910 2066 2949; x_wconf 88' lang='lat' dir='ltr'><strong>ac</strong></span> 
     </span>
    </p>
   </div>
   <div class='ocr_carea' id='block_1_46' title="bbox 499 2987 2063 3065">
    <p class='ocr_par' dir='ltr' id='par_1_46' title="bbox 499 2987 2063 3065">
     <span class='ocr_line' id='line_1_46' title="bbox 499 2987 2063 3065; baseline -0.011 -9"><span class='ocrx_word' id='word_1_351' title='bbox 499 3002 752 3060; x_wconf 83' lang='lat' dir='ltr'><strong>societas,</strong></span> <span class='ocrx_word' id='word_1_352' title='bbox 776 3010 831 3049; x_wconf 88' lang='lat' dir='ltr'><strong>ut</strong></span> <span class='ocrx_word' id='word_1_353' title='bbox 863 2997 1015 3065; x_wconf 89' lang='lat' dir='ltr'><strong>prius</strong></span> <span class='ocrx_word' id='word_1_354' title='bbox 1048 2994 1254 3047; x_wconf 92' lang='lat' dir='ltr'><strong>dictum</strong></span> <span class='ocrx_word' id='word_1_355' title='bbox 1281 2998 1385 3053; x_wconf 89' lang='lat' dir='ltr'><strong>est,</strong></span> <span class='ocrx_word' id='word_1_356' title='bbox 1418 2988 1764 3044; x_wconf 89' lang='lat' dir='ltr'><strong>considerata</strong></span> <span class='ocrx_word' id='word_1_357' title='bbox 1790 2988 1844 3041; x_wconf 92' lang='lat' dir='ltr'><strong>in</strong></span> <span class='ocrx_word' id='word_1_358' title='bbox 1880 2987 2063 3041; x_wconf 86' lang='lat' dir='ltr'><strong>anima</strong></span> 
     </span>
    </p>
   </div>
   <div class='ocr_carea' id='block_1_47' title="bbox 500 3077 2063 3159">
    <p class='ocr_par' dir='ltr' id='par_1_47' title="bbox 500 3077 2063 3159">
     <span class='ocr_line' id='line_1_47' title="bbox 500 3077 2063 3159; baseline -0.008 -15"><span class='ocrx_word' id='word_1_359' title='bbox 500 3103 552 3144; x_wconf 86' lang='lat' dir='ltr'><strong>ct</strong></span> <span class='ocrx_word' id='word_1_360' title='bbox 578 3106 824 3159; x_wconf 84' lang='lat' dir='ltr'><strong>corpore,</strong></span> <span class='ocrx_word' id='word_1_361' title='bbox 862 3104 955 3159; x_wconf 87' lang='lat' dir='ltr'><strong>per</strong></span> <span class='ocrx_word' id='word_1_362' title='bbox 993 3095 1287 3153; x_wconf 90' lang='lat' dir='ltr'><strong>utrumque</strong></span> <span class='ocrx_word' id='word_1_363' title='bbox 1317 3083 1460 3137; x_wconf 89' lang='lat' dir='ltr'><strong>enim</strong></span> <span class='ocrx_word' id='word_1_364' title='bbox 1491 3081 1734 3152; x_wconf 89' lang='lat' dir='ltr'><strong>procedit</strong></span> <span class='ocrx_word' id='word_1_365' title='bbox 1784 3080 1966 3133; x_wconf 86' lang='lat' dir='ltr'><strong>anima</strong></span> <span class='ocrx_word' id='word_1_366' title='bbox 1996 3077 2063 3132; x_wconf 92' lang='lat' dir='ltr'><strong>ad</strong></span> 
     </span>
    </p>
   </div>
   <div class='ocr_carea' id='block_1_48' title="bbox 500 3169 2065 3251">
    <p class='ocr_par' dir='ltr' id='par_1_48' title="bbox 500 3169 2065 3251">
     <span class='ocr_line' id='line_1_48' title="bbox 500 3169 2065 3251; baseline -0.008 -18"><span class='ocrx_word' id='word_1_367' title='bbox 500 3181 871 3251; x_wconf 86' lang='lat' dir='ltr'><strong>operationem</strong></span> <span class='ocrx_word' id='word_1_368' title='bbox 914 3197 926 3231; x_wconf 89' lang='lat'>:</span> <span class='ocrx_word' id='word_1_369' title='bbox 962 3184 1253 3247; x_wconf 88' lang='lat' dir='ltr'><strong>propterea</strong></span> <span class='ocrx_word' id='word_1_370' title='bbox 1294 3187 1439 3226; x_wconf 93' lang='lat' dir='ltr'><strong>mors</strong></span> <span class='ocrx_word' id='word_1_371' title='bbox 1480 3171 1698 3240; x_wconf 80' lang='lat' dir='ltr'><strong>quidem</strong></span> <span class='ocrx_word' id='word_1_372' title='bbox 1744 3169 2065 3224; x_wconf 85' lang='lat' dir='ltr'><strong>dissolutio-</strong></span> 
     </span>
    </p>
   </div>
   <div class='ocr_carea' id='block_1_49' title="bbox 504 3259 2067 3332">
    <p class='ocr_par' dir='ltr' id='par_1_49' title="bbox 504 3259 2067 3332">
     <span class='ocr_line' id='line_1_49' title="bbox 504 3259 2067 3332; baseline -0.01 -6"><span class='ocrx_word' id='word_1_373' title='bbox 504 3275 593 3326; x_wconf 90' lang='lat' dir='ltr'><strong>nis</strong></span> <span class='ocrx_word' id='word_1_374' title='bbox 630 3272 698 3324; x_wconf 89' lang='lat' dir='ltr'><strong>ab</strong></span> <span class='ocrx_word' id='word_1_375' title='bbox 729 3269 1044 3322; x_wconf 85' lang='lat' dir='ltr'><strong>indumento</strong></span> <span class='ocrx_word' id='word_1_376' title='bbox 1073 3263 1383 3318; x_wconf 89' lang='lat' dir='ltr'><strong>mortalium</strong></span> <span class='ocrx_word' id='word_1_377' title='bbox 1441 3263 1688 3332; x_wconf 89' lang='lat' dir='ltr'><strong>pellium,</strong></span> <span class='ocrx_word' id='word_1_378' title='bbox 1740 3276 1851 3313; x_wconf 90' lang='lat' dir='ltr'><strong>non</strong></span> <span class='ocrx_word' id='word_1_379' title='bbox 1897 3259 2067 3313; x_wconf 87' lang='lat' dir='ltr'><strong>attin-</strong></span> 
     </span>
    </p>
   </div>
   <div class='ocr_carea' id='block_1_50' title="bbox 503 3351 2069 3431">
    <p class='ocr_par' dir='ltr' id='par_1_50' title="bbox 503 3351 2069 3431">
     <span class='ocr_line' id='line_1_50' title="bbox 503 3351 2069 3431; baseline -0.007 -17"><span class='ocrx_word' id='word_1_380' title='bbox 503 3364 581 3431; x_wconf 77' lang='lat' dir='ltr'><strong>git</strong></span> <span class='ocrx_word' id='word_1_381' title='bbox 619 3359 877 3414; x_wconf 87' lang='lat' dir='ltr'><strong>animam.</strong></span> <span class='ocrx_word' id='word_1_382' title='bbox 906 3355 1375 3422; x_wconf 82' lang='lat' dir='ltr'><strong>Quemadmodum</strong></span> <span class='ocrx_word' id='word_1_383' title='bbox 1413 3353 1560 3408; x_wconf 89' lang='lat' dir='ltr'><strong>enim</strong></span> <span class='ocrx_word' id='word_1_384' title='bbox 1612 3351 1841 3406; x_wconf 84' lang='lat' dir='ltr'><strong>dissolvi</strong></span> <span class='ocrx_word' id='word_1_385' title='bbox 1885 3358 2069 3420; x_wconf 86' lang='lat' dir='ltr'><strong>posset</strong></span> 
     </span>
    </p>
   </div>
   <div class='ocr_carea' id='block_1_51' title="bbox 502 3445 1328 3522">
    <p class='ocr_par' dir='ltr' id='par_1_51' title="bbox 502 3445 1328 3522">
     <span class='ocr_line' id='line_1_51' title="bbox 502 3445 1328 3522; baseline -0.012 -15"><span class='ocrx_word' id='word_1_386' title='bbox 502 3450 649 3522; x_wconf 84' lang='lat' dir='ltr'><strong>quod</strong></span> <span class='ocrx_word' id='word_1_387' title='bbox 685 3466 793 3503; x_wconf 87' lang='lat' dir='ltr'><strong>non</strong></span> <span class='ocrx_word' id='word_1_388' title='bbox 828 3456 912 3502; x_wconf 86' lang='lat' dir='ltr'><strong>est</strong></span> <span class='ocrx_word' id='word_1_389' title='bbox 935 3445 1328 3515; x_wconf 81' lang='lat' dir='ltr'><strong>compositum?</strong></span> 
     </span>
    </p>
   </div>
   <div class='ocr_carea' id='block_1_52' title="bbox 574 3556 2070 3631">
    <p class='ocr_par' dir='ltr' id='par_1_52' title="bbox 574 3556 2070 3631">
     <span class='ocr_line' id='line_1_52' title="bbox 574 3556 2070 3631; baseline -0.007 -14"><span class='ocrx_word' id='word_1_390' title='bbox 574 3565 838 3631; x_wconf 88' lang='lat' dir='ltr'><strong>Quoniam</strong></span> <span class='ocrx_word' id='word_1_391' title='bbox 873 3576 997 3615; x_wconf 87' lang='lat' dir='ltr'><strong>vero</strong></span> <span class='ocrx_word' id='word_1_392' title='bbox 1023 3574 1159 3628; x_wconf 90' lang='lat' dir='ltr'><strong>opus</strong></span> <span class='ocrx_word' id='word_1_393' title='bbox 1187 3565 1289 3621; x_wconf 90' lang='lat' dir='ltr'><strong>est,</strong></span> <span class='ocrx_word' id='word_1_394' title='bbox 1337 3563 1395 3611; x_wconf 89' lang='lat' dir='ltr'><strong>ut</strong></span> <span class='ocrx_word' id='word_1_395' title='bbox 1431 3556 1576 3609; x_wconf 91' lang='lat' dir='ltr'><strong>illius</strong></span> <span class='ocrx_word' id='word_1_396' title='bbox 1602 3570 1820 3625; x_wconf 89' lang='lat' dir='ltr'><strong>quoque</strong></span> <span class='ocrx_word' id='word_1_397' title='bbox 1853 3569 1973 3623; x_wconf 68' lang='lat' dir='ltr'><strong>qua?</strong></span> <span class='ocrx_word' id='word_1_398' title='bbox 2003 3568 2070 3607; x_wconf 81' lang='lat' dir='ltr'><strong>ex</strong></span> 
     </span>
    </p>
   </div>
   <div class='ocr_carea' id='block_1_53' title="bbox 506 3647 2075 3723">
    <p class='ocr_par' dir='ltr' id='par_1_53' title="bbox 506 3647 2075 3723">
     <span class='ocr_line' id='line_1_53' title="bbox 506 3647 2075 3723; baseline -0.009 -13"><span class='ocrx_word' id='word_1_399' title='bbox 506 3656 745 3723; x_wconf 80' lang='lat' dir='ltr'><strong>peccatis</strong></span> <span class='ocrx_word' id='word_1_400' title='bbox 770 3655 818 3708; x_wconf 93' lang='lat' dir='ltr'><strong>ei</strong></span> <span class='ocrx_word' id='word_1_401' title='bbox 855 3656 1183 3722; x_wconf 66' lang='lat' dir='ltr'><strong>ingenerata:</strong></span> <span class='ocrx_word' id='word_1_402' title='bbox 1214 3648 1533 3703; x_wconf 91' lang='lat' dir='ltr'><strong>insederunt</strong></span> <span class='ocrx_word' id='word_1_403' title='bbox 1562 3647 1806 3705; x_wconf 79' lang='lat' dir='ltr'><strong>maculae,</strong></span> <span class='ocrx_word' id='word_1_404' title='bbox 1839 3660 1932 3714; x_wconf 91' lang='lat' dir='ltr'><strong>per</strong></span> <span class='ocrx_word' id='word_1_405' title='bbox 1961 3659 2075 3697; x_wconf 87' lang='lat' dir='ltr'><strong>me-</strong></span> 
     </span>
    </p>
   </div>
   <div class='ocr_carea' id='block_1_54' title="bbox 504 3734 2072 3813">
    <p class='ocr_par' dir='ltr' id='par_1_54' title="bbox 504 3734 2072 3813">
     <span class='ocr_line' id='line_1_54' title="bbox 504 3734 2072 3813; baseline -0.008 -14"><span class='ocrx_word' id='word_1_406' title='bbox 504 3748 743 3800; x_wconf 79' lang='lat' dir='ltr'><strong>dicinam</strong></span> <span class='ocrx_word' id='word_1_407' title='bbox 774 3746 1007 3813; x_wconf 87' lang='lat' dir='ltr'><strong>aliquam</strong></span> <span class='ocrx_word' id='word_1_408' title='bbox 1043 3739 1381 3801; x_wconf 78' lang='lat' dir='ltr'><strong>auferantur,</strong></span> <span class='ocrx_word' id='word_1_409' title='bbox 1416 3745 1702 3808; x_wconf 88' lang='lat' dir='ltr'><strong>propterea</strong></span> <span class='ocrx_word' id='word_1_410' title='bbox 1731 3737 1783 3789; x_wconf 92' lang='lat' dir='ltr'><strong>in</strong></span> <span class='ocrx_word' id='word_1_411' title='bbox 1817 3734 2072 3805; x_wconf 71' lang='lat' dir='ltr'><strong>prmsenti</strong></span> 
     </span>
    </p>
   </div>
   <div class='ocr_carea' id='block_1_55' title="bbox 509 3826 2073 3905">
    <p class='ocr_par' dir='ltr' id='par_1_55' title="bbox 509 3826 2073 3905">
     <span class='ocr_line' id='line_1_55' title="bbox 509 3826 2073 3905; baseline -0.006 -16"><span class='ocrx_word' id='word_1_412' title='bbox 509 3837 726 3905; x_wconf 78' lang='lat' dir='ltr'><strong>quidem</strong></span> <span class='ocrx_word' id='word_1_413' title='bbox 761 3836 869 3887; x_wconf 90' lang='lat' dir='ltr'><strong>vita</strong></span> <span class='ocrx_word' id='word_1_414' title='bbox 899 3832 1200 3887; x_wconf 91' lang='lat' dir='ltr'><strong>adhibitum</strong></span> <span class='ocrx_word' id='word_1_415' title='bbox 1234 3838 1320 3885; x_wconf 88' lang='lat' dir='ltr'><strong>est</strong></span> <span class='ocrx_word' id='word_1_416' title='bbox 1363 3829 1817 3883; x_wconf 84' lang='lat' dir='ltr'><strong>medicamentum</strong></span> <span class='ocrx_word' id='word_1_417' title='bbox 1852 3826 2073 3880; x_wconf 89' lang='lat' dir='ltr'><strong>virtutis</strong></span> 
     </span>
    </p>
   </div>
   <div class='ocr_carea' id='block_1_56' title="bbox 506 3920 2071 3989">
    <p class='ocr_par' dir='ltr' id='par_1_56' title="bbox 506 3920 2071 3989">
     <span class='ocr_line' id='line_1_56' title="bbox 506 3920 2071 3989; baseline -0.007 -6"><span class='ocrx_word' id='word_1_418' title='bbox 506 3929 576 3983; x_wconf 88' lang='lat' dir='ltr'><strong>ad</strong></span> <span class='ocrx_word' id='word_1_419' title='bbox 601 3930 716 3983; x_wconf 62' lang='lat' dir='ltr'><strong>hare</strong></span> <span class='ocrx_word' id='word_1_420' title='bbox 747 3927 985 3982; x_wconf 88' lang='lat' dir='ltr'><strong>curanda</strong></span> <span class='ocrx_word' id='word_1_421' title='bbox 1008 3927 1252 3979; x_wconf 88' lang='lat' dir='ltr'><strong>vulnera.</strong></span> <span class='ocrx_word' id='word_1_422' title='bbox 1284 3923 1438 3989; x_wconf 88' lang='lat' dir='ltr'><strong>Quod</strong></span> <span class='ocrx_word' id='word_1_423' title='bbox 1468 3922 1515 3975; x_wconf 93' lang='lat' dir='ltr'><strong>si</strong></span> <span class='ocrx_word' id='word_1_424' title='bbox 1541 3921 1718 3975; x_wconf 86' lang='lat' dir='ltr'><strong>curari</strong></span> <span class='ocrx_word' id='word_1_425' title='bbox 1747 3936 1854 3973; x_wconf 90' lang='lat' dir='ltr'><strong>non</strong></span> <span class='ocrx_word' id='word_1_426' title='bbox 1878 3920 2071 3988; x_wconf 91' lang='lat' dir='ltr'><strong>possit,</strong></span> 
     </span>
    </p>
   </div>
   <div class='ocr_carea' id='block_1_57' title="bbox 511 4011 2075 4081">
    <p class='ocr_par' dir='ltr' id='par_1_57' title="bbox 511 4011 2075 4081">
     <span class='ocr_line' id='line_1_57' title="bbox 511 4011 2075 4081; baseline -0.006 -8"><span class='ocrx_word' id='word_1_427' title='bbox 511 4021 564 4074; x_wconf 90' lang='lat' dir='ltr'><strong>in</strong></span> <span class='ocrx_word' id='word_1_428' title='bbox 593 4021 829 4074; x_wconf 81' lang='lat' dir='ltr'><strong>futuram</strong></span> <span class='ocrx_word' id='word_1_429' title='bbox 864 4018 1029 4071; x_wconf 87' lang='lat' dir='ltr'><strong>vitam</strong></span> <span class='ocrx_word' id='word_1_430' title='bbox 1060 4022 1372 4071; x_wconf 89' lang='lat' dir='ltr'><strong>reservatur</strong></span> <span class='ocrx_word' id='word_1_431' title='bbox 1395 4014 1627 4068; x_wconf 89' lang='lat' dir='ltr'><strong>curatio.</strong></span> <span class='ocrx_word' id='word_1_432' title='bbox 1666 4011 1770 4068; x_wconf 88' lang='lat' dir='ltr'><strong>Sed</strong></span> <span class='ocrx_word' id='word_1_433' title='bbox 1802 4012 2075 4081; x_wconf 87' lang='lat' dir='ltr'><strong>quomodo</strong></span> 
     </span>
    </p>
   </div>
   <div class='ocr_carea' id='block_1_58' title="bbox 510 4101 2073 4178">
    <p class='ocr_par' dir='ltr' id='par_1_58' title="bbox 510 4101 2073 4178">
     <span class='ocr_line' id='line_1_58' title="bbox 510 4101 2073 4178; baseline -0.008 -12"><span class='ocrx_word' id='word_1_434' title='bbox 510 4115 568 4166; x_wconf 85' lang='lat' dir='ltr'><strong>in</strong></span> <span class='ocrx_word' id='word_1_435' title='bbox 617 4124 846 4178; x_wconf 86' lang='lat' dir='ltr'><strong>corpore</strong></span> <span class='ocrx_word' id='word_1_436' title='bbox 875 4115 1003 4162; x_wconf 92' lang='lat' dir='ltr'><strong>sunt</strong></span> <span class='ocrx_word' id='word_1_437' title='bbox 1048 4106 1395 4161; x_wconf 77' lang='lat' dir='ltr'><strong>aﬂ&#39;ectiouum</strong></span> <span class='ocrx_word' id='word_1_438' title='bbox 1444 4104 1687 4173; x_wconf 84' lang='lat' dir='ltr'><strong>quaedam</strong></span> <span class='ocrx_word' id='word_1_439' title='bbox 1737 4101 2073 4161; x_wconf 71' lang='lat' dir='ltr'><strong>diiierentiae,</strong></span> 
     </span>
    </p>
   </div>
   <div class='ocr_carea' id='block_1_59' title="bbox 510 4191 2076 4271">
    <p class='ocr_par' dir='ltr' id='par_1_59' title="bbox 510 4191 2076 4271">
     <span class='ocr_line' id='line_1_59' title="bbox 510 4191 2076 4271; baseline -0.006 -16"><span class='ocrx_word' id='word_1_440' title='bbox 510 4217 741 4271; x_wconf 87' lang='lat' dir='ltr'><strong>quarum</strong></span> <span class='ocrx_word' id='word_1_441' title='bbox 775 4200 892 4252; x_wconf 75' lang='lat' dir='ltr'><strong>alia:</strong></span> <span class='ocrx_word' id='word_1_442' title='bbox 939 4198 1157 4266; x_wconf 90' lang='lat' dir='ltr'><strong>quidem</strong></span> <span class='ocrx_word' id='word_1_443' title='bbox 1208 4195 1445 4254; x_wconf 81' lang='lat' dir='ltr'><strong>facilius.</strong></span> <span class='ocrx_word' id='word_1_444' title='bbox 1494 4194 1613 4247; x_wconf 69' lang='lat' dir='ltr'><strong>aliae</strong></span> <span class='ocrx_word' id='word_1_445' title='bbox 1640 4207 1771 4247; x_wconf 91' lang='lat' dir='ltr'><strong>vero</strong></span> <span class='ocrx_word' id='word_1_446' title='bbox 1803 4191 2076 4246; x_wconf 81' lang='lat' dir='ltr'><strong>diﬂicilius</strong></span> 
     </span>
    </p>
   </div>
   <div class='ocr_carea' id='block_1_60' title="bbox 512 4282 2079 4353">
    <p class='ocr_par' dir='ltr' id='par_1_60' title="bbox 512 4282 2079 4353">
     <span class='ocr_line' id='line_1_60' title="bbox 512 4282 2079 4353; baseline -0.008 -7"><span class='ocrx_word' id='word_1_447' title='bbox 512 4293 806 4346; x_wconf 88' lang='lat' dir='ltr'><strong>admittunt</strong></span> <span class='ocrx_word' id='word_1_448' title='bbox 850 4294 1214 4348; x_wconf 85' lang='lat' dir='ltr'><strong>curationem,</strong></span> <span class='ocrx_word' id='word_1_449' title='bbox 1268 4288 1322 4340; x_wconf 91' lang='lat' dir='ltr'><strong>in</strong></span> <span class='ocrx_word' id='word_1_450' title='bbox 1364 4285 1565 4353; x_wconf 89' lang='lat' dir='ltr'><strong>quibus</strong></span> <span class='ocrx_word' id='word_1_451' title='bbox 1612 4290 1664 4338; x_wconf 91' lang='lat' dir='ltr'><strong>et</strong></span> <span class='ocrx_word' id='word_1_452' title='bbox 1712 4282 1982 4349; x_wconf 88' lang='lat' dir='ltr'><strong>sectiones</strong></span> <span class='ocrx_word' id='word_1_453' title='bbox 2024 4290 2079 4335; x_wconf 90' lang='lat' dir='ltr'><strong>et</strong></span> 
     </span>
    </p>
   </div>
   <div class='ocr_carea' id='block_1_61' title="bbox 513 4374 2080 4443">
    <p class='ocr_par' dir='ltr' id='par_1_61' title="bbox 513 4374 2080 4443">
     <span class='ocr_line' id='line_1_61' title="bbox 513 4374 2080 4443; baseline -0.008 -6"><span class='ocrx_word' id='word_1_454' title='bbox 513 4384 777 4443; x_wconf 83' lang='lat' dir='ltr'><strong>cauteria,</strong></span> <span class='ocrx_word' id='word_1_455' title='bbox 811 4392 862 4434; x_wconf 91' lang='lat' dir='ltr'><strong>et</strong></span> <span class='ocrx_word' id='word_1_456' title='bbox 889 4381 1083 4433; x_wconf 83' lang='lat' dir='ltr'><strong>acerba</strong></span> <span class='ocrx_word' id='word_1_457' title='bbox 1109 4377 1499 4431; x_wconf 85' lang='lat' dir='ltr'><strong>medicamenta</strong></span> <span class='ocrx_word' id='word_1_458' title='bbox 1528 4375 1854 4430; x_wconf 88' lang='lat' dir='ltr'><strong>adhibentur</strong></span> <span class='ocrx_word' id='word_1_459' title='bbox 1877 4374 1943 4426; x_wconf 92' lang='lat' dir='ltr'><strong>ad</strong></span> <span class='ocrx_word' id='word_1_460' title='bbox 1978 4374 2080 4426; x_wconf 88' lang='lat' dir='ltr'><strong>tol-</strong></span> 
     </span>
    </p>
   </div>
   <div class='ocr_carea' id='block_1_62' title="bbox 2153 1877 3721 1962">
    <p class='ocr_par' dir='ltr' id='par_1_62' title="bbox 2153 1877 3721 1962">
     <span class='ocr_line' id='line_1_62' title="bbox 2153 1877 3721 1962; baseline -0.017 -9"><span class='ocrx_word' id='word_1_461' title='bbox 2153 1899 2213 1953; x_wconf 82' lang='grc' dir='ltr'><strong>τὸ</strong></span> <span class='ocrx_word' id='word_1_462' title='bbox 2241 1896 2382 1951; x_wconf 80' lang='grc' dir='ltr'>κατὰ</span> <span class='ocrx_word' id='word_1_463' title='bbox 2419 1894 2479 1947; x_wconf 83' lang='grc' dir='ltr'><strong>τὸ</strong></span> <span class='ocrx_word' id='word_1_464' title='bbox 2510 1892 2669 1962; x_wconf 89' lang='grc' dir='ltr'>σῶμά</span> <span class='ocrx_word' id='word_1_465' title='bbox 2700 1907 2867 1959; x_wconf 78' lang='grc' dir='ltr'>φημι,</span> <span class='ocrx_word' id='word_1_466' title='bbox 2903 1887 3002 1956; x_wconf 89' lang='grc' dir='ltr'><strong>τῆς</strong></span> <span class='ocrx_word' id='word_1_467' title='bbox 3039 1883 3234 1945; x_wconf 84' lang='grc' dir='ltr'>κακίας</span> <span class='ocrx_word' id='word_1_468' title='bbox 3266 1877 3721 1949; x_wconf 86' lang='grc' dir='ltr'>καταμιχθείσης,</span> 
     </span>
    </p>
   </div>
   <div class='ocr_carea' id='block_1_63' title="bbox 2153 1970 3726 2056">
    <p class='ocr_par' dir='ltr' id='par_1_63' title="bbox 2153 1970 3726 2056">
     <span class='ocr_line' id='line_1_63' title="bbox 2153 1970 3726 2056; baseline -0.017 -12"><span class='ocrx_word' id='word_1_469' title='bbox 2153 1989 2406 2051; x_wconf 88' lang='grc' dir='ltr'>διαλύσας</span> <span class='ocrx_word' id='word_1_470' title='bbox 2444 1986 2540 2056; x_wconf 81' lang='grc' dir='ltr'>τὴν</span> <span class='ocrx_word' id='word_1_471' title='bbox 2588 1979 3038 2052; x_wconf 81' lang='grc' dir='ltr'>παραδεξαμένην</span> <span class='ocrx_word' id='word_1_472' title='bbox 3080 1976 3139 2027; x_wconf 82' lang='grc' dir='ltr'><strong>τὸ</strong></span> <span class='ocrx_word' id='word_1_473' title='bbox 3179 1974 3346 2028; x_wconf 71' lang='grc' dir='ltr'>κακὸν</span> <span class='ocrx_word' id='word_1_474' title='bbox 3376 1971 3526 2041; x_wconf 77' lang='grc' dir='ltr'>ὓλην,</span> <span class='ocrx_word' id='word_1_475' title='bbox 3564 1970 3726 2021; x_wconf 84' lang='grc' dir='ltr'>πάλιν</span> 
     </span>
    </p>
   </div>
   <div class='ocr_carea' id='block_1_64' title="bbox 2155 2064 3725 2154">
    <p class='ocr_par' dir='ltr' id='par_1_64' title="bbox 2155 2064 3725 2154">
     <span class='ocr_line' id='line_1_64' title="bbox 2155 2064 3725 2154; baseline -0.014 -17"><span class='ocrx_word' id='word_1_476' title='bbox 2155 2084 2350 2154; x_wconf 81' lang='grc' dir='ltr'>ἀμιγὲς</span> <span class='ocrx_word' id='word_1_477' title='bbox 2383 2079 2477 2134; x_wconf 87' lang='grc' dir='ltr'><strong>τοῦ</strong></span> <span class='ocrx_word' id='word_1_478' title='bbox 2510 2077 2751 2131; x_wconf 81' lang='grc' dir='ltr'>ἐναντίου</span> <span class='ocrx_word' id='word_1_479' title='bbox 2781 2074 2869 2128; x_wconf 80' lang='grc' dir='ltr'><strong>διὰ</strong></span> <span class='ocrx_word' id='word_1_480' title='bbox 2892 2073 2989 2140; x_wconf 85' lang='grc' dir='ltr'><strong>τῆς</strong></span> <span class='ocrx_word' id='word_1_481' title='bbox 3014 2064 3725 2128; x_wconf 86' lang='grc' dir='ltr'>ἁναστάσεωςάναπλάσας,</span> 
     </span>
    </p>
   </div>
   <div class='ocr_carea' id='block_1_65' title="bbox 2158 2154 3727 2245">
    <p class='ocr_par' dir='ltr' id='par_1_65' title="bbox 2158 2154 3727 2245">
     <span class='ocr_line' id='line_1_65' title="bbox 2158 2154 3727 2245; baseline -0.013 -16"><span class='ocrx_word' id='word_1_482' title='bbox 2158 2176 2294 2245; x_wconf 77' lang='grc' dir='ltr'>πρὸς</span> <span class='ocrx_word' id='word_1_483' title='bbox 2319 2174 2379 2227; x_wconf 82' lang='grc' dir='ltr'><strong>τὸ</strong></span> <span class='ocrx_word' id='word_1_484' title='bbox 2414 2172 2474 2236; x_wconf 80' lang='grc' dir='ltr'><strong>ἐξ</strong></span> <span class='ocrx_word' id='word_1_485' title='bbox 2505 2169 2677 2241; x_wconf 75' lang='grc' dir='ltr'>ἀρχῆς,</span> <span class='ocrx_word' id='word_1_486' title='bbox 2722 2167 2915 2228; x_wconf 87' lang='grc' dir='ltr'>κάλλος</span> <span class='ocrx_word' id='word_1_487' title='bbox 2959 2158 3395 2231; x_wconf 84' lang='grc' dir='ltr'>ἁναστοιχειώσει</span> <span class='ocrx_word' id='word_1_488' title='bbox 3420 2157 3479 2210; x_wconf 85' lang='grc' dir='ltr'><strong>τὸ</strong></span> <span class='ocrx_word' id='word_1_489' title='bbox 3512 2154 3727 2217; x_wconf 86' lang='grc' dir='ltr'>σκεῦος.</span> 
     </span>
    </p>
   </div>
   <div class='ocr_carea' id='block_1_66' title="bbox 2171 2243 3727 2333">
    <p class='ocr_par' dir='ltr' id='par_1_66' title="bbox 2171 2243 3727 2333">
     <span class='ocr_line' id='line_1_66' title="bbox 2171 2243 3727 2333; baseline -0.015 -14"><span class='ocrx_word' id='word_1_490' title='bbox 2171 2264 2388 2333; x_wconf 84' lang='grc' dir='ltr'>Ἐπειδὴ</span> <span class='ocrx_word' id='word_1_491' title='bbox 2434 2262 2491 2314; x_wconf 74' lang='grc' dir='ltr'><strong>δὲ</strong></span> <span class='ocrx_word' id='word_1_492' title='bbox 2547 2256 2789 2320; x_wconf 87' lang='grc' dir='ltr'>σύνδεσίς</span> <span class='ocrx_word' id='word_1_493' title='bbox 2845 2272 2929 2317; x_wconf 88' lang='grc' dir='ltr'><strong>τις</strong></span> <span class='ocrx_word' id='word_1_494' title='bbox 2975 2253 3071 2306; x_wconf 73' lang='grc' dir='ltr'><strong>καὶ</strong></span> <span class='ocrx_word' id='word_1_495' title='bbox 3121 2248 3371 2304; x_wconf 89' lang='grc' dir='ltr'>κοινωνία</span> <span class='ocrx_word' id='word_1_496' title='bbox 3422 2246 3531 2299; x_wconf 87' lang='grc' dir='ltr'><strong>τῶν</strong></span> <span class='ocrx_word' id='word_1_497' title='bbox 3584 2243 3727 2297; x_wconf 69' lang='grc' dir='ltr'>κατὰ</span> 
     </span>
    </p>
   </div>
   <div class='ocr_carea' id='block_1_67' title="bbox 2160 2335 3727 2427">
    <p class='ocr_par' dir='ltr' id='par_1_67' title="bbox 2160 2335 3727 2427">
     <span class='ocr_line' id='line_1_67' title="bbox 2160 2335 3727 2427; baseline -0.015 -16"><span class='ocrx_word' id='word_1_498' title='bbox 2160 2356 2431 2427; x_wconf 84' lang='grc' dir='ltr'>ἁμαρτίαν</span> <span class='ocrx_word' id='word_1_499' title='bbox 2481 2349 2818 2421; x_wconf 81' lang='grc' dir='ltr'>παθημάτων</span> <span class='ocrx_word' id='word_1_500' title='bbox 2877 2340 3118 2412; x_wconf 77' lang='grc' dir='ltr'>γίνεταί,</span> <span class='ocrx_word' id='word_1_501' title='bbox 3148 2345 3213 2412; x_wconf 77' lang='grc' dir='ltr'>τῇ</span> <span class='ocrx_word' id='word_1_502' title='bbox 3245 2358 3305 2393; x_wconf 87' lang='grc' dir='ltr'><strong>τε</strong></span> <span class='ocrx_word' id='word_1_503' title='bbox 3341 2339 3485 2409; x_wconf 81' lang='grc' dir='ltr'>ψυχῇ</span> <span class='ocrx_word' id='word_1_504' title='bbox 3522 2338 3612 2390; x_wconf 72' lang='grc' dir='ltr'>καὶ</span> <span class='ocrx_word' id='word_1_505' title='bbox 3647 2335 3727 2404; x_wconf 83' lang='grc' dir='ltr'>τῷ</span> 
     </span>
    </p>
   </div>
   <div class='ocr_carea' id='block_1_68' title="bbox 2162 2426 3727 2515">
    <p class='ocr_par' dir='ltr' id='par_1_68' title="bbox 2162 2426 3727 2515">
     <span class='ocr_line' id='line_1_68' title="bbox 2162 2426 3727 2515; baseline -0.013 -17"><span class='ocrx_word' id='word_1_506' title='bbox 2162 2446 2403 2515; x_wconf 84' lang='grc' dir='ltr'>σώματι·</span> <span class='ocrx_word' id='word_1_507' title='bbox 2444 2442 2537 2496; x_wconf 86' lang='grc' dir='ltr'><strong>καί</strong></span> <span class='ocrx_word' id='word_1_508' title='bbox 2576 2458 2657 2502; x_wconf 87' lang='grc' dir='ltr'><strong>τις</strong></span> <span class='ocrx_word' id='word_1_509' title='bbox 2708 2436 2965 2504; x_wconf 81' lang='grc' dir='ltr'>ἀναλογία</span> <span class='ocrx_word' id='word_1_510' title='bbox 3000 2433 3092 2485; x_wconf 85' lang='grc' dir='ltr'><strong>τοῦ</strong></span> <span class='ocrx_word' id='word_1_511' title='bbox 3133 2428 3443 2500; x_wconf 78' lang='grc' dir='ltr'>σωματικοῦ</span> <span class='ocrx_word' id='word_1_512' title='bbox 3498 2426 3727 2480; x_wconf 80' lang='grc' dir='ltr'>Θανάτου</span> 
     </span>
    </p>
   </div>
   <div class='ocr_carea' id='block_1_69' title="bbox 2162 2519 3729 2608">
    <p class='ocr_par' dir='ltr' id='par_1_69' title="bbox 2162 2519 3729 2608">
     <span class='ocr_line' id='line_1_69' title="bbox 2162 2519 3729 2608; baseline -0.014 -17"><span class='ocrx_word' id='word_1_513' title='bbox 2162 2538 2297 2608; x_wconf 82' lang='grc' dir='ltr'>πρὸς</span> <span class='ocrx_word' id='word_1_514' title='bbox 2323 2537 2411 2588; x_wconf 81' lang='grc' dir='ltr'><strong>τὸν</strong></span> <span class='ocrx_word' id='word_1_515' title='bbox 2436 2531 2665 2603; x_wconf 76' lang='grc' dir='ltr'>ψυχικόν</span> <span class='ocrx_word' id='word_1_516' title='bbox 2690 2531 2803 2582; x_wconf 84' lang='grc' dir='ltr'>ὲστι</span> <span class='ocrx_word' id='word_1_517' title='bbox 2832 2526 3060 2580; x_wconf 86' lang='grc' dir='ltr'>θάνατον</span> <span class='ocrx_word' id='word_1_518' title='bbox 3080 2542 3094 2557; x_wconf 88' lang='grc'><strong>·</strong></span> <span class='ocrx_word' id='word_1_519' title='bbox 3131 2524 3319 2593; x_wconf 78' lang='grc' dir='ltr'>ὥσπερ</span> <span class='ocrx_word' id='word_1_520' title='bbox 3343 2522 3451 2591; x_wconf 76' lang='grc' dir='ltr'><strong>γὰρ</strong></span> <span class='ocrx_word' id='word_1_521' title='bbox 3479 2523 3535 2572; x_wconf 77' lang='grc' dir='ltr'>ἐν</span> <span class='ocrx_word' id='word_1_522' title='bbox 3566 2519 3729 2584; x_wconf 80' lang='grc' dir='ltr'>σαρκὶ</span> 
     </span>
    </p>
   </div>
   <div class='ocr_carea' id='block_1_70' title="bbox 2161 2607 3730 2695">
    <p class='ocr_par' dir='ltr' id='par_1_70' title="bbox 2161 2607 3730 2695">
     <span class='ocr_line' id='line_1_70' title="bbox 2161 2607 3730 2695; baseline -0.015 -14"><span class='ocrx_word' id='word_1_523' title='bbox 2161 2607 2221 2681; x_wconf 84' lang='grc' dir='ltr'><strong>τδ</strong></span> <span class='ocrx_word' id='word_1_524' title='bbox 2252 2627 2350 2695; x_wconf 85' lang='grc' dir='ltr'><strong>τῆς</strong></span> <span class='ocrx_word' id='word_1_525' title='bbox 2394 2623 2655 2693; x_wconf 77' lang='grc' dir='ltr'>αἰσθητῆς</span> <span class='ocrx_word' id='word_1_526' title='bbox 2702 2616 3032 2689; x_wconf 77' lang='grc' dir='ltr'>χωρισθῆναι</span> <span class='ocrx_word' id='word_1_527' title='bbox 3074 2613 3219 2682; x_wconf 81' lang='grc' dir='ltr'>ζωῆς</span> <span class='ocrx_word' id='word_1_528' title='bbox 3254 2607 3730 2679; x_wconf 83' lang='grc' dir='ltr'>προσαγορεύομεν</span> 
     </span>
    </p>
   </div>
   <div class='ocr_carea' id='block_1_71' title="bbox 2164 2695 3729 2776">
    <p class='ocr_par' dir='ltr' id='par_1_71' title="bbox 2164 2695 3729 2776">
     <span class='ocr_line' id='line_1_71' title="bbox 2164 2695 3729 2776; baseline -0.015 -5"><span class='ocrx_word' id='word_1_529' title='bbox 2164 2718 2390 2771; x_wconf 83' lang='grc' dir='ltr'>θάνατον</span> <span class='ocrx_word' id='word_1_530' title='bbox 2410 2754 2423 2776; x_wconf 92' lang='grc'><strong>,</strong></span> <span class='ocrx_word' id='word_1_531' title='bbox 2466 2713 2636 2775; x_wconf 70' lang='grc' dir='ltr'>οὕτως</span> <span class='ocrx_word' id='word_1_532' title='bbox 2665 2711 2758 2763; x_wconf 68' lang='grc' dir='ltr'><strong>καὶ</strong></span> <span class='ocrx_word' id='word_1_533' title='bbox 2791 2708 2883 2760; x_wconf 75' lang='grc' dir='ltr'>ἐπὶ</span> <span class='ocrx_word' id='word_1_534' title='bbox 2911 2707 3010 2775; x_wconf 89' lang='grc' dir='ltr'><strong>τῆς</strong></span> <span class='ocrx_word' id='word_1_535' title='bbox 3035 2704 3211 2773; x_wconf 75' lang='grc' dir='ltr'>ψυχῆς</span> <span class='ocrx_word' id='word_1_536' title='bbox 3247 2702 3337 2754; x_wconf 80' lang='grc' dir='ltr'><strong>τὸν</strong></span> <span class='ocrx_word' id='word_1_537' title='bbox 3372 2700 3472 2769; x_wconf 87' lang='grc' dir='ltr'><strong>τῆς</strong></span> <span class='ocrx_word' id='word_1_538' title='bbox 3498 2695 3729 2766; x_wconf 77' lang='grc' dir='ltr'>ἀληθοῦς</span> 
     </span>
    </p>
   </div>
   <div class='ocr_carea' id='block_1_72' title="bbox 2165 2783 3725 2877">
    <p class='ocr_par' dir='ltr' id='par_1_72' title="bbox 2165 2783 3725 2877">
     <span class='ocr_line' id='line_1_72' title="bbox 2165 2783 3725 2877; baseline -0.017 -15"><span class='ocrx_word' id='word_1_539' title='bbox 2165 2808 2310 2877; x_wconf 81' lang='grc' dir='ltr'>ζωῆς</span> <span class='ocrx_word' id='word_1_540' title='bbox 2348 2804 2621 2876; x_wconf 76' lang='grc' dir='ltr'>χωρισμὸν</span> <span class='ocrx_word' id='word_1_541' title='bbox 2662 2801 2887 2853; x_wconf 84' lang='grc' dir='ltr'>θάνατον</span> <span class='ocrx_word' id='word_1_542' title='bbox 2919 2795 3272 2866; x_wconf 69' lang='grc' dir='ltr'>ὀνομάζομεν.</span> <span class='ocrx_word' id='word_1_543' title='bbox 3314 2789 3465 2843; x_wconf 77' lang='grc' dir='ltr'>Ἐπεὶ</span> <span class='ocrx_word' id='word_1_544' title='bbox 3497 2783 3589 2840; x_wconf 84' lang='grc' dir='ltr'><strong>οῦν</strong></span> <span class='ocrx_word' id='word_1_545' title='bbox 3627 2785 3725 2855; x_wconf 87' lang='grc' dir='ltr'><strong>μία</strong></span> 
     </span>
    </p>
   </div>
   <div class='ocr_carea' id='block_1_73' title="bbox 2164 2878 3732 2962">
    <p class='ocr_par' dir='ltr' id='par_1_73' title="bbox 2164 2878 3732 2962">
     <span class='ocr_line' id='line_1_73' title="bbox 2164 2878 3732 2962; baseline -0.017 -9"><span class='ocrx_word' id='word_1_546' title='bbox 2164 2901 2247 2962; x_wconf 86' lang='grc' dir='ltr'><strong>τίς</strong></span> <span class='ocrx_word' id='word_1_547' title='bbox 2277 2902 2392 2952; x_wconf 78' lang='grc' dir='ltr'>ἐστι</span> <span class='ocrx_word' id='word_1_548' title='bbox 2423 2894 2515 2949; x_wconf 80' lang='grc' dir='ltr'><strong>τοῦ</strong></span> <span class='ocrx_word' id='word_1_549' title='bbox 2547 2892 2715 2947; x_wconf 87' lang='grc' dir='ltr'>κακοῦ</span> <span class='ocrx_word' id='word_1_550' title='bbox 2755 2888 3037 2951; x_wconf 80' lang='grc' dir='ltr'>κοινωνία,</span> <span class='ocrx_word' id='word_1_551' title='bbox 3084 2885 3265 2946; x_wconf 86' lang='grc' dir='ltr'>καθὼς</span> <span class='ocrx_word' id='word_1_552' title='bbox 3298 2881 3635 2952; x_wconf 87' lang='grc' dir='ltr'>προείρηται,</span> <span class='ocrx_word' id='word_1_553' title='bbox 3672 2878 3732 2929; x_wconf 81' lang='grc' dir='ltr'>ἐν</span> 
     </span>
    </p>
   </div>
   <div class='ocr_carea' id='block_1_74' title="bbox 2165 2970 3733 3064">
    <p class='ocr_par' dir='ltr' id='par_1_74' title="bbox 2165 2970 3733 3064">
     <span class='ocr_line' id='line_1_74' title="bbox 2165 2970 3733 3064; baseline -0.016 -18"><span class='ocrx_word' id='word_1_554' title='bbox 2165 2994 2309 3064; x_wconf 72' lang='grc' dir='ltr'>ψυχῇ</span> <span class='ocrx_word' id='word_1_555' title='bbox 2341 3009 2401 3043; x_wconf 89' lang='grc' dir='ltr'><strong>τε</strong></span> <span class='ocrx_word' id='word_1_556' title='bbox 2427 2986 2767 3058; x_wconf 86' lang='grc' dir='ltr'>θεωρουμένη</span> <span class='ocrx_word' id='word_1_557' title='bbox 2796 2984 2888 3036; x_wconf 69' lang='grc' dir='ltr'>καὶ</span> <span class='ocrx_word' id='word_1_558' title='bbox 2912 2980 3148 3051; x_wconf 85' lang='grc' dir='ltr'>σώματι·</span> <span class='ocrx_word' id='word_1_559' title='bbox 3179 2978 3245 3030; x_wconf 70' lang='grc' dir='ltr'>δι’</span> <span class='ocrx_word' id='word_1_560' title='bbox 3279 2974 3599 3044; x_wconf 79' lang='grc' dir='ltr'>ἀμφοτέρων</span> <span class='ocrx_word' id='word_1_561' title='bbox 3623 2970 3733 3040; x_wconf 77' lang='grc' dir='ltr'>γὶρ</span> 
     </span>
    </p>
   </div>
   <div class='ocr_carea' id='block_1_75' title="bbox 2168 3061 3735 3154">
    <p class='ocr_par' dir='ltr' id='par_1_75' title="bbox 2168 3061 3735 3154">
     <span class='ocr_line' id='line_1_75' title="bbox 2168 3061 3735 3154; baseline -0.016 -17"><span class='ocrx_word' id='word_1_562' title='bbox 2168 3061 2410 3154; x_wconf 55' lang='grc' dir='ltr'>πράεισιν</span> <span class='ocrx_word' id='word_1_563' title='bbox 2444 3082 2522 3143; x_wconf 87' lang='grc' dir='ltr'><strong>εἰς</strong></span> <span class='ocrx_word' id='word_1_564' title='bbox 2560 3077 2837 3147; x_wconf 74' lang='grc' dir='ltr'>ἐνέργειαν</span> <span class='ocrx_word' id='word_1_565' title='bbox 2873 3073 2935 3125; x_wconf 81' lang='grc' dir='ltr'>τὸ</span> <span class='ocrx_word' id='word_1_566' title='bbox 2971 3070 3230 3141; x_wconf 85' lang='grc' dir='ltr'>πονηρόν·</span> <span class='ocrx_word' id='word_1_567' title='bbox 3263 3067 3351 3120; x_wconf 78' lang='grc' dir='ltr'>διὰ</span> <span class='ocrx_word' id='word_1_568' title='bbox 3390 3064 3546 3117; x_wconf 90' lang='grc' dir='ltr'>τοῦτο</span> <span class='ocrx_word' id='word_1_569' title='bbox 3577 3064 3605 3114; x_wconf 89' lang='grc' dir='ltr'>ὁ</span> <span class='ocrx_word' id='word_1_570' title='bbox 3633 3061 3735 3131; x_wconf 81' lang='grc' dir='ltr'><strong>μὲν</strong></span> 
     </span>
    </p>
   </div>
   <div class='ocr_carea' id='block_1_76' title="bbox 2168 3152 3734 3245">
    <p class='ocr_par' dir='ltr' id='par_1_76' title="bbox 2168 3152 3734 3245">
     <span class='ocr_line' id='line_1_76' title="bbox 2168 3152 3734 3245; baseline -0.017 -17"><span class='ocrx_word' id='word_1_571' title='bbox 2168 3152 2263 3245; x_wconf 81' lang='grc' dir='ltr'><strong>τῆς</strong></span> <span class='ocrx_word' id='word_1_572' title='bbox 2293 3171 2580 3231; x_wconf 82' lang='grc' dir='ltr'>διαλύσεως</span> <span class='ocrx_word' id='word_1_573' title='bbox 2609 3167 2852 3227; x_wconf 85' lang='grc' dir='ltr'>θάνατος,</span> <span class='ocrx_word' id='word_1_574' title='bbox 2878 3165 2943 3215; x_wconf 76' lang='grc' dir='ltr'><strong>ἐκ</strong></span> <span class='ocrx_word' id='word_1_575' title='bbox 2966 3164 3063 3231; x_wconf 83' lang='grc' dir='ltr'><strong>τῆς</strong></span> <span class='ocrx_word' id='word_1_576' title='bbox 3081 3159 3191 3212; x_wconf 91' lang='grc' dir='ltr'><strong>τῶν</strong></span> <span class='ocrx_word' id='word_1_577' title='bbox 3220 3156 3423 3227; x_wconf 81' lang='grc' dir='ltr'>νεκρῶν</span> <span class='ocrx_word' id='word_1_578' title='bbox 3450 3152 3734 3224; x_wconf 85' lang='grc' dir='ltr'>δερμάτων</span> 
     </span>
    </p>
   </div>
   <div class='ocr_carea' id='block_1_77' title="bbox 2169 3243 3734 3332">
    <p class='ocr_par' dir='ltr' id='par_1_77' title="bbox 2169 3243 3734 3332">
     <span class='ocr_line' id='line_1_77' title="bbox 2169 3243 3734 3332; baseline -0.015 -14"><span class='ocrx_word' id='word_1_579' title='bbox 2169 3243 2456 3332; x_wconf 72' lang='grc' dir='ltr'>ἐπιϐολῆς,</span> <span class='ocrx_word' id='word_1_580' title='bbox 2496 3261 2591 3330; x_wconf 80' lang='grc' dir='ltr'><strong>τῆς</strong></span> <span class='ocrx_word' id='word_1_581' title='bbox 2625 3258 2798 3327; x_wconf 79' lang='grc' dir='ltr'>ψυχῆς</span> <span class='ocrx_word' id='word_1_582' title='bbox 2826 3255 2922 3324; x_wconf 81' lang='grc' dir='ltr'><strong>οὐχ</strong></span> <span class='ocrx_word' id='word_1_583' title='bbox 2956 3254 3201 3306; x_wconf 75' lang='grc' dir='ltr'>ἅπτεται.</span> <span class='ocrx_word' id='word_1_584' title='bbox 3238 3248 3361 3312; x_wconf 88' lang='grc' dir='ltr'>Πῶς</span> <span class='ocrx_word' id='word_1_585' title='bbox 3388 3247 3497 3316; x_wconf 71' lang='grc' dir='ltr'>γὰρ</span> <span class='ocrx_word' id='word_1_586' title='bbox 3532 3244 3596 3298; x_wconf 82' lang='grc' dir='ltr'><strong>ἂν</strong></span> <span class='ocrx_word' id='word_1_587' title='bbox 3618 3243 3734 3296; x_wconf 87' lang='grc' dir='ltr'>δια-</span> 
     </span>
    </p>
   </div>
   <div class='ocr_carea' id='block_1_78' title="bbox 2168 3350 2969 3428">
    <p class='ocr_par' dir='ltr' id='par_1_78' title="bbox 2168 3350 2969 3428">
     <span class='ocr_line' id='line_1_78' title="bbox 2168 3350 2969 3428; baseline -0.02 -14"><span class='ocrx_word' id='word_1_588' title='bbox 2168 3358 2352 3428; x_wconf 83' lang='grc' dir='ltr'>λυθείη</span> <span class='ocrx_word' id='word_1_589' title='bbox 2380 3356 2439 3410; x_wconf 79' lang='grc' dir='ltr'><strong>τὸ</strong></span> <span class='ocrx_word' id='word_1_590' title='bbox 2470 3356 2544 3425; x_wconf 85' lang='grc' dir='ltr'>μὴ</span> <span class='ocrx_word' id='word_1_591' title='bbox 2575 3350 2928 3419; x_wconf 88' lang='grc' dir='ltr'>συγκείμενον</span> <span class='ocrx_word' id='word_1_592' title='bbox 2955 3362 2969 3410; x_wconf 91' lang='grc'>;</span> 
     </span>
    </p>
   </div>
   <div class='ocr_carea' id='block_1_79' title="bbox 2254 3532 3739 3629">
    <p class='ocr_par' dir='ltr' id='par_1_79' title="bbox 2254 3532 3739 3629">
     <span class='ocr_line' id='line_1_79' title="bbox 2254 3532 3739 3629; baseline -0.022 -12"><span class='ocrx_word' id='word_1_593' title='bbox 2254 3560 2471 3629; x_wconf 83' lang='grc' dir='ltr'>Ἐπειδὴ</span> <span class='ocrx_word' id='word_1_594' title='bbox 2538 3556 2696 3627; x_wconf 83' lang='grc' dir='ltr'>χρεία</span> <span class='ocrx_word' id='word_1_595' title='bbox 2738 3551 2833 3604; x_wconf 87' lang='grc' dir='ltr'><strong>τοῦ</strong></span> <span class='ocrx_word' id='word_1_596' title='bbox 2886 3548 3141 3616; x_wconf 82' lang='grc' dir='ltr'>κάκείνης</span> <span class='ocrx_word' id='word_1_597' title='bbox 3194 3548 3290 3605; x_wconf 79' lang='grc' dir='ltr'>τὰς</span> <span class='ocrx_word' id='word_1_598' title='bbox 3337 3536 3635 3610; x_wconf 29' lang='grc' dir='ltr'>ἐμφυείίσας</span> <span class='ocrx_word' id='word_1_599' title='bbox 3678 3532 3739 3597; x_wconf 78' lang='grc' dir='ltr'>ἐξ</span> 
     </span>
    </p>
   </div>
   <div class='ocr_carea' id='block_1_80' title="bbox 2172 3629 3735 3725">
    <p class='ocr_par' dir='ltr' id='par_1_80' title="bbox 2172 3629 3735 3725">
     <span class='ocr_line' id='line_1_80' title="bbox 2172 3629 3735 3725; baseline -0.021 -15"><span class='ocrx_word' id='word_1_600' title='bbox 2172 3651 2454 3725; x_wconf 83' lang='grc' dir='ltr'>ἁμαρτιῶν</span> <span class='ocrx_word' id='word_1_601' title='bbox 2500 3646 2721 3718; x_wconf 89' lang='grc' dir='ltr'>κηλίδας</span> <span class='ocrx_word' id='word_1_602' title='bbox 2767 3642 2856 3696; x_wconf 90' lang='grc' dir='ltr'><strong>διά</strong></span> <span class='ocrx_word' id='word_1_603' title='bbox 2897 3656 3042 3701; x_wconf 88' lang='grc' dir='ltr'>τινος</span> <span class='ocrx_word' id='word_1_604' title='bbox 3087 3636 3322 3707; x_wconf 85' lang='grc' dir='ltr'>ἰατρείας</span> <span class='ocrx_word' id='word_1_605' title='bbox 3363 3629 3735 3701; x_wconf 77' lang='grc' dir='ltr'>ἐξαιρεθῆναι,</span> 
     </span>
    </p>
   </div>
   <div class='ocr_carea' id='block_1_81' title="bbox 2172 3718 3739 3803">
    <p class='ocr_par' dir='ltr' id='par_1_81' title="bbox 2172 3718 3739 3803">
     <span class='ocr_line' id='line_1_81' title="bbox 2172 3718 3739 3803; baseline -0.018 -8"><span class='ocrx_word' id='word_1_606' title='bbox 2172 3718 2360 3795; x_wconf 77' lang='grc' dir='ltr'>τούτου</span> <span class='ocrx_word' id='word_1_607' title='bbox 2385 3738 2591 3797; x_wconf 76' lang='grc' dir='ltr'>ἕνεκεν,</span> <span class='ocrx_word' id='word_1_608' title='bbox 2619 3735 2676 3787; x_wconf 81' lang='grc' dir='ltr'>ὲν</span> <span class='ocrx_word' id='word_1_609' title='bbox 2707 3731 2804 3803; x_wconf 83' lang='grc' dir='ltr'><strong>μὲν</strong></span> <span class='ocrx_word' id='word_1_610' title='bbox 2835 3732 2901 3800; x_wconf 86' lang='grc' dir='ltr'>τῇ</span> <span class='ocrx_word' id='word_1_611' title='bbox 2931 3725 3182 3798; x_wconf 82' lang='grc' dir='ltr'>παρούσῃ</span> <span class='ocrx_word' id='word_1_612' title='bbox 3211 3723 3345 3794; x_wconf 81' lang='grc' dir='ltr'>ζωῇ,</span> <span class='ocrx_word' id='word_1_613' title='bbox 3384 3721 3443 3775; x_wconf 87' lang='grc' dir='ltr'>τὸ</span> <span class='ocrx_word' id='word_1_614' title='bbox 3470 3720 3572 3788; x_wconf 83' lang='grc' dir='ltr'><strong>τῆς</strong></span> <span class='ocrx_word' id='word_1_615' title='bbox 3608 3718 3739 3788; x_wconf 87' lang='grc' dir='ltr'>ἀρε-</span> 
     </span>
    </p>
   </div>
   <div class='ocr_carea' id='block_1_82' title="bbox 2174 3809 3740 3902">
    <p class='ocr_par' dir='ltr' id='par_1_82' title="bbox 2174 3809 3740 3902">
     <span class='ocr_line' id='line_1_82' title="bbox 2174 3809 3740 3902; baseline -0.016 -17"><span class='ocrx_word' id='word_1_616' title='bbox 2174 3832 2271 3902; x_wconf 88' lang='grc' dir='ltr'><strong>τῆς</strong></span> <span class='ocrx_word' id='word_1_617' title='bbox 2297 3829 2582 3900; x_wconf 83' lang='grc' dir='ltr'>φάρμακον</span> <span class='ocrx_word' id='word_1_618' title='bbox 2604 3826 2682 3888; x_wconf 86' lang='grc' dir='ltr'>εἰς</span> <span class='ocrx_word' id='word_1_619' title='bbox 2706 3820 2999 3893; x_wconf 87' lang='grc' dir='ltr'>θεραπείαν</span> <span class='ocrx_word' id='word_1_620' title='bbox 3026 3818 3134 3871; x_wconf 89' lang='grc' dir='ltr'><strong>τῶν</strong></span> <span class='ocrx_word' id='word_1_621' title='bbox 3157 3815 3411 3870; x_wconf 83' lang='grc' dir='ltr'>τοιούτων</span> <span class='ocrx_word' id='word_1_622' title='bbox 3436 3809 3740 3883; x_wconf 81' lang='grc' dir='ltr'>προσετέθη</span> 
     </span>
    </p>
   </div>
   <div class='ocr_carea' id='block_1_83' title="bbox 2178 3898 3744 3995">
    <p class='ocr_par' dir='ltr' id='par_1_83' title="bbox 2178 3898 3744 3995">
     <span class='ocr_line' id='line_1_83' title="bbox 2178 3898 3744 3995; baseline -0.017 -19"><span class='ocrx_word' id='word_1_623' title='bbox 2178 3898 2525 3995; x_wconf 83' lang='grc' dir='ltr'>τραυμάτων.</span> <span class='ocrx_word' id='word_1_624' title='bbox 2572 3918 2635 3970; x_wconf 82' lang='grc' dir='ltr'>Εἰ</span> <span class='ocrx_word' id='word_1_625' title='bbox 2677 3914 2735 3967; x_wconf 83' lang='grc' dir='ltr'><strong>δὲ</strong></span> <span class='ocrx_word' id='word_1_626' title='bbox 2771 3911 3141 3983; x_wconf 78' lang='grc' dir='ltr'>ἀθεράπευτος</span> <span class='ocrx_word' id='word_1_627' title='bbox 3178 3905 3358 3977; x_wconf 83' lang='grc' dir='ltr'>μένει,</span> <span class='ocrx_word' id='word_1_628' title='bbox 3391 3905 3448 3955; x_wconf 82' lang='grc' dir='ltr'><strong>ὲν</strong></span> <span class='ocrx_word' id='word_1_629' title='bbox 3479 3900 3558 3972; x_wconf 81' lang='grc' dir='ltr'><strong>τῷ</strong></span> <span class='ocrx_word' id='word_1_630' title='bbox 3606 3898 3744 3969; x_wconf 85' lang='grc' dir='ltr'>μετὰ</span> 
     </span>
    </p>
   </div>
   <div class='ocr_carea' id='block_1_84' title="bbox 2174 3990 3744 4083">
    <p class='ocr_par' dir='ltr' id='par_1_84' title="bbox 2174 3990 3744 4083">
     <span class='ocr_line' id='line_1_84' title="bbox 2174 3990 3744 4083; baseline -0.016 -16"><span class='ocrx_word' id='word_1_631' title='bbox 2174 3990 2343 4067; x_wconf 82' lang='grc' dir='ltr'>ταῦτα</span> <span class='ocrx_word' id='word_1_632' title='bbox 2378 4011 2478 4083; x_wconf 87' lang='grc' dir='ltr'><strong>βίῳ</strong></span> <span class='ocrx_word' id='word_1_633' title='bbox 2512 4006 2829 4078; x_wconf 84' lang='grc' dir='ltr'>ταμιεύεται</span> <span class='ocrx_word' id='word_1_634' title='bbox 2861 4005 2894 4071; x_wconf 83' lang='grc' dir='ltr'>ὴ</span> <span class='ocrx_word' id='word_1_635' title='bbox 2939 3998 3219 4071; x_wconf 89' lang='grc' dir='ltr'>θεραπεία.</span> <span class='ocrx_word' id='word_1_636' title='bbox 3254 3996 3391 4049; x_wconf 89' lang='grc' dir='ltr'>Ἀλλ’</span> <span class='ocrx_word' id='word_1_637' title='bbox 3426 3993 3613 4062; x_wconf 83' lang='grc' dir='ltr'>ὥσπερ</span> <span class='ocrx_word' id='word_1_638' title='bbox 3638 3990 3744 4083; x_wconf 53' lang='grc' dir='ltr'>εἰσί</span> 
     </span>
    </p>
   </div>
   <div class='ocr_carea' id='block_1_85' title="bbox 2176 4074 3745 4167">
    <p class='ocr_par' dir='ltr' id='par_1_85' title="bbox 2176 4074 3745 4167">
     <span class='ocr_line' id='line_1_85' title="bbox 2176 4074 3745 4167; baseline -0.017 -9"><span class='ocrx_word' id='word_1_639' title='bbox 2176 4122 2316 4167; x_wconf 89' lang='grc' dir='ltr'>τινες</span> <span class='ocrx_word' id='word_1_640' title='bbox 2362 4074 2503 4155; x_wconf 74' lang='grc' dir='ltr'>κατὰ</span> <span class='ocrx_word' id='word_1_641' title='bbox 2544 4074 2606 4152; x_wconf 78' lang='grc' dir='ltr'><strong>τδ</strong></span> <span class='ocrx_word' id='word_1_642' title='bbox 2648 4096 2808 4165; x_wconf 90' lang='grc' dir='ltr'>σῶμα</span> <span class='ocrx_word' id='word_1_643' title='bbox 2853 4092 2960 4145; x_wconf 88' lang='grc' dir='ltr'><strong>τῶν</strong></span> <span class='ocrx_word' id='word_1_644' title='bbox 2994 4088 3330 4159; x_wconf 87' lang='grc' dir='ltr'>παθημάτων</span> <span class='ocrx_word' id='word_1_645' title='bbox 3360 4084 3635 4153; x_wconf 80' lang='grc' dir='ltr'>διαφοραὶ,</span> <span class='ocrx_word' id='word_1_646' title='bbox 3669 4074 3745 4133; x_wconf 81' lang='grc' dir='ltr'>ὧν</span> 
     </span>
    </p>
   </div>
   <div class='ocr_carea' id='block_1_86' title="bbox 2178 4175 3747 4266">
    <p class='ocr_par' dir='ltr' id='par_1_86' title="bbox 2178 4175 3747 4266">
     <span class='ocr_line' id='line_1_86' title="bbox 2178 4175 3747 4266; baseline -0.017 -16"><span class='ocrx_word' id='word_1_647' title='bbox 2178 4199 2232 4250; x_wconf 93' lang='grc' dir='ltr'>αἱ</span> <span class='ocrx_word' id='word_1_648' title='bbox 2266 4195 2361 4266; x_wconf 81' lang='grc' dir='ltr'><strong>μὲν</strong></span> <span class='ocrx_word' id='word_1_649' title='bbox 2395 4196 2543 4265; x_wconf 80' lang='grc' dir='ltr'>ῥᾷον,</span> <span class='ocrx_word' id='word_1_650' title='bbox 2573 4192 2628 4244; x_wconf 85' lang='grc' dir='ltr'><strong>αἰ</strong></span> <span class='ocrx_word' id='word_1_651' title='bbox 2656 4189 2712 4241; x_wconf 87' lang='grc' dir='ltr'>δὲ</span> <span class='ocrx_word' id='word_1_652' title='bbox 2736 4184 3130 4253; x_wconf 88' lang='grc' dir='ltr'>δυσκολώτερον</span> <span class='ocrx_word' id='word_1_653' title='bbox 3146 4180 3243 4251; x_wconf 83' lang='grc' dir='ltr'>τὴν</span> <span class='ocrx_word' id='word_1_654' title='bbox 3262 4175 3556 4247; x_wconf 88' lang='grc' dir='ltr'>θεραπείαν</span> <span class='ocrx_word' id='word_1_655' title='bbox 3577 4189 3747 4243; x_wconf 86' lang='grc' dir='ltr'>προσ-</span> 
     </span>
    </p>
   </div>
   <div class='ocr_carea' id='block_1_87' title="bbox 2183 4264 3746 4353">
    <p class='ocr_par' dir='ltr' id='par_1_87' title="bbox 2183 4264 3746 4353">
     <span class='ocr_line' id='line_1_87' title="bbox 2183 4264 3746 4353; baseline -0.017 -12"><span class='ocrx_word' id='word_1_656' title='bbox 2183 4290 2346 4342; x_wconf 87' lang='grc' dir='ltr'>ίενται</span> <span class='ocrx_word' id='word_1_657' title='bbox 2369 4326 2382 4350; x_wconf 90' lang='grc'><strong>,</strong></span> <span class='ocrx_word' id='word_1_658' title='bbox 2418 4286 2501 4353; x_wconf 77' lang='grc' dir='ltr'><strong>ἐφ’</strong></span> <span class='ocrx_word' id='word_1_659' title='bbox 2527 4277 2601 4335; x_wconf 82' lang='grc' dir='ltr'>ὧν</span> <span class='ocrx_word' id='word_1_660' title='bbox 2631 4282 2725 4333; x_wconf 74' lang='grc' dir='ltr'>καὶ</span> <span class='ocrx_word' id='word_1_661' title='bbox 2771 4278 2930 4348; x_wconf 81' lang='grc' dir='ltr'>τομαὶ</span> <span class='ocrx_word' id='word_1_662' title='bbox 2962 4276 3055 4329; x_wconf 74' lang='grc' dir='ltr'><strong>καὶ</strong></span> <span class='ocrx_word' id='word_1_663' title='bbox 3095 4274 3393 4344; x_wconf 83' lang='grc' dir='ltr'>καυτήρια,</span> <span class='ocrx_word' id='word_1_664' title='bbox 3427 4269 3520 4321; x_wconf 79' lang='grc' dir='ltr'>καὶ</span> <span class='ocrx_word' id='word_1_665' title='bbox 3555 4264 3746 4335; x_wconf 73' lang='grc' dir='ltr'>πικραὶ</span> 
     </span>
    </p>
   </div>
   <div class='ocr_carea' id='block_1_88' title="bbox 2181 4358 3748 4451">
    <p class='ocr_par' dir='ltr' id='par_1_88' title="bbox 2181 4358 3748 4451">
     <span class='ocr_line' id='line_1_88' title="bbox 2181 4358 3748 4451; baseline -0.017 -17"><span class='ocrx_word' id='word_1_666' title='bbox 2181 4373 2611 4451; x_wconf 81' lang='grc' dir='ltr'>φαρμακοποιίαι</span> <span class='ocrx_word' id='word_1_667' title='bbox 2642 4372 2777 4441; x_wconf 72' lang='grc' dir='ltr'>πρὸς</span> <span class='ocrx_word' id='word_1_668' title='bbox 2813 4370 2910 4440; x_wconf 81' lang='grc' dir='ltr'><strong>τὴν</strong></span> <span class='ocrx_word' id='word_1_669' title='bbox 2956 4368 3232 4437; x_wconf 87' lang='grc' dir='ltr'>ἀναίρεσιν</span> <span class='ocrx_word' id='word_1_670' title='bbox 3259 4360 3353 4415; x_wconf 90' lang='grc' dir='ltr'><strong>τοῦ</strong></span> <span class='ocrx_word' id='word_1_671' title='bbox 3386 4358 3748 4427; x_wconf 70' lang='grc' dir='ltr'>ἐνσκήψαντος</span> 
     </span>
    </p>
   </div>
   <div class='ocr_carea' id='block_1_89' title="bbox 514 4447 2066 4539">
    <p class='ocr_par' dir='ltr' id='par_1_89' title="bbox 514 4466 2066 4539">
     <span class='ocr_line' id='line_1_89' title="bbox 514 4466 2066 4539; baseline -0.008 -10"><span class='ocrx_word' id='word_1_672' title='bbox 514 4477 727 4529; x_wconf 78' lang='lat' dir='ltr'><strong>lcndam</strong></span> <span class='ocrx_word' id='word_1_673' title='bbox 772 4474 1109 4527; x_wconf 69' lang='lat' dir='ltr'><strong>alit-ctionem</strong></span> <span class='ocrx_word' id='word_1_674' title='bbox 1146 4485 1264 4539; x_wconf 72' lang='lat' dir='ltr'><strong>qua:</strong></span> <span class='ocrx_word' id='word_1_675' title='bbox 1292 4468 1493 4523; x_wconf 89' lang='lat' dir='ltr'><strong>insedit</strong></span> <span class='ocrx_word' id='word_1_676' title='bbox 1526 4468 1773 4537; x_wconf 88' lang='lat' dir='ltr'><strong>corpori:</strong></span> <span class='ocrx_word' id='word_1_677' title='bbox 1820 4467 1922 4519; x_wconf 91' lang='lat' dir='ltr'><strong>tale</strong></span> <span class='ocrx_word' id='word_1_678' title='bbox 1950 4466 2066 4534; x_wconf 74' lang='lat' dir='ltr'><strong>quid</strong></span> 
     </span>
    </p>
   </div>
   <div class='ocr_carea' id='block_1_90' title="bbox 2168 4447 3747 4539">
    <p class='ocr_par' dir='ltr' id='par_1_90' title="bbox 2185 4447 3747 4533">
     <span class='ocr_line' id='line_1_90' title="bbox 2185 4447 3747 4533; baseline -0.017 -11"><span class='ocrx_word' id='word_1_679' title='bbox 2185 4469 2388 4529; x_wconf 85' lang='grc' dir='ltr'>πάθους</span> <span class='ocrx_word' id='word_1_680' title='bbox 2430 4463 2507 4533; x_wconf 81' lang='grc' dir='ltr'>τῷ</span> <span class='ocrx_word' id='word_1_681' title='bbox 2554 4463 2765 4531; x_wconf 85' lang='grc' dir='ltr'>σώματι</span> <span class='ocrx_word' id='word_1_682' title='bbox 2820 4455 3368 4528; x_wconf 78' lang='grc' dir='ltr'>παραλαμϐάνονταιο</span> <span class='ocrx_word' id='word_1_683' title='bbox 3411 4447 3646 4501; x_wconf 86' lang='grc' dir='ltr'>τοιοῦτόν</span> <span class='ocrx_word' id='word_1_684' title='bbox 3698 4462 3747 4496; x_wconf 91' lang='grc' dir='ltr'><strong>τι</strong></span> 
     </span>
    </p>
   </div>
   <div class='ocr_carea' id='block_1_91' title="bbox 512 4555 2079 4631">
    <p class='ocr_par' dir='ltr' id='par_1_91' title="bbox 512 4555 2079 4631">
     <span class='ocr_line' id='line_1_91' title="bbox 512 4555 2079 4631; baseline -0.007 -12"><span class='ocrx_word' id='word_1_685' title='bbox 512 4568 675 4619; x_wconf 89' lang='lat' dir='ltr'><strong>etiam</strong></span> <span class='ocrx_word' id='word_1_686' title='bbox 704 4566 986 4620; x_wconf 88' lang='lat' dir='ltr'><strong>denuntiat</strong></span> <span class='ocrx_word' id='word_1_687' title='bbox 1018 4565 1068 4616; x_wconf 92' lang='lat' dir='ltr'><strong>in</strong></span> <span class='ocrx_word' id='word_1_688' title='bbox 1114 4570 1392 4631; x_wconf 88' lang='lat' dir='ltr'><strong>posterum</strong></span> <span class='ocrx_word' id='word_1_689' title='bbox 1426 4559 1666 4613; x_wconf 84' lang='lat' dir='ltr'><strong>futurum</strong></span> <span class='ocrx_word' id='word_1_690' title='bbox 1693 4557 1958 4627; x_wconf 90' lang='lat' dir='ltr'><strong>judicium</strong></span> <span class='ocrx_word' id='word_1_691' title='bbox 2015 4555 2079 4609; x_wconf 86' lang='lat' dir='ltr'><strong>ad</strong></span> 
     </span>
    </p>
   </div>
   <div class='ocr_carea' id='block_1_92' title="bbox 516 4648 2081 4720">
    <p class='ocr_par' dir='ltr' id='par_1_92' title="bbox 516 4648 2081 4720">
     <span class='ocr_line' id='line_1_92' title="bbox 516 4648 2081 4720; baseline -0.007 -9"><span class='ocrx_word' id='word_1_692' title='bbox 516 4657 789 4711; x_wconf 84' lang='lat' dir='ltr'><strong>curandos</strong></span> <span class='ocrx_word' id='word_1_693' title='bbox 836 4656 1053 4707; x_wconf 86' lang='lat' dir='ltr'><strong>morbos</strong></span> <span class='ocrx_word' id='word_1_694' title='bbox 1098 4654 1312 4715; x_wconf 62' lang='lat' dir='ltr'><strong>animae,</strong></span> <span class='ocrx_word' id='word_1_695' title='bbox 1365 4652 1507 4719; x_wconf 90' lang='lat' dir='ltr'><strong>quod</strong></span> <span class='ocrx_word' id='word_1_696' title='bbox 1564 4651 1731 4720; x_wconf 80' lang='lat' dir='ltr'><strong>pigris</strong></span> <span class='ocrx_word' id='word_1_697' title='bbox 1782 4648 1994 4720; x_wconf 87' lang='lat' dir='ltr'><strong>quidem</strong></span> <span class='ocrx_word' id='word_1_698' title='bbox 2030 4655 2081 4701; x_wconf 86' lang='lat' dir='ltr'><strong>et</strong></span> 
     </span>
    </p>
   </div>
   <div class='ocr_carea' id='block_1_93' title="bbox 514 4742 2084 4813">
    <p class='ocr_par' dir='ltr' id='par_1_93' title="bbox 514 4742 2084 4813">
     <span class='ocr_line' id='line_1_93' title="bbox 514 4742 2084 4813; baseline -0.006 -14"><span class='ocrx_word' id='word_1_699' title='bbox 514 4748 670 4801; x_wconf 84' lang='lat' dir='ltr'><strong>vanis</strong></span> <span class='ocrx_word' id='word_1_700' title='bbox 722 4746 978 4805; x_wconf 88' lang='lat' dir='ltr'><strong>minatur,</strong></span> <span class='ocrx_word' id='word_1_701' title='bbox 1031 4744 1325 4813; x_wconf 78' lang='lat' dir='ltr'><strong>graviaque</strong></span> <span class='ocrx_word' id='word_1_702' title='bbox 1378 4750 1432 4796; x_wconf 88' lang='lat' dir='ltr'><strong>et</strong></span> <span class='ocrx_word' id='word_1_703' title='bbox 1468 4757 1660 4811; x_wconf 88' lang='lat' dir='ltr'><strong>aspera</strong></span> <span class='ocrx_word' id='word_1_704' title='bbox 1716 4742 1968 4801; x_wconf 89' lang='lat' dir='ltr'><strong>intentat,</strong></span> <span class='ocrx_word' id='word_1_705' title='bbox 2024 4747 2084 4791; x_wconf 89' lang='lat' dir='ltr'><strong>ut</strong></span> 
     </span>
    </p>
   </div>
   <div class='ocr_carea' id='block_1_94' title="bbox 519 4834 2084 4903">
    <p class='ocr_par' dir='ltr' id='par_1_94' title="bbox 519 4834 2084 4903">
     <span class='ocr_line' id='line_1_94' title="bbox 519 4834 2084 4903; baseline -0.003 -12"><span class='ocrx_word' id='word_1_706' title='bbox 519 4850 662 4891; x_wconf 65' lang='lat' dir='ltr'><strong>metu</strong></span> <span class='ocrx_word' id='word_1_707' title='bbox 706 4854 887 4891; x_wconf 88' lang='lat' dir='ltr'><strong>rerum</strong></span> <span class='ocrx_word' id='word_1_708' title='bbox 931 4837 1280 4889; x_wconf 79' lang='lat' dir='ltr'><strong>molestarum</strong></span> <span class='ocrx_word' id='word_1_709' title='bbox 1331 4843 1385 4889; x_wconf 91' lang='lat' dir='ltr'><strong>et</strong></span> <span class='ocrx_word' id='word_1_710' title='bbox 1418 4850 1734 4903; x_wconf 86' lang='lat' dir='ltr'><strong>asperarum</strong></span> <span class='ocrx_word' id='word_1_711' title='bbox 1770 4851 1889 4902; x_wconf 62' lang='lat' dir='ltr'><strong>qum</strong></span> <span class='ocrx_word' id='word_1_712' title='bbox 1930 4834 2084 4887; x_wconf 86' lang='lat' dir='ltr'><strong>nobis</strong></span> 
     </span>
    </p>
   </div>
   <div class='ocr_carea' id='block_1_95' title="bbox 518 4926 2084 4997">
    <p class='ocr_par' dir='ltr' id='par_1_95' title="bbox 518 4926 2084 4997">
     <span class='ocr_line' id='line_1_95' title="bbox 518 4926 2084 4997; baseline -0.006 -12"><span class='ocrx_word' id='word_1_713' title='bbox 518 4943 643 4985; x_wconf 82' lang='lat' dir='ltr'><strong>sunt</strong></span> <span class='ocrx_word' id='word_1_714' title='bbox 680 4931 983 4991; x_wconf 64' lang='lat' dir='ltr'><strong>reddendae,</strong></span> <span class='ocrx_word' id='word_1_715' title='bbox 1011 4928 1075 4981; x_wconf 88' lang='lat' dir='ltr'><strong>ad</strong></span> <span class='ocrx_word' id='word_1_716' title='bbox 1110 4926 1421 4997; x_wconf 81' lang='lat' dir='ltr'><strong>fugiendum</strong></span> <span class='ocrx_word' id='word_1_717' title='bbox 1451 4927 1637 4978; x_wconf 88' lang='lat' dir='ltr'><strong>vitium</strong></span> <span class='ocrx_word' id='word_1_718' title='bbox 1666 4927 1998 4994; x_wconf 78' lang='lat' dir='ltr'><strong>castigctnur</strong></span> <span class='ocrx_word' id='word_1_719' title='bbox 2030 4932 2084 4978; x_wconf 88' lang='lat' dir='ltr'><strong>et</strong></span> 
     </span>
    </p>
   </div>
   <div class='ocr_carea' id='block_1_96' title="bbox 517 5015 2083 5085">
    <p class='ocr_par' dir='ltr' id='par_1_96' title="bbox 517 5015 2083 5085">
     <span class='ocr_line' id='line_1_96' title="bbox 517 5015 2083 5085; baseline -0.008 -7"><span class='ocrx_word' id='word_1_720' title='bbox 517 5025 874 5078; x_wconf 89' lang='lat' dir='ltr'><strong>erudiamur:</strong></span> <span class='ocrx_word' id='word_1_721' title='bbox 934 5022 999 5074; x_wconf 91' lang='lat' dir='ltr'><strong>iis</strong></span> <span class='ocrx_word' id='word_1_722' title='bbox 1040 5028 1240 5080; x_wconf 89' lang='lat' dir='ltr'><strong>autem,</strong></span> <span class='ocrx_word' id='word_1_723' title='bbox 1290 5018 1380 5085; x_wconf 86' lang='lat' dir='ltr'><strong>qui</strong></span> <span class='ocrx_word' id='word_1_724' title='bbox 1433 5024 1561 5070; x_wconf 92' lang='lat' dir='ltr'><strong>sunt</strong></span> <span class='ocrx_word' id='word_1_725' title='bbox 1612 5015 2083 5084; x_wconf 82' lang='lat' dir='ltr'><strong>intelligentiores,</strong></span> 
     </span>
    </p>
   </div>
   <div class='ocr_carea' id='block_1_97' title="bbox 518 5104 2087 5173">
    <p class='ocr_par' dir='ltr' id='par_1_97' title="bbox 518 5104 2087 5173">
     <span class='ocr_line' id='line_1_97' title="bbox 518 5104 2087 5173; baseline -0.009 -3"><span class='ocrx_word' id='word_1_726' title='bbox 518 5116 759 5170; x_wconf 89' lang='lat' dir='ltr'><strong>creditur</strong></span> <span class='ocrx_word' id='word_1_727' title='bbox 806 5129 834 5166; x_wconf 91' lang='lat' dir='ltr'><strong>a</strong></span> <span class='ocrx_word' id='word_1_728' title='bbox 884 5111 991 5167; x_wconf 86' lang='lat' dir='ltr'><strong>Deo</strong></span> <span class='ocrx_word' id='word_1_729' title='bbox 1020 5128 1140 5166; x_wconf 86' lang='lat' dir='ltr'><strong>esse</strong></span> <span class='ocrx_word' id='word_1_730' title='bbox 1184 5111 1449 5166; x_wconf 85' lang='lat' dir='ltr'><strong>medicina</strong></span> <span class='ocrx_word' id='word_1_731' title='bbox 1494 5118 1546 5161; x_wconf 90' lang='lat' dir='ltr'><strong>et</strong></span> <span class='ocrx_word' id='word_1_732' title='bbox 1588 5106 1819 5165; x_wconf 86' lang='lat' dir='ltr'><strong>curatio,</strong></span> <span class='ocrx_word' id='word_1_733' title='bbox 1877 5106 1969 5173; x_wconf 92' lang='lat' dir='ltr'><strong>qui</strong></span> <span class='ocrx_word' id='word_1_734' title='bbox 2023 5104 2087 5156; x_wconf 91' lang='lat' dir='ltr'><strong>li-</strong></span> 
     </span>
    </p>
   </div>
   <div class='ocr_carea' id='block_1_98' title="bbox 520 5194 2089 5278">
    <p class='ocr_par' dir='ltr' id='par_1_98' title="bbox 520 5194 2089 5278">
     <span class='ocr_line' id='line_1_98' title="bbox 520 5194 2089 5278; baseline -0.01 -17"><span class='ocrx_word' id='word_1_735' title='bbox 520 5216 794 5278; x_wconf 67' lang='lat' dir='ltr'><strong>gmentum</strong></span> <span class='ocrx_word' id='word_1_736' title='bbox 838 5222 994 5259; x_wconf 90' lang='lat' dir='ltr'><strong>suum</strong></span> <span class='ocrx_word' id='word_1_737' title='bbox 1027 5204 1235 5257; x_wconf 85' lang='lat' dir='ltr'><strong>reducit</strong></span> <span class='ocrx_word' id='word_1_738' title='bbox 1269 5204 1333 5255; x_wconf 90' lang='lat' dir='ltr'><strong>ad</strong></span> <span class='ocrx_word' id='word_1_739' title='bbox 1377 5218 1495 5256; x_wconf 87' lang='lat' dir='ltr'><strong>eam</strong></span> <span class='ocrx_word' id='word_1_740' title='bbox 1537 5216 1656 5268; x_wconf 81' lang='lat' dir='ltr'><strong>quae</strong></span> <span class='ocrx_word' id='word_1_741' title='bbox 1690 5205 1807 5252; x_wconf 88' lang='lat' dir='ltr'><strong>erat</strong></span> <span class='ocrx_word' id='word_1_742' title='bbox 1832 5197 1900 5249; x_wconf 90' lang='lat' dir='ltr'><strong>ab</strong></span> <span class='ocrx_word' id='word_1_743' title='bbox 1934 5194 2089 5248; x_wconf 88' lang='lat' dir='ltr'><strong>initio</strong></span> 
     </span>
    </p>
   </div>
   <div class='ocr_carea' id='block_1_99' title="bbox 518 5293 2087 5369">
    <p class='ocr_par' dir='ltr' id='par_1_99' title="bbox 518 5293 2087 5369">
     <span class='ocr_line' id='line_1_99' title="bbox 518 5293 2087 5369; baseline -0.006 -18"><span class='ocrx_word' id='word_1_744' title='bbox 518 5299 769 5369; x_wconf 72' lang='lat' dir='ltr'><strong>gratiam.</strong></span> <span class='ocrx_word' id='word_1_745' title='bbox 806 5297 1088 5361; x_wconf 85' lang='lat' dir='ltr'><strong>Quomodo</strong></span> <span class='ocrx_word' id='word_1_746' title='bbox 1131 5295 1273 5348; x_wconf 89' lang='lat' dir='ltr'><strong>enim</strong></span> <span class='ocrx_word' id='word_1_747' title='bbox 1323 5294 1415 5362; x_wconf 88' lang='lat' dir='ltr'><strong>qui</strong></span> <span class='ocrx_word' id='word_1_748' title='bbox 1464 5293 1645 5345; x_wconf 87' lang='lat' dir='ltr'><strong>clavos</strong></span> <span class='ocrx_word' id='word_1_749' title='bbox 1695 5302 1750 5344; x_wconf 92' lang='lat' dir='ltr'><strong>et</strong></span> <span class='ocrx_word' id='word_1_750' title='bbox 1808 5301 2087 5349; x_wconf 86' lang='lat' dir='ltr'><strong>verrucas,</strong></span> 
     </span>
    </p>
   </div>
   <div class='ocr_carea' id='block_1_100' title="bbox 520 5381 2093 5460">
    <p class='ocr_par' dir='ltr' id='par_1_100' title="bbox 520 5381 2093 5460">
     <span class='ocr_line' id='line_1_100' title="bbox 520 5381 2093 5460; baseline -0.006 -18"><span class='ocrx_word' id='word_1_751' title='bbox 520 5406 642 5460; x_wconf 63' lang='lat' dir='ltr'><strong>quae</strong></span> <span class='ocrx_word' id='word_1_752' title='bbox 677 5391 729 5441; x_wconf 91' lang='lat' dir='ltr'><strong>in</strong></span> <span class='ocrx_word' id='word_1_753' title='bbox 769 5403 996 5456; x_wconf 88' lang='lat' dir='ltr'><strong>corpore</strong></span> <span class='ocrx_word' id='word_1_754' title='bbox 1022 5395 1194 5440; x_wconf 76' lang='lat' dir='ltr'><strong>enata:</strong></span> <span class='ocrx_word' id='word_1_755' title='bbox 1233 5393 1361 5439; x_wconf 90' lang='lat' dir='ltr'><strong>sunt</strong></span> <span class='ocrx_word' id='word_1_756' title='bbox 1396 5395 1590 5454; x_wconf 71' lang='lat' dir='ltr'><strong>pneter</strong></span> <span class='ocrx_word' id='word_1_757' title='bbox 1625 5394 1896 5446; x_wconf 85' lang='lat' dir='ltr'><strong>naturam,</strong></span> <span class='ocrx_word' id='word_1_758' title='bbox 1930 5381 2093 5435; x_wconf 88' lang='lat' dir='ltr'><strong>abra-</strong></span> 
     </span>
    </p>
   </div>
   <div class='ocr_carea' id='block_1_101' title="bbox 520 5471 2092 5547">
    <p class='ocr_par' dir='ltr' id='par_1_101' title="bbox 520 5471 2092 5547">
     <span class='ocr_line' id='line_1_101' title="bbox 520 5471 2092 5547; baseline -0.007 -13"><span class='ocrx_word' id='word_1_759' title='bbox 520 5482 659 5535; x_wconf 79' lang='lat' dir='ltr'><strong>dunt</strong></span> <span class='ocrx_word' id='word_1_760' title='bbox 691 5495 785 5547; x_wconf 83' lang='lat' dir='ltr'><strong>per</strong></span> <span class='ocrx_word' id='word_1_761' title='bbox 811 5479 1107 5532; x_wconf 87' lang='lat' dir='ltr'><strong>sectionem</strong></span> <span class='ocrx_word' id='word_1_762' title='bbox 1145 5491 1206 5529; x_wconf 87' lang='lat' dir='ltr'><strong>ac</strong></span> <span class='ocrx_word' id='word_1_763' title='bbox 1235 5475 1527 5535; x_wconf 86' lang='lat' dir='ltr'><strong>ustionem,</strong></span> <span class='ocrx_word' id='word_1_764' title='bbox 1558 5474 1604 5527; x_wconf 87' lang='lat' dir='ltr'><strong>ei</strong></span> <span class='ocrx_word' id='word_1_765' title='bbox 1636 5489 1795 5542; x_wconf 89' lang='lat' dir='ltr'><strong>quem</strong></span> <span class='ocrx_word' id='word_1_766' title='bbox 1829 5471 2092 5525; x_wconf 80' lang='lat' dir='ltr'><strong>beneﬁcio</strong></span> 
     </span>
    </p>
   </div>
   <div class='ocr_carea' id='block_1_102' title="bbox 522 5558 2092 5628">
    <p class='ocr_par' dir='ltr' id='par_1_102' title="bbox 522 5558 2092 5628">
     <span class='ocr_line' id='line_1_102' title="bbox 522 5558 2092 5628; baseline -0.008 -2"><span class='ocrx_word' id='word_1_767' title='bbox 522 5573 770 5627; x_wconf 82' lang='lat' dir='ltr'><strong>afﬁciunt</strong></span> <span class='ocrx_word' id='word_1_768' title='bbox 803 5558 907 5624; x_wconf 78' lang='lat' dir='ltr'><strong>non</strong></span> <span class='ocrx_word' id='word_1_769' title='bbox 939 5572 1056 5624; x_wconf 85' lang='lat' dir='ltr'><strong>sine</strong></span> <span class='ocrx_word' id='word_1_770' title='bbox 1087 5570 1274 5622; x_wconf 90' lang='lat' dir='ltr'><strong>dolore</strong></span> <span class='ocrx_word' id='word_1_771' title='bbox 1303 5567 1565 5620; x_wconf 84' lang='lat' dir='ltr'><strong>adhibent</strong></span> <span class='ocrx_word' id='word_1_772' title='bbox 1596 5566 1941 5628; x_wconf 81' lang='lat' dir='ltr'><strong>medicinam,</strong></span> <span class='ocrx_word' id='word_1_773' title='bbox 1983 5578 2092 5615; x_wconf 93' lang='lat' dir='ltr'><strong>non</strong></span> 
     </span>
    </p>
   </div>
   <div class='ocr_carea' id='block_1_103' title="bbox 524 5659 2094 5731">
    <p class='ocr_par' dir='ltr' id='par_1_103' title="bbox 524 5659 2094 5731">
     <span class='ocr_line' id='line_1_103' title="bbox 524 5659 2094 5731; baseline -0.008 -12"><span class='ocrx_word' id='word_1_774' title='bbox 524 5673 706 5720; x_wconf 85' lang='lat' dir='ltr'><strong>autem</strong></span> <span class='ocrx_word' id='word_1_775' title='bbox 739 5664 805 5718; x_wconf 89' lang='lat' dir='ltr'><strong>ad</strong></span> <span class='ocrx_word' id='word_1_776' title='bbox 836 5664 1093 5718; x_wconf 85' lang='lat' dir='ltr'><strong>damnum</strong></span> <span class='ocrx_word' id='word_1_777' title='bbox 1118 5662 1237 5730; x_wconf 87' lang='lat' dir='ltr'><strong>ejus</strong></span> <span class='ocrx_word' id='word_1_778' title='bbox 1255 5661 1347 5731; x_wconf 88' lang='lat' dir='ltr'><strong>qui</strong></span> <span class='ocrx_word' id='word_1_779' title='bbox 1376 5660 1613 5729; x_wconf 90' lang='lat' dir='ltr'><strong>patitur:</strong></span> <span class='ocrx_word' id='word_1_780' title='bbox 1655 5659 1727 5712; x_wconf 88' lang='lat' dir='ltr'><strong>ita</strong></span> <span class='ocrx_word' id='word_1_781' title='bbox 1761 5659 1920 5711; x_wconf 90' lang='lat' dir='ltr'><strong>etiam</strong></span> <span class='ocrx_word' id='word_1_782' title='bbox 1948 5669 2094 5725; x_wconf 67' lang='lat' dir='ltr'><strong>qum-&#39;-</strong></span> 
     </span>
    </p>
   </div>
   <div class='ocr_carea' id='block_1_104' title="bbox 523 5749 2089 5827">
    <p class='ocr_par' dir='ltr' id='par_1_104' title="bbox 523 5749 2089 5827">
     <span class='ocr_line' id='line_1_104' title="bbox 523 5749 2089 5827; baseline -0.008 -14"><span class='ocrx_word' id='word_1_783' title='bbox 523 5772 743 5827; x_wconf 85' lang='lat' dir='ltr'><strong>cunque</strong></span> <span class='ocrx_word' id='word_1_784' title='bbox 800 5755 1004 5811; x_wconf 85' lang='lat' dir='ltr'><strong>nostris</strong></span> <span class='ocrx_word' id='word_1_785' title='bbox 1064 5754 1282 5818; x_wconf 90' lang='lat' dir='ltr'><strong>animis,</strong></span> <span class='ocrx_word' id='word_1_786' title='bbox 1345 5751 1438 5822; x_wconf 87' lang='lat' dir='ltr'><strong>qui</strong></span> <span class='ocrx_word' id='word_1_787' title='bbox 1498 5766 1592 5822; x_wconf 89' lang='lat' dir='ltr'><strong>per</strong></span> <span class='ocrx_word' id='word_1_788' title='bbox 1651 5749 2089 5805; x_wconf 88' lang='lat' dir='ltr'><strong>eonununionem</strong></span> 
     </span>
    </p>
   </div>
   <div class='ocr_carea' id='block_1_105' title="bbox 2184 4538 3751 4628">
    <p class='ocr_par' dir='ltr' id='par_1_105' title="bbox 2184 4538 3751 4628">
     <span class='ocr_line' id='line_1_105' title="bbox 2184 4538 3751 4628; baseline -0.015 -15"><span class='ocrx_word' id='word_1_789' title='bbox 2184 4561 2279 4613; x_wconf 76' lang='grc' dir='ltr'><strong>καὶ</strong></span> <span class='ocrx_word' id='word_1_790' title='bbox 2300 4561 2332 4628; x_wconf 85' lang='grc' dir='ltr'>ἡ</span> <span class='ocrx_word' id='word_1_791' title='bbox 2358 4556 2494 4628; x_wconf 88' lang='grc' dir='ltr'><strong>μετά</strong></span> <span class='ocrx_word' id='word_1_792' title='bbox 2513 4553 2684 4609; x_wconf 86' lang='grc' dir='ltr'>ταῦτα</span> <span class='ocrx_word' id='word_1_793' title='bbox 2705 4552 2883 4622; x_wconf 86' lang='grc' dir='ltr'>κρίσις</span> <span class='ocrx_word' id='word_1_794' title='bbox 2904 4552 2984 4611; x_wconf 84' lang='grc' dir='ltr'><strong>εἰς</strong></span> <span class='ocrx_word' id='word_1_795' title='bbox 3004 4546 3298 4618; x_wconf 87' lang='grc' dir='ltr'>θεραπείαν</span> <span class='ocrx_word' id='word_1_796' title='bbox 3317 4543 3424 4595; x_wconf 90' lang='grc' dir='ltr'><strong>τῶν</strong></span> <span class='ocrx_word' id='word_1_797' title='bbox 3451 4541 3550 4609; x_wconf 90' lang='grc' dir='ltr'><strong>τῆς</strong></span> <span class='ocrx_word' id='word_1_798' title='bbox 3574 4538 3751 4609; x_wconf 74' lang='grc' dir='ltr'>ψυχῆς</span> 
     </span>
    </p>
   </div>
   <div class='ocr_carea' id='block_1_106' title="bbox 2185 4634 3750 4722">
    <p class='ocr_par' dir='ltr' id='par_1_106' title="bbox 2185 4634 3750 4722">
     <span class='ocr_line' id='line_1_106' title="bbox 2185 4634 3750 4722; baseline -0.015 -17"><span class='ocrx_word' id='word_1_799' title='bbox 2185 4646 2633 4722; x_wconf 72' lang='grc' dir='ltr'>ἀρρωστημάτων</span> <span class='ocrx_word' id='word_1_800' title='bbox 2665 4640 3191 4708; x_wconf 83' lang='grc' dir='ltr'>κατεπαγγέλλεται,</span> <span class='ocrx_word' id='word_1_801' title='bbox 3223 4637 3250 4689; x_wconf 85' lang='grc' dir='ltr'><strong>ὃ</strong></span> <span class='ocrx_word' id='word_1_802' title='bbox 3279 4637 3390 4697; x_wconf 85' lang='grc' dir='ltr'>τοῖς</span> <span class='ocrx_word' id='word_1_803' title='bbox 3431 4634 3527 4703; x_wconf 82' lang='grc' dir='ltr'><strong>μὲν</strong></span> <span class='ocrx_word' id='word_1_804' title='bbox 3560 4648 3750 4701; x_wconf 89' lang='grc' dir='ltr'>χαυνο-</span> 
     </span>
    </p>
   </div>
   <div class='ocr_carea' id='block_1_107' title="bbox 2183 4726 3749 4813">
    <p class='ocr_par' dir='ltr' id='par_1_107' title="bbox 2183 4726 3749 4813">
     <span class='ocr_line' id='line_1_107' title="bbox 2183 4726 3749 4813; baseline -0.013 -17"><span class='ocrx_word' id='word_1_805' title='bbox 2183 4743 2359 4813; x_wconf 84' lang='grc' dir='ltr'>τέροις</span> <span class='ocrx_word' id='word_1_806' title='bbox 2398 4739 2628 4810; x_wconf 80' lang='grc' dir='ltr'>ἀπειλὴ,</span> <span class='ocrx_word' id='word_1_807' title='bbox 2660 4740 2755 4789; x_wconf 72' lang='grc' dir='ltr'><strong>καὶ</strong></span> <span class='ocrx_word' id='word_1_808' title='bbox 2800 4732 3135 4803; x_wconf 83' lang='grc' dir='ltr'>σκυθρωπῶν</span> <span class='ocrx_word' id='word_1_809' title='bbox 3178 4732 3323 4782; x_wconf 80' lang='grc' dir='ltr'>ἐστιν</span> <span class='ocrx_word' id='word_1_810' title='bbox 3355 4726 3749 4785; x_wconf 76' lang='grc' dir='ltr'>ἐπανάστασις,</span> 
     </span>
    </p>
   </div>
   <div class='ocr_carea' id='block_1_108' title="bbox 2186 4813 3754 4901">
    <p class='ocr_par' dir='ltr' id='par_1_108' title="bbox 2186 4813 3754 4901">
     <span class='ocr_line' id='line_1_108' title="bbox 2186 4813 3754 4901; baseline -0.016 -13"><span class='ocrx_word' id='word_1_811' title='bbox 2186 4836 2261 4898; x_wconf 84' lang='grc' dir='ltr'>ὡς</span> <span class='ocrx_word' id='word_1_812' title='bbox 2295 4833 2360 4887; x_wconf 84' lang='grc' dir='ltr'>ἂν</span> <span class='ocrx_word' id='word_1_813' title='bbox 2408 4831 2556 4901; x_wconf 78' lang='grc' dir='ltr'><strong>φόϐῳ</strong></span> <span class='ocrx_word' id='word_1_814' title='bbox 2605 4832 2704 4899; x_wconf 84' lang='grc' dir='ltr'><strong>τῆς</strong></span> <span class='ocrx_word' id='word_1_815' title='bbox 2748 4827 2856 4879; x_wconf 89' lang='grc' dir='ltr'><strong>τῶν</strong></span> <span class='ocrx_word' id='word_1_816' title='bbox 2913 4821 3174 4891; x_wconf 85' lang='grc' dir='ltr'>ἀλγεινῶν</span> <span class='ocrx_word' id='word_1_817' title='bbox 3224 4817 3563 4879; x_wconf 84' lang='grc' dir='ltr'>ἀντιδόσεως,</span> <span class='ocrx_word' id='word_1_818' title='bbox 3620 4813 3754 4884; x_wconf 81' lang='grc' dir='ltr'>πρὸς</span> 
     </span>
    </p>
   </div>
   <div class='ocr_carea' id='block_1_109' title="bbox 2186 4904 3754 4998">
    <p class='ocr_par' dir='ltr' id='par_1_109' title="bbox 2186 4904 3754 4998">
     <span class='ocr_line' id='line_1_109' title="bbox 2186 4904 3754 4998; baseline -0.015 -19"><span class='ocrx_word' id='word_1_819' title='bbox 2186 4926 2283 4998; x_wconf 84' lang='grc' dir='ltr'><strong>τὴν</strong></span> <span class='ocrx_word' id='word_1_820' title='bbox 2330 4925 2506 4994; x_wconf 81' lang='grc' dir='ltr'>φυγὴν</span> <span class='ocrx_word' id='word_1_821' title='bbox 2563 4922 2660 4991; x_wconf 87' lang='grc' dir='ltr'><strong>τῆς</strong></span> <span class='ocrx_word' id='word_1_822' title='bbox 2714 4918 2909 4979; x_wconf 89' lang='grc' dir='ltr'>κακίας</span> <span class='ocrx_word' id='word_1_823' title='bbox 2956 4911 3479 4984; x_wconf 71' lang='grc' dir='ltr'>σωφρονισθείημεν·</span> <span class='ocrx_word' id='word_1_824' title='bbox 3525 4908 3637 4969; x_wconf 86' lang='grc' dir='ltr'>τοῖς</span> <span class='ocrx_word' id='word_1_825' title='bbox 3699 4904 3754 4957; x_wconf 78' lang='grc' dir='ltr'>δὲ</span> 
     </span>
    </p>
   </div>
   <div class='ocr_carea' id='block_1_110' title="bbox 2191 4995 3755 5088">
    <p class='ocr_par' dir='ltr' id='par_1_110' title="bbox 2191 4995 3755 5088">
     <span class='ocr_line' id='line_1_110' title="bbox 2191 4995 3755 5088; baseline -0.016 -16"><span class='ocrx_word' id='word_1_826' title='bbox 2191 5017 2570 5088; x_wconf 85' lang='grc' dir='ltr'>συνετωτέροις</span> <span class='ocrx_word' id='word_1_827' title='bbox 2620 5011 2829 5083; x_wconf 83' lang='grc' dir='ltr'>ἰατρεία</span> <span class='ocrx_word' id='word_1_828' title='bbox 2877 5008 2970 5062; x_wconf 75' lang='grc' dir='ltr'>καὶ</span> <span class='ocrx_word' id='word_1_829' title='bbox 3016 5002 3276 5076; x_wconf 83' lang='grc' dir='ltr'>θεραπεία</span> <span class='ocrx_word' id='word_1_830' title='bbox 3308 5000 3458 5069; x_wconf 85' lang='grc' dir='ltr'><strong>παρά</strong></span> <span class='ocrx_word' id='word_1_831' title='bbox 3497 4999 3591 5051; x_wconf 90' lang='grc' dir='ltr'><strong>τοῦ</strong></span> <span class='ocrx_word' id='word_1_832' title='bbox 3621 4995 3755 5049; x_wconf 88' lang='grc' dir='ltr'>Θεοῦ</span> 
     </span>
    </p>
   </div>
   <div class='ocr_carea' id='block_1_111' title="bbox 2188 5091 3758 5175">
    <p class='ocr_par' dir='ltr' id='par_1_111' title="bbox 2188 5091 3758 5175">
     <span class='ocr_line' id='line_1_111' title="bbox 2188 5091 3758 5175; baseline -0.016 -11"><span class='ocrx_word' id='word_1_833' title='bbox 2188 5111 2248 5164; x_wconf 83' lang='grc' dir='ltr'><strong>τὸ</strong></span> <span class='ocrx_word' id='word_1_834' title='bbox 2299 5110 2427 5162; x_wconf 81' lang='grc' dir='ltr'>ίδιον</span> <span class='ocrx_word' id='word_1_835' title='bbox 2478 5106 2704 5175; x_wconf 89' lang='grc' dir='ltr'>πλάσμα</span> <span class='ocrx_word' id='word_1_836' title='bbox 2756 5102 2892 5173; x_wconf 78' lang='grc' dir='ltr'>πρὸς</span> <span class='ocrx_word' id='word_1_837' title='bbox 2933 5098 3029 5168; x_wconf 84' lang='grc' dir='ltr'>τὴν</span> <span class='ocrx_word' id='word_1_838' title='bbox 3081 5097 3140 5160; x_wconf 68' lang='grc' dir='ltr'><strong>ἐξ</strong></span> <span class='ocrx_word' id='word_1_839' title='bbox 3175 5095 3349 5167; x_wconf 85' lang='grc' dir='ltr'>ἀρχῆς</span> <span class='ocrx_word' id='word_1_840' title='bbox 3398 5091 3758 5157; x_wconf 77' lang='grc' dir='ltr'>ὲπανάγοντος</span> 
     </span>
    </p>
   </div>
   <div class='ocr_carea' id='block_1_112' title="bbox 2189 5180 3759 5276">
    <p class='ocr_par' dir='ltr' id='par_1_112' title="bbox 2189 5180 3759 5276">
     <span class='ocr_line' id='line_1_112' title="bbox 2189 5180 3759 5276; baseline -0.016 -19"><span class='ocrx_word' id='word_1_841' title='bbox 2189 5204 2348 5276; x_wconf 81' lang='grc' dir='ltr'>χάριν</span> <span class='ocrx_word' id='word_1_842' title='bbox 2382 5196 2519 5253; x_wconf 83' lang='grc' dir='ltr'>εἶναι</span> <span class='ocrx_word' id='word_1_843' title='bbox 2554 5195 2883 5250; x_wconf 88' lang='grc' dir='ltr'>πιστεύεται.</span> <span class='ocrx_word' id='word_1_844' title='bbox 2926 5193 3014 5254; x_wconf 81' lang='grc' dir='ltr'>Ὠς</span> <span class='ocrx_word' id='word_1_845' title='bbox 3060 5191 3166 5260; x_wconf 79' lang='grc' dir='ltr'><strong>γὰρ</strong></span> <span class='ocrx_word' id='word_1_846' title='bbox 3206 5189 3256 5241; x_wconf 85' lang='grc' dir='ltr'><strong>οἰ</strong></span> <span class='ocrx_word' id='word_1_847' title='bbox 3300 5188 3424 5249; x_wconf 75' lang='grc' dir='ltr'>τοὺς</span> <span class='ocrx_word' id='word_1_848' title='bbox 3467 5184 3626 5254; x_wconf 81' lang='grc' dir='ltr'>ἥλους</span> <span class='ocrx_word' id='word_1_849' title='bbox 3666 5180 3759 5234; x_wconf 79' lang='grc' dir='ltr'>καὶ</span> 
     </span>
    </p>
   </div>
   <div class='ocr_carea' id='block_1_113' title="bbox 2190 5271 3758 5362">
    <p class='ocr_par' dir='ltr' id='par_1_113' title="bbox 2190 5271 3758 5362">
     <span class='ocr_line' id='line_1_113' title="bbox 2190 5271 3758 5362; baseline -0.017 -14"><span class='ocrx_word' id='word_1_850' title='bbox 2190 5271 2315 5356; x_wconf 71' lang='grc' dir='ltr'>τοῦς</span> <span class='ocrx_word' id='word_1_851' title='bbox 2365 5289 2754 5362; x_wconf 81' lang='grc' dir='ltr'>ἀκροχορδόνας</span> <span class='ocrx_word' id='word_1_852' title='bbox 2816 5284 2964 5356; x_wconf 84' lang='grc' dir='ltr'><strong>παρά</strong></span> <span class='ocrx_word' id='word_1_853' title='bbox 3017 5282 3177 5351; x_wconf 85' lang='grc' dir='ltr'>φύσιν</span> <span class='ocrx_word' id='word_1_854' title='bbox 3208 5276 3625 5347; x_wconf 77' lang='grc' dir='ltr'>ἐπιγενομένους</span> <span class='ocrx_word' id='word_1_855' title='bbox 3684 5271 3758 5340; x_wconf 82' lang='grc' dir='ltr'>τῷ</span> 
     </span>
    </p>
   </div>
   <div class='ocr_carea' id='block_1_114' title="bbox 2195 5364 3757 5453">
    <p class='ocr_par' dir='ltr' id='par_1_114' title="bbox 2195 5364 3757 5453">
     <span class='ocr_line' id='line_1_114' title="bbox 2195 5364 3757 5453; baseline -0.014 -17"><span class='ocrx_word' id='word_1_856' title='bbox 2195 5384 2434 5453; x_wconf 81' lang='grc' dir='ltr'>σώματι,</span> <span class='ocrx_word' id='word_1_857' title='bbox 2467 5382 2555 5435; x_wconf 77' lang='grc' dir='ltr'>διὰ</span> <span class='ocrx_word' id='word_1_858' title='bbox 2602 5380 2771 5450; x_wconf 84' lang='grc' dir='ltr'>τομῆς</span> <span class='ocrx_word' id='word_1_859' title='bbox 2799 5377 2831 5447; x_wconf 84' lang='grc' dir='ltr'>ἢ</span> <span class='ocrx_word' id='word_1_860' title='bbox 2865 5376 3110 5436; x_wconf 83' lang='grc' dir='ltr'>καύσεως</span> <span class='ocrx_word' id='word_1_861' title='bbox 3152 5370 3475 5434; x_wconf 81' lang='grc' dir='ltr'>ἀποξύοντες</span> <span class='ocrx_word' id='word_1_862' title='bbox 3494 5406 3508 5429; x_wconf 87' lang='grc'><strong>,</strong></span> <span class='ocrx_word' id='word_1_863' title='bbox 3538 5366 3635 5418; x_wconf 84' lang='grc' dir='ltr'><strong>οὐκ</strong></span> <span class='ocrx_word' id='word_1_864' title='bbox 3666 5364 3757 5416; x_wconf 88' lang='grc' dir='ltr'>ἀν-</span> 
     </span>
    </p>
   </div>
   <div class='ocr_carea' id='block_1_115' title="bbox 2193 5454 3761 5539">
    <p class='ocr_par' dir='ltr' id='par_1_115' title="bbox 2193 5454 3761 5539">
     <span class='ocr_line' id='line_1_115' title="bbox 2193 5454 3761 5539; baseline -0.014 -12"><span class='ocrx_word' id='word_1_865' title='bbox 2193 5476 2392 5529; x_wconf 84' lang='grc' dir='ltr'>ώδυνον</span> <span class='ocrx_word' id='word_1_866' title='bbox 2416 5473 2679 5539; x_wconf 76' lang='grc' dir='ltr'>ἐπάγουσι</span> <span class='ocrx_word' id='word_1_867' title='bbox 2710 5469 2787 5539; x_wconf 81' lang='grc' dir='ltr'>τῷ</span> <span class='ocrx_word' id='word_1_868' title='bbox 2815 5465 3252 5538; x_wconf 82' lang='grc' dir='ltr'>εύεργετουμένῳ</span> <span class='ocrx_word' id='word_1_869' title='bbox 3293 5462 3388 5533; x_wconf 86' lang='grc' dir='ltr'>τὴν</span> <span class='ocrx_word' id='word_1_870' title='bbox 3423 5462 3565 5513; x_wconf 84' lang='grc' dir='ltr'>ῐασιν</span> <span class='ocrx_word' id='word_1_871' title='bbox 3585 5498 3600 5521; x_wconf 86' lang='grc'><strong>,</strong></span> <span class='ocrx_word' id='word_1_872' title='bbox 3627 5454 3761 5525; x_wconf 84' lang='grc' dir='ltr'>πλὴν</span> 
     </span>
    </p>
   </div>
   <div class='ocr_carea' id='block_1_116' title="bbox 2194 5549 3757 5632">
    <p class='ocr_par' dir='ltr' id='par_1_116' title="bbox 2194 5549 3757 5632">
     <span class='ocr_line' id='line_1_116' title="bbox 2194 5549 3757 5632; baseline -0.013 -16"><span class='ocrx_word' id='word_1_873' title='bbox 2194 5565 2292 5617; x_wconf 79' lang='grc' dir='ltr'><strong>οὐκ</strong></span> <span class='ocrx_word' id='word_1_874' title='bbox 2319 5563 2412 5616; x_wconf 76' lang='grc' dir='ltr'>ἐπὶ</span> <span class='ocrx_word' id='word_1_875' title='bbox 2448 5560 2620 5632; x_wconf 77' lang='grc' dir='ltr'>βλάϐῃ</span> <span class='ocrx_word' id='word_1_876' title='bbox 2662 5559 2755 5612; x_wconf 90' lang='grc' dir='ltr'><strong>τοῦ</strong></span> <span class='ocrx_word' id='word_1_877' title='bbox 2790 5557 3147 5627; x_wconf 82' lang='grc' dir='ltr'>ὑπομένοντος</span> <span class='ocrx_word' id='word_1_878' title='bbox 3176 5554 3274 5623; x_wconf 82' lang='grc' dir='ltr'><strong>τὴν</strong></span> <span class='ocrx_word' id='word_1_879' title='bbox 3308 5550 3477 5620; x_wconf 86' lang='grc' dir='ltr'>τομὴν</span> <span class='ocrx_word' id='word_1_880' title='bbox 3504 5549 3723 5614; x_wconf 79' lang='grc' dir='ltr'>ἄγουσιν</span> <span class='ocrx_word' id='word_1_881' title='bbox 3744 5561 3757 5575; x_wconf 87' lang='grc'><strong>·</strong></span> 
     </span>
    </p>
   </div>
   <div class='ocr_carea' id='block_1_117' title="bbox 2196 5632 3763 5715">
    <p class='ocr_par' dir='ltr' id='par_1_117' title="bbox 2196 5632 3763 5715">
     <span class='ocr_line' id='line_1_117' title="bbox 2196 5632 3763 5715; baseline -0.011 -10"><span class='ocrx_word' id='word_1_882' title='bbox 2196 5652 2366 5713; x_wconf 72' lang='grc' dir='ltr'>οὕτως</span> <span class='ocrx_word' id='word_1_883' title='bbox 2414 5651 2508 5703; x_wconf 81' lang='grc' dir='ltr'><strong>καὶ</strong></span> <span class='ocrx_word' id='word_1_884' title='bbox 2559 5650 2660 5701; x_wconf 84' lang='grc' dir='ltr'><strong>ὅσα</strong></span> <span class='ocrx_word' id='word_1_885' title='bbox 2712 5649 2829 5709; x_wconf 86' lang='grc' dir='ltr'>ταῖς</span> <span class='ocrx_word' id='word_1_886' title='bbox 2887 5646 3085 5715; x_wconf 77' lang='grc' dir='ltr'>ψυχαῖς</span> <span class='ocrx_word' id='word_1_887' title='bbox 3137 5642 3315 5713; x_wconf 77' lang='grc' dir='ltr'>ἡμῶν,</span> <span class='ocrx_word' id='word_1_888' title='bbox 3381 5640 3468 5694; x_wconf 79' lang='grc' dir='ltr'>διὰ</span> <span class='ocrx_word' id='word_1_889' title='bbox 3529 5637 3628 5705; x_wconf 80' lang='grc' dir='ltr'><strong>τῆς</strong></span> <span class='ocrx_word' id='word_1_890' title='bbox 3660 5632 3763 5688; x_wconf 82' lang='grc' dir='ltr'><strong>τῶν</strong></span> 
     </span>
    </p>
   </div>
   <div class='ocr_carea' id='block_1_118' title="bbox 2199 5728 3835 5814">
    <p class='ocr_par' dir='ltr' id='par_1_118' title="bbox 2199 5728 3835 5814">
     <span class='ocr_line' id='line_1_118' title="bbox 2199 5728 3835 5814; baseline -0.013 -16"><span class='ocrx_word' id='word_1_891' title='bbox 2199 5741 2536 5814; x_wconf 85' lang='grc' dir='ltr'>παθημάτων</span> <span class='ocrx_word' id='word_1_892' title='bbox 2570 5738 2853 5801; x_wconf 80' lang='grc' dir='ltr'>κοινωνίας</span> <span class='ocrx_word' id='word_1_893' title='bbox 2890 5734 3426 5809; x_wconf 85' lang='grc' dir='ltr'>ἀποσαρκωθείσαις,</span> <span class='ocrx_word' id='word_1_894' title='bbox 3463 5728 3637 5798; x_wconf 72' lang='grc' dir='ltr'>ὑλώδη</span> <span class='ocrx_word' id='word_1_895' title='bbox 3671 5741 3763 5779; x_wconf 73' lang='grc' dir='ltr'>πε·</span> <span class='ocrx_word' id='word_1_896' title='bbox 3832 5794 3835 5799; x_wconf 84' lang='lat'><strong><em>_</em></strong></span> 
     </span>
    </p>
   </div>
  </div>
