4066 6374
268 399 343 455 '57

1488 397 1745 459 ORATIO
1774 396 2282 456 CATECHETICA.
3461 403 3530 460 '58

271 517 606 589 ριττὼματα
657 518 1056 589 ἐπιπωροόται,
1114 519 1170 571 ἐν
1193 517 1271 589 τῷ
1315 518 1491 589 καιρῷ
1512 520 1610 589 τῆς
1632 520 1843 589 κρίσεως

1966 517 2436 586 perturbationum
2486 519 2733 576 carnales
2774 528 2930 573 erant
2982 518 3198 584 redditi,
3257 524 3529 590 superflua

268 612 534 681 τέμνεται
574 614 668 666 καὶ
709 613 996 678 ἀποξύεται
1038 616 1103 684 τῇ
1154 615 1450 684 ἀπορρήτῳ
1492 614 1671 684 ἐκείνῃ
1703 615 1862 685 σοφίᾳ

269 706 363 756 καὶ
410 705 686 775 δυνάμει,
736 706 919 768 καθὼς
951 705 1097 773 λέγει
1136 706 1198 757 τὸ
1246 705 1571 772 Εὑαγγέλιον
1613 705 1705 757 τοῦ
1737 706 1862 767 τοὺς

267 792 469 857 κακῶς
506 795 731 864 ἔχοντας
766 795 1120 866 ίατρεύοντοςο
1142 797 1223 848 Οὐ
1253 796 1463 863 χρείαν
1484 795 1591 867 γὰρ
1615 795 1824 864 ἔχουσι
1843 838 1857 859 ,

266 886 464 955 φησὶν,
498 890 557 940 οἱ
593 888 906 954 ἰσχύοντες
933 887 1160 955 ἰατροῦ,
1194 886 1331 940 ἀλλ’
1375 890 1428 939 ei
1472 886 1660 952 κακῶς
1692 888 1861 953 ἕχον-

264 994 391 1042 τες.
438 979 543 1031 Διά
574 980 631 1032 δὲ
669 980 731 1032 τὸ
773 978 972 1049 πολλὴν
1000 978 1326 1047 γεγενῆσθαι
1357 982 1420 1048 τῇ
1450 979 1593 1048 ψυχῇ
1638 978 1772 1048 πρὸς
1800 979 1861 1030 τὸ

265 1068 442 1120 κακὸν
478 1070 784 1137 συμφυΐαν,
813 1069 1001 1139 ὥσπερ
1029 1071 1060 1139 ἡ
1100 1069 1195 1137 τῆς
1225 1069 1540 1138 μυρμηκίας
1575 1070 1714 1139 τομὴ
1747 1070 1859 1141 δρι-

269 1157 474 1228 μύσσει
517 1159 621 1230 τὴν
659 1160 1013 1228 ἐπιφάνειανο
1054 1159 1113 1211 τὸ
1142 1160 1249 1230 γὰρ
1279 1161 1428 1228 παρά
1464 1159 1623 1228 φύσιν
1654 1161 1860 1231 ἐμφυὲς

264 1252 333 1320 τῇ
388 1250 590 1317 φύσει,
642 1250 731 1303 διά
784 1267 929 1313 τινος
998 1250 1337 1319 συμπαθείας
1392 1250 1469 1320 τῷ
1516 1251 1859 1322 ὑποκειμένῳ

264 1342 667 1411 προσίσχεται,
699 1341 789 1394 καί
811 1359 893 1404 τις
934 1341 1139 1409 γίνεται
1192 1341 1286 1394 τοῦ
1319 1342 1595 1413 ἀλλοτρίου
1638 1342 1772 1413 πρὸς
1797 1344 1858 1395 τὸ

264 1434 551 1502 ἡμέτερον
577 1433 883 1501 παράλογος
909 1433 1323 1503 συνανακρασις,
1349 1434 1423 1496 ὡς
1452 1434 1732 1488 λυπεῖσθαι
1765 1436 1857 1488 καὶ

263 1524 569 1576 δάκνεσθαι
595 1524 689 1576 τοῦ
714 1524 859 1593 παρά
886 1523 1043 1593 φύσιν
1066 1522 1437 1595 χωριζομένην
1460 1526 1557 1597 τὴν
1584 1526 1852 1594 αἴσθησιν·

264 1614 412 1666 οὕτω
457 1616 559 1668 καὶ
602 1616 700 1684 τῆς
738 1614 916 1683 ψυχῆς
958 1614 1468 1686 ἀπολεπτυνομένης
1516 1634 1573 1669 τε
1630 1618 1723 1669 καὶ⁸
1764 1618 1855 1669 ἐκ·

262 1705 587 1776 τηκομένης
634 1708 691 1759 ἐν
728 1709 840 1770 τοῖς
862 1708 1001 1777 ὑπὲρ
1039 1707 1138 1775 τῆς
1164 1708 1436 1777 ἁμαρτίας
1464 1707 1725 1777 ἐλέγχοις,
1760 1726 1857 1761 κα-

266 1799 375 1862 θώς
404 1800 511 1852 πού
546 1817 715 1869 φησιν
747 1802 779 1869 ἠ
814 1801 1146 1872 προφητεία.
1192 1800 1280 1852 διά
1304 1800 1401 1869 τὴν
1432 1802 1488 1853 ἐν
1523 1800 1673 1869 βάθει
1702 1818 1853 1869 γενο-

1963 607 2226 659 callorum
2263 617 2609 661 excrementa
2663 608 3001 673 coaluerant,
3055 625 3116 663 ca
3148 610 3339 679 judicii
3394 621 3531 666 lctu-

1962 714 2092 767 pore
2145 698 2471 752 scinduntur
2520 708 2574 753 et
2624 700 2963 754 abraduntur
2995 702 3251 781 Lnellabili
3310 702 3400 755 illa
3440 720 3527 757 sa-

1963 788 2164 856 pientia
2214 796 2267 842 et
2300 788 2499 843 virtute
2540 790 2709 849 illius,
2764 789 2855 858 qui
2904 789 3044 843 male
3088 790 3437 855 habentibus,
3473 798 3533 845 ut

1960 889 2045 933 est
2083 880 2133 932 in
2163 879 2481 949 Evangeiio,
2519 881 2784 935 medetur.
2825 880 2947 934 Non
2976 883 3119 937 enim
3151 892 3227 936 est
3258 899 3408 950 opus,
3448 884 3533 936 in-

1960 972 2099 1037 quit,
2154 970 2447 1024 valentibus
2507 972 2758 1035 medicus,
2816 972 2906 1024 sed
2962 974 3098 1027 male
3149 974 3458 1028 habentibus
3483 975 3527 1028 ⁵.

1961 1061 2255 1131 Propterea
2293 1072 2473 1117 autem
2507 1066 2649 1132 quod
2697 1065 2892 1119 anima:
2934 1081 3058 1120 cum
3092 1081 3319 1135 corpore
3348 1075 3431 1120 est
3461 1067 3529 1119 ad

1961 1155 2163 1207 malum
2196 1155 2482 1224 congenita
2532 1155 2776 1225 quaedam
2819 1158 3204 1221 coalescentia,
3257 1157 3530 1226 quomodo

1960 1247 2272 1315 myrmecia’
2301 1262 2395 1301 seu
2439 1245 2839 1301 formicationis
2878 1264 2999 1317 qua:
3032 1249 3193 1302 etiam
3225 1264 3419 1303 cossus
3444 1248 3530 1301 di-

1958 1338 2122 1397 citur,
2158 1339 2351 1399 sectio,
2386 1338 2727 1405 superﬁciem
2751 1338 2963 1393 mordet
2988 1339 3209 1401 acriter;
3235 1354 3357 1391 nam
3378 1338 3527 1407 quod

1961 1438 2155 1496 praeter
2180 1438 2429 1481 naturam
2464 1430 2708 1483 innatum
2741 1438 2826 1484 est
2855 1436 3082 1490 naturae.
3118 1445 3213 1498 per
3239 1430 3525 1498 quemdam

1957 1535 2285 1576 consensqu
2311 1522 2613 1577 affectionis
2636 1522 2955 1577 adhaerescit
2973 1522 3256 1591 subjecto;
3288 1531 3341 1577 et
3363 1522 3526 1575 alieni

1955 1631 2078 1670 cum
2109 1627 2299 1671 nostro
2342 1617 2400 1670 fit
2435 1617 2680 1686 quaedam
2727 1624 2923 1686 praeter
2959 1618 3225 1670 rationem
3276 1624 3526 1669 contem-

1956 1710 2183 1777 peratio,
2245 1710 2379 1764 adeo
2426 1718 2484 1763 ut
2524 1710 2774 1763 molestia
2809 1709 3076 1761 efficiatur
3106 1716 3160 1761 et
3211 1708 3527 1761 mordeatur

1957 1818 2151 1856 sensus
2191 1810 2477 1869 separatus
2507 1801 2575 1854 ab
2620 1816 2686 1854 eo
2710 1800 2854 1869 quod
2895 1809 2978 1853 est
3008 1810 3202 1868 praeter
3233 1808 3521 1861 naturam;

269 1892 443 1960 μένην
474 1891 616 1961 πρὸς
648 1892 709 1943 τὸ
742 1891 908 1943 κακὸν
945 1885 1277 1961 οἶκειότητα,
1312 1893 1431 1945 κατ’
1475 1893 1719 1963 ἀνάγκην
1752 1893 1843 1945 ἐπ-

1953 1894 2027 1946 ita
2054 1894 2216 1947 etiam
2255 1908 2376 1945 cum
2415 1894 2595 1946 anima
2625 1901 2935 1947 attenuatur
2964 1900 3016 1943 et
3048 1892 3233 1943 tabefit
3266 1892 3319 1943 in
3346 1890 3523 1944 incre-

268 1983 660 2034 ἀκολουθοῦσιν
688 1981 913 2053 ἄρρητοί
938 1999 1078 2045 τινες
1108 1983 1200 2034 καὶ
1232 1983 1591 2052 ἀνέκφραστοι
1626 1982 1850 2054 ἀλγηδό⁶

266 2091 378 2135 νες,
411 2067 488 2125 ὧν
524 2074 559 2141 ὴ
592 2073 840 2142 διήγησις
872 2074 935 2125 ὲκ
962 2072 1055 2124 τοῦ
1090 2072 1205 2124 ἴσου
1230 2073 1290 2125 τὸ
1319 2074 1591 2141 ἄφραστον
1612 2073 1751 2143 ἔχει,
1781 2078 1846 2145 τῇ

264 2164 373 2217 τῶν
394 2164 769 2234 ἐλπιζομένων
795 2164 1011 2232 ἀγαθῶν
1034 2164 1212 2231 φύσει.
1231 2163 1365 2217 Οὔτε
1381 2165 1489 2235 γὰρ
1505 2167 1697 2228 ταῦτα,
1725 2166 1849 2219 οὔτε

263 2258 449 2309 ἐκεῖνα
501 2261 569 2327 τῇ
616 2256 840 2325 δυνάμει
884 2256 992 2308 τῶν
1026 2256 1217 2324 λόγων,
1250 2256 1282 2327 ἢ
1312 2256 1401 2308 τὸν
1428 2258 1729 2327 στοχασμὸν
1749 2258 1848 2327 τῆς

264 2348 508 2411 διανοίας
544 2348 835 2415 ὑπάγεται.
875 2346 1081 2399 Οὐκοῦν
1117 2347 1255 2418 πρὸς
1298 2348 1359 2399 τὸ
1402 2347 1575 2417 πέρας
1601 2365 1685 2409 τις
1714 2347 1849 2399 ἀπο-

267 2440 492 2493 σκοπῶν
513 2441 615 2510 τῆς
651 2440 840 2507 σοφίας
873 2438 966 2491 τοῦ
996 2439 1056 2491 τὸ
1084 2440 1190 2491 πᾶν
1215 2438 1642 2508 οίκονομοῦντος,
1670 2438 1846 2491 οὐκέτ’

265 2531 331 2584 ἂν
350 2532 593 2599 εὐλόγως
614 2530 800 2583 κακῶν
828 2531 997 2583 αίτιον
1024 2531 1116 2583 τὸν
1132 2532 1237 2583 τῶν
1268 2530 1567 2601 ἀνθρώπων
1589 2529 1846 2599 δημιουρ-

264 2623 359 2690 γδν
386 2624 493 2675 ὑπὸ
531 2622 896 2693 μικροψυχίας
936 2621 1324 2691 κατονομάζοι,
1367 2622 1399 2692 ἢ
1446 2623 1657 2689 ἀγνοεῖν
1686 2621 1845 2674 αὐτὸν

264 2715 324 2767 τὸ
357 2715 620 2784 ἐσόμενον
654 2713 846 2781 λέγων,
879 2714 912 2785 ἢ
944 2714 1121 2767 εἰδότα
1154 2713 1247 2768 καὶ
1270 2713 1605 2782 πεποιηκότα
1638 2714 1711 2784 μὴ
1740 2711 1844 2777 ἐξω

266 2811 367 2879 τῆς
400 2811 540 2882 πρὸς
573 2810 637 2863 τὸ
677 2811 911 2881 πονηρὸν
941 2810 1116 2880 ὁρμῆς
1155 2804 1313 2862 εἶναι.
1348 2808 1459 2862 Καὶ
1486 2808 1595 2878 γὰρ
1642 2809 1757 2879 ᾔδει
1784 2809 1844 2861 τὸ

265 2903 554 2971 ἐσόμενον,
610 2902 706 2955 καὶ
750 2901 847 2972 τὴν
897 2902 1033 2972 πρὸς
1068 2902 1129 2954 τὸ
1174 2902 1454 2972 γινόμενον
1509 2901 1685 2971 ὁρμὴν
1743 2901 1843 2953 οὐκ

265 2991 558 3047 ἐκώλυσεν.
606 2992 729 3046 Ὀτι
786 2993 894 3063 γάρ
937 2994 1343 3065 ἐκτραπήσεται
1388 2994 1482 3047 τοῦ
1530 2995 1735 3064 ἀγαθοῦ
1782 2998 1843 3050 τὸ

265 3082 635 3152 ἀνθρώπινον,
677 3084 775 3136 οὐκ
819 3084 1082 3154 ἠγνόησεν
1122 3086 1151 3136 ό
1199 3086 1373 3138 πάντα
1420 3087 1839 3157 ἐμπερικρατῶν

1953 1986 2265 2055 pationibus
2297 1994 2517 2054 propter
2559 1992 2862 2053 peccatum,
2900 1995 2957 2036 ut
2988 1984 3181 2037 alicubi
3216 1983 3348 2037 dicit
3394 1999 3525 2052 pro-

1950 2077 2155 2145 phetia,
2206 2084 2430 2147 propter
2469 2077 2715 2129 intimam
2765 2076 2911 2129 illam
2962 2091 3085 2128 cum
3136 2085 3358 2144 peccato
3392 2090 3523 2127 con-

1946 2168 2305 2238 junctionem,
2370 2168 2685 2222 necessario
2743 2176 3163 2236 consequuntur
3217 2166 3521 2219 ineiiabilcs

1948 2262 2169 2331 quidam
2195 2260 2411 2315 dolores
2442 2268 2496 2314 et
2528 2260 2957 2330 inexplicabiles,
3008 2259 3099 2328 qui
3130 2274 3282 2327 aeque
3320 2258 3422 2311 dici
3457 2274 3521 2310 ac

1948 2350 2205 2419 explicari
2242 2365 2349 2403 non
2383 2357 2632 2419 possunt,
2680 2356 2842 2417 atque
2871 2356 3066 2400 natura
3098 2348 3363 2400 bonorqu
3399 2362 3521 2415 qua:

1948 2450 2257 2511 sperantur.
2290 2440 2425 2494 Nam
2463 2456 2638 2511 neque
2680 2441 2797 2495 haec
2844 2456 3023 2509 neque
3071 2441 3161 2493 illa
3194 2448 3322 2493 sunt
3374 2438 3521 2505 ejus-

1947 2534 2115 2597 modi,
2150 2544 2210 2588 ut
2239 2534 2454 2590 dicendi
2488 2535 2717 2590 facultas
2750 2544 2841 2589 aut
2887 2534 3203 2601 conjectura
3255 2532 3422 2585 animi
3454 2549 3516 2583 ea

1947 2628 2121 2697 possit
2152 2627 2391 2696 assequi.
2422 2626 2478 2679 Si
2509 2627 2799 2696 quisquam
2831 2641 2961 2695 ergo
2994 2626 3057 2678 ad
3094 2624 3252 2677 finem
3300 2624 3517 2677 intuea-

1945 2725 2036 2771 tur
2065 2718 2364 2787 sapientize,
2398 2732 2517 2787 qua:
2545 2716 2895 2771 administrat
2925 2715 3363 2778 universitatem,
3408 2729 3516 2767 non

1945 2812 2134 2881 utique
2184 2811 2465 2865 hominum
2517 2809 2764 2879 Opiﬁcem
2815 2809 3081 2863 malorum
3130 2819 3408 2862 auctorem
3454 2824 3517 2862 ac

1944 2919 2165 2959 causam
2187 2914 2406 2975 propter
2428 2904 2682 2973 pusillum
2710 2910 2764 2956 et
2790 2903 3060 2971 abjectum
3094 2916 3253 2956 suum
3276 2902 3515 2955 animum

1939 2994 2064 3062 jure
2093 2995 2473 3059 nominaverit,
2508 2994 2802 3048 autdicens
2821 3010 2943 3048 eum
2965 2994 3213 3063 ignorare
3236 2995 3509 3048 futurum:

1945 3095 2039 3139 aut
2075 3087 2118 3140 si
2152 3088 2372 3141 sciverit
2404 3099 2457 3141 et.
2485 3087 2691 3152 fecerit,
2736 3102 2844 3140 non
2877 3102 2998 3141 esse
3026 3100 3290 3141 remotum
3328 3104 3355 3141 a
3387 3090 3513 3142 mali

264 3178 327 3243 τῇ
382 3177 721 3246 προορατικῇ
776 3175 1032 3246 δυνάμει,
1096 3177 1189 3230 καὶ
1239 3176 1299 3230 τὸ
1342 3178 1539 3249 ἐφεξῆς
1581 3178 1656 3248 τῷ
1696 3197 1836 3251 παρ-

1945 3181 2295 3248 appctitione,
2358 3189 2413 3233 et
2474 3180 2538 3233 ad
2602 3180 2780 3249 ipsum
2847 3180 3229 3249 propensione.
3298 3179 3515 3235 Sciebat

266 3266 501 3335 ῳχηκότι
542 3266 754 3336 βλέπων
791 3266 930 3319 κατά
963 3268 1021 3320 τὸ
1048 3261 1184 3320 ἴσον.
1220 3268 1359 3320 Ἀλλ’
1394 3268 1580 3339 ὥσπερ
1606 3270 1705 3341 τὴν
1736 3288 1839 3325 πα-

1944 3272 2086 3326 enim
2136 3271 2401 3336 futurum,
2457 3282 2510 3326 et
2558 3287 2663 3326 non
2719 3273 2999 3343 prohibuit
3040 3291 3156 3328 eam
3194 3291 3312 3342 quae
3351 3275 3417 3327 ad
3458 3273 3509 3327 id

268 3354 543 3425 ρατροπὴν
575 3355 867 3419 ἐθεάσατο,
903 3354 1043 3408 οὕτω
1072 3357 1165 3409 καὶ
1208 3357 1307 3425 τὴν
1335 3356 1630 3427 ἀνάκλησιν
1672 3357 1836 3412 αὐτοῦ

267 3446 424 3499 πάλιν
460 3448 563 3516 τὴν
601 3446 739 3515 πρὸς
770 3447 831 3499 τὸ
860 3446 1061 3515 ἀγαθὸν
1098 3448 1414 3515 κατενόησε.
1447 3449 1511 3501 Τί
1558 3446 1652 3502 οὖν
1677 3450 1837 3521 ἀμει-

266 3554 351 3588 νον
377 3534 490 3607 ἦνς
544 3536 773 3590 καθόλου
821 3536 896 3607 μὴ
936 3538 1163 3605 ἀγαγεῖν
1204 3537 1303 3607 τὴν
1351 3537 1510 3605 φύσιν
1559 3538 1716 3608 ἡμῶν
1758 3542 1837 3603 είς

265 3627 511 3691 γένεσιν,
586 3627 773 3697 ἐπειδὴ
819 3626 912 3679 τοῦ
964 3627 1128 3680 καλοῦ
1193 3628 1655 3699 διαμαρτήσεσθαι
1707 3647 1837 3699 πρ⁰’

268 3714 409 3787 εὼρα
452 3718 514 3770 τὸ
556 3720 941 3787 γενησόμενον,
989 3718 1022 3787 ἢ
1070 3718 1345 3786 ἀγαγόντα
1390 3720 1481 3771 καὶ
1513 3720 1835 3790 νενοσηκότα

268 3810 423 3862 πάλιν
455 3811 594 3881 πρὸς
640 3811 739 3880 τὴν
772 3809 831 3873 ἐξ
871 3811 1045 3880 ἀρχῆς
1078 3810 1237 3880 χάριν
1268 3811 1733 3878 ἀνακαλέσασθαι;
1763 3812 1834 3864 Τὸ

268 3900 319 3951 δὲ
364 3900 450 3953 διὰ
493 3902 595 3963 τάς
649 3900 966 3969 σωματικάς
1025 3902 1353 3971 ἀλγηδόνας,
1405 3903 1459 3955 αἳ
1509 3902 1587 3972 τῷ
1626 3902 1834 3973 ρευστῷ

268 3990 363 4059 τῆς
415 3992 633 4059 φύσεως
678 3992 797 4045 κατ’
845 3991 1090 4061 ἀνάγκην
1120 3993 1601 4063 ἐπιωμόαίνουσι,
1648 3994 1834 4047 κακῶν

272 4079 491 4149 ποιητὴν
530 4080 621 4131 τὸν
665 4079 797 4131 Θεὸν
834 4078 1150 4147 ὀνομάζειν,
1187 4078 1220 4147 ἢ
1270 4079 1402 4147 μηδὲ
1442 4080 1578 4142 ὅλως
1622 4080 1833 4150 ἀνθρώ-

271 4184 367 4218 που
398 4168 625 4237 κτίστην
658 4168 818 4220 αὑτὸν
848 4166 1085 4227 οἴεσθαι,
1130 4166 1205 4229 ὼς
1237 4166 1303 4219 ἂν
1334 4167 1408 4237 μὴ
1455 4168 1547 4219 καὶ
1588 4167 1696 4220 τῶν
1740 4167 1835 4220 ἀλ-

268 4258 529 4322 γυνόντων
550 4260 701 4329 ἡμᾶς
726 4259 901 4321 αἴτιος
922 4258 1200 4311 ὑπονοοῖτο
1220 4298 1233 4320 ,
1276 4258 1433 4311 τοῦτο
1461 4259 1559 4329 τῆς
1598 4260 1833 4329 ἐσχάτης

270 4349 627 4419 μικροψυχίας
662 4350 779 4401 ἐστὶ
817 4349 925 4401 τῶν
953 4350 1018 4417 τῇ
1052 4347 1297 4418 αἰσθήσει
1328 4348 1388 4401 τὸ
1417 4349 1580 4401 καλὸν
1636 4350 1731 4402 καὶ
1772 4350 1833 4402 τὸ

269 4441 428 4492 κακὸν
472 4441 886 4511 διακρινόντων,
937 4441 985 4492 οἳ
1025 4442 1124 4493 οὐκ
1166 4439 1374 4501 ἴσασιν,
1430 4441 1511 4492 ὅτι
1544 4442 1721 4493 ἐκεῖνο
1764 4444 1830 4511 τῇ

1939 3361 2082 3431 quod
2116 3360 2171 3414 fit
2199 3373 2316 3415 erat
2351 3361 2770 3430 propensionem
2797 3374 2849 3415 et
2882 3362 3309 3416 inclinationem.
3354 3361 3511 3428 Quod

1936 3451 2078 3502 enim
2107 3465 2137 3502 a
2169 3450 2311 3503 bono
2340 3453 2499 3503 homo
2532 3459 2674 3504 esset
2701 3450 3049 3515 avertendus,
3098 3468 3205 3505 non
3237 3452 3506 3520 ignoravit

1936 3542 2027 3611 qui
2060 3544 2241 3596 omnia
2282 3558 2382 3596 suo
2410 3542 2691 3596 dominatu
2726 3544 2987 3602 continet.
3042 3560 3138 3598 sua
3180 3544 3507 3613 praevidendi

1933 3635 2133 3687 virtute
2162 3650 2313 3704 aeque
2341 3636 2557 3688 intuens
2583 3633 2635 3687 id
2665 3635 2807 3703 quod
2840 3636 3095 3704 deinceps
3121 3644 3205 3689 est
3233 3635 3504 3697 futurum,

1936 3735 2097 3795 atque
2125 3726 2177 3779 id
2213 3727 2354 3795 quod
2389 3736 2471 3781 est
2500 3728 2848 3796 prteteritum.
2895 3727 2998 3780 Sed
3051 3727 3324 3794 quomodo
3373 3726 3508 3779 vidit

1935 3817 2313 3871 aversionem:
2367 3818 2437 3871 ita
2484 3820 2645 3871 etiam
2678 3834 2871 3872 rursus
2902 3820 3227 3886 excogitavit
3270 3818 3389 3884 ejus
3436 3817 3501 3869 ad

1937 3908 2135 3962 bonum
2178 3910 2596 3964 revocationem.
2643 3908 2782 3975 Quid
2826 3924 2957 3975 ergo
3004 3917 3119 3961 erat
3163 3910 3377 3969 melius,
3435 3924 3503 3961 an

1936 4010 2177 4054 nostram
2208 4008 2457 4054 naturam
2493 4017 2600 4054 non
2639 4002 2862 4053 omnino
2900 4000 2964 4053 ad
3002 4008 3179 4052 ortum
3212 4000 3502 4064 deducere,

1934 4091 2190 4159 quoniam
2226 4091 2446 4145 videbat
2481 4090 2719 4144 futurum
2762 4100 2819 4144 ut
2849 4107 2877 4143 a
2908 4092 3051 4143 bono
3084 4093 3397 4144 aberraret:
3434 4106 3501 4144 an

1934 4195 2055 4233 cum
2089 4182 2399 4237 aberrasset
2436 4190 2488 4237 et
2524 4183 2713 4237 morbo
2764 4185 3085 4245 laborasset,
3144 4200 3400 4239 revocare
3436 4184 3504 4238 ad

1934 4273 2161 4339 gratiam
2185 4289 2345 4341 quam
2381 4275 2569 4327 habuit
2601 4276 2669 4329 ab
2701 4276 2888 4329 initio?
2936 4275 3162 4344 Propter
3187 4277 3499 4345 corporales

1935 4368 2115 4414 autem
2147 4361 2385 4425 dolores,
2426 4365 2517 4432 qui
2555 4364 2713 4418 llum:
2763 4375 2969 4417 naturae
3008 4366 3317 4420 necessario
3360 4367 3504 4419 acci-

1935 4449 2089 4512 dunt,
2123 4449 2291 4504 Deum
2332 4453 2616 4507 nominare
2648 4455 2912 4508 malorum
2941 4455 3271 4522 effectorem,
3312 4464 3405 4509 aut
3435 4471 3505 4510 ne

269 4530 419 4596 φύσει
466 4533 624 4602 μόνον
658 4533 803 4584 ἐστὶν
855 4532 1086 4599 ἀγαθὸν,
1131 4527 1191 4585 οὗ
1230 4533 1263 4601 ὴ
1314 4531 1560 4602 αἴσθησις
1611 4532 1708 4586 οὐκ
1741 4533 1831 4601 ἐφ-

1944 4541 2163 4595 omnino
2178 4544 2394 4611 quidem
2427 4561 2549 4599 eum
2577 4546 2889 4601 existimare
2915 4547 3150 4602 hominis
3176 4556 3499 4611 creatorem,

271 4622 489 4675 ἅπτεται
510 4641 523 4653 ·
550 4624 644 4677 καὶ
674 4624 833 4693 μόνον
874 4626 1049 4677 ἐκεῖνο
1076 4624 1265 4688 κακὸν,
1304 4625 1336 4692 ἡ
1377 4623 1468 4676 τοῦ
1495 4624 1699 4691 ἀγαθοῦ
1735 4624 1830 4677 ἀλ-

269 4713 560 4784 λοτρίωσις.
614 4717 803 4778 Πόνοις
836 4716 894 4768 δὲ
936 4716 1030 4769 καὶ
1070 4716 1284 4785 ἡδοναῖς
1322 4715 1385 4767 τὸ
1434 4716 1597 4769 καλὸν
1635 4716 1729 4769 καὶ
1768 4716 1829 4769 τὸ

270 4807 428 4858 κακὸν
470 4809 678 4879 κρίνειν
712 4808 811 4877 τῆς
849 4809 1043 4876 ἀλόγου
1095 4808 1308 4878 φύσεως
1360 4807 1486 4860 ἴδιόν
1526 4811 1705 4874 ἐστιν,
1744 4810 1829 4877 ἐφ’

268 4888 337 4947 ὢν
357 4898 444 4951 τοῦ
478 4900 691 4969 ἀληθῶς
718 4900 883 4954 καλοῦ
916 4903 949 4971 ἡ
992 4901 1349 4969 κατανόησις,
1378 4900 1464 4953 διὰ
1497 4901 1557 4953 τὸ
1599 4901 1672 4972 μὴ
1705 4918 1830 4971 μετ-

271 4987 404 5056 έχειν
424 4992 561 5045 αὐτά
581 4992 674 5045 νοῦ
695 4994 787 5046 καὶ
812 4992 1068 5057 διανοίας,
1092 4992 1271 5063 χώραν
1293 4992 1391 5044 οὐκ
1417 4992 1548 5062 ἔχει.

270 5078 359 5134 lud
416 5086 635 5143 malum.

1936 4648 2003 4685 ne
2034 4642 2323 4689 censeatur
2356 4652 2477 4691 esse
2507 4652 2674 4691 causa
2705 4645 2759 4691 et
2804 4647 2997 4692 auctor
3032 4654 3217 4692 eorum
3250 4654 3370 4707 quae
3403 4653 3502 4692 no-

1933 4725 2016 4778 bis
2051 4725 2291 4781 dolorem
2337 4728 2587 4793 afferunt,
2625 4729 2727 4782 hoc
2769 4740 2855 4785 est
2898 4731 3056 4799 plane
3099 4729 3279 4797 pusilli
3319 4736 3373 4782 et
3406 4729 3503 4783 ab-

1926 4815 2057 4882 jecti
2086 4817 2251 4870 animi
2280 4832 2467 4873 eorum
2497 4818 2589 4887 qui
2619 4834 2784 4872 sensu
2816 4819 3018 4871 bonum
3047 4827 3099 4871 et
3127 4818 3325 4870 malum
3358 4817 3503 4884 diju-

1931 4905 2136 4969 dicant,
2171 4908 2261 4976 qui
2307 4910 2558 4963 nesciunt
2602 4910 2747 4978 quod
2782 4910 2912 4963 illud
2961 4910 3133 4964 solum
3185 4917 3267 4963 est
3298 4908 3501 4963 bonum

1933 5004 2149 5059 natura.
2191 5002 2332 5068 quod
2364 5017 2557 5057 sensus
2583 5017 2691 5055 non
2723 5001 2973 5070 attingit;
3016 5010 3070 5056 et
3113 5001 3284 5056 solum
3320 5008 3404 5056 est
3438 5003 3506 5055 il-

722 5086 791 5140 ab
839 5100 905 5140 eo
952 5085 1096 5156 quod
1146 5093 1231 5141 est
1277 5102 1468 5140 verum
1518 5085 1866 5140 abalienatio.
1906 5086 2213 5147 Laboribus
2273 5102 2533 5149 autemet
2563 5096 2932 5163 voluptatibus
2972 5094 3271 5162 dijudicare
3298 5095 3501 5149 bonum

271 5184 319 5229 et
354 5178 545 5232 malum
597 5188 680 5235 est
725 5181 1003 5251 proprium
1046 5189 1256 5235 natura:
1309 5182 1538 5237 rationis
1588 5183 1829 5252 expertis
1890 5184 1945 5239 in
1991 5177 2190 5257 quibus
2255 5189 2432 5243 locum
2488 5205 2598 5244 non
2650 5190 2813 5245 habet
2872 5190 2987 5245 veri
3029 5190 3157 5243 boni
3209 5190 3500 5258 cogitatio,

269 5276 540 5339 propterea
559 5274 702 5343 quod
720 5290 782 5327 ea
804 5283 979 5329 mente
1003 5285 1224 5329 careant
1260 5282 1314 5330 et
1338 5277 1717 5347 intelligentia.

343 5364 471 5418 Ἀλλ’
500 5368 579 5420 ὅτι
613 5368 711 5437 μὲν
735 5366 869 5421 Θεοῦ
896 5368 1053 5438 ἔργον
1080 5370 1108 5421 ὁ
1133 5368 1413 5439 ἄνθρωπος
1453 5370 1615 5424 καλόν
1645 5388 1705 5423 τε
1735 5371 1827 5425 καὶ

268 5452 354 5505 ὲτὶ
382 5457 679 5521 καλλίστοις
717 5460 1037 5528 γενόμενον,
1072 5460 1131 5511 οὐ
1172 5458 1328 5529 μόνον
1363 5461 1428 5514 ὲκ
1463 5460 1573 5514 τῶν
1603 5461 1826 5533 εἰρημέ-

270 5559 367 5597 νων
388 5546 536 5616 δῆλόν
567 5552 714 5603 ἐστιν
734 5589 748 5611 ,
778 5551 911 5603 ἀλλὰ
941 5552 1033 5605 καὶ
1062 5552 1126 5605 ὲκ
1162 5553 1367 5623 μυρίων
1400 5554 1623 5624 ἐτέρων,
1656 5548 1731 5608 ὧν
1762 5556 1823 5608 τὸ

272 5632 453 5703 πλῆθος
486 5638 572 5692 διὰ
600 5640 701 5711 τὴν
737 5640 1004 5711 ἀμετρίαν
1038 5642 1561 5714 παραδραμούμεθα.
1600 5646 1730 5699 Θεὸν
1762 5646 1818 5699 δὲ

342 5809 557 5870 'latth.
590 5832 666 5880 Ix,
708 5817 803 5885 19.;
833 5817 996 5874 Marc.
1033 5836 1093 5885 ιι,
1138 5820 1225 5884 1“ῑ;
1264 5818 1393 5874 Luc.
1426 5837 1479 5885 ν,
1520 5820 1607 5874 5|.

2002 5369 2109 5424 Sed
2146 5368 2290 5439 quod
2318 5368 2480 5426 homo
2511 5367 2727 5437 quidem
2759 5366 3044 5436 pulchrum
3073 5366 3144 5419 sit
3182 5378 3245 5417 ac
3275 5364 3503 5432 praecla-

1929 5477 2049 5516 rum
2087 5459 2178 5515 Dei
2205 5476 2363 5531 opus.
2398 5458 2710 5527 factumque
2742 5457 2807 5510 ad
2839 5472 2902 5511 ea
2933 5470 3055 5525 quae
3093 5461 3221 5509 sunt
3245 5452 3500 5522 pulcher-

1928 5556 2066 5608 rima
2093 5561 2147 5609 ct
2176 5553 2401 5622 optima,
2453 5568 2559 5607 non
2612 5550 2786 5605 solum
2821 5566 2885 5604 ex
2919 5550 2985 5603 iis
3015 5562 3137 5619 qua:
3173 5545 3317 5599 dicta
3348 5551 3494 5607 sunt,

1923 5654 2008 5703 est
2036 5646 2409 5719 perspicuum,
2432 5645 2526 5701 scd
2554 5643 2717 5699 etiam
2744 5658 2806 5698 ex
2834 5642 2957 5697 aliis
2981 5636 3499 5702 innumerabilibus.
