4066 6374
490 369 560 422 εο
1730 374 1788 430 S.
1820 370 2151 429 GREGORII
2186 370 2478 426 NYSSENI
3680 380 3748 433 ω

495 509 729 561 quorum
786 494 1263 564 prmtermittemus
1321 495 1749 559 multitudinem,
1815 494 1961 565 quod
2024 493 2077 546 id

2185 493 2464 565 ἀνθρώπου
2498 497 2729 568 ποιητὴν
2769 497 3169 568 ὀνομάσαντες,
3209 496 3308 550 ούκ
3352 496 3752 569 ἐπιλελήσμεθα

495 595 641 642 esset
692 586 985 642 inﬁnitum.
1038 584 1175 638 Cum
1223 584 1393 639 Deum
1446 596 1625 640 autem
1678 592 1975 641 creatorem
2023 590 2077 637 et

495 678 810 733 effectorem
849 677 1274 741 nominavimus,
1326 690 1432 730 non
1462 676 1616 730 obliti
1662 690 1853 730 sumus
1885 688 2075 729 eorum

496 784 619 839 quae
653 770 706 822 in
740 767 1004 837 proaamio
1036 768 1271 821 scrutati
1320 782 1511 821 sumus
1541 766 1804 822 adversus
1832 764 2074 830 Graecos,

498 861 553 913 in
582 860 780 929 quibus
809 870 1091 914 osuensum
1123 866 1208 912 est
1236 857 1329 912 Dei
1357 858 1619 923 Verbum,
1650 873 1774 912 cum
1797 859 1869 912 sit
1892 872 2076 912 essen—

502 952 629 1007 tiale
661 960 716 1006 et
744 952 1075 1015 consistens,
1119 952 1295 1020 ipsum
1322 965 1443 1005 esse
1470 959 1523 1004 et
1545 951 1710 1005 Deum
1737 957 1792 1005 et
1813 948 2073 1017 Verbum,

502 1058 567 1099 ac
609 1043 878 1098 rationem
918 1058 1040 1112 quae
1075 1042 1359 1112 complexa
1402 1051 1486 1097 est
1532 1056 1749 1096 omnem
1798 1041 1907 1095 vim
1952 1040 2075 1096 effi-

502 1138 760 1199 cientem,
792 1136 873 1191 vel
908 1150 1029 1204 quae
1054 1134 1237 1204 potius
1264 1141 1349 1189 est
1391 1134 1509 1203 ipsa
1538 1148 1636 1203 per
1673 1149 1732 1189 se
1762 1133 1847 1188 vis
1876 1146 1941 1187 ac
1967 1133 2078 1187 vir-

502 1238 616 1292 tus,
640 1235 694 1283 et
718 1242 839 1297 quae
864 1233 1057 1295 suapte
1078 1225 1443 1295 propensione
1469 1240 1531 1279 ac
1554 1225 1884 1294 appetitione
1904 1223 2078 1279 fertur

501 1317 569 1371 ad
598 1332 759 1372 omne
782 1317 1009 1380 bonum,
1043 1324 1099 1369 et
1134 1314 1397 1384 quidquid
1425 1315 1679 1377 voluerit,
1709 1315 1870 1370 simul
1894 1313 2075 1381 ellicit,

504 1409 648 1478 quod
666 1423 792 1463 cum
817 1409 1095 1461 voluntate
1122 1406 1380 1460 virtutem
1408 1405 1605 1461 habeat
1624 1414 2073 1460 concurrentem:

502 1501 661 1570 cujus
691 1508 745 1555 et
771 1499 1026 1553 voluntas
1056 1506 1111 1553 et
1139 1513 1279 1568 opus
1307 1505 1393 1551 est
1422 1513 1611 1553 eorum
1643 1514 1765 1567 qua:
1791 1506 1919 1553 sunt
1944 1498 2075 1562 vita,

503 1606 534 1644 a
567 1606 677 1661 quo
720 1590 883 1643 etiam
930 1589 1093 1642 homo
1139 1587 1410 1643 deductus
1451 1596 1535 1642 est
1566 1587 1635 1641 ad
1667 1588 1851 1647 vitam,
1892 1586 2075 1641 divine

503 1689 730 1735 ornatus
776 1681 938 1735 rebus
984 1679 1239 1735 omnibus
1283 1680 1508 1749 optimis
1564 1694 1628 1733 ac
1672 1678 2072 1749 pulcherrimis.

504 1771 771 1839 Quoniam
808 1779 987 1825 autem
1033 1771 1208 1825 solum
1242 1778 1328 1824 est
1362 1770 1699 1824 inalterabile
1740 1785 1804 1824 ex
1858 1770 1926 1823 iis
1955 1784 2077 1838 qure

506 1872 636 1918 sunt
669 1870 863 1916 natura
896 1860 949 1914 id
980 1859 1128 1930 quod
1158 1876 1254 1929 per
1284 1861 1614 1916 creationem
1643 1874 1751 1913 non
1783 1858 1945 1913 habet
1965 1859 2073 1913 ori-

506 1956 724 2026 ginem;
774 1966 1115 2021 quaecunque
1161 1958 1340 2005 autem
1387 1950 1456 2005 ab
1488 1951 1729 2005 increata
1771 1958 1966 2003 natura
2013 1964 2077 2003 ex

506 2062 575 2103 eo
598 2046 744 2115 quod
773 2059 881 2098 non
903 2052 1042 2106 erat,
1068 2044 1453 2105 constiterunt,
1489 2058 1612 2097 cum
1643 2042 1827 2098 statim
1878 2056 1909 2095 a
1944 2057 2077 2097 con-

505 2138 761 2193 versione
790 2151 912 2189 esse
938 2133 1224 2204 creperint,
1254 2148 1471 2203 semper
1499 2133 1800 2203 procedunt
1831 2147 1928 2203 per
1952 2132 2081 2187 alte-

506 2228 811 2291 rationem;
843 2232 897 2280 et
924 2226 971 2280 si
1007 2232 1168 2295 agant
1187 2224 1444 2294 quiddam
1480 2224 1781 2280 secundum
1807 2233 2081 2290 naturam,

508 2319 576 2373 ad
611 2318 664 2371 id
688 2317 832 2387 quod
872 2323 959 2371 est
985 2316 1181 2370 melius
1213 2315 1293 2370 eis
1326 2330 1539 2383 semper
1582 2316 1638 2367 lit
1682 2313 1946 2379 mutatio;
1995 2314 2081 2368 sin

508 2424 540 2463 a
569 2418 719 2463 recta
747 2406 1086 2469 deﬂexerint,
1117 2407 1211 2476 qui
1244 2407 1299 2459 fit
1329 2406 1397 2459 ad
1429 2407 1766 2460 contrarium
1801 2412 1983 2459 motus
2017 2418 2082 2458 ea

508 2515 722 2568 semper
777 2500 1013 2566 excipit;
1071 2513 1194 2553 cum
1244 2513 1375 2567 ergo
1427 2498 1481 2550 in
1540 2498 1624 2552 his
1672 2512 1892 2567 quoque
1939 2504 2082 2551 esset

510 2592 695 2653 homo,
734 2590 820 2643 cui
852 2599 1063 2643 natura:
1102 2588 1437 2643 mutabilitas
1464 2588 1673 2657 dilapsa
1703 2597 1821 2643 erat
1852 2587 1917 2641 ad
1948 2602 2082 2641 con-

507 2682 775 2735 trarium:
809 2696 839 2733 a
866 2680 1025 2734 bonis
1060 2688 1243 2735 autem
1275 2695 1527 2735 recessus
1567 2688 1621 2734 ct
1662 2695 1692 2733 a
1727 2678 2083 2748 consequenti

507 2787 670 2825 omne
693 2785 864 2840 genus
893 2768 1018 2822 mali
1047 2770 1351 2834 induceret,
1384 2771 1519 2824 adeo
1538 2780 1595 2823 ut
1621 2786 1717 2840 per
1743 2771 2083 2826 eversionem

508 2864 731 2934 quidem
767 2880 797 2917 a
828 2863 957 2929 vita,
992 2862 1113 2932 ejus
1160 2862 1285 2915 loco
1311 2875 1460 2916 mors
1486 2861 1824 2923 succederet,
1856 2878 1951 2933 per
1973 2863 2084 2932 pri-

510 2954 785 3009 vationem
811 2962 991 3008 autem
1014 2953 1177 3017 lucis,
1216 2953 1489 3017 tenebrae;
1520 2968 1617 3023 pro
1640 2955 1883 3009 absentia
1901 2963 2082 3009 autem

510 3046 751 3110 virtutis,
787 3046 1138 3100 inveheretur
1171 3044 1403 3100 vitium:
1451 3044 1508 3097 in
1538 3045 1716 3098 locum
1752 3054 1933 3101 autem
1968 3061 2086 3099 om-

2175 584 2284 638 τῶν
2321 586 2379 639 ἐν
2407 586 2485 657 τῷ
2512 589 2783 660 προοιμίῳ
2817 590 2953 661 πρὸς
2990 591 3115 652 τοὺς
3152 589 3418 659 Ἕλληνας
3450 593 3580 661 ἡμῖν
3610 591 3751 645 διευ·

2176 676 2574 747 κρινηθέντων,
2620 682 2678 733 ὲν
2720 677 2800 743 οἷς
2828 679 3181 734 ἀπεδείκνυτο
3213 680 3243 733 ὁ
3286 679 3378 733 τοῦ
3412 680 3547 734 Θεοῦ
3580 682 3752 750 Λόγος

2175 766 2442 839 ούσιώδης
2484 787 2568 834 τις
2596 773 2692 824 καὶ
2732 772 3093 835 ὲνυπόστατος
3125 772 3221 839 ὢν,
3271 772 3434 837 αὐτὸς
3475 768 3615 827 εἴναι
3657 791 3755 827 και

2176 860 2309 925 Θεὸς
2335 864 2428 915 καὶ
2457 863 2649 932 Λόγος,
2684 867 2863 919 πᾶσαν
2889 863 3119 934 δύναμιν
3150 865 3436 936 ποιητικὴν
3468 866 3751 937 ἐμπεριει-

2176 950 2383 1022 ληφὼς,
2428 953 2626 1023 μᾶλλον
2669 953 2726 1007 δὲ
2771 954 3131 1025 αύτοδύναμις
3182 954 3279 1019 ὢν,
3330 958 3590 1028 καὶπρὸς
3640 960 3751 1011 πᾶν

2177 1042 2337 1115 ἔργον
2353 1044 2554 1113 ἀγαθὸν
2578 1045 2753 1117 ὁρμὴν
2779 1044 2938 1115 ἔχων,
2970 1045 3063 1098 καὶ
3089 1047 3196 1099 πᾶν
3222 1046 3250 1099 ὅ
3268 1045 3322 1099 τί
3344 1063 3448 1116 περ
3463 1047 3528 1100 ἂν
3548 1046 3752 1119 θελήσῃ

2177 1136 2683 1207 κατεργαζόμενος,
2733 1136 2811 1206 τῷ
2854 1136 3150 1207 σύνδρομον
3199 1136 3345 1207 ἔχειν
3391 1140 3457 1209 τῇ
3500 1138 3753 1208 βουλήσει

2176 1223 2276 1293 τὴν
2309 1225 2555 1296 δύναμιν,
2593 1218 2654 1279 οὗ
2684 1228 2777 1280 καὶ
2806 1225 3016 1295 θέλημα
3056 1226 3153 1281 καὶ
3193 1227 3353 1296 ἔργον
3380 1229 3526 1281 ἐστὶν
3570 1228 3605 1298 ἡ
3641 1229 3751 1281 τῶν

2177 1318 2345 1371 όντων
2376 1317 2509 1388 ζωὴ,
2546 1321 2673 1390 παρ’
2708 1313 2770 1371 οὗ
2796 1319 2891 1372 καὶ¹
2917 1322 2945 1373 ό
2976 1317 3259 1390 ἄνθρωπος
3289 1321 3369 1381 είς
3396 1320 3457 1373 τὸ
3483 1320 3581 1391 ζῇν
3612 1337 3754 1391 παρ-

2179 1406 2344 1477 ήχθη,
2378 1411 2513 1462 πᾶσι
2555 1410 2670 1472 τοῖς
2705 1407 3009 1470 καλλίστοις
3041 1405 3286 1470 θεοειδῶς
3317 1408 3749 1479 κεκοσμημένος.

2192 1497 2409 1564 Ἐπειδὴ
2441 1497 2497 1550 δὲ
2536 1497 2694 1566 μόνον
2735 1494 3087 1549 ἀναλλοίωτόν
3124 1496 3239 1546 ἐστι
3279 1494 3417 1546 κατά
3456 1494 3553 1564 τὴν
3590 1494 3753 1562 φύσιν

2178 1590 2240 1642 τὸ
2274 1591 2350 1660 μὴ
2382 1589 2469 1643 διὰ
2498 1589 2727 1653 κτίσεως
2751 1587 2872 1658 ἕχον
2902 1586 3000 1656 τὴν
3028 1585 3272 1654 γένεσιν,
3300 1586 3370 1638 τὰ
3394 1586 3450 1638 δὲ
3478 1585 3577 1639 ὅσα
3603 1585 3754 1656 παρά

2179 1682 2276 1752 τῆς
2300 1681 2555 1735 ἀκτίστου
2589 1681 2802 1750 φύσεως
2826 1683 2891 1736 ὲκ
2917 1680 3010 1735 τοῦ
3046 1680 3120 1750 μὴ
3156 1678 3307 1742 ὄντος
3333 1678 3561 1745 ὑπέστη,
3591 1678 3753 1742 εὐθὺς

2181 1773 2291 1827 ἀπὸ
2326 1771 2533 1843 τροπῆς
2562 1767 2698 1826 εἶναι
2730 1772 3029 1844 ἀρξάμενα,
3064 1771 3294 1824 πάντοτε
3324 1770 3390 1824 δι’
3417 1769 3755 1836 ἀλλοιώσεως

2181 1864 2461 1938 πρόεισιν·
2505 1865 2598 1917 καὶ
2626 1867 2674 1917 εί
2711 1865 2810 1934 μὲν
2848 1863 2989 1917 κατά
3022 1861 3182 1931 φύσιν
3226 1862 3488 1933 πράττοι,
3518 1862 3655 1932 πρὸς
3691 1863 3755 1916 τὸ

2181 1960 2428 2029 κρεῖττον
2450 1957 2632 2019 αὐτοῖς
2658 1957 2757 2026 τῆς
2786 1955 3120 2019 ἀλλοιώσεως
3148 1954 3323 2008 εἰσαεὶ
3352 1953 3639 2024 γινομένης
3658 1969 3671 1982 ·
3704 1955 3756 2006 εί

2180 2048 2238 2102 δὲ
2272 2049 2657 2121 παρατραπείη
2692 2051 2792 2119 τῆς
2825 2048 3058 2114 εὐθείας,
3100 2050 3200 2119 τῆς
3234 2047 3371 2120 πρὸς
3410 2046 3471 2099 τὸ
3510 2045 3758 2103 ἐναντίον

2183 2142 2323 2196 αὐτὰ
2369 2142 2753 2212 διαδεχομένης
2791 2142 3075 2212 κινήσεως.
3123 2139 3275 2193 Ἐπεὶ
3306 2135 3399 2193 οὖν
3443 2140 3502 2191 ὲν
3546 2137 3758 2200 τούτοις

2186 2235 2277 2287 καὶ
2318 2235 2347 2286 ό
2373 2233 2656 2305 ἄνθρωπος
2682 2228 2771 2303 ἦν,
2797 2224 2843 2300 ᾦ
2874 2232 2937 2284 τὸ
2965 2230 3199 2303 τρεπτδν
3240 2231 3337 2301 τῆς
3378 2230 3590 2300 φύσεως
3620 2229 3759 2301 πρὸς

2184 2326 2246 2379 τὸ
2285 2326 2524 2380 ἐναντίον
2574 2324 2944 2396 παρὼλισθεψ
2975 2323 3123 2390 ἅπαξ
3156 2323 3213 2377 δὲ
3252 2323 3351 2393 τῆς
3383 2322 3490 2375 τῶν
3535 2321 3759 2390 ἀγαθῶν

2183 2418 2584 2489 ἀναχωρήσεως
2614 2417 2681 2470 δι’
2707 2414 3002 2469 ἀκολούθου
3030 2417 3206 2468 πᾶσαν
3240 2414 3379 2468 ἰδέαν
3403 2412 3590 2467 κακῶν
3624 2414 3758 2466 ἀντ-

2184 2510 2530 2579 εισαγούσης,
2580 2509 2655 2573 ὡς
2685 2512 2750 2580 τῇ
2802 2509 2900 2579 μὲν
2932 2509 3248 2580 ἀποστροφῇ
3295 2508 3391 2576 τῆς
3438 2505 3581 2576 ζωῆς
3631 2506 3760 2557 ἀντ’

2186 2600 2503 2671 εισαχθῆναι
2532 2600 2624 2654 τὸν
2654 2601 2880 2654 θάνατον
2901 2639 2917 2663 ,
2950 2602 3017 2669 τῇ
3047 2598 3104 2651 δὲ
3145 2598 3395 2669 στερήσει
3425 2595 3520 2649 τοῦ
3556 2594 3757 2665 φωτὸς,

2187 2691 2529 2760 ἐπιγενέσθαι
2570 2691 2632 2744 τὸ
2662 2692 2884 2755 σκότος,
2915 2689 3070 2761 τῇδὲ
3113 2688 3212 2759 τῆς
3255 2688 3452 2760 ἀρετῆς
3496 2684 3757 2754 ἀπουσίᾳ,

2186 2786 2284 2856 τὴν
2315 2784 2513 2837 κακίαν
2539 2782 2955 2853 ἀντεισαχθῆναι
2975 2822 2989 2845 ,
3018 2780 3109 2835 καὶ
3138 2780 3285 2849 πάσῃ
3309 2780 3375 2849 τῇ
3402 2777 3512 2829 τῶν
3538 2774 3759 2843 ἀγαθῶν

2183 2876 2275 2929 τὸν
2299 2875 2406 2928 τῶν
2432 2875 2689 2929 ἐναντίων
2725 2872 3198 2944 καταριθμηθῆναι
3224 2870 3541 2937 κατάλογον·
3567 2867 3663 2921 τὸν
3697 2868 3761 2920 ἐν

2187 2966 2394 3028 τούτοις
2426 2965 2520 3018 καλ⁴
2561 2967 2672 3028 τοῖς
2702 2962 2960 3025 τοιούτοις
2992 2960 3051 3026 ἐξ
3077 2958 3331 3023 ἀϐουλίας
3363 2957 3761 3029 ἐμπεπτωκότα

2190 3058 2331 3127 (οὐδὲ
2353 3056 2460 3128 γὰρ
2483 3051 2549 3127 ἦν
2568 3054 2791 3109 δυνατὸν
2811 3055 2868 3106 ὲν
2895 3052 3155 3123 φρονήσει
3174 3045 3312 3105 εἶναι
3332 3050 3422 3103 τὸν
3445 3049 3763 3119 ἀπεστραμ-

512 3140 663 3192 nium
704 3138 973 3193 bonorum
1029 3136 1299 3192 referetur
1334 3151 1595 3191 numerus
1647 3137 2081 3191 CODlI‘ﬂI‘iOl‘UﬂI:

2195 3150 2354 3220 μένον
2383 3149 2481 3219 τὴν
2513 3147 2807 3219 φρόνησιν,
2837 3144 2932 3198 καί⁸
2961 3142 3120 3212 σοφόν
3151 3160 3205 3196 τι
3243 3140 3630 3211 βουλεύσασθαι
3669 3141 3763 3195 τὸν

509 3245 634 3284 eum
661 3231 752 3298 qui
787 3230 840 3281 in
895 3229 1009 3282 ba-c
1047 3236 1101 3283 et
1143 3242 1264 3297 qua:
1294 3236 1421 3284 sunt
1449 3226 1717 3296 ejusmodi
1751 3228 1894 3282 malo
1924 3236 2083 3297 capto

512 3321 789 3376 ceciderat
838 3320 1099 3387 consilio;
1162 3335 1342 3392 neque
1396 3320 1542 3376 enim
1598 3318 1715 3374 fieri
1762 3327 1973 3389 poterat
2025 3326 2082 3372 ut

512 3419 659 3468 esset
686 3411 741 3465 in
779 3413 1087 3482 prudentia,
1140 3413 1233 3482 qui
1274 3410 1617 3482 prudentiam
1652 3410 1830 3465 fuerat
1861 3425 2083 3466 aversa-

513 3510 624 3566 tus,
652 3518 828 3572 neque
861 3510 920 3557 ut
950 3504 1168 3571 sapiens
1210 3501 1417 3572 aliquid
1450 3502 1809 3565 consultaret,
1867 3501 1961 3571 qui
1991 3517 2082 3557 re-

511 3597 754 3644 cesserat
804 3604 835 3643 a
887 3590 1175 3659 sapientia,
1235 3605 1331 3659 per
1384 3604 1674 3660 quemnam
1713 3604 1909 3645 rursus
1958 3605 2084 3644 eum

511 3683 798 3750 oportebat
851 3684 1095 3737 revocari
1151 3682 1217 3737 ad
1267 3697 1387 3738 eam
1432 3697 1597 3753 quam
1647 3682 1801 3752 prius
1856 3682 2092 3739 habebat

512 3774 779 3843 gratiam?
817 3773 1049 3828 Cuinam
1095 3781 1276 3829 autem
1327 3774 1687 3830 conveniebat
1728 3774 1933 3828 erectio
1972 3774 2092 3843 ejus

509 3868 603 3938 qui
634 3867 927 3933 ceciderat,
969 3878 1061 3922 aut
1096 3868 1374 3923 revocatio
1406 3868 1528 3937 ejus
1569 3869 1661 3937 qui
1690 3867 1946 3937 perierat,
1997 3876 2092 3921 aut

513 3958 763 4014 reductio
812 3959 932 4028 ejus
964 3961 1056 4029 qui
1093 3960 1478 4014 aberraverat?
1506 3959 1630 4025 Cui,
1676 3960 1924 4026 inquam,
1972 3974 2091 4013 om-

512 4050 643 4104 nino
674 4051 787 4115 alii,
822 4066 985 4121 quam
1010 4051 1241 4106 Domino
1268 4053 1513 4107 naturae?
1548 4052 1601 4106 Is
1630 4052 1775 4107 enim
1810 4052 1963 4108 solus
1991 4055 2085 4122 qui

2188 3243 2287 3312 τῆς
2313 3241 2502 3309 σοφίας
2531 3238 2981 3311 ἀναχωρήσαντα)
3008 3234 3094 3289 διὰ
3123 3235 3264 3298 τίνος
3298 3233 3405 3287 ἔδει
3435 3235 3594 3288 πάλιν
3624 3232 3764 3304 πρὸς

2188 3332 2288 3401 τὴν
2323 3331 2383 3398 ἐξ
2412 3331 2585 3402 ἀρχῆς
2625 3328 2783 3399 χάριν
2830 3325 3232 3395 ἀνακληθῆναι;
3267 3323 3384 3376 Τίνι
3423 3323 3479 3375 δὲ
3524 3323 3764 3395 ἔπρεπεν

2190 3424 2224 3492 ἡ
2274 3422 2366 3475 τοῦ
2427 3421 2771 3483 πεπτωκότος
2820 3417 3116 3490 ἀνόρθωσις
3135 3455 3151 3482 ,
3192 3416 3228 3485 ή
3276 3413 3368 3467 τοῦ
3421 3412 3760 3476 ἀπολωλότος

2191 3514 2518 3585 ἀνάκλησις,
2548 3514 2584 3583 ἡ
2622 3510 2714 3564 τοῦ
2763 3507 3179 3579 πεπλανημένου
3223 3506 3586 3578 χειραγωγία;
3638 3504 3760 3557 Τίνι

2193 3605 2356 3675 ἄλλῳ,
2384 3603 2418 3673 ἢ
2447 3602 2525 3673 τῷ
2553 3601 2739 3674 Κυρίῳ
2776 3600 2993 3663 πάντως
3028 3599 3129 3669 τῆς
3158 3597 3370 3667 φύσεως
3394 3615 3409 3660 ;
3436 3597 3526 3666 Τῷ
3562 3595 3668 3666 γάρ
3700 3594 3763 3660 ἐξ

2189 3694 2363 3767 ἀρχῆς
2385 3696 2483 3762 τὴν
2511 3692 2656 3764 ζωὴν
2683 3691 2938 3745 δεδωκότι
2968 3690 3113 3761 μόνῳ
3136 3689 3360 3744 δυνατὸν
3389 3683 3480 3759 ἦν,
3509 3687 3603 3739 καὶ
3632 3683 3767 3757 πρέ-

2190 3802 2290 3839 πον
2320 3786 2454 3856 ἆμα,
2489 3786 2582 3840 καὶ
2621 3785 2997 3857 ἀπολλυμένην
3028 3783 3481 3840 ἀνακαλέσασθαι.
3516 3784 3581 3835 Ὃ
3611 3779 3765 3852 παρά

2195 3875 2290 3928 τοῦ
2323 3877 2623 3947 μυστηρίου
2645 3877 2743 3947 τῆς
2768 3876 3025 3948 ἀληθείας
3053 3876 3345 3946 ἀκούομεν,
3373 3873 3505 3927 θεὸν
3530 3888 3765 3941 πεποιη-

2188 3964 2343 4019 κέναι
2378 3964 2438 4030 ἐξ
2468 3965 2644 4037 ἀρχῆς
2687 3966 2778 4019 τὸν
2809 3965 3122 4037 ἄνθρωπον,
3171 3966 3267 4019 καὶ
3312 3962 3608 4018 σεσωκέναι
3642 3961 3763 4014 δια-

2194 4056 2519 4110 πεπτωκότα
2551 4056 2928 4127 μανθάνοντες.

512 4139 680 4193 vitam
751 4142 820 4196 ab
879 4142 1037 4197 initio
1098 4143 1325 4198 dederat
1385 4152 1620 4212 poterat,
1664 4159 1901 4214 eumque
1934 4145 2097 4201 simul
2133 4145 2384 4214 decebat,
2434 4150 2597 4203 etiam
2645 4156 2961 4219 pereuntem
3015 4161 3295 4204 revocare.
3335 4144 3491 4212 Quod
3540 4143 3763 4216 quidem

513 4233 768 4287 audimus
817 4248 847 4286 a
880 4235 1139 4305 mysterio
1169 4236 1437 4300 veritatis,
1480 4244 1539 4289 ut
1584 4235 1679 4305 qui
1724 4234 2001 4292 discamus
2027 4247 2083 4293 et
2120 4236 2291 4293 Deum
2322 4240 2391 4294 ab
2418 4239 2578 4295 initio
2608 4240 2806 4297 fecisse
2835 4238 3135 4304 hominem,
3168 4245 3224 4293 et
3256 4238 3487 4296 salutem
3551 4236 3603 4291 ei
3659 4232 3761 4289 de-

511 4325 660 4381 disse
685 4341 811 4379 cum
843 4327 1117 4396 periisset.

1123 4420 1353 4477 CAPUT
1388 4421 1474 4476 IX.

2792 4418 3041 4473 ΚΕΦΑΛ.
3070 4417 3146 4471 8’.

586 4511 693 4566 Sed
728 4512 993 4567 hactenus
1028 4513 1246 4582 quidem
1290 4514 1619 4569 assentietur
1652 4512 1793 4570 forte
1822 4513 2082 4581 orationi,

2253 4515 2412 4571 Ἀλλὰ
2441 4514 2599 4584 μέχρι
2629 4512 2726 4579 μὲν
2749 4509 2949 4563 τούτων
2978 4508 3300 4578 συνθήσεται
3321 4506 3479 4576 τυχὸν
3499 4506 3576 4577 τῷ
3597 4505 3763 4575 λόγῳ.

512 4606 786 4675 aSpiciens
841 4607 909 4660 ad
967 4606 1018 4660 id
1051 4605 1195 4676 quod
1253 4613 1338 4660 est
1388 4620 1752 4675 consequens,
1803 4615 2088 4675 propterea

508 4696 655 4767 quod
684 4696 819 4750 nihil
847 4711 1037 4751 eorum
1068 4712 1191 4766 qua:
1219 4696 1365 4750 dicta
1394 4704 1545 4760 sunt,
1576 4696 1827 4751 videatur
1850 4695 2087 4751 alienum

511 4789 585 4843 ab
612 4804 673 4844 ea
709 4804 828 4859 qua:
859 4789 1025 4843 Deum
1056 4788 1213 4843 decet
1251 4789 1510 4855 notione;
1553 4788 1611 4842 in
1658 4789 1728 4843 iis
1756 4799 1937 4843 autem
1967 4802 2091 4857 quae

515 4882 776 4950 deinceps
809 4888 1135 4949 sequuntur,
1186 4894 1295 4934 non
1338 4879 1551 4942 itidem,
1586 4894 1682 4948 per
1705 4894 1825 4948 qua:
1856 4878 2090 4932 maxime

510 4972 871 5025 conﬁrmatur
928 4973 1248 5041 mysterium
1301 4971 1568 5025 veritatis.
1603 4968 1680 5023 Ea
1727 4978 1909 5024 autem
1962 4976 2090 5024 sunt

514 5064 753 5118 humana
784 5066 1085 5133 generatio,
1134 5074 1188 5118 et
1226 5062 1296 5117 ab
1326 5060 1557 5117 infantia
1592 5060 1992 5115 incrementum
2022 5058 2090 5112 ad

512 5153 925 5223 perlectionem,
976 5155 1239 5221 cibusque
1269 5160 1323 5205 et
1363 5160 1546 5222 potus,
1582 5157 1637 5205 et
1664 5150 1823 5203 labor
1850 5156 1903 5202 et
1947 5162 2092 5203 som-

515 5263 643 5309 nus,
692 5245 957 5315 aegritudo
989 5252 1043 5298 et
1088 5245 1362 5313 lacrymze,
1411 5242 1686 5297 calumnia
1718 5249 1772 5296 et
1798 5240 2087 5309 judicium,

512 5354 652 5393 crux
696 5349 750 5393 et
800 5353 970 5402 mors,
1029 5337 1256 5406 ejusque
1296 5336 1563 5406 depositio
1616 5334 1671 5388 in
1714 5341 2087 5388 monumento.

516 5428 643 5483 Ilzec
676 5429 821 5483 enim
850 5428 1012 5484 simul
1049 5435 1333 5498 assumpta
1362 5443 1485 5483 cum
1512 5426 1795 5496 mysterio,
1834 5426 2092 5481 hebetant

514 5518 916 5584 quodammodo
958 5518 1117 5573 fidem
1172 5534 1359 5574 eorum
1389 5518 1482 5588 qui
1516 5524 1647 5572 sunt
1694 5516 1877 5587 pusilli
1912 5527 1966 5572 et
1998 5517 2093 5570 ab-

512 5609 640 5679 iecti
669 5610 856 5670 animi,
892 5617 952 5663 ut
981 5625 1080 5663 nec
1108 5625 1170 5664 ea
1201 5610 1421 5679 quidem
1455 5622 1578 5678 qua:
1605 5605 1867 5677 deinceps
1897 5608 2093 5663 dicun-

516 5709 607 5754 tur
664 5701 976 5764 admittant,
1016 5711 1329 5775 propterea
1369 5716 1489 5771 qnze
1532 5700 1685 5770 prius
1742 5698 1887 5753 dicta
1940 5709 2088 5754 sunt.

515 5794 646 5859 Qua:
667 5793 811 5848 enim
854 5792 1020 5849 Deum
1051 5794 1205 5848 decet
1240 5810 1305 5849 ex
1336 5792 1570 5848 mortuis
1598 5790 1951 5857 resurrectio,
1981 5806 2091 5848 non

2190 4608 2327 4681 πρὸς
2353 4606 2415 4660 τὸ
2439 4604 2727 4659 ἀκόλουθον
2760 4602 2970 4672 βλέπων
2990 4640 3005 4665 ,
3043 4600 3131 4654 διὰ
3171 4599 3233 4652 τὸ
3277 4598 3350 4670 μὴ
3379 4599 3553 4652 δοκεῖν
3580 4597 3682 4664 ἔξω
3710 4616 3763 4651 τι

2189 4700 2287 4769 τῆς
2326 4693 2663 4765 θεοπρεποῦς
2697 4692 2904 4755 ἐννοίας
2935 4690 3043 4744 τῶν
3087 4689 3391 4761 εἰρημένων
3422 4684 3581 4742 εἶναι·
3626 4689 3764 4760 πρὸς

2190 4790 2247 4842 δὲ
2273 4789 2341 4841 τὰ
2369 4787 2584 4857 ἑφεξῆς,
2616 4786 2715 4855 οὐχ
2739 4785 2937 4854 ὁμοίως
2958 4782 3088 4846 ἕξει,
3116 4782 3181 4836 δι’
3207 4776 3281 4835 ὧν
3307 4781 3539 4852 μάλιστα
3569 4780 3629 4833 τὸ
3659 4799 3764 4851 μυ-

2192 4882 2408 4952 στήριον
2453 4881 2553 4949 τῆς
2602 4878 2857 4948 ἀληθείας
2901 4878 3254 4947 κρατύνεται·
3301 4876 3512 4943 γένεσις
3552 4874 3765 4945 ἀνθρω-

2191 4973 2341 5042 πίνη,
2374 4971 2468 5025 καὶ
2497 4973 2562 5024 ἐκ
2590 4970 2783 5040 νηπίου
2812 4968 2947 5038 πρὸς
2976 4967 3251 5020 τελείωσιν
3282 4964 3525 5037 αὔξησις·
3561 4965 3763 5037 βρῶσίς

2190 5081 2250 5116 τε
2291 5063 2403 5117 καὶ”
2426 5064 2580 5125 πόσις
2600 5101 2614 5123 ,
2641 5062 2734 5114 καὶ
2768 5060 2954 5123 κόπος,
2986 5058 3078 5111 καὶ
3113 5056 3298 5121 ὕπνος,
3331 5058 3426 5110 καὶ
3461 5056 3627 5127 λύπη,
3670 5057 3766 5109 καὶ

2190 5154 2444 5225 δάκρυον,
2467 5153 2797 5220 συκοφαντία
2816 5169 2873 5204 τε
2891 5151 2984 5204 καὶ
3006 5150 3372 5219 δικαστήριον,
3391 5148 3487 5202 καὶ
3511 5147 3771 5219 σταυρὸς,

2193 5245 2286 5297 καὶ
2308 5243 2552 5305 θάνατος,
2578 5243 2671 5294 καὶ
2692 5244 2725 5311 ἡ
2745 5243 2803 5293 ὲν
2828 5240 3075 5311 μνημείῳ
3098 5238 3263 5302 θέσις.
3293 5237 3476 5291 Ταῦτα
3502 5236 3607 5308 γὰρ
3630 5253 3766 5307 συμ-

2194 5334 2728 5407 παραλαμϐανόμενα
2756 5333 2834 5403 τῷ
2880 5331 3184 5402 μυστηρίῳ,
3211 5330 3474 5400 ἀμϐλύνει
3508 5347 3622 5394 πως
3654 5329 3763 5383 τῶν

2196 5425 2670 5497 μικροψυχοτέρων
2698 5424 2796 5495 τὴν
2830 5424 3031 5486 πίστιν,
3062 5422 3137 5486 ὡς
3174 5422 3307 5493 μηδὲ
3339 5422 3400 5475 τὸ
3434 5422 3628 5491 ἐφεξῆς
3654 5420 3763 5473 τῶν

2192 5515 2497 5586 λεγομένων
2525 5514 2612 5567 διὰ
2637 5513 2705 5567 τὰ
2733 5512 3102 5584 προειρημένα
3131 5510 3660 5583 συμπαραδέχεσθαι.
3690 5511 3765 5563 Τὸ

2192 5606 2302 5676 γὰρ
2332 5604 2629 5676 θεοπρεπὲς
2661 5604 2758 5674 τῆς
2795 5604 2860 5654 ἐκ
2892 5601 3099 5672 νεκρῶν
3147 5600 3523 5665 ἀναστάσεως,
3571 5600 3657 5652 διὰ
3702 5600 3765 5652 τδ

2193 5697 2322 5767 περὶ⁵
2359 5695 2448 5749 τὸν
2493 5696 2719 5749 θάνατον
2768 5693 3011 5764 ἀπρεπὲς
3057 5693 3116 5745 οὐ
3173 5692 3477 5763 προσίεται.
3523 5690 3661 5758 Ἐγὼ
3706 5691 3763 5744 δὲ

2194 5789 2455 5860 πρότερον
2484 5783 2634 5858 οἶμαι
2664 5786 2771 5839 δεῖν
2805 5784 2996 5856 μικρὸν
3031 5784 3130 5855 τῆς
3164 5784 3433 5855 σαρκικῆς
3458 5784 3763 5857 παχύτητος
