4066 6374
247 394 313 449 ιι
1473 383 1739 440 ORATIO
1785 382 2293 438 CATECIIETICA.
3438 385 3507 439 Β

246 515 344 567 τδν
368 512 627 581 λογισμὸν
664 508 1101 578 ἀποστήσαντες,
1130 507 1263 561 αὐτὸ
1304 508 1365 561 τὸ
1402 508 1567 561 καλὸν
1596 510 1680 576 ἐφ’
1710 510 1829 561 ἑαυ-

1955 506 2244 558 ιιιιιιίιιίιιιι·
2293 511 2516 573 propter
2571 512 2800 557 mortem
2848 518 2969 573 quae
3023 518 3130 559 non
3172 502 3349 557 decet.
3399 502 3511 576 Ego

248 604 348 658 τοῦ
376 605 467 657 καὶ
492 602 551 653 τὸ
577 602 651 671 μὴ
674 598 913 652 τοιοῦτον
936 598 1289 668 κατανοῆσαι,
1313 598 1488 661 ποίοις
1511 598 1828 667 γνωρίσμα-

254 714 341 748 σιν
383 694 638 762 ἑκάτερον
681 689 885 742 τούτων
933 689 1428 758 καταλαμϐάνεται.
1479 688 1681 742 Οὐδένα
1723 688 1831 758 γὰρ

251 788 497 856 ἀντερεῖν
523 780 676 854 οἶμαι
717 782 825 834 τῶν
852 782 1269 852 λελογισμένων,
1301 783 1382 834 ὄτι
1420 781 1476 833 ἒν
1505 782 1644 834 κατὰ
1672 781 1831 850 φύσιν

255 880 417 949 μόνον
462 877 568 929 τῶν
614 877 832 929 πάντων
878 876 1023 928 ἐστὶν
1065 875 1310 945 αἰσχρὸν,
1354 875 1414 927 τὸ
1454 876 1595 927 κατά
1634 876 1831 928 κακίαν

253 968 453 1031 πάθος·
480 968 539 1020 τὸ
562 966 619 1019 δὲ
651 966 849 1029 κακίας
883 966 1057 1029 ἐκτὸς,
1091 966 1290 1029 παντὸς
1318 967 1536 1036 αίσχους
1562 966 1708 1018 ἐστὶν
1734 967 1831 1019 ἁλ-

252 1058 485 1128 λότριον.
519 1053 590 1127 ’ῼ
629 1057 687 1109 δὲ
717 1056 879 1125 μηδὲν
912 1055 1152 1108 ἐναντίου
1182 1056 1475 1125 μέμικται,
1507 1056 1664 1121 τοῦτο
1698 1058 1834 1110 πάν-

252 1166 364 1212 τως
392 1151 449 1201 ὲν
492 1152 557 1218 τῇ
589 1147 681 1200 τοῦ
711 1147 875 1200 καλοῦ
920 1148 1083 1219 μοίρᾳ
1122 1148 1617 1216 καταλαμϐάνεται.
1663 1150 1736 1201 Τὸ
1776 1150 1834 1202 δὲ

252 1241 474 1311 ἀληθῶς
506 1240 663 1293 καλὸν
684 1282 697 1304 ,
730 1240 930 1308 ἀμιγές
958 1242 1073 1292 ἐστι
1107 1240 1201 1292 τοῦ
1226 1241 1490 1293 ἐναντίου.
1525 1241 1731 1310 Πρέπει
1775 1241 1834 1294 δὲ

257 1333 337 1400 τῷ
360 1331 479 1401 Θεῷ
506 1333 612 1384 πᾶν
642 1333 669 1383 ὃ
688 1331 740 1383 τί
758 1349 863 1402 περ
891 1334 948 1385 ὲν
973 1335 1038 1402 τῇ
1066 1330 1159 1385 τοῦ
1177 1331 1341 1384 καλοῦ
1361 1331 1641 1401 θεωρεῖται
1658 1332 1830 1403 χώρᾳ.

264 1423 337 1475 Ἦ
371 1422 547 1473 τοίνυν
575 1420 904 1486 δειξάτωσαν
927 1421 1124 1473 κακίαν
1152 1416 1290 1472 εἶναι
1317 1420 1415 1490 τὴν
1446 1420 1717 1490 γέννησιν,
1739 1421 1837 1489 τὴν

259 1511 590 1581 ἀνατροφὴν,
631 1512 731 1581 τὴν
776 1509 1019 1579 αὔξησιν,
1067 1509 1164 1579 τὴν
1213 1510 1349 1580 πρὸς
1392 1509 1453 1562 τὸ
1495 1509 1696 1562 τέλειον
1740 1510 1837 1579 τῆς

261 1601 480 1670 φύσεως
514 1601 765 1670 πρόοδον,
816 1602 916 1670 τὴν
957 1601 1183 1654 θανάτου
1226 1603 1449 1672 πεῖραν,
1486 1600 1584 1671 τὴν
1630 1602 1695 1654 ἐκ
1743 1599 1837 1654 τοῦ

261 1688 498 1741 θανάτου
539 1689 831 1742 ἐπάνοδον·
871 1690 906 1758 ἢ
944 1690 992 1742 εἰ
1029 1688 1133 1753 ἔξω
1164 1688 1363 1751 κακίας
1400 1684 1538 1741 εἶναι
1582 1688 1650 1741 τὰ
1687 1691 1840 1759 εἰρη-

267 1782 402 1851 μένα
438 1781 795 1843 συντίθενται,
826 1782 976 1834 οὐδὲν
1005 1781 1227 1852 αἰσχρὸν
1257 1777 1394 1835 εἶναι
1425 1782 1486 1834 τὸ
1519 1781 1713 1843 κακίας
1743 1781 1839 1833 ἀλ-

260 1872 476 1943 λότριον
505 1874 563 1939 ἐξ
604 1873 849 1944 ἀνάγκης
874 1872 1288 1944 ὁμολογήσουσι.
1326 1873 1508 1927 Καλοῦ
1540 1873 1597 1925 δὲ
1627 1873 1843 1937 πάντως

1937 606 2119 651 autem
2166 598 2318 666 prius
2364 597 2639 659 existimo,
2673 610 2701 647 a
2739 595 2947 648 carnali
2974 594 3341 649 crassitudine
3372 610 3510 664 pau-

1936 688 2105 741 lulum
2148 686 2380 742 abducta
2420 688 2771 758 cogitatione,
2820 696 3076 755 oportere
3104 687 3284 756 ipsum
3322 702 3417 756 per
3455 702 3514 741 se

1938 781 2140 834 bonum
2199 778 2567 833 considerare.
2628 790 2682 831 et
2731 782 2872 848 quod
2929 795 3033 832 non
3085 786 3170 832 est
3219 777 3511 847 ejusmodi,

1940 887 2137 942 nempe
2182 871 2512 940 quibusnam
2543 873 2714 941 signis
2748 882 2802 925 et
2845 872 2992 927 notis
3021 884 3313 939 utrumque
3357 886 3512 924 cont-

1941 962 2336 1031 prehendatur.
2374 962 2654 1017 Neminem
2673 966 2818 1017 enim
2851 964 2943 1033 qui
2970 964 3132 1031 sapit,
3165 972 3217 1015 et
3239 972 3321 1017 est
3350 963 3513 1033 paulo

1940 1053 2244 1116 cordatior,
2296 1055 2766 1109 contradicturum
2813 1055 3084 1118 existimo,
3135 1057 3263 1124 quin
3299 1054 3414 1109 sola
3447 1069 3511 1107 et

1942 1145 2197 1201 omnibus
2226 1145 2528 1199 secundum
2570 1154 2822 1199 naturam
2865 1146 2936 1199 sit
2970 1146 3146 1215 turpis
3184 1160 3246 1199 ea
3276 1161 3397 1213 quae
3430 1153 3516 1199 est

1940 1251 2003 1289 ex
2036 1236 2168 1289 vitio
2202 1236 2443 1291 all‘ectio:
2474 1252 2594 1305 qua:
2623 1245 2704 1291 est
2735 1246 2914 1291 autem
2954 1247 3159 1291 remota
3196 1251 3226 1289 a
3256 1236 3408 1299 vitio,
3442 1236 3515 1290 sit

1944 1329 2121 1380 aliena
2168 1329 2238 1382 ab
2274 1330 2422 1382 omni
2470 1329 2824 1397 turpitudine.
2870 1328 2969 1384 Cui
3022 1339 3203 1382 autem
3252 1328 3383 1381 nihil
3430 1335 3515 1382 est

1942 1419 2205 1471 contrarii
2254 1420 2577 1485 immistum,
2623 1420 2675 1474 id
2724 1423 2776 1474 in
2817 1437 2882 1476 eo
2912 1421 3057 1491 quod
3096 1429 3181 1476 est
3226 1421 3426 1475 bonum
3460 1426 3516 1472 et

1945 1510 2232 1565 honestum
2282 1512 2511 1566 omnino
2567 1514 3070 1583 comprehenditur.
3122 1511 3275 1578 Quod
3332 1520 3512 1565 autem

1945 1616 2071 1654 vere
2123 1611 2206 1656 est
2246 1604 2448 1656 bonum
2501 1609 2556 1657 et
2600 1603 2911 1668 honestum,
2943 1604 3162 1658 minime
3189 1604 3408 1656 niistum
3431 1608 3516 1653 est

1946 1692 2247 1746 contrario.
2281 1692 2448 1748 Deum
2480 1703 2661 1750 autem
2698 1696 2853 1750 decet
2900 1695 3166 1765 quidquid
3206 1690 3518 1748 considera-

1946 1791 2038 1837 tur
2082 1784 2136 1837 in
2175 1800 2241 1839 eo
2284 1786 2430 1856 quod
2463 1794 2546 1841 est
2576 1788 2775 1842 bonum
2805 1796 2859 1842 et
2903 1790 3213 1844 honestum.
3256 1793 3363 1840 Aut
3387 1799 3516 1855 ergo

1946 1877 2245 1931 ostendant
2315 1880 2506 1933 vitium
2571 1895 2693 1934 esse
2763 1882 3052 1950 originem,
3117 1878 3515 1938 educationem,

266 1965 743 2035 ἀναδεικνυμένου,
772 1966 889 2028 πῶς
917 1966 1016 2018 οὐκ
1045 1966 1267 2019 ἐλεεινοί
1295 1966 1393 2035 τῆς
1424 1966 1674 2032 ἀλογίας,
1703 1966 1754 2017 οἱ
1780 1963 1842 2017 τὸ

1955 1980 2326 2040 augmentum,
2385 1974 2449 2026 ad
2499 1973 2886 2043 perfectionem
2939 1983 3146 2028 natura:
3176 1970 3518 2043 progressio-

264 2057 430 2111 καλὸν
459 2058 535 2129 μὴ
570 2059 795 2129 πρέπειν
824 2060 916 2112 ἐπὶ
946 2057 1079 2111 Θεοῦ
1103 2058 1517 2129 δογματίζον-τες
1542 2076 1555 2121 ;

1946 2076 2092 2125 nem,
2129 2065 2319 2119 mortis
2355 2068 2809 2136 experimentum,
2836 2068 3292 2123 resurrectionem
3316 2081 3346 2120 a
3374 2080 3520 2119 mor-

260 2156 410 2211 tuis:
464 2157 547 2210 vel
594 2157 638 2210 si
685 2173 745 2211 ea
782 2172 905 2226 quae
944 2156 1087 2210 dicta
1124 2165 1252 2212 sunt
1279 2157 1413 2210 vitio
1452 2172 1645 2209 vacare
1681 2156 2005 2222 concedant,
2046 2162 2183 2214 nihil
2221 2164 2365 2232 quod
2400 2142 2531 2219 vitio
2569 2173 2719 2221 caret
2753 2175 2911 2236 turpe
2947 2181 3072 2221 esse
3115 2164 3387 2218 fateantur
3422 2176 3519 2215 ne-

266 2262 424 2302 cesse
462 2248 566 2301 erit.
601 2246 757 2311 Quod
799 2247 844 2302 si
894 2247 945 2301 id
989 2248 1189 2302 bonum
1217 2263 1340 2303 esse
1385 2256 1441 2302 et
1483 2248 1774 2302 honestum
1820 2251 2044 2303 omnino
2080 2255 2404 2320 ostenditur,
2436 2256 2891 2325 quemadmodum
2924 2273 3031 2313 non
3062 2268 3147 2313 est
3189 2254 3520 2312 miserabilis

263 2352 457 2391 eorum
490 2337 744 2404 stultitia,
784 2339 879 2408 qui
911 2338 962 2392 id
992 2340 1137 2407 quod
1170 2347 1255 2393 est
1283 2338 1485 2392 bonum
1513 2349 1566 2392 et
1594 2340 1905 2403 honestum,
1947 2342 1999 2395 in
2033 2343 2140 2398 lleo
2174 2348 2397 2401 minime
2422 2351 2715 2404 convenire
2757 2348 2998 2404 docent?

885 2524 1134 2578 ΚΕΦΔΛ.
1167 2526 1224 2577 i'.

358 2703 518 2757 Ἀλλά
560 2704 788 2773 μικρὸν,
822 2704 975 2773 φησι,
1023 2705 1116 2757 καὶ
1149 2705 1522 2776 περιγραπτδν
1559 2707 1592 2774 ή
1638 2704 1849 2772 ἀνθρω-

271 2794 403 2864 πίνη
442 2794 620 2862 φύσις·
659 2795 881 2866 ἄπειρον
912 2796 969 2848 δὲ
995 2797 1027 2865 ἡ
1058 2795 1288 2863 Θεότης·
1324 2796 1418 2847 καὶ
1453 2794 1570 2857 πῶς
1597 2794 1662 2847 ἂν
1693 2811 1849 2866 περι-

272 2886 480 2957 ελήφθη
517 2886 593 2955 τῷ
622 2889 805 2956 ἀτόμῳ
835 2888 896 2940 τὺ
933 2888 1193 2959 ἄπειρον;
1227 2889 1337 2941 Καὶ
1364 2888 1448 2950 τίς
1481 2888 1636 2940 τοῦτό
1668 2904 1850 2955 φησιν,

268 2977 356 3028 (“ne
384 2980 447 3045 τῇ
484 2982 796 3049 περιγραφῇ
824 2979 922 3048 τῆς
951 2979 1151 3049 σαρκὸς
1177 2979 1426 3050 καθάπερ
1453 2980 1661 3049 ἀγγείῳ
1688 2980 1793 3033 τινὶ
1819 2980 1852 3049 ἡ

276 3067 503 3136 ἀπειρία
529 3071 625 3137 τῆς
655 3069 915 3137 Θεότητος
944 3070 1275 3141 περιελήφθη
1300 3087 1313 3135 ;
1344 3072 1478 3125 Οὐδὲ
1507 3073 1615 3140 γὰρ
1644 3072 1734 3123 ἐπὶ
1757 3071 1854 3140 τῆς

2571 2530 2796 2585 CAPUT
2827 2530 2892 2586 Χ.

2027 2701 2096 2755 At
2118 2720 2203 2759 res
2230 2713 2334 2768 est,
2364 2707 2565 2777 inquit,
2599 2724 2785 2778 parva,
2819 2719 2872 2763 et
2892 2711 3403 2780 quaecircumscrihi
3430 2728 3517 2781 ιον

1956 2802 2061 2849 test
2115 2796 2349 2851 humana
2410 2810 2656 2855 natura:
2712 2802 2853 2857 Deus
2890 2811 3069 2857 autem
3116 2811 3201 2857 est
3256 2804 3520 2857 inﬁnitus.

1956 2883 2240 2949 Quomodo
2276 2895 2454 2941 autem
2488 2890 2631 2957 quod
2667 2890 2994 2945 immensum
3026 2905 3109 2946 est
3149 2900 3331 2945 atomo
3376 2908 3526 2946 com-

1959 2973 2216 3041 prehendi
2243 2977 2447 3045 queat?
2465 2976 2599 3042 Quis
2634 2988 2813 3033 antem
2839 2980 2941 3034 hoc
2962 2980 3117 3043 dicit,
3144 2982 3288 3050 quod
3318 2982 3523 3047 carnis,

1958 3073 2216 3135 tanquam
2272 3084 2401 3123 vase
2446 3071 2649 3140 aliquo,
2708 3071 3221 3142 circumscriptione
3271 3089 3526 3145 compre-

277 3157 552 3226 ἡμετέρας
597 3158 741 3227 ζωῆς
766 3160 916 3223 ἐντὸς
946 3161 1324 3214 κατακλείεται
1364 3162 1471 3214 τῶν
1513 3165 1610 3233 τῆς
1655 3162 1851 3232 σαρκὸς

1961 3152 2126 3209 liensa
2154 3157 2226 3210 sit
2258 3157 2500 3213 inﬁnitas
2535 3157 2887 3215 Divinitatis?
2916 3160 3103 3232 Neque
3143 3164 3287 3218 enim
3327 3164 3381 3217 in
3424 3182 3526 3219 no-

276 3249 419 3315 ὂρων
448 3251 479 3318 ἡ
507 3250 667 3321 νοερὰ
693 3251 871 3317 φύσις.
917 3251 1052 3305 Ἀλλ’
1082 3254 1110 3305 ὁ
1144 3252 1240 3323 μὲν
1272 3253 1435 3321 ὄγκος
1459 3253 1553 3305 τοῦ
1584 3254 1853 3323 σώματος,

281 3344 391 3404 τοῖς
423 3344 642 3406 οἰκείοις
682 3345 871 3414 μέρεσι
912 3347 1341 3417 περιγράφεται·
1384 3348 1416 3415 ή
1466 3346 1522 3398 δὲ
1555 3346 1700 3416 ψυχὴ
1745 3349 1858 3409 τοῖς

280 3432 383 3501 τῆς
411 3433 649 3496 διανοίας
686 3437 950 3505 κινήμασι
977 3436 1122 3507 πάσῃ
1153 3438 1272 3489 κατ’
1308 3437 1556 3502 ἐξουσίαν
1584 3436 1857 3505 ἐφαπλοῦ-

282 3540 373 3576 ται
398 3528 464 3595 τῇ
493 3526 689 3587 κτίσει,
728 3527 821 3579 καὶ
856 3528 1048 3598 μέχρις
1075 3528 1320 3599 οὐρανῶν
1356 3529 1595 3593 ἀνιοῦσα,
1632 3528 1859 3581 καὶτῶν

284 3615 536 3669 ἀϐύσσων
567 3617 984 3681 ὲπιὸατεύουσα,
1019 3621 1115 3672 καὶ
1144 3619 1220 3688 τῷ
1250 3620 1441 3672 πλάτει
1474 3620 1572 3690 τῆς
1603 3620 1858 3690 οἰκουμέ-

284 3724 385 3776 νης
423 3708 787 3778 ἐπερχομένη,
821 3710 915 3761 καὶ
971 3713 1103 3779 πρός
1156 3711 1224 3762 τά
1258 3710 1583 3780 καταχθόνια
1620 3710 1710 3764 διὰ
1758 3710 1859 3781 τῆς

286 3798 813 3870 πολυπραγμοσύνης
841 3801 1191 3863 είσδύνουσα,
1226 3802 1485 3865 πολλάκις
1521 3802 1578 3855 δὲ
1614 3804 1707 3855 καὶ
1750 3802 1859 3855 τῶν

284 3891 547 3960 οὐρανίων
578 3891 871 3961 θαυμάτων
901 3894 959 3945 ὲν
988 3894 1235 3965 περινοίᾳ
1260 3895 1487 3961 γίνεται,
1514 3894 1662 3947 οὐδὲν
1693 3893 1859 3963 βαρυ-

285 3983 484 4051 νομένη
517 3984 597 4052 τῷ
632 3983 865 4089 ὲφολκὲῳ
912 3984 1005 4037 τοῦ
1048 3985 1316 4055 σώματος.
1363 3987 1425 4038 Εἰ
1473 3986 1531 4038 δὲ
1574 3985 1857 4055 ἀνθρώπου

286 4075 430 4145 ψυχή
465 4077 603 4129 κατὰ
644 4079 742 4147 τὴν
768 4075 868 4147 τῆς
905 4077 1116 4145 φύσεως
1150 4080 1396 4147 ἀνάγκην
1443 4078 1857 4149 συγκεκραμένη

287 4164 365 4233 τῷ
396 4166 603 4234 σώματι
643 4168 918 4237 πανταχοῦ
952 4171 1072 4221 κατ’
1101 4168 1347 4232 ἐξουσίαν
1384 4170 1661 4236 γίγνεται·
1709 4168 1793 4230 τίς
1825 4170 1858 4237 ἡ

287 4259 496 4328 ἀνάγκη
521 4262 584 4329 τῇ
617 4259 775 4326 φύσει
801 4260 899 4330 τῆς
929 4261 1128 4331 σαρκὸς
1159 4261 1255 4331 τὴν
1288 4261 1530 4330 Θεότητα
1558 4260 1733 4328 λέγειν
1759 4261 1859 4329 ἐμ-

288 4351 714 4421 περιείργεσθαι,
754 4354 847 4404 καὶ
881 4354 953 4421 μὴ
994 4352 1081 4405 διὰ
1109 4352 1215 4405 τῶν
1252 4352 1515 4423 χωρητῶν
1552 4354 1683 4422 ἡμῖν
1726 4353 1858 4405 ὑπο·-

284 4441 593 4511 δειγμάτων
633 4444 934 4513 στοχασμὸν
963 4447 1094 4513 ἡμῖν
1130 4462 1248 4496 τινα
1290 4445 1567 4515 πρέποντα
1602 4444 1731 4511 περὶ
1761 4443 1860 4511 τῆς

1958 3253 2073 3298 stra
2108 3249 2213 3300 vita
2255 3248 2397 3301 intra
2439 3251 2623 3305 carnis
2660 3253 2922 3308 terminos
2960 3255 3304 3309 concluditur
3332 3258 3530 3311 intelli-

1958 3350 2093 3403 gens
2121 3345 2337 3390 natura.
2377 3336 2482 3393 Sed
2512 3342 2761 3410 corporis
2797 3344 3015 3412 quidem
3046 3346 3363 3416 magnitudo
3413 3352 3529 3405 suis

1956 3427 2437 3482 circumscribitur
2481 3433 2765 3499 partibus:
2820 3435 3004 3487 anima
3047 3445 3228 3489 autem
3292 3440 3529 3495 motibus

1958 3519 2310 3586 cogitationis
2365 3530 2419 3574 et
2476 3522 2845 3594 intelligentia:
2898 3527 3067 3582 libere
3117 3531 3432 3585 extenditur
3476 3533 3527 3586 in

1962 3611 2212 3665 universa
2238 3623 2511 3678 creatura,
2566 3616 2630 3669 ad
2667 3619 2836 3674 ctelos
2878 3636 3050 3692 usque
3085 3624 3424 3689 ascendens,
3476 3635 3531 3681 et

1967 3703 2197 3770 abyssos
2229 3704 2561 3774 ingrediens,
2604 3719 2660 3762 et
2700 3713 2870 3765 totius
2923 3713 3075 3768 orbis
3116 3724 3275 3770 terrae
3334 3733 3529 3786 perva-

1962 3795 2098 3849 dens
2132 3796 2494 3862 latitudinem,
2529 3809 2583 3855 et
2615 3803 2967 3857 subterranea
3001 3808 3218 3862 curiose
3264 3811 3488 3863 subiens
3516 3828 3531 3874 ;

1961 3900 2101 3953 Saepe
2132 3894 2311 3940 autem
2337 3889 2500 3941 etiam
2551 3891 2793 3944 caelestia
2842 3892 3104 3948 miracula
3147 3906 3327 3951 mente
3366 3901 3533 3967 agitat

1960 3983 2015 4028 et
2069 3985 2273 4038 versat,
2321 3979 2565 4047 pondere
2608 3982 2855 4052 corporis
2895 3985 3038 4052 quod
3092 3986 3350 4057 deprimit
3396 3992 3533 4044 nihil

1958 4074 2205 4135 gravata.
2243 4067 2300 4121 Si
2326 4076 2506 4123 autem
2540 4072 2721 4127 anima
2758 4074 3016 4138 hominis,
3050 4091 3171 4145 qua:
3208 4087 3419 4133 natura:
3444 4096 3534 4134 ne-

1958 4159 2218 4216 cessitate
2272 4170 2357 4216 est
2401 4165 2687 4219 commista
2748 4175 2802 4220 ct
2853 4178 3261 4239 contemperata
3290 4172 3532 4240 corpori,

1962 4250 2164 4319 ubique
2213 4262 2469 4307 versatur
2504 4255 2707 4322 libere;
2765 4258 2895 4325 quid
2952 4273 3180 4315 necesse
3223 4269 3307 4316 est
3352 4260 3534 4318 dicere

1961 4340 2313 4399 Divinitatem
2348 4349 2589 4401 coerceri
2623 4350 2763 4402 intra
2794 4358 3043 4405 naturam
3086 4355 3270 4409 carnis
3297 4373 3311 4407 :
3343 4362 3398 4409 et
3426 4372 3534 4410 non

1960 4450 2059 4504 per
2088 4438 2332 4505 exempla
2389 4454 2511 4507 quae
2559 4454 2588 4491 a
2627 4440 2784 4496 nobis
2828 4443 2948 4513 capi
2997 4455 3251 4514 possunt,
3288 4462 3408 4517 qum
3434 4465 3534 4503 nos

287 4532 439 4594 θείας
471 4535 777 4603 οἰκονομίας
825 4534 1038 4602 λαϐεῖν;
1086 4537 1173 4598 Ὠς
1219 4536 1327 4605 γὰρ
1374 4535 1435 4587 τὸ
1474 4534 1584 4604 πῦρ
1624 4536 1716 4587 ἐπὶ
1763 4535 1851 4603 τῆς

1963 4526 2120 4580 decet
2141 4528 2515 4594 conjecturam
2537 4545 2754 4584 sumere
2784 4531 2852 4586 de
2875 4533 3059 4587 divina
3087 4535 3491 4606 dispensatione
3511 4539 3533 4578 ’

288 4623 566 4695 λαμπάδος
604 4628 795 4694 ὁρᾶται
838 4627 935 4696 τῆς
969 4628 1335 4696 ὑποκειμένης
1374 4626 1857 4695 περιδεδραγμένον

290 4715 443 4787 ὕλης,
480 4719 570 4770 καὶ⁸
603 4718 757 4786 λόγος
809 4721 904 4789 μὲν
954 4719 1214 4789 διακρίνει
1246 4720 1309 4771 τό
1343 4736 1403 4771 τε
1442 4719 1534 4771 ἐπὶ
1580 4718 1678 4787 τῆς
1727 4717 1858 4783 ὕλης

290 4808 423 4878 πῦρ,
456 4811 549 4862 καὶ
588 4811 686 4879 τὴν
708 4810 769 4861 τὸ
800 4810 908 4882 πῦρ
934 4811 1269 4875 ἐξάπτουσαν
1304 4808 1458 4881 ὓλην,
1505 4810 1649 4879 ἔργῳ
1671 4809 1726 4861 δὲ
1759 4810 1859 4860 οὐκ

291 4900 437 4953 ἔστιν
480 4903 572 4953 ἀπ’
618 4902 861 4971 ἀλλήλων
910 4902 1083 4955 ταῦτα
1124 4902 1494 4971 διατεμόντας,
1539 4901 1625 4968 ἐφ’
1663 4900 1859 4967 ἑαυτὴν

290 4993 459 5057 δεῖξαι
494 4995 591 5063 τὴν
622 4994 794 5061 φλόγα
821 4993 1204 5063 διεζευγμένην
1243 4994 1339 5064 τῆς
1373 4993 1522 5062 ὕλης,
1559 4991 1675 5045 ἀλλ’
1707 4991 1766 5043 ἓν
1795 4991 1862 5043 τὰ

295 5085 676 5156 συναμφότερα
699 5085 905 5152 γίνεται
946 5086 1111 5153 (οὕτω
1143 5087 1236 5138 καὶ
1268 5086 1453 5155 μηδεὶς
1484 5084 1542 5137 τὸ
1569 5083 1863 5154 φθαρτικὸν

290 5176 386 5227 τοῦ
418 5177 587 5247 πυρὸς
612 5177 1196 5247 συμπαραλαμϐανέτω
1222 5177 1298 5246 τῷ
1336 5176 1715 5246 ὑποδείγματι,
1748 5175 1862 5228 ἀλλ’

291 5266 413 5318 ὅσον
439 5266 711 5337 εὐπρεπές
737 5270 851 5321 ἐστι
883 5267 1040 5338 μόνον
1071 5269 1129 5320 ὲν
1156 5270 1223 5338 τῇ
1254 5268 1419 5320 εἰκόνι
1443 5265 1734 5335 δεξάμενος
1752 5306 1766 5327 ,
1802 5265 1865 5316 τὸ

293 5358 557 5411 ἀνοίκειον
588 5360 681 5413 καὶ
718 5361 1059 5429 ἀπεμφαίνον
1106 5358 1494 5422 ἁποποιείσθω)
1518 5375 1532 5391 ο
1562 5357 1654 5410 τὸν
1701 5356 1865 5409 αὑτὸν

290 5447 384 5504 οὖν
422 5452 642 5523 τρόπον,
676 5451 755 5515 ὡς
795 5452 1011 5523 ὁρῶμεν
1039 5453 1134 5506 καὶ
1176 5450 1494 5522 ἐξημμένην
1521 5448 1615 5502 τοῦ
1644 5449 1864 5501 ὑποκει-

294 5542 455 5610 μένου
483 5543 580 5613 τὴν
616 5542 807 5612 φλόγα,
846 5545 939 5597 καὶ
964 5546 1065 5597 οὐκ
1092 5542 1579 5611 ὲναποκλειομὲνην
1621 5543 1685 5610 τῇ
1728 5540 1827 5613 ὕλῃ
1849 5556 1860 5566 ·

290 5633 346 5684 τί
376 5634 569 5687 κωλύει
612 5635 760 5699 θείας
788 5635 999 5704 φύσεως
1033 5636 1224 5689 ἕνωσίν
1267 5652 1388 5688 τινα
1440 5633 1531 5687 καί
1572 5648 1865 5705 προσεγγι-

296 5725 432 5793 σμον
468 5730 942 5797 κατανοήσαντας,
973 5728 1109 5798 πρὸς
1140 5727 1201 5779 τὸ
1238 5727 1573 5797 ἀνθρώπινον
1600 5726 1698 5793 τήν
1746 5722 1865 5776 θεο-

294 5816 479 5885 πρεπῆ
508 5817 743 5872 διάνοιαν
768 5820 858 5872 καὶ
884 5821 941 5872 ἐν
966 5820 1041 5887 τῷ
1068 5815 1461 5890 προσεγγισμῷ
1481 5813 1861 5879 διασώζεσθαι,

610 5912 877 5974 Ρλτειου..
920 5912 1033 5973 Gtt.
1084 5914 1136 5973 Χ
1152 5912 1273 5972 LV.

1966 4612 2086 4676 Quo
2125 4612 2287 4667 modo
2315 4616 2458 4668 enim
2479 4616 2619 4686 ignis
2648 4619 2861 4674 videtur
2894 4622 2945 4675 in
2978 4623 3200 4678 lucerna
3233 4627 3534 4694 subjectam

1963 4705 2372 4771 apprehendere
2403 4710 2688 4762 materiam
2720 4730 2732 4763 :
2764 4720 2817 4764 et
2847 4714 2988 4767 ratio
3025 4716 3244 4784 quidem
3271 4718 3536 4774 discernit

1964 4793 2142 4860 ignem
2160 4794 2254 4861 qui
2276 4805 2361 4849 est
2392 4796 2445 4848 in
2473 4800 2720 4863 materia,
2761 4808 2815 4854 et
2852 4806 3136 4858 materiam
3169 4823 3291 4876 quae
3336 4824 3535 4863 accen-

1962 4888 2043 4937 dit
2075 4887 2289 4954 ignem:
2321 4890 2503 4959 reipsa
2537 4904 2715 4947 autem
2746 4911 2852 4948 non
2882 4904 3081 4964 potest.
3116 4899 3185 4954 iis
3214 4916 3244 4954 a
3277 4916 3336 4956 se
3388 4903 3531 4956 invi—

1961 4992 2081 5031 cem
2110 4980 2382 5043 dissectis.
2409 4985 2525 5052 ipsa
2560 5001 2654 5054 per
2686 5002 2745 5041 se
2776 4990 2990 5043 ostendi
3027 4989 3264 5053 ﬂamma,
3318 4994 3524 5063 disiun-

1965 5080 2051 5125 cta
2085 5085 2112 5122 ιι
2165 5076 2428 5141 materia;
2477 5076 2573 5130 sed
2615 5079 2777 5132 amho
2830 5080 2992 5135 simul
3041 5099 3207 5136 unum
3257 5085 3533 5142 [inunita

1966 5166 2130 5216 etiam
2171 5167 2355 5234 (nemo
2388 5178 2568 5223 autem
2600 5170 2653 5223 in
2687 5173 2813 5241 igne
2850 5175 3013 5229 simul
3032 5186 3210 5231 sumat
3235 5179 3300 5232 ad
3342 5194 3530 5234 exem-

1966 5258 2136 5327 plum,
2189 5261 2241 5313 id
2284 5262 2337 5316 in
2374 5263 2520 5332 quod
2559 5265 2705 5318 cadit
2750 5267 3019 5332 interitus,
3068 5271 3161 5325 sed
3202 5287 3268 5324 eo
3319 5281 3533 5327 tantum

1966 5351 2111 5418 quod
2142 5352 2299 5406 decet
2337 5362 2557 5423 sumpto
2580 5355 2647 5409 ad
2681 5356 3116 5423 similitudinem,
3151 5361 3203 5414 id
3233 5363 3379 5430 quod
3422 5376 3535 5419 non

1964 5444 2336 5511 estproprium
2372 5455 2426 5497 et
2455 5446 2784 5500 conveniens
2815 5447 3067 5518 rejiciat),
3087 5451 3158 5502 ita
3190 5466 3346 5519 ergo,
3379 5468 3437 5506 ut
3462 5455 3532 5507 ri-

1964 5535 2159 5589 demus
2213 5532 2486 5590 ﬂammam
2524 5552 2647 5606 qua
2702 5554 2731 5591 a
2782 5541 3030 5608 subjecto
3069 5542 3358 5611 dependet,
3389 5554 3445 5599 et
3481 5545 3537 5599 in

1968 5626 2194 5679 materia
2237 5642 2348 5680 non
2384 5627 2683 5681 includitur
2712 5645 2724 5681 :
2757 5630 2889 5699 quid
2929 5639 3094 5694 vetat,
3126 5634 3423 5703 quominus
3455 5636 3534 5689 div

1966 5718 2103 5771 Vina:
2136 5726 2346 5773 natura
2374 5721 2607 5789 cogitata
2632 5720 2866 5792 quadam
2911 5724 3116 5779 unione
3145 5733 3199 5778 et
3248 5729 3535 5798 appropin-

1967 5812 2229 5883 quatione
2249 5810 2317 5866 ad
2346 5813 2646 5884 hominem,
2678 5826 3039 5873 conservetur
3077 5833 3197 5888 qua
3238 5818 3409 5874 Deum
3443 5822 3528 5875 σον
