4066 6374
501 330 568 392 83
1796 328 1853 383 S.
1894 322 2061 381 GREC

2164 325 2220 379 ill
2259 325 2553 383 NYSSENI
3680 342 3753 398 45

499 459 586 505 cet
610 447 866 521 cogitatio
900 447 1062 502 etiam
1106 446 1160 500 in
1212 446 1741 517 appropinquatione
1800 442 2061 498 credendo

2176 444 2354 513 πάσης
2380 444 2727 515 περιγραφῆς
2753 445 2903 509 ἐκτὸς
2946 444 3082 502 εἶναι
3107 448 3168 503 τὸ
3196 449 3350 503 Θεῖον
3381 452 3751 518 πιστεύοντας,

507 541 675 594 Deum
738 555 862 595 esse
923 548 1189 593 remotum
1249 538 1318 592 ab
1351 538 1499 592 omni
1542 535 2072 605 circumscriptione,

504 635 716 689 etiamsi
757 635 829 687 sit
858 631 911 685 in
946 632 1206 685 homine?

1086 783 1321 840 CAPUT
1373 783 1465 841 XI.

571 917 666 973 Sin
730 928 910 971 autem
977 917 1178 986 quaeris
1249 912 1706 985 quemadmodum
1781 928 1904 966 cum
1971 912 2076 965 hu-

497 1013 758 1065 manitate
788 1015 1230 1078 contemperatur
1266 1007 1521 1061 divinitas
1553 1023 1567 1060 :
1602 1006 1699 1060 tibi
1738 1006 1889 1075 prius
1919 1021 2072 1075 quae-

500 1102 728 1156 rcndum
795 1107 900 1164 est,
955 1096 1261 1167 cuiusmodi
1309 1098 1379 1151 sit
1430 1096 1814 1167 congeneratio
1850 1105 1905 1150 et
1949 1110 2075 1149 con-

500 1194 717 1264 junctio
758 1192 953 1245 animae
984 1202 1106 1245 cum
1129 1205 1313 1244 carne.
1355 1188 1511 1255 Quod
1560 1188 1603 1243 si
1636 1188 1916 1257 ignoratur
1951 1202 2073 1240 mo-

498 1286 605 1341 dus
640 1299 750 1353 quo
776 1292 869 1337 tua
904 1282 1085 1336 anima
1117 1283 1303 1336 unitur
1342 1279 1557 1349 corpori
1590 1296 1603 1342 ;
1649 1294 1750 1333 nec
1792 1278 2072 1332 existimes

498 1377 725 1432 omnino
744 1374 875 1429 illud
921 1390 951 1427 a
992 1383 1045 1428 te
1067 1382 1318 1444 oportere
1346 1370 1756 1441 comprehendi.
1808 1368 1930 1433 Sedj
1962 1384 2074 1439 quo

499 1467 664 1523 modo
692 1465 970 1521 credimus
1006 1464 1092 1518 hic
1109 1464 1271 1517 etiam
1304 1464 1539 1516 animam
1576 1460 1781 1529 aliquid
1822 1475 1947 1515 esse
1988 1460 2073 1513 di-

497 1572 717 1612 versum
753 1569 783 1608 a
812 1568 1062 1624 corpore,
1089 1570 1154 1607 ex
1184 1568 1248 1607 eo
1276 1552 1420 1621 quod
1453 1567 1601 1616 caro,
1633 1550 1681 1605 si
1703 1551 1917 1605 deserta
1952 1549 2071 1605 fue-

498 1645 573 1701 rit
611 1648 679 1701 ab
720 1646 924 1709 anima,
980 1646 1051 1700 sit
1100 1652 1335 1709 mortua,
1392 1659 1490 1697 nec
1540 1643 1714 1713 possit
1754 1643 1991 1712 operari,
2020 1653 2072 1696 et

498 1736 906 1807 coniunctionis
940 1734 1161 1789 modum
1190 1734 1507 1804 ignoramus
1541 1751 1556 1789 :
1598 1733 1672 1786 ita
1717 1733 1881 1785 etiam
1922 1730 2069 1800 quod

499 1830 695 1883 attinet
731 1828 950 1899 quidem
982 1826 1051 1880 ad
1097 1825 1435 1894 maiestatem
1488 1834 1542 1879 et
1583 1823 2068 1893 magniﬁcentiam,

498 1922 740 1976 divinam
768 1928 1017 1974 natur-am
1048 1916 1266 1973 diﬂerre
1300 1933 1330 1970 a
1365 1916 1577 1969 mortali
1599 1922 1653 1968 et
1687 1914 1929 1968 interitui
1967 1913 2069 1967 ob-

497 2016 683 2081 noxia,
711 2012 1033 2067 conﬁtemur
1065 2028 1079 2063 :
1119 2008 1339 2062 modum
1393 2017 1573 2060 autem
1611 2005 2069 2075 contemperatio-

499 2109 585 2162 nis
624 2104 926 2161 divinitatis
955 2118 1079 2158 cum
1116 2099 1453 2155 humanitate
1484 2113 1583 2153 nos
1618 2099 1927 2168 perspicere
1957 2112 2066 2151 non

497 2214 659 2270 posse
688 2197 1076 2262 concedimus;
1114 2193 1210 2249 sed
1243 2192 1482 2263 genitum
1508 2190 1727 2260 quidem
1756 2204 1877 2244 esse
1897 2188 2066 2243 Deum

497 2293 552 2345 in
580 2300 774 2344 natura
807 2287 1070 2354 hominis,
1104 2300 1200 2356 per
1229 2299 1291 2339 ea
1317 2298 1437 2353 quae
1459 2289 1756 2335 narrantur
1779 2279 2065 2343 miracula,

496 2381 722 2435 minime
749 2380 1084 2434 dubitamus.
1121 2375 1409 2442 Quomodo
1434 2382 1639 2437 autem,
1686 2382 1743 2426 ut
1782 2371 1929 2442 quod
1995 2373 2067 2426 sit

496 2475 676 2545 majus
704 2488 869 2543 quam
911 2470 1057 2541 quod
1097 2468 1450 2523 considerare
1479 2466 1782 2536 possimus,
1828 2464 2064 2519 scrutari

494 2579 837 2621 recusamus.
899 2561 1083 2631 Neque
1124 2560 1269 2613 enim
1325 2557 1470 2626 quod
1518 2557 1796 2611 credimus
1845 2570 2061 2609 omnem

498 2668 824 2725 corpoream
853 2660 909 2705 et
939 2665 1059 2721 quae
1102 2649 1205 2704 sub
1246 2647 1657 2718 intelligentiam
1703 2645 1851 2698 cadit
1902 2654 2063 2697 natu-

492 2763 609 2801 ram
642 2745 945 2799 consistere
976 2742 1045 2796 ab
1083 2740 1407 2809 incorporea
1453 2747 1507 2792 et
1551 2738 1794 2790 increata
1842 2743 2061 2798 natura,

496 2836 653 2889 simul
692 2850 815 2888 cum
863 2831 967 2885 ﬁde
1015 2830 1398 2885 examinamus
1428 2828 1571 2882 unde
1623 2827 1676 2880 id
1722 2827 1812 2889 sit,
1835 2833 1889 2878 et
1924 2840 2063 2894 quo-

494 2928 679 2981 modo.
723 2923 827 2979 Sed
857 2923 1000 2992 quod
1035 2921 1238 2975 factum
1278 2921 1348 2973 sit
1391 2921 1764 2982 admittentes,
1806 2919 2063 2989 quemad-

490 3019 711 3073 modum
742 3017 1055 3071 universum
1082 3013 1368 3076 consistat,
1393 3014 1608 3067 curiose
1641 3013 1898 3082 indagare
1924 3026 2064 3081 pra:-

489 3109 866 3171 termittimus,
896 3114 956 3161 ut
993 3105 1139 3177 quod
1179 3105 1249 3159 sit
1299 3107 1527 3161 omnino
1578 3106 1852 3161 ineﬁ'abile
1899 3113 2063 3176 atque
2087 3144 2134 3204 ο

490 3199 888 3270 inexplicabile.

1078 3329 1311 3386 CAPUT
1351 3329 1469 3383 XII.

558 3463 662 3529 Qui
713 3472 894 3519 autem
941 3466 1136 3535 quaerit
1184 3465 1287 3519 sibi
1326 3464 1539 3519 ostendi
1602 3464 1747 3535 quod
1802 3465 1947 3521 Deus
2003 3466 2059 3521 in

487 3573 654 3612 carne
686 3558 843 3612 nobis
887 3559 1221 3628 apparuerit,
1274 3560 1506 3629 aspiciat
1560 3560 1627 3613 ad
1681 3562 2055 3628 operationes.

487 3650 621 3702 Nam
656 3648 799 3719 quod
839 3648 981 3705 Deus
1014 3652 1105 3715 sit,
1145 3667 1253 3704 non
1299 3660 1477 3720 potest
1514 3652 1672 3720 plane
1721 3651 1827 3703 alia
1858 3651 2058 3705 adduci

488 3742 772 3811 probatio,
827 3756 991 3812 quam
1045 3743 1416 3796 testimoniqu
1479 3742 1877 3810 operationum.
1932 3741 2055 3807 Quo

488 3832 650 3886 modo
704 3833 851 3886 enim
905 3833 1311 3887 universitatem
1374 3833 1690 3895 intuentes,
1753 3842 1807 3887 et
1867 3834 2056 3887 mundi

486 3921 1016 3977 administrationem
1038 3922 1475 3985 considerantes,
1493 3930 1547 3977 et
1570 3924 1833 3977 beneﬁcia
1855 3925 2057 3994 quibus

484 4012 753 4068 divinitus
799 4014 1032 4068 aﬁicitur
1096 4014 1203 4067 vita
1262 4022 1471 4078 nostra,
1534 4016 2057 4085 comprehendimus

485 4107 725 4175 aliquam
754 4120 879 4160 esse
908 4121 1177 4161 summam
1211 4107 1492 4171 virtutem,
1533 4120 1724 4160 eorum
1768 4122 1889 4175 quae
1921 4106 2057 4159 ﬁunt

482 4197 837 4260 eﬁectricem,
876 4205 929 4250 et
984 4212 1107 4266 quae
1137 4212 1200 4251 ea
1260 4213 1381 4267 qua:
1432 4207 1563 4251 sunt
1618 4206 1948 4253 conservat:
1980 4198 2052 4251 ita

480 4289 645 4343 etiam
673 4288 817 4359 quod
852 4288 992 4343 Deus
1039 4289 1198 4344 nobis
1237 4290 1289 4341 in
1336 4303 1503 4343 carne
1553 4291 1885 4359 apparuerit,
1921 4291 2055 4347 satis

480 4382 701 4451 probari
745 4382 997 4435 ducimus
1034 4397 1101 4435 ex
1154 4381 1437 4435 miraculis
1482 4397 1603 4451 qua:
1637 4382 1782 4436 facta
1825 4392 1953 4438 sunt
1999 4385 2051 4438 in

2174 534 2277 589 κᾶν
2306 536 2365 588 ὲν
2397 537 2671 607 ἀνθρώπῳ
2706 533 2813 608 ¹ἦν;

2760 782 3011 837 ΚΕΦΑΛ.
3052 786 3156 841 1Α’.

2242 913 2306 965 Εἰ
2340 912 2397 965 δὲ
2436 912 2618 983 ζητεῖς
2662 914 2778 979 πῶς
2828 919 3221 986 κατακιρνᾶται
3265 919 3456 992 θεότης
3500 922 3638 992 πρὸς
3689 924 3750 977 τὸ

2172 1004 2510 1075 ἀνθρώπινον
2526 1046 2539 1067 ,
2567 1006 2684 1075 ὥρα
2709 1025 2791 1059 σοι
2819 1011 3002 1079 ζητεῖν
3026 1010 3132 1081 πρὸ
3148 1011 3357 1077 τούτου,
3380 1015 3464 1077 τίς
3490 1017 3623 1085 πρὸς
3648 1017 3747 1084 τὴν

2174 1098 2351 1169 σάρκα
2374 1098 2472 1167 τῆς
2492 1098 2669 1169 ψυχῆς
2696 1102 2728 1168 ἠ
2760 1102 3020 1170 συμφυΐα.
3056 1102 3118 1154 Ei
3143 1102 3198 1154 δὲ
3220 1104 3318 1173 τῆς
3345 1104 3444 1172 σῆς
3474 1106 3743 1173 ἀγνοεῖται

2170 1190 2348 1259 ψυχῆς
2376 1192 2405 1242 ό
2442 1191 2660 1260 τρόπος,
2699 1192 2819 1244 καθ’
2864 1192 2922 1246 ὃν
2961 1193 3170 1247 ἑνοῦται
3205 1194 3282 1265 τῷ
3317 1196 3558 1265 σώματι,
3608 1200 3743 1269 μηδὲ

2172 1283 2348 1334 ἐκεῖνο
2378 1283 2590 1346 πάντως
2610 1284 2721 1335 οἵου
2742 1284 2847 1337 δεῖν
2878 1286 3027 1349 ἐντὸς
3047 1286 3296 1354 γενέσθαι
3327 1289 3425 1358 τῆς
3454 1291 3551 1359 σῆς
3578 1308 3749 1343 καταο

2172 1372 2405 1444 λήψεως.
2467 1374 2608 1426 ‘AD.’
2647 1374 2835 1444 ὥσπερ
2881 1375 3113 1430 ἐνταῦθα
3156 1377 3250 1429 καὶ
3284 1377 3467 1448 ἕτερον
3511 1373 3652 1431 εἶναί
3698 1397 3749 1432 τι

2172 1466 2323 1537 παρά
2359 1468 2419 1520 τὸ
2468 1467 2627 1536 σῶμα
2675 1467 2773 1539 τὴν
2804 1468 2979 1539 ψυχὴν
3023 1468 3498 1539 πεπιστεύκαμεν,
3548 1474 3611 1523 ὲκ
3657 1471 3750 1524 τοῦ

2175 1558 2504 1627 μονωθεῖσαν
2536 1559 2634 1629 τῆς
2663 1558 2838 1630 ψυχῆς
2874 1560 2970 1631 τὴν
3001 1561 3177 1633 σάρκα
3205 1562 3403 1633 νεκράν
3432 1578 3491 1614 τε
3531 1562 3624 1615 καὶ
3651 1564 3748 1614 ἀν·-

2172 1651 2461 1721 ενέργητον
2501 1650 2772 1720 γενέσθαι,
2800 1653 2894 1705 καὶ
2929 1650 3017 1705 τόν
3049 1653 3146 1723 τῆς
3194 1652 3438 1715 ἑνὼσεως
3488 1654 3586 1706 ούκ
3626 1656 3747 1706 ἐπι-

2172 1739 2510 1809 γινώσκομεν
2545 1740 2732 1811 τρόπον
2751 1757 2765 1770 ⁸
2795 1740 2935 1794 οὕτω
2960 1743 3120 1794 κάκεῖ
3143 1743 3417 1812 διαφέρειν
3447 1742 3546 1813 μὲν
3569 1742 3661 1794 ἐπὶ
3691 1743 3752 1794 τὸ

2181 1832 2754 1904 μεγαλοπρεπέστερον
2789 1832 2887 1903 τὴν
2932 1832 3082 1886 θείαν
3119 1832 3279 1902 φύσιν
3321 1834 3457 1904 πρὸς
3485 1833 3583 1905 τὴν
3616 1834 3746 1905 θνη-

2175 1922 2275 1992 τὴν
2304 1922 2398 1975 καὶ
2436 1923 2699 1995 ἐπίκηρον
2723 1924 3089 1994 ὁμολογοῦμεν
3108 1963 3125 1989 ,
3152 1924 3244 1978 τὸν
3284 1925 3341 1979 δὲ
3367 1926 3466 1996 τῆς
3505 1928 3746 1997 ἀνακράο

2177 2031 2314 2077 σεως
2357 2014 2557 2085 τρόπον
2602 2014 2696 2068 τοῦ
2741 2014 2885 2069 θείου
2924 2014 3060 2087 πρὸς
3116 2015 3173 2068 τὸ
3243 2015 3581 2082 ἀνθρώπινον
3621 2033 3743 2071 συν-

2178 2109 2303 2161 ιδεῖν
2331 2108 2391 2160 οὐ
2418 2107 2733 2179 χωροῦμεν·
2772 2108 2907 2161 ἀλλά
2928 2108 2987 2161 τὸ
3026 2108 3124 2178 μὲν
3153 2109 3478 2180 γεγενῆσθαι
3518 2110 3648 2162 Θεὸν
3690 2113 3749 2163 ὲν

2172 2196 2459 2266 ἀνθρώπου
2503 2197 2695 2267 φύσει,
2743 2197 2830 2252 διὰ
2869 2198 2975 2251 τῶν
3020 2198 3414 2268 ἱστορουμένων
3455 2198 3747 2269 θαυμάτων

2172 2290 2270 2343 οὐκ
2307 2292 2339 2343 ἀ
2349 2290 2717 2361 μφιϐἀλλομεν
2736 2308 2750 2320 ⁸
2777 2290 2836 2343 τὺ
2863 2290 2916 2342 δὲ
2944 2289 3078 2352 πῶς,
3113 2289 3189 2352 ὡς
3214 2290 3396 2359 μεῖζον
3425 2290 3458 2360 ἢ
3489 2292 3628 2344 κατά
3660 2292 3747 2344 λιν-

2171 2380 2385 2452 γισμῶν
2433 2381 2624 2451 ἔφοδον
2664 2381 2940 2453 διερευνᾷν
2975 2380 3403 2451 παραιτούμεθα.
3453 2383 3585 2435 Ούδὲ
3636 2384 3744 2452 γάρ

2173 2474 2352 2526 πᾶσαν
2398 2472 2497 2544 τὴν
2537 2475 2855 2543 σωματικήν
2880 2489 2939 2525 τε
2971 2472 3065 2524 καὶ
3104 2473 3297 2542 νοητὴν
3318 2472 3567 2543 γέννησιν
3597 2480 3744 2542 παρα

2169 2565 2270 2634 τῆς
2294 2564 2581 2634 ἀσωμάτου
2607 2581 2663 2617 τε
2682 2566 2775 2616 καὶ
2805 2563 3059 2617 ἀκτίστου
3092 2563 3302 2631 φύσεως
3333 2562 3627 2632 ὑποστῆναι
3662 2582 3744 2615 πι-

2172 2656 2472 2719 στεύοντες,
2498 2655 2558 2708 τὺ
2586 2656 2749 2709 πόθεν
2777 2656 2810 2725 ἢ
2835 2654 2897 2707 τὸ
2916 2657 3063 2717 ὅπως
3085 2657 3153 2724 τῇ
3180 2655 3305 2724 περὶ
3334 2653 3540 2707 τούτων
3566 2654 3743 2707 πίστει

2172 2747 2613 2817 ωνεξετάξομεν.
2663 2746 2823 2799 Ἀλλά
2854 2745 2915 2798 τὸ
2942 2744 3269 2814 γεγενῆσθαι
3294 2746 3741 2817 παραδεχόμενοι,

2169 2839 2729 2909 ἀπολυπραγμόνητον
2773 2838 2974 2910 τρόπον
3008 2837 3108 2905 τῆς
3143 2836 3237 2889 τοῦ
3293 2836 3491 2898 παντὸς
3545 2837 3742 2891 συστάς

2171 2947 2308 2993 σεως
2354 2930 2788 3001 καταλείπομεν,
2831 2934 2907 2994 ὡς
2953 2931 3190 3001 ἄρρητον
3234 2929 3574 2982 παντάπασιν
3615 2930 3741 2982 ὅντα

2170 3021 2262 3072 καὶ
2284 3020 2372 3073 ἀνε
2382 3022 2699 3091 ρμήνευτον.

2759 3330 3009 3384 ΚΕΦΑΛ.
3042 3330 3142 3384 ΙΒ’.

2236 3463 2341 3517 Τοῦ
2369 3463 2427 3516 δὲ
2463 3462 2597 3516 Θεὸν
2640 3463 2698 3515 ὲν
2748 3465 2911 3535 σαρκὶ
2949 3466 3367 3537 πεφανερῶσθαι
3410 3468 3539 3538 ἡμῖν
3570 3469 3598 3520 ὁ
3638 3464 3738 3528 τὰς

2162 3555 2463 3617 ἀποδείξεις
2511 3555 2809 3625 ἐπιζητῶν,
2846 3557 2984 3626 πρὸς
3016 3558 3114 3620 τὰς
3150 3560 3433 3630 ἐνεργείας
3471 3558 3733 3629 βλεπέτω.

2163 3648 2272 3701 Καὶ
2298 3647 2407 3717 γὰρ
2425 3646 2520 3699 τοῦ
2547 3647 2681 3711 ὅλως
2716 3645 2854 3701 εἶναι
2886 3648 3040 3711 Θεὸν,
3073 3651 3171 3702 οὐκ
3200 3650 3264 3703 ἀν
3292 3668 3373 3715 τις
3399 3651 3589 3722 ἑτέραν
3611 3653 3737 3705 ἀπό-

2161 3738 2321 3803 δειξιν
2340 3738 2472 3809 ἔχοι,
2496 3738 2582 3791 διὰ
2604 3738 2703 3807 τῆς
2728 3739 2836 3792 τῶν
2856 3739 3147 3811 ἐνεργειῶν
3176 3740 3499 3812 μαρτυρίας.
3524 3742 3737 3811 Ὥσπερ

2160 3833 2339 3886 τοίνυν
2373 3834 2453 3895 είς
2490 3832 2551 3885 τὸ
2585 3834 2693 3885 πᾶν
2722 3832 3037 3902 ἀφορῶντες
3058 3872 3072 3895 ,
3101 3831 3195 3885 καὶ
3227 3830 3326 3894 τὰς
3352 3833 3491 3885 κατά
3517 3831 3607 3883 τὸν
3640 3833 3735 3883 νό-

2162 3940 2299 3993 σμον
2327 3923 2640 3993 οἰκονομίας
2678 3922 3122 3985 ἐπισκοποῦντες,
3157 3924 3253 3975 καὶ
3288 3922 3387 3984 τὰς
3417 3922 3736 3992 εὐεργεσίας

2159 4016 2255 4077 τὰς
2279 4016 2462 4068 θεόθεν
2485 4015 2626 4069 κατά
2648 4014 2746 4085 τὴν
2764 4016 2906 4085 ζωὴν
2928 4014 3083 4084 ἡμῶν
3114 4013 3530 4085 ὲνεργουμένας,
3562 4014 3734 4083 ὑπερ-

2160 4106 2372 4160 κεῖσθαί
2394 4124 2515 4159 τινα
2543 4106 2770 4177 δύναμιν
2794 4106 3078 4176 ποιητικὴν
3117 4105 3221 4157 τῶν
3250 4105 3605 4174 γιγνομένων,
3642 4104 3733 4155 καί

2160 4197 2557 4267 συντηρητικὴν
2581 4197 2688 4249 τῶν
2715 4197 2883 4251 ὄντων
2909 4196 3390 4267 καταλαμϐάνομεν
3409 4212 3422 4227 ⁶
3443 4196 3615 4259 οὕτως
3641 4198 3732 4248 καὶ

2158 4288 2252 4341 ἐπὶ
2284 4288 2377 4340 τοῦ
2412 4287 2500 4340 διὰ
2530 4287 2729 4359 σαρκὸς
2767 4289 2899 4358 ἡμῖν
2934 4288 3339 4359 φανερωθέντος
3370 4288 3505 4340 Θεοῦ
3537 4289 3727 4357 ἱκανὴν

2157 4377 2427 4442 ἀπόδειξιν
2462 4377 2562 4447 τῆς
2592 4378 2913 4446 ἐπιφανείας
2953 4378 3053 4448 τῆς
3083 4378 3332 4449 θεότητος
3360 4380 3431 4430 τὰ
3462 4378 3601 4431 κατά
3629 4378 3729 4440 τὰς

481 4471 923 4541 operationibus,
962 4478 1021 4523 ut
1048 4470 1142 4539 qui
1176 4470 1231 4523 in
1266 4470 1427 4523 l'actis
1461 4485 1583 4539 qua:
1614 4478 1746 4524 sunt
1773 4479 2048 4533 enarrata,

2164 4470 2437 4539 ἐνεργείας
2469 4468 2721 4540 θαύματα
2763 4469 3129 4537 πεποιήμεθα,
3159 4470 3337 4523 πάντα
3367 4471 3481 4532 τοῖς
3516 4470 3729 4539 ἱστορη-

481 4562 975 4616 animadvertimus
1005 4576 1130 4617 esse
1160 4563 1343 4615 omnia
1378 4578 1473 4629 per
1503 4578 1624 4631 quae
1666 4563 1849 4616 divina
1875 4564 2053 4618 virtus

479 4654 827 4723 exprimitur.
879 4652 973 4707 Dei
1008 4662 1113 4717 est,
1145 4654 1424 4707 viviﬁcare
1470 4653 1739 4707 homines.
1802 4652 1894 4708 Dei
1945 4662 2051 4717 est,

477 4758 542 4799 ea
572 4758 693 4812 qua:
735 4750 885 4805 sunt,
920 4756 1019 4796 sua
1068 4756 1396 4797 conservare
1439 4742 1746 4812 prudentia.
1799 4741 1893 4797 Dei
1946 4751 2049 4809 est,

481 4835 661 4889 cibum
700 4834 887 4903 largiri
921 4839 975 4887 et
1004 4833 1280 4902 potionem
1330 4833 1397 4886 iis
1431 4832 1632 4901 quibus
1665 4832 1859 4902 obtigit
1893 4843 1950 4887 ut
1998 4836 2050 4887 in

478 4942 646 4981 carne
673 4927 840 4981 vitam
893 4933 1076 4996 agant.
1136 4923 1229 4978 Dei
1283 4932 1390 4987 est,
1453 4925 1502 4977 ei
1544 4927 1637 4994 qui
1700 4942 1837 4995 opus
1888 4926 2051 4981 habet

480 5019 820 5073 benefacere.
879 5016 973 5071 Dei
1023 5023 1127 5082 est,
1189 5032 1257 5071 ex
1316 5016 1684 5072 imbecillitate
1734 5034 2047 5088 perversam

481 5117 734 5162 naturam
788 5122 885 5178 per
930 5109 1220 5161 sanitatem
1273 5106 1376 5161 sibi
1440 5108 1751 5162 restituere.
1810 5107 1905 5163 Dei
1966 5120 2050 5164 est

481 5199 737 5255 similiter
792 5206 847 5253 et
878 5198 1071 5253 eodem
1127 5197 1289 5251 modo
1337 5198 1586 5253 obtinere
1619 5199 1956 5255 dominatum
1990 5202 2046 5255 in

481 5304 699 5344 omnem
746 5298 1093 5351 creaturam,
1149 5296 1372 5356 terram,
1429 5305 1576 5343 mare
1628 5297 1682 5344 et
1737 5305 1937 5354 aerem,
1993 5301 2048 5346 et

477 5384 662 5437 omnia
692 5398 812 5451 qua:
848 5389 977 5436 sunt
1025 5396 1192 5449 supra
1240 5396 1445 5435 aerem.
1483 5380 1578 5435 Dei
1630 5390 1714 5436 est
1755 5382 1823 5436 ad
1862 5384 2045 5439 omnia

478 5475 614 5531 satis
646 5474 845 5529 habere
876 5476 1187 5544 potestatis,
1234 5482 1287 5529 et
1322 5485 1447 5528 ante
1487 5475 1670 5528 omnia
1701 5491 1824 5530 esse
1854 5486 2046 5544 poten-

477 5570 669 5622 tiorem
703 5574 878 5621 morte
910 5574 963 5620 et
1016 5567 1266 5621 interitu.
1323 5565 1379 5619 Si
1434 5582 1565 5634 ergo
1598 5566 1803 5636 aliquid
1853 5569 2045 5622 horum

477 5658 693 5713 deesset
717 5657 765 5711 ei
811 5672 931 5726 qua:
979 5656 1047 5711 de
1110 5657 1230 5726 ipso
1257 5664 1512 5709 narratur
1542 5656 1805 5719 historia),
1849 5658 2046 5713 merito

479 5748 639 5820 quia
682 5756 874 5805 nostra
906 5747 1011 5805 ﬁde
1061 5755 1191 5804 sunt
1238 5747 1423 5812 alieni,
1479 5746 1747 5803 adversus
1794 5756 2043 5804 nostrum

2160 4561 2329 4614 θεῖσιν
2366 4556 2571 4629 ἔργοις,
2601 4559 2668 4611 δι’
2699 4552 2774 4612 ὦν
2826 4562 2858 4629 ἡ
2892 4560 3012 4612 θεία
3048 4559 3511 4631 χαρακτηρίζεται
3544 4559 3725 4627 φύσις,

2157 4653 2607 4721 κατανοήσαντες.
2642 4650 2776 4703 Θεοῦ
2808 4651 2867 4703 τὸ
2905 4651 3188 4715 ζωοποιεῖν
3220 4653 3348 4713 τοὺς
3383 4650 3721 4719 ἀνθρώπους.

2156 4743 2291 4797 Θεοῦ
2325 4743 2387 4796 τδ
2439 4745 2723 4814 συντηρεῖν
2783 4743 2870 4796 διὰ
2920 4745 3173 4812 προνοίας
3210 4744 3275 4797 τὰ
3304 4743 3451 4795 ὄντα.
3488 4742 3622 4795 Θεοῦ
3667 4744 3727 4796 τὸ

2158 4836 2358 4907 βρῶσιν
2397 4837 2489 4888 καὶ
2520 4836 2677 4888 πόσιν
2699 4838 2810 4897 τοῖς
2842 4836 3040 4905 σαρκὸς
3062 4836 3161 4904 τὴν
3195 4834 3338 4903 ζωὴν
3363 4834 3600 4903 εἰληχόσι
3627 4853 3725 4905 χα-

2159 4929 2421 5001 ρίζεσθαι.
2456 4928 2590 4981 Θεοῦ
2618 4928 2922 4997 εὐεργετεῖν
2950 4927 3043 4980 τδν
3068 4928 3338 4996 δεόμενον.
3368 4927 3503 4980 Θεοῦ
3526 4928 3585 4979 τὸ
3615 4945 3721 4981 πα-

2155 5025 2525 5095 ρατραπεῖσαν
2545 5020 2605 5085 ἐξ
2628 5020 2910 5082 ἀσθενείας
2936 5021 3031 5089 τὴν
3061 5019 3241 5088 φύσιν,
3270 5019 3427 5073 πάλιν
3449 5021 3515 5073 δι’
3538 5021 3724 5088 ὑγείας

2153 5114 2291 5185 πρὸς
2320 5113 2515 5184 ἑαυτὴν
2538 5114 2850 5181 ἐπανάγειν.
2882 5111 3017 5164 Θεοῦ
3046 5112 3108 5163 τὸ
3137 5112 3316 5182 πάσης
3348 5110 3722 5183 ἐπικρατεύειν

2151 5205 2522 5275 ὁμοιοτρόπως
2555 5205 2653 5274 τῆς
2688 5205 2949 5267 κτίσεως,
2988 5206 3090 5274 γῆς
3116 5243 3131 5265 ,
3168 5203 3479 5273 θαλάσσης,
3536 5204 3716 5274 ἀέρος,

2149 5297 2258 5351 τῶν
2308 5297 2451 5364 ὑπὲρ
2486 5295 2577 5348 τὸν
2631 5296 2768 5365 ἀέρα
2808 5294 3007 5348 τόπων.
3070 5292 3206 5347 Θεοῦ
3257 5293 3318 5347 τὸ
3358 5295 3497 5365 πρὸς
3543 5295 3719 5347 πάντα

2148 5388 2346 5459 διαρκῆ
2391 5386 2492 5458 τὴν
2535 5387 2765 5456 δύναμιν
2798 5385 2962 5455 ἔχειν,
2998 5385 3092 5438 καὶ
3133 5386 3239 5455 πρό
3281 5402 3345 5453 γε
3402 5386 3616 5439 πάντων
3656 5387 3717 5438 τὸ

2151 5477 2382 5531 θανάτου
2421 5477 2515 5530 καὶ
2568 5475 2773 5545 φθορᾶς
2824 5471 2960 5528 εἶναι
3010 5474 3311 5546 κρείττονα.
3363 5476 3426 5527 Εἰ
3478 5476 3573 5546 μὲν
3626 5473 3716 5529 οὗν

2147 5586 2290 5633 τινος
2329 5570 2532 5624 τούτων
2556 5568 2775 5636 ἐλλιπὴς
2799 5562 2865 5637 ἦν
2893 5569 2925 5637 ἡ
2970 5566 3097 5634 περὶ
3128 5566 3291 5619 αὑτὸν
3319 5566 3548 5636 ἱστορία,
3572 5567 3715 5620 εἰκός-

2148 5675 2256 5721 τως
2299 5658 2361 5711 τὸ
2401 5658 2698 5729 μυστήριον
2725 5656 2879 5726 ἡμῶν
2923 5655 3116 5720 οίνὲξω
3150 5654 3251 5724 τῆς
3285 5656 3520 5719 πίστεως
3559 5655 3712 5727 ἡμῶν

2149 5750 2563 5821 παρεγράφοντυ
2583 5765 2599 5781 ο
2630 5751 2679 5803 εί
2720 5748 2778 5801 δὲ
2818 5748 2885 5802 δι’
2922 5741 2997 5802 ὧν
3031 5749 3232 5803 νοεῖται
3266 5746 3415 5814 Θεὸς,
3452 5748 3629 5803 πάντα
3658 5750 3715 5798 ἐν
