4066 6374
253 400 333 454 45
1493 412 1750 469 ORATIO
1778 416 2279 476 CATECHETICA.
3439 429 3506 482 46

250 516 374 579 τοῖς
408 516 539 589 περὶ
568 517 730 571 αὑτοῦ
765 519 1061 592 διηγήμασι
1089 523 1405 597 καθορᾶται,
1438 530 1489 580 τί
1516 530 1578 581 τὸ
1611 533 1828 600 ἐμποδί-

1944 538 2363 605 prmscriberent
2393 540 2710 609 mysterium
2741 558 2756 605 ;
2791 542 2834 595 si
2872 557 2999 595 vero
3047 543 3230 596 omnia
3265 558 3357 611 per
3385 562 3505 613 qua:

252 605 352 670 ζον
485 608 703 673 nictet;

853 832 1103 886 ΚΕΦΑΛ.
1146 837 1242 889 ιΓ’.

335 958 525 1024 Ἀλλὰ,
550 962 960 1035 φησὶ,γέννησὶς
983 985 1043 1020 τε
1068 971 1162 1022 καὶ
1184 970 1411 1037 θάνατος
1434 975 1562 1029 ἴδιον
1592 979 1691 1041 τῆς
1714 998 1841 1052 σαρ-

250 1050 418 1118 κικῆς
465 1052 583 1102 ἐστι
630 1051 885 1120 φύσεως·
944 1061 1087 1128 φημὶ
1132 1061 1304 1129 κάγὼ.
1371 1066 1528 1119 Ἀλλὰ
1580 1072 1686 1141 πρὸ
1739 1050 1839 1141 τῆς

249 1141 564 1208 γεννήσεως
596 1144 775 1197 καὶτὸ
811 1147 952 1216 μετά
978 1148 1070 1202 τὸν
1102 1150 1331 1207 θάνατον
1365 1156 1463 1226 τὴν
1496 1159 1595 1229 τῆς
1622 1161 1838 1229 φύσεως

250 1228 410 1299 ήμῶν
442 1230 703 1299 ἐκφεύγει
734 1236 1037 1307 κοινότητα.
1074 1241 1168 1302 Εἰς
1202 1243 1311 1314 γὰρ
1336 1245 1569 1318 ἑκάτερα
1612 1251 1709 1319 τῆς
1740 1252 1837 1304 ἀν-

252 1320 542 1391 Θρωπίνης
588 1323 734 1394 ζωῆς
796 1326 866 1379 τὰ
912 1329 1123 1400 πέρατα
1177 1332 1495 1402 βλέποντες,
1538 1340 1694 1409 ἴσμεν
1742 1344 1837 1396 καὶ

248 1411 376 1465 ὅθεν
413 1413 718 1482 ἀρχόμεθα,
747 1418 841 1468 καὶ
864 1419 944 1481 εὶς
975 1421 1026 1473 τί
1057 1422 1458 1494 καταλήγομεν.
1506 1429 1600 1481 Ἐκ
1632 1431 1837 1496 πάθους

248 1502 362 1571 γάρ
414 1503 726 1575 ἀρξάμενος
760 1508 853 1561 τοῦ
884 1504 1019 1562 εἶναι
1065 1512 1094 1563 6
1139 1512 1420 1584 ἄνθρωπος
1445 1556 1460 1579 ,
1518 1518 1676 1573 πάθει
1713 1539 1837 1573 συν-

250 1593 638 1663 ἀπαρτίζεται.
706 1598 851 1650 Ἐκεῖ
878 1599 934 1651 δὲ
980 1600 1102 1654 οὔτε
1129 1604 1162 1672 ἡ
1198 1604 1448 1675 γέννησις
1479 1608 1587 1662 ἀπὸ
1628 1612 1836 1676 πάθους

248 1684 457 1755 ἡρξατο
482 1726 501 1751 ,
555 1687 679 1741 οὔτε
708 1690 737 1741 6
766 1690 994 1757 θάνατος
1038 1696 1119 1758 εἰς
1152 1696 1323 1762 πάθος
1353 1699 1665 1770 κατέληξεν.
1697 1703 1834 1758 Οὔτε

252 1778 361 1848 γὰρ
388 1778 490 1847 τῆς
522 1782 830 1851 γεννήσεως
857 1785 1018 1856 ήδονὴ
1045 1786 1393 1860 καθηγήσατο
1418 1830 1433 1853 ,
1471 1789 1594 1844 οὔτε
1623 1792 1711 1845 τὸν
1739 1794 1832 1848 θά-

1944 623 2086 680 Deus
2140 626 2480 696 intelligitur,
2538 637 2839 682 cernuntur
2884 631 2938 684 in
2984 631 3051 684 iis
3084 646 3205 698 quae
3267 632 3333 685 de
3383 636 3501 702 ipso

1944 724 2258 783 narrantur,
2301 718 2433 787 quid
2462 726 2546 772 est
2570 718 2709 787 quod
2744 718 2900 773 tidem
2929 720 3226 790 impediat?

2518 847 2747 902 CAPUT
2787 848 2923 902 XIII.

2008 980 2077 1034 At
2106 991 2283 1047 ortus,
2322 984 2517 1053 inquit,
2543 992 2600 1039 et
2632 1000 2779 1038 mors
2833 993 2917 1039 est
2971 987 3252 1055 proprium
3291 998 3504 1042 naturae

1938 1074 2147 1129 carnis.
2179 1074 2455 1130 Concedo.
2509 1075 2614 1130 Sed
2672 1085 2727 1130 et
2779 1077 2831 1131 id
2863 1078 3005 1146 quod
3051 1076 3153 1136 fuit
3206 1090 3332 1135 ante
3381 1082 3502 1149 ejus

1937 1174 2142 1229 ortum,
2174 1176 2228 1221 et
2257 1168 2307 1221 id
2339 1169 2487 1238 quod
2522 1169 2624 1223 fuit
2656 1178 2779 1238 post
2810 1179 3061 1236 mortem,
3088 1172 3274 1243 effugit
3298 1184 3503 1229 naturae

1937 1267 2141 1314 nostra:
2197 1262 2663 1316 communitatem.
2726 1263 2803 1317 Ad
2871 1262 3122 1320 humanae
3179 1268 3324 1321 enim
3380 1270 3505 1323 vita:

1936 1356 2228 1420 utrumque
2262 1352 2422 1407 tinem
2470 1352 2819 1422 aspicientes,
2852 1354 3056 1410 scimus
3101 1367 3154 1411 et
3193 1356 3337 1412 unde
3369 1360 3505 1413 inci-

1936 1438 2152 1507 pimus,
2190 1448 2245 1494 et
2301 1441 2355 1494 in
2402 1443 2531 1511 quid
2587 1441 2911 1496 desinimus.
2969 1442 3142 1499 Homo
3179 1449 3322 1501 enim
3376 1464 3501 1502 cum

1944 1546 2068 1585 esse
2106 1535 2332 1600 cmperit
2371 1549 2435 1588 ex
2469 1534 2784 1601 allectione,
2831 1537 3117 1596 affectione
3170 1541 3331 1594 etiam
3367 1556 3503 1595 cun-

1936 1620 2120 1676 ﬁcitur
2146 1632 2201 1677 et
2236 1636 2676 1683 consummatur.
2724 1630 2841 1685 Illic
2884 1642 3066 1687 autem
3122 1649 3299 1702 neque
3341 1650 3504 1703 gene-

1933 1713 2076 1765 ratio
2108 1715 2273 1784 empit
2322 1717 2391 1771 ab
2437 1718 2762 1786 atl‘ectione;
2812 1738 2989 1792 neque
3042 1740 3191 1778 mors
3239 1726 3400 1779 desiit
3448 1726 3501 1778 in

1935 1802 2303 1861 affectionem.
2335 1807 2521 1880 Neque
2564 1815 2711 1869 enim
2749 1818 3001 1887 voluptas
3053 1819 3173 1887 ejus
3224 1819 3503 1887 prznt-essit

248 1884 410 1919 νατον
446 1867 627 1940 φθορά
648 1871 931 1939 διεδέξατο.
967 1876 1237 1940 Ἀπιστείς
1261 1879 1340 1949 τῷ
1360 1880 1614 1950 θαύματι;
1645 1884 1828 1955 Χαίρω

2434 1867 2447 1880 ,
2579 1867 2586 1868 ,
2762 1867 2998 1887 .-πτω-
3058 1867 3171 1887 -,__
3225 1867 3330 1887 Γ-..
3374 1867 3499 1873 ---η

1934 1898 2338 1965 generationem
2368 1919 2382 1967 ;
2414 1918 2589 1968 neque
2617 1917 2844 1962 mortem
2881 1918 3067 1963 secuta
3087 1918 3171 1965 est
3198 1910 3499 1978 corruptio.

252 1959 317 2027 τῇ
357 1959 608 2031 ἀπιστίᾳ.
654 1962 963 2033 Ὀμολογεῖς
996 1967 1104 2038 γὰρ
1126 1967 1344 2034 πάντως
1373 1971 1440 2024 δι’
1463 1965 1537 2026 ὧν
1568 1974 1708 2046 ὑπὲρ
1742 1975 1833 2028 πί-

254 2063 369 2100 στιν
393 2050 504 2121 ήγῇ
536 2051 598 2103 τὸ
622 2052 932 2125 λεγόμενον,
958 2058 1097 2131 ὑπὲρ
1120 2060 1218 2131 τὴν
1252 2060 1413 2129 φύσιν
1441 2056 1581 2119 εἶναι
1604 2065 1671 2119 τά
1697 2066 1832 2119 0mi-

256 2154 418 2205 ματα.
449 2140 596 2192 Αὐτὸ
624 2137 717 2195 οὗν
740 2144 896 2197 τοῦτο
917 2146 1016 2216 τῆς
1044 2147 1295 2219 θεότητος
1320 2149 1459 2204 ἔστω
1481 2169 1564 2205 σοι
1590 2153 1683 2207 τοῦ
1715 2173 1833 2225 φα·-

255 2228 433 2292 νέντος
465 2231 739 2298 ἀπόδειξις
762 2275 777 2298 ,
812 2236 873 2289 τὸ
903 2236 978 2308 μὴ
1007 2239 1093 2293 διὰ
1139 2241 1247 2296 τῶν
1276 2244 1416 2297 κατὰ
1445 2245 1603 2315 φύσιν
1643 2249 1829 2318 προϊέ-

252 2337 343 2373 ναι
373 2322 435 2374 τὸ
476 2325 762 2396 κήρυγμα.
801 2330 865 2381 Εἰ
905 2332 1012 2403 γὰρ
1054 2333 1204 2397 ἐντὸς
1232 2331 1299 2406 ἦν
1331 2337 1438 2390 τῶν
1469 2339 1571 2408 τῆς
1617 2340 1830 2408 φύσεως

262 2410 405 2481 ὅρων
434 2413 504 2466 τά
537 2417 661 2486 περὶ
690 2416 783 2470 τοῦ
813 2420 1046 2489 Χριστοῦ
1077 2423 1409 2495 διηγήματα,
1437 2429 1540 2482 ποῦ
1564 2429 1626 2483 τὸ
1652 2429 1828 2496 θεῖον;

254 2502 319 2556 Εἰ
346 2503 401 2555 δὲ
424 2504 744 2577 ὑπερϐαίνει
763 2510 862 2579 τὴν
896 2511 1055 2579 φύσιν
1098 2514 1126 2566 ό
1156 2515 1332 2584 λόγος,
1364 2521 1421 2573 ὲν
1449 2514 1530 2583 οἷς
1560 2522 1828 2585 ἀπιστεῖς,

254 2593 313 2644 ὲν
339 2593 551 2658 τούτοις
593 2599 741 2651 ἐστὶν
769 2602 802 2671 ή
836 2602 1108 2669 ἀπόδειξις
1143 2605 1235 2659 τοῦ
1274 2608 1405 2662 Θεὸν
1431 2606 1571 2663 εἶναι
1607 2613 1699 2665 τὸν
1728 2630 1828 2683 κη-

254 2684 607 2754 ρυσσόμενον.
654 2689 972 2761 Ἀνθρωπος
1009 2700 1107 2763 μὲν
1133 2696 1243 2767 γάρ
1276 2700 1341 2752 ὲκ
1384 2702 1723 2774 συνδυασμοῦ
1752 2706 1832 2758 τί-

260 2791 475 2840 κτεται,
516 2778 613 2830 καὶ
646 2779 784 2848 μετά
830 2782 1057 2839 θάνατον
1101 2789 1159 2841 ἐν
1191 2789 1456 2863 διαφθορᾷ
1486 2794 1712 2861 γίνεται.
1768 2799 1831 2851 El

252 2865 419 2919 ταῦτα
452 2874 697 2940 περιεῖχε
727 2872 786 2925 τὸ
817 2876 1077 2947 κήρυγμα
1098 2920 1112 2942 ,
1140 2883 1241 2935 οὐκ
1267 2882 1333 2935 ἂν
1360 2885 1492 2937 Θεὸν
1525 2882 1662 2941 εἶναι
1694 2890 1830 2943 πάν-

252 2971 357 3018 τως
384 2956 571 3028 ᾠήθης
600 2961 689 3013 τὸν
718 2964 775 3015 ὲν
807 2967 919 3028 τοῖς
969 2967 1220 3039 ἱδιώμασι
1263 2973 1362 3042 τῆς
1412 2973 1627 3043 φύσεως
1671 2980 1830 3049 ήμῶν

261 3048 723 3118 μαρτυρούμενον.
769 3053 923 3107 Ἐπεὶ
973 3056 1031 3110 δὲ
1078 3064 1436 3134 γεγεννῆσθαι
1468 3067 1565 3137 μὲν
1614 3048 1831 3134 ἀκουεις

260 3137 432 3205 αὑτὸν,
475 3143 838 3214 ὲκϐεὸηκέναι
871 3146 927 3200 δὲ
954 3150 1054 3218 τῆς
1081 3152 1294 3219 φύσεως
1329 3158 1486 3227 ἡμῶν
1528 3160 1625 3230 τὴν
1656 3164 1826 3215 κοινό-

258 3241 424 3294 τητα,
462 3231 545 3300 τῷ
582 3249 642 3285 τε
680 3234 779 3303 τῆς
831 3238 1095 3304 γενέσεως
1131 3243 1337 3314 τρόπῳ,
1391 3246 1484 3298 καὶ
1531 3248 1609 3318 τῷ
1640 3250 1827 3305 ἀνεπι-

257 3317 424 3390 δέκτῳ
462 3322 569 3391 τῆς
611 3326 691 3388 εἰς
723 3328 927 3399 φθοράν
974 3332 1344 3400 ἀλλοιώσεως,
1387 3317 1671 3404 καλῶςῗάν
1715 3343 1826 3413 ἔχοι

260 3410 395 3464 κατά
425 3413 485 3465 τὸ
518 3415 840 3481 ἀκόλουθον,
886 3421 979 3473 ἐπὶ
1015 3422 1076 3474 τὸ
1110 3423 1294 3495 ἕτερον
1330 3431 1395 3499 τῇ
1430 3430 1656 3503 ἀπιστίᾳ
1688 3410 1825 3505 χρῆ·

263 3500 484 3568 σασθαι,
516 3506 595 3568 εἰς
631 3506 690 3559 τὸ
736 3507 809 3579 μὴ
847 3509 1133 3580 ἄνθρωπον
1174 3516 1335 3569 αὐτὸν
1379 3519 1475 3573 ἕνα
1519 3500 1641 3575 τῶν-
1758 3500 1824 3596 τῇ

262 3591 412 3658 φῦσει
449 3595 816 3667 δεικνυμένων
844 3605 1071 3658 οἴεσθαιι
1124 3606 1358 3681 Ἀνάγκη
1399 3612 1508 3682 γάρ
1547 3616 1695 3669 πᾶσα
1735 3591 1827 3670 τὸν

266 3683 337 3753 μὴ
364 3689 690 3743 πιστεύοντα
716 3690 805 3744 τὸν
838 3695 1077 3748 τοιοῦτον
1110 3697 1392 3769 ἄνθρωπον
1421 3700 1582 3771 εἶναι,
1619 3711 1697 3771 εἰς
1728 3713 1827 3778 τὴν

264 3778 384 3848 περὶ
423 3780 483 3831 τὸ
528 3780 660 3835 Θεὸν
689 3785 850 3837 αὑτὸν
878 3782 1015 3840 εἶναι
1044 3789 1223 3843 πίστιν
1250 3794 1559 3865 έναχθῆναι.
1619 3800 1676 3852 Ὁ
1719 3802 1826 3872 γάρ

265 3870 611 3941 γεγεννῆσθαι
641 3875 803 3928 αὐτὸν
834 3879 1156 3950 ἱστορήσας.
1207 3884 1302 3936 καὶ
1328 3884 1392 3938 τὸ
1424 3886 1596 3953 οὕτως
1636 3870 1825 3959 γεγενή-

264 3959 449 4028 νῆσθαι
498 3965 918 4038 συνδιηγήσατο.
968 3972 1029 4023 Εἰ
1063 3971 1155 4026 οὖν
1202 3977 1390 4030 πιστόν
1437 3980 1552 4032 ἐστι
1587 3981 1675 4034 διὰ
1718 3983 1826 4035 τῶν

266 4052 561 4122 εἰρημένων
590 4056 650 4109 τὸ
678 4061 1035 4131 γεγεννῆσθαι
1060 4065 1239 4129 αὐτὸν,
1265 4067 1353 4121 διά
1376 4070 1483 4123 τῶν
1505 4075 1684 4126 αὐτῶν
1706 4076 1827 4129 τού-

263 4157 366 4194 των
395 4147 608 4213 πάντως
637 4151 756 4203 οὐδὲ
790 4152 849 4205 τὸ
879 4154 1050 4220 οὕτως
1082 4158 1244 4211 αὐτὸν
1292 4164 1652 4233 γεγεννῆσθαι
1698 4169 1827 4219 ἀπί-

265 4232 435 4291 Θανον.
486 4238 548 4290 '0
576 4240 684 4310 γὰρ
712 4242 810 4312 τὴν
847 4246 1098 4317 γέννησιν
1125 4250 1315 4313 εἰπὼν,
1354 4256 1445 4308 καὶ
1472 4257 1552 4321 τὸ,
1584 4260 1649 4311 ἐκ
1685 4276 1826 4330 παρ·-

267 4322 432 4418 θένου,
477 4331 809 4401 προσέθηκε.
840 4337 949 4389 Καὶ
984 4339 1012 4391 6
1040 4340 1132 4393 τοῦ
1158 4340 1387 4398 θανάτου
1417 4350 1694 4418 μνησθεὶς,
1734 4322 1825 4405 καὶ

268 4409 356 4479 τὴν
382 4413 673 4469 ἀνάστασιν
716 4418 794 4485 τῷ
826 4420 1039 4493 θανάτῳ
1069 4429 1605 4501 προσεμαρτύρησεν.
1637 4436 1699 4487 Εἰ
1734 4432 1825 4488 οὖν

267 4500 353 4567 ἀφ’
383 4496 454 4556 ὧν
487 4507 706 4572 ἀκούεις
740 4512 832 4563 καὶ
874 4512 935 4565 τὸ
958 4518 1317 4587 γεγεννῆσθαι

264 4589 431 4657 δίδως,
457 4595 524 4648 ἐκ
558 4598 665 4650 τῶν
702 4600 881 4655 αὐτῶν
908 4604 1098 4669 δώσεις
1130 4608 1345 4674 πάντως
1383 4614 1476 4666 καὶ
1505 4614 1565 4666 τὸ
1596 4615 1700 4680 ἔξω
1726 4619 1828 4671 πά-

271 4682 385 4742 θους
418 4679 555 4738 εἶναι
594 4690 689 4741 καὶ
717 4689 814 4761 τὴν
852 4693 1102 4764 γέννησιν
1128 4698 1291 4751 αὐτοῦ
1326 4702 1420 4754 καὶ
1463 4703 1554 4756 τὸν
1579 4704 1826 4762 θάνατον.

282 4768 428 4828 Ἀλλὰ
468 4777 577 4846 μὴν
615 4780 788 4835 ταῦτα
832 4785 1003 4853 μείζω
1052 4788 1150 4858 τῆς
1195 4790 1409 4858 φύσεως
1435 4810 1448 4823 °
1480 4797 1677 4850 οὐκοῦν
1706 4799 1828 4852 οὐδὲ

269 4860 458 4929 ἐκεῖνος
500 4870 714 4935 πάντως
744 4874 893 4939 ἐντὸς
935 4877 1034 4946 τῆς
1080 4881 1324 4947 φύσεως,
1365 4888 1394 4939 6
1431 4887 1491 4941 ἐν
1535 4894 1647 4954 τοῖς
1688 4893 1829 4958 ὑπὲρ

270 4952 417 5019 φύσιν
441 4963 796 5034 γεγεννῆσθαι
821 4964 1271 5038 ἀποδεικνύμενς.

850 5207 1099 5262 ΚΕΦΛΛ.
1145 5212 1240 5267 ΙΔν.

337 5353 427 5419 Τίς
462 5356 555 5415 οὖν
599 5366 746 5419 αἰτία
771 5409 787 5433 ,
823 5373 954 5438 φησὶ
977 5415 990 5433 ,
1022 5375 1116 5429 τοῦ
1162 5379 1298 5449 πρὸς
1330 5380 1429 5451 τὴν
1459 5386 1820 5458 ταπεινότητα

271 5443 458 5553 Etith
483 5456 788 5526 καταϐῆναι
816 5462 878 5515 τὸ
906 5464 1078 5528 Θεῖον.
1108 5469 1179 5532 ὡς
1208 5443 1513 5541 ἀμφίέολον
1553 5473 1691 5534 εἶναι

274 5532 438 5638 πίστιν
458 5580 475 5605 ,
518 5545 566 5596 εξ
606 5545 738 5610 Θεὸς
768 5551 828 5603 τὸ
860 5552 1142 5627 ἀχώρητον
1187 5532 1278 5613 xui
1308 5532 1679 5638 ἀκατανόητον

275 5623 613 5704 ἀνεκλάλητον
635 5641 887 5710 πρᾶγμα,
910 5623 1019 5716 [τῙὸ
1036 5623 1180 5719 οπερ
1214 5653 1391 5707 πᾶσαν
1419 5623 1585 5723 δόξαν.
1603 5662 1695 5713 καὶ

278 5727 366 5767 σαν
393 5726 773 5801 μεγαλειότητα
810 5734 888 5804 τῷ
934 5738 1140 5793 εὐτελεῖ
1184 5743 1392 5817 ὲλὺτρῳ
1430 5749 1527 5819 τῆς
1556 5753 1824 5825 ἀνθρωπί-

276 5816 365 5877 Vn:
387 5812 590 5883 φύσεως
622 5825 1041 5896 καταμίγννται,
1070 5830 1147 5894 ὡς
1174 5835 1266 5888 καὶ
1418 5812 1625 5912 ὑᾷηλὰς
1659 5812 1815 5916 ἔνερ-

1933 1980 2049 2037 Non
2080 1987 2262 2043 credis
2296 1990 2596 2046 miraculo?
2628 1994 2806 2050 Laetor
2850 1998 2918 2052 de
2952 2007 3045 2053 tua
3096 2000 3498 2054 incredulitate.

1930 2074 2037 2130 Per
2066 2077 2170 2134 hoc
2213 2082 2357 2135 enim
2393 2086 2537 2154 quod
2597 2103 2762 2157 supra
2798 2089 2958 2145 ﬁdem
2996 2100 3158 2159 putas
3202 2107 3325 2146 esse
3356 2093 3500 2159 quod

1931 2168 2154 2232 dicitur,
2187 2169 2375 2227 fateris
2404 2176 2674 2232 miracula
2709 2194 2831 2234 esse
2862 2196 3029 2250 supra
3064 2194 3333 2236 naturam.
3388 2182 3503 2237 lloc

1932 2259 2110 2329 ipsum
2138 2278 2270 2331 ergo
2328 2267 2403 2321 sit
2458 2268 2555 2322 tibi
2611 2280 2995 2341 argumentum
3030 2273 3331 2331 divinitatis
3382 2276 3502 2345 ejus

1930 2353 2023 2421 qui
2054 2357 2324 2425 apparuit,
2360 2360 2503 2428 quod
2538 2377 2645 2415 non
2681 2365 2940 2432 procedat
2972 2368 3287 2435 praedicatio
3316 2384 3411 2438 per
3434 2386 3497 2425 ea

1930 2460 2053 2514 qua:
2079 2455 2207 2501 sunt
2238 2451 2538 2506 secundum
2590 2463 2863 2511 naturam.
2910 2456 3047 2511 Nam
3081 2462 3127 2513 si
3175 2460 3317 2513 intra
3362 2462 3500 2515 lines

1932 2544 2140 2592 ποιοῖ-αι
2164 2526 2358 2594 essent
2385 2558 2448 2596 ea
2478 2559 2601 2614 quae
2652 2546 2719 2601 de
2768 2548 2990 2603 Christo
3046 2561 3361 2614 narrantur,
3406 2553 3497 2607 ubi

1930 2626 2237 2685 divinitas?
2298 2632 2396 2687 Sin
2440 2644 2621 2691 autem
2680 2647 2935 2694 naturam
2983 2651 3206 2712 superat
3246 2645 3297 2699 id
3353 2646 3495 2715 quod

1931 2718 2155 2783 dicitur,
2202 2738 2266 2777 ea
2313 2725 2433 2794 ipsa
2482 2743 2604 2796 quae
2651 2746 2759 2784 non
2790 2732 2994 2798 credis,
3052 2735 3285 2805 probant
3330 2734 3497 2790 Deum

1931 2826 2054 2866 esse
2086 2813 2181 2883 qui
2218 2816 2567 2884 praedicatur.
2602 2820 2736 2875 Nam
2779 2823 2941 2878 homo
2986 2826 3204 2895 quidem
3256 2829 3500 2882 nascitur

1931 2915 1998 2955 ex
2027 2902 2260 2959 duorum
2289 2908 2485 2977 00pula
2510 2919 2565 2965 et
2594 2913 3001 2982 conjunctione,
3030 2924 3086 2971 et
3114 2926 3239 2986 post
3268 2928 3497 2973 mortem

1935 2995 2087 3047 venit
2124 2997 2191 3051 ad
2225 2998 2527 3054 interitum.
2577 3001 2634 3056 Si
2678 3004 2791 3058 hmc
2826 3008 3132 3061 contineret
3162 3009 3497 3078 praedicatio,

1933 3079 2100 3136 Deum
2150 3100 2259 3139 non
2299 3102 2420 3142 esse
2472 3092 2699 3145 omnino
2763 3094 3106 3151 existimares
3159 3113 3281 3151 eum
3336 3114 3497 3167 quem

1855 3220 1897 3276 Ο
1933 3182 2265 3231 testarentur
2290 3192 2415 3234 esse
2454 3180 2597 3234 intra
2631 3193 2838 3240 natura:
2896 3188 3278 3257 proprietates.
3343 3188 3495 3255 Quo-

1930 3265 2077 3318 niam
2113 3276 2293 3322 autem
2346 3272 2506 3327 audis
2558 3274 2776 3342 quidem
2837 3277 3015 3347 ipsum
3050 3294 3175 3334 esse
3228 3282 3497 3350 genitum,

1929 3361 2238 3414 σιροεείεεο
2284 3372 2465 3416 autem
2505 3373 2717 3420 natura:
2770 3376 2972 3424 nostra:
3024 3373 3494 3434 communitatem,

1928 3456 1983 3498 et
2016 3447 2071 3500 in
2128 3449 2291 3503 modo
2341 3453 2731 3521 generationis.
2763 3466 2817 3509 et
2866 3458 3009 3526 quod
3064 3475 3170 3513 non
3222 3464 3495 3531 acceperit

1930 3538 2304 3595 alterationem
2356 3543 2423 3597 ad
2464 3544 2789 3613 interitum;
2824 3558 2971 3604 recte
3018 3552 3122 3604 erit
3172 3567 3240 3606 ex
3297 3568 3491 3609 conse-

1928 3633 2137 3700 quenti,
2165 3634 2230 3687 ad
2265 3636 2497 3690 alterum
2529 3640 2607 3692 uti
2641 3641 3040 3708 incredulitate,
3072 3659 3270 3714 nempe
3300 3654 3359 3698 ut
3385 3662 3495 3702 non

1928 3725 2210 3780 existimes
2260 3743 2385 3781 eum
2438 3745 2561 3786 esse
2617 3748 2784 3785 unum
2839 3735 3111 3791 hominem
3162 3754 3227 3791 ex
3281 3738 3349 3794 iis
3400 3741 3495 3809 qui

1929 3817 2298 3871 ostenduntur
2348 3819 2400 3873 in
2442 3831 2658 3876 natura.
2699 3822 2935 3881 Omnino
2976 3829 3120 3883 enim
3157 3845 3385 3888 necesse
3414 3844 3499 3886 est

1929 3916 1989 3961 ut
2036 3909 2129 3977 qui
2184 3909 2360 3963 credit
2407 3927 2532 3965 eum
2580 3914 2674 3982 qui
2731 3924 2815 3970 est
2864 3917 3174 3983 huiusmodi
3227 3937 3335 3977 non
3375 3940 3499 3979 esse

1930 3996 2232 4062 hominem,
2266 3998 2572 4054 deducatur
2598 4003 2667 4057 ad
2694 4006 3028 4060 credendum
3056 4010 3202 4078 quod
3233 4012 3304 4066 sit
3328 4011 3494 4069 Deus.

1928 4086 2062 4141 Nam
2096 4087 2187 4157 qui
2229 4097 2415 4143 natum
2469 4108 2593 4146 eum
2623 4109 2747 4149 esse
2783 4099 3051 4161 narravit,
3108 4102 3267 4155 simul
3327 4105 3493 4158 etiam

1931 4173 2032 4227 hoc
2063 4174 2227 4228 modo
2261 4185 2446 4230 natum
2474 4183 2769 4237 recensuit.
2799 4184 2855 4237 Si
2883 4185 3068 4255 itaque
3093 4204 3156 4242 ex
3185 4189 3346 4247 dictis
3369 4210 3493 4248 eum

1928 4271 2115 4318 uatum
2148 4280 2271 4321 esse
2298 4269 2562 4325 credibile
2589 4280 2693 4335 est,
2729 4276 2892 4328 etiam
2926 4280 3025 4332 hac
3060 4281 3273 4337 ratione
3309 4296 3491 4339 natum

1928 4372 2023 4426 per
2058 4357 2171 4412 hzec
2198 4358 2385 4414 eadem
2415 4364 2573 4417 facile
2616 4376 2792 4432 potest
2826 4371 3160 4436 persuaderi.
3192 4374 3293 4440 Qui
3348 4380 3492 4431 enim

1928 4455 2114 4501 natum
2147 4465 2270 4504 esse
2298 4452 2457 4514 dixit.
2490 4455 2691 4523 adjecit
2719 4459 2884 4512 etiam
2906 4500 2921 4523 ,
2956 4478 3023 4516 ex
3052 4464 3281 4534 virgine.
3312 4470 3369 4523 Et
3400 4473 3495 4540 qui

1355 4522 1450 4575 καὶ
1476 4522 1533 4575 τὸ
1570 4524 1825 4581 τεθνᾶναι

1929 4540 2121 4593 mortis
2153 4542 2419 4604 meminit,
2453 4522 2743 4602 attestatur
2795 4552 2957 4606 etiam
3016 4558 3161 4624 quod
3195 4570 3315 4626 post
3348 4522 3495 4617 mar-

1930 4637 2036 4683 tem
2065 4634 2384 4687 resurrexit.
2414 4634 2471 4689 Si
2493 4652 2625 4706 ergo
2650 4656 2715 4694 ex
2747 4642 2815 4698 iis
2845 4660 2966 4713 quae
2995 4648 3175 4712 audis,
3203 4652 3301 4708 das
3327 4657 3492 4711 etiam

1927 4735 2049 4774 esse
2084 4730 2272 4776 natum
2303 4733 2357 4779 et
2390 4736 2691 4796 mortuum,
2737 4748 2800 4787 ex
2839 4734 3030 4791 iisdem
3060 4744 3286 4797 omnino
3316 4746 3492 4809 dabis,

1928 4814 2338 4879 generationem
2367 4817 2489 4885 ejus
2526 4829 2580 4875 et
2626 4834 2853 4879 mortem
2900 4844 3023 4883 esse
3068 4840 3221 4888 extra
3253 4836 3497 4893 aﬂectio-

1927 4918 2072 4957 nem.
2106 4897 2584 4967 Verumenimvero
2636 4916 2750 4970 haec
2801 4928 3048 4974 naturam
3101 4937 3434 4995 exsuperant
3475 4974 3489 4985 .

1930 5006 2061 5061 ergo
2096 5009 2197 5049 nec
2239 4998 2287 5050 is
2319 4998 2462 5053 intra
2494 5012 2745 5058 naturam
2797 5011 3132 5078 continetur,
3180 5019 3273 5086 qui
3326 5036 3492 5092 supra

1932 5092 2179 5137 naturam
2211 5091 2515 5145 ostenditur
2547 5093 2717 5151 fuisse
2748 5112 3059 5167 generatus.

2505 5250 2733 5308 CAPUT
2773 5254 2909 5313 XIV.

1995 5396 2254 5462 Quaenam
2303 5410 2387 5456 est
2416 5420 2563 5477 ergo,
2610 5408 2809 5477 inquit,
2844 5428 3032 5477 causa,
3078 5420 3224 5486 quod
3264 5420 3403 5478 Deus
3434 5442 3493 5480 se

1924 5486 1991 5540 ad
2018 5496 2224 5542 tantam
2250 5491 2532 5549 demiserit
2558 5497 2939 5567 humilitatem,
2968 5514 3027 5559 ut
3051 5508 3185 5565 fides
3213 5512 3284 5565 sit
3306 5514 3490 5579 dubia,

1928 5593 1996 5632 an
2040 5578 2182 5636 Deus
2207 5584 2299 5652 qui
2322 5594 2407 5639 est
2437 5603 2525 5643 res
2558 5607 2679 5657 quae
2710 5610 2809 5648 nec
2835 5590 2976 5665 capi,
3006 5614 3104 5654 nec
3134 5611 3315 5658 mente
3340 5620 3492 5659 com-

1932 5671 2217 5738 prehendi,
2255 5690 2355 5729 nec
2386 5679 2566 5735 verbis
2595 5692 2769 5750 potest
2795 5686 3079 5755 explicari,
3113 5708 3234 5763 quae
3273 5709 3491 5752 omnem

1929 5771 2150 5828 superat
2177 5766 2487 5834 opinionem
2520 5780 2572 5826 et
2600 5776 3037 5844 amplitudinem,
3092 5768 3389 5843 misceatur
3434 5793 3487 5845 in

1924 5850 2013 5904 vili
2043 5861 2095 5908 et
2122 5854 2334 5924 abjecto
2361 5859 2613 5917 humana:
2660 5872 2869 5923 natura:
2912 5871 3213 5945 involucra,
3265 5879 3402 5937 adeo
3434 5895 3489 5936 ut
