4066 6374
494 385 560 441 47
1719 394 1776 446 S.
1838 390 2162 447 GBEGORII
2219 389 2509 447 NYSS‘ENI
3660 390 3729 444 λϐ

490 505 723 561 excelsae
746 514 798 559 et
833 505 1093 560 sublimes
1145 506 1267 575 ejus
1321 508 1667 575 operationes
1728 508 1890 562 simul
1937 509 2048 563 red-

2159 507 2310 576 γείας
2336 506 2497 560 αὑτοῦ
2528 508 2591 577 τῇ
2621 506 2755 575 πρδς
2785 504 2845 559 τδ
2868 506 3122 562 ταπεινὸν
3146 505 3393 577 ἐπιμιξίᾳ
3428 506 3725 560 συνευτελί-

492 598 695 650 dantur
725 595 951 663 abjeetae
981 603 1034 649 et
1062 596 1195 650 viles
1229 611 1355 649 cum
1401 598 1729 653 admistione
1757 598 1877 666 ejus
1911 597 2057 669 quod

494 695 577 742 est
604 688 873 754 abjeetum
904 696 957 740 et
984 688 1225 741 humile?

1088 778 1314 832 CAPUT
1356 778 1473 835 XV.

561 869 731 925 Nobis
759 870 823 924 ad
858 870 971 924 haec
1021 871 1244 924 minime
1288 872 1442 926 deest
1495 885 1614 939 quae
1650 869 1816 924 Deum
1868 871 2058 924 deceat

493 960 799 1028 responsio.
832 959 1045 1025 Quaeris
1071 975 1293 1014 causam
1324 976 1423 1015 cur
1458 960 1598 1015 Deus
1626 962 1843 1031 genitus
1871 960 1941 1015 sit
1970 960 2057 1013 in-

492 1059 576 1105 ter
607 1052 891 1105 homines?
925 1050 981 1104 Si
1016 1067 1043 1102 a
1079 1053 1187 1104 vita
1208 1052 1540 1106 abstraxeris
1559 1067 1679 1121 quae
1707 1068 1736 1105 a
1769 1050 1878 1104 Deo
1902 1066 2057 1105 acce-

493 1147 583 1209 pta
615 1141 724 1195 sint
752 1139 1034 1201 beneﬁcia,
1068 1140 1250 1195 dicere
1272 1157 1377 1194 non
1411 1141 1614 1209 poteris
1634 1157 1700 1194 ex
1726 1142 2055 1211 quibusnam

493 1231 655 1284 rebus
692 1229 860 1284 Deum
888 1246 1170 1301 agnosces.
1200 1230 1277 1284 Ex
1317 1232 1384 1285 iis
1417 1231 1561 1286 enim
1592 1247 1710 1301 quae
1732 1231 2051 1300 accipimus,

490 1320 892 1376 benefactorem
933 1324 1310 1391 agnoscimus.
1343 1323 1421 1375 Ad
1453 1337 1515 1377 ea
1568 1324 1713 1377 enim
1768 1338 1888 1392 quae
1921 1321 2073 1375 ﬁunt'

491 1412 837 1480 aspicientes,
880 1427 973 1479 per
1006 1427 1067 1465 ea
1108 1411 1226 1480 ejus
1257 1412 1350 1481 qui
1385 1412 1495 1481 agit
1544 1422 1794 1464 naturam
1836 1420 2056 1480 reputa-

490 1516 631 1555 mus.
670 1500 724 1554 Si
757 1516 887 1568 ergo
946 1501 1142 1555 divinae
1184 1509 1392 1555 naturae
1440 1501 1700 1554 indicium
1749 1508 1803 1555 et
1840 1501 2053 1568 signum

491 1594 788 1662 proprium,
826 1601 907 1647 est
968 1593 1337 1648 benevolentia
1374 1594 1425 1646 in
1461 1593 1731 1653 homines,
1767 1593 1930 1647 habes
1970 1608 2056 1644 ra-

489 1684 688 1738 tionem
726 1699 886 1753 quam
912 1685 1214 1753 quaerebas,
1254 1683 1423 1737 habes
1479 1698 1699 1736 causam
1758 1698 1857 1736 cur
1912 1682 2055 1737 Deus

489 1778 697 1831 venerit
725 1778 791 1831 ad
842 1778 1110 1831 homines.
1165 1774 1313 1845 Opus
1362 1776 1504 1829 enim
1567 1775 1798 1829 habebat
1845 1773 2053 1827 medico

487 1876 681 1923 natura
712 1877 920 1931 nostra,
961 1884 1081 1938 quae
1114 1868 1303 1921 morbo
1338 1867 1640 1922 laborabat.
1701 1866 1850 1936 Opus
1885 1866 2049 1919 habe-

492 1959 585 2011 bat
624 1974 689 2013 eo
726 1958 817 2027 qui
852 1959 1105 2026 erigeret,
1137 1957 1297 2010 homo
1323 1956 1413 2025 qui
1446 1955 1738 2009 ceciderat.
1774 1954 1922 2023 Opus
1957 1955 2050 2005 lia-

491 2048 652 2103 hehat
679 2064 744 2103 eo
776 2050 867 2119 qui
899 2048 1217 2113 vivificaret,
1251 2050 1343 2118 qui
1379 2064 1408 2101 a
1436 2051 1542 2101 vita
1574 2048 1872 2103 exciderat.
1902 2046 2049 2115 Opus

487 2142 723 2197 habebat
753 2157 817 2196 eo
852 2143 942 2209 qui
972 2142 1035 2194 ad
1064 2142 1263 2195 bonum
1296 2139 1594 2205 reduceret,
1626 2140 1720 2209 qui
1751 2138 2051 2193 deﬂuxerat

485 2250 514 2288 a
542 2234 669 2288 boni
702 2233 1137 2302 participatione.
1180 2230 1382 2302 Egebat
1418 2233 1554 2286 lucis
1603 2233 1907 2299 praesentia,
1956 2233 2051 2300 qui

484 2334 603 2378 erat
646 2325 890 2378 inclusus
921 2323 975 2375 in
1028 2321 1284 2375 tenebris.
1320 2320 1609 2387 Quaerebat
1643 2323 2045 2390 redemptorem

488 2416 757 2485 captivus,
805 2414 1112 2484 adjutorem
1149 2415 1382 2474 vinetus,
1450 2413 1797 2467 liberatorem
1855 2411 1901 2465 is
1954 2410 2048 2479 qui

478 2508 612 2577 jugo
648 2506 999 2576 premebatur
1032 2504 1330 2561 servitutis.
1389 2503 1585 2557 Haecne
1638 2511 1765 2558 sunt
1800 2518 1964 2573 parva
1995 2512 2048 2558 et

485 2600 705 2668 indigna
734 2614 853 2669 quae
891 2597 1059 2653 Deum
1096 2606 1366 2662 moveant,
1400 2608 1458 2651 ut
1491 2598 1785 2652 descendat
1830 2598 1897 2651 ad
1948 2598 2049 2651 hu-

485 2706 702 2745 manam
738 2698 990 2744 naturam
1019 2688 1367 2750 visitandam,
1403 2704 1526 2742 cum
1567 2688 1701 2742 adeo
1758 2687 2051 2742 infeliciter

489 2792 543 2838 et
568 2778 954 2834 miserabiliter
986 2776 1175 2833 all‘ecta
1214 2784 1360 2832 esset
1388 2776 1701 2831 humanitas
1727 2777 1751 2828 ?
1782 2776 1851 2829 At
1897 2786 2048 2846 pote-

486 2880 588 2932 rat,
628 2870 823 2939 inquit,
860 2875 912 2925 et
939 2868 1104 2924 homo
1141 2869 1405 2924 beneﬁcio
1444 2869 1602 2932 allici,
1642 2877 1696 2923 et
1727 2867 1870 2923 Deus
1927 2885 2046 2922 ma-

486 2978 613 3016 nere
645 2962 699 3016 in
731 2961 1155 3029 impatibilitate.
1191 2961 1296 3027 Qui
1326 2963 1469 3015 enim
1507 2961 1915 3016 universitatem
1948 2977 2046 3014 vo-

486 3056 696 3107 luntate
729 3052 1001 3116 condidit,
1038 3063 1092 3107 et
1124 3054 1267 3123 quod
1302 3067 1408 3105 non
1441 3059 1558 3105 erat
1592 3052 1717 3105 fecit
1745 3051 2047 3106 consistere

483 3147 601 3199 solo
623 3154 764 3199 nutu
799 3152 853 3199 et
882 3151 1159 3199 momento
1193 3143 1511 3206 voluntatis,
1553 3158 1654 3197 cur
1702 3159 1810 3197 non
1859 3142 2043 3196 divina

482 3236 661 3304 aliqua
699 3234 1028 3289 auctoritate
1050 3242 1104 3291 et
1135 3234 1364 3303 imperio
1393 3249 1422 3285 a
1452 3235 1727 3287 contraria
1777 3242 2048 3304 potestate

481 3327 732 3381 avulsum
764 3325 1038 3380 hominem
1088 3325 1311 3380 deducit
1343 3327 1409 3379 ad
1439 3342 1560 3381 eum
1586 3334 1786 3381 statum
1820 3327 1913 3396 qui
1942 3326 2049 3380 fuit

486 3419 556 3471 ab
592 3417 771 3483 initio,
804 3418 850 3471 si
884 3417 986 3470 hoc
1014 3417 1064 3471 ei
1108 3416 1328 3471 lubebat
1361 3433 1375 3481 ;
1420 3416 1512 3470 sed
1546 3418 1735 3487 longos
1769 3417 1883 3470 obit
1935 3418 2046 3471 cir-

484 3506 689 3569 cuitus,
721 3505 970 3575 corporis
998 3511 1248 3563 naturam
1285 3505 1530 3570 subiens,
1590 3517 1643 3559 et
1674 3521 1767 3575 per
1818 3521 2045 3576 genera-

482 3599 685 3653 tionem
755 3598 822 3651 ad
861 3597 1027 3650 vitam
1063 3596 1351 3663 accedens,
1401 3608 1454 3653 et
1508 3606 1910 3667 consequenter
1952 3614 2049 3668 per

480 3705 697 3743 onmem
729 3690 1005 3744 transiens
1046 3696 1280 3753 aetatem,
1311 3697 1365 3742 et
1403 3689 1599 3743 deinde
1661 3692 1932 3757 moriens,
1995 3700 2044 3744 et

480 3782 552 3834 ita
595 3796 689 3850 per
723 3795 880 3835 suum
913 3794 1113 3847 corpus
1146 3795 1410 3851 peragens
1435 3795 1659 3850 scopum
1692 3781 2047 3835 resurrectio-

480 3876 609 3930 nis:
648 3876 870 3945 perinde
922 3882 1084 3944 atque
1123 3876 1167 3929 si
1200 3874 1249 3929 ei
1302 3890 1411 3928 non
1470 3876 1658 3929 liceret
1721 3878 1960 3929 manenti
1991 3875 2044 3928 in

478 3968 677 4021 divina:
707 3968 895 4038 gloria:
927 3967 1234 4029 altitudine,
1287 3966 1446 4035 jussu
1496 3982 1713 4021 servare
1749 3966 2043 4029 hominem,

476 4059 669 4125 jubere
702 4068 881 4112 autem
918 4058 1097 4111 valere
1126 4056 1397 4125 ejusmodi
1452 4057 1764 4111 circuitus?
1810 4056 2048 4111 Necesse

478 4157 563 4206 est
615 4165 744 4218 ergo
808 4148 1078 4217 ejusmodi
1136 4149 1540 4217 objectionibus
1577 4149 1741 4204 etiam
1802 4157 2043 4203 nostram

479 4240 720 4309 objicere
756 4240 1066 4299 veritatem,
1119 4245 1179 4291 ut
1226 4239 1376 4291 nulla
1433 4255 1493 4293 re
1530 4239 1861 4309 impediatur
1911 4239 2045 4295 ﬁdes

479 4348 690 4397 eorum,
721 4332 812 4402 qui
840 4327 1205 4385 examinanda
1235 4338 1486 4399 quaerunt
1517 4331 1740 4385 verbum
1778 4330 2041 4401 mysterii.

481 4424 719 4479 Primum
776 4424 919 4489 ideo,
949 4422 1096 4491 quod
1132 4436 1297 4491 supra
1322 4422 1435 4490 jam
1492 4422 1894 4492 quodammodo
1928 4421 2042 4477 dis-

2160 599 2406 662 ζεσθαι.;

2752 773 3001 827 ΚΕΦΑΛ.
3035 774 3133 826 1Ε⁹.

2228 867 2343 922 Ούκ
2389 865 2700 937 ἀποροῦμεν
2732 865 2869 937 πρὸς
2915 865 3069 918 τοῦτο
3114 864 3446 934 θεοπρεποῦς
3493 864 3727 936 ἀποκρί-

2159 976 2318 1022 σεως.
2357 959 2547 1028 Ζητεῖς
2585 958 2683 1030 τὴν
2700 954 2874 1010 αἰτίαν
2888 950 2981 1006 τοῦ
3001 957 3357 1026 γεγεννῆσθαι
3380 957 3511 1009 Θεὸν
3538 958 3596 1009 ἐν
3629 959 3724 1011 ἀνα

2158 1049 2427 1120 θρώποις;
2479 1048 2603 1103 Ἐὰν
2637 1047 2841 1120 ἀφέλῃς
2868 1046 2961 1099 τοῦ
2990 1048 3102 1117 βίου
3122 1048 3220 1111 τάς
3241 1047 3423 1101 θεόθεν
3462 1049 3727 1116 ἀπογενο-

2161 1141 2327 1211 μένας
2362 1140 2702 1212 εὐεργεσίας,
2734 1142 2797 1192 ἐκ
2824 1140 2994 1192 ποίων
3022 1138 3299 1211 ἐπιγνώσῃ
3345 1140 3405 1193 τὸ
3426 1141 3598 1204 Θεῖον,
3624 1143 3727 1194 οὐκ

2159 1232 2225 1285 ἂν
2256 1234 2429 1284 εἰπεῖν
2451 1230 2614 1301 ἔχοις.
2662 1231 2779 1299 Ἀφ’
2818 1224 2893 1283 ὧν
2916 1231 3025 1301 γὰρ
3054 1233 3357 1301 πάσχομεν,
3386 1231 3495 1284 ἀπὸ
3519 1232 3726 1286 τούτων

2155 1321 2246 1374 τὸν
2274 1320 2568 1391 εὐεργέτην
2613 1321 3066 1391 ἐπιγινώσκομεν.
3104 1306 3247 1391 Πρὸς
3296 1322 3404 1392 γὰρ
3430 1321 3497 1374 τὰ
3544 1322 3726 1391 γιγνό-

2160 1431 2294 1483 μενα
2347 1413 2657 1481 βλέποντες,
2710 1412 2797 1465 διά
2852 1414 3056 1464 τούτων
3102 1411 3199 1482 τὴν
3244 1411 3338 1464 τοῦ
3379 1411 3726 1483 ἐνεργοῦντος

2155 1504 2583 1573 ἀναλογιζόμεθα
2629 1503 2811 1572 φύσιν.
2862 1504 2925 1556 Εἰ
2971 1499 3063 1556 οῦν
3114 1502 3245 1555 ἴδιον
3294 1500 3577 1573 γνώρισμα
3625 1503 3726 1571 τῆς

2157 1593 2304 1657 θείας
2339 1594 2551 1663 φύσεως
2589 1596 2621 1664 ἡ
2663 1593 3071 1664 φιλανθρωπία,
3116 1592 3259 1662 ἔχεις
3290 1593 3347 1646 δν
3385 1593 3724 1664 ἐπεζήτησας

2154 1684 2329 1754 λόγον,
2367 1684 2510 1754 ἔχεις
2557 1683 2654 1755 τὴν
2695 1684 2871 1737 αἰτίαν
2903 1685 2999 1754 τῆς
3030 1686 3087 1736 ἐν
3114 1683 3417 1753 ἀνθρώποις
3464 1685 3557 1737 τοῦ
3588 1686 3722 1738 Θεοῦ

2157 1776 2476 1845 παρουσίας.
2532 1776 2728 1828 Ἐδεῖτο
2770 1777 2878 1846 γὰρ
2934 1774 3028 1827 τοῦ
3080 1774 3416 1844 ἰατρεύοντος
3475 1778 3508 1847 ἡ
3564 1776 3723 1845 φύσις

2084 1858 2125 1911 Β
2151 1867 2306 1937 ἡμῶν
2336 1866 2698 1937 ἀσθενήσασα.
2753 1866 2952 1919 Ἐδείτο
2972 1865 3065 1918 τοῦ
3096 1865 3467 1937 ἀνορθοῦντος,
3495 1869 3523 1919 6
3556 1870 3612 1919 ἐν
3643 1867 3721 1938 τῷ

2152 1960 2403 2028 πτώματι
2450 1957 2757 2028 ἄνθρωπος.
2821 1958 3019 2011 Ἐδείτο
3071 1955 3166 2009 τοῦ
3223 1957 3636 2022 ζωοποιοῦντος,
3693 1961 3722 2011 6

2151 2048 2482 2118 ἐφαμαρτὼν
2531 2051 2630 2119 τῆς
2666 2048 2830 2118 ζωῆς.
2869 2048 3071 2102 Ἑδεῖτο
3102 2046 3195 2100 τοῦ
3235 2047 3370 2120 πρὸς
3398 2046 3460 2101 τὸ
3517 2048 3721 2116 ἀγαθὸν

2150 2140 2548 2206 ἐπανάγοντος,
2587 2143 2614 2193 6
2663 2141 2960 2211 ἀπορρυεὶς
3006 2141 3103 2211 τῆς
3154 2140 3246 2194 τοῦ
3281 2139 3485 2209 ἀγαθοῦ
3534 2157 3717 2209 μετουο

2152 2233 2292 2295 σίας.
2326 2234 2560 2304 Ἐχρῃζε
2591 2233 2689 2302 τῆς
2718 2232 2810 2284 τοῦ
2856 2233 3030 2301 φωτὸς
3066 2234 3388 2304 παρουσίας,
3436 2235 3463 2284 6
3501 2232 3723 2302 καθειρ-

2150 2324 2348 2393 γμένος
2379 2324 2455 2393 τῷ
2491 2323 2687 2375 σκότει.
2734 2322 2943 2392 Ἐζήτει
2971 2323 3061 2375 τὸν
3089 2323 3364 2394 λυτρωτὴν
3392 2322 3420 2373 6
3446 2323 3722 2392 αἰχμάλω-

2149 2430 2239 2475 τος
2262 2453 2277 2477 ,
2320 2412 2410 2464 τὸν
2456 2413 2853 2483 συναγωνιστὴν
2891 2415 2918 2466 6
2951 2412 3266 2483 δεσμώτης,
3301 2414 3391 2465 τὸν
3424 2413 3721 2483 ἐλευθερω-

2148 2504 2244 2572 τὴν
2299 2505 2327 2555 6
2377 2502 2454 2573 τῷ
2503 2503 2651 2572 ζυγῷ
2704 2505 2803 2573 τῆς
2847 2503 3088 2567 δουλείας
3141 2505 3521 2573 κατεχόμενος.
3572 2498 3722 2573 Ἀρσ.

2153 2594 2320 2664 μικρὰ
2350 2591 2519 2646 ταῦτα
2552 2594 2642 2646 καὶ
2674 2593 2864 2657 ἀνάξια
2904 2594 2994 2646 τὸν
3041 2594 3172 2647 Θεὸν
3224 2594 3539 2664 δυσωπῆσαι
3583 2593 3719 2664 πρὸς

2149 2684 2433 2751 ἐπίσκεψιν
2474 2686 2571 2754 τῆς
2621 2684 2963 2757 ἀνθρωπίνης
3013 2685 3225 2752 φύσεως
3258 2685 3590 2755 καταϐῆναι,
3624 2684 3717 2738 οῦ-

2148 2794 2255 2839 τως
2307 2775 2552 2839 ἐλεεινῶς
2600 2777 2693 2827 καὶ
2756 2776 2954 2837 ἀθλίως
2999 2777 3097 2846 τῆς
3153 2777 3564 2846 ἀνθρωπότητος
3613 2776 3720 2827 δια-

2150 2862 2440 2932 κειμένηςς
2484 2863 2621 2915 Ἀλλ’
2649 2862 2793 2934 ἐξῆν,
2825 2865 2986 2935 φησι,
3030 2866 3122 2918 καί¹
3171 2865 3595 2936 εύεργετηθῆναι
3627 2866 3719 2918 τὸν

2148 2953 2465 3025 ἄνθρωπον,
2524 2955 2618 3008 καὶ
2680 2957 2738 3007 ἐν
2788 2957 3025 3029 ἀπαθείᾳ
3079 2957 3163 3010 τὸν
3220 2959 3351 3010 Θεὸν
3424 2959 3715 3028 διαμεῖναι.

2161 3045 2218 3097 Ὀ
2273 3045 2380 3113 γὰρ
2430 3044 2508 3114 τῷ
2553 3045 2849 3117 βουλήματι
2901 3047 2962 3100 τὸ
3003 3051 3109 3101 πᾶν
3154 3044 3584 3118 συστησάμενος,
3622 3050 3717 3102 καὶ

2149 3137 2208 3190 τὺ
2257 3139 2331 3207 μὴ
2364 3137 2422 3190 ὃν
2473 3140 2782 3209 ὑποστήσας
2832 3142 2888 3192 ὲν
2940 3143 3076 3212 μόνῃ
3111 3144 3174 3211 τῇ
3222 3142 3368 3212 ὁρμῇ
3415 3140 3508 3194 τοῦ
3555 3142 3715 3212 θελή-

2154 3246 2341 3298 ματος,
2364 3230 2415 3281 τί
2439 3231 2557 3300 οὐχὶ
2590 3231 2682 3283 καὶ
2706 3232 2795 3283 τὸν
2818 3231 3100 3302 ἄνθρωπον
3128 3232 3192 3284 δι’
3224 3232 3546 3303 αὐθεντικῆς
3576 3250 3716 3298 τινος

2151 3322 2242 3373 καὶ
2271 3320 2457 3390 θεῐκῆς
2486 3322 2730 3386 ἐξουσίας
2752 3323 2852 3391 τῆς
2880 3324 3128 3385 ἐναντίας
3156 3324 3437 3394 δυνάμεως
3469 3325 3717 3377 ἀποσπά-

2152 3430 2279 3475 σας,
2310 3412 2443 3483 πρὸς
2473 3414 2571 3482 τὴν
2600 3413 2657 3479 ἐξ
2696 3415 2870 3485 ἀρχῆς
2916 3415 3037 3481 ἄγει
3083 3415 3434 3481 κατάστασιν,
3477 3418 3525 3467 εἰ
3562 3415 3717 3469 τοῦτο

2150 3503 2302 3571 φίλον
2350 3503 2532 3572 αὐτῷ’
2575 3504 2710 3557 ἀλλά
2769 3504 2987 3575 μακρὰς
3037 3506 3382 3575 περιέρχεται
3436 3507 3717 3576 περιόδους

2152 3596 2419 3667 σώματος,
2458 3598 2823 3668 ὑπερχόμενος
2854 3598 3033 3667 φύσιν,
3057 3600 3719 3670 καὶδιὰγεννήςεωςπαρ·

2155 3693 2249 3745 ut»;
2287 3697 2366 3758 εἰς
2400 3694 2491 3746 τὸν
2538 3689 2650 3758 βίον
2670 3728 2684 3749 ,
2724 3689 2815 3741 καὶ
2847 3690 3025 3741 πᾶσαν
3057 3687 3363 3752 ἀκολούθως
3396 3688 3607 3759 ἡλικίαν
3632 3689 3713 3741 δι-

2149 3778 2324 3844 εξιὼν,
2340 3775 2456 3832 εἶτα
2484 3779 2711 3833 θανάτου
2747 3779 3056 3848 γευόμενος,
3080 3781 3172 3832 καὶ
3195 3780 3365 3844 οὕτως
3391 3780 3477 3832 διὰ
3498 3783 3595 3852 τῆς
3619 3780 3716 3834 τοῦ

2152 3872 2281 3923 ἰδίου
2329 3870 2577 3940 σώματος
2614 3872 2961 3935 ἀναστάσεως
2997 3872 3089 3925 τὸν
3136 3873 3335 3925 σκοπὸν
3383 3873 3593 3925 ἀνύων·
3640 3872 3715 3935 ab;

2147 3966 2246 4017 οὐκ
2274 3963 2392 4028 ἐξὸν
2424 3962 2570 4033 αὐτῷ
2605 3963 2815 4033 μένοντι
2859 3964 2950 4015 ἐπὶ
2991 3964 3083 4016 τοῦ
3112 3962 3401 4035 ’ύῴουςπτῆς
3434 3962 3590 4036 δόξης
3626 3963 3716 4016 διὰ

2147 4057 2562 4125 προστάγματος
2600 4056 2768 4108 σῶσαι
2802 4055 2891 4107 τὸν
2923 4054 3225 4125 ἄνθρωπον,
3257 4056 3356 4120 τὰς
3385 4058 3439 4109 δὲ
3461 4057 3716 4120 τοιαύτας

2148 4147 2425 4219 περιόδους
2465 4148 2675 4219 χαίρειν
2715 4149 2910 4213 ἐάσαις
2964 4148 3170 4201 Οὐκοῦν
3208 4149 3418 4221 ἀνάγκη
3457 4151 3550 4202 καὶ
3592 4153 3725 4213 ταῖς

2146 4240 2419 4304 τοιαύταις
2445 4240 2553 4292 τῶν
2580 4240 2902 4293 ἀντιθέσεων
2922 4241 3374 4310 ἀντικαταστῆναι
3400 4242 3527 4310 παρ’
3556 4244 3589 4311 ἡ
3599 4241 3715 4310 μῶν

2146 4330 2243 4401 τὴν
2270 4331 2542 4402 ἀλήθειαν,
2576 4332 2651 4395 ὡς
2690 4332 2755 4385 ἂν
2782 4332 2871 4385 διὰ
2903 4333 3127 4403 μηδενὸς
3153 4334 3184 4402 ὴ
3227 4332 3408 4395 πίστις
3433 4332 3712 4393 κωλύοιτο,

2145 4419 2252 4472 τῶν
2279 4419 2638 4484 ἐξεταστικῶς
2681 4420 2986 4491 ζητούντων
3020 4423 3114 4473 τοῦ
3169 4420 3464 4491 μυστηρίου
3495 4421 3585 4473 τὸν
3624 4422 3713 4474 λό-

479 4531 699 4570 cussum
764 4524 868 4579 est,
909 4514 1341 4575 consideremus,
1370 4513 1627 4583 quidnam
1687 4512 1874 4566 virtuti
1920 4520 2041 4565 tan-

2149 4528 2256 4579 γον.
2292 4512 2511 4582 Πρῶτον
2553 4513 2649 4583 μὲν
2676 4509 2766 4566 οὖν
2792 4515 2925 4585 ὅπερ
2966 4515 3056 4566 καὶ
3086 4516 3143 4566 ἐν
3165 4516 3276 4576 τοῖς
3312 4514 3581 4582 φθάσασιν
3614 4514 3716 4585 ἤδη

479 4621 638 4676 quam
677 4604 1010 4658 contrarium
1036 4610 1361 4673 opponatur.
1391 4603 1549 4657 Certe
1580 4601 2040 4671 quemadmodum

481 4698 717 4752 tenebrae
752 4696 975 4761 lumini,
1019 4711 1168 4749 mors
1195 4695 1338 4758 vitae,
1376 4694 1450 4749 ita
1483 4692 1673 4746 virtuti
1712 4708 1928 4762 quoque
1963 4693 2043 4746 vi-

481 4790 636 4851 tium,
666 4803 765 4842 nec
792 4786 937 4840 aliud
960 4786 1256 4855 quidquam
1280 4784 1612 4839 contrarium
1640 4792 1745 4838 est.
1777 4782 1843 4837 Ut
1877 4786 2043 4844 enim,

481 4894 604 4931 cum
639 4878 810 4930 multa
836 4877 946 4932 sint
978 4892 1096 4945 quae
1124 4874 1543 4930 considerantur
1582 4875 1635 4926 in
1657 4881 1927 4937 creatura,
1963 4873 2047 4925 ni-

483 4969 557 5023 hil
590 4968 740 5021 aliud
766 4984 832 5023 ex
869 4969 1100 5023 adver’so
1132 4967 1487 5037 distinguitur
1518 4981 1546 5017 a
1573 4966 1695 5019 luce
1730 4974 1824 5018 aut
1855 4980 1883 5017 a
1909 4965 2042 5027 vita,

482 5075 592 5113 non
628 5060 790 5128 lapis,
822 5074 930 5113 non
966 5059 1194 5130 lignum,
1244 5074 1351 5112 non
1382 5072 1543 5127 aqua,
1593 5073 1702 5111 non
1734 5057 1916 5120 homo,
1948 5072 2045 5111 ne-

482 5165 587 5219 que
616 5149 818 5219 aliquid
856 5150 1002 5204 aliud
1038 5166 1102 5205 ex
1142 5150 1209 5204 iis
1242 5165 1363 5219 quae
1399 5159 1547 5211 sunt,
1590 5159 1950 5219 praeterquam
1981 5165 2046 5205 ea

482 5258 603 5313 quae
640 5244 861 5312 proprie
898 5244 1277 5314 intelliguntur
1313 5258 1378 5297 ex
1420 5246 1717 5303 contrario,
1751 5252 1935 5311 utpote
1967 5253 2045 5297 te-

472 5336 664 5391 nebrae
693 5343 746 5389 et
774 5351 923 5391 mors
957 5337 1068 5389 :ita
1103 5335 1265 5390 etiam
1311 5335 1365 5388 in
1396 5334 1615 5396 virtute,
1652 5348 1811 5388 nemo
1847 5332 2047 5388 dixerit

484 5429 647 5481 ullam
675 5434 983 5481 creaturam
1019 5426 1246 5497 intelligi
1272 5441 1391 5480 esse
1416 5425 1463 5480 ei
1511 5426 1867 5489 contrariam,
1910 5440 2048 5495 pra:-

481 5530 727 5588 terquam
762 5517 814 5572 id
863 5517 1009 5589 quod
1048 5525 1229 5572 mente
1280 5515 1588 5585 concipitur
1647 5531 1711 5570 ex
1781 5516 1933 5571 vitio.
1990 5516 2044 5571 Si

481 5624 611 5679 ergo
641 5610 693 5663 in
722 5610 855 5665 vitio
884 5609 1106 5680 quidem
1146 5620 1487 5663 natum'esse
1518 5606 1685 5662 Deum
1722 5617 1913 5662 nostra
1960 5624 2050 5663 as—

481 5714 688 5757 sereret
740 5702 937 5765 oratio,
968 5708 1273 5769 opportune
1328 5705 1514 5768 posset
1553 5699 1644 5767 qui
1698 5700 2045 5765 contradicit,

480 5802 724 5849 nostram
758 5794 1015 5847 insectari
1041 5792 1222 5857 iidem,
1251 5800 1308 5846 ut
1338 5791 1430 5860 qui
1453 5805 1515 5845 ea
1539 5791 1893 5861 apinaremur
1926 5808 2046 5861 quae

2150 4604 2385 4673 μετρίως
2418 4604 2725 4675 ἐξήτασται,
2764 4608 2817 4659 τί
2864 4611 2926 4678 τῇ
2980 4609 3146 4679 ἀρετῇ
3188 4606 3327 4660 κατά
3364 4607 3425 4659 τὸ
3478 4606 3717 4660 ἐναντίον

2148 4695 2500 4767 καθέστηκεν,
2534 4698 2975 4768 ἐπισκεψώμεθα.
3015 4700 3102 4762 Ὠς
3128 4699 3266 4769 φωτὶ
3292 4699 3480 4760 σκότος
3504 4698 3599 4750 καὶ
3622 4698 3713 4750 Θά-

2146 4803 2302 4849 νατος
2324 4789 2389 4857 τῇ
2424 4786 2558 4858 ζωῇ,
2592 4787 2733 4841 οὕτω
2760 4790 2853 4841 καὶ
2886 4794 2951 4861 τῇ
2992 4791 3159 4862 κακίᾳ
3187 4792 3219 4859 ἡ
3263 4790 3429 4859 ἀρετὴ
3452 4789 3712 4859 δηλονότι,

2147 4879 2240 4931 καὶ
2270 4878 2417 4931 οὐδὲν
2452 4880 2600 4949 παρὰ
2624 4882 2825 4951 ταύτην
2848 4883 3052 4951 ἕτερον.
3085 4882 3348 4953 Καθάπερ
3377 4881 3483 4951 γὰρ
3506 4879 3717 4934 πολλῶν

2145 4970 2312 5024 ὄντων
2331 4971 2436 5023 τῶν
2458 4973 2515 5024 ἐν
2535 4974 2598 5042 τῇ
2623 4974 2794 5026 κτίσει
2824 4973 3230 5044 θεωρουμένων,
3254 4973 3405 5026 οὐδὲν
3428 4972 3555 5026 ἄλλο
3582 4972 3718 5043 πρὸς

2145 5062 2205 5114 τὸ
2238 5061 2401 5131 φῶςῆ
2426 5062 2523 5133 τὴν
2549 5062 2693 5133 ζωὴν
2708 5063 2805 5132 τὴν
2831 5064 3210 5134 ἁντιδιαίρεσιν
3234 5063 3365 5132 ἔχει,
3384 5063 3444 5114 ού
3468 5062 3631 5125 λίθος,
3655 5062 3715 5113 οὐ

2147 5150 2319 5215 Ξύλον,
2349 5152 2444 5222 οὐχ
2462 5151 2621 5219 ὕδωρ,
2648 5153 2745 5204 οῦκ
2767 5153 3067 5223 ἅνθρωπος,
3095 5153 3193 5205 οὐκ
3208 5152 3334 5205 ἄλλο
3355 5150 3527 5203 τιτῶν
3550 5151 3717 5202 ὄντων

2146 5242 2314 5306 οὐδὲν,
2350 5243 2485 5312 πλὴν
2525 5243 2666 5307 ἰδίως
2689 5244 2755 5297 τὰ
2788 5245 2927 5298 κατὰ
2952 5244 3011 5296 τὸ
3042 5244 3280 5298 ἐναντίον
3299 5242 3582 5311 νοούμενα,
3608 5232 3717 5292 οἷον

2151 5334 2336 5398 σκότος
2375 5336 2466 5388 καὶ
2513 5335 2771 5400 θάνατος’
2819 5336 2961 5390 οὕτω
3001 5337 3092 5391 καὶ
3123 5336 3216 5388 ἐπὶ
3251 5336 3349 5405 τῆς
3378 5334 3577 5404 ἀρετῆς
3617 5334 3717 5385 οὐκ

2149 5423 2213 5477 ἄν
2241 5441 2323 5487 τις
2363 5425 2535 5477 κτίσιν
2575 5426 2695 5479 τινὰ
2743 5429 2883 5480 κατά
2917 5426 2978 5479 τὸ
3027 5424 3266 5478 ἐναντίον
3308 5425 3442 5494 αὐτῇ
3483 5420 3718 5474 νοεῖσθαι

2148 5514 2315 5583 λέγοι,
2344 5514 2479 5587 πλὴν
2517 5516 2577 5568 τὸ
2610 5517 2751 5571 κατά
2780 5517 2975 5571 κακίαν
3004 5516 3199 5587 νόημα.
3228 5513 3435 5568 Οὐκοῦν
3464 5515 3511 5565 εἰ
3543 5513 3640 5583 μὲν
3662 5515 3718 5564 ὲν

2150 5607 2315 5678 κακίᾳ
2338 5607 2659 5679 γεγενῆσθαι
2683 5608 2741 5661 τὸ
2772 5608 2926 5662 Θείον
2955 5611 2983 5661 6
3014 5608 3277 5679 ἡμέτερος
3309 5605 3607 5677 ἐπρέσϐευε.
3632 5603 3719 5655 λό-

2150 5718 2264 5767 γος,
2298 5699 2487 5771 καιρὸν
2516 5699 2582 5753 ἂν
2616 5695 2759 5771 εἶχεν
2792 5703 2820 5754 6
2856 5700 3151 5767 ἀντιλέγων
3181 5699 3538 5766 κατατρέχειν
3562 5693 3721 5764 ἡμῶν

2150 5793 2245 5862 τῆς
2294 5793 2557 5858 πίστεως,
2593 5792 2669 5855 ὡς
2700 5792 3016 5864 ἁνάρμοστά
3067 5808 3127 5844 τε
3164 5790 3257 5843 καὶ
3313 5788 3721 5859 ἁπιμφαίνοντιι
