  <div class='ocr_page' id='page_1' title='image "/cluster/home/n/w/nwhite01/storage/ocr_20150623/45/nnc1.0046978445/034.png"; bbox 0 0 4066 6374; ppageno 0'>
   <div class='ocr_carea' id='block_1_1' title="bbox 286 394 3545 461">
    <p class='ocr_par' dir='ltr' id='par_1_1' title="bbox 286 394 3545 461">
     <span class='ocr_line' id='line_1_1' title="bbox 286 394 3545 461; baseline -0.006 7"><span class='ocrx_word' id='word_1_1' title='bbox 286 394 362 451; x_wconf 62' lang='grc' dir='ltr'>ιθ</span> <span class='ocrx_word' id='word_1_2' title='bbox 1525 405 1784 461; x_wconf 78' lang='lat' dir='ltr'><strong>oamo</strong></span> <span class='ocrx_word' id='word_1_3' title='bbox 1810 401 2311 458; x_wconf 76' lang='lat' dir='ltr'><strong>CATECHETICA.</strong></span> <span class='ocrx_word' id='word_1_4' title='bbox 3475 401 3545 456; x_wconf 77' lang='lat' dir='ltr'><strong>so</strong></span> 
     </span>
    </p>
   </div>
   <div class='ocr_carea' id='block_1_2' title="bbox 282 517 1871 595">
    <p class='ocr_par' dir='ltr' id='par_1_2' title="bbox 282 517 1871 594">
     <span class='ocr_line' id='line_1_2' title="bbox 282 517 1871 594; baseline 0.003 -23"><span class='ocrx_word' id='word_1_5' title='bbox 282 517 424 589; x_wconf 71' lang='grc' dir='ltr'>περὶ</span> <span class='ocrx_word' id='word_1_6' title='bbox 456 520 560 589; x_wconf 77' lang='grc' dir='ltr'><strong>τῆς</strong></span> <span class='ocrx_word' id='word_1_7' title='bbox 585 518 732 582; x_wconf 87' lang='grc' dir='ltr'>θείας</span> <span class='ocrx_word' id='word_1_8' title='bbox 762 519 978 588; x_wconf 80' lang='grc' dir='ltr'>φύσεως</span> <span class='ocrx_word' id='word_1_9' title='bbox 1002 518 1349 587; x_wconf 73' lang='grc' dir='ltr'>δοξαζόντων.</span> <span class='ocrx_word' id='word_1_10' title='bbox 1378 521 1453 575; x_wconf 80' lang='grc' dir='ltr'><strong>Οὐ</strong></span> <span class='ocrx_word' id='word_1_11' title='bbox 1481 522 1589 594; x_wconf 86' lang='grc' dir='ltr'>γὰρ</span> <span class='ocrx_word' id='word_1_12' title='bbox 1618 524 1681 594; x_wconf 85' lang='grc' dir='ltr'>δὴ</span> <span class='ocrx_word' id='word_1_13' title='bbox 1720 523 1871 594; x_wconf 88' lang='grc' dir='ltr'>θεμι-</span> 
     </span>
    </p>
   </div>
   <div class='ocr_carea' id='block_1_3' title="bbox 1970 517 3540 595">
    <p class='ocr_par' dir='ltr' id='par_1_3' title="bbox 1980 518 3540 589">
     <span class='ocr_line' id='line_1_3' title="bbox 1980 518 3540 589; baseline 0 -14"><span class='ocrx_word' id='word_1_14' title='bbox 1980 521 2178 575; x_wconf 71' lang='lat' dir='ltr'><strong>divina:</strong></span> <span class='ocrx_word' id='word_1_15' title='bbox 2238 528 2445 573; x_wconf 65' lang='lat' dir='ltr'><strong>naturae</strong></span> <span class='ocrx_word' id='word_1_16' title='bbox 2490 518 2713 572; x_wconf 90' lang='lat' dir='ltr'><strong>minime</strong></span> <span class='ocrx_word' id='word_1_17' title='bbox 2766 528 3070 589; x_wconf 84' lang='lat' dir='ltr'><strong>congruant</strong></span> <span class='ocrx_word' id='word_1_18' title='bbox 3105 526 3159 574; x_wconf 88' lang='lat' dir='ltr'><strong>et</strong></span> <span class='ocrx_word' id='word_1_19' title='bbox 3192 519 3540 576; x_wconf 75' lang='lat' dir='ltr'><strong>conveniant.</strong></span> 
     </span>
    </p>
   </div>
   <div class='ocr_carea' id='block_1_4' title="bbox 284 603 1872 685">
    <p class='ocr_par' dir='ltr' id='par_1_4' title="bbox 284 603 1872 685">
     <span class='ocr_line' id='line_1_4' title="bbox 284 603 1872 685; baseline 0.003 -24"><span class='ocrx_word' id='word_1_20' title='bbox 284 606 380 661; x_wconf 84' lang='grc' dir='ltr'><strong>τὸν</strong></span> <span class='ocrx_word' id='word_1_21' title='bbox 412 603 485 679; x_wconf 82' lang='grc' dir='ltr'>ἦν</span> <span class='ocrx_word' id='word_1_22' title='bbox 509 609 607 679; x_wconf 76' lang='grc' dir='ltr'>τὴν</span> <span class='ocrx_word' id='word_1_23' title='bbox 632 610 957 677; x_wconf 81' lang='grc' dir='ltr'>αὐτοσοφίαν</span> <span class='ocrx_word' id='word_1_24' title='bbox 978 611 1067 663; x_wconf 69' lang='grc' dir='ltr'><strong>καὶ</strong></span> <span class='ocrx_word' id='word_1_25' title='bbox 1089 611 1400 683; x_wconf 84' lang='grc' dir='ltr'>άγαθότητα</span> <span class='ocrx_word' id='word_1_26' title='bbox 1424 614 1516 665; x_wconf 76' lang='grc' dir='ltr'>καὶ</span> <span class='ocrx_word' id='word_1_27' title='bbox 1544 614 1872 685; x_wconf 82' lang='grc' dir='ltr'><strong>ἀφθαρσίαν,</strong></span> 
     </span>
    </p>
   </div>
   <div class='ocr_carea' id='block_1_5' title="bbox 272 702 1875 776">
    <p class='ocr_par' dir='ltr' id='par_1_5' title="bbox 272 702 1875 776">
     <span class='ocr_line' id='line_1_5' title="bbox 272 702 1875 776; baseline 0.004 -23"><span class='ocrx_word' id='word_1_28' title='bbox 272 702 380 754; x_wconf 70' lang='grc' dir='ltr'>καὶ</span> <span class='ocrx_word' id='word_1_29' title='bbox 406 702 466 753; x_wconf 81' lang='grc' dir='ltr'>ετ</span> <span class='ocrx_word' id='word_1_30' title='bbox 496 719 552 754; x_wconf 90' lang='grc' dir='ltr'><strong>τι</strong></span> <span class='ocrx_word' id='word_1_31' title='bbox 582 702 782 771; x_wconf 77' lang='grc' dir='ltr'>ὑψηλόν</span> <span class='ocrx_word' id='word_1_32' title='bbox 816 702 934 755; x_wconf 82' lang='grc' dir='ltr'>ἐστι</span> <span class='ocrx_word' id='word_1_33' title='bbox 978 703 1160 773; x_wconf 84' lang='grc' dir='ltr'>νόημά</span> <span class='ocrx_word' id='word_1_34' title='bbox 1198 721 1258 756; x_wconf 91' lang='grc' dir='ltr'><strong>τε</strong></span> <span class='ocrx_word' id='word_1_35' title='bbox 1292 706 1385 757; x_wconf 80' lang='grc' dir='ltr'><strong>καὶ</strong></span> <span class='ocrx_word' id='word_1_36' title='bbox 1414 705 1603 775; x_wconf 74' lang='grc' dir='ltr'>ὄνομα,</span> <span class='ocrx_word' id='word_1_37' title='bbox 1647 706 1783 776; x_wconf 91' lang='grc' dir='ltr'>πρὸς</span> <span class='ocrx_word' id='word_1_38' title='bbox 1815 707 1875 759; x_wconf 88' lang='grc' dir='ltr'><strong>τὸ</strong></span> 
     </span>
    </p>
   </div>
   <div class='ocr_carea' id='block_1_6' title="bbox 282 792 1872 868">
    <p class='ocr_par' dir='ltr' id='par_1_6' title="bbox 282 792 1872 868">
     <span class='ocr_line' id='line_1_6' title="bbox 282 792 1872 868; baseline 0.004 -24"><span class='ocrx_word' id='word_1_39' title='bbox 282 794 540 846; x_wconf 78' lang='grc' dir='ltr'>ἐναντίον</span> <span class='ocrx_word' id='word_1_40' title='bbox 573 795 1058 864; x_wconf 81' lang='grc' dir='ltr'><strong>μεταπεπτωκέναι</strong></span> <span class='ocrx_word' id='word_1_41' title='bbox 1085 794 1281 863; x_wconf 78' lang='grc' dir='ltr'>λέγειν.</span> <span class='ocrx_word' id='word_1_42' title='bbox 1320 798 1383 849; x_wconf 88' lang='grc' dir='ltr'>Εί</span> <span class='ocrx_word' id='word_1_43' title='bbox 1426 792 1518 850; x_wconf 83' lang='grc' dir='ltr'><strong>οὖν</strong></span> <span class='ocrx_word' id='word_1_44' title='bbox 1546 797 1679 859; x_wconf 88' lang='grc' dir='ltr'>Θεὸς</span> <span class='ocrx_word' id='word_1_45' title='bbox 1713 797 1810 867; x_wconf 82' lang='grc' dir='ltr'><strong>μὲν</strong></span> <span class='ocrx_word' id='word_1_46' title='bbox 1839 799 1872 868; x_wconf 81' lang='grc' dir='ltr'>ἠ</span> 
     </span>
    </p>
   </div>
   <div class='ocr_carea' id='block_1_7' title="bbox 280 883 1873 959">
    <p class='ocr_par' dir='ltr' id='par_1_7' title="bbox 280 883 1873 959">
     <span class='ocr_line' id='line_1_7' title="bbox 280 883 1873 959; baseline 0.003 -24"><span class='ocrx_word' id='word_1_47' title='bbox 280 883 501 954; x_wconf 83' lang='grc' dir='ltr'>ἀληθὴς</span> <span class='ocrx_word' id='word_1_48' title='bbox 550 886 752 955; x_wconf 83' lang='grc' dir='ltr'>ἀρετή·</span> <span class='ocrx_word' id='word_1_49' title='bbox 798 884 959 953; x_wconf 85' lang='grc' dir='ltr'>φύσις</span> <span class='ocrx_word' id='word_1_50' title='bbox 1000 886 1057 938; x_wconf 81' lang='grc' dir='ltr'>δέ</span> <span class='ocrx_word' id='word_1_51' title='bbox 1096 905 1181 950; x_wconf 89' lang='grc' dir='ltr'><strong>τις</strong></span> <span class='ocrx_word' id='word_1_52' title='bbox 1222 888 1323 940; x_wconf 75' lang='grc' dir='ltr'>οὐκ</span> <span class='ocrx_word' id='word_1_53' title='bbox 1366 888 1773 958; x_wconf 88' lang='grc' dir='ltr'>ἀντιδιαιρεῑται</span> <span class='ocrx_word' id='word_1_54' title='bbox 1806 891 1873 959; x_wconf 78' lang='grc' dir='ltr'>τῇ</span> 
     </span>
    </p>
   </div>
   <div class='ocr_carea' id='block_1_8' title="bbox 282 977 1873 1051">
    <p class='ocr_par' dir='ltr' id='par_1_8' title="bbox 282 977 1873 1051">
     <span class='ocr_line' id='line_1_8' title="bbox 282 977 1873 1051; baseline 0.004 -24"><span class='ocrx_word' id='word_1_55' title='bbox 282 977 460 1047; x_wconf 81' lang='grc' dir='ltr'>ἀρετῇ</span> <span class='ocrx_word' id='word_1_56' title='bbox 490 1017 507 1039; x_wconf 96' lang='grc'><strong>,</strong></span> <span class='ocrx_word' id='word_1_57' title='bbox 549 977 684 1031; x_wconf 84' lang='grc' dir='ltr'><strong>ἀλλά</strong></span> <span class='ocrx_word' id='word_1_58' title='bbox 733 978 929 1030; x_wconf 89' lang='grc' dir='ltr'>κακία·</span> <span class='ocrx_word' id='word_1_59' title='bbox 959 978 1091 1041; x_wconf 89' lang='grc' dir='ltr'>Θεὸς</span> <span class='ocrx_word' id='word_1_60' title='bbox 1116 978 1172 1031; x_wconf 86' lang='grc' dir='ltr'>δὲ</span> <span class='ocrx_word' id='word_1_61' title='bbox 1212 980 1311 1033; x_wconf 86' lang='grc' dir='ltr'>οὐκ</span> <span class='ocrx_word' id='word_1_62' title='bbox 1350 981 1407 1033; x_wconf 83' lang='grc' dir='ltr'>ἐν</span> <span class='ocrx_word' id='word_1_63' title='bbox 1439 980 1635 1051; x_wconf 76' lang='grc' dir='ltr'>κακίᾳ,</span> <span class='ocrx_word' id='word_1_64' title='bbox 1665 980 1780 1034; x_wconf 80' lang='grc' dir='ltr'>ἀλλ’</span> <span class='ocrx_word' id='word_1_65' title='bbox 1816 983 1873 1034; x_wconf 87' lang='grc' dir='ltr'>ὲν</span> 
     </span>
    </p>
   </div>
   <div class='ocr_carea' id='block_1_9' title="bbox 280 1066 1874 1139">
    <p class='ocr_par' dir='ltr' id='par_1_9' title="bbox 280 1066 1874 1139">
     <span class='ocr_line' id='line_1_9' title="bbox 280 1066 1874 1139; baseline 0.002 -19"><span class='ocrx_word' id='word_1_66' title='bbox 280 1066 587 1138; x_wconf 83' lang='grc' dir='ltr'>ἀνθρώπου</span> <span class='ocrx_word' id='word_1_67' title='bbox 628 1068 836 1136; x_wconf 89' lang='grc' dir='ltr'>γίνεται</span> <span class='ocrx_word' id='word_1_68' title='bbox 865 1068 1057 1138; x_wconf 83' lang='grc' dir='ltr'>φύσει·</span> <span class='ocrx_word' id='word_1_69' title='bbox 1102 1069 1261 1138; x_wconf 86' lang='grc' dir='ltr'>μόνον</span> <span class='ocrx_word' id='word_1_70' title='bbox 1304 1070 1358 1123; x_wconf 83' lang='grc' dir='ltr'>δὲ</span> <span class='ocrx_word' id='word_1_71' title='bbox 1388 1071 1631 1139; x_wconf 83' lang='grc' dir='ltr'>ἀπρεπὲς</span> <span class='ocrx_word' id='word_1_72' title='bbox 1664 1071 1758 1123; x_wconf 66' lang='grc' dir='ltr'><strong>καὶ</strong></span> <span class='ocrx_word' id='word_1_73' title='bbox 1788 1072 1874 1123; x_wconf 80' lang='lat' dir='ltr'><strong>al-</strong></span> 
     </span>
    </p>
   </div>
   <div class='ocr_carea' id='block_1_10' title="bbox 287 1156 1869 1231">
    <p class='ocr_par' dir='ltr' id='par_1_10' title="bbox 287 1156 1869 1231">
     <span class='ocr_line' id='line_1_10' title="bbox 287 1156 1869 1231; baseline 0.003 -20"><span class='ocrx_word' id='word_1_74' title='bbox 287 1159 464 1228; x_wconf 84' lang='grc' dir='ltr'>σχρὸν</span> <span class='ocrx_word' id='word_1_75' title='bbox 488 1160 552 1212; x_wconf 91' lang='grc' dir='ltr'><strong>τὸ</strong></span> <span class='ocrx_word' id='word_1_76' title='bbox 582 1160 725 1213; x_wconf 83' lang='grc' dir='ltr'>κατὰ</span> <span class='ocrx_word' id='word_1_77' title='bbox 753 1160 950 1214; x_wconf 80' lang='grc' dir='ltr'>κακίαν</span> <span class='ocrx_word' id='word_1_78' title='bbox 977 1160 1167 1226; x_wconf 82' lang='grc' dir='ltr'><strong>πάθος,</strong></span> <span class='ocrx_word' id='word_1_79' title='bbox 1202 1164 1259 1214; x_wconf 82' lang='grc' dir='ltr'>ἐν</span> <span class='ocrx_word' id='word_1_80' title='bbox 1279 1156 1322 1229; x_wconf 81' lang='grc' dir='ltr'>ᾧ</span> <span class='ocrx_word' id='word_1_81' title='bbox 1353 1163 1476 1215; x_wconf 77' lang='grc' dir='ltr'>οὔτε</span> <span class='ocrx_word' id='word_1_82' title='bbox 1501 1162 1690 1231; x_wconf 84' lang='grc' dir='ltr'>γέγονε</span> <span class='ocrx_word' id='word_1_83' title='bbox 1718 1163 1869 1227; x_wconf 88' lang='grc' dir='ltr'>Θεὸς,</span> 
     </span>
    </p>
   </div>
   <div class='ocr_carea' id='block_1_11' title="bbox 283 1248 1873 1324">
    <p class='ocr_par' dir='ltr' id='par_1_11' title="bbox 283 1248 1873 1324">
     <span class='ocr_line' id='line_1_11' title="bbox 283 1248 1873 1324; baseline 0.002 -22"><span class='ocrx_word' id='word_1_84' title='bbox 283 1248 413 1303; x_wconf 78' lang='grc' dir='ltr'>οὔτε</span> <span class='ocrx_word' id='word_1_85' title='bbox 444 1249 545 1303; x_wconf 81' lang='grc' dir='ltr'>τοῦ</span> <span class='ocrx_word' id='word_1_86' title='bbox 577 1250 829 1319; x_wconf 81' lang='grc' dir='ltr'>γενέσθαι</span> <span class='ocrx_word' id='word_1_87' title='bbox 852 1251 1013 1318; x_wconf 81' lang='grc' dir='ltr'>φύσιν</span> <span class='ocrx_word' id='word_1_88' title='bbox 1046 1252 1161 1323; x_wconf 77' lang='grc' dir='ltr'>ἔχει</span> <span class='ocrx_word' id='word_1_89' title='bbox 1184 1269 1198 1284; x_wconf 86' lang='grc'><strong>·</strong></span> <span class='ocrx_word' id='word_1_90' title='bbox 1246 1252 1300 1305; x_wconf 85' lang='grc' dir='ltr'><strong>τί</strong></span> <span class='ocrx_word' id='word_1_91' title='bbox 1330 1253 1749 1323; x_wconf 77' lang='grc' dir='ltr'>ἐπαισχύνονται</span> <span class='ocrx_word' id='word_1_92' title='bbox 1775 1253 1873 1324; x_wconf 82' lang='grc' dir='ltr'>τὴν</span> 
     </span>
    </p>
   </div>
   <div class='ocr_carea' id='block_1_12' title="bbox 280 1343 1870 1417">
    <p class='ocr_par' dir='ltr' id='par_1_12' title="bbox 280 1343 1870 1417">
     <span class='ocr_line' id='line_1_12' title="bbox 280 1343 1870 1417; baseline 0.002 -23"><span class='ocrx_word' id='word_1_93' title='bbox 280 1343 588 1412; x_wconf 76' lang='grc' dir='ltr'><strong>ὁμολογίαν</strong></span> <span class='ocrx_word' id='word_1_94' title='bbox 623 1344 718 1396; x_wconf 79' lang='grc' dir='ltr'>τοῦ</span> <span class='ocrx_word' id='word_1_95' title='bbox 755 1343 888 1396; x_wconf 86' lang='grc' dir='ltr'>Θεὸν</span> <span class='ocrx_word' id='word_1_96' title='bbox 931 1344 1281 1417; x_wconf 82' lang='grc' dir='ltr'><strong>ἀνθρωπίνης</strong></span> <span class='ocrx_word' id='word_1_97' title='bbox 1328 1344 1572 1414; x_wconf 74' lang='grc' dir='ltr'>ἅψασθαι</span> <span class='ocrx_word' id='word_1_98' title='bbox 1617 1344 1870 1413; x_wconf 83' lang='grc' dir='ltr'>φύσεως,</span> 
     </span>
    </p>
   </div>
   <div class='ocr_carea' id='block_1_13' title="bbox 280 1435 1872 1507">
    <p class='ocr_par' dir='ltr' id='par_1_13' title="bbox 280 1435 1872 1507">
     <span class='ocr_line' id='line_1_13' title="bbox 280 1435 1872 1507; baseline 0.002 -21"><span class='ocrx_word' id='word_1_99' title='bbox 280 1435 553 1504; x_wconf 74' lang='grc' dir='ltr'><strong>οὐδεμιᾶς</strong></span> <span class='ocrx_word' id='word_1_100' title='bbox 586 1436 954 1505; x_wconf 71' lang='grc' dir='ltr'><strong>ἐναντιότητος</strong></span> <span class='ocrx_word' id='word_1_101' title='bbox 988 1437 1064 1499; x_wconf 85' lang='grc' dir='ltr'><strong>ὡς</strong></span> <span class='ocrx_word' id='word_1_102' title='bbox 1094 1436 1232 1507; x_wconf 88' lang='grc' dir='ltr'>πρὸς</span> <span class='ocrx_word' id='word_1_103' title='bbox 1261 1437 1352 1489; x_wconf 92' lang='grc' dir='ltr'><strong>τὸν</strong></span> <span class='ocrx_word' id='word_1_104' title='bbox 1372 1437 1474 1506; x_wconf 78' lang='grc' dir='ltr'>τῆς</span> <span class='ocrx_word' id='word_1_105' title='bbox 1496 1436 1698 1507; x_wconf 81' lang='grc' dir='ltr'>ἀρετῆς</span> <span class='ocrx_word' id='word_1_106' title='bbox 1717 1436 1872 1504; x_wconf 88' lang='grc' dir='ltr'>λόγον</span> 
     </span>
    </p>
   </div>
   <div class='ocr_carea' id='block_1_14' title="bbox 282 1526 1872 1599">
    <p class='ocr_par' dir='ltr' id='par_1_14' title="bbox 282 1526 1872 1599">
     <span class='ocr_line' id='line_1_14' title="bbox 282 1526 1872 1599; baseline 0.002 -21"><span class='ocrx_word' id='word_1_107' title='bbox 282 1527 343 1578; x_wconf 81' lang='grc' dir='ltr'>ὲν</span> <span class='ocrx_word' id='word_1_108' title='bbox 382 1529 451 1596; x_wconf 85' lang='grc' dir='ltr'>τῇ</span> <span class='ocrx_word' id='word_1_109' title='bbox 488 1530 804 1598; x_wconf 76' lang='grc' dir='ltr'>κατασκευῇ</span> <span class='ocrx_word' id='word_1_110' title='bbox 835 1526 930 1580; x_wconf 79' lang='grc' dir='ltr'>τοῦ</span> <span class='ocrx_word' id='word_1_111' title='bbox 964 1527 1251 1599; x_wconf 83' lang='grc' dir='ltr'>ἀνθρώπου</span> <span class='ocrx_word' id='word_1_112' title='bbox 1285 1528 1705 1599; x_wconf 83' lang='grc' dir='ltr'>θεωρουμένης;</span> <span class='ocrx_word' id='word_1_113' title='bbox 1734 1526 1872 1582; x_wconf 79' lang='grc' dir='ltr'>Οὔτε</span> 
     </span>
    </p>
   </div>
   <div class='ocr_carea' id='block_1_15' title="bbox 282 1617 1875 1692">
    <p class='ocr_par' dir='ltr' id='par_1_15' title="bbox 282 1617 1875 1692">
     <span class='ocr_line' id='line_1_15' title="bbox 282 1617 1875 1692; baseline 0.003 -24"><span class='ocrx_word' id='word_1_114' title='bbox 282 1617 395 1689; x_wconf 84' lang='grc' dir='ltr'><strong>γάρ</strong></span> <span class='ocrx_word' id='word_1_115' title='bbox 428 1617 495 1669; x_wconf 89' lang='grc' dir='ltr'><strong>τὸ</strong></span> <span class='ocrx_word' id='word_1_116' title='bbox 524 1617 766 1686; x_wconf 85' lang='grc' dir='ltr'>λογικὸν,</span> <span class='ocrx_word' id='word_1_117' title='bbox 795 1618 917 1672; x_wconf 77' lang='grc' dir='ltr'>οὔτε</span> <span class='ocrx_word' id='word_1_118' title='bbox 938 1620 997 1671; x_wconf 89' lang='grc' dir='ltr'><strong>τὸ</strong></span> <span class='ocrx_word' id='word_1_119' title='bbox 1021 1620 1382 1691; x_wconf 86' lang='grc' dir='ltr'>διανοητικὸν,</span> <span class='ocrx_word' id='word_1_120' title='bbox 1409 1618 1533 1673; x_wconf 74' lang='grc' dir='ltr'>οὔτε</span> <span class='ocrx_word' id='word_1_121' title='bbox 1556 1620 1616 1673; x_wconf 86' lang='grc' dir='ltr'><strong>τὸ</strong></span> <span class='ocrx_word' id='word_1_122' title='bbox 1646 1620 1875 1692; x_wconf 70' lang='grc' dir='ltr'>ἐπιστη-</span> 
     </span>
    </p>
   </div>
   <div class='ocr_carea' id='block_1_16' title="bbox 288 1708 1873 1783">
    <p class='ocr_par' dir='ltr' id='par_1_16' title="bbox 288 1708 1873 1783">
     <span class='ocr_line' id='line_1_16' title="bbox 288 1708 1873 1783; baseline 0.003 -22"><span class='ocrx_word' id='word_1_123' title='bbox 288 1726 398 1779; x_wconf 83' lang='grc' dir='ltr'><strong>μης</strong></span> <span class='ocrx_word' id='word_1_124' title='bbox 430 1709 704 1773; x_wconf 85' lang='grc' dir='ltr'>δεκτικὸν,</span> <span class='ocrx_word' id='word_1_125' title='bbox 728 1708 851 1763; x_wconf 77' lang='grc' dir='ltr'>οὕτε</span> <span class='ocrx_word' id='word_1_126' title='bbox 883 1710 1009 1765; x_wconf 80' lang='grc' dir='ltr'>ἄλλο</span> <span class='ocrx_word' id='word_1_127' title='bbox 1047 1711 1303 1775; x_wconf 74' lang='grc' dir='ltr'>τοιοῦτον,</span> <span class='ocrx_word' id='word_1_128' title='bbox 1335 1712 1364 1764; x_wconf 82' lang='grc' dir='ltr'><strong>ὃ</strong></span> <span class='ocrx_word' id='word_1_129' title='bbox 1396 1715 1494 1781; x_wconf 87' lang='grc' dir='ltr'>τῆς</span> <span class='ocrx_word' id='word_1_130' title='bbox 1526 1711 1873 1783; x_wconf 81' lang='grc' dir='ltr'>ἀνθρωπίνης</span> 
     </span>
    </p>
   </div>
   <div class='ocr_carea' id='block_1_17' title="bbox 286 1800 1795 1874">
    <p class='ocr_par' dir='ltr' id='par_1_17' title="bbox 286 1800 1795 1874">
     <span class='ocr_line' id='line_1_17' title="bbox 286 1800 1795 1874; baseline 0.001 -21"><span class='ocrx_word' id='word_1_131' title='bbox 286 1800 421 1853; x_wconf 72' lang='grc' dir='ltr'>ἴδιον</span> <span class='ocrx_word' id='word_1_132' title='bbox 454 1801 649 1865; x_wconf 80' lang='grc' dir='ltr'>οὐσίας</span> <span class='ocrx_word' id='word_1_133' title='bbox 670 1802 804 1866; x_wconf 75' lang='grc' dir='ltr'>ἐστὶ,</span> <span class='ocrx_word' id='word_1_134' title='bbox 828 1801 905 1872; x_wconf 84' lang='grc' dir='ltr'><strong>τῷ</strong></span> <span class='ocrx_word' id='word_1_135' title='bbox 931 1801 1075 1873; x_wconf 78' lang='grc' dir='ltr'>λόγῳ</span> <span class='ocrx_word' id='word_1_136' title='bbox 1105 1802 1202 1873; x_wconf 84' lang='grc' dir='ltr'>τῆς</span> <span class='ocrx_word' id='word_1_137' title='bbox 1229 1804 1429 1874; x_wconf 80' lang='grc' dir='ltr'>ἀρετῆς</span> <span class='ocrx_word' id='word_1_138' title='bbox 1454 1802 1795 1871; x_wconf 82' lang='grc' dir='ltr'>ὴναντίωται.</span> 
     </span>
    </p>
   </div>
   <div class='ocr_carea' id='block_1_18' title="bbox 870 2076 1283 2144">
    <p class='ocr_par' dir='ltr' id='par_1_18' title="bbox 870 2076 1283 2144">
     <span class='ocr_line' id='line_1_18' title="bbox 870 2076 1283 2144; baseline 0.007 -15"><span class='ocrx_word' id='word_1_139' title='bbox 870 2076 1125 2131; x_wconf 77' lang='grc' dir='ltr'><strong>ΚΕΦΑΛ.</strong></span> <span class='ocrx_word' id='word_1_140' title='bbox 1168 2078 1283 2144; x_wconf 70' lang='grc' dir='ltr'>ις’.</span> 
     </span>
    </p>
   </div>
   <div class='ocr_carea' id='block_1_19' title="bbox 314 2156 1872 2241">
    <p class='ocr_par' dir='ltr' id='par_1_19' title="bbox 314 2156 1872 2241">
     <span class='ocr_line' id='line_1_19' title="bbox 314 2156 1872 2241; baseline 0.002 -21"><span class='ocrx_word' id='word_1_141' title='bbox 314 2164 321 2173; x_wconf 83' lang='grc'><em>’</em></span> <span class='ocrx_word' id='word_1_142' title='bbox 360 2168 491 2222; x_wconf 80' lang='grc' dir='ltr'>Ἀλλ</span> <span class='ocrx_word' id='word_1_143' title='bbox 514 2167 679 2238; x_wconf 83' lang='grc' dir='ltr'>αὑτὴ,</span> <span class='ocrx_word' id='word_1_144' title='bbox 732 2166 915 2236; x_wconf 75' lang='grc' dir='ltr'>φησὶν,</span> <span class='ocrx_word' id='word_1_145' title='bbox 945 2169 978 2239; x_wconf 77' lang='grc' dir='ltr'>ἡ</span> <span class='ocrx_word' id='word_1_146' title='bbox 1006 2156 1301 2240; x_wconf 77' lang='grc' dir='ltr'>τροπὴτοῦ</span> <span class='ocrx_word' id='word_1_147' title='bbox 1326 2170 1595 2241; x_wconf 80' lang='grc' dir='ltr'>ἡμετέρου</span> <span class='ocrx_word' id='word_1_148' title='bbox 1623 2170 1872 2241; x_wconf 83' lang='grc' dir='ltr'>σώματος</span> 
     </span>
    </p>
   </div>
   <div class='ocr_carea' id='block_1_20' title="bbox 286 2257 1873 2330">
    <p class='ocr_par' dir='ltr' id='par_1_20' title="bbox 286 2257 1873 2330">
     <span class='ocr_line' id='line_1_20' title="bbox 286 2257 1873 2330; baseline 0.001 -19"><span class='ocrx_word' id='word_1_149' title='bbox 286 2257 463 2320; x_wconf 81' lang='grc' dir='ltr'>πάθος</span> <span class='ocrx_word' id='word_1_150' title='bbox 496 2258 671 2312; x_wconf 80' lang='grc' dir='ltr'>ἐστίν.</span> <span class='ocrx_word' id='word_1_151' title='bbox 716 2258 774 2311; x_wconf 86' lang='grc' dir='ltr'>Ὀ</span> <span class='ocrx_word' id='word_1_152' title='bbox 807 2257 863 2310; x_wconf 79' lang='grc' dir='ltr'>δὲ</span> <span class='ocrx_word' id='word_1_153' title='bbox 901 2258 959 2309; x_wconf 82' lang='grc' dir='ltr'>ὲν</span> <span class='ocrx_word' id='word_1_154' title='bbox 985 2258 1159 2330; x_wconf 84' lang='grc' dir='ltr'>τούτῳ</span> <span class='ocrx_word' id='word_1_155' title='bbox 1190 2258 1429 2328; x_wconf 89' lang='grc' dir='ltr'>γεγονὼς</span> <span class='ocrx_word' id='word_1_156' title='bbox 1449 2300 1463 2324; x_wconf 92' lang='grc'><strong>,</strong></span> <span class='ocrx_word' id='word_1_157' title='bbox 1493 2262 1551 2314; x_wconf 81' lang='grc' dir='ltr'>ὲν</span> <span class='ocrx_word' id='word_1_158' title='bbox 1594 2261 1759 2315; x_wconf 82' lang='grc' dir='ltr'>πάθει</span> <span class='ocrx_word' id='word_1_159' title='bbox 1787 2261 1873 2330; x_wconf 88' lang='grc' dir='ltr'>γί-</span> 
     </span>
    </p>
   </div>
   <div class='ocr_carea' id='block_1_21' title="bbox 286 2342 1873 2423">
    <p class='ocr_par' dir='ltr' id='par_1_21' title="bbox 286 2342 1873 2423">
     <span class='ocr_line' id='line_1_21' title="bbox 286 2342 1873 2423; baseline 0.002 -22"><span class='ocrx_word' id='word_1_160' title='bbox 286 2367 480 2402; x_wconf 62' lang='lat' dir='ltr'><strong>verat“</strong></span> <span class='ocrx_word' id='word_1_161' title='bbox 516 2350 730 2415; x_wconf 83' lang='grc' dir='ltr'>ἀπαθὲς</span> <span class='ocrx_word' id='word_1_162' title='bbox 777 2350 835 2404; x_wconf 80' lang='grc' dir='ltr'><strong>δὲ</strong></span> <span class='ocrx_word' id='word_1_163' title='bbox 872 2351 933 2403; x_wconf 82' lang='grc' dir='ltr'><strong>τὸ</strong></span> <span class='ocrx_word' id='word_1_164' title='bbox 967 2350 1141 2403; x_wconf 86' lang='grc' dir='ltr'>Θεῖον.</span> <span class='ocrx_word' id='word_1_165' title='bbox 1190 2351 1398 2404; x_wconf 78' lang='grc' dir='ltr'>Οὐκοῦν</span> <span class='ocrx_word' id='word_1_166' title='bbox 1448 2342 1701 2423; x_wconf 77' lang='grc' dir='ltr'>ἀλλότρία</span> <span class='ocrx_word' id='word_1_167' title='bbox 1745 2351 1873 2422; x_wconf 74' lang='grc' dir='ltr'>περὶ</span> 
     </span>
    </p>
   </div>
   <div class='ocr_carea' id='block_1_22' title="bbox 284 2439 1872 2511">
    <p class='ocr_par' dir='ltr' id='par_1_22' title="bbox 284 2439 1872 2511">
     <span class='ocr_line' id='line_1_22' title="bbox 284 2439 1872 2511; baseline -0.001 -19"><span class='ocrx_word' id='word_1_168' title='bbox 284 2440 423 2492; x_wconf 78' lang='grc' dir='ltr'>Θεοῦ</span> <span class='ocrx_word' id='word_1_169' title='bbox 456 2442 491 2510; x_wconf 81' lang='grc' dir='ltr'>ή</span> <span class='ocrx_word' id='word_1_170' title='bbox 528 2440 831 2511; x_wconf 72' lang='grc' dir='ltr'>ὑπόληψις,</span> <span class='ocrx_word' id='word_1_171' title='bbox 884 2441 1038 2511; x_wconf 75' lang='grc' dir='ltr'>εἴπερ</span> <span class='ocrx_word' id='word_1_172' title='bbox 1065 2440 1154 2492; x_wconf 90' lang='grc' dir='ltr'><strong>τὸν</strong></span> <span class='ocrx_word' id='word_1_173' title='bbox 1182 2439 1364 2509; x_wconf 85' lang='grc' dir='ltr'>ἀπαθῆ</span> <span class='ocrx_word' id='word_1_174' title='bbox 1402 2440 1541 2493; x_wconf 79' lang='grc' dir='ltr'>κατὰ</span> <span class='ocrx_word' id='word_1_175' title='bbox 1594 2440 1690 2511; x_wconf 81' lang='grc' dir='ltr'>τὴν</span> <span class='ocrx_word' id='word_1_176' title='bbox 1713 2439 1872 2508; x_wconf 81' lang='grc' dir='ltr'>φύσιν</span> 
     </span>
    </p>
   </div>
   <div class='ocr_carea' id='block_1_23' title="bbox 289 2530 1873 2603">
    <p class='ocr_par' dir='ltr' id='par_1_23' title="bbox 289 2530 1873 2603">
     <span class='ocr_line' id='line_1_23' title="bbox 289 2530 1873 2603; baseline 0.001 -20"><span class='ocrx_word' id='word_1_177' title='bbox 289 2533 426 2603; x_wconf 86' lang='grc' dir='ltr'>πρὸς</span> <span class='ocrx_word' id='word_1_178' title='bbox 458 2534 749 2587; x_wconf 83' lang='grc' dir='ltr'>κοινωνίαν</span> <span class='ocrx_word' id='word_1_179' title='bbox 774 2532 979 2595; x_wconf 86' lang='grc' dir='ltr'>πάθους</span> <span class='ocrx_word' id='word_1_180' title='bbox 1009 2532 1180 2584; x_wconf 77' lang='grc' dir='ltr'>ἐλθεῖν</span> <span class='ocrx_word' id='word_1_181' title='bbox 1213 2530 1556 2602; x_wconf 77' lang='grc' dir='ltr'>διορίζονται.</span> <span class='ocrx_word' id='word_1_182' title='bbox 1595 2531 1755 2585; x_wconf 84' lang='grc' dir='ltr'>Ἀλλὰ</span> <span class='ocrx_word' id='word_1_183' title='bbox 1778 2534 1873 2585; x_wconf 75' lang='grc' dir='ltr'>καὶ</span> 
     </span>
    </p>
   </div>
   <div class='ocr_carea' id='block_1_24' title="bbox 288 2623 1873 2695">
    <p class='ocr_par' dir='ltr' id='par_1_24' title="bbox 288 2623 1873 2695">
     <span class='ocr_line' id='line_1_24' title="bbox 288 2623 1873 2695; baseline 0.001 -20"><span class='ocrx_word' id='word_1_184' title='bbox 288 2625 426 2695; x_wconf 85' lang='grc' dir='ltr'>πρὸς</span> <span class='ocrx_word' id='word_1_185' title='bbox 455 2624 635 2678; x_wconf 81' lang='grc' dir='ltr'>ταῦτα</span> <span class='ocrx_word' id='word_1_186' title='bbox 683 2625 844 2678; x_wconf 85' lang='grc' dir='ltr'>πάλιν</span> <span class='ocrx_word' id='word_1_187' title='bbox 889 2625 966 2693; x_wconf 84' lang='grc' dir='ltr'>τῷ</span> <span class='ocrx_word' id='word_1_188' title='bbox 996 2624 1143 2694; x_wconf 83' lang='grc' dir='ltr'><strong>αὐτῷ</strong></span> <span class='ocrx_word' id='word_1_189' title='bbox 1190 2624 1332 2693; x_wconf 86' lang='grc' dir='ltr'>λόγῳ</span> <span class='ocrx_word' id='word_1_190' title='bbox 1383 2623 1750 2695; x_wconf 86' lang='grc' dir='ltr'>χρησώμεθα,</span> <span class='ocrx_word' id='word_1_191' title='bbox 1791 2626 1873 2677; x_wconf 79' lang='grc' dir='ltr'>ὅτι</span> 
     </span>
    </p>
   </div>
   <div class='ocr_carea' id='block_1_25' title="bbox 287 2714 1874 2787">
    <p class='ocr_par' dir='ltr' id='par_1_25' title="bbox 287 2714 1874 2787">
     <span class='ocr_line' id='line_1_25' title="bbox 287 2714 1874 2787; baseline 0 -20"><span class='ocrx_word' id='word_1_192' title='bbox 287 2715 348 2768; x_wconf 89' lang='grc' dir='ltr'><strong>τὸ</strong></span> <span class='ocrx_word' id='word_1_193' title='bbox 379 2717 559 2779; x_wconf 84' lang='grc' dir='ltr'>πάθος</span> <span class='ocrx_word' id='word_1_194' title='bbox 595 2717 656 2770; x_wconf 90' lang='grc' dir='ltr'><strong>τὸ</strong></span> <span class='ocrx_word' id='word_1_195' title='bbox 695 2717 793 2787; x_wconf 82' lang='grc' dir='ltr'><strong>μὲν</strong></span> <span class='ocrx_word' id='word_1_196' title='bbox 824 2717 1046 2787; x_wconf 85' lang='grc' dir='ltr'>κυρίως.</span> <span class='ocrx_word' id='word_1_197' title='bbox 1081 2716 1139 2768; x_wconf 89' lang='grc' dir='ltr'><strong>τὸ</strong></span> <span class='ocrx_word' id='word_1_198' title='bbox 1176 2716 1232 2768; x_wconf 82' lang='grc' dir='ltr'>δὲ</span> <span class='ocrx_word' id='word_1_199' title='bbox 1270 2718 1333 2769; x_wconf 80' lang='grc' dir='ltr'><strong>ὲκ</strong></span> <span class='ocrx_word' id='word_1_200' title='bbox 1365 2718 1754 2787; x_wconf 74' lang='grc' dir='ltr'>καταχρήσεως</span> <span class='ocrx_word' id='word_1_201' title='bbox 1786 2714 1874 2767; x_wconf 76' lang='grc' dir='ltr'><strong>λέο</strong></span> 
     </span>
    </p>
   </div>
   <div class='ocr_carea' id='block_1_26' title="bbox 283 2805 1874 2881">
    <p class='ocr_par' dir='ltr' id='par_1_26' title="bbox 283 2805 1874 2881">
     <span class='ocr_line' id='line_1_26' title="bbox 283 2805 1874 2881; baseline -0.001 -19"><span class='ocrx_word' id='word_1_202' title='bbox 283 2825 466 2878; x_wconf 85' lang='grc' dir='ltr'>γεται.</span> <span class='ocrx_word' id='word_1_203' title='bbox 495 2809 575 2862; x_wconf 87' lang='grc' dir='ltr'>Τὸ</span> <span class='ocrx_word' id='word_1_204' title='bbox 606 2808 702 2879; x_wconf 82' lang='grc' dir='ltr'>μὲν</span> <span class='ocrx_word' id='word_1_205' title='bbox 736 2805 827 2863; x_wconf 70' lang='grc' dir='ltr'><strong>οὖν</strong></span> <span class='ocrx_word' id='word_1_206' title='bbox 860 2809 1227 2881; x_wconf 81' lang='grc' dir='ltr'>προαιρέσεως</span> <span class='ocrx_word' id='word_1_207' title='bbox 1262 2809 1582 2879; x_wconf 85' lang='grc' dir='ltr'>ἀπτόμενον,</span> <span class='ocrx_word' id='word_1_208' title='bbox 1617 2810 1708 2862; x_wconf 75' lang='grc' dir='ltr'><strong>καὶ</strong></span> <span class='ocrx_word' id='word_1_209' title='bbox 1737 2808 1874 2877; x_wconf 83' lang='grc' dir='ltr'>πρὸς</span> 
     </span>
    </p>
   </div>
   <div class='ocr_carea' id='block_1_27' title="bbox 288 2896 1873 2968">
    <p class='ocr_par' dir='ltr' id='par_1_27' title="bbox 288 2896 1873 2968">
     <span class='ocr_line' id='line_1_27' title="bbox 288 2896 1873 2968; baseline 0.001 -20"><span class='ocrx_word' id='word_1_210' title='bbox 288 2896 489 2949; x_wconf 83' lang='grc' dir='ltr'>κακίαν</span> <span class='ocrx_word' id='word_1_211' title='bbox 538 2897 649 2949; x_wconf 92' lang='grc' dir='ltr'><strong>ἀπὸ</strong></span> <span class='ocrx_word' id='word_1_212' title='bbox 675 2896 776 2966; x_wconf 82' lang='grc' dir='ltr'><strong>τῆς</strong></span> <span class='ocrx_word' id='word_1_213' title='bbox 810 2898 1010 2968; x_wconf 80' lang='grc' dir='ltr'>ἀρετῆς</span> <span class='ocrx_word' id='word_1_214' title='bbox 1042 2897 1431 2968; x_wconf 82' lang='grc' dir='ltr'>μεταστρέφον,</span> <span class='ocrx_word' id='word_1_215' title='bbox 1467 2897 1683 2967; x_wconf 81' lang='grc' dir='ltr'>ἀληθῶς</span> <span class='ocrx_word' id='word_1_216' title='bbox 1704 2897 1873 2961; x_wconf 86' lang='grc' dir='ltr'>πάθος</span> 
     </span>
    </p>
   </div>
   <div class='ocr_carea' id='block_1_28' title="bbox 288 2986 1873 3059">
    <p class='ocr_par' dir='ltr' id='par_1_28' title="bbox 288 2986 1873 3059">
     <span class='ocr_line' id='line_1_28' title="bbox 288 2986 1873 3059; baseline 0.003 -22"><span class='ocrx_word' id='word_1_217' title='bbox 288 2986 403 3038; x_wconf 83' lang='grc' dir='ltr'>ὲστί</span> <span class='ocrx_word' id='word_1_218' title='bbox 429 3004 445 3019; x_wconf 90' lang='grc'><strong>·</strong></span> <span class='ocrx_word' id='word_1_219' title='bbox 500 2988 566 3040; x_wconf 84' lang='grc' dir='ltr'><strong>τὸ</strong></span> <span class='ocrx_word' id='word_1_220' title='bbox 595 2988 639 3040; x_wconf 85' lang='grc' dir='ltr'>δ’</span> <span class='ocrx_word' id='word_1_221' title='bbox 667 2990 789 3042; x_wconf 82' lang='grc' dir='ltr'>ὅσον</span> <span class='ocrx_word' id='word_1_222' title='bbox 816 2992 873 3042; x_wconf 80' lang='grc' dir='ltr'>ἐν</span> <span class='ocrx_word' id='word_1_223' title='bbox 905 2992 970 3059; x_wconf 76' lang='grc' dir='ltr'>τῇ</span> <span class='ocrx_word' id='word_1_224' title='bbox 1007 2989 1165 3057; x_wconf 84' lang='grc' dir='ltr'>φύσει</span> <span class='ocrx_word' id='word_1_225' title='bbox 1205 2990 1346 3043; x_wconf 78' lang='grc' dir='ltr'>κατὰ</span> <span class='ocrx_word' id='word_1_226' title='bbox 1383 2990 1472 3042; x_wconf 87' lang='grc' dir='ltr'><strong>τὸν</strong></span> <span class='ocrx_word' id='word_1_227' title='bbox 1520 2989 1647 3042; x_wconf 86' lang='grc' dir='ltr'>ἴδιον</span> <span class='ocrx_word' id='word_1_228' title='bbox 1686 2989 1873 3059; x_wconf 86' lang='grc' dir='ltr'>είρμὸν</span> 
     </span>
    </p>
   </div>
   <div class='ocr_carea' id='block_1_29' title="bbox 291 3077 1872 3151">
    <p class='ocr_par' dir='ltr' id='par_1_29' title="bbox 291 3077 1872 3151">
     <span class='ocr_line' id='line_1_29' title="bbox 291 3077 1872 3151; baseline 0.002 -23"><span class='ocrx_word' id='word_1_229' title='bbox 291 3078 640 3151; x_wconf 78' lang='grc' dir='ltr'>πορευομένῃ</span> <span class='ocrx_word' id='word_1_230' title='bbox 680 3078 984 3143; x_wconf 77' lang='grc' dir='ltr'>διεξοδικῶς</span> <span class='ocrx_word' id='word_1_231' title='bbox 1016 3078 1318 3149; x_wconf 81' lang='grc' dir='ltr'>θεωρεῖται,</span> <span class='ocrx_word' id='word_1_232' title='bbox 1353 3078 1509 3131; x_wconf 79' lang='grc' dir='ltr'>τοῦτο</span> <span class='ocrx_word' id='word_1_233' title='bbox 1542 3077 1872 3150; x_wconf 85' lang='grc' dir='ltr'>κυριώτερον</span> 
     </span>
    </p>
   </div>
   <div class='ocr_carea' id='block_1_30' title="bbox 288 3165 1866 3241">
    <p class='ocr_par' dir='ltr' id='par_1_30' title="bbox 288 3165 1866 3241">
     <span class='ocr_line' id='line_1_30' title="bbox 288 3165 1866 3241; baseline 0.001 -21"><span class='ocrx_word' id='word_1_234' title='bbox 288 3169 445 3239; x_wconf 74' lang='grc' dir='ltr'>ἔργον</span> <span class='ocrx_word' id='word_1_235' title='bbox 472 3170 544 3224; x_wconf 86' lang='grc' dir='ltr'><strong>ἂν</strong></span> <span class='ocrx_word' id='word_1_236' title='bbox 575 3170 794 3239; x_wconf 78' lang='grc' dir='ltr'>μᾶλλον,</span> <span class='ocrx_word' id='word_1_237' title='bbox 812 3170 844 3238; x_wconf 82' lang='grc' dir='ltr'>ἢ</span> <span class='ocrx_word' id='word_1_238' title='bbox 864 3170 1033 3234; x_wconf 80' lang='grc' dir='ltr'>πάθος</span> <span class='ocrx_word' id='word_1_239' title='bbox 1061 3170 1532 3241; x_wconf 78' lang='grc' dir='ltr'>προσαγορεύοιτο,</span> <span class='ocrx_word' id='word_1_240' title='bbox 1560 3165 1669 3224; x_wconf 72' lang='grc' dir='ltr'>οἷον</span> <span class='ocrx_word' id='word_1_241' title='bbox 1690 3173 1721 3241; x_wconf 86' lang='grc' dir='ltr'>ἡ</span> <span class='ocrx_word' id='word_1_242' title='bbox 1739 3171 1866 3238; x_wconf 85' lang='grc' dir='ltr'>γέν-</span> 
     </span>
    </p>
   </div>
   <div class='ocr_carea' id='block_1_31' title="bbox 288 3239 1939 3333">
    <p class='ocr_par' dir='ltr' id='par_1_31' title="bbox 288 3239 1939 3333">
     <span class='ocr_line' id='line_1_31' title="bbox 288 3239 1939 3333; baseline -0.001 -19"><span class='ocrx_word' id='word_1_243' title='bbox 288 3279 461 3331; x_wconf 82' lang='grc' dir='ltr'>νησις,</span> <span class='ocrx_word' id='word_1_244' title='bbox 493 3264 529 3332; x_wconf 80' lang='grc' dir='ltr'><strong>ἡ</strong></span> <span class='ocrx_word' id='word_1_245' title='bbox 555 3260 799 3332; x_wconf 74' lang='grc' dir='ltr'>αὔξησις,</span> <span class='ocrx_word' id='word_1_246' title='bbox 836 3264 867 3333; x_wconf 77' lang='grc' dir='ltr'>ἡ</span> <span class='ocrx_word' id='word_1_247' title='bbox 893 3262 982 3314; x_wconf 81' lang='grc' dir='ltr'>διὰ</span> <span class='ocrx_word' id='word_1_248' title='bbox 1033 3239 1133 3332; x_wconf 81' lang='grc' dir='ltr'>τῆς</span> <span class='ocrx_word' id='word_1_249' title='bbox 1163 3262 1456 3333; x_wconf 69' lang='grc' dir='ltr'>ἐπιρρύτου</span> <span class='ocrx_word' id='word_1_250' title='bbox 1485 3279 1544 3314; x_wconf 86' lang='grc' dir='ltr'><strong>τε</strong></span> <span class='ocrx_word' id='word_1_251' title='bbox 1572 3262 1665 3314; x_wconf 76' lang='grc' dir='ltr'><strong>καὶ</strong></span> <span class='ocrx_word' id='word_1_252' title='bbox 1689 3239 1865 3333; x_wconf 76' lang='grc' dir='ltr'>ἀπορ-</span> <span class='ocrx_word' id='word_1_253' title='bbox 1894 3239 1939 3299; x_wconf 77' lang='lat' dir='ltr'>C</span> 
     </span>
    </p>
   </div>
   <div class='ocr_carea' id='block_1_32' title="bbox 292 3348 1868 3421">
    <p class='ocr_par' dir='ltr' id='par_1_32' title="bbox 292 3348 1868 3421">
     <span class='ocr_line' id='line_1_32' title="bbox 292 3348 1868 3421; baseline -0.002 -17"><span class='ocrx_word' id='word_1_254' title='bbox 292 3352 452 3421; x_wconf 80' lang='grc' dir='ltr'>ῥύτου</span> <span class='ocrx_word' id='word_1_255' title='bbox 480 3352 584 3420; x_wconf 77' lang='grc' dir='ltr'><strong>τῆς</strong></span> <span class='ocrx_word' id='word_1_256' title='bbox 632 3352 834 3421; x_wconf 71' lang='grc' dir='ltr'>τροφῆς</span> <span class='ocrx_word' id='word_1_257' title='bbox 873 3350 966 3404; x_wconf 80' lang='grc' dir='ltr'>τοῦ</span> <span class='ocrx_word' id='word_1_258' title='bbox 999 3350 1355 3421; x_wconf 81' lang='grc' dir='ltr'>ὑποκειμένου</span> <span class='ocrx_word' id='word_1_259' title='bbox 1386 3349 1633 3419; x_wconf 82' lang='grc' dir='ltr'>διαμονὴ,</span> <span class='ocrx_word' id='word_1_260' title='bbox 1689 3350 1721 3419; x_wconf 79' lang='grc' dir='ltr'><strong>ἡ</strong></span> <span class='ocrx_word' id='word_1_261' title='bbox 1761 3348 1868 3401; x_wconf 81' lang='grc' dir='ltr'>τῶν</span> 
     </span>
    </p>
   </div>
   <div class='ocr_carea' id='block_1_33' title="bbox 293 3438 1871 3513">
    <p class='ocr_par' dir='ltr' id='par_1_33' title="bbox 293 3438 1871 3513">
     <span class='ocr_line' id='line_1_33' title="bbox 293 3438 1871 3513; baseline -0.005 -17"><span class='ocrx_word' id='word_1_262' title='bbox 293 3444 576 3513; x_wconf 82' lang='grc' dir='ltr'>στοιχείων</span> <span class='ocrx_word' id='word_1_263' title='bbox 624 3442 752 3512; x_wconf 72' lang='grc' dir='ltr'>περὶ</span> <span class='ocrx_word' id='word_1_264' title='bbox 786 3443 846 3495; x_wconf 87' lang='grc' dir='ltr'><strong>τὸ</strong></span> <span class='ocrx_word' id='word_1_265' title='bbox 884 3441 1042 3511; x_wconf 84' lang='grc' dir='ltr'>σῶμα</span> <span class='ocrx_word' id='word_1_266' title='bbox 1073 3440 1366 3512; x_wconf 86' lang='grc' dir='ltr'>συνδρομὴ.</span> <span class='ocrx_word' id='word_1_267' title='bbox 1402 3441 1435 3510; x_wconf 85' lang='grc' dir='ltr'><strong>ἡ</strong></span> <span class='ocrx_word' id='word_1_268' title='bbox 1464 3438 1558 3492; x_wconf 82' lang='grc' dir='ltr'>τοῦ</span> <span class='ocrx_word' id='word_1_269' title='bbox 1592 3438 1871 3491; x_wconf 80' lang='grc' dir='ltr'>συντεθέν-</span> 
     </span>
    </p>
   </div>
   <div class='ocr_carea' id='block_1_34' title="bbox 290 3530 1867 3606">
    <p class='ocr_par' dir='ltr' id='par_1_34' title="bbox 290 3530 1867 3606">
     <span class='ocr_line' id='line_1_34' title="bbox 290 3530 1867 3606; baseline -0.003 -19"><span class='ocrx_word' id='word_1_270' title='bbox 290 3553 378 3599; x_wconf 85' lang='grc' dir='ltr'><strong>τος</strong></span> <span class='ocrx_word' id='word_1_271' title='bbox 409 3536 574 3590; x_wconf 87' lang='grc' dir='ltr'>πάλιν</span> <span class='ocrx_word' id='word_1_272' title='bbox 602 3534 841 3596; x_wconf 84' lang='grc' dir='ltr'>διάλυσίς</span> <span class='ocrx_word' id='word_1_273' title='bbox 864 3552 923 3587; x_wconf 89' lang='grc' dir='ltr'><strong>τε</strong></span> <span class='ocrx_word' id='word_1_274' title='bbox 957 3536 1050 3587; x_wconf 76' lang='grc' dir='ltr'>καὶ</span> <span class='ocrx_word' id='word_1_275' title='bbox 1083 3534 1220 3606; x_wconf 87' lang='grc' dir='ltr'>πρὸς</span> <span class='ocrx_word' id='word_1_276' title='bbox 1257 3533 1324 3587; x_wconf 87' lang='grc' dir='ltr'><strong>τά</strong></span> <span class='ocrx_word' id='word_1_277' title='bbox 1354 3533 1587 3602; x_wconf 88' lang='grc' dir='ltr'>συγγενῆ</span> <span class='ocrx_word' id='word_1_278' title='bbox 1622 3530 1867 3602; x_wconf 83' lang='grc' dir='ltr'>μεταχώ-</span> 
     </span>
    </p>
   </div>
   <div class='ocr_carea' id='block_1_35' title="bbox 294 3622 1870 3697">
    <p class='ocr_par' dir='ltr' id='par_1_35' title="bbox 294 3622 1870 3697">
     <span class='ocr_line' id='line_1_35' title="bbox 294 3622 1870 3697; baseline -0.003 -16"><span class='ocrx_word' id='word_1_279' title='bbox 294 3644 468 3697; x_wconf 83' lang='grc' dir='ltr'>ρησις.</span> <span class='ocrx_word' id='word_1_280' title='bbox 504 3628 663 3691; x_wconf 90' lang='grc' dir='ltr'>Τίνος</span> <span class='ocrx_word' id='word_1_281' title='bbox 704 3622 797 3680; x_wconf 76' lang='grc' dir='ltr'><strong>οὖν</strong></span> <span class='ocrx_word' id='word_1_282' title='bbox 831 3625 978 3694; x_wconf 86' lang='grc' dir='ltr'>λέγει</span> <span class='ocrx_word' id='word_1_283' title='bbox 1022 3626 1082 3679; x_wconf 86' lang='grc' dir='ltr'><strong>τὸ</strong></span> <span class='ocrx_word' id='word_1_284' title='bbox 1118 3626 1413 3696; x_wconf 80' lang='grc' dir='ltr'>μυστήριον</span> <span class='ocrx_word' id='word_1_285' title='bbox 1437 3625 1592 3696; x_wconf 85' lang='grc' dir='ltr'>ἡμῶν</span> <span class='ocrx_word' id='word_1_286' title='bbox 1619 3622 1787 3694; x_wconf 77' lang='grc' dir='ltr'>ἧφθαι</span> <span class='ocrx_word' id='word_1_287' title='bbox 1809 3624 1870 3677; x_wconf 84' lang='grc' dir='ltr'><strong>τὸ</strong></span> 
     </span>
    </p>
   </div>
   <div class='ocr_carea' id='block_1_36' title="bbox 293 3710 1869 3788">
    <p class='ocr_par' dir='ltr' id='par_1_36' title="bbox 293 3710 1869 3788">
     <span class='ocr_line' id='line_1_36' title="bbox 293 3710 1869 3788; baseline 0 -19"><span class='ocrx_word' id='word_1_288' title='bbox 293 3720 482 3780; x_wconf 76' lang='grc' dir='ltr'>Θεῖον;</span> <span class='ocrx_word' id='word_1_289' title='bbox 529 3716 625 3769; x_wconf 80' lang='grc' dir='ltr'>τοῦ</span> <span class='ocrx_word' id='word_1_290' title='bbox 667 3717 871 3788; x_wconf 83' lang='grc' dir='ltr'>κυρίως</span> <span class='ocrx_word' id='word_1_291' title='bbox 912 3710 1207 3788; x_wconf 76' lang='grc' dir='ltr'>λεγομένου</span> <span class='ocrx_word' id='word_1_292' title='bbox 1250 3717 1475 3779; x_wconf 84' lang='grc' dir='ltr'>πάθους,</span> <span class='ocrx_word' id='word_1_293' title='bbox 1514 3716 1651 3787; x_wconf 77' lang='grc' dir='ltr'>ὅπερ</span> <span class='ocrx_word' id='word_1_294' title='bbox 1701 3715 1869 3769; x_wconf 82' lang='grc' dir='ltr'>κακία</span> 
     </span>
    </p>
   </div>
   <div class='ocr_carea' id='block_1_37' title="bbox 294 3792 1869 3878">
    <p class='ocr_par' dir='ltr' id='par_1_37' title="bbox 294 3792 1869 3878">
     <span class='ocr_line' id='line_1_37' title="bbox 294 3792 1869 3878; baseline 0 -19"><span class='ocrx_word' id='word_1_295' title='bbox 294 3808 459 3865; x_wconf 74' lang='grc' dir='ltr'>ἐστὶν,</span> <span class='ocrx_word' id='word_1_296' title='bbox 486 3807 521 3877; x_wconf 83' lang='grc' dir='ltr'>ἦ</span> <span class='ocrx_word' id='word_1_297' title='bbox 553 3807 647 3859; x_wconf 77' lang='grc' dir='ltr'>τοῦ</span> <span class='ocrx_word' id='word_1_298' title='bbox 673 3807 815 3860; x_wconf 80' lang='grc' dir='ltr'>κατά</span> <span class='ocrx_word' id='word_1_299' title='bbox 852 3806 1014 3875; x_wconf 83' lang='grc' dir='ltr'>φύσιν</span> <span class='ocrx_word' id='word_1_300' title='bbox 1044 3792 1340 3878; x_wconf 82' lang='grc' dir='ltr'>κινήματος</span> <span class='ocrx_word' id='word_1_301' title='bbox 1367 3823 1382 3868; x_wconf 87' lang='lat'><strong>;</strong></span> <span class='ocrx_word' id='word_1_302' title='bbox 1428 3807 1491 3860; x_wconf 84' lang='grc' dir='ltr'>Εί</span> <span class='ocrx_word' id='word_1_303' title='bbox 1525 3807 1626 3877; x_wconf 80' lang='grc' dir='ltr'>μὲν</span> <span class='ocrx_word' id='word_1_304' title='bbox 1672 3806 1782 3877; x_wconf 88' lang='grc' dir='ltr'><strong>γάρ</strong></span> <span class='ocrx_word' id='word_1_305' title='bbox 1810 3808 1869 3860; x_wconf 82' lang='grc' dir='ltr'>ὲν</span> 
     </span>
    </p>
   </div>
   <div class='ocr_carea' id='block_1_38' title="bbox 294 3884 1870 3970">
    <p class='ocr_par' dir='ltr' id='par_1_38' title="bbox 294 3884 1870 3970">
     <span class='ocr_line' id='line_1_38' title="bbox 294 3884 1870 3970; baseline 0.003 -21"><span class='ocrx_word' id='word_1_306' title='bbox 294 3902 403 3962; x_wconf 78' lang='grc' dir='ltr'>τοῖς</span> <span class='ocrx_word' id='word_1_307' title='bbox 423 3894 895 3970; x_wconf 81' lang='grc' dir='ltr'>ἀπηγορευμένοις</span> <span class='ocrx_word' id='word_1_308' title='bbox 920 3884 1246 3969; x_wconf 79' lang='grc' dir='ltr'>γεγενῆσθαι</span> <span class='ocrx_word' id='word_1_309' title='bbox 1273 3899 1333 3953; x_wconf 90' lang='grc' dir='ltr'><strong>τὸ</strong></span> <span class='ocrx_word' id='word_1_310' title='bbox 1360 3899 1509 3953; x_wconf 85' lang='grc' dir='ltr'><strong>Θείον</strong></span> <span class='ocrx_word' id='word_1_311' title='bbox 1551 3902 1579 3953; x_wconf 86' lang='grc' dir='ltr'>ὁ</span> <span class='ocrx_word' id='word_1_312' title='bbox 1604 3899 1760 3968; x_wconf 81' lang='grc' dir='ltr'>λόγος</span> <span class='ocrx_word' id='word_1_313' title='bbox 1792 3899 1870 3953; x_wconf 86' lang='grc' dir='ltr'>δι-</span> 
     </span>
    </p>
   </div>
   <div class='ocr_carea' id='block_1_39' title="bbox 297 3988 1865 4061">
    <p class='ocr_par' dir='ltr' id='par_1_39' title="bbox 297 3988 1865 4061">
     <span class='ocr_line' id='line_1_39' title="bbox 297 3988 1865 4061; baseline 0.002 -22"><span class='ocrx_word' id='word_1_314' title='bbox 297 3988 623 4060; x_wconf 73' lang='grc' dir='ltr'>ισχυρίζετο,</span> <span class='ocrx_word' id='word_1_315' title='bbox 655 3989 875 4057; x_wconf 80' lang='grc' dir='ltr'>φεύγειν</span> <span class='ocrx_word' id='word_1_316' title='bbox 916 3990 1023 4042; x_wconf 79' lang='grc' dir='ltr'>ἔδει</span> <span class='ocrx_word' id='word_1_317' title='bbox 1062 3990 1159 4061; x_wconf 84' lang='grc' dir='ltr'>τὴν</span> <span class='ocrx_word' id='word_1_318' title='bbox 1184 3991 1414 4043; x_wconf 83' lang='grc' dir='ltr'>ἀτοπίαν</span> <span class='ocrx_word' id='word_1_319' title='bbox 1450 3988 1542 4042; x_wconf 74' lang='grc' dir='ltr'>τοῦ</span> <span class='ocrx_word' id='word_1_320' title='bbox 1578 3989 1865 4060; x_wconf 80' lang='grc' dir='ltr'>δόγματος,</span> 
     </span>
    </p>
   </div>
   <div class='ocr_carea' id='block_1_40' title="bbox 296 4079 1869 4152">
    <p class='ocr_par' dir='ltr' id='par_1_40' title="bbox 296 4079 1869 4152">
     <span class='ocr_line' id='line_1_40' title="bbox 296 4079 1869 4152; baseline 0 -19"><span class='ocrx_word' id='word_1_321' title='bbox 296 4083 368 4145; x_wconf 85' lang='grc' dir='ltr'><strong>ὡς</strong></span> <span class='ocrx_word' id='word_1_322' title='bbox 392 4083 545 4135; x_wconf 78' lang='grc' dir='ltr'>οὐδὲν</span> <span class='ocrx_word' id='word_1_323' title='bbox 575 4084 721 4151; x_wconf 82' lang='grc' dir='ltr'>ὑγιὲς</span> <span class='ocrx_word' id='word_1_324' title='bbox 751 4082 877 4152; x_wconf 66' lang='grc' dir='ltr'>περὶ</span> <span class='ocrx_word' id='word_1_325' title='bbox 915 4081 1015 4151; x_wconf 79' lang='grc' dir='ltr'>τῆς</span> <span class='ocrx_word' id='word_1_326' title='bbox 1053 4080 1200 4143; x_wconf 89' lang='grc' dir='ltr'>θείας</span> <span class='ocrx_word' id='word_1_327' title='bbox 1227 4080 1439 4150; x_wconf 81' lang='grc' dir='ltr'>φύσεως</span> <span class='ocrx_word' id='word_1_328' title='bbox 1463 4079 1765 4143; x_wconf 84' lang='grc' dir='ltr'>διεξιόντος.</span> <span class='ocrx_word' id='word_1_329' title='bbox 1806 4081 1869 4133; x_wconf 80' lang='lat' dir='ltr'><strong>El</strong></span> 
     </span>
    </p>
   </div>
   <div class='ocr_carea' id='block_1_41' title="bbox 294 4167 1867 4245">
    <p class='ocr_par' dir='ltr' id='par_1_41' title="bbox 294 4167 1867 4245">
     <span class='ocr_line' id='line_1_41' title="bbox 294 4167 1867 4245; baseline -0.001 -20"><span class='ocrx_word' id='word_1_330' title='bbox 294 4174 349 4225; x_wconf 70' lang='grc' dir='ltr'>δὲ</span> <span class='ocrx_word' id='word_1_331' title='bbox 376 4176 470 4244; x_wconf 76' lang='grc' dir='ltr'><strong>τῆς</strong></span> <span class='ocrx_word' id='word_1_332' title='bbox 512 4174 724 4243; x_wconf 77' lang='grc' dir='ltr'>φύσεως</span> <span class='ocrx_word' id='word_1_333' title='bbox 759 4174 915 4245; x_wconf 85' lang='grc' dir='ltr'>ήμῶν</span> <span class='ocrx_word' id='word_1_334' title='bbox 948 4173 1108 4227; x_wconf 74' lang='grc' dir='ltr'>αὑτὸν</span> <span class='ocrx_word' id='word_1_335' title='bbox 1144 4172 1385 4242; x_wconf 75' lang='grc' dir='ltr'>ὲφῆφθαι</span> <span class='ocrx_word' id='word_1_336' title='bbox 1416 4172 1583 4240; x_wconf 85' lang='grc' dir='ltr'>λέγει,</span> <span class='ocrx_word' id='word_1_337' title='bbox 1610 4167 1677 4242; x_wconf 85' lang='grc' dir='ltr'>ἦς</span> <span class='ocrx_word' id='word_1_338' title='bbox 1703 4173 1795 4225; x_wconf 76' lang='grc' dir='ltr'>καὶ</span> <span class='ocrx_word' id='word_1_339' title='bbox 1833 4172 1867 4241; x_wconf 84' lang='grc' dir='ltr'>ἡ</span> 
     </span>
    </p>
   </div>
   <div class='ocr_carea' id='block_1_42' title="bbox 298 4264 1868 4337">
    <p class='ocr_par' dir='ltr' id='par_1_42' title="bbox 298 4264 1868 4337">
     <span class='ocr_line' id='line_1_42' title="bbox 298 4264 1868 4337; baseline -0.001 -20"><span class='ocrx_word' id='word_1_340' title='bbox 298 4266 483 4337; x_wconf 82' lang='grc' dir='ltr'>πρώτη</span> <span class='ocrx_word' id='word_1_341' title='bbox 527 4268 735 4334; x_wconf 81' lang='grc' dir='ltr'>γένεσίς</span> <span class='ocrx_word' id='word_1_342' title='bbox 788 4283 847 4319; x_wconf 87' lang='grc' dir='ltr'><strong>τε</strong></span> <span class='ocrx_word' id='word_1_343' title='bbox 900 4267 993 4319; x_wconf 71' lang='grc' dir='ltr'><strong>καὶ</strong></span> <span class='ocrx_word' id='word_1_344' title='bbox 1040 4265 1333 4327; x_wconf 84' lang='grc' dir='ltr'>ὑπόστασις</span> <span class='ocrx_word' id='word_1_345' title='bbox 1384 4267 1511 4334; x_wconf 84' lang='grc' dir='ltr'>παρ’</span> <span class='ocrx_word' id='word_1_346' title='bbox 1561 4264 1724 4317; x_wconf 78' lang='grc' dir='ltr'>αὐτοῦ</span> <span class='ocrx_word' id='word_1_347' title='bbox 1769 4264 1868 4336; x_wconf 81' lang='grc' dir='ltr'>τὴν</span> 
     </span>
    </p>
   </div>
   <div class='ocr_carea' id='block_1_43' title="bbox 298 4356 1868 4428">
    <p class='ocr_par' dir='ltr' id='par_1_43' title="bbox 298 4356 1868 4428">
     <span class='ocr_line' id='line_1_43' title="bbox 298 4356 1868 4428; baseline -0.001 -19"><span class='ocrx_word' id='word_1_348' title='bbox 298 4358 465 4428; x_wconf 80' lang='grc' dir='ltr'>ἀρχὴν</span> <span class='ocrx_word' id='word_1_349' title='bbox 494 4359 639 4428; x_wconf 79' lang='grc' dir='ltr'>ἔσχε,</span> <span class='ocrx_word' id='word_1_350' title='bbox 665 4357 766 4411; x_wconf 75' lang='grc' dir='ltr'>ποῦ</span> <span class='ocrx_word' id='word_1_351' title='bbox 787 4358 889 4426; x_wconf 82' lang='grc' dir='ltr'>τῆς</span> <span class='ocrx_word' id='word_1_352' title='bbox 914 4356 1033 4426; x_wconf 81' lang='grc' dir='ltr'><strong>Θεῷ</strong></span> <span class='ocrx_word' id='word_1_353' title='bbox 1056 4356 1374 4427; x_wconf 85' lang='grc' dir='ltr'>πρεπούσης</span> <span class='ocrx_word' id='word_1_354' title='bbox 1406 4356 1615 4418; x_wconf 81' lang='grc' dir='ltr'>ἐννοίας</span> <span class='ocrx_word' id='word_1_355' title='bbox 1635 4356 1868 4426; x_wconf 83' lang='grc' dir='ltr'>διαμαρ-</span> 
     </span>
    </p>
   </div>
   <div class='ocr_carea' id='block_1_44' title="bbox 298 4449 1867 4521">
    <p class='ocr_par' dir='ltr' id='par_1_44' title="bbox 298 4449 1867 4521">
     <span class='ocr_line' id='line_1_44' title="bbox 298 4449 1867 4521; baseline 0.001 -21"><span class='ocrx_word' id='word_1_356' title='bbox 298 4449 442 4501; x_wconf 80' lang='grc' dir='ltr'>τάνει</span> <span class='ocrx_word' id='word_1_357' title='bbox 483 4451 546 4503; x_wconf 85' lang='grc' dir='ltr'><strong>τὸ</strong></span> <span class='ocrx_word' id='word_1_358' title='bbox 593 4453 881 4521; x_wconf 76' lang='grc' dir='ltr'>κήρυγμα,</span> <span class='ocrx_word' id='word_1_359' title='bbox 922 4450 1186 4519; x_wconf 79' lang='grc' dir='ltr'>μηδεμιᾶς</span> <span class='ocrx_word' id='word_1_360' title='bbox 1226 4449 1533 4519; x_wconf 82' lang='grc' dir='ltr'>παθητικῆς</span> <span class='ocrx_word' id='word_1_361' title='bbox 1574 4449 1867 4512; x_wconf 80' lang='grc' dir='ltr'>διαθέσεως</span> 
     </span>
    </p>
   </div>
   <div class='ocr_carea' id='block_1_45' title="bbox 1974 610 3541 679">
    <p class='ocr_par' dir='ltr' id='par_1_45' title="bbox 1974 610 3541 679">
     <span class='ocr_line' id='line_1_45' title="bbox 1974 610 3541 679; baseline -0.001 -14"><span class='ocrx_word' id='word_1_362' title='bbox 1974 610 2091 665; x_wconf 87' lang='lat' dir='ltr'><strong>Non</strong></span> <span class='ocrx_word' id='word_1_363' title='bbox 2120 613 2263 665; x_wconf 92' lang='lat' dir='ltr'><strong>enim</strong></span> <span class='ocrx_word' id='word_1_364' title='bbox 2296 610 2378 665; x_wconf 89' lang='lat' dir='ltr'><strong>fas</strong></span> <span class='ocrx_word' id='word_1_365' title='bbox 2403 617 2548 664; x_wconf 87' lang='lat' dir='ltr'><strong>esset</strong></span> <span class='ocrx_word' id='word_1_366' title='bbox 2580 610 2761 663; x_wconf 80' lang='lat' dir='ltr'><strong>dicere</strong></span> <span class='ocrx_word' id='word_1_367' title='bbox 2794 611 2965 678; x_wconf 86' lang='lat' dir='ltr'><strong>ipsam</strong></span> <span class='ocrx_word' id='word_1_368' title='bbox 2994 626 3086 679; x_wconf 89' lang='lat' dir='ltr'><strong>per</strong></span> <span class='ocrx_word' id='word_1_369' title='bbox 3125 626 3184 664; x_wconf 90' lang='lat' dir='ltr'><strong>se</strong></span> <span class='ocrx_word' id='word_1_370' title='bbox 3219 610 3541 678; x_wconf 90' lang='lat' dir='ltr'><strong>sapientiam</strong></span> 
     </span>
    </p>
   </div>
   <div class='ocr_carea' id='block_1_46' title="bbox 1974 701 3542 771">
    <p class='ocr_par' dir='ltr' id='par_1_46' title="bbox 1974 701 3542 771">
     <span class='ocr_line' id='line_1_46' title="bbox 1974 701 3542 771; baseline -0.003 -13"><span class='ocrx_word' id='word_1_371' title='bbox 1974 712 2028 758; x_wconf 85' lang='lat' dir='ltr'><strong>et</strong></span> <span class='ocrx_word' id='word_1_372' title='bbox 2062 704 2359 758; x_wconf 90' lang='lat' dir='ltr'><strong>bonitatem</strong></span> <span class='ocrx_word' id='word_1_373' title='bbox 2391 709 2446 755; x_wconf 91' lang='lat' dir='ltr'><strong>et</strong></span> <span class='ocrx_word' id='word_1_374' title='bbox 2499 701 2987 770; x_wconf 89' lang='lat' dir='ltr'><strong>incorruptionem,</strong></span> <span class='ocrx_word' id='word_1_375' title='bbox 3041 710 3095 755; x_wconf 91' lang='lat' dir='ltr'><strong>et</strong></span> <span class='ocrx_word' id='word_1_376' title='bbox 3137 701 3182 756; x_wconf 88' lang='lat' dir='ltr'><strong>si</strong></span> <span class='ocrx_word' id='word_1_377' title='bbox 3235 712 3319 755; x_wconf 87' lang='lat' dir='ltr'><strong>est</strong></span> <span class='ocrx_word' id='word_1_378' title='bbox 3357 702 3542 771; x_wconf 89' lang='lat' dir='ltr'><strong>aliqua</strong></span> 
     </span>
    </p>
   </div>
   <div class='ocr_carea' id='block_1_47' title="bbox 1974 792 3540 863">
    <p class='ocr_par' dir='ltr' id='par_1_47' title="bbox 1974 792 3540 863">
     <span class='ocr_line' id='line_1_47' title="bbox 1974 792 3540 863; baseline -0.003 -14"><span class='ocrx_word' id='word_1_379' title='bbox 1974 796 2225 849; x_wconf 91' lang='lat' dir='ltr'><strong>sublimis</strong></span> <span class='ocrx_word' id='word_1_380' title='bbox 2255 794 2627 863; x_wconf 87' lang='lat' dir='ltr'><strong>intelligentia,</strong></span> <span class='ocrx_word' id='word_1_381' title='bbox 2661 802 2714 847; x_wconf 90' lang='lat' dir='ltr'><strong>et</strong></span> <span class='ocrx_word' id='word_1_382' title='bbox 2737 792 2970 847; x_wconf 85' lang='lat' dir='ltr'><strong>sublime</strong></span> <span class='ocrx_word' id='word_1_383' title='bbox 3003 810 3220 857; x_wconf 80' lang='lat' dir='ltr'><strong>nomen,</strong></span> <span class='ocrx_word' id='word_1_384' title='bbox 3260 804 3540 847; x_wconf 82' lang='lat' dir='ltr'><strong>transmu—</strong></span> 
     </span>
    </p>
   </div>
   <div class='ocr_carea' id='block_1_48' title="bbox 1974 884 3540 963">
    <p class='ocr_par' dir='ltr' id='par_1_48' title="bbox 1974 884 3540 963">
     <span class='ocr_line' id='line_1_48' title="bbox 1974 884 3540 963; baseline -0.001 -25"><span class='ocrx_word' id='word_1_385' title='bbox 1974 895 2147 939; x_wconf 92' lang='lat' dir='ltr'><strong>tatnm</strong></span> <span class='ocrx_word' id='word_1_386' title='bbox 2188 902 2310 941; x_wconf 90' lang='lat' dir='ltr'><strong>esse</strong></span> <span class='ocrx_word' id='word_1_387' title='bbox 2338 886 2393 939; x_wconf 92' lang='lat' dir='ltr'><strong>in</strong></span> <span class='ocrx_word' id='word_1_388' title='bbox 2432 886 2789 963; x_wconf 78' lang='lat' dir='ltr'><strong>contrarium.</strong></span> <span class='ocrx_word' id='word_1_389' title='bbox 2852 885 2907 937; x_wconf 89' lang='lat' dir='ltr'><strong>Si</strong></span> <span class='ocrx_word' id='word_1_390' title='bbox 2968 901 3099 955; x_wconf 86' lang='lat' dir='ltr'><strong>ergo</strong></span> <span class='ocrx_word' id='word_1_391' title='bbox 3151 886 3292 939; x_wconf 86' lang='lat' dir='ltr'><strong>Deus</strong></span> <span class='ocrx_word' id='word_1_392' title='bbox 3321 884 3540 954; x_wconf 83' lang='lat' dir='ltr'><strong>quidem</strong></span> 
     </span>
    </p>
   </div>
   <div class='ocr_carea' id='block_1_49' title="bbox 1972 974 3529 1045">
    <p class='ocr_par' dir='ltr' id='par_1_49' title="bbox 1972 974 3529 1045">
     <span class='ocr_line' id='line_1_49' title="bbox 1972 974 3529 1045; baseline -0.003 -13"><span class='ocrx_word' id='word_1_393' title='bbox 1972 989 2051 1032; x_wconf 90' lang='lat' dir='ltr'><strong>est</strong></span> <span class='ocrx_word' id='word_1_394' title='bbox 2086 994 2211 1031; x_wconf 85' lang='lat' dir='ltr'><strong>vera</strong></span> <span class='ocrx_word' id='word_1_395' title='bbox 2258 980 2450 1041; x_wconf 79' lang='lat' dir='ltr'><strong>virtus,</strong></span> <span class='ocrx_word' id='word_1_396' title='bbox 2489 974 2636 1031; x_wconf 86' lang='lat' dir='ltr'><strong>nulla</strong></span> <span class='ocrx_word' id='word_1_397' title='bbox 2679 984 2857 1031; x_wconf 90' lang='lat' dir='ltr'><strong>autem</strong></span> <span class='ocrx_word' id='word_1_398' title='bbox 2906 985 3100 1030; x_wconf 91' lang='lat' dir='ltr'><strong>natura</strong></span> <span class='ocrx_word' id='word_1_399' title='bbox 3134 986 3392 1045; x_wconf 89' lang='lat' dir='ltr'><strong>tanquam</strong></span> <span class='ocrx_word' id='word_1_400' title='bbox 3447 976 3529 1028; x_wconf 85' lang='lat' dir='ltr'><strong>ad-</strong></span> 
     </span>
    </p>
   </div>
   <div class='ocr_carea' id='block_1_50' title="bbox 1974 1068 3540 1135">
    <p class='ocr_par' dir='ltr' id='par_1_50' title="bbox 1974 1068 3540 1135">
     <span class='ocr_line' id='line_1_50' title="bbox 1974 1068 3540 1135; baseline -0.004 -11"><span class='ocrx_word' id='word_1_401' title='bbox 1974 1087 2130 1124; x_wconf 86' lang='lat' dir='ltr'><strong>versa</strong></span> <span class='ocrx_word' id='word_1_402' title='bbox 2166 1071 2424 1125; x_wconf 72' lang='lat' dir='ltr'><strong>statuitur</strong></span> <span class='ocrx_word' id='word_1_403' title='bbox 2464 1070 2676 1135; x_wconf 80' lang='lat' dir='ltr'><strong>virtuti,</strong></span> <span class='ocrx_word' id='word_1_404' title='bbox 2739 1068 2833 1123; x_wconf 91' lang='lat' dir='ltr'><strong>sed</strong></span> <span class='ocrx_word' id='word_1_405' title='bbox 2869 1070 3056 1121; x_wconf 89' lang='lat' dir='ltr'><strong>vitium</strong></span> <span class='ocrx_word' id='word_1_406' title='bbox 3089 1086 3102 1133; x_wconf 92' lang='lat'><strong>;</strong></span> <span class='ocrx_word' id='word_1_407' title='bbox 3161 1068 3302 1121; x_wconf 80' lang='lat' dir='ltr'><strong>Deus</strong></span> <span class='ocrx_word' id='word_1_408' title='bbox 3358 1076 3540 1121; x_wconf 89' lang='lat' dir='ltr'><strong>autem</strong></span> 
     </span>
    </p>
   </div>
   <div class='ocr_carea' id='block_1_51' title="bbox 1974 1158 3540 1231">
    <p class='ocr_par' dir='ltr' id='par_1_51' title="bbox 1974 1158 3540 1231">
     <span class='ocr_line' id='line_1_51' title="bbox 1974 1158 3540 1231; baseline -0.004 -16"><span class='ocrx_word' id='word_1_409' title='bbox 1974 1176 2082 1215; x_wconf 89' lang='lat' dir='ltr'><strong>non</strong></span> <span class='ocrx_word' id='word_1_410' title='bbox 2118 1164 2354 1231; x_wconf 79' lang='lat' dir='ltr'><strong>gignitur</strong></span> <span class='ocrx_word' id='word_1_411' title='bbox 2391 1163 2444 1215; x_wconf 93' lang='lat' dir='ltr'><strong>in</strong></span> <span class='ocrx_word' id='word_1_412' title='bbox 2476 1163 2628 1225; x_wconf 87' lang='lat' dir='ltr'><strong>vitio,</strong></span> <span class='ocrx_word' id='word_1_413' title='bbox 2665 1161 2759 1215; x_wconf 89' lang='lat' dir='ltr'><strong>sed</strong></span> <span class='ocrx_word' id='word_1_414' title='bbox 2791 1162 2845 1214; x_wconf 92' lang='lat' dir='ltr'><strong>in</strong></span> <span class='ocrx_word' id='word_1_415' title='bbox 2875 1168 3069 1213; x_wconf 87' lang='lat' dir='ltr'><strong>natura</strong></span> <span class='ocrx_word' id='word_1_416' title='bbox 3106 1159 3382 1224; x_wconf 88' lang='lat' dir='ltr'><strong>hominis;</strong></span> <span class='ocrx_word' id='word_1_417' title='bbox 3423 1158 3540 1211; x_wconf 85' lang='lat' dir='ltr'><strong>sola</strong></span> 
     </span>
    </p>
   </div>
   <div class='ocr_carea' id='block_1_52' title="bbox 1977 1249 3542 1324">
    <p class='ocr_par' dir='ltr' id='par_1_52' title="bbox 1977 1249 3542 1324">
     <span class='ocr_line' id='line_1_52' title="bbox 1977 1249 3542 1324; baseline -0.004 -15"><span class='ocrx_word' id='word_1_418' title='bbox 1977 1267 2153 1309; x_wconf 90' lang='lat' dir='ltr'><strong>autem</strong></span> <span class='ocrx_word' id='word_1_419' title='bbox 2186 1263 2271 1310; x_wconf 88' lang='lat' dir='ltr'><strong>est</strong></span> <span class='ocrx_word' id='word_1_420' title='bbox 2303 1256 2559 1309; x_wconf 83' lang='lat' dir='ltr'><strong>indecora</strong></span> <span class='ocrx_word' id='word_1_421' title='bbox 2591 1265 2644 1309; x_wconf 90' lang='lat' dir='ltr'><strong>et</strong></span> <span class='ocrx_word' id='word_1_422' title='bbox 2678 1255 2854 1324; x_wconf 89' lang='lat' dir='ltr'><strong>turpis</strong></span> <span class='ocrx_word' id='word_1_423' title='bbox 2886 1270 3004 1322; x_wconf 64' lang='lat' dir='ltr'><strong>qum</strong></span> <span class='ocrx_word' id='word_1_424' title='bbox 3035 1270 3099 1307; x_wconf 78' lang='lat' dir='ltr'><strong>ex</strong></span> <span class='ocrx_word' id='word_1_425' title='bbox 3126 1252 3259 1305; x_wconf 88' lang='lat' dir='ltr'><strong>vitio</strong></span> <span class='ocrx_word' id='word_1_426' title='bbox 3298 1263 3383 1305; x_wconf 87' lang='lat' dir='ltr'><strong>est</strong></span> <span class='ocrx_word' id='word_1_427' title='bbox 3414 1249 3542 1303; x_wconf 83' lang='lat' dir='ltr'><strong>affe-</strong></span> 
     </span>
    </p>
   </div>
   <div class='ocr_carea' id='block_1_53' title="bbox 1971 1341 3543 1415">
    <p class='ocr_par' dir='ltr' id='par_1_53' title="bbox 1971 1341 3543 1415">
     <span class='ocr_line' id='line_1_53' title="bbox 1971 1341 3543 1415; baseline -0.004 -16"><span class='ocrx_word' id='word_1_428' title='bbox 1971 1347 2105 1409; x_wconf 81' lang='lat' dir='ltr'><strong>ctio,</strong></span> <span class='ocrx_word' id='word_1_429' title='bbox 2142 1347 2194 1398; x_wconf 94' lang='lat' dir='ltr'><strong>in</strong></span> <span class='ocrx_word' id='word_1_430' title='bbox 2230 1361 2339 1415; x_wconf 90' lang='lat' dir='ltr'><strong>qua</strong></span> <span class='ocrx_word' id='word_1_431' title='bbox 2376 1361 2474 1399; x_wconf 91' lang='lat' dir='ltr'><strong>nec</strong></span> <span class='ocrx_word' id='word_1_432' title='bbox 2506 1347 2723 1415; x_wconf 89' lang='lat' dir='ltr'><strong>genitus</strong></span> <span class='ocrx_word' id='word_1_433' title='bbox 2754 1354 2837 1399; x_wconf 88' lang='lat' dir='ltr'><strong>est</strong></span> <span class='ocrx_word' id='word_1_434' title='bbox 2869 1344 3031 1407; x_wconf 88' lang='lat' dir='ltr'><strong>Deus,</strong></span> <span class='ocrx_word' id='word_1_435' title='bbox 3063 1358 3162 1396; x_wconf 91' lang='lat' dir='ltr'><strong>nec</strong></span> <span class='ocrx_word' id='word_1_436' title='bbox 3207 1356 3269 1395; x_wconf 88' lang='lat' dir='ltr'><strong>ea</strong></span> <span class='ocrx_word' id='word_1_437' title='bbox 3298 1350 3383 1395; x_wconf 83' lang='lat' dir='ltr'><strong>est</strong></span> <span class='ocrx_word' id='word_1_438' title='bbox 3422 1341 3543 1408; x_wconf 78' lang='lat' dir='ltr'><strong>ejus</strong></span> 
     </span>
    </p>
   </div>
   <div class='ocr_carea' id='block_1_54' title="bbox 1973 1432 3538 1507">
    <p class='ocr_par' dir='ltr' id='par_1_54' title="bbox 1973 1432 3538 1507">
     <span class='ocr_line' id='line_1_54' title="bbox 1973 1432 3538 1507; baseline -0.004 -16"><span class='ocrx_word' id='word_1_439' title='bbox 1973 1447 2171 1491; x_wconf 90' lang='lat' dir='ltr'><strong>natura</strong></span> <span class='ocrx_word' id='word_1_440' title='bbox 2203 1445 2258 1490; x_wconf 89' lang='lat' dir='ltr'><strong>ut</strong></span> <span class='ocrx_word' id='word_1_441' title='bbox 2291 1437 2437 1507; x_wconf 85' lang='lat' dir='ltr'><strong>gigni</strong></span> <span class='ocrx_word' id='word_1_442' title='bbox 2478 1438 2677 1506; x_wconf 89' lang='lat' dir='ltr'><strong>possit,</strong></span> <span class='ocrx_word' id='word_1_443' title='bbox 2730 1452 2830 1489; x_wconf 91' lang='lat' dir='ltr'><strong>cur</strong></span> <span class='ocrx_word' id='word_1_444' title='bbox 2862 1434 3026 1505; x_wconf 87' lang='lat' dir='ltr'><strong>pudet</strong></span> <span class='ocrx_word' id='word_1_445' title='bbox 3059 1450 3154 1489; x_wconf 92' lang='lat' dir='ltr'><strong>eos</strong></span> <span class='ocrx_word' id='word_1_446' title='bbox 3186 1434 3336 1487; x_wconf 81' lang='lat' dir='ltr'><strong>fateri</strong></span> <span class='ocrx_word' id='word_1_447' title='bbox 3373 1432 3538 1486; x_wconf 90' lang='lat' dir='ltr'><strong>Deum</strong></span> 
     </span>
    </p>
   </div>
   <div class='ocr_carea' id='block_1_55' title="bbox 1972 1524 3542 1597">
    <p class='ocr_par' dir='ltr' id='par_1_55' title="bbox 1972 1524 3542 1597">
     <span class='ocr_line' id='line_1_55' title="bbox 1972 1524 3542 1597; baseline -0.003 -16"><span class='ocrx_word' id='word_1_448' title='bbox 1972 1528 2267 1582; x_wconf 84' lang='lat' dir='ltr'><strong>humanam</strong></span> <span class='ocrx_word' id='word_1_449' title='bbox 2304 1529 2552 1597; x_wconf 83' lang='lat' dir='ltr'><strong>attigisse</strong></span> <span class='ocrx_word' id='word_1_450' title='bbox 2614 1537 2889 1592; x_wconf 90' lang='lat' dir='ltr'><strong>naturam,</strong></span> <span class='ocrx_word' id='word_1_451' title='bbox 2929 1524 3153 1595; x_wconf 80' lang='lat' dir='ltr'><strong>perinde</strong></span> <span class='ocrx_word' id='word_1_452' title='bbox 3210 1540 3272 1577; x_wconf 92' lang='lat' dir='ltr'><strong>ac</strong></span> <span class='ocrx_word' id='word_1_453' title='bbox 3309 1525 3355 1579; x_wconf 91' lang='lat' dir='ltr'><strong>si</strong></span> <span class='ocrx_word' id='word_1_454' title='bbox 3400 1526 3542 1577; x_wconf 88' lang='lat' dir='ltr'><strong>ratio</strong></span> 
     </span>
    </p>
   </div>
   <div class='ocr_carea' id='block_1_56' title="bbox 1972 1616 3544 1676">
    <p class='ocr_par' dir='ltr' id='par_1_56' title="bbox 1972 1616 3544 1676">
     <span class='ocr_line' id='line_1_56' title="bbox 1972 1616 3544 1676; baseline -0.003 -4"><span class='ocrx_word' id='word_1_455' title='bbox 1972 1621 2193 1675; x_wconf 90' lang='lat' dir='ltr'><strong>virtutis</strong></span> <span class='ocrx_word' id='word_1_456' title='bbox 2231 1622 2610 1676; x_wconf 88' lang='lat' dir='ltr'><strong>consideretur</strong></span> <span class='ocrx_word' id='word_1_457' title='bbox 2640 1620 2914 1674; x_wconf 86' lang='lat' dir='ltr'><strong>contraria</strong></span> <span class='ocrx_word' id='word_1_458' title='bbox 2946 1616 3244 1671; x_wconf 89' lang='lat' dir='ltr'><strong>conditioni</strong></span> <span class='ocrx_word' id='word_1_459' title='bbox 3270 1616 3544 1669; x_wconf 79' lang='lat' dir='ltr'><strong>hominis?</strong></span> 
     </span>
    </p>
   </div>
   <div class='ocr_carea' id='block_1_57' title="bbox 1971 1708 3542 1781">
    <p class='ocr_par' dir='ltr' id='par_1_57' title="bbox 1971 1708 3542 1781">
     <span class='ocr_line' id='line_1_57' title="bbox 1971 1708 3542 1781; baseline -0.003 -17"><span class='ocrx_word' id='word_1_460' title='bbox 1971 1710 2159 1781; x_wconf 80' lang='lat' dir='ltr'><strong>Neque</strong></span> <span class='ocrx_word' id='word_1_461' title='bbox 2191 1712 2335 1766; x_wconf 79' lang='lat' dir='ltr'><strong>enim</strong></span> <span class='ocrx_word' id='word_1_462' title='bbox 2370 1712 2599 1766; x_wconf 89' lang='lat' dir='ltr'><strong>rationis</strong></span> <span class='ocrx_word' id='word_1_463' title='bbox 2634 1720 2688 1765; x_wconf 89' lang='lat' dir='ltr'><strong>et</strong></span> <span class='ocrx_word' id='word_1_464' title='bbox 2742 1710 3117 1780; x_wconf 70' lang='lat' dir='ltr'><strong>intelligentia:</strong></span> <span class='ocrx_word' id='word_1_465' title='bbox 3167 1723 3289 1762; x_wconf 90' lang='lat' dir='ltr'><strong>esse</strong></span> <span class='ocrx_word' id='word_1_466' title='bbox 3319 1708 3542 1776; x_wconf 77' lang='lat' dir='ltr'><strong>partici-</strong></span> 
     </span>
    </p>
   </div>
   <div class='ocr_carea' id='block_1_58' title="bbox 1974 1798 3540 1873">
    <p class='ocr_par' dir='ltr' id='par_1_58' title="bbox 1974 1798 3540 1873">
     <span class='ocr_line' id='line_1_58' title="bbox 1974 1798 3540 1873; baseline -0.004 -16"><span class='ocrx_word' id='word_1_467' title='bbox 1974 1819 2117 1872; x_wconf 90' lang='lat' dir='ltr'><strong>pem,</strong></span> <span class='ocrx_word' id='word_1_468' title='bbox 2160 1820 2336 1873; x_wconf 88' lang='lat' dir='ltr'><strong>neque</strong></span> <span class='ocrx_word' id='word_1_469' title='bbox 2371 1798 2612 1858; x_wconf 79' lang='lat' dir='ltr'><strong>Scientiae</strong></span> <span class='ocrx_word' id='word_1_470' title='bbox 2663 1820 2787 1858; x_wconf 89' lang='lat' dir='ltr'><strong>esse</strong></span> <span class='ocrx_word' id='word_1_471' title='bbox 2820 1816 3097 1870; x_wconf 80' lang='lat' dir='ltr'><strong>capacem,</strong></span> <span class='ocrx_word' id='word_1_472' title='bbox 3163 1816 3339 1869; x_wconf 86' lang='lat' dir='ltr'><strong>neque</strong></span> <span class='ocrx_word' id='word_1_473' title='bbox 3376 1800 3540 1869; x_wconf 90' lang='lat' dir='ltr'><strong>quid-</strong></span> 
     </span>
    </p>
   </div>
   <div class='ocr_carea' id='block_1_59' title="bbox 1899 1894 3541 1965">
    <p class='ocr_par' dir='ltr' id='par_1_59' title="bbox 1899 1894 3541 1965">
     <span class='ocr_line' id='line_1_59' title="bbox 1899 1894 3541 1965; baseline -0.002 -17"><span class='ocrx_word' id='word_1_474' title='bbox 1899 1904 1941 1959; x_wconf 85' lang='lat' dir='ltr'><strong>B</strong></span> <span class='ocrx_word' id='word_1_475' title='bbox 1969 1911 2130 1965; x_wconf 89' lang='lat' dir='ltr'><strong>quam</strong></span> <span class='ocrx_word' id='word_1_476' title='bbox 2162 1895 2313 1950; x_wconf 82' lang='lat' dir='ltr'><strong>aliud</strong></span> <span class='ocrx_word' id='word_1_477' title='bbox 2334 1895 2626 1964; x_wconf 83' lang='lat' dir='ltr'><strong>ejusmodi,</strong></span> <span class='ocrx_word' id='word_1_478' title='bbox 2662 1894 2806 1964; x_wconf 89' lang='lat' dir='ltr'><strong>quod</strong></span> <span class='ocrx_word' id='word_1_479' title='bbox 2852 1901 2936 1947; x_wconf 92' lang='lat' dir='ltr'><strong>est</strong></span> <span class='ocrx_word' id='word_1_480' title='bbox 2979 1894 3255 1963; x_wconf 86' lang='lat' dir='ltr'><strong>pr0prium</strong></span> <span class='ocrx_word' id='word_1_481' title='bbox 3293 1894 3541 1946; x_wconf 75' lang='lat' dir='ltr'><strong>humana:</strong></span> 
     </span>
    </p>
   </div>
   <div class='ocr_carea' id='block_1_60' title="bbox 1970 1985 3045 2059">
    <p class='ocr_par' dir='ltr' id='par_1_60' title="bbox 1970 1985 3045 2059">
     <span class='ocr_line' id='line_1_60' title="bbox 1970 1985 3045 2059; baseline -0.005 -15"><span class='ocrx_word' id='word_1_482' title='bbox 1970 1991 2242 2053; x_wconf 85' lang='lat' dir='ltr'><strong>essenti:e,</strong></span> <span class='ocrx_word' id='word_1_483' title='bbox 2277 1995 2541 2059; x_wconf 79' lang='lat' dir='ltr'><strong>repugnat</strong></span> <span class='ocrx_word' id='word_1_484' title='bbox 2570 1987 2770 2041; x_wconf 90' lang='lat' dir='ltr'><strong>rationi</strong></span> <span class='ocrx_word' id='word_1_485' title='bbox 2808 1985 3045 2039; x_wconf 88' lang='lat' dir='ltr'><strong>virtutis.</strong></span> 
     </span>
    </p>
   </div>
   <div class='ocr_carea' id='block_1_61' title="bbox 2549 2058 2956 2133">
    <p class='ocr_par' dir='ltr' id='par_1_61' title="bbox 2549 2058 2956 2133">
     <span class='ocr_line' id='line_1_61' title="bbox 2549 2058 2956 2133; baseline 0 0"><span class='ocrx_word' id='word_1_486' title='bbox 2549 2058 2778 2133; x_wconf 68' lang='lat' dir='ltr'><strong>CAPUT</strong></span> <span class='ocrx_word' id='word_1_487' title='bbox 2816 2076 2956 2133; x_wconf 79' lang='lat' dir='ltr'><strong>xw.</strong></span> 
     </span>
    </p>
   </div>
   <div class='ocr_carea' id='block_1_62' title="bbox 2041 2167 3538 2242">
    <p class='ocr_par' dir='ltr' id='par_1_62' title="bbox 2041 2167 3538 2242">
     <span class='ocr_line' id='line_1_62' title="bbox 2041 2167 3538 2242; baseline -0.002 -18"><span class='ocrx_word' id='word_1_488' title='bbox 2041 2172 2109 2225; x_wconf 78' lang='lat' dir='ltr'><strong>At</strong></span> <span class='ocrx_word' id='word_1_489' title='bbox 2133 2174 2269 2241; x_wconf 91' lang='lat' dir='ltr'><strong>ipsa,</strong></span> <span class='ocrx_word' id='word_1_490' title='bbox 2306 2172 2503 2242; x_wconf 87' lang='lat' dir='ltr'><strong>inquit,</strong></span> <span class='ocrx_word' id='word_1_491' title='bbox 2539 2172 2709 2226; x_wconf 90' lang='lat' dir='ltr'><strong>nostri</strong></span> <span class='ocrx_word' id='word_1_492' title='bbox 2737 2171 2988 2240; x_wconf 89' lang='lat' dir='ltr'><strong>corporis</strong></span> <span class='ocrx_word' id='word_1_493' title='bbox 3031 2168 3260 2221; x_wconf 86' lang='lat' dir='ltr'><strong>mutatio</strong></span> <span class='ocrx_word' id='word_1_494' title='bbox 3288 2176 3372 2221; x_wconf 90' lang='lat' dir='ltr'><strong>est</strong></span> <span class='ocrx_word' id='word_1_495' title='bbox 3408 2167 3538 2221; x_wconf 81' lang='lat' dir='ltr'><strong>affe-</strong></span> 
     </span>
    </p>
   </div>
   <div class='ocr_carea' id='block_1_63' title="bbox 1971 2259 3540 2330">
    <p class='ocr_par' dir='ltr' id='par_1_63' title="bbox 1971 2259 3540 2330">
     <span class='ocr_line' id='line_1_63' title="bbox 1971 2259 3540 2330; baseline -0.003 -14"><span class='ocrx_word' id='word_1_496' title='bbox 1971 2268 2100 2319; x_wconf 81' lang='lat' dir='ltr'><strong>ctio.</strong></span> <span class='ocrx_word' id='word_1_497' title='bbox 2138 2264 2241 2330; x_wconf 84' lang='lat' dir='ltr'><strong>Qui</strong></span> <span class='ocrx_word' id='word_1_498' title='bbox 2275 2271 2456 2317; x_wconf 84' lang='lat' dir='ltr'><strong>autem</strong></span> <span class='ocrx_word' id='word_1_499' title='bbox 2490 2265 2544 2317; x_wconf 93' lang='lat' dir='ltr'><strong>in</strong></span> <span class='ocrx_word' id='word_1_500' title='bbox 2582 2278 2641 2317; x_wconf 91' lang='lat' dir='ltr'><strong>ea</strong></span> <span class='ocrx_word' id='word_1_501' title='bbox 2677 2262 2859 2325; x_wconf 87' lang='lat' dir='ltr'><strong>fuerit,</strong></span> <span class='ocrx_word' id='word_1_502' title='bbox 2898 2261 3149 2314; x_wconf 84' lang='lat' dir='ltr'><strong>allicitur.</strong></span> <span class='ocrx_word' id='word_1_503' title='bbox 3186 2259 3328 2315; x_wconf 85' lang='lat' dir='ltr'><strong>Deus</strong></span> <span class='ocrx_word' id='word_1_504' title='bbox 3362 2269 3540 2313; x_wconf 91' lang='lat' dir='ltr'><strong>autem</strong></span> 
     </span>
    </p>
   </div>
   <div class='ocr_carea' id='block_1_64' title="bbox 1971 2354 3540 2425">
    <p class='ocr_par' dir='ltr' id='par_1_64' title="bbox 1971 2354 3540 2425">
     <span class='ocr_line' id='line_1_64' title="bbox 1971 2354 3540 2425; baseline -0.003 -16"><span class='ocrx_word' id='word_1_505' title='bbox 1971 2364 2057 2411; x_wconf 86' lang='lat' dir='ltr'><strong>est</strong></span> <span class='ocrx_word' id='word_1_506' title='bbox 2085 2356 2424 2425; x_wconf 89' lang='lat' dir='ltr'><strong>impatibilis.</strong></span> <span class='ocrx_word' id='word_1_507' title='bbox 2464 2356 2558 2411; x_wconf 87' lang='lat' dir='ltr'><strong>Est</strong></span> <span class='ocrx_word' id='word_1_508' title='bbox 2588 2373 2718 2425; x_wconf 88' lang='lat' dir='ltr'><strong>ergo</strong></span> <span class='ocrx_word' id='word_1_509' title='bbox 2742 2357 2917 2408; x_wconf 86' lang='lat' dir='ltr'><strong>aliena</strong></span> <span class='ocrx_word' id='word_1_510' title='bbox 2950 2354 3017 2408; x_wconf 89' lang='lat' dir='ltr'><strong>de</strong></span> <span class='ocrx_word' id='word_1_511' title='bbox 3054 2354 3163 2408; x_wconf 90' lang='lat' dir='ltr'><strong>Deo</strong></span> <span class='ocrx_word' id='word_1_512' title='bbox 3186 2354 3540 2412; x_wconf 85' lang='lat' dir='ltr'><strong>existimatio,</strong></span> 
     </span>
    </p>
   </div>
   <div class='ocr_carea' id='block_1_65' title="bbox 1972 2446 3543 2516">
    <p class='ocr_par' dir='ltr' id='par_1_65' title="bbox 1972 2446 3543 2516">
     <span class='ocr_line' id='line_1_65' title="bbox 1972 2446 3543 2516; baseline -0.003 -16"><span class='ocrx_word' id='word_1_513' title='bbox 1972 2448 2240 2516; x_wconf 85' lang='lat' dir='ltr'><strong>siquidem</strong></span> <span class='ocrx_word' id='word_1_514' title='bbox 2281 2463 2405 2501; x_wconf 91' lang='lat' dir='ltr'><strong>cum</strong></span> <span class='ocrx_word' id='word_1_515' title='bbox 2438 2449 2531 2516; x_wconf 91' lang='lat' dir='ltr'><strong>qui</strong></span> <span class='ocrx_word' id='word_1_516' title='bbox 2569 2456 2652 2502; x_wconf 89' lang='lat' dir='ltr'><strong>est</strong></span> <span class='ocrx_word' id='word_1_517' title='bbox 2694 2446 3016 2516; x_wconf 88' lang='lat' dir='ltr'><strong>impatibilis</strong></span> <span class='ocrx_word' id='word_1_518' title='bbox 3050 2446 3350 2499; x_wconf 85' lang='lat' dir='ltr'><strong>secundum</strong></span> <span class='ocrx_word' id='word_1_519' title='bbox 3384 2453 3543 2497; x_wconf 89' lang='lat' dir='ltr'><strong>natu-</strong></span> 
     </span>
    </p>
   </div>
   <div class='ocr_carea' id='block_1_66' title="bbox 1974 2536 3539 2603">
    <p class='ocr_par' dir='ltr' id='par_1_66' title="bbox 1974 2536 3539 2603">
     <span class='ocr_line' id='line_1_66' title="bbox 1974 2536 3539 2603; baseline -0.003 -12"><span class='ocrx_word' id='word_1_520' title='bbox 1974 2555 2111 2603; x_wconf 91' lang='lat' dir='ltr'><strong>ram,</strong></span> <span class='ocrx_word' id='word_1_521' title='bbox 2142 2547 2390 2593; x_wconf 90' lang='lat' dir='ltr'><strong>statuunt</strong></span> <span class='ocrx_word' id='word_1_522' title='bbox 2419 2540 2607 2593; x_wconf 89' lang='lat' dir='ltr'><strong>venire</strong></span> <span class='ocrx_word' id='word_1_523' title='bbox 2639 2539 2706 2592; x_wconf 90' lang='lat' dir='ltr'><strong>ad</strong></span> <span class='ocrx_word' id='word_1_524' title='bbox 2739 2539 3181 2592; x_wconf 86' lang='lat' dir='ltr'><strong>communionem</strong></span> <span class='ocrx_word' id='word_1_525' title='bbox 3216 2536 3539 2589; x_wconf 76' lang='lat' dir='ltr'><strong>affectionis.</strong></span> 
     </span>
    </p>
   </div>
   <div class='ocr_carea' id='block_1_67' title="bbox 1977 2629 3541 2703">
    <p class='ocr_par' dir='ltr' id='par_1_67' title="bbox 1977 2629 3541 2703">
     <span class='ocr_line' id='line_1_67' title="bbox 1977 2629 3541 2703; baseline -0.001 -20"><span class='ocrx_word' id='word_1_526' title='bbox 1977 2630 2080 2685; x_wconf 88' lang='lat' dir='ltr'><strong>Sed</strong></span> <span class='ocrx_word' id='word_1_527' title='bbox 2118 2632 2183 2684; x_wconf 92' lang='lat' dir='ltr'><strong>ad</strong></span> <span class='ocrx_word' id='word_1_528' title='bbox 2210 2632 2321 2685; x_wconf 47' lang='lat' dir='ltr'><strong>haec</strong></span> <span class='ocrx_word' id='word_1_529' title='bbox 2345 2647 2563 2703; x_wconf 88' lang='lat' dir='ltr'><strong>quoque</strong></span> <span class='ocrx_word' id='word_1_530' title='bbox 2592 2646 2784 2685; x_wconf 90' lang='lat' dir='ltr'><strong>rursus</strong></span> <span class='ocrx_word' id='word_1_531' title='bbox 2810 2631 2996 2685; x_wconf 88' lang='lat' dir='ltr'><strong>eadem</strong></span> <span class='ocrx_word' id='word_1_532' title='bbox 3028 2638 3243 2683; x_wconf 89' lang='lat' dir='ltr'><strong>utemur</strong></span> <span class='ocrx_word' id='word_1_533' title='bbox 3275 2629 3541 2689; x_wconf 83' lang='lat' dir='ltr'><strong>oratione,</strong></span> 
     </span>
    </p>
   </div>
   <div class='ocr_carea' id='block_1_68' title="bbox 1975 2719 3541 2791">
    <p class='ocr_par' dir='ltr' id='par_1_68' title="bbox 1975 2719 3541 2791">
     <span class='ocr_line' id='line_1_68' title="bbox 1975 2719 3541 2791; baseline -0.003 -17"><span class='ocrx_word' id='word_1_534' title='bbox 1975 2738 2171 2791; x_wconf 88' lang='lat' dir='ltr'><strong>nempe</strong></span> <span class='ocrx_word' id='word_1_535' title='bbox 2208 2722 2347 2791; x_wconf 83' lang='lat' dir='ltr'><strong>quod</strong></span> <span class='ocrx_word' id='word_1_536' title='bbox 2377 2721 2594 2776; x_wconf 66' lang='lat' dir='ltr'><strong>aﬂ‘ectio</strong></span> <span class='ocrx_word' id='word_1_537' title='bbox 2654 2722 2759 2775; x_wconf 86' lang='lat' dir='ltr'><strong>alia</strong></span> <span class='ocrx_word' id='word_1_538' title='bbox 2797 2722 3014 2790; x_wconf 88' lang='lat' dir='ltr'><strong>quidem</strong></span> <span class='ocrx_word' id='word_1_539' title='bbox 3063 2720 3281 2789; x_wconf 84' lang='lat' dir='ltr'><strong>proprie</strong></span> <span class='ocrx_word' id='word_1_540' title='bbox 3319 2719 3541 2777; x_wconf 89' lang='lat' dir='ltr'><strong>dicitur,</strong></span> 
     </span>
    </p>
   </div>
   <div class='ocr_carea' id='block_1_69' title="bbox 1973 2810 3547 2884">
    <p class='ocr_par' dir='ltr' id='par_1_69' title="bbox 1973 2810 3547 2884">
     <span class='ocr_line' id='line_1_69' title="bbox 1973 2810 3547 2884; baseline -0.003 -18"><span class='ocrx_word' id='word_1_541' title='bbox 1973 2813 2078 2866; x_wconf 89' lang='lat' dir='ltr'><strong>alia</strong></span> <span class='ocrx_word' id='word_1_542' title='bbox 2118 2830 2247 2867; x_wconf 80' lang='lat' dir='ltr'><strong>vero</strong></span> <span class='ocrx_word' id='word_1_543' title='bbox 2288 2829 2384 2884; x_wconf 82' lang='lat' dir='ltr'><strong>per</strong></span> <span class='ocrx_word' id='word_1_544' title='bbox 2437 2814 2780 2868; x_wconf 88' lang='lat' dir='ltr'><strong>abusionem.</strong></span> <span class='ocrx_word' id='word_1_545' title='bbox 2824 2814 3001 2879; x_wconf 82' lang='lat' dir='ltr'><strong>Atque</strong></span> <span class='ocrx_word' id='word_1_546' title='bbox 3058 2828 3118 2866; x_wconf 90' lang='lat' dir='ltr'><strong>ea</strong></span> <span class='ocrx_word' id='word_1_547' title='bbox 3151 2810 3367 2880; x_wconf 86' lang='lat' dir='ltr'><strong>quidem</strong></span> <span class='ocrx_word' id='word_1_548' title='bbox 3424 2824 3547 2879; x_wconf 73' lang='lat' dir='ltr'><strong>qua:</strong></span> 
     </span>
    </p>
   </div>
   <div class='ocr_carea' id='block_1_70' title="bbox 1984 2902 3546 2972">
    <p class='ocr_par' dir='ltr' id='par_1_70' title="bbox 1984 2902 3546 2972">
     <span class='ocr_line' id='line_1_70' title="bbox 1984 2902 3546 2972; baseline -0.004 -17"><span class='ocrx_word' id='word_1_549' title='bbox 1984 2904 2157 2972; x_wconf 79' lang='lat' dir='ltr'><strong>tangit</strong></span> <span class='ocrx_word' id='word_1_550' title='bbox 2193 2904 2426 2957; x_wconf 88' lang='lat' dir='ltr'><strong>liberum</strong></span> <span class='ocrx_word' id='word_1_551' title='bbox 2485 2904 2649 2956; x_wconf 90' lang='lat' dir='ltr'><strong>animi</strong></span> <span class='ocrx_word' id='word_1_552' title='bbox 2706 2903 2994 2956; x_wconf 88' lang='lat' dir='ltr'><strong>arbitrium</strong></span> <span class='ocrx_word' id='word_1_553' title='bbox 3029 2914 3082 2955; x_wconf 89' lang='lat' dir='ltr'><strong>et</strong></span> <span class='ocrx_word' id='word_1_554' title='bbox 3118 2902 3460 2960; x_wconf 84' lang='lat' dir='ltr'><strong>electionem,</strong></span> <span class='ocrx_word' id='word_1_555' title='bbox 3492 2907 3546 2951; x_wconf 71' lang='grc' dir='ltr'><strong>ιι</strong></span> 
     </span>
    </p>
   </div>
   <div class='ocr_carea' id='block_1_71' title="bbox 1975 2988 3540 3060">
    <p class='ocr_par' dir='ltr' id='par_1_71' title="bbox 1975 2988 3540 3060">
     <span class='ocr_line' id='line_1_71' title="bbox 1975 2988 3540 3060; baseline -0.002 -19"><span class='ocrx_word' id='word_1_556' title='bbox 1975 3004 2003 3041; x_wconf 93' lang='lat' dir='ltr'><strong>a</strong></span> <span class='ocrx_word' id='word_1_557' title='bbox 2040 2990 2238 3044; x_wconf 88' lang='lat' dir='ltr'><strong>virtute</strong></span> <span class='ocrx_word' id='word_1_558' title='bbox 2282 2991 2476 3043; x_wconf 83' lang='lat' dir='ltr'><strong>avertit</strong></span> <span class='ocrx_word' id='word_1_559' title='bbox 2533 2991 2599 3043; x_wconf 91' lang='lat' dir='ltr'><strong>ad</strong></span> <span class='ocrx_word' id='word_1_560' title='bbox 2664 2990 2881 3053; x_wconf 90' lang='lat' dir='ltr'><strong>vitium,</strong></span> <span class='ocrx_word' id='word_1_561' title='bbox 2938 2991 3158 3060; x_wconf 91' lang='lat' dir='ltr'><strong>proprie</strong></span> <span class='ocrx_word' id='word_1_562' title='bbox 3190 2996 3274 3041; x_wconf 73' lang='lat' dir='ltr'><strong>est</strong></span> <span class='ocrx_word' id='word_1_563' title='bbox 3310 2988 3540 3042; x_wconf 68' lang='lat' dir='ltr'><strong>affectio.</strong></span> 
     </span>
    </p>
   </div>
   <div class='ocr_carea' id='block_1_72' title="bbox 1973 3079 3543 3153">
    <p class='ocr_par' dir='ltr' id='par_1_72' title="bbox 1973 3079 3543 3153">
     <span class='ocr_line' id='line_1_72' title="bbox 1973 3079 3543 3153; baseline -0.004 -18"><span class='ocrx_word' id='word_1_564' title='bbox 1973 3083 2102 3147; x_wconf 70' lang='lat' dir='ltr'><strong>Quae</strong></span> <span class='ocrx_word' id='word_1_565' title='bbox 2132 3092 2309 3135; x_wconf 90' lang='lat' dir='ltr'><strong>autem</strong></span> <span class='ocrx_word' id='word_1_566' title='bbox 2343 3084 2395 3135; x_wconf 93' lang='lat' dir='ltr'><strong>in</strong></span> <span class='ocrx_word' id='word_1_567' title='bbox 2421 3091 2613 3136; x_wconf 89' lang='lat' dir='ltr'><strong>natura</strong></span> <span class='ocrx_word' id='word_1_568' title='bbox 2650 3100 2745 3153; x_wconf 88' lang='lat' dir='ltr'><strong>per</strong></span> <span class='ocrx_word' id='word_1_569' title='bbox 2768 3098 2921 3137; x_wconf 82' lang='lat' dir='ltr'><strong>suam</strong></span> <span class='ocrx_word' id='word_1_570' title='bbox 2955 3082 3147 3136; x_wconf 85' lang='lat' dir='ltr'><strong>seriem</strong></span> <span class='ocrx_word' id='word_1_571' title='bbox 3202 3079 3543 3133; x_wconf 85' lang='lat' dir='ltr'><strong>transeundo</strong></span> 
     </span>
    </p>
   </div>
   <div class='ocr_carea' id='block_1_73' title="bbox 1974 3172 3545 3245">
    <p class='ocr_par' dir='ltr' id='par_1_73' title="bbox 1974 3172 3545 3245">
     <span class='ocr_line' id='line_1_73' title="bbox 1974 3172 3545 3245; baseline -0.003 -17"><span class='ocrx_word' id='word_1_572' title='bbox 1974 3175 2312 3245; x_wconf 72' lang='lat' dir='ltr'><strong>ingrediente</strong></span> <span class='ocrx_word' id='word_1_573' title='bbox 2342 3175 2742 3233; x_wconf 86' lang='lat' dir='ltr'><strong>consideratur.</strong></span> <span class='ocrx_word' id='word_1_574' title='bbox 2776 3190 2837 3228; x_wconf 87' lang='lat' dir='ltr'><strong>ea</strong></span> <span class='ocrx_word' id='word_1_575' title='bbox 2868 3190 3007 3244; x_wconf 88' lang='lat' dir='ltr'><strong>opus</strong></span> <span class='ocrx_word' id='word_1_576' title='bbox 3038 3174 3221 3242; x_wconf 87' lang='lat' dir='ltr'><strong>potius</strong></span> <span class='ocrx_word' id='word_1_577' title='bbox 3252 3188 3416 3241; x_wconf 87' lang='lat' dir='ltr'><strong>quam</strong></span> <span class='ocrx_word' id='word_1_578' title='bbox 3465 3172 3545 3224; x_wconf 81' lang='lat' dir='ltr'><strong>af-</strong></span> 
     </span>
    </p>
   </div>
   <div class='ocr_carea' id='block_1_74' title="bbox 1972 3265 3536 3337">
    <p class='ocr_par' dir='ltr' id='par_1_74' title="bbox 1972 3265 3536 3337">
     <span class='ocr_line' id='line_1_74' title="bbox 1972 3265 3536 3337; baseline -0.004 -16"><span class='ocrx_word' id='word_1_579' title='bbox 1972 3268 2133 3322; x_wconf 89' lang='lat' dir='ltr'><strong>fectio</strong></span> <span class='ocrx_word' id='word_1_580' title='bbox 2172 3270 2390 3337; x_wconf 89' lang='lat' dir='ltr'><strong>proprie</strong></span> <span class='ocrx_word' id='word_1_581' title='bbox 2438 3277 2522 3322; x_wconf 87' lang='lat' dir='ltr'><strong>est</strong></span> <span class='ocrx_word' id='word_1_582' title='bbox 2580 3266 2919 3336; x_wconf 87' lang='lat' dir='ltr'><strong>appellanda.</strong></span> <span class='ocrx_word' id='word_1_583' title='bbox 2987 3275 3045 3319; x_wconf 90' lang='lat' dir='ltr'><strong>ut</strong></span> <span class='ocrx_word' id='word_1_584' title='bbox 3101 3265 3402 3335; x_wconf 77' lang='lat' dir='ltr'><strong>generatio,</strong></span> <span class='ocrx_word' id='word_1_585' title='bbox 3439 3280 3536 3315; x_wconf 87' lang='lat' dir='ltr'><strong>au-</strong></span> 
     </span>
    </p>
   </div>
   <div class='ocr_carea' id='block_1_75' title="bbox 1970 3356 3545 3430">
    <p class='ocr_par' dir='ltr' id='par_1_75' title="bbox 1970 3356 3545 3430">
     <span class='ocr_line' id='line_1_75' title="bbox 1970 3356 3545 3430; baseline -0.004 -17"><span class='ocrx_word' id='word_1_586' title='bbox 1970 3369 2274 3430; x_wconf 89' lang='lat' dir='ltr'><strong>gmentum,</strong></span> <span class='ocrx_word' id='word_1_587' title='bbox 2300 3376 2419 3430; x_wconf 77' lang='lat' dir='ltr'><strong>quae</strong></span> <span class='ocrx_word' id='word_1_588' title='bbox 2440 3375 2531 3428; x_wconf 91' lang='lat' dir='ltr'><strong>per</strong></span> <span class='ocrx_word' id='word_1_589' title='bbox 2560 3359 2830 3412; x_wconf 81' lang='lat' dir='ltr'><strong>aflluentis</strong></span> <span class='ocrx_word' id='word_1_590' title='bbox 2857 3368 2911 3411; x_wconf 89' lang='lat' dir='ltr'><strong>et</strong></span> <span class='ocrx_word' id='word_1_591' title='bbox 2942 3356 3213 3411; x_wconf 71' lang='lat' dir='ltr'><strong>effluentis</strong></span> <span class='ocrx_word' id='word_1_592' title='bbox 3244 3356 3545 3409; x_wconf 85' lang='lat' dir='ltr'><strong>nutrimen-</strong></span> 
     </span>
    </p>
   </div>
   <div class='ocr_carea' id='block_1_76' title="bbox 1972 3447 3544 3522">
    <p class='ocr_par' dir='ltr' id='par_1_76' title="bbox 1972 3447 3544 3522">
     <span class='ocr_line' id='line_1_76' title="bbox 1972 3447 3544 3522; baseline -0.003 -18"><span class='ocrx_word' id='word_1_593' title='bbox 1972 3463 2083 3506; x_wconf 92' lang='lat' dir='ltr'><strong>tum</strong></span> <span class='ocrx_word' id='word_1_594' title='bbox 2140 3452 2370 3522; x_wconf 85' lang='lat' dir='ltr'><strong>subjecti</strong></span> <span class='ocrx_word' id='word_1_595' title='bbox 2433 3451 2489 3504; x_wconf 85' lang='lat' dir='ltr'><strong>lit</strong></span> <span class='ocrx_word' id='word_1_596' title='bbox 2536 3451 2883 3521; x_wconf 81' lang='lat' dir='ltr'><strong>permansio,</strong></span> <span class='ocrx_word' id='word_1_597' title='bbox 2949 3450 3343 3504; x_wconf 86' lang='lat' dir='ltr'><strong>elementorum</strong></span> <span class='ocrx_word' id='word_1_598' title='bbox 3400 3447 3544 3499; x_wconf 77' lang='lat' dir='ltr'><strong>circa</strong></span> 
     </span>
    </p>
   </div>
   <div class='ocr_carea' id='block_1_77' title="bbox 1970 3538 3544 3611">
    <p class='ocr_par' dir='ltr' id='par_1_77' title="bbox 1970 3538 3544 3611">
     <span class='ocr_line' id='line_1_77' title="bbox 1970 3538 3544 3611; baseline -0.005 -14"><span class='ocrx_word' id='word_1_599' title='bbox 1970 3558 2169 3611; x_wconf 87' lang='lat' dir='ltr'><strong>corpus</strong></span> <span class='ocrx_word' id='word_1_600' title='bbox 2205 3544 2515 3604; x_wconf 90' lang='lat' dir='ltr'><strong>concursio,</strong></span> <span class='ocrx_word' id='word_1_601' title='bbox 2557 3541 2850 3609; x_wconf 81' lang='lat' dir='ltr'><strong>compositi</strong></span> <span class='ocrx_word' id='word_1_602' title='bbox 2913 3555 3103 3593; x_wconf 90' lang='lat' dir='ltr'><strong>rursus</strong></span> <span class='ocrx_word' id='word_1_603' title='bbox 3145 3538 3455 3597; x_wconf 87' lang='lat' dir='ltr'><strong>dissolutio.</strong></span> <span class='ocrx_word' id='word_1_604' title='bbox 3491 3548 3544 3589; x_wconf 87' lang='lat' dir='ltr'><strong>et</strong></span> 
     </span>
    </p>
   </div>
   <div class='ocr_carea' id='block_1_78' title="bbox 1970 3630 3544 3705">
    <p class='ocr_par' dir='ltr' id='par_1_78' title="bbox 1970 3630 3544 3705">
     <span class='ocr_line' id='line_1_78' title="bbox 1970 3630 3544 3705; baseline -0.005 -18"><span class='ocrx_word' id='word_1_605' title='bbox 1970 3636 2035 3687; x_wconf 91' lang='lat' dir='ltr'><strong>ad</strong></span> <span class='ocrx_word' id='word_1_606' title='bbox 2069 3649 2129 3687; x_wconf 89' lang='lat' dir='ltr'><strong>ea</strong></span> <span class='ocrx_word' id='word_1_607' title='bbox 2165 3650 2287 3704; x_wconf 71' lang='lat' dir='ltr'><strong>quae</strong></span> <span class='ocrx_word' id='word_1_608' title='bbox 2324 3643 2452 3689; x_wconf 89' lang='lat' dir='ltr'><strong>sunt</strong></span> <span class='ocrx_word' id='word_1_609' title='bbox 2495 3641 2726 3705; x_wconf 85' lang='lat' dir='ltr'><strong>cognata</strong></span> <span class='ocrx_word' id='word_1_610' title='bbox 2759 3633 3043 3686; x_wconf 87' lang='lat' dir='ltr'><strong>transitus.</strong></span> <span class='ocrx_word' id='word_1_611' title='bbox 3080 3630 3381 3695; x_wconf 84' lang='lat' dir='ltr'><strong>Quamnam</strong></span> <span class='ocrx_word' id='word_1_612' title='bbox 3414 3644 3544 3698; x_wconf 87' lang='lat' dir='ltr'><strong>ergo</strong></span> 
     </span>
    </p>
   </div>
   <div class='ocr_carea' id='block_1_79' title="bbox 1971 3723 3546 3796">
    <p class='ocr_par' dir='ltr' id='par_1_79' title="bbox 1971 3723 3546 3796">
     <span class='ocr_line' id='line_1_79' title="bbox 1971 3723 3546 3796; baseline -0.002 -18"><span class='ocrx_word' id='word_1_613' title='bbox 1971 3724 2317 3780; x_wconf 74' lang='lat' dir='ltr'><strong>aﬂ&#39;eCIionem</strong></span> <span class='ocrx_word' id='word_1_614' title='bbox 2367 3727 2500 3781; x_wconf 89' lang='lat' dir='ltr'><strong>dicit</strong></span> <span class='ocrx_word' id='word_1_615' title='bbox 2554 3726 2874 3796; x_wconf 79' lang='lat' dir='ltr'><strong>mysterium</strong></span> <span class='ocrx_word' id='word_1_616' title='bbox 2910 3734 3159 3778; x_wconf 86' lang='lat' dir='ltr'><strong>nostrum</strong></span> <span class='ocrx_word' id='word_1_617' title='bbox 3210 3723 3375 3777; x_wconf 87' lang='lat' dir='ltr'><strong>Deum</strong></span> <span class='ocrx_word' id='word_1_618' title='bbox 3424 3725 3546 3775; x_wconf 84' lang='lat' dir='ltr'><strong>teti-</strong></span> 
     </span>
    </p>
   </div>
   <div class='ocr_carea' id='block_1_80' title="bbox 1968 3815 3547 3889">
    <p class='ocr_par' dir='ltr' id='par_1_80' title="bbox 1968 3815 3547 3889">
     <span class='ocr_line' id='line_1_80' title="bbox 1968 3815 3547 3889; baseline -0.001 -17"><span class='ocrx_word' id='word_1_619' title='bbox 1968 3817 2165 3889; x_wconf 84' lang='lat' dir='ltr'><strong>gisse?</strong></span> <span class='ocrx_word' id='word_1_620' title='bbox 2212 3834 2403 3872; x_wconf 89' lang='lat' dir='ltr'><strong>eamne</strong></span> <span class='ocrx_word' id='word_1_621' title='bbox 2437 3834 2559 3888; x_wconf 72' lang='lat' dir='ltr'><strong>qua:</strong></span> <span class='ocrx_word' id='word_1_622' title='bbox 2604 3819 2821 3888; x_wconf 90' lang='lat' dir='ltr'><strong>proprie</strong></span> <span class='ocrx_word' id='word_1_623' title='bbox 2878 3818 3080 3870; x_wconf 88' lang='lat' dir='ltr'><strong>dicitur</strong></span> <span class='ocrx_word' id='word_1_624' title='bbox 3135 3815 3372 3871; x_wconf 79' lang='lat' dir='ltr'><strong>aﬂ&#39;ectio.</strong></span> <span class='ocrx_word' id='word_1_625' title='bbox 3425 3832 3547 3885; x_wconf 65' lang='lat' dir='ltr'><strong>qua:</strong></span> 
     </span>
    </p>
   </div>
   <div class='ocr_carea' id='block_1_81' title="bbox 1968 3908 3542 3981">
    <p class='ocr_par' dir='ltr' id='par_1_81' title="bbox 1968 3908 3542 3981">
     <span class='ocr_line' id='line_1_81' title="bbox 1968 3908 3542 3981; baseline -0.003 -17"><span class='ocrx_word' id='word_1_626' title='bbox 1968 3910 2187 3981; x_wconf 84' lang='lat' dir='ltr'><strong>quidem</strong></span> <span class='ocrx_word' id='word_1_627' title='bbox 2215 3918 2299 3965; x_wconf 91' lang='lat' dir='ltr'><strong>est</strong></span> <span class='ocrx_word' id='word_1_628' title='bbox 2338 3911 2552 3972; x_wconf 88' lang='lat' dir='ltr'><strong>vitium,</strong></span> <span class='ocrx_word' id='word_1_629' title='bbox 2612 3927 2680 3965; x_wconf 89' lang='lat' dir='ltr'><strong>an</strong></span> <span class='ocrx_word' id='word_1_630' title='bbox 2726 3919 2931 3963; x_wconf 89' lang='lat' dir='ltr'><strong>motum</strong></span> <span class='ocrx_word' id='word_1_631' title='bbox 2984 3910 3077 3979; x_wconf 88' lang='lat' dir='ltr'><strong>qui</strong></span> <span class='ocrx_word' id='word_1_632' title='bbox 3114 3919 3197 3962; x_wconf 78' lang='lat' dir='ltr'><strong>est</strong></span> <span class='ocrx_word' id='word_1_633' title='bbox 3242 3908 3542 3962; x_wconf 87' lang='lat' dir='ltr'><strong>secundum</strong></span> 
     </span>
    </p>
   </div>
   <div class='ocr_carea' id='block_1_82' title="bbox 1969 3999 3545 4071">
    <p class='ocr_par' dir='ltr' id='par_1_82' title="bbox 1969 3999 3545 4071">
     <span class='ocr_line' id='line_1_82' title="bbox 1969 3999 3545 4071; baseline -0.004 -15"><span class='ocrx_word' id='word_1_634' title='bbox 1969 4011 2219 4056; x_wconf 89' lang='lat' dir='ltr'><strong>naturam</strong></span> <span class='ocrx_word' id='word_1_635' title='bbox 2250 4002 2274 4055; x_wconf 88' lang='lat'><strong>?</strong></span> <span class='ocrx_word' id='word_1_636' title='bbox 2301 4001 2436 4055; x_wconf 82' lang='lat' dir='ltr'><strong>Nam</strong></span> <span class='ocrx_word' id='word_1_637' title='bbox 2470 4002 2515 4056; x_wconf 90' lang='lat' dir='ltr'><strong>si</strong></span> <span class='ocrx_word' id='word_1_638' title='bbox 2572 4002 2626 4056; x_wconf 91' lang='lat' dir='ltr'><strong>in</strong></span> <span class='ocrx_word' id='word_1_639' title='bbox 2664 4002 2731 4055; x_wconf 91' lang='lat' dir='ltr'><strong>iis</strong></span> <span class='ocrx_word' id='word_1_640' title='bbox 2768 4001 2984 4071; x_wconf 85' lang='lat' dir='ltr'><strong>quidem</strong></span> <span class='ocrx_word' id='word_1_641' title='bbox 3014 4016 3135 4071; x_wconf 67' lang='lat' dir='ltr'><strong>qum</strong></span> <span class='ocrx_word' id='word_1_642' title='bbox 3195 4010 3317 4056; x_wconf 69' lang='lat' dir='ltr'><strong>sunt</strong></span> <span class='ocrx_word' id='word_1_643' title='bbox 3358 3999 3545 4071; x_wconf 86' lang='lat' dir='ltr'><strong>prohi-</strong></span> 
     </span>
    </p>
   </div>
   <div class='ocr_carea' id='block_1_83' title="bbox 1969 4094 3541 4163">
    <p class='ocr_par' dir='ltr' id='par_1_83' title="bbox 1969 4094 3541 4163">
     <span class='ocr_line' id='line_1_83' title="bbox 1969 4094 3541 4163; baseline -0.003 -14"><span class='ocrx_word' id='word_1_644' title='bbox 1969 4094 2081 4149; x_wconf 87' lang='lat' dir='ltr'><strong>bita</strong></span> <span class='ocrx_word' id='word_1_645' title='bbox 2121 4094 2285 4149; x_wconf 92' lang='lat' dir='ltr'><strong>Deum</strong></span> <span class='ocrx_word' id='word_1_646' title='bbox 2308 4094 2478 4149; x_wconf 91' lang='lat' dir='ltr'><strong>fuisse</strong></span> <span class='ocrx_word' id='word_1_647' title='bbox 2510 4094 2801 4149; x_wconf 79' lang='lat' dir='ltr'><strong>affirmaret</strong></span> <span class='ocrx_word' id='word_1_648' title='bbox 2835 4104 3024 4148; x_wconf 83' lang='lat' dir='ltr'><strong>nostra</strong></span> <span class='ocrx_word' id='word_1_649' title='bbox 3060 4094 3257 4160; x_wconf 87' lang='lat' dir='ltr'><strong>oratio,</strong></span> <span class='ocrx_word' id='word_1_650' title='bbox 3291 4094 3541 4163; x_wconf 86' lang='lat' dir='ltr'><strong>fugienda</strong></span> 
     </span>
    </p>
   </div>
   <div class='ocr_carea' id='block_1_84' title="bbox 1969 4186 3544 4258">
    <p class='ocr_par' dir='ltr' id='par_1_84' title="bbox 1969 4186 3544 4258">
     <span class='ocr_line' id='line_1_84' title="bbox 1969 4186 3544 4258; baseline -0.003 -16"><span class='ocrx_word' id='word_1_651' title='bbox 1969 4197 2116 4242; x_wconf 90' lang='lat' dir='ltr'><strong>esset</strong></span> <span class='ocrx_word' id='word_1_652' title='bbox 2151 4189 2463 4242; x_wconf 84' lang='lat' dir='ltr'><strong>absurditas</strong></span> <span class='ocrx_word' id='word_1_653' title='bbox 2496 4188 2798 4258; x_wconf 82' lang='lat' dir='ltr'><strong>dogmatis,</strong></span> <span class='ocrx_word' id='word_1_654' title='bbox 2835 4196 2891 4241; x_wconf 91' lang='lat' dir='ltr'><strong>ut</strong></span> <span class='ocrx_word' id='word_1_655' title='bbox 2918 4187 3061 4256; x_wconf 86' lang='lat' dir='ltr'><strong>quod</strong></span> <span class='ocrx_word' id='word_1_656' title='bbox 3098 4188 3234 4241; x_wconf 88' lang='lat' dir='ltr'><strong>nihil</strong></span> <span class='ocrx_word' id='word_1_657' title='bbox 3287 4187 3421 4240; x_wconf 88' lang='lat' dir='ltr'><strong>recti</strong></span> <span class='ocrx_word' id='word_1_658' title='bbox 3462 4186 3544 4238; x_wconf 91' lang='lat' dir='ltr'><strong>di-</strong></span> 
     </span>
    </p>
   </div>
   <div class='ocr_carea' id='block_1_85' title="bbox 1969 4277 3541 4333">
    <p class='ocr_par' dir='ltr' id='par_1_85' title="bbox 1969 4277 3541 4333">
     <span class='ocr_line' id='line_1_85' title="bbox 1969 4277 3541 4333; baseline -0.001 -2"><span class='ocrx_word' id='word_1_659' title='bbox 1969 4286 2118 4332; x_wconf 86' lang='lat' dir='ltr'><strong>ceret</strong></span> <span class='ocrx_word' id='word_1_660' title='bbox 2148 4277 2217 4332; x_wconf 90' lang='lat' dir='ltr'><strong>de</strong></span> <span class='ocrx_word' id='word_1_661' title='bbox 2248 4278 2431 4331; x_wconf 87' lang='lat' dir='ltr'><strong>divina</strong></span> <span class='ocrx_word' id='word_1_662' title='bbox 2463 4287 2679 4331; x_wconf 90' lang='lat' dir='ltr'><strong>natura.</strong></span> <span class='ocrx_word' id='word_1_663' title='bbox 2725 4278 2819 4333; x_wconf 91' lang='lat' dir='ltr'><strong>Sin</strong></span> <span class='ocrx_word' id='word_1_664' title='bbox 2858 4290 3036 4332; x_wconf 91' lang='lat' dir='ltr'><strong>autem</strong></span> <span class='ocrx_word' id='word_1_665' title='bbox 3078 4278 3208 4331; x_wconf 85' lang='lat' dir='ltr'><strong>dicit</strong></span> <span class='ocrx_word' id='word_1_666' title='bbox 3260 4293 3385 4331; x_wconf 91' lang='lat' dir='ltr'><strong>eum</strong></span> <span class='ocrx_word' id='word_1_667' title='bbox 3440 4291 3541 4329; x_wconf 85' lang='lat' dir='ltr'><strong>no—</strong></span> 
     </span>
    </p>
   </div>
   <div class='ocr_carea' id='block_1_86' title="bbox 1968 4370 3542 4439">
    <p class='ocr_par' dir='ltr' id='par_1_86' title="bbox 1968 4370 3542 4439">
     <span class='ocr_line' id='line_1_86' title="bbox 1968 4370 3542 4439; baseline -0.004 -15"><span class='ocrx_word' id='word_1_668' title='bbox 1968 4380 2137 4424; x_wconf 87' lang='lat' dir='ltr'><strong>stram</strong></span> <span class='ocrx_word' id='word_1_669' title='bbox 2199 4370 2446 4437; x_wconf 81' lang='lat' dir='ltr'><strong>attigisse</strong></span> <span class='ocrx_word' id='word_1_670' title='bbox 2488 4379 2761 4432; x_wconf 89' lang='lat' dir='ltr'><strong>naturam,</strong></span> <span class='ocrx_word' id='word_1_671' title='bbox 2820 4370 2979 4439; x_wconf 91' lang='lat' dir='ltr'><strong>cujus</strong></span> <span class='ocrx_word' id='word_1_672' title='bbox 3014 4370 3226 4438; x_wconf 90' lang='lat' dir='ltr'><strong>primus</strong></span> <span class='ocrx_word' id='word_1_673' title='bbox 3285 4376 3441 4421; x_wconf 90' lang='lat' dir='ltr'><strong>ortus</strong></span> <span class='ocrx_word' id='word_1_674' title='bbox 3489 4375 3542 4419; x_wconf 90' lang='lat' dir='ltr'><strong>et</strong></span> 
     </span>
    </p>
   </div>
   <div class='ocr_carea' id='block_1_87' title="bbox 1971 4461 3543 4531">
    <p class='ocr_par' dir='ltr' id='par_1_87' title="bbox 1971 4461 3543 4531">
     <span class='ocr_line' id='line_1_87' title="bbox 1971 4461 3543 4531; baseline -0.003 -16"><span class='ocrx_word' id='word_1_675' title='bbox 1971 4461 2277 4516; x_wconf 86' lang='lat' dir='ltr'><strong>substantia</strong></span> <span class='ocrx_word' id='word_1_676' title='bbox 2305 4462 2372 4514; x_wconf 88' lang='lat' dir='ltr'><strong>ab</strong></span> <span class='ocrx_word' id='word_1_677' title='bbox 2399 4476 2462 4515; x_wconf 77' lang='lat' dir='ltr'><strong>eo</strong></span> <span class='ocrx_word' id='word_1_678' title='bbox 2491 4462 2683 4516; x_wconf 88' lang='lat' dir='ltr'><strong>habuit</strong></span> <span class='ocrx_word' id='word_1_679' title='bbox 2714 4463 3065 4531; x_wconf 90' lang='lat' dir='ltr'><strong>principium,</strong></span> <span class='ocrx_word' id='word_1_680' title='bbox 3113 4462 3332 4514; x_wconf 89' lang='lat' dir='ltr'><strong>ubinam</strong></span> <span class='ocrx_word' id='word_1_681' title='bbox 3387 4461 3543 4512; x_wconf 72' lang='lat' dir='ltr'><strong>alier-</strong></span> 
     </span>
    </p>
   </div>
   <div class='ocr_carea' id='block_1_88' title="bbox 300 4539 1871 4638">
    <p class='ocr_par' dir='ltr' id='par_1_88' title="bbox 300 4539 1862 4610">
     <span class='ocr_line' id='line_1_88' title="bbox 300 4539 1862 4610; baseline 0.001 -21"><span class='ocrx_word' id='word_1_682' title='bbox 300 4539 354 4589; x_wconf 74' lang='grc' dir='ltr'>ἐν</span> <span class='ocrx_word' id='word_1_683' title='bbox 380 4542 499 4602; x_wconf 86' lang='grc' dir='ltr'>ταῖς</span> <span class='ocrx_word' id='word_1_684' title='bbox 540 4540 666 4608; x_wconf 73' lang='grc' dir='ltr'>περὶ</span> <span class='ocrx_word' id='word_1_685' title='bbox 710 4539 845 4592; x_wconf 76' lang='grc' dir='ltr'>Θεοῦ</span> <span class='ocrx_word' id='word_1_686' title='bbox 889 4539 1190 4610; x_wconf 73' lang='grc' dir='ltr'>ὑπολήψεσι</span> <span class='ocrx_word' id='word_1_687' title='bbox 1231 4541 1296 4609; x_wconf 78' lang='grc' dir='ltr'>τῇ</span> <span class='ocrx_word' id='word_1_688' title='bbox 1330 4539 1508 4592; x_wconf 88' lang='grc' dir='ltr'>πίστει</span> <span class='ocrx_word' id='word_1_689' title='bbox 1553 4540 1862 4609; x_wconf 77' lang='grc' dir='ltr'>εἰσιούσηςς</span> 
     </span>
    </p>
   </div>
   <div class='ocr_carea' id='block_1_89' title="bbox 1970 4539 3541 4638">
    <p class='ocr_par' dir='ltr' id='par_1_89' title="bbox 1971 4553 3541 4623">
     <span class='ocr_line' id='line_1_89' title="bbox 1971 4553 3541 4623; baseline -0.001 -17"><span class='ocrx_word' id='word_1_690' title='bbox 1971 4563 2058 4606; x_wconf 93' lang='lat' dir='ltr'><strong>rat</strong></span> <span class='ocrx_word' id='word_1_691' title='bbox 2090 4553 2406 4622; x_wconf 67' lang='lat' dir='ltr'><strong>prtedicatio</strong></span> <span class='ocrx_word' id='word_1_692' title='bbox 2440 4555 2508 4607; x_wconf 89' lang='lat' dir='ltr'><strong>ab</strong></span> <span class='ocrx_word' id='word_1_693' title='bbox 2541 4570 2602 4607; x_wconf 89' lang='lat' dir='ltr'><strong>ea</strong></span> <span class='ocrx_word' id='word_1_694' title='bbox 2645 4570 2764 4623; x_wconf 72' lang='lat' dir='ltr'><strong>qum</strong></span> <span class='ocrx_word' id='word_1_695' title='bbox 2796 4554 2961 4608; x_wconf 89' lang='lat' dir='ltr'><strong>Deum</strong></span> <span class='ocrx_word' id='word_1_696' title='bbox 2994 4554 3149 4607; x_wconf 87' lang='lat' dir='ltr'><strong>decet</strong></span> <span class='ocrx_word' id='word_1_697' title='bbox 3177 4553 3377 4607; x_wconf 89' lang='lat' dir='ltr'><strong>mentis</strong></span> <span class='ocrx_word' id='word_1_698' title='bbox 3407 4567 3541 4605; x_wconf 82' lang='lat' dir='ltr'><strong>con-</strong></span> 
     </span>
    </p>
   </div>
   <div class='ocr_carea' id='block_1_90' title="bbox 298 4630 1865 4702">
    <p class='ocr_par' dir='ltr' id='par_1_90' title="bbox 298 4630 1865 4702">
     <span class='ocr_line' id='line_1_90' title="bbox 298 4630 1865 4702; baseline 0.002 -20"><span class='ocrx_word' id='word_1_699' title='bbox 298 4630 430 4683; x_wconf 73' lang='grc' dir='ltr'>Οὐδὲ</span> <span class='ocrx_word' id='word_1_700' title='bbox 452 4630 561 4702; x_wconf 83' lang='grc' dir='ltr'><strong>γάρ</strong></span> <span class='ocrx_word' id='word_1_701' title='bbox 587 4631 677 4683; x_wconf 90' lang='grc' dir='ltr'><strong>τὸν</strong></span> <span class='ocrx_word' id='word_1_702' title='bbox 703 4631 883 4702; x_wconf 80' lang='grc' dir='ltr'>ἰατρὸν</span> <span class='ocrx_word' id='word_1_703' title='bbox 916 4633 973 4684; x_wconf 86' lang='grc' dir='ltr'>ὲν</span> <span class='ocrx_word' id='word_1_704' title='bbox 995 4632 1154 4684; x_wconf 87' lang='grc' dir='ltr'>πάθει</span> <span class='ocrx_word' id='word_1_705' title='bbox 1182 4631 1425 4699; x_wconf 87' lang='grc' dir='ltr'>γίνεσθαι</span> <span class='ocrx_word' id='word_1_706' title='bbox 1454 4630 1703 4700; x_wconf 80' lang='grc' dir='ltr'>λέγομεν,</span> <span class='ocrx_word' id='word_1_707' title='bbox 1738 4632 1865 4685; x_wconf 86' lang='grc' dir='ltr'>ὃταν</span> 
     </span>
    </p>
   </div>
   <div class='ocr_carea' id='block_1_91' title="bbox 301 4720 1865 4794">
    <p class='ocr_par' dir='ltr' id='par_1_91' title="bbox 301 4720 1865 4794">
     <span class='ocr_line' id='line_1_91' title="bbox 301 4720 1865 4794; baseline 0.002 -23"><span class='ocrx_word' id='word_1_708' title='bbox 301 4720 572 4794; x_wconf 80' lang='grc' dir='ltr'>θεραπεύῃ</span> <span class='ocrx_word' id='word_1_709' title='bbox 598 4722 689 4775; x_wconf 89' lang='grc' dir='ltr'><strong>τὸν</strong></span> <span class='ocrx_word' id='word_1_710' title='bbox 714 4724 773 4774; x_wconf 83' lang='grc' dir='ltr'>ὲν</span> <span class='ocrx_word' id='word_1_711' title='bbox 818 4721 977 4775; x_wconf 83' lang='grc' dir='ltr'>πάθει</span> <span class='ocrx_word' id='word_1_712' title='bbox 1011 4723 1317 4791; x_wconf 84' lang='grc' dir='ltr'>γενόμενον.</span> <span class='ocrx_word' id='word_1_713' title='bbox 1364 4721 1521 4775; x_wconf 84' lang='grc' dir='ltr'>Ἀλλά</span> <span class='ocrx_word' id='word_1_714' title='bbox 1560 4722 1663 4774; x_wconf 75' lang='grc' dir='ltr'><strong>κᾶν</strong></span> <span class='ocrx_word' id='word_1_715' title='bbox 1698 4738 1865 4791; x_wconf 86' lang='grc' dir='ltr'>προσ-</span> 
     </span>
    </p>
   </div>
   <div class='ocr_carea' id='block_1_92' title="bbox 303 4809 1863 4882">
    <p class='ocr_par' dir='ltr' id='par_1_92' title="bbox 303 4809 1863 4882">
     <span class='ocr_line' id='line_1_92' title="bbox 303 4809 1863 4882; baseline 0.002 -21"><span class='ocrx_word' id='word_1_716' title='bbox 303 4809 497 4879; x_wconf 46' lang='grc' dir='ltr'>άῂται</span> <span class='ocrx_word' id='word_1_717' title='bbox 518 4809 613 4864; x_wconf 80' lang='grc' dir='ltr'>τοῦ</span> <span class='ocrx_word' id='word_1_718' title='bbox 636 4812 892 4881; x_wconf 77' lang='grc' dir='ltr'>άρῤωστή</span> <span class='ocrx_word' id='word_1_719' title='bbox 903 4828 1087 4882; x_wconf 89' lang='grc' dir='ltr'>ματος,</span> <span class='ocrx_word' id='word_1_720' title='bbox 1117 4810 1221 4875; x_wconf 76' lang='grc' dir='ltr'>ἔξω</span> <span class='ocrx_word' id='word_1_721' title='bbox 1245 4810 1449 4875; x_wconf 81' lang='grc' dir='ltr'>πάθους</span> <span class='ocrx_word' id='word_1_722' title='bbox 1475 4814 1502 4864; x_wconf 85' lang='grc' dir='ltr'>ὁ</span> <span class='ocrx_word' id='word_1_723' title='bbox 1526 4812 1863 4882; x_wconf 81' lang='grc' dir='ltr'>θεραπευτὴς</span> 
     </span>
    </p>
   </div>
   <div class='ocr_carea' id='block_1_93' title="bbox 298 4900 1862 4975">
    <p class='ocr_par' dir='ltr' id='par_1_93' title="bbox 298 4900 1862 4975">
     <span class='ocr_line' id='line_1_93' title="bbox 298 4900 1862 4975; baseline 0.004 -24"><span class='ocrx_word' id='word_1_724' title='bbox 298 4900 552 4970; x_wconf 81' lang='grc' dir='ltr'>διαμένει.</span> <span class='ocrx_word' id='word_1_725' title='bbox 614 4904 676 4956; x_wconf 82' lang='grc' dir='ltr'><strong>Εἰ</strong></span> <span class='ocrx_word' id='word_1_726' title='bbox 706 4906 736 4972; x_wconf 82' lang='grc' dir='ltr'>ἠ</span> <span class='ocrx_word' id='word_1_727' title='bbox 770 4902 981 4971; x_wconf 77' lang='grc' dir='ltr'>γένεσις</span> <span class='ocrx_word' id='word_1_728' title='bbox 1012 4905 1147 4975; x_wconf 81' lang='grc' dir='ltr'>αὑτὴ</span> <span class='ocrx_word' id='word_1_729' title='bbox 1180 4903 1303 4957; x_wconf 83' lang='grc' dir='ltr'>καθ’</span> <span class='ocrx_word' id='word_1_730' title='bbox 1328 4904 1526 4975; x_wconf 79' lang='grc' dir='ltr'>ἑαυτὴν</span> <span class='ocrx_word' id='word_1_731' title='bbox 1564 4904 1733 4967; x_wconf 82' lang='grc' dir='ltr'>πάθος</span> <span class='ocrx_word' id='word_1_732' title='bbox 1762 4907 1862 4958; x_wconf 75' lang='grc' dir='ltr'>οὐκ</span> 
     </span>
    </p>
   </div>
   <div class='ocr_carea' id='block_1_94' title="bbox 301 4993 1858 5067">
    <p class='ocr_par' dir='ltr' id='par_1_94' title="bbox 301 4993 1858 5067">
     <span class='ocr_line' id='line_1_94' title="bbox 301 4993 1858 5067; baseline 0.003 -23"><span class='ocrx_word' id='word_1_733' title='bbox 301 4993 457 5051; x_wconf 78' lang='grc' dir='ltr'>ἔστιν,</span> <span class='ocrx_word' id='word_1_734' title='bbox 502 4996 610 5048; x_wconf 78' lang='grc' dir='ltr'>οὐδ’</span> <span class='ocrx_word' id='word_1_735' title='bbox 654 4996 719 5049; x_wconf 81' lang='grc' dir='ltr'><strong>ἂν</strong></span> <span class='ocrx_word' id='word_1_736' title='bbox 750 4999 815 5066; x_wconf 84' lang='grc' dir='ltr'>τῇ</span> <span class='ocrx_word' id='word_1_737' title='bbox 862 4997 974 5067; x_wconf 77' lang='grc' dir='ltr'><strong>ζωῇ</strong></span> <span class='ocrx_word' id='word_1_738' title='bbox 1010 5014 1092 5060; x_wconf 90' lang='grc' dir='ltr'><strong>τις</strong></span> <span class='ocrx_word' id='word_1_739' title='bbox 1137 4996 1306 5059; x_wconf 88' lang='grc' dir='ltr'>πάθος</span> <span class='ocrx_word' id='word_1_740' title='bbox 1352 4996 1858 5067; x_wconf 88' lang='grc' dir='ltr'>προσαγορεύσειεν.</span> 
     </span>
    </p>
   </div>
   <div class='ocr_carea' id='block_1_95' title="bbox 314 5086 1873 5161">
    <p class='ocr_par' dir='ltr' id='par_1_95' title="bbox 314 5086 1873 5161">
     <span class='ocr_line' id='line_1_95' title="bbox 314 5086 1873 5161; baseline 0.003 -25"><span class='ocrx_word' id='word_1_741' title='bbox 314 5086 468 5139; x_wconf 83' lang='grc' dir='ltr'>Ἀλλά</span> <span class='ocrx_word' id='word_1_742' title='bbox 499 5088 557 5140; x_wconf 74' lang='grc' dir='ltr'><strong>τὸ</strong></span> <span class='ocrx_word' id='word_1_743' title='bbox 577 5088 695 5141; x_wconf 80' lang='grc' dir='ltr'>καθ’</span> <span class='ocrx_word' id='word_1_744' title='bbox 722 5088 909 5158; x_wconf 76' lang='grc' dir='ltr'>ἡδονὴν</span> <span class='ocrx_word' id='word_1_745' title='bbox 939 5087 1107 5151; x_wconf 88' lang='grc' dir='ltr'>πάθος</span> <span class='ocrx_word' id='word_1_746' title='bbox 1130 5090 1229 5157; x_wconf 83' lang='grc' dir='ltr'>τῆς</span> <span class='ocrx_word' id='word_1_747' title='bbox 1254 5088 1599 5161; x_wconf 84' lang='grc' dir='ltr'>ἀνθρωπίνης</span> <span class='ocrx_word' id='word_1_748' title='bbox 1623 5089 1873 5157; x_wconf 86' lang='grc' dir='ltr'>καθηγεῖ-</span> 
     </span>
    </p>
   </div>
   <div class='ocr_carea' id='block_1_96' title="bbox 301 5178 1868 5250">
    <p class='ocr_par' dir='ltr' id='par_1_96' title="bbox 301 5178 1868 5250">
     <span class='ocr_line' id='line_1_96' title="bbox 301 5178 1868 5250; baseline 0.004 -24"><span class='ocrx_word' id='word_1_749' title='bbox 301 5192 385 5228; x_wconf 88' lang='grc' dir='ltr'><strong>ται</strong></span> <span class='ocrx_word' id='word_1_750' title='bbox 416 5178 697 5245; x_wconf 82' lang='grc' dir='ltr'>γενέσεως,</span> <span class='ocrx_word' id='word_1_751' title='bbox 730 5180 823 5232; x_wconf 74' lang='grc' dir='ltr'><strong>καὶ</strong></span> <span class='ocrx_word' id='word_1_752' title='bbox 866 5181 899 5250; x_wconf 88' lang='grc' dir='ltr'><strong>ή</strong></span> <span class='ocrx_word' id='word_1_753' title='bbox 937 5180 1071 5249; x_wconf 88' lang='grc' dir='ltr'>πρὸς</span> <span class='ocrx_word' id='word_1_754' title='bbox 1099 5179 1295 5232; x_wconf 87' lang='grc' dir='ltr'>κακίαν</span> <span class='ocrx_word' id='word_1_755' title='bbox 1325 5179 1468 5250; x_wconf 83' lang='grc' dir='ltr'>ὁρμὴ</span> <span class='ocrx_word' id='word_1_756' title='bbox 1502 5179 1609 5232; x_wconf 84' lang='grc' dir='ltr'><strong>τῶν</strong></span> <span class='ocrx_word' id='word_1_757' title='bbox 1632 5180 1868 5243; x_wconf 80' lang='grc' dir='ltr'>ζώντων,</span> 
     </span>
    </p>
   </div>
   <div class='ocr_carea' id='block_1_97' title="bbox 304 5267 1872 5342">
    <p class='ocr_par' dir='ltr' id='par_1_97' title="bbox 304 5267 1872 5342">
     <span class='ocr_line' id='line_1_97' title="bbox 304 5267 1872 5342; baseline 0.003 -23"><span class='ocrx_word' id='word_1_758' title='bbox 304 5267 453 5321; x_wconf 81' lang='grc' dir='ltr'>τοῦτο</span> <span class='ocrx_word' id='word_1_759' title='bbox 466 5270 566 5339; x_wconf 77' lang='grc' dir='ltr'><strong>τῆς</strong></span> <span class='ocrx_word' id='word_1_760' title='bbox 590 5270 801 5339; x_wconf 76' lang='grc' dir='ltr'>φύσεώς</span> <span class='ocrx_word' id='word_1_761' title='bbox 825 5273 971 5323; x_wconf 80' lang='grc' dir='ltr'>ἐστιν</span> <span class='ocrx_word' id='word_1_762' title='bbox 994 5270 1350 5341; x_wconf 72' lang='grc' dir='ltr'>ἀρρώστημα.</span> <span class='ocrx_word' id='word_1_763' title='bbox 1371 5270 1530 5324; x_wconf 82' lang='grc' dir='ltr'>Ἀλλά</span> <span class='ocrx_word' id='word_1_764' title='bbox 1568 5271 1673 5342; x_wconf 77' lang='grc' dir='ltr'>μὴν</span> <span class='ocrx_word' id='word_1_765' title='bbox 1695 5273 1872 5340; x_wconf 71' lang='grc' dir='ltr'>ἀμφοο</span> 
     </span>
    </p>
   </div>
   <div class='ocr_carea' id='block_1_98' title="bbox 304 5360 1870 5435">
    <p class='ocr_par' dir='ltr' id='par_1_98' title="bbox 304 5360 1870 5435">
     <span class='ocr_line' id='line_1_98' title="bbox 304 5360 1870 5435; baseline 0.003 -26"><span class='ocrx_word' id='word_1_766' title='bbox 304 5360 469 5430; x_wconf 79' lang='grc' dir='ltr'>τέρων</span> <span class='ocrx_word' id='word_1_767' title='bbox 497 5364 674 5415; x_wconf 79' lang='grc' dir='ltr'>αὐτῶν</span> <span class='ocrx_word' id='word_1_768' title='bbox 702 5363 1021 5433; x_wconf 84' lang='grc' dir='ltr'>καθαρεύειν</span> <span class='ocrx_word' id='word_1_769' title='bbox 1060 5364 1193 5433; x_wconf 78' lang='grc' dir='ltr'><strong>φησὶ</strong></span> <span class='ocrx_word' id='word_1_770' title='bbox 1235 5364 1295 5415; x_wconf 88' lang='grc' dir='ltr'><strong>τὸ</strong></span> <span class='ocrx_word' id='word_1_771' title='bbox 1329 5365 1641 5435; x_wconf 77' lang='grc' dir='ltr'>μυστήριον.</span> <span class='ocrx_word' id='word_1_772' title='bbox 1690 5362 1752 5416; x_wconf 83' lang='lat' dir='ltr'><strong>El</strong></span> <span class='ocrx_word' id='word_1_773' title='bbox 1779 5360 1870 5416; x_wconf 75' lang='grc' dir='ltr'><strong>οὖν</strong></span> 
     </span>
    </p>
   </div>
   <div class='ocr_carea' id='block_1_99' title="bbox 307 5451 1862 5525">
    <p class='ocr_par' dir='ltr' id='par_1_99' title="bbox 307 5451 1862 5525">
     <span class='ocr_line' id='line_1_99' title="bbox 307 5451 1862 5525; baseline 0.001 -22"><span class='ocrx_word' id='word_1_774' title='bbox 307 5451 485 5522; x_wconf 80' lang='grc' dir='ltr'>ἡδονῆς</span> <span class='ocrx_word' id='word_1_775' title='bbox 515 5455 611 5524; x_wconf 86' lang='grc' dir='ltr'><strong>μὲν</strong></span> <span class='ocrx_word' id='word_1_776' title='bbox 644 5456 676 5524; x_wconf 84' lang='grc' dir='ltr'><strong>ἡ</strong></span> <span class='ocrx_word' id='word_1_777' title='bbox 722 5455 933 5521; x_wconf 83' lang='grc' dir='ltr'>γένεσις</span> <span class='ocrx_word' id='word_1_778' title='bbox 966 5454 1337 5524; x_wconf 72' lang='grc' dir='ltr'>ἠλλοτρίωται,</span> <span class='ocrx_word' id='word_1_779' title='bbox 1370 5454 1564 5517; x_wconf 88' lang='grc' dir='ltr'>κακίας</span> <span class='ocrx_word' id='word_1_780' title='bbox 1588 5454 1644 5507; x_wconf 82' lang='grc' dir='ltr'>δὲ</span> <span class='ocrx_word' id='word_1_781' title='bbox 1674 5454 1705 5524; x_wconf 83' lang='grc' dir='ltr'>ἡ</span> <span class='ocrx_word' id='word_1_782' title='bbox 1730 5453 1862 5525; x_wconf 79' lang='grc' dir='ltr'>ζωὴ,</span> 
     </span>
    </p>
   </div>
   <div class='ocr_carea' id='block_1_100' title="bbox 309 5540 1864 5614">
    <p class='ocr_par' dir='ltr' id='par_1_100' title="bbox 309 5540 1864 5614">
     <span class='ocr_line' id='line_1_100' title="bbox 309 5540 1864 5614; baseline 0.005 -22"><span class='ocrx_word' id='word_1_783' title='bbox 309 5545 450 5595; x_wconf 80' lang='grc' dir='ltr'>ποῖον</span> <span class='ocrx_word' id='word_1_784' title='bbox 475 5546 818 5599; x_wconf 82' lang='grc' dir='ltr'>ὑπολείπεται</span> <span class='ocrx_word' id='word_1_785' title='bbox 854 5546 1042 5610; x_wconf 82' lang='grc' dir='ltr'>πάθος,</span> <span class='ocrx_word' id='word_1_786' title='bbox 1060 5540 1119 5598; x_wconf 74' lang='grc' dir='ltr'>οὗ</span> <span class='ocrx_word' id='word_1_787' title='bbox 1150 5546 1239 5599; x_wconf 89' lang='grc' dir='ltr'><strong>τὸν</strong></span> <span class='ocrx_word' id='word_1_788' title='bbox 1254 5546 1386 5600; x_wconf 84' lang='grc' dir='ltr'>Θεὸν</span> <span class='ocrx_word' id='word_1_789' title='bbox 1413 5546 1864 5614; x_wconf 75' lang='grc' dir='ltr'>κεκοινωνηκέναι</span> 
     </span>
    </p>
   </div>
   <div class='ocr_carea' id='block_1_101' title="bbox 309 5634 1316 5711">
    <p class='ocr_par' dir='ltr' id='par_1_101' title="bbox 309 5634 1316 5711">
     <span class='ocr_line' id='line_1_101' title="bbox 309 5634 1316 5711; baseline 0.008 -27"><span class='ocrx_word' id='word_1_790' title='bbox 309 5634 431 5703; x_wconf 69' lang='grc' dir='ltr'>φησι</span> <span class='ocrx_word' id='word_1_791' title='bbox 462 5636 521 5690; x_wconf 82' lang='grc' dir='ltr'><strong>τὸ</strong></span> <span class='ocrx_word' id='word_1_792' title='bbox 541 5639 637 5709; x_wconf 82' lang='grc' dir='ltr'>τῆς</span> <span class='ocrx_word' id='word_1_793' title='bbox 676 5638 953 5702; x_wconf 76' lang='grc' dir='ltr'>εὐσεϐείας</span> <span class='ocrx_word' id='word_1_794' title='bbox 986 5642 1316 5711; x_wconf 60' lang='grc' dir='ltr'>μυστήρια-ις</span> 
     </span>
    </p>
   </div>
   <div class='ocr_carea' id='block_1_102' title="bbox 1972 4643 3542 4714">
    <p class='ocr_par' dir='ltr' id='par_1_102' title="bbox 1972 4643 3542 4714">
     <span class='ocr_line' id='line_1_102' title="bbox 1972 4643 3542 4714; baseline -0.001 -17"><span class='ocrx_word' id='word_1_795' title='bbox 1972 4646 2245 4714; x_wconf 88' lang='lat' dir='ltr'><strong>ceptione,</strong></span> <span class='ocrx_word' id='word_1_796' title='bbox 2276 4660 2399 4699; x_wconf 91' lang='lat' dir='ltr'><strong>cum</strong></span> <span class='ocrx_word' id='word_1_797' title='bbox 2442 4646 2591 4699; x_wconf 89' lang='lat' dir='ltr'><strong>nulla</strong></span> <span class='ocrx_word' id='word_1_798' title='bbox 2654 4646 2896 4714; x_wconf 90' lang='lat' dir='ltr'><strong>patibilis</strong></span> <span class='ocrx_word' id='word_1_799' title='bbox 2929 4643 3168 4709; x_wconf 74' lang='lat' dir='ltr'><strong>affectio,</strong></span> <span class='ocrx_word' id='word_1_800' title='bbox 3236 4644 3289 4696; x_wconf 91' lang='lat' dir='ltr'><strong>in</strong></span> <span class='ocrx_word' id='word_1_801' title='bbox 3325 4644 3391 4697; x_wconf 89' lang='lat' dir='ltr'><strong>iis</strong></span> <span class='ocrx_word' id='word_1_802' title='bbox 3422 4660 3542 4707; x_wconf 77' lang='lat' dir='ltr'><strong>qua:</strong></span> 
     </span>
    </p>
   </div>
   <div class='ocr_carea' id='block_1_103' title="bbox 1972 4733 3542 4805">
    <p class='ocr_par' dir='ltr' id='par_1_103' title="bbox 1972 4733 3542 4805">
     <span class='ocr_line' id='line_1_103' title="bbox 1972 4733 3542 4805; baseline -0.001 -16"><span class='ocrx_word' id='word_1_803' title='bbox 1972 4736 2040 4789; x_wconf 88' lang='lat' dir='ltr'><strong>de</strong></span> <span class='ocrx_word' id='word_1_804' title='bbox 2080 4734 2188 4789; x_wconf 89' lang='lat' dir='ltr'><strong>Deo</strong></span> <span class='ocrx_word' id='word_1_805' title='bbox 2237 4744 2365 4789; x_wconf 91' lang='lat' dir='ltr'><strong>sunt</strong></span> <span class='ocrx_word' id='word_1_806' title='bbox 2397 4735 2771 4805; x_wconf 85' lang='lat' dir='ltr'><strong>opinionibus,</strong></span> <span class='ocrx_word' id='word_1_807' title='bbox 2806 4737 2963 4788; x_wconf 80' lang='lat' dir='ltr'><strong>fidem</strong></span> <span class='ocrx_word' id='word_1_808' title='bbox 3020 4735 3400 4805; x_wconf 72' lang='lat' dir='ltr'><strong>ingrediatur?</strong></span> <span class='ocrx_word' id='word_1_809' title='bbox 3437 4733 3542 4788; x_wconf 74' lang='lat' dir='ltr'><strong>Ne-</strong></span> 
     </span>
    </p>
   </div>
   <div class='ocr_carea' id='block_1_104' title="bbox 1970 4826 3541 4898">
    <p class='ocr_par' dir='ltr' id='par_1_104' title="bbox 1970 4826 3541 4898">
     <span class='ocr_line' id='line_1_104' title="bbox 1970 4826 3541 4898; baseline -0.004 -16"><span class='ocrx_word' id='word_1_810' title='bbox 1970 4844 2079 4898; x_wconf 88' lang='lat' dir='ltr'><strong>que</strong></span> <span class='ocrx_word' id='word_1_811' title='bbox 2111 4828 2258 4882; x_wconf 90' lang='lat' dir='ltr'><strong>enim</strong></span> <span class='ocrx_word' id='word_1_812' title='bbox 2290 4828 2562 4883; x_wconf 90' lang='lat' dir='ltr'><strong>medicum</strong></span> <span class='ocrx_word' id='word_1_813' title='bbox 2588 4829 2823 4883; x_wconf 89' lang='lat' dir='ltr'><strong>dicimus</strong></span> <span class='ocrx_word' id='word_1_814' title='bbox 2851 4844 2975 4882; x_wconf 88' lang='lat' dir='ltr'><strong>esse</strong></span> <span class='ocrx_word' id='word_1_815' title='bbox 3006 4827 3282 4888; x_wconf 76' lang='lat' dir='ltr'><strong>all‘ectum,</strong></span> <span class='ocrx_word' id='word_1_816' title='bbox 3319 4826 3541 4897; x_wconf 87' lang='lat' dir='ltr'><strong>quando</strong></span> 
     </span>
    </p>
   </div>
   <div class='ocr_carea' id='block_1_105' title="bbox 1970 4919 3542 4996">
    <p class='ocr_par' dir='ltr' id='par_1_105' title="bbox 1970 4919 3542 4996">
     <span class='ocr_line' id='line_1_105' title="bbox 1970 4919 3542 4996; baseline -0.002 -21"><span class='ocrx_word' id='word_1_817' title='bbox 1970 4935 2095 4975; x_wconf 88' lang='lat' dir='ltr'><strong>eum</strong></span> <span class='ocrx_word' id='word_1_818' title='bbox 2120 4927 2276 4974; x_wconf 87' lang='lat' dir='ltr'><strong>curat</strong></span> <span class='ocrx_word' id='word_1_819' title='bbox 2304 4921 2396 4991; x_wconf 91' lang='lat' dir='ltr'><strong>qui</strong></span> <span class='ocrx_word' id='word_1_820' title='bbox 2431 4919 2777 4996; x_wconf 71' lang='lat' dir='ltr'><strong>estaﬂectus.</strong></span> <span class='ocrx_word' id='word_1_821' title='bbox 2816 4920 2921 4974; x_wconf 90' lang='lat' dir='ltr'><strong>Sed</strong></span> <span class='ocrx_word' id='word_1_822' title='bbox 2955 4928 3010 4973; x_wconf 86' lang='lat' dir='ltr'><strong>et</strong></span> <span class='ocrx_word' id='word_1_823' title='bbox 3040 4921 3085 4975; x_wconf 89' lang='lat' dir='ltr'><strong>si</strong></span> <span class='ocrx_word' id='word_1_824' title='bbox 3118 4921 3357 4989; x_wconf 88' lang='lat' dir='ltr'><strong>attigerit</strong></span> <span class='ocrx_word' id='word_1_825' title='bbox 3385 4922 3542 4989; x_wconf 69' lang='grc' dir='ltr'>ωενι-</span> 
     </span>
    </p>
   </div>
   <div class='ocr_carea' id='block_1_106' title="bbox 1971 5010 3541 5083">
    <p class='ocr_par' dir='ltr' id='par_1_106' title="bbox 1971 5010 3541 5083">
     <span class='ocr_line' id='line_1_106' title="bbox 1971 5010 3541 5083; baseline -0.002 -18"><span class='ocrx_word' id='word_1_826' title='bbox 1971 5012 2239 5076; x_wconf 91' lang='lat' dir='ltr'><strong>tudinem,</strong></span> <span class='ocrx_word' id='word_1_827' title='bbox 2297 5012 2345 5067; x_wconf 90' lang='lat' dir='ltr'><strong>is</strong></span> <span class='ocrx_word' id='word_1_828' title='bbox 2396 5012 2491 5083; x_wconf 92' lang='lat' dir='ltr'><strong>qui</strong></span> <span class='ocrx_word' id='word_1_829' title='bbox 2551 5011 2819 5077; x_wconf 86' lang='lat' dir='ltr'><strong>medetur,</strong></span> <span class='ocrx_word' id='word_1_830' title='bbox 2849 5019 3031 5065; x_wconf 88' lang='lat' dir='ltr'><strong>manet</strong></span> <span class='ocrx_word' id='word_1_831' title='bbox 3064 5020 3303 5066; x_wconf 89' lang='lat' dir='ltr'><strong>remotus</strong></span> <span class='ocrx_word' id='word_1_832' title='bbox 3345 5011 3413 5064; x_wconf 94' lang='lat' dir='ltr'><strong>ab</strong></span> <span class='ocrx_word' id='word_1_833' title='bbox 3455 5010 3541 5063; x_wconf 87' lang='lat' dir='ltr'><strong>af-</strong></span> 
     </span>
    </p>
   </div>
   <div class='ocr_carea' id='block_1_107' title="bbox 1974 5102 3540 5175">
    <p class='ocr_par' dir='ltr' id='par_1_107' title="bbox 1974 5102 3540 5175">
     <span class='ocr_line' id='line_1_107' title="bbox 1974 5102 3540 5175; baseline 0 -17"><span class='ocrx_word' id='word_1_834' title='bbox 1974 5105 2230 5160; x_wconf 90' lang='lat' dir='ltr'><strong>fectione.</strong></span> <span class='ocrx_word' id='word_1_835' title='bbox 2264 5105 2319 5159; x_wconf 86' lang='lat' dir='ltr'><strong>Si</strong></span> <span class='ocrx_word' id='word_1_836' title='bbox 2350 5114 2529 5160; x_wconf 90' lang='lat' dir='ltr'><strong>autem</strong></span> <span class='ocrx_word' id='word_1_837' title='bbox 2561 5106 2677 5175; x_wconf 89' lang='lat' dir='ltr'><strong>ipse</strong></span> <span class='ocrx_word' id='word_1_838' title='bbox 2717 5113 2871 5159; x_wconf 91' lang='lat' dir='ltr'><strong>ortus</strong></span> <span class='ocrx_word' id='word_1_839' title='bbox 2903 5120 2999 5174; x_wconf 88' lang='lat' dir='ltr'><strong>per</strong></span> <span class='ocrx_word' id='word_1_840' title='bbox 3051 5121 3109 5159; x_wconf 90' lang='lat' dir='ltr'><strong>se</strong></span> <span class='ocrx_word' id='word_1_841' title='bbox 3138 5120 3248 5158; x_wconf 91' lang='lat' dir='ltr'><strong>non</strong></span> <span class='ocrx_word' id='word_1_842' title='bbox 3281 5112 3367 5158; x_wconf 92' lang='lat' dir='ltr'><strong>est</strong></span> <span class='ocrx_word' id='word_1_843' title='bbox 3410 5102 3540 5158; x_wconf 81' lang='lat' dir='ltr'><strong>affe-</strong></span> 
     </span>
    </p>
   </div>
   <div class='ocr_carea' id='block_1_108' title="bbox 1968 5195 3542 5266">
    <p class='ocr_par' dir='ltr' id='par_1_108' title="bbox 1968 5195 3542 5266">
     <span class='ocr_line' id='line_1_108' title="bbox 1968 5195 3542 5266; baseline 0 -18"><span class='ocrx_word' id='word_1_844' title='bbox 1968 5197 2098 5259; x_wconf 77' lang='lat' dir='ltr'><strong>ctio,</strong></span> <span class='ocrx_word' id='word_1_845' title='bbox 2132 5212 2310 5266; x_wconf 76' lang='lat' dir='ltr'><strong>neque</strong></span> <span class='ocrx_word' id='word_1_846' title='bbox 2339 5196 2449 5249; x_wconf 88' lang='lat' dir='ltr'><strong>vita</strong></span> <span class='ocrx_word' id='word_1_847' title='bbox 2508 5197 2831 5266; x_wconf 88' lang='lat' dir='ltr'><strong>appellanda</strong></span> <span class='ocrx_word' id='word_1_848' title='bbox 2871 5204 2954 5251; x_wconf 87' lang='lat' dir='ltr'><strong>est</strong></span> <span class='ocrx_word' id='word_1_849' title='bbox 2985 5195 3223 5251; x_wconf 80' lang='lat' dir='ltr'><strong>affectio.</strong></span> <span class='ocrx_word' id='word_1_850' title='bbox 3283 5196 3388 5250; x_wconf 82' lang='lat' dir='ltr'><strong>Sed</strong></span> <span class='ocrx_word' id='word_1_851' title='bbox 3420 5212 3542 5265; x_wconf 66' lang='lat' dir='ltr'><strong>quae</strong></span> 
     </span>
    </p>
   </div>
   <div class='ocr_carea' id='block_1_109' title="bbox 1968 5286 3534 5356">
    <p class='ocr_par' dir='ltr' id='par_1_109' title="bbox 1968 5286 3534 5356">
     <span class='ocr_line' id='line_1_109' title="bbox 1968 5286 3534 5356; baseline -0.002 -14"><span class='ocrx_word' id='word_1_852' title='bbox 1968 5305 2031 5342; x_wconf 80' lang='lat' dir='ltr'><strong>ex</strong></span> <span class='ocrx_word' id='word_1_853' title='bbox 2088 5288 2367 5356; x_wconf 87' lang='lat' dir='ltr'><strong>voluptate</strong></span> <span class='ocrx_word' id='word_1_854' title='bbox 2425 5288 2642 5356; x_wconf 90' lang='lat' dir='ltr'><strong>quidem</strong></span> <span class='ocrx_word' id='word_1_855' title='bbox 2684 5288 2901 5342; x_wconf 79' lang='lat' dir='ltr'><strong>exsistit</strong></span> <span class='ocrx_word' id='word_1_856' title='bbox 2958 5286 3195 5347; x_wconf 70' lang='lat' dir='ltr'><strong>affectio,</strong></span> <span class='ocrx_word' id='word_1_857' title='bbox 3242 5288 3534 5341; x_wconf 88' lang='lat' dir='ltr'><strong>humanam</strong></span> 
     </span>
    </p>
   </div>
   <div class='ocr_carea' id='block_1_110' title="bbox 1968 5380 3541 5452">
    <p class='ocr_par' dir='ltr' id='par_1_110' title="bbox 1968 5380 3541 5452">
     <span class='ocr_line' id='line_1_110' title="bbox 1968 5380 3541 5452; baseline -0.001 -18"><span class='ocrx_word' id='word_1_858' title='bbox 1968 5381 2227 5447; x_wconf 63' lang='lat' dir='ltr'><strong>praecedit</strong></span> <span class='ocrx_word' id='word_1_859' title='bbox 2260 5381 2687 5452; x_wconf 86' lang='lat' dir='ltr'><strong>generationem,</strong></span> <span class='ocrx_word' id='word_1_860' title='bbox 2732 5387 2785 5434; x_wconf 90' lang='lat' dir='ltr'><strong>et</strong></span> <span class='ocrx_word' id='word_1_861' title='bbox 2817 5381 2910 5449; x_wconf 92' lang='lat' dir='ltr'><strong>qui</strong></span> <span class='ocrx_word' id='word_1_862' title='bbox 2978 5380 3045 5433; x_wconf 91' lang='lat' dir='ltr'><strong>ad</strong></span> <span class='ocrx_word' id='word_1_863' title='bbox 3110 5380 3303 5433; x_wconf 91' lang='lat' dir='ltr'><strong>vitium</strong></span> <span class='ocrx_word' id='word_1_864' title='bbox 3369 5380 3541 5434; x_wconf 90' lang='lat' dir='ltr'><strong>fertur</strong></span> 
     </span>
    </p>
   </div>
   <div class='ocr_carea' id='block_1_111' title="bbox 1976 5470 3538 5542">
    <p class='ocr_par' dir='ltr' id='par_1_111' title="bbox 1976 5470 3538 5542">
     <span class='ocr_line' id='line_1_111' title="bbox 1976 5470 3538 5542; baseline -0.001 -20"><span class='ocrx_word' id='word_1_865' title='bbox 1976 5473 2272 5525; x_wconf 77' lang='lat' dir='ltr'><strong>viventium</strong></span> <span class='ocrx_word' id='word_1_866' title='bbox 2303 5473 2557 5542; x_wconf 81' lang='lat' dir='ltr'><strong>impetus,</strong></span> <span class='ocrx_word' id='word_1_867' title='bbox 2594 5486 2656 5526; x_wconf 88' lang='lat' dir='ltr'><strong>ea</strong></span> <span class='ocrx_word' id='word_1_868' title='bbox 2682 5482 2765 5525; x_wconf 91' lang='lat' dir='ltr'><strong>est</strong></span> <span class='ocrx_word' id='word_1_869' title='bbox 2798 5480 3005 5524; x_wconf 79' lang='lat' dir='ltr'><strong>naturae</strong></span> <span class='ocrx_word' id='word_1_870' title='bbox 3050 5470 3337 5542; x_wconf 79' lang='lat' dir='ltr'><strong>aegritudo.</strong></span> <span class='ocrx_word' id='word_1_871' title='bbox 3372 5470 3538 5537; x_wconf 75' lang='lat' dir='ltr'><strong>Atqui</strong></span> 
     </span>
    </p>
   </div>
   <div class='ocr_carea' id='block_1_112' title="bbox 1974 5560 3533 5632">
    <p class='ocr_par' dir='ltr' id='par_1_112' title="bbox 1974 5560 3533 5632">
     <span class='ocr_line' id='line_1_112' title="bbox 1974 5560 3533 5632; baseline -0.003 -15"><span class='ocrx_word' id='word_1_872' title='bbox 1974 5580 2097 5617; x_wconf 87' lang='lat' dir='ltr'><strong>eum</strong></span> <span class='ocrx_word' id='word_1_873' title='bbox 2134 5566 2201 5617; x_wconf 91' lang='lat' dir='ltr'><strong>ab</strong></span> <span class='ocrx_word' id='word_1_874' title='bbox 2238 5572 2470 5632; x_wconf 87' lang='lat' dir='ltr'><strong>utroque</strong></span> <span class='ocrx_word' id='word_1_875' title='bbox 2495 5579 2617 5618; x_wconf 81' lang='lat' dir='ltr'><strong>esse</strong></span> <span class='ocrx_word' id='word_1_876' title='bbox 2648 5564 2910 5617; x_wconf 90' lang='lat' dir='ltr'><strong>mundmn</strong></span> <span class='ocrx_word' id='word_1_877' title='bbox 2940 5563 3073 5618; x_wconf 90' lang='lat' dir='ltr'><strong>dicit</strong></span> <span class='ocrx_word' id='word_1_878' title='bbox 3103 5564 3441 5632; x_wconf 84' lang='lat' dir='ltr'><strong>mysterium.</strong></span> <span class='ocrx_word' id='word_1_879' title='bbox 3479 5560 3533 5613; x_wconf 88' lang='lat' dir='ltr'><strong>Si</strong></span> 
     </span>
    </p>
   </div>
   <div class='ocr_carea' id='block_1_113' title="bbox 1973 5653 3537 5725">
    <p class='ocr_par' dir='ltr' id='par_1_113' title="bbox 1973 5653 3537 5725">
     <span class='ocr_line' id='line_1_113' title="bbox 1973 5653 3537 5725; baseline -0.001 -18"><span class='ocrx_word' id='word_1_880' title='bbox 1973 5671 2102 5723; x_wconf 73' lang='lat' dir='ltr'><strong>ergo</strong></span> <span class='ocrx_word' id='word_1_881' title='bbox 2130 5672 2158 5709; x_wconf 91' lang='lat' dir='ltr'><strong>a</strong></span> <span class='ocrx_word' id='word_1_882' title='bbox 2190 5656 2467 5724; x_wconf 88' lang='lat' dir='ltr'><strong>voluptate</strong></span> <span class='ocrx_word' id='word_1_883' title='bbox 2499 5654 2720 5725; x_wconf 89' lang='lat' dir='ltr'><strong>quidem</strong></span> <span class='ocrx_word' id='word_1_884' title='bbox 2751 5655 2928 5707; x_wconf 91' lang='lat' dir='ltr'><strong>aliena</strong></span> <span class='ocrx_word' id='word_1_885' title='bbox 2962 5663 3045 5708; x_wconf 90' lang='lat' dir='ltr'><strong>est</strong></span> <span class='ocrx_word' id='word_1_886' title='bbox 3074 5654 3352 5723; x_wconf 89' lang='lat' dir='ltr'><strong>generatio</strong></span> <span class='ocrx_word' id='word_1_887' title='bbox 3386 5672 3398 5718; x_wconf 87' lang='lat'>;</span> <span class='ocrx_word' id='word_1_888' title='bbox 3428 5653 3537 5706; x_wconf 86' lang='lat' dir='ltr'><strong>vita</strong></span> 
     </span>
    </p>
   </div>
   <div class='ocr_carea' id='block_1_114' title="bbox 1975 5744 3538 5815">
    <p class='ocr_par' dir='ltr' id='par_1_114' title="bbox 1975 5744 3538 5815">
     <span class='ocr_line' id='line_1_114' title="bbox 1975 5744 3538 5815; baseline -0.002 -16"><span class='ocrx_word' id='word_1_889' title='bbox 1975 5757 2154 5801; x_wconf 88' lang='lat' dir='ltr'><strong>autem</strong></span> <span class='ocrx_word' id='word_1_890' title='bbox 2181 5763 2209 5800; x_wconf 89' lang='lat' dir='ltr'><strong>a</strong></span> <span class='ocrx_word' id='word_1_891' title='bbox 2237 5749 2369 5800; x_wconf 87' lang='lat' dir='ltr'><strong>vitio</strong></span> <span class='ocrx_word' id='word_1_892' title='bbox 2396 5766 2409 5798; x_wconf 88' lang='lat'><strong>:</strong></span> <span class='ocrx_word' id='word_1_893' title='bbox 2438 5762 2686 5815; x_wconf 77' lang='lat' dir='ltr'><strong>quamam</strong></span> <span class='ocrx_word' id='word_1_894' title='bbox 2716 5755 2889 5801; x_wconf 84' lang='lat' dir='ltr'><strong>restat</strong></span> <span class='ocrx_word' id='word_1_895' title='bbox 2918 5744 3156 5806; x_wconf 71' lang='lat' dir='ltr'><strong>affectio,</strong></span> <span class='ocrx_word' id='word_1_896' title='bbox 3188 5745 3345 5813; x_wconf 89' lang='lat' dir='ltr'><strong>cujus</strong></span> <span class='ocrx_word' id='word_1_897' title='bbox 3373 5745 3538 5800; x_wconf 74' lang='lat' dir='ltr'><strong>Deum</strong></span> 
     </span>
    </p>
   </div>
   <div class='ocr_carea' id='block_1_115' title="bbox 1976 5838 3335 5910">
    <p class='ocr_par' dir='ltr' id='par_1_115' title="bbox 1976 5838 3335 5910">
     <span class='ocr_line' id='line_1_115' title="bbox 1976 5838 3335 5910; baseline -0.001 -17"><span class='ocrx_word' id='word_1_898' title='bbox 1976 5840 2147 5894; x_wconf 86' lang='lat' dir='ltr'><strong>fuisse</strong></span> <span class='ocrx_word' id='word_1_899' title='bbox 2183 5840 2499 5909; x_wconf 87' lang='lat' dir='ltr'><strong>participem</strong></span> <span class='ocrx_word' id='word_1_900' title='bbox 2531 5839 2664 5894; x_wconf 88' lang='lat' dir='ltr'><strong>dicit</strong></span> <span class='ocrx_word' id='word_1_901' title='bbox 2694 5838 2939 5893; x_wconf 86' lang='lat' dir='ltr'><strong>divinum</strong></span> <span class='ocrx_word' id='word_1_902' title='bbox 2971 5838 3335 5910; x_wconf 76' lang='lat' dir='ltr'><strong>mysterium!</strong></span> 
     </span>
    </p>
   </div>
  </div>
