4066 6374
517 415 580 474 ἐἰ
1735 417 1794 474 δν.
1837 413 2093 474 ιιιιιῑοοι

2202 410 2496 473 stscm
2545 485 2549 490 ,
3691 404 3770 461 sa

593 538 648 591 Si
679 536 930 608 corporis
961 543 1140 591 autem
1189 543 1241 590 ct
1278 536 1482 590 anima
1520 535 1945 606 disjunctionem
1992 551 2086 605 ap-

2260 538 2323 590 Εἰ
2361 537 2417 590 δὲ
2447 537 2548 608 τὴν
2577 533 2672 589 τοῦ
2706 535 2958 607 σώματος
2987 534 3081 588 καὶ
3112 533 3209 604 τῆς
3236 531 3414 602 ψυχῆς
3441 547 3523 593 τις
3548 527 3766 592 διάζευ-

521 629 681 700 pellet
725 629 998 698 quispiam
1054 629 1415 690 affectionem,
1474 629 1632 698 longe
1667 628 1818 698 prius
1873 643 2087 695 teqnum

523 720 686 775 fuerit
725 721 1018 788 utriusque
1065 720 1487 773 concursionem
1531 720 1806 788 appellare
1845 717 2090 772 allectio-

525 825 666 862 nem.
735 814 865 862 Nam
898 811 945 864 si
1002 810 1277 879 separatio
1331 817 1418 864 est
1475 809 1692 864 aﬂeetio
1747 825 1936 865 eorum
1969 824 2092 879 quae

521 915 650 958 sunt
685 904 1001 973 conjuncta,
1044 901 1359 970 conjunctio
1407 919 1626 974 quoque
1664 904 1829 958 fuerit
1878 903 2094 958 aﬂectio

523 1009 710 1049 eorum
741 1011 862 1065 qua:
887 1004 1016 1049 sunt
1041 995 1340 1063 disjuncta.
1365 993 1460 1050 Est
1488 996 1633 1050 enim
1663 997 1885 1066 quidam
1909 1006 2091 1052 motus

525 1088 736 1150 uuitus,
769 1094 823 1142 et
856 1088 910 1141 in
965 1087 1320 1141 concretione
1349 1102 1535 1141 eorum
1565 1102 1686 1157 quze
1721 1096 1850 1141 sunt
1882 1087 2093 1157 tlisjun-

523 1187 631 1242 cta,
667 1179 792 1233 etin
827 1179 1160 1234 discretione
1207 1194 1398 1234 eorum
1457 1195 1578 1248 qua:
1632 1186 1761 1234 sunt
1814 1186 2090 1235 contexta.

523 1269 675 1336 Quod
731 1277 912 1323 autem
975 1279 1204 1324 vocatur
1250 1278 1434 1324 motus
1465 1269 1713 1332 ultimus,
1755 1269 1860 1324 hoc
1905 1269 2092 1324 vocari

523 1361 776 1414 convenit
831 1362 998 1414 etiam
1054 1361 1478 1430 praecedentem.
1533 1361 1592 1415 Si
1646 1369 1827 1414 autem
1882 1361 2093 1430 primus

525 1460 726 1513 motus,
762 1467 924 1521 quem
983 1451 1336 1506 nominamus
1386 1452 1820 1521 generationem,
1862 1467 1894 1505 a
1931 1453 2092 1507 nobis

523 1543 836 1598 nominetur
856 1541 1094 1608 affectio,
1131 1559 1196 1598 ex
1220 1545 1580 1614 consequenti
1603 1544 1764 1599 etiam
1790 1545 1836 1600 is
1855 1545 2092 1610 dicetur,

525 1647 623 1702 per
647 1647 807 1702 quem
841 1633 1134 1688 concursio
1162 1634 1358 1687 animae
1387 1641 1441 1688 et
1474 1637 1726 1704 corporis
1766 1636 2090 1690 secernitur.

525 1723 692 1778 Deum
724 1733 907 1780 autem
934 1724 1170 1780 dicimus
1192 1725 1362 1781 fuisse
1386 1726 1440 1779 in
1467 1736 1696 1798 utroque
1720 1735 1869 1782 motu
1895 1735 2095 1784 nostra:

526 1825 752 1876 naturae,
787 1831 881 1884 per
909 1831 1072 1885 quem
1108 1817 1296 1870 anima
1321 1818 1606 1872 concurrit
1657 1834 1782 1872 cum
1839 1834 2090 1889 corpore,

526 1914 581 1958 et
610 1921 808 1974 corpus
836 1908 1142 1962 secernitur
1165 1909 1232 1962 ab
1263 1909 1464 1962 anima.
1489 1910 1622 1963 Cum
1647 1918 1882 1981 utroque
1911 1919 2092 1965 autem

528 1995 743 2059 horum,
777 2013 900 2051 cum
937 2000 1151 2063 sensili,
1205 2001 1448 2070 inquam,
1484 2008 1538 2055 et
1595 2001 1912 2073 intelligenti
1947 2016 2094 2057 com-

528 2091 690 2143 mista
754 2090 987 2144 humana
1045 2093 1395 2147 concretione
1457 2108 1552 2162 per
1587 2093 1732 2146 illam
1771 2093 2096 2148 ineﬂabilem

527 2187 580 2232 et
613 2179 1046 2251 inexplicabilem
1078 2165 1654 2254 contemperationem,
1680 2185 1783 2239 hoc
1809 2185 1951 2241 Deus
1981 2201 2100 2254 pro-

528 2272 665 2326 vidit
691 2281 750 2328 et
779 2274 1206 2342 administravit,
1266 2286 1326 2332 ut
1355 2293 1542 2332 eorum
1579 2293 1702 2348 qua:
1747 2279 1914 2332 semel
1946 2278 2097 2332 unita

527 2373 732 2428 essent,
765 2368 978 2427 animae,
1008 2370 1252 2438 inquam,
1283 2376 1336 2424 et
1365 2371 1637 2438 corporis,
1672 2370 1836 2425 etiam
1874 2371 1927 2424 in
1955 2386 2099 2426 sem-

529 2455 800 2526 piternum
831 2470 1172 2527 permaneret
1207 2461 1359 2514 unio.
1398 2461 1532 2514 Cum
1575 2462 1720 2516 enim
1782 2470 1968 2517 nostra
2001 2477 2099 2516 na-

529 2555 648 2600 tura
681 2565 775 2617 per
800 2551 1076 2620 propriam
1107 2553 1577 2621 consequentiam,
1616 2554 1670 2606 in
1700 2553 1792 2606 illo
1821 2561 1968 2608 mota
2013 2569 2099 2608 es-

530 2647 613 2692 set
643 2639 709 2693 ad
741 2643 1100 2696 secretioncm
1123 2644 1319 2698 anima:
1346 2654 1399 2699 et
1423 2646 1670 2714 corporis
1695 2665 1708 2700 :
1739 2662 1859 2716 qua:
1888 2654 2097 2702 secreta

528 2748 592 2785 ac
629 2743 880 2802 separata
940 2735 1156 2790 fuerant
1216 2753 1412 2793 rursus
1467 2739 1775 2809 eunjunxit,
1831 2756 1898 2795 eo
1953 2739 2098 2810 quod

531 2825 707 2879 fuerat
737 2827 1036 2892 desectum,
1084 2845 1180 2898 per
1236 2831 1510 2900 quoddam
1568 2833 1732 2886 veluti
1791 2831 2095 2904 glutinum,

528 2933 624 2987 per
652 2917 916 2981 divinam,
955 2921 1200 2990 inquam,
1246 2925 1524 2988 virtutem,
1563 2923 1628 2978 ad
1678 2926 1930 2978 unionem
1977 2940 2099 2995 quae

529 3010 704 3079 rmnpi
736 3011 957 3065 minime
987 3020 1186 3081 potest,
1221 3023 1506 3082 compacto
1546 3025 1600 3070 et
1633 3017 1987 3071 concinnato.
2034 3016 2099 3070 Et

529 3102 632 3155 hoc
661 3111 745 3156 est
773 3107 1131 3169 resurrectio,
1155 3121 1346 3160 eorum
1367 3123 1487 3176 quae
1518 3108 1812 3177 conjuncta
1858 3111 2094 3174 fuerant,

2124 1871 2171 1932 Β

2192 633 2273 699 ξιν
2305 631 2474 694 πάθος
2524 629 2940 702 προσαγορεύοι,
2973 627 3110 682 πολὺ
3143 626 3406 696 πρότερον
3437 621 3661 685 δικαίως
3699 620 3768 675 ἂν

2190 725 2296 794 εἰη,
2329 725 2426 794 τὴν
2472 722 2774 794 συνδρομὴν
2818 720 3144 792 ἀμφοτέρων
3187 717 3330 770 οὓτω
3371 715 3765 785 κατονομάσαι.

2193 815 2257 868 Εἰ
2288 816 2397 887 γάρ
2425 816 2453 868 ὁ
2483 813 2760 886 χωρισμὸς
2790 811 2898 864 τῶν
2925 809 3281 881 συνημμένων
3308 807 3479 872 πάθος
3509 805 3645 870 ἐστὶ,
3671 806 3767 859 καὶ

2192 911 2226 980 ὴ
2255 910 2518 976 συνάφεια
2546 905 2656 958 τῶν
2699 903 3001 958 διεστώτων
3047 901 3220 964 πάθος
3269 900 3334 954 ἂν
3379 899 3486 970 είη.
3535 898 3768 968 Κίνησις

2191 998 2300 1068 γάρ
2329 997 2412 1060 τίς
2441 999 2586 1050 ὲστιν
2609 995 2665 1048 ἐν
2691 1011 2753 1048 τε
2783 997 2850 1065 τῇ
2879 992 3159 1064 συγκρίσει
3187 990 3293 1044 τῶν
3325 989 3645 1051 διεστώτων,
3669 987 3770 1041 καὶ

2193 1093 2253 1143 ὲν
2288 1092 2352 1160 τῇ
2402 1088 2672 1160 διακρίσει
2707 1086 2815 1140 τῶν
2857 1082 3361 1157 συμπεπλεγμένων
3408 1083 3442 1151 ἡ
3476 1079 3763 1150 νοουμένη.

2194 1185 2372 1253 Ὅπερ
2404 1183 2584 1234 τοίνυν
2631 1178 2916 1233 τελευταία
2970 1175 3180 1247 κίνησις
3225 1171 3569 1242 ὀνομάζεται,
3607 1170 3775 1225 τοῦτο

2192 1277 2458 1348 προσήκει
2507 1271 2784 1327 καλεῖσθαι
2829 1270 2924 1324 καὶ
2959 1270 3060 1340 τὴν
3104 1268 3449 1338 προάγουσαν
3475 1281 3489 1293 ·
3535 1267 3584 1318 εἰ
3625 1264 3684 1317 δὲ
3728 1265 3765 1334 ἠ

2194 1367 2384 1438 πρώτη
2433 1365 2644 1437 κίνησις
2691 1365 2758 1436 ῆν
2809 1363 3022 1430 γένεσιν
3068 1357 3429 1429 ὀνομάζομεν,
3481 1355 3650 1418 πάθος
3700 1353 3774 1408 ἂν

2193 1459 2332 1513 κατὰ
2358 1458 2420 1512 τὺ
2449 1455 2738 1512 ἀκόλουθον
2768 1455 2996 1525 λέγοιτο,
3027 1453 3150 1507 καθ’
3177 1452 3246 1523 ἣν
3287 1451 3321 1522 ἡ
3362 1445 3636 1519 συνδρομὴ
3673 1444 3775 1498 τοῦ

2196 1551 2446 1621 σώματος
2486 1549 2581 1603 καί¹
2625 1548 2723 1618 τῆς
2760 1547 2938 1618 ψυχῆς
2983 1543 3332 1616 διακρίνεται.
3385 1541 3488 1593 Τὸν
3532 1539 3588 1592 δὲ
3635 1536 3777 1591 Θεόν

2194 1658 2374 1712 φαμεν
2407 1642 2469 1694 ὲν
2493 1640 2728 1709 ἑκάτερᾳ
2752 1635 3074 1707 γεγενῆσθαι
3112 1637 3182 1705 τῇ
3224 1633 3324 1703 τῆς
3362 1630 3576 1699 φύσεως
3608 1625 3776 1699 ἡμῶν

2194 1737 2423 1804 κινήσει,
2455 1732 2522 1784 δι’
2565 1727 2634 1802 ἧς
2670 1729 2704 1798 ἦ
2739 1746 2798 1781 τε
2829 1728 2976 1798 ψυχὴ
3007 1726 3144 1796 πρὸς
3172 1724 3232 1778 τὸ
3271 1722 3429 1793 σῶμα
3462 1719 3768 1791 συντρέχει.

2195 1823 2253 1876 τό
2274 1839 2333 1874 τε
2360 1821 2516 1891 σῶμα
2541 1819 2642 1890 τῆς
2664 1817 2842 1890 ψυχῆς
2863 1815 3217 1886 διακρίνεται.
3247 1809 3687 1880 Καταμιχθέντος
3708 1805 3769 1857 δὲ

2201 1915 2335 1985 πρὸς
2383 1913 2640 1983 ἑκάτερον
2680 1909 2906 1973 τούτων,
2947 1906 3084 1977 πρός
3124 1922 3182 1957 τε
3224 1903 3285 1956 τὸ
3318 1899 3575 1970 αἰσθητόν
3624 1913 3770 1966 φημι

2198 2009 2293 2061 καὶ
2322 2005 2384 2059 τὸ
2414 2004 2617 2076 νοερὸν,
2655 2002 2749 2056 τοῦ
2775 2000 3113 2073 ἀνθρωπίνου
3144 1997 3511 2068 συγκρίματος
3546 1994 3636 2048 διὰ
3672 1994 3774 2064 τῆς

2199 2101 2436 2171 ἀρρήτου
2487 2097 2702 2166 ἐκείνης
2744 2093 2840 2146 καὶ
2880 2091 3256 2162 ἀνεκφράστου
3291 2087 3770 2159 συνανακράσεως.

2197 2193 2356 2245 τοῦτο
2375 2187 2834 2259 οἰκονομήσασθαι
2860 2185 2921 2238 τὸ
2942 2184 3048 2237 τῶν
3070 2181 3216 2246 ἀπαξ
3245 2181 3572 2244 ἑνωθέντων,
3593 2177 3774 2248 ψυχῆς

2199 2283 2341 2353 λέγω
2369 2282 2460 2336 καὶ
2494 2279 2766 2350 σώματος,
2807 2276 2902 2331 καὶ
2933 2277 3106 2329 εἰσαεὶ
3131 2274 3402 2344 διαμεῖναι
3429 2271 3525 2343 τὴν
3551 2270 3770 2324 ἕνωσιν»

2197 2375 2310 2445 Τῆς
2342 2373 2450 2442 γὰρ
2495 2371 2708 2441 φύσεως
2762 2368 2921 2439 ἡμῶν
2968 2366 3058 2421 διά
3092 2369 3191 2437 τῆς
3245 2365 3377 2428 ἰδίας
3427 2361 3770 2427 ἀκολουθίας,

2199 2468 2292 2520 καί
2322 2468 2380 2519 ὲν
2426 2463 2618 2534 ἐκείνῳ
2647 2461 2784 2534 πρὸς
2815 2461 3083 2531 διάκρισιν
3126 2457 3220 2510 τοῦ
3252 2456 3502 2527 σώματος
3548 2456 3642 2508 καὶ
3671 2453 3777 2524 τῆς

2196 2558 2372 2630 ψυχῆς
2435 2556 2781 2628 κινηθείσης,
2839 2553 3000 2606 πάλιν
3054 2549 3254 2621 συνῆψε
3307 2549 3374 2603 τὰ
3423 2546 3772 2618 διακριθέντα

2199 2652 2448 2720 καθάπερ
2480 2650 2587 2702 τινὶ
2613 2647 2796 2718 κόλλῃ,
2833 2649 2898 2717 τῇ
2929 2644 3047 2716 θείᾳ
3068 2644 3212 2712 λέγω
3235 2641 3484 2711 δυνάμει,
3517 2640 3653 2710 πρὸς
3671 2638 3769 2709 τὴν

2197 2745 2469 2816 ἄρρηκτον
2517 2742 2711 2794 ἕνωσιν
2757 2741 2819 2794 τὸ
2875 2738 3182 2809 διασχισθὲν
3247 2735 3612 2807 συναρμόσας.
3661 2734 3774 2785 Καὶ

2196 2833 2353 2886 τοῦτό
2381 2835 2526 2886 ἐστιν
2557 2835 2590 2902 ἡ
2625 2831 2938 2894 ἀνάστασις,
2965 2829 2998 2900 ἡ
3031 2826 3139 2880 τῶν
3167 2823 3602 2894 συνεζευγμένων
3634 2821 3776 2892 μετά

2196 2928 2296 2997 τὴν
2325 2925 2564 2979 διάλυσιν
2592 2923 2848 2985 ἐπάνοδος
2880 2922 2962 2984 είς
2992 2917 3270 2974 ἀδιάλυτον
3299 2917 3491 2970 ἕνωσιν
3519 2913 3774 2984 ἀλλήλοις

2200 3015 2615 3086 συμφυομένων,
2647 3013 2722 3076 ὡς
2765 3012 2832 3066 ἂν
2875 3012 2908 3082 ἡ
2959 3009 3150 3081 πρώτη
3186 3008 3312 3078 περὶ
3340 3001 3771 3076 τδεάνθρώπινον

2197 3109 2357 3179 χάρις
2385 3105 2737 3178 ἀνακληθείη,
2772 3105 2866 3158 καὶ
2895 3102 3056 3156 πάλιν
3084 3102 3174 3154 ἐπὶ
3201 3099 3296 3171 τὴν
3340 3098 3510 3152 ἀΐδιον
3541 3095 3769 3149 ἐπανέλ-

531 3199 652 3261 post
681 3193 1094 3250 dissolutionem
1127 3197 1335 3252 reditus
1365 3197 1432 3252 ad
1471 3199 1727 3255 unionem
1771 3217 1893 3271 qua!
1930 3203 2091 3257 mini-

2198 3201 2382 3270 θοιμεν
2418 3199 2583 3270 ζωὴν,
2613 3199 2712 3269 τῆς
2755 3193 3118 3267 ὲμμιχθείσης
3142 3193 3212 3262 τῇ
3243 3190 3400 3261 φύσει
3443 3188 3640 3251 κακίας
3683 3186 3781 3276 διά

529 3303 613 3342 me
648 3295 828 3357 potest
863 3287 1114 3352 dissolvi,
1148 3288 1215 3344 iis
1249 3289 1303 3342 in
1332 3306 1390 3344 se
1415 3291 1644 3344 invicem
1677 3293 1987 3363 conjunctis
2037 3303 2093 3349 et

527 3377 978 3440 coalescentibus,
1002 3386 1061 3431 ut
1090 3380 1262 3448 prima
1285 3395 1406 3448 qua:
1444 3378 1620 3435 fuerat
1652 3381 1890 3438 hominis
1919 3384 2092 3454 gratia

527 3477 833 3534 revocetur,
865 3478 921 3524 et
954 3471 1020 3525 ad
1080 3471 1249 3525 vitam
1302 3483 1639 3527 revertamur
1666 3474 2090 3544 sempiternam,

525 3575 649 3614 cum
681 3560 734 3614 id
764 3562 908 3630 quod
944 3569 1147 3616 nostra;
1173 3572 1382 3618 natura:
1416 3565 1634 3619 mistum
1678 3565 1855 3621 fuerat
1901 3567 2090 3622 vitium

524 3651 820 3708 cﬁluxiSSet
851 3668 947 3723 per
978 3654 1386 3718 resolutionem,
1422 3663 1482 3709 ut
1509 3657 1709 3711 accidit
1739 3657 1795 3712 in
1839 3657 2089 3721 humore,

523 3747 616 3816 qui
649 3745 824 3800 fracto
845 3747 966 3815 ejus
1003 3762 1134 3801 vase
1158 3747 1492 3819 dispergitur
1523 3756 1579 3804 et
1637 3752 1934 3814 evanescit,
1967 3765 2091 3804 cum

525 3838 658 3893 nihil
692 3839 763 3892 sit
795 3839 938 3908 quod
985 3840 1281 3894 contineat.
1319 3839 1440 3906 Quo
1473 3841 1632 3896 modo
1665 3849 1848 3896 autem
1901 3841 2094 3897 mortis

526 3930 742 3984 initium
807 3945 931 3983 cum
982 3931 1357 3986 exstitissetin
1409 3946 1537 3997 uno,
1593 3933 1752 3986 simul
1799 3935 1961 3988 etiam
2024 3933 2091 3986 ad

525 4020 836 4075 universam
871 4022 1147 4090 persuasit
1213 4024 1502 4077 humanam
1563 4031 1853 4078 naturam:
1901 4025 2090 4080 eodem

521 4111 693 4166 modo
717 4112 880 4166 etiam
912 4113 1242 4183 principium
1292 4116 1729 4181 resurrectionis,
1787 4132 1882 4186 per
1925 4133 2091 4171 unum

522 4203 589 4256 ad
623 4203 935 4258 universam
958 4205 1266 4260 extenditur
1295 4205 1708 4262 humanitatem.
1737 4207 1840 4274 Qui
1875 4210 2021 4263 enim
2060 4225 2090 4264 a

523 4309 583 4348 se
613 4309 807 4349 rursus
835 4302 1172 4365 assumptam
1209 4297 1441 4350 animam
1467 4312 1570 4352 suo
1601 4298 1736 4352 uniit
1763 4300 1978 4369 corpori
1998 4315 2094 4369 per

524 4385 798 4455 propriam
823 4386 1114 4451 virtutem,
1177 4403 1299 4457 qua:
1365 4388 1578 4458 utrique
1611 4405 1797 4444 eorum
1857 4391 2090 4446 immista

525 4477 701 4530 fuerat
732 4477 786 4530 in
820 4477 996 4546 prima
1023 4477 1358 4542 conditione,
1390 4477 1458 4536 iis
1486 4481 1811 4550 generaliori
1855 4481 2088 4551 quadam

2201 3291 2299 3361 τῆς
2325 3290 2618 3353 διαλύσεως
2650 3289 2806 3359 ἡμῶν
2839 3284 3154 3358 ὲκρυείσης·
3187 3277 3297 3335 οἷον
3329 3281 3422 3335 ἐπὶ
3465 3278 3560 3332 τοῦ
3601 3275 3772 3348 ὑγροῦ

2203 3381 2508 3452 συμϐαίνει,
2539 3376 2999 3450 περιθρυφθέντος
3030 3372 3178 3444 αὐτῷ
3219 3370 3314 3425 τοῦ
3363 3368 3609 3438 ἀγγείου,
3643 3383 3773 3419 σκε-

2200 3472 2527 3543 δαννυμένου
2584 3487 2643 3525 τε
2675 3469 2770 3523 καὶ
2799 3465 3215 3538 ἀφανιζομένου,
3248 3462 3472 3534 μηδενὸς
3499 3460 3652 3523 δντος
3676 3457 3772 3510 τοῦ

2202 3566 2632 3638 περιστέγοντος.
2665 3560 2932 3630 Καθάπερ
2975 3558 3031 3611 δὲ
3076 3559 3110 3629 ἡ
3155 3556 3294 3627 ἀρχὴ
3332 3553 3426 3607 τοῦ
3457 3553 3684 3606 θανάτου
3712 3552 3777 3603 ἐν

2201 3661 2282 3712 ἐνὶ
2306 3655 2571 3727 γενομένη
2606 3655 2752 3724 πάσῃ
2785 3645 3121 3722 συνδιεξῆλθέ
3150 3652 3216 3720 τῇ
3250 3645 3561 3718 ἀνθρωπίνῃ
3591 3644 3774 3713 φύσει,

2198 3749 2342 3804 κατά
2365 3749 2454 3803 τὸν
2480 3747 2640 3803 αὐτὸν
2675 3746 2875 3818 τρόπον
2909 3742 3004 3796 καὶ
3040 3744 3073 3814 ἡ
3119 3741 3261 3812 ἀρχὴ
3297 3740 3402 3810 τῆς,
3423 3736 3773 3825 ἀναστάσεως

2200 3841 2266 3894 δι’
2308 3840 2425 3903 ἐνὸς
2464 3839 2556 3893 ἐπὶ
2590 3840 2769 3891 πᾶσαν
2811 3835 3062 3890 διατείνει
3109 3834 3204 3904 τὴν
3251 3830 3663 3902 ἀνθρωπότητα.
3711 3825 3772 3878 ’0

2201 3933 2310 4004 γὰρ
2355 3933 2452 4005 τὴν
2513 3930 2912 4001 ἀναληφθεῖσαν
2961 3926 3091 3998 παρ’
3141 3924 3332 3979 ἑαυτοῦ
3382 3923 3559 3994 ψυχὴν
3611 3920 3777 3973 πάλω

2200 4029 2406 4093 ένώσας
2433 4028 2509 4100 τῷ
2555 4027 2739 4096 οἰκείῳ
2773 4023 2981 4094 σώματι
3027 4021 3112 4074 διὰ
3145 4021 3241 4090 τῆς
3281 4019 3560 4088 δυνάμεως
3605 4011 3773 4067 αὑτοῦ

2198 4125 2296 4192 τῆς
2340 4119 2582 4190 ἐκατέρῳ
2626 4117 2829 4170 τούτων
2891 4113 3042 4186 παρά
3090 4111 3185 4182 τὴν
3238 4108 3464 4180 πρώτην
3515 4104 3773 4157 σύστασιν

2200 4211 2580 4284 ἐμμιχθείσης,
2628 4205 2781 4271 οὗτος
2816 4204 3160 4276 γενικωτέρῳ
3207 4202 3314 4256 τινὶ
3351 4201 3538 4272 τρόπῳ
3581 4199 3777 4269 νοεράν

2198 4306 2389 4358 ουσίαν
2420 4305 2484 4374 τῇ
2511 4301 2740 4371 αἰσθητῇ
2777 4296 3162 4368 συγκατέμιξε,
3197 4294 3296 4364 τῆς
3326 4293 3500 4364 ἀρχῆς
3536 4289 3677 4344 κατά
3709 4288 3773 4342 τὸ

2200 4396 2489 4452 ἀκόλουθον
2524 4395 2616 4446 ἐπὶ
2657 4392 2719 4446 τὸ
2762 4392 2934 4463 πέρας
2980 4389 3357 4460 εὐοδουμένης.
3422 4389 3508 4440 Ἐν
3553 4383 3661 4456 γὰρ
3693 4383 3772 4454 τῷ

2199 4487 2562 4561 ἀναληφθέντι
2625 4487 2754 4556 παρ’
2815 4482 2979 4536 αὐτοῦ
3037 4482 3360 4556 ἀνθρωπίνῳ
3413 4479 3768 4551 συγκρίματα.

521 4569 735 4623 ratione
788 4570 981 4625 sensili
1029 4584 1154 4626 eam
1211 4579 1421 4626 natura:
1474 4573 1822 4629 commiscuit
1899 4592 2090 4632 essen-

2198 4582 2358 4636 πάλιν
2400 4581 2538 4650 μετά
2579 4577 2675 4648 τὴν
2713 4575 2955 4630 διάλυσιν
2988 4575 3122 4644 πρὸς
3153 4573 3213 4626 τὸ
3263 4572 3421 4642 σῶμα
3470 4571 3566 4640 τῆς
3596 4569 3774 4639 ψυχῆς

521 4660 676 4726 tiam,
708 4676 827 4730 qua:
876 4661 1247 4733 intelligentia:
1272 4664 1544 4734 particeps
1584 4675 1686 4728 est,
1724 4667 1996 4738 principio
2029 4669 2096 4723 ad

523 4752 684 4806 ﬁnem
724 4754 904 4807 debita
928 4756 1319 4826 consequentia
1349 4757 1604 4816 deducto.
1638 4757 1774 4813 Nam
1819 4761 1876 4814 in
1907 4760 2099 4815 huma-

523 4860 589 4896 na
621 4859 816 4899 rursus
839 4845 906 4899 ab
936 4845 1030 4899 illo
1054 4856 1336 4917 assumpta
1359 4850 1714 4904 concretione
1739 4865 1802 4904 ac
1827 4852 2098 4920 composi-

520 4934 690 4997 tione,
713 4951 837 4989 cum
857 4945 976 5005 post
993 4936 1408 4994 dissolutionem
1429 4940 1610 4994 anima
1635 4956 1828 4998 rursus
1846 4942 2098 4998 rediisset

521 5023 589 5080 ad
622 5041 844 5096 corpus,
875 5028 1037 5082 veluti
1067 5043 1098 5081 a
1138 5029 1372 5098 quodam
1403 5031 1591 5097 initio,
1626 5047 1722 5102 per
1762 5033 1883 5103 ejus
1918 5034 2092 5087 virtu-

521 5127 654 5183 tem,
693 5120 824 5173 unio
852 5121 979 5189 ejus
1001 5120 1146 5189 quod
1190 5121 1368 5177 fuerat
1429 5132 1761 5193 separatum,
1825 5141 1889 5178 ex
1935 5141 2092 5195 aequo

523 5210 720 5263 transit
755 5208 825 5262 ad
862 5211 1171 5266 universam
1201 5213 1493 5268 humanam
1547 5225 1816 5270 naturam.
1868 5215 1964 5270 Est
1995 5233 2092 5272 au-

520 5313 629 5356 tem
663 5302 767 5357 hoc
796 5304 1116 5372 mysterium
1144 5303 1382 5360 hominis
1411 5321 1446 5360 δ
1466 5306 1576 5361 Deo
1606 5309 1845 5378 suscepti
1878 5309 2091 5380 dispen-

519 5395 769 5462 sationis,
800 5402 856 5450 et
894 5397 1312 5452 resurrectionis
1365 5413 1396 5452 a
1445 5400 1698 5462 mortuis,
1729 5401 1870 5470 quod
1912 5410 2087 5456 morte

518 5486 738 5553 quidem
771 5485 934 5540 fuerit
985 5488 1166 5541 anima
1228 5499 1477 5559 separata
1510 5506 1540 5544 a
1594 5507 1841 5562 corpore,
1895 5501 1946 5547 et
1980 5509 2089 5548 non

519 5576 861 5642 prohibuerit
919 5580 1286 5634 necessariam
1329 5589 1544 5637 natural:
1597 5587 2088 5654 consequentiam;

519 5668 702 5722 omnia
733 5677 915 5725 autem
956 5687 1149 5727 rursus
1182 5673 1247 5728 ad
1276 5690 1335 5728 se
1363 5675 1593 5730 invicem
1656 5678 1933 5732 reduxerit
1995 5695 2088 5747 per

2195 4673 2613 4741 ἐπανελθούσης,
2649 4665 2759 4723 οἷον
2788 4668 2896 4723 ἀπό
2934 4685 3080 4730 τινος
3127 4666 3303 4737 ἀρχῆς
3341 4666 3421 4728 εἰς
3464 4665 3640 4716 πᾶσαν
3670 4661 3774 4733 τὴν

2194 4763 2543 4834 ἀνθρωπίνην
2588 4760 2746 4829 φύσιν
2789 4760 2853 4828 τῇ
2886 4757 3110 4826 δυνάμει
3157 4754 3298 4808 κατά
3327 4752 3387 4805 τὸ
3433 4747 3552 4804 ἴσον
3600 4753 3632 4819 ἡ
3677 4749 3773 4802 τοῦ

2193 4849 2560 4921 διακριθέντος
2598 4848 2790 4910 Evam;
2834 4845 3118 4898 διαϐαίνει.
3170 4842 3284 4897 Καὶ
3340 4840 3499 4894 τοῦτό
3547 4843 3663 4893 ἐστι
3712 4840 3774 4892 τὸ

2199 4945 2494 5016 μυστήριον
2528 4943 2626 5012 τῆς
2657 4939 2750 4992 τοῦ
2791 4937 2926 4991 Θεοῦ
2971 4937 3098 5007 περὶ
3128 4935 3217 4988 τὸν
3248 4933 3531 5004 ἄνθρωπον
3569 4933 3773 4984 οἰκονο-

2199 5035 2329 5106 μίας
2369 5035 2461 5087 καὶ
2488 5033 2584 5102 τῆς
2607 5034 2671 5084 ἐκ
2711 5029 2919 5100 νεκρῶν
2965 5027 3332 5089 ἀναστάσεως,
3373 5025 3433 5078 τὸ
3459 5023 3774 5093 διαλυθῆναι

2199 5127 2297 5198 μὲν
2341 5125 2420 5196 τῷ
2467 5123 2683 5194 θανάτῳ
2727 5122 2819 5176 τοῦ
2867 5120 3116 5192 σώματος
3159 5119 3256 5190 τὴν
3300 5117 3499 5188 ψυχὴν,
3541 5117 3634 5170 καὶ
3674 5115 3774 5186 τὴν

2195 5218 2498 5286 ἀναγκαίαν
2539 5216 2638 5284 τῆς
2677 5214 2890 5283 φύσεως
2921 5210 3238 5266 ἀκολουθίαν
3272 5210 3347 5282 μὴ
3377 5209 3618 5264 κωλῦσαι
3643 5225 3656 5238 ο
3692 5211 3773 5272 εἰς

2195 5308 2396 5378 ἄλληλα
2424 5308 2481 5360 δὲ
2512 5307 2671 5359 πάλιν
2711 5305 3075 5372 ἐπαναγαγεῖν
3124 5301 3210 5355 διὰ
3252 5302 3354 5372 τῆς
3400 5301 3770 5365 ἀναστάσεως,

2194 5404 2270 5464 ὡς
2300 5403 2365 5454 ἂν
2395 5401 2577 5462 αὐτοῖς
2624 5398 2836 5467 γένοιτο
2879 5396 3128 5468 μεθόριον
3174 5395 3499 5466 ἀμφοτέρων
3539 5394 3770 5448 θανάτου

2194 5513 2254 5547 τε
2287 5494 2382 5547 καὶ
2413 5493 2575 5561 ζωῆς,
2609 5494 2666 5543 έν
2697 5489 2873 5559 ἑαυτῷ
2906 5491 3005 5560 μὲν
3037 5490 3240 5560 στήσας
3266 5487 3648 5558 διαιρουμένην
3691 5485 3770 5556 τῷ

2197 5587 2412 5657 θανάτῳ
2440 5586 2544 5656 τὴν
2576 5583 2757 5653 φύσιν,
2791 5583 2953 5644 αὐτὸς
2989 5582 3045 5634 δὲ
3071 5583 3356 5652 γενόμενος
3377 5582 3520 5653 ἀρχὴ
3545 5581 3642 5650 τῆς
3663 5581 3730 5634 τιιῖ
3744 5599 3771 5630 ν

2194 5679 2538 5749 διῃρημένων
2566 5673 2828 5737 ὲνώσεως.

519 5765 1001 5828 resurrectionem.
1059 5769 1195 5823 adeo
1256 5778 1317 5823 ut
1379 5770 1460 5824 eis
1528 5781 1674 5826 esset
1719 5773 2004 5842 utriusque
2044 5775 2362 5834 confinium,
2400 5787 2595 5840 nempe
2633 5767 2825 5823 mortis
2853 5777 2907 5821 et
2935 5767 3057 5820 vitae
3087 5784 3099 5819 :
3131 5775 3189 5820 ut
3230 5765 3402 5836 quiin
3459 5779 3516 5818 se
3545 5763 3776 5835 quidem

522 5856 776 5912 statuerit
841 5867 1090 5914 naturam
1156 5869 1330 5918 morte
1397 5863 1657 5927 divisam,
1724 5867 1845 5936 ipse
1877 5875 2066 5922 autem
2104 5867 2266 5924 fuerit
2301 5866 2631 5936 principium
2663 5861 2880 5918 ultionis
2913 5877 3099 5919 eorum
3135 5877 3254 5932 quae
3284 5869 3411 5917 sunt
3441 5858 3645 5920 divisa.
