4066 6374
289 347 365 405 53
1533 358 1795 416 ORATIO
1825 350 2330 416 CATECllETlCA.
3480 360 3553 421 SI

897 472 1301 530 KE¢AA.izz
1909 487 1955 542 Α

1909 487 1955 542 Α
2546 473 2774 530 CAPUT
2822 473 2983 530 xvu.

382 560 523 613 Ἀλλ’
548 560 702 614 οῦπω
737 562 897 633 φήσει
944 582 1028 628 τις
1082 566 1332 620 λελύσθαι
1365 586 1463 640 την
1497 571 1879 643 ὑπενεχθεῖσαν

2057 570 2165 625 Sed
2194 570 2341 625 dicet
2381 568 2652 639 quispiam
2686 568 2925 623 nondum
2958 567 3127 622 fuisse
3157 566 3389 625 solutam
3430 584 3550 639 quae

290 653 426 721 ἡμῖν
466 653 764 717 ἀντίθεσιν,
819 657 1275 727 ἰσχυροποιεῖσθαι
1323 661 1380 715 δὲ
1431 664 1629 733 μᾶλλον
1669 667 1733 717 ἐκ
1774 667 1883 719 τῶν

1982 664 2144 717 nobis
2169 662 2312 717 facta
2342 670 2426 716 est
2451 660 2813 729 objectionem
2833 703 2847 726 ,
2884 660 2979 715 sed
3007 660 3187 729 potius
3217 659 3388 714 fuisse
3418 676 3549 715 con-

288 744 613 813 εἰρημένων
645 746 703 797 τὸ
757 747 907 817 παρά
936 748 1043 800 τῶν
1078 750 1320 805 ἀπίστων
1365 756 1496 824 ἡμῖν
1539 759 1883 829 προφερόμε-

1984 753 2255 807 ﬁrmatum
2286 768 2353 807 ex
2389 752 2457 805 iis
2488 767 2608 820 quae
2640 750 2787 804 dicta
2821 758 2948 806 sunt
2975 749 3027 803 id
3050 750 3193 820 quod
3225 750 3383 805 nobis
3410 752 3551 819 obji-

286 849 401 884 νον.
442 834 509 885 Εἰ
555 835 666 905 γὰρ
699 836 931 907 τοσαύτη
967 838 1192 910 δύναμίς
1220 843 1367 896 ἐστιν
1406 847 1464 897 ἐν
1498 847 1664 917 αὐτῷ,
1696 848 1827 916 ὅσην
1852 850 1881 902 ὁ

1982 842 2231 896 eicbatur
2257 842 2326 896 ab
2362 841 2677 895 incredulis.
2708 840 2843 893 Nam
2878 840 2923 895 si
2956 848 3107 893 tanta
3136 849 3222 894 est
3253 840 3306 893 in
3338 856 3404 894 eo
3436 841 3551 894 vir.

285 924 450 993 λόγος
483 928 792 992 ἀπέδειξεν,
824 930 900 992 ὡς
933 930 1163 985 θανάτου
1194 951 1251 986 τε
1282 935 1597 1009 καθαίρεσιν
1618 941 1711 993 καὶ
1736 940 1881 1009 ζωῆς

1986 942 2074 987 tus
2099 940 2357 1002 quantam
2384 943 2571 986 nostra
2597 931 2941 986 ostendimus
2968 930 3238 995 oratione,
3266 940 3325 984 ut
3349 931 3401 983 in
3430 931 3550 999 ejus

287 1016 502 1069 εἴσοδον
554 1018 643 1068 ἐπ’
676 1017 827 1088 αὐτῷ
858 1015 1015 1081 εἶναι,
1065 1022 1119 1074 τί
1165 1023 1283 1093 οὐχὶ
1332 1025 1592 1096 θελήματι
1642 1029 1787 1100 μόνῳ
1818 1031 1880 1083 τὸ

1982 1024 2144 1078 fuerit
2181 1032 2449 1092 potestate
2489 1034 2543 1077 et
2579 1032 2807 1077 mortem
2853 1023 3138 1077 destruere
3168 1031 3224 1077 et
3264 1023 3429 1075 vitam
3465 1024 3550 1076 in-

287 1106 434 1158 κατά
478 1106 710 1178 γνώμην
745 1113 905 1174 ποιεῖ,
942 1111 1055 1164 ἀλλ’
1099 1115 1164 1167 ἐκ
1195 1116 1439 1186 περιόδου
1474 1120 1572 1190 τὴν
1606 1123 1879 1192 σωτηρίαν

1980 1114 2165 1184 gredi,
2198 1131 2297 1169 cur
2320 1130 2428 1169 non
2460 1116 2573 1169 sola
2625 1114 2754 1168 facit
2792 1115 3066 1167 voluntate
3106 1113 3159 1167 id
3192 1112 3338 1182 quod
3366 1113 3546 1173 lubet.

285 1198 450 1266 ἡμῶν
486 1196 906 1269 κατεργάζεται,
937 1205 1251 1273 τικτόμενός
1293 1224 1350 1259 τε
1393 1211 1485 1262 καὶ
1525 1212 1873 1281 τρεφόμενος,

1979 1206 2075 1260 sed
2135 1206 2293 1277 longa
2343 1205 2664 1259 circuitione
2714 1212 2955 1259 nostram
2990 1204 3218 1258 salutem
3260 1203 3453 1267 edicit,
3491 1214 3550 1258 ut

288 1288 384 1338 καὶ
436 1291 504 1358 τῇ
555 1289 649 1341 τοῦ
701 1290 929 1344 θανάτου
976 1294 1145 1365 πείρᾳ
1198 1296 1385 1361 σώζων
1432 1299 1522 1353 τὸν
1567 1300 1873 1372 ἄνθρωπον,

1977 1301 2069 1369 qui
2094 1309 2351 1354 nascatur
2380 1308 2428 1352 et
2453 1299 2648 1362 alatur,
2672 1304 2725 1350 et
2751 1296 2993 1366 periculo
3016 1296 3206 1349 mortis
3231 1294 3376 1349 facto
3398 1296 3545 1349 salu-

288 1386 412 1449 ἐξὸν
460 1387 608 1455 μήτε
640 1385 697 1438 ἐν
732 1387 904 1457 τούτῳ
949 1389 1217 1456 γενέσθαι,
1262 1392 1354 1444 καὶ
1383 1394 1532 1462 ἡμᾶς
1571 1395 1877 1465 περισώσα-

1979 1400 2085 1444 tem
2111 1391 2203 1445 det
2236 1392 2478 1454 homini,
2514 1405 2639 1444 cum
2666 1389 2715 1442 ei
2744 1388 2929 1441 liceret
2960 1397 3013 1441 et
3042 1388 3157 1440 haec
3185 1402 3293 1440 non
3320 1387 3505 1441 subire
3524 1427 3539 1450 ,

290 1476 457 1541 σθαι;
502 1478 653 1547 Πρὸς
704 1478 760 1531 δὲ
814 1478 904 1531 τόν
952 1480 1188 1535 τοιοῦτον
1235 1483 1390 1551 λόγον
1442 1486 1620 1538 ἱκανὸν
1672 1488 1773 1557 μὲν
1808 1485 1875 1559 ἦν

1974 1490 2029 1536 et
2054 1496 2155 1536 nos
2179 1482 2543 1537 conservare?
2571 1480 2651 1533 Ad
2683 1479 2795 1532 haec
2824 1486 3001 1532 autem
3035 1478 3168 1532 satis
3190 1491 3335 1533 esset
3360 1478 3546 1532 dicere

290 1568 430 1638 πρὸς
460 1570 592 1630 τοὺς
625 1568 972 1639 εὐγνώμονας
1003 1572 1250 1627 τοσοῦτον
1284 1576 1475 1637 εἰπεῖν,
1519 1576 1599 1629 ὃτι
1642 1580 1734 1631 καὶ
1764 1583 1875 1643 τοῖς

1975 1574 2115 1643 apud
2144 1591 2259 1628 non
2280 1575 2590 1644 pervicaces
2611 1614 2623 1633 ,
2648 1572 2789 1640 quod
2822 1571 2913 1640 qui
2940 1578 3204 1639 aegrotant
3222 1612 3236 1635 ,
3274 1587 3381 1624 non
3412 1586 3547 1639 pra:—

291 1662 502 1730 ίατροῖς
538 1663 600 1713 ού
632 1661 978 1731 νομοθετοῦσι
1008 1665 1097 1717 τὸν
1125 1666 1322 1734 τρόπον
1360 1667 1458 1736 τῆς
1488 1669 1799 1737 ἐπιμελείας
1824 1673 1873 1723 οἱ

1974 1664 2222 1719 scribunt
2268 1666 2437 1734 legem
2492 1662 2753 1725 medicis,
2803 1660 3076 1730 quomodo
3120 1660 3229 1714 sint
3271 1660 3542 1725 curandi;

289 1752 603 1820 κάμνοντες
627 1768 640 1782 ³
673 1752 793 1805 οὐδέ
824 1754 949 1823 περὶ
976 1755 1067 1807 τοῦ
1100 1759 1198 1827 τῆς
1224 1756 1514 1823 θεραπείας
1540 1760 1714 1823 εἴδους
1737 1762 1873 1832 πρὸς

1934 1823 1945 1832 _
1975 1771 2151 1825 neque
2193 1757 2335 1826 apud
2369 1756 2742 1810 benefactores
2774 1754 3081 1822 disceptant
3108 1753 3175 1807 de
3200 1768 3397 1822 genere
3425 1768 3540 1804 ine-

289 1847 418 1907 τοὺς
468 1845 770 1915 εὐεργέτας
817 1846 1244 1917 ἀμφισϐητοῦσι,
1304 1849 1395 1902 διὰ
1446 1850 1500 1903 τί
1557 1853 1873 1924 προσήψατο

1937 1820 2173 1911 ίύειιάἰ,
2223 1820 2414 1917 nempe
2461 1863 2560 1901 cur
2595 1820 2944 1899 laborantem
2975 1852 3180 1914 partem
3206 1820 3401 1915 tetigit
3451 1844 3543 1912 qui

288 1934 383 1986 τοῦ
422 1935 719 1997 πονοῦντος
744 1935 944 2005 μέρους
977 1938 1004 1988 ό
1038 1937 1373 2008 θεραπεύων,
1398 1942 1489 1994 καὶ
1519 1942 1635 1995 τόδε
1664 1960 1715 1996 τι
1739 1944 1873 2013 πρὸς

1975 1938 2295 1999 medicatur,
2344 1947 2399 1992 et
2425 1939 2526 1992 hoc
2555 1938 2639 1992 vel
2669 1938 2799 1992 illud
2844 1937 3174 2006 excogitavit
3219 1935 3285 1989 ad
3342 1936 3542 1989 malum

289 2024 388 2090 τὴν
437 2023 533 2076 τοῦ
572 2024 744 2076 κακοῦ
781 2024 931 2077 λύσιν
973 2027 1272 2097 ἐνενόησεν,
1308 2030 1492 2099 ἓτερον
1536 2032 1689 2085 δέον·
1739 2035 1875 2088 ἀλλὰ

1974 2022 2593 2099 ρνοριιιεειιιιιιιηι,“ειιιη
2626 2039 2899 2099 oporteret
2932 2028 3114 2094 aliud;
3149 2028 3240 2081 sed
3273 2028 3337 2081 ad
3378 2026 3536 2080 linem

292 2115 430 2184 πρὸς
469 2116 533 2167 τὸ
582 2116 756 2187 πέρας
800 2116 1031 2187 ὁρῶντες
1082 2120 1179 2190 τῆς
1226 2122 1561 2191 εὐεργεσίας,
1612 2127 1669 2179 ἐν
1713 2127 1871 2197 εὐχα-

1974 2118 2298 2186 aspicientes
2330 2118 2607 2182 beneficii,
2647 2119 2697 2171 id
2724 2127 2876 2189 grato
2903 2122 3085 2171 animo
3114 2117 3406 2187 accipiunt.
3438 2116 3542 2169 Sed

290 2207 479 2277 ριστίᾳ
514 2206 614 2277 τὴν
650 2208 892 2263 εὐποιίαν
928 2210 1191 2275 ἐδέξαντο.
1254 2212 1391 2264 Ἀλλ’
1434 2215 1640 2287 ἐπειδὴ,
1694 2218 1874 2281 καθώς

1972 2209 2257 2278 quoniam,
2306 2217 2364 2262 ut
2395 2213 2469 2263 ait
2505 2210 2786 2279 propheta,
2841 2207 3130 2262 multitudo
3164 2208 3418 2261 bonitatis
3450 2207 3539 2261 Dei

293 2315 458 2367 φησιν
508 2298 538 2349 ὁ
574 2301 882 2369 προφήτης,
928 2301 989 2352 τὸ
1019 2300 1219 2368 πλῆθος
1248 2305 1343 2371 τῆς
1374 2305 1738 2376 χρηστότητος
1778 2308 1871 2361 τοῦ

1972 2300 2240 2353 occultam
2270 2300 2431 2354 habet
2471 2301 2751 2355 utilitatem
2778 2343 2793 2365 ,
2840 2316 3013 2371 neque
3047 2299 3189 2354 clare
3216 2301 3456 2352 cernitur
3487 2299 3540 2352 in

288 2388 427 2440 Θεοῦ
459 2392 854 2462 κεκρυμμένην
887 2391 998 2460 ἔχει
1027 2392 1124 2463 τὴν
1165 2392 1450 2460 ὠφέλειαν,
1490 2398 1584 2450 καὶ
1611 2397 1761 2452 οῦπω
1787 2401 1873 2454 διὰ

1971 2389 2075 2443 hac
2118 2390 2229 2441 vita
2282 2391 2505 2458 (revera
2541 2391 2684 2445 enim
2735 2391 3139 2443 incredulomm
3191 2388 3365 2442 ablata
3397 2397 3541 2442 esset

291 2480 386 2534 τοῦ
418 2485 690 2553 παρόντος
736 2484 852 2553 βίου
886 2485 1169 2555 τηλαυγῶς
1204 2486 1499 2558 καθορᾶται
1548 2487 1617 2561 (ἦ
1671 2491 1777 2563 γὰρ
1807 2493 1873 2546 ἂν

1974 2480 2153 2534 omnis
2181 2481 2543 2534 contradictio
2564 2521 2579 2545 ,
2608 2482 2653 2536 si
2689 2481 2740 2535 id
2773 2482 2916 2551 quod
2946 2487 3315 2549 exspectatur,
3349 2494 3536 2534 cerne-

295 2572 602 2645 περιῄρητο
653 2576 802 2628 πᾶσα
860 2576 966 2629 τῶν
1017 2577 1260 2630 ἀπίστων
1324 2580 1673 2652 ἀντίρρησις,
1714 2586 1762 2637 εί
1814 2586 1875 2638 τὸ

1974 2580 2122 2625 retur
2147 2572 2379 2640 oculis);
2412 2588 2556 2625 nunc
2585 2580 2762 2626 autem
2797 2571 2975 2626 futura
3002 2579 3279 2641 exspectat
3309 2572 3504 2625 secula
3527 2611 3542 2631 .

297 2665 749 2736 προσδοκώμενον
801 2670 857 2719 ἐν
900 2668 1193 2739 ὀφθαλμοῖς
1230 2666 1296 2741 ἦν
1322 2688 1335 2701 ·
1391 2672 1483 2725 νῦν
1519 2673 1574 2725 δὲ
1614 2676 1873 2746 ἀναμένει

1974 2672 2034 2714 ut
2068 2662 2121 2715 in
2147 2662 2226 2717 eis
2268 2664 2576 2717 revelentur
2604 2678 2724 2731 quae
2770 2679 2917 2717 nunc
2948 2662 3201 2717 videntur
3239 2679 3333 2732 per
3371 2664 3542 2717 solam

294 2759 420 2819 τοὺς
460 2758 862 2828 ἐπερχομένους
899 2760 1121 2824 αἰῶνας,
1173 2761 1311 2814 ὥστε
1354 2766 1412 2816 ἐν
1454 2766 1631 2829 αὐτοῖς
1667 2768 1873 2820 ἀποκαο

1972 2756 2132 2809 ﬁdem
2182 2774 2195 2808 :
2247 2771 2469 2809 necesse
2519 2756 2624 2809 erit
2665 2755 2937 2824 aliquibus
2978 2755 3313 2818 rationibus,
3363 2756 3542 2824 quoad

294 2847 562 2919 λυςρθῆναι
594 2850 662 2903 τά
697 2850 792 2903 νῦν
822 2850 909 2903 διὰ
938 2851 1036 2921 τῆς
1065 2853 1297 2917 πίστεως
1353 2855 1517 2926 μόνης
1564 2856 1833 2928 ὁρώμενα)
1857 2877 1870 2890 ’

1974 2846 2088 2899 ﬁeri
2127 2848 2347 2915 poterit,
2380 2862 2566 2899 eorum
2608 2862 2727 2917 qua:
2758 2854 3074 2915 quaeruntur
3106 2847 3349 2901 invenire
3392 2846 3541 2900 solu-

294 2938 591 3004 ἀναγκαῖον
634 2940 701 2993 ἂν
748 2943 832 3011 εἴη
883 2942 1161 3011 λογισμοῖς
1190 2961 1299 2996 τισι
1337 2947 1476 3000 κατὰ
1501 2947 1561 2999 τὸ
1598 2950 1874 3020 ἐγχωροῦν
1972 2939 2196 3002 tionem,
2219 2956 2339 3009 qua:
2360 2939 2566 2994 accedit
2601 2938 3049 3008 praecedentibus.

297 3030 387 3081 καὶ
413 3030 524 3083 τῶν
558 3030 999 3101 ἐπιζητουμένων
1032 3035 1272 3103 ἐξευρεῖν
1297 3036 1395 3107 τὴν
1423 3036 1573 3091 λύσιν
1600 3043 1709 3103 τοῖς
1737 3060 1871 3109 προ-

296 3117 571 3189 λαμϐάνου
579 3137 633 3172 σι
668 3137 731 3174 συ
739 3121 1087 3191 μόαίνουσαν.
1892 3154 1942 3212 C

883 3214 1272 3271 KE¢AA.tun
1910 3210 1923 3212 ⁷

1910 3210 1923 3212 ⁷
2525 3210 2751 3265 CAPUT
2796 3211 2982 3264 XVIII.

367 3304 556 3357 Καίτοι
602 3305 854 3375 περιττὸν
909 3306 1037 3369 ἴσως
1079 3309 1194 3361 ἐστὶ
1240 3310 1370 3363 Θεὸν
1417 3311 1869 3381 ἐπιδεδημηκέναι

2043 3302 2364 3374 Quanquam
2404 3312 2487 3358 est
2530 3306 2765 3360 fontassc
2802 3319 3309 3374 supervacaneum,
3346 3313 3403 3357 ut
3443 3307 3536 3373 qui

296 3393 371 3462 τῷ
402 3393 500 3465 βίῳ
534 3396 928 3461 πιστεύσαντας
955 3398 1258 3454 διαϐάλλειν
1304 3402 1403 3473 τὴν
1437 3404 1755 3475 παρουσίαν,
1795 3405 1870 3468 ὼς

1974 3394 2141 3450 Deum
2175 3397 2243 3449 ad
2276 3397 2437 3449 vitam
2466 3397 2679 3451 venisse
2708 3396 3070 3460 crediderint,
3100 3396 3393 3451 adventum
3420 3395 3539 3464 ejus

296 3489 395 3538 οὐκ
430 3490 486 3539 ἐν
518 3489 680 3559 σοφίᾳ
726 3491 835 3543 τινὶ
882 3492 975 3544 καὶ
1005 3492 1146 3563 λόγῳ
1178 3494 1547 3567 γεγενημένην
1576 3495 1653 3566 τῷ
1690 3498 1869 3568 κρείτ-

1972 3495 2232 3542 acetisent
2261 3528 2274 3547 .
2307 3495 2364 3540 ut
2393 3489 2485 3556 qui
2516 3505 2623 3541 non
2657 3488 2835 3558 aliqua
2866 3488 3137 3542 exstiterit
3161 3488 3420 3557 sapientia
3442 3528 3457 3551 ,
3486 3495 3542 3540 et

298 3594 426 3631 τονι.
464 3580 589 3643 Τοῖς
640 3580 749 3651 γὰρ
798 3582 873 3653 μὴ
919 3581 1038 3635 λίαν
1088 3586 1536 3656 ἀντιμαχομένοις
1587 3588 1722 3658 πρὸς
1772 3588 1869 3660 τὴν

1971 3581 2252 3648 praestanti
2289 3581 2472 3649 aliqua
2509 3579 2737 3633 ratione.
2784 3578 2854 3632 lis
2885 3580 3031 3633 enim
3075 3579 3169 3648 qui
3219 3594 3328 3632 non
3377 3579 3540 3631 nimis

300 3669 573 3740 ἀλήθειαν,
604 3672 665 3724 ού
703 3673 875 3741 μικρὰ
904 3678 1001 3746 τῆς
1027 3675 1175 3738 θείας
1196 3677 1486 3748 ἐπιδημίας
1512 3679 1799 3745 ἀπόδειξις,
1835 3684 1869 3753 ἡ

1973 3674 2247 3727 obstinate
2285 3679 2588 3742 repugnant
2624 3672 2875 3735 veritati,
2922 3672 3092 3725 divini
3127 3671 3395 3725 adventus
3430 3686 3536 3723 non

304 3758 394 3811 καὶ
447 3759 553 3831 πρὸ
599 3760 696 3830 τῆς
749 3761 1049 3834 μελλούσης
1084 3764 1231 3836 ζωῆς
1272 3768 1329 3818 ἐν
1378 3766 1455 3838 τῷ
1493 3770 1719 3839 παρόντι
1770 3771 1870 3841 βίῳ

1973 3780 2200 3833 parvum
2252 3763 2414 3817 fuerit
2459 3771 2874 3833 argumentum,
2928 3762 2981 3815 id
3026 3763 3171 3831 quod
3213 3763 3378 3817 etiam
3410 3770 3538 3816 ante

304 3851 697 3921 φανερωθεῖσα,
740 3854 775 3923 ἡ
822 3854 909 3907 διὰ
943 3854 1051 3908 τῶν
1101 3857 1439 3929 πραγμάτων
1460 3860 1666 3924 αὐτῶν,
1702 3863 1868 3932 φημὶ,

1974 3855 2214 3909 futuram
2246 3855 2412 3908 vitam
2448 3854 2502 3907 in
2537 3855 2789 3923 praesenti
2812 3856 2923 3907 vita
2955 3854 3056 3907 fuit
3085 3854 3491 3908 manifestatum
3518 3872 3531 3907 :

309 3942 594 4014 μαρτυρία.
632 3945 736 4007 Τίς
762 3945 872 4016 γὰρ
900 3948 1003 4001 οὐκ
1032 3942 1168 4001 οἶδεν
1198 3950 1344 4012 ὅπως
1377 3951 1700 4022 πεπλήρωτο
1732 3955 1872 4007 κατὰ

1977 3946 2160 4014 quod,
2216 3944 2473 4013 inquam,
2519 3959 2586 3998 ex
2636 3944 2799 3999 rebus
2848 3945 2981 4014 ipsis
3014 3946 3251 3999 sumitur
3293 3945 3541 3999 testimo—

307 4036 407 4085 πᾶν
437 4036 602 4107 μέρος
646 4037 743 4107 τῆς
772 4039 1096 4109 οἰκουμένης
1136 4042 1168 4111 ἡ
1214 4041 1326 4093 τῶν
1354 4042 1624 4113 δαιμόνων
1661 4046 1867 4116 ἀπάτη,

1976 4036 2147 4090 nium.
2172 4034 2307 4100 Quis
2338 4035 2482 4089 enim
2521 4036 2716 4099 nescit,
2747 4035 3205 4105 quemadmodum
3247 4037 3537 4091 universus

304 4124 389 4177 διὰ
417 4130 512 4197 τῆς
534 4127 921 4198 εἱδωλομανίας
943 4130 1041 4200 τῆς
1066 4129 1211 4200 ζωῆς
1235 4133 1343 4185 τῶν
1377 4134 1676 4204 ἀνθρώπων
1705 4154 1871 4189 κατα-

1972 4128 2122 4181 orbis
2153 4133 2310 4180 terrae
2341 4126 2578 4196 repletus
2626 4137 2771 4181 esset
2815 4126 3003 4180 fraude
3032 4126 3340 4180 daemonum
3368 4165 3382 4185 .
3416 4142 3536 4195 quae

308 4218 641 4286 κρατήσασα.
694 4220 882 4283 Ὅπως
908 4218 1065 4272 τοῦτο
1112 4223 1339 4292 νόμιμον
1390 4226 1522 4277 πᾶσι
1567 4229 1678 4289 τοῖς
1729 4229 1870 4280 κατᾶ

1970 4233 2067 4286 per
2098 4218 2352 4271 insanum
2387 4218 2592 4270 cultum
2624 4218 3041 4273 simulacrorum
3074 4219 3129 4271 in
3163 4219 3325 4272 vitam
3360 4219 3533 4273 homi-

306 4304 391 4356 τὸν
438 4309 638 4377 κόσμον
669 4309 875 4362 ἔθνεσιν
902 4305 990 4381 ἦν,
1028 4311 1090 4362 τὸ
1116 4312 1433 4385 θεραπεύειν
1465 4315 1553 4369 διὰ
1577 4316 1684 4367 τῶν
1715 4318 1868 4369 είδώ-

1972 4324 2099 4363 num
2129 4308 2410 4362 obtinebat
2450 4307 2782 4361 dominatum
2815 4328 2828 4361 :
2860 4309 3314 4378 quemadmodum
3357 4311 3536 4365 omni-

307 4395 406 4449 λων
440 4401 562 4463 τοὺς
592 4399 852 4470 δαίμονας
877 4403 934 4454 ἐν
968 4405 1085 4466 ταῖς
1114 4403 1453 4469 ζωοθυσίαις,
1488 4406 1581 4458 καὶ
1610 4409 1722 4469 τοῖς
1747 4409 1866 4460 ἐπιο

1973 4403 2075 4456 bus
2109 4417 2229 4471 qua:
2260 4402 2312 4453 in
2344 4399 2546 4454 nmndo
2571 4410 2727 4453 erant
2762 4400 3015 4469 gentibus
3052 4401 3167 4469 lege
3190 4412 3307 4455 erat
3335 4404 3540 4457 consli-

308 4488 523 4557 ϐωμίοις
554 4491 891 4561 μιάσμασινς
926 4488 1115 4560 ’Δφόῦ
1147 4493 1223 4555 δὲ,
1248 4495 1429 4559 καθώς
1460 4513 1622 4566 φησιν
1644 4501 1672 4550 ὁ
1710 4499 1868 4550 Ἀπό-
1899 4488 1914 4543 1

1934 4496 1944 4537 l
1976 4500 2149 4546 tutum
2186 4491 2496 4544 animalium
2533 4490 2818 4544 sacriﬁciis
2841 4530 2855 4552 ,
2906 4497 2959 4545 et
2992 4507 3113 4559 qua:
3150 4508 3313 4561 super
3349 4495 3540 4550 aitaria

311 4580 502 4647 στόλος,
554 4582 847 4650 Ἐπεφάνη
890 4585 928 4651 ἠ
974 4584 1146 4653 χάρις
1184 4586 1290 4639 τοῦ
1321 4586 1468 4641 Θεοῦ
1502 4589 1539 4656 ἡ
1576 4590 1868 4656 σωτήριος

1967 4586 2166 4639 ﬁebant
2198 4582 2731 4645 abominationibus,
2784 4581 3057 4637 daemones
3105 4583 3282 4637 colere
3333 4599 3427 4652 per
3467 4585 3542 4639 si-

309 4668 485 4723 πίῐσιν
507 4671 855 4738 ἀνθρώποις,
882 4673 971 4726 διὰ
992 4677 1088 4741 τῆς
1117 4677 1460 4749 ἀνθρωπίνης
1485 4679 1870 4750 ἐπιδημήσασα

1967 4678 2206 4730 mulacra
2231 4676 2254 4726 ?
2289 4674 2364 4727 Ex
2394 4690 2503 4743 quo
2530 4682 2744 4737 autem,
2781 4680 2838 4724 ut
2865 4672 2997 4725 dicit
3031 4673 3323 4740 Apostolus
3351 4674 3391 4736 ‘,
3428 4676 3538 4739 Ap—

312 4757 530 4823 ;Ocsmg,
570 4762 746 4813 πάντα
793 4762 1000 4815 καπνοῦ
1030 4763 1184 4832 δίκην
1226 4767 1304 4828 είς
1335 4766 1396 4817 τὸ
1426 4767 1499 4836 μὴ
1536 4767 1596 4821 ὃν
1630 4770 1869 4839 μετεχώ-

1963 4767 2141 4834 paruit
2206 4765 2381 4833 gratia
2453 4762 2544 4816 Dei
2594 4763 2850 4816 salutaris
2909 4762 3149 4815 omnibus
3199 4763 3539 4819 hominibus.

312 4864 494 4916 ρησεψ
526 4851 667 4904 ὥστε
723 4852 1033 4906 παύσασθαι
1087 4854 1185 4924 μὲν
1218 4855 1313 4918 τὰς
1361 4856 1466 4908 τῶν
1520 4860 1867 4929 χρηστηρίων

1964 4874 2085 4928 quae
2129 4872 2224 4925 per
2254 4857 2543 4908 humanam
2576 4854 2792 4908 advenit
2826 4862 3105 4920 naturam,
3145 4857 3325 4909 omnia
3361 4859 3502 4911 ius.a

310 4954 363 4987 τε
394 4943 476 4992 καὶ
508 4943 772 5011 μαντειῶν
824 4945 1051 5013 μανίας,
1104 4945 1452 5017 ἀναιρεθῆναι
1496 4948 1552 5001 δὲ
1596 4950 1694 5012 τὰς
1746 4953 1869 5023 ἐτη-

1968 4952 2099 5004 fumi
2132 4951 2199 5003 ad
2246 4949 2475 5001 nihilum
2518 4948 2735 5001 redacta
2777 4954 2940 5010 sunt;
2992 4950 3125 5000 adeo
3169 4958 3224 5001 ut
3271 4950 3539 5003 cessarint

311 5029 447 5093 σίους
478 5032 697 5103 πομπὰς
717 5075 732 5097 ,
766 5036 855 5086 καὶ
887 5034 954 5087 τὰ
985 5035 1051 5087 δι’
1080 5036 1329 5105 αἱμάτων
1367 5040 1423 5090 ἐν
1469 5041 1583 5101 ταῖς
1633 5041 1866 5112 ἑκατόμ-

1964 5039 2181 5109 quidem
2210 5038 2555 5091 oraculorum
2571 5044 2625 5089 et
2640 5034 3035 5089 divinationum
3060 5036 3306 5099 insaniae,
3345 5039 3538 5093 ablata

311 5114 421 5177 Cat;
458 5119 772 5190 μολύσματα
792 5137 806 5150 ·
850 5124 906 5175 ἐν
938 5123 995 5175 δὲ
1022 5126 1132 5186 τοῖς
1161 5125 1370 5189 πολλοῖς
1399 5126 1507 5178 τῶν
1534 5127 1700 5180 ἐθνῶν
1728 5130 1865 5198 ἀφα-

1965 5131 2076 5185 sint
2128 5138 2304 5181 autem
2358 5142 2566 5195 pompae
2617 5126 3027 5186 anniversaria},
3075 5134 3127 5179 et
3189 5143 3309 5196 qua:
3355 5129 3408 5181 in
3446 5129 3538 5182 he-

310 5207 539 5278 νισθῆναι
572 5211 796 5264 καθόλου
841 5213 1054 5283 βωμούς
1080 5232 1137 5267 τε
1166 5215 1259 5267 καὶ
1289 5217 1618 5286 προπύλαια,
1651 5221 1743 5272 καὶ
1775 5238 1861 5273 τε·

1961 5219 2227 5273 catombis
2258 5216 2520 5285 sanguine
2549 5215 2745 5268 ﬁebant
2782 5216 3223 5283 inquinamenta,
3273 5218 3324 5269 in
3355 5218 3538 5275 multis

313 5297 455 5367 μένη,
485 5302 577 5355 καὶ
619 5304 991 5374 ἀφιδρύματα,
1028 5306 1120 5359 καὶ
1153 5308 1250 5359 ὅσα
1292 5308 1425 5360 ἄλλα
1456 5312 1566 5371 τοῖς
1596 5310 1861 5379 Θεραπευ-

1966 5318 2145 5363 autem
2172 5308 2426 5377 gentibus
2451 5306 2672 5363 omnino
2698 5305 2872 5361 deleta
2898 5308 3006 5359 sint
3032 5309 3219 5361 altaria
3243 5347 3257 5369 ,
3286 5318 3338 5361 et
3376 5310 3540 5362 vesti-

312 5394 417 5453 ταῖς
440 5397 542 5447 τῶν
568 5397 835 5466 δαιμόνων
859 5401 950 5451 ἐπὶ
977 5401 1192 5470 ἀπάτης
1223 5402 1371 5470 σφῶν
1404 5404 1581 5455 αὐτῶν
1620 5405 1714 5457 καὶ
1752 5406 1857 5460 τῶν

1967 5402 2122 5464 bula,
2154 5409 2207 5454 et
2234 5399 2465 5466 templa,
2502 5407 2556 5455 et
2597 5398 2820 5451 delubra
2848 5417 2863 5465 ;
2908 5407 2961 5452 et
3010 5414 3349 5469 quaecunque
3376 5401 3478 5454 alia
3508 5418 3537 5457 a

314 5478 723 5552 ἐντυγχανόντων
785 5488 1192 5560 ἐπιτετήδευτο·
1248 5488 1323 5552 ὡς
1374 5492 1431 5543 ἐν
1485 5493 1695 5557 πολλοῖς
1749 5495 1857 5546 τῶν

2026 5492 2265 5547 ultoribus
2293 5489 2598 5548 daemonum
2628 5488 2694 5543 ad
2726 5490 2808 5548 sui
2840 5490 3112 5552 fraudem,
3153 5501 3208 5544 et
3231 5506 3417 5545 eorum
3445 5492 3540 5559 qui

312 5570 471 5624 τόπων
512 5576 645 5646 μηδὲ
692 5579 741 5629 εἰ
785 5578 972 5648 γέγονε
1018 5580 1189 5634 ταῦτά
1242 5599 1367 5635 ποτε
1404 5586 1855 5653 μνημονεύεσθαι,

1967 5586 2018 5641 in
2063 5586 2180 5655 ipsa
2227 5582 2575 5645 incidebant,
2622 5589 2802 5635 erecta
2848 5588 2902 5635 et
2941 5581 3234 5635 constituta
3284 5578 3534 5641 fuerant;

374 5752 396 5782 ⁴
426 5753 521 5808 Tit.
560 5776 618 5822 tt,
654 5760 737 5815 ll.
