4066 6374
477 363 551 420 55
1744 368 1802 424 ε.
1844 368 2171 427 GREGOliII
2209 373 2505 433 NYSSENI
3663 384 3735 440 56

477 481 614 536 adeo
642 488 702 535 ut
733 480 788 536 in
818 482 1003 539 multis
1032 484 1169 539 locis
1199 500 1265 539 ne
1294 500 1361 538 an
1395 485 1509 541 haec
1545 486 1767 556 quidem
1801 506 2049 560 unquam

2156 497 2546 569 ἀντεγερθῆναι
2576 500 2632 554 δέ
2663 500 2802 554 κατὰ
2835 503 3015 555 πᾶσαν
3038 501 3137 572 τὴν
3161 502 3484 573 οἰκουμένην
3522 504 3614 556 ἐπὶ
3651 503 3728 573 τῷ

480 573 713 639 fuerint,
740 576 1120 644 meminerint;
1146 593 1331 632 eorum
1362 588 1541 633 autem
1569 580 1689 634 loco
1715 582 1769 634 in
1796 583 2052 637 universo

475 666 609 718 orbe
634 673 906 720 terrarum
933 668 1182 723 excitata:
1207 672 1318 723 sint
1344 670 1398 723 in
1425 669 1631 724 Christi
1658 673 1878 726 nomine
1908 674 2052 728 aedes

418 812 423 818 ,
477 772 681 823 εποντο,
720 760 916 828 templa
962 768 1015 814 et
1051 761 1273 824 altaria,
1320 761 1561 830 illudque
1595 764 1967 817 venerandum
1997 774 2051 818 et

480 850 826 903 incruentum
882 852 1252 915 sacriﬁcium,
1305 854 1667 923 sublimisque
1717 862 1771 908 et
1825 857 2050 910 excelsa

481 940 821 1010 phiIOSOphia
842 982 856 1003 ,
886 958 1007 1010 quae
1038 941 1197 997 factis
1226 945 1407 1011 potius
1432 960 1592 1013 quam
1619 959 1872 999 sermone
1896 961 2051 1000 exer-

478 1040 666 1095 celur;
696 1031 927 1100 vitaeque
951 1034 1259 1101 corporalis
1284 1033 1588 1102 despectio,
1615 1044 1667 1087 et
1695 1037 1889 1091 mortis
1916 1050 2052 1089 con-

478 1125 737 1191 tctnptio,
772 1138 934 1192 quam
986 1124 1343 1178 ostenderunt
1377 1127 1469 1193 qui
1516 1142 1546 1179 a
1595 1128 1840 1198 tyrannis
1884 1143 2049 1197 coge-

481 1211 679 1265 bantur
726 1227 756 1265 a
807 1213 911 1267 lide
942 1212 1211 1282 deiicere,
1271 1216 1553 1269 cruciatus
1600 1216 1855 1286 corporis
1908 1218 2043 1270 nihil

478 1303 777 1369 ducentes,
817 1312 871 1358 et
912 1305 1240 1359 sententiam
1283 1307 1517 1375 capitis:
1552 1307 1665 1361 haec
1698 1308 1911 1361 scilicet
1945 1308 2048 1360 ini-

479 1392 624 1447 uime
657 1395 927 1457 subituri,
963 1396 1066 1449 nisi
1098 1404 1345 1465 apertqu
1381 1404 1435 1450 et
1470 1397 1693 1452 minime
1722 1397 1948 1451 dubium
1982 1399 2050 1453 de

480 1482 571 1537 Dei
620 1484 857 1539 adventu
904 1486 1229 1541 habuissent
1274 1496 1674 1557 argumentum.
1718 1487 1832 1543 Hoc
1867 1490 2047 1559 ipsum

478 1587 656 1629 autem
686 1578 849 1629 etiam
880 1578 1019 1647 apud
1046 1576 1266 1633 Judaaos
1298 1579 1420 1632 licet
1443 1579 1624 1634 dicere
1645 1595 1767 1635 esse
1790 1580 2004 1650 signum
2029 1622 2045 1647 ,

476 1667 618 1736 quod
643 1668 785 1722 adsit
812 1669 856 1721 is
879 1669 972 1739 qui
997 1670 1065 1723 ab
1086 1671 1164 1724 eis
1197 1686 1303 1723 non
1327 1670 1590 1724 creditur.
1622 1671 1752 1724 Nam
1778 1687 1952 1742 usque
1979 1674 2046 1727 ad

476 1758 681 1812 Christi
718 1760 938 1829 quidem
977 1759 1068 1814 Dei
1103 1760 1430 1825 adventum,
1467 1762 1607 1832 apud
1642 1777 1738 1817 eos
1765 1761 2045 1834 Jerosoly-

479 1850 583 1903 mis
614 1851 873 1919 praeclara
904 1860 1021 1905 erat
1047 1851 1206 1907 sedes
1238 1853 1416 1923 regia,
1451 1854 1715 1925 inclytum
1746 1856 1877 1910 illud
1908 1862 2046 1910 tem-

475 1941 622 2009 plum
650 1980 664 2004 ,
692 1942 807 2010 lege
836 1944 1135 1997 constituta
1165 1959 1344 1998 annua
1370 1945 1640 2000 sacrificia
1663 1987 1676 2010 ,
1707 1956 1762 2001 et
1792 1964 2053 2017 quascun-

477 2048 582 2102 quc
617 2049 647 2087 a
684 2034 797 2104 lege
846 2050 943 2102 per
989 2037 1311 2105 aenigmata,
1346 2037 1414 2091 iis
1456 2039 1546 2106 qui
1594 2040 1822 2109 mystice
1864 2040 2052 2095 audire

479 2132 750 2193 possunt,
781 2136 907 2179 sunt
944 2123 1209 2179 distincta
1256 2142 1320 2181 ac
1363 2128 1587 2182 delinita
1636 2130 1702 2183 ad
1739 2131 1843 2184 hoc
1877 2148 2051 2200 usque

480 2224 727 2286 tempus,
763 2233 828 2271 ex
862 2218 944 2271 eis
986 2219 1292 2273 constituto
1338 2220 1447 2273 ritu
1498 2222 1781 2292 religionis
1828 2224 2052 2278 minime

477 2318 633 2363 erant
664 2309 958 2378 prohibita.
994 2307 1289 2379 Postquam
1318 2320 1498 2366 autem
1529 2314 1781 2367 viderunt
1807 2329 1929 2367 eum
1957 2315 2050 2384 qtti

477 2402 927 2469 exspectabatur,
962 2410 1016 2455 et
1047 2417 1209 2470 quem
1247 2417 1276 2454 a
1312 2402 1430 2471 lege
1474 2410 1528 2457 et
1574 2404 1855 2472 prophetis
1899 2406 2051 2474 prius

479 2491 817 2555 didicerant,
847 2502 901 2547 et
932 2492 1055 2547 ﬁdei
1088 2494 1141 2546 in
1189 2509 1313 2548 eum
1359 2495 1453 2564 qui
1487 2504 1813 2564 apparuerat
1856 2508 2052 2566 praetu-

480 2584 654 2639 lerunt
691 2584 882 2639 falsam
921 2586 1069 2639 illam
1107 2587 1592 2655 superstitionem:
1627 2603 1734 2657 qua
1784 2591 1923 2644 male
1952 2606 2048 2645 cx-

482 2676 634 2743 pulsa
683 2678 1082 2731 conservahant
1127 2677 1292 2732 verba
1340 2678 1508 2747 legis,
1538 2680 1922 2734 consuetudini
1957 2695 2051 2749 po-

480 2768 589 2820 tius
620 2768 923 2821 servientes
950 2783 1112 2836 quam
1145 2767 1521 2837 intelligentiae
1549 2787 1564 2835 ;
1594 2786 1772 2839 neque
1802 2787 1923 2840 quae
1952 2786 2051 2841 ap-

481 2860 661 2925 paruit
690 2858 918 2927 gratiam
949 2866 1280 2927 acceperunt
1303 2875 1316 2923 ;
1336 2874 1456 2928 quae
1479 2876 1543 2914 ex
1571 2877 1757 2915 eorum
1788 2863 2052 2937 religione

482 2952 741 3018 praeclara
772 2956 928 3003 erant
968 2957 1021 3004 et
1055 2951 1364 3005 veneranda
1387 2994 1401 3016 ,
1449 2952 1640 3010 relicta
1671 2966 1802 3012 sunt
1829 2960 1883 3013 in
1915 2961 2051 3015 solis

483 3039 749 3108 nudisque
785 3040 1225 3101 narrationibus,
1261 3056 1385 3093 cum
1426 3048 1688 3115 templum
1724 3062 1792 3101 ne
1819 3063 1883 3101 ex
1918 3048 2051 3117 ipsis

482 3134 700 3203 quidem
737 3141 1062 3205 agnoscatur
1095 3132 1383 3207 vestigiis;
1420 3140 1598 3207 ampla
1633 3147 1814 3193 autem
1845 3152 1899 3195 et
1931 3156 2051 3193 ma-

2156 590 2391 660 Χριστοῦ
2421 592 2663 661 ὀνόματι,
2688 594 2848 657 ναούς
2879 612 2937 647 τε
2975 594 3069 646 καὶ
3101 594 3478 666 θυσιαστήρια,
3511 597 3605 649 καὶ
3628 596 3731 666 τὴν

2158 683 2361 752 σεμνήν
2389 699 2448 734 τε
2475 684 2568 735 καὶ
2600 684 2933 754 ἀναίμακτον
2968 686 3285 757 ἱερωσύνην,
3325 688 3417 738 καὶ
3445 687 3541 756 τὴν
3590 686 3727 755 ὑψη-

2154 770 2249 843 λὴν
2280 774 2613 842 φιλοσοφίαν,
2643 774 2787 847 έογῳ
2815 777 3011 847 μᾶλλον
3036 778 3068 848 ἢ
3101 778 3243 849 λόγῳ
3267 779 3724 849 κατορθουμένην,

2154 865 2245 916 καὶ
2284 865 2380 934 τῆς
2433 871 2747 938 σωματικῆς
2798 868 2943 938 ζωῆς
2989 868 3085 939 τὴν
3132 868 3449 939 ὑπεροψίαν,
3504 870 3594 921 καὶ
3631 868 3728 920 τοῦ

2153 953 2385 1007 Θανάτου
2430 957 2528 1028 τὴν
2574 959 2995 1029 καταφρόνησιν,
3050 960 3114 1029 ῆν
3158 959 3208 1010 οί
3264 959 3595 1027 μεταστῆναι
3628 959 3728 1028 τῆς

2152 1046 2385 1109 πίστεως
2414 1048 2564 1117 παρὰ
2590 1048 2696 1102 τῶν
2720 1050 2996 1120 τυράννων
3019 1051 3449 1120 ἀναγκαζόμενοι
3478 1052 3728 1121 φανερῶς

2150 1137 2508 1211 ἐπεδείξαντο,
2540 1140 2652 1192 ἀντ’
2685 1141 2895 1203 οὑδενδς
2924 1140 3203 1210 δεξάμενοι
3222 1143 3324 1204 τὰς
3350 1142 3442 1194 τοῦ
3478 1141 3726 1211 σώματος

2149 1228 2349 1293 αἰκίας,
2395 1230 2489 1282 καὶ
2522 1231 2616 1301 τὴν
2648 1232 2739 1283 ἐπὶ
2770 1232 2984 1302 θανάτῳ
3010 1233 3215 1302 ψῆφον
3253 1235 3351 1285 οὑκ
3374 1232 3439 1284 ἂν
3465 1232 3726 1284 ὑποστάν-

2147 1338 2239 1384 τες
2266 1322 2465 1392 δηλαδὴ
2495 1321 2685 1384 ταῦτα,
2717 1324 2792 1394 μὴ
2825 1324 2966 1394 σαφῆ
2999 1342 3057 1376 τε
3089 1326 3181 1378 καὶ
3224 1325 3589 1395 άναμφίϐολον
3626 1325 3724 1393 τῆς

2149 1412 2298 1476 θείας
2331 1414 2622 1484 ἐπιδημίας
2672 1415 2886 1485 ἔχοντες
2915 1418 3013 1487 τὴν
3056 1415 3345 1481 ἀπόδειξιν.
3395 1417 3468 1469 Τὸ
3508 1416 3566 1468 δὲ
3593 1417 3725 1468 αὑτὸ

2147 1502 2304 1557 τοῦτο
2354 1506 2448 1559 καὶ
2484 1506 2621 1575 πρὸς
2663 1508 2788 1570 τοὺς
2831 1507 3113 1570 Ἰουδαίους
3156 1508 3335 1560 ίκανὸν
3376 1511 3600 1577 σημεῖον
3647 1508 3725 1559 εί·-

2147 1598 2288 1657 πεῖν,
2342 1596 2435 1649 τοῦ
2486 1601 2737 1668 παρεῖναι
2791 1598 2875 1651 τὸν
2925 1600 3053 1668 παρ’
3080 1598 3256 1651 αὑτῶν
3303 1598 3718 1666 ἀπιστούμενον.

2146 1688 2323 1758 Μέχρι
2351 1689 2449 1758 μὲν
2476 1689 2584 1759 γάρ
2608 1692 2707 1760 τῆς
2748 1689 2842 1743 τοῦ
2883 1691 3117 1761 Χριστοῦ
3150 1689 3469 1759 θεοφανείας
3493 1689 3723 1760 λαμπρὰ

2148 1779 2276 1850 παρ’
2310 1779 2491 1843 αὑτοῖς
2527 1776 2595 1850 ἦν
2643 1780 2712 1834 τὰ
2764 1784 2821 1834 ἐν
2870 1781 3262 1853 Ἰεροσολύμοις
3300 1781 3563 1851 βασίλεια,
3593 1783 3620 1834 ὁ
3647 1782 3728 1836 διο

2079 1876 2123 1931 Β
2152 1869 2366 1941 ὡνυμος
2402 1873 2604 1935 ἐκεῖνος
2654 1872 2799 1937 ναὸς,
2836 1875 2890 1926 αί
2930 1874 3309 1944 νενομισμέναι
3342 1874 3407 1926 δι’
3430 1872 3581 1934 ἔτους
3629 1872 3727 1929 θυ-

2154 1960 2285 2024 σίαι,
2321 1961 2498 2014 πάντα
2527 1962 2626 2014 ὅσα
2654 1962 2804 2034 παρὰ
2836 1963 2929 2016 τοῦ
2959 1964 3123 2034 νόμου
3151 1964 3219 2017 δι’
3246 1964 3581 2033 αἰνιγμάτων
3615 1964 3727 2024 τοῖς

2155 2054 2436 2120 μυστικοῖς
2474 2053 2686 2105 ἐπαΐειν
2728 2053 3044 2123 δυναμένοις
3070 2053 3340 2124 διῄρηται,
3380 2053 3571 2123 μέχρις
3604 2052 3723 2103 τότε

2152 2144 2292 2197 κατὰ
2319 2144 2413 2215 τὴν
2444 2144 2503 2209 ἐξ
2527 2146 2700 2216 ἀρχῆς
2728 2146 3074 2216 νομισθεῖσαν
3105 2149 3287 2209 αὑτοῖς
3314 2146 3413 2216 τῆς
3444 2144 3725 2207 εὐσεϐείας

2153 2232 2444 2305 θρησκείαν
2482 2235 2733 2288 άκώλυτα
2760 2231 2850 2305 ἧν.
2902 2236 3054 2289 Ἐπεὶ
3100 2236 3155 2289 δὲ
3206 2232 3341 2289 εἶδον
3382 2237 3472 2288 τὸν
3500 2234 3726 2305 προσδο-

2152 2325 2416 2396 κώμενον,
2448 2326 2541 2379 καὶ
2573 2326 2632 2380 ὃν
2659 2326 2747 2380 διὰ
2790 2327 2897 2380 τῶν
2926 2328 3218 2400 προφητῶν
3250 2346 3309 2381 τε
3352 2328 3445 2381 καὶ
3488 2326 3580 2380 τοῦ
3633 2326 3723 2379 νό-

2156 2432 2255 2485 μου
2286 2416 2771 2487 προεδιδάχθησαν,
2809 2418 2904 2470 καὶ
2952 2419 3352 2489 προτιμοτέραν
3399 2418 3725 2486 ἐποιήσαντο

2150 2507 2248 2577 τῆς
2282 2510 2360 2570 εἰς
2388 2509 2478 2560 τὸν
2500 2509 2734 2575 φανέντα
2764 2508 2999 2572 πίστεως
3025 2510 3124 2580 τὴν
3147 2510 3489 2580 ἐσφαλμένην
3510 2510 3727 2579 ἐκείνην

2150 2596 2589 2668 δεισιδαιμονίαν,
2631 2600 2697 2669 ἢν
2741 2599 2925 2662 κακῶς
2952 2600 3291 2664 ἐκϐαλόντες,
3330 2599 3396 2653 τὰ
3426 2600 3519 2652 τοῦ
3559 2600 3724 2670 νόμου

2154 2690 2372 2757 ῥήματα
2444 2689 2816 2758 διεφύλασσον,
2870 2690 3126 2761 συνηθείᾳ
3188 2690 3384 2761 μᾶλλον
3437 2692 3469 2756 ἢ
3521 2690 3726 2761 διανοίᾳ

2150 2778 2508 2845 δουλεύοντες,
2568 2780 2691 2835 οὔτε
2735 2780 2827 2853 τὴν
2861 2783 3214 2851 ἐπιφανεῖσαν
3261 2783 3507 2847 ἐδέξαντο
3543 2784 3720 2852 χάριν,

2152 2873 2244 2924 καὶ
2280 2872 2348 2923 τά
2380 2872 2553 2941 σεμνά
2591 2874 2689 2941 τῆς
2747 2874 2875 2943 παρ’
2906 2875 3087 2936 αὑτοῖς
3118 2872 3430 2944 θρησκείας,
3462 2877 3518 2927 ἐν
3544 2874 3725 2943 διηγή-

2156 2979 2287 3031 μασι
2341 2961 2513 3031 ψιλοῖς
2560 2961 2971 3016 ὑπολέλειπταιθ
3022 2962 3118 3015 τοῦ
3173 2962 3299 3015 ναοῦ
3353 2963 3451 3033 μὲν
3499 2962 3619 3015 οὑδέ
3666 2962 3729 3027 ἐξ

2157 3049 2314 3119 ἰχνῶν
2370 3052 2889 3120 ἐπιγινωσκομένου,
2946 3052 3046 3121 τῆς
3094 3052 3149 3104 δέ
3195 3052 3452 3122 λαμπρᾶς
3510 3052 3725 3121 ἐκείνης

2154 3142 2361 3205 πόλεως
2404 3144 2460 3195 ἐν
2501 3144 2763 3213 ἐρειπίοις
2813 3144 3253 3213 ὑπολειφθείσης,
3302 3143 3478 3213 μεῖναί
3521 3160 3580 3196 τε
3612 3147 3725 3205 τοξ

482 3226 678 3295 gniﬁca
708 3227 796 3280 illa
826 3228 1023 3282 civitas
1050 3229 1240 3281 relicta
1270 3230 1341 3283 sit
1370 3230 1422 3282 in
1457 3231 1749 3285 ruderibus
1776 3244 1829 3285 et
1854 3232 2052 3293 ruinis.

2169 3232 2438 3296 Ἰουδαίοις
2475 3210 2583 3287 τῶν
2622 3234 2762 3287 κατὰ
2804 3236 2863 3287 τὸ
2912 3210 3137 3305 ἀρχαῖον
3186 3210 3586 3305 νενομισμένων
3629 3251 3725 3304 μη-

483 3335 584 3375 nec
612 3336 800 3375 eorum
837 3337 959 3390 qua:
988 3322 1116 3376 olim
1148 3332 1304 3377 erant
1351 3322 1555 3378 Iudaeis
1605 3325 1843 3395 legitima
1889 3327 2052 3396 quid-

480 3427 645 3482 quam
691 3414 978 3479 manserit,
1026 3413 1121 3469 sed
1151 3422 1205 3468 et
1235 3414 1301 3467 ad
1334 3416 1532 3486 ipsum,
1568 3417 1659 3486 qui
1700 3414 2056 3488 Jerosolymis

481 3510 601 3557 erat
645 3503 726 3559 eis
786 3504 939 3560 locus
1004 3507 1384 3571 venerandus,
1436 3510 1598 3578 jussu
1663 3509 2053 3580 imperatorum

483 3596 792 3665 prohibitus
825 3596 985 3652 fuerit
1010 3600 1209 3655 aditus.

1070 3688 1299 3745 CAPUT
1327 3689 1470 3743 ΧΙΧ.

555 3776 661 3833 Sed
692 3778 949 3847 quoniam
978 3794 1154 3849 neque
1186 3780 1253 3834 iis
1278 3780 1371 3848 qui
1402 3778 1717 3834 Graecorum
1747 3788 2058 3848 sequuntur

483 3869 824 3941 disciplinas,
860 3886 1035 3940 neque
1081 3871 1148 3926 iis
1184 3872 1275 3940 qui
1320 3880 1564 3942 praesunt
1614 3870 1923 3925 Iudaeorum
1960 3872 2057 3925 do—

483 3964 780 4035 gmatibus,
820 3963 1036 4017 videtur
1059 3978 1125 4018 ex
1158 3963 1245 4019 his
1273 3964 1537 4019 sumenda
1561 3980 1684 4019 esse
1727 3963 1926 4019 indicia
1964 3962 2056 4018 Dei

484 4056 770 4119 adventus,
818 4055 955 4110 bene
1001 4056 1104 4110 erit
1152 4070 1401 4110 seorsum
1459 4065 1696 4110 tractare
1742 4056 1810 4111 de
1840 4057 1907 4110 iis
1937 4072 2058 4126 qua:

484 4154 612 4201 sunt
652 4147 887 4216 objecta,
941 4162 1132 4218 nempe
1169 4163 1407 4218 quanam
1435 4149 1501 4202 de
1541 4163 1707 4203 causa
1746 4148 1927 4202 divina
1962 4165 2060 4202 na-

483 4248 604 4291 tura
655 4254 777 4291 cum
828 4246 1015 4291 nostra
1066 4239 1428 4304 connectitur,
1475 4254 1573 4308 per
1623 4254 1683 4293 se
1724 4254 2057 4295 conservans

486 4329 901 4391 humanitatem,
934 4344 1042 4381 non
1070 4328 1229 4397 jussu
1263 4344 1498 4398 operans
1532 4328 1582 4385 id
1616 4329 1761 4399 quod
1804 4337 1887 4383 est
1917 4330 1966 4383 ei
2003 4331 2055 4383 in

482 4421 783 4490 proposito.
820 4419 1105 4485 Quodnam
1146 4436 1274 4490 ergo
1318 4420 1481 4475 luerit
1507 4420 1667 4475 nobis
1703 4421 2053 4491 principium,
2088 4456 2095 4461 -

2153 3324 2271 3376 δέν⁹
2327 3323 2461 3376 ἀλλὰ
2501 3324 2595 3377 καὶ
2637 3326 2798 3378 αὑτὸν
2844 3325 2935 3378 τὸν
2981 3325 3272 3395 σεϐάσμιον
3296 3327 3478 3389 αὐτοῖς
3522 3326 3577 3377 ἐν
3626 3326 3724 3377 Ἰε-

2157 3416 2473 3487 ροσολύμοις
2512 3418 2695 3481 τόπον,
2742 3418 2941 3472 ἄϐατον
2991 3418 3372 3489 προστάγματι
3421 3417 3532 3471 τῶν
3568 3417 3726 3471 δυναο

2156 3510 2451 3563 στευόντων
2482 3511 2752 3579 γενέσθαι.

2740 3689 2993 3743 ΚΕΦΑΛ.
3030 3690 3127 3742 ῙΘ’.

2188 3790 2191 3795 ‘
2240 3777 2379 3831 Ἀλλ’
2410 3780 2558 3847 ὅμως
2596 3778 2779 3850 ἐπειδὴ
2830 3782 2967 3850 μήτε
3008 3784 3121 3844 τοῖς
3160 3779 3547 3848 Ἐλληνίζουσι,
3594 3781 3729 3850 μήτε

2156 3874 2267 3933 τοῖς
2295 3869 2404 3923 τῶν
2436 3870 2706 3923 Ἰουδαίων
2731 3871 3034 3942 προεστῶσι
3053 3872 3354 3941 δογμάτων,
3385 3870 3533 3924 δοκεῖ
3559 3870 3733 3923 ταῦτα

2159 3964 2307 4027 θείας
2336 3962 2632 4033 παρουσίας
2675 3963 2943 4016 ποιεῖσθαι
2985 3964 3278 4033 τεκμήρια,
3311 3962 3491 4024 καλῶς
3524 3961 3588 4015 ἂν
3617 3962 3731 4031 ἔχοι

2159 4056 2286 4127 περὶ
2319 4055 2427 4109 τῶν
2460 4054 2965 4125 ἀνθυπενεχθέντων
2995 4053 3102 4125 ἰδίᾳ.
3133 4055 3223 4106 τὸν
3252 4054 3409 4122 λόγον
3435 4053 3732 4116 διαλαϐεῖν,

2158 4152 2277 4203 ὅτου
2308 4149 2465 4220 χάριν
2512 4151 2544 4218 ἡ
2593 4148 2712 4200 θεία
2757 4147 2918 4216 φύσις
2962 4148 3097 4218 πρὸς
3135 4148 3234 4214 τὴν
3272 4147 3545 4217 ἡμετέραν
3598 4164 3737 4216 συμ-

2161 4240 2439 4303 πλέκεται,
2482 4239 2548 4291 δι’
2575 4238 2774 4307 ἑαυτῆς
2808 4238 3052 4302 σώζουσα
3077 4236 3137 4290 τδ
3164 4237 3518 4308 ἀνθρώπινον,
3557 4238 3619 4290 οὑ
3646 4237 3732 4290 διὶ

2160 4330 2577 4399 προστάγματος
2602 4330 3045 4400 κατεργαζομένη
3070 4327 3140 4381 ’τὸ
3170 4328 3310 4381 κατὰ
3333 4328 3606 4398 πρόθεσιν.
3640 4327 3733 4388 Τίς

2158 4418 2249 4474 οὖν
2301 4420 2366 4473 ἂν
2413 4420 2622 4487 γένοιτο
2667 4422 2797 4490 ἡμῖν
2843 4420 3004 4491 ἀρχὴ,
3058 4421 3194 4489 πρὸς
3240 4420 3330 4472 τὸν
3376 4419 3731 4490 προκείμενον

483 4512 549 4563 ad
586 4512 923 4580 propositum
947 4526 1172 4581 scopum
1204 4521 1604 4581 consequenter
1626 4513 1903 4566 deducens
1939 4528 2053 4566 ora-

2163 4514 2360 4566 σκοπὸν
2410 4512 2714 4574 ἀκολούθως
2764 4512 3180 4583 χειραγο)γοῦσα
3227 4511 3318 4564 τδν
3369 4511 3572 4579 λόγον;
3639 4510 3734 4573 Τίς

483 4604 730 4656 tionem?
771 4602 927 4669 Quod
973 4604 1140 4666 aliud,
1192 4619 1355 4673 quam
1406 4605 1721 4658 summatim
1770 4620 2058 4660 recensere

480 4709 601 4762 quae
630 4694 696 4747 de
721 4692 829 4748 Deo
860 4694 944 4763 pie
980 4694 1332 4749 sentiuntur?

1081 4781 1310 4838 CAPUT
1348 4782 1465 4835 XX.

554 4877 780 4929 Constat
802 4891 929 4945 ergo
952 4875 1093 4943 apud
1126 4890 1338 4940 omnes,
1368 4884 1618 4944 oportere
1648 4875 1867 4930 credere
1890 4874 2055 4929 Deum

484 4984 593 5023 non
642 4970 818 5023 solum
864 4984 986 5023 esse
1033 4978 1332 5039 potentem,
1392 4971 1484 5025 sed
1522 4979 1575 5024 et
1617 4970 1827 5039 justum
1873 4977 1924 5024 et
1959 4970 2059 5023 ho-

484 5075 637 5124 rtum,
668 5066 724 5112 et
755 5059 1079 5128 sapientem,
1111 5069 1163 5113 et
1191 5059 1456 5129 quidquid
1482 5062 1547 5112 ad
1576 5058 1629 5112 id
1660 5060 1804 5128 quod
1830 5066 1913 5113 est
1945 5075 2051 5112 me-

486 5151 614 5209 lius.
640 5149 742 5203 fert
766 5152 1171 5220 cogitationem.
1199 5150 1556 5221 Consequens
1584 5166 1715 5221 ergo
1735 5160 1817 5205 est
1839 5152 1890 5204 in
1921 5166 2059 5220 prte-

486 5242 627 5295 senti
659 5240 1086 5311 dispensatione.
1119 5258 1225 5296 non
1256 5242 1460 5311 aliquid
1490 5243 1708 5312 quidem
1750 5258 1813 5295 ex
1845 5242 1913 5297 iis
1938 5258 2060 5311 qua:

488 5331 654 5385 Deum
690 5331 883 5386 decent
916 5347 1178 5401 apparere
1208 5334 1262 5386 in
1312 5333 1378 5387 iis
1413 5348 1534 5402 quae
1571 5332 1714 5387 facta
1750 5341 1913 5388 sunt:
1960 5333 2060 5385 ali-

486 5425 617 5496 quid
658 5434 833 5478 autem
879 5441 987 5479 non
1030 5424 1236 5479 adesse.
1276 5423 1409 5477 Nam
1461 5434 1520 5477 ut
1555 5426 1724 5478 semel
1757 5425 2057 5487 absolvam,

487 5516 693 5569 nullum
750 5530 846 5585 per
900 5531 957 5569 se
1005 5530 1071 5569 ex
1125 5515 1209 5567 his
1249 5514 1577 5568 sublimibus
1629 5515 1943 5568 nominibus
1992 5515 2061 5568 ab

494 5609 609 5663 aliis
635 5608 993 5677 disjunctum,
1024 5606 1299 5676 sigillatim
1329 5614 1413 5660 est
1447 5606 1639 5661 virtus.
1658 5605 1843 5676 Neque
1859 5607 2059 5660 bonum

490 5715 615 5753 vere
632 5708 714 5753 est
740 5701 964 5763 bonum,
987 5699 1131 5769 quod
1154 5714 1260 5753 non
1288 5707 1370 5753 est
1387 5698 1580 5752 ordine
1592 5700 1915 5752 collocatum
1934 5714 2059 5753 curn

487 5791 722 5857 iustitia,
760 5791 1027 5861 sapientia
1054 5799 1105 5846 et
1129 5791 1386 5861 potentia.
1420 5790 1575 5857 Quod
1607 5790 1752 5846 cnim
1795 5798 1877 5846 est
1920 5790 2062 5860 inju-

2163 4606 2317 4675 ἄλλη,
2348 4604 2381 4675 ἢ
2405 4604 2465 4656 τὸ
2493 4604 2589 4666 τὰς
2619 4604 2860 4667 εὐσεϐεῖς
2888 4605 3015 4673 περὶ¹
3041 4603 3134 4657 τοῦ
3163 4602 3297 4655 Θεοῦ
3325 4602 3621 4673 ὑπολήψεις
3644 4603 3734 4654 ἐπὶ

2163 4695 2471 4765 κεφαλαίων
2503 4694 2789 4761 διεξελθεῖν
2810 4713 2823 4759 ;

2758 4787 3010 4839 ΚΕΦΔΛ.
3049 4784 3135 4837 ις’.

2235 4875 2443 4929 Οὐκοῦν
2470 4876 2807 4946 ὁμολογεῖται
2842 4875 2991 4945 παρὰ
3025 4876 3181 4937 πᾶσι,
3216 4875 3289 4944 μὴ
3320 4874 3478 4944 μόνον
3511 4874 3736 4928 δυνατὸν

2162 4964 2300 5021 εἶναι
2325 4968 2434 5020 δεῖν
2464 4967 2739 5020 πιστεύειν
2764 4968 2825 5020 τὸ
2858 4966 3031 5032 Θεῖον,
3064 4967 3199 5019 ἀλλὰ
3239 4968 3330 5018 καὶ
3374 4966 3598 5027 δίκαιον,
3642 4965 3737 5017 καὶ

2163 5060 2385 5128 ἀγαθὸν,
2416 5060 2508 5111 καὶ
2535 5058 2716 5127 σοφὸν,
2752 5059 2845 5111 καὶ
2870 5060 2975 5111 πᾶν
3008 5058 3036 5110 ὃ
3058 5075 3109 5110 τι
3144 5058 3279 5129 πρὸς
3321 5057 3381 5109 τὸ
3427 5060 3670 5127 κρεῖττον
3700 5058 3737 5125 ἡ

2161 5151 2368 5204 διάνοια
2412 5150 2587 5220 φέρει.
2634 5147 2946 5201 Ἀκόλουθον
2978 5148 3153 5199 τοίνυν
3200 5147 3289 5198 ἐπὶ
3327 5147 3423 5214 τῆς
3453 5147 3732 5215 παρούσης

2162 5245 2489 5314 οἰκονομίας,
2527 5243 2601 5314 μὴ
2629 5244 2688 5295 τὸ
2716 5242 2813 5313 μέν
2840 5259 2892 5294 τι
2930 5240 3206 5311 βούλεσθαι
3229 5241 3334 5291 τῶν
3358 5239 3435 5308 τῷ
3463 5238 3581 5308 Θεῷ
3603 5255 3733 5308 πρε-

2163 5338 2370 5388 πόντων
2411 5334 2791 5403 ἐπιφαίνεσθαι
2838 5337 2945 5395 τοῖς
2992 5332 3412 5402 γεγενημένοις.
3470 5330 3530 5383 τὸ
3569 5331 3624 5382 δέ
3660 5331 3737 5400 μὴ

2164 5429 2437 5497 παρεῖναι.
2476 5426 2717 5478 Καθόλου
2747 5427 2854 5495 γὰρ
2876 5425 3023 5478 οὐδὲν
3050 5426 3133 5492 ἐφ’
3164 5424 3356 5475 ἑαυτοῦ
3386 5423 3493 5476 τῶν
3516 5422 3735 5494 ὑψηλῶν

2161 5518 2363 5570 τούτων
2410 5517 2688 5586 ὀνομάτων
2739 5516 3117 5585 διεζευγμένον
3158 5516 3264 5568 τῶν
3311 5515 3514 5577 ἄλλων,
3567 5515 3736 5585 ἀρετὴ

2163 5610 2474 5678 καταμόνας
2545 5610 2710 5662 ἐστίν,
2783 5608 2919 5661 Οὔτε
2970 5608 3029 5660 τὸ
3079 5609 3277 5676 ἀγαθὸν
3330 5607 3543 5678 ἀληθῶς
3591 5609 3735 5659 ἐστιν

2163 5700 2385 5768 ἀγαθὸν,
2426 5700 2498 5771 μὴ
2548 5703 2685 5769 μετὰ
2715 5700 2807 5752 τοῦ
2840 5700 3046 5753 δικαίου
3080 5717 3135 5752 τε
3167 5700 3261 5753 καὶ
3294 5701 3457 5767 σοφοῦ
3501 5699 3594 5753 καὶ
3638 5695 3733 5750 τοῦ

2164 5792 2386 5847 δυνατοῦ
2436 5794 2799 5864 τεταγμένον
2852 5794 2910 5845 τὸ
2966 5792 3073 5863 γὰρ
3112 5792 3311 5856 ἄδικον,
3356 5792 3394 5862 ἢ
3436 5793 3652 5861 ἄσοφον,
3700 5787 3741 5854 ἦ
