4066 6374
344 365 415 423 57
1568 374 1830 431 ORATIO
1860 376 2372 438 CATECHETICA.
3543 383 3611 439 58

344 486 639 554 ἀῖὑνατον,
684 485 885 556 ἀγαθὸν
929 489 1027 542 οὐκ
1073 488 1239 544 ἔστιν.
1294 488 1432 544 Οὔτε
1471 493 1504 561 ἡ
1550 492 1796 562 δύναμις,
1826 492 1920 546 τοῦ

2038 504 2195 559 stum,
2223 497 2487 567 insipiens
2508 504 2562 551 et
2590 496 2885 566 impotens.
2917 511 3025 551 non
3052 505 3139 553 est
3159 497 3385 555 bonum.
3419 500 3611 571 Neque

345 579 551 633 δικαίου
582 596 643 631 τε
675 579 769 632 καὶ
802 580 964 649 σοφοῦ
1000 583 1477 653 κεχωρισμένη,ὲν
1500 584 1667 655 ἀρετῇ
1698 584 1921 657 θεωρεῖ-

343 688 466 723 ται·
514 671 779 741 θηριῶδες
807 675 914 745 γάρ
953 677 1068 727 ἐστι
1100 675 1160 727 τὸ
1198 676 1437 729 τοιοῦτον
1484 680 1576 731 καὶ
1601 678 1921 748 τυραννικὸν

342 762 437 832 τῆς
475 756 757 832 δυνάμεως
796 761 949 829 εἶδος.
992 766 1264 829 Ὡσαύτως
1308 767 1364 820 δὲ
1407 768 1502 821 καὶ
1543 768 1612 821 τὰ
1657 770 1841 833 λοιπὰ,
1873 771 1923 823 εἰ

341 854 446 919 ἔξω
475 853 571 907 τοῦ
601 856 810 908 δικαίου
840 857 901 909 τὸ
943 857 1105 926 σοφὸν
1136 858 1374 928 φέροιτο,
1407 860 1439 930 ἢ
1477 861 1536 912 τὸ
1568 861 1773 913 δίκαιον
1805 878 1819 892 ⁸
1874 864 1922 914 εί

346 953 420 1021 μὴ
455 953 594 1020 μετὰ
623 952 845 1004 δυνατοῦ
875 969 934 1005 τε
967 952 1061 1005 καὶ
1087 953 1291 1020 ἀγαθοῦ
1326 954 1600 1025 θεωροῖτο,
1633 957 1831 1009 κακίαν
1857 956 1921 1009 ἄν

340 1060 422 1105 τις
456 1043 655 1111 μᾶλλον
681 1042 750 1095 τά
772 1044 994 1097 τοιαῦτα
1038 1045 1243 1114 κυρίως
1272 1048 1683 1117 κατονομὰσειε.
1714 1047 1787 1100 Τὸ
1812 1048 1920 1119 γὰρ

344 1134 559 1197 ἐλλιπὲς
592 1134 684 1187 τοῦ
732 1136 1055 1206 κρείττονος,
1092 1137 1209 1200 πῶς
1251 1139 1316 1192 ἄν
1349 1156 1432 1201 τις
1471 1142 1529 1191 ὲν
1555 1140 1778 1209 ἀγαθοῖς
1806 1143 1925 1212 ἀριο

345 1225 634 1293 θμήσειενς
684 1225 745 1276 Ei
786 1224 842 1276 δὲ
873 1226 1047 1278 πάντα
1080 1227 1346 1296 προσήκει
1372 1228 1694 1298 συνδραμεῖν
1724 1231 1781 1281 ὲν
1807 1233 1926 1293 ταῖς

344 1318 471 1384 περὶ
501 1316 638 1368 Θεοῦ
670 1316 869 1381 δόξαις,
918 1318 1279 1387 σκοπήσωμεν
1307 1319 1355 1370 εἰ
1393 1320 1425 1389 ἡ
1470 1320 1610 1372 κατᾶ
1642 1319 1927 1391 ἄνθρωπον

344 1408 439 1459 τοῦ
482 1408 621 1460 Θεοῦ
647 1407 925 1477 οἰκονομία
950 1408 1192 1461 λείπεταί
1225 1427 1274 1462 τι
1306 1410 1413 1462 τῶν
1446 1410 1763 1481 θεοπρεπῶν
1794 1413 1928 1465 ὑπο-

346 1499 580 1571 λήψεων.
614 1499 890 1570 Ζητοῦμεν
936 1500 1152 1563 πάντως
1195 1501 1287 1553 ἐπὶ
1336 1501 1431 1555 τοῦ
1470 1502 1605 1555 Θεοῦ
1652 1503 1753 1573 τῆς
1793 1506 1929 1572 ἀγαο

348 1592 573 1662 θότητος
601 1598 671 1645 τὰ
714 1594 931 1660 σημεῖα,
972 1592 1081 1645 Καὶ
1126 1592 1209 1654 τίς
1234 1591 1301 1645 ἂν
1330 1593 1538 1660 γένοιτο
1575 1596 1929 1665 φανερωτέρα

345 1684 437 1737 τοῦ
468 1683 678 1752 ἀγαθοῦ
714 1684 1006 1755 μαρτυρία,
1036 1685 1069 1755 ἢ
1100 1683 1161 1736 τὸ
1191 1685 1619 1756 μταποιηθῆναι
1648 1687 1809 1741 αὑτὸν
1834 1687 1930 1740 τοῦ

347 1774 484 1843 πρὸς
531 1774 594 1827 τὸ
632 1775 871 1827 ἐναντίον
920 1773 1417 1843 αὐτομολήσαντος,
1467 1775 1601 1845 μηδὲ
1650 1776 1929 1830 συνδιατε-

348 1836 506 1935 θηναι
565 1866 646 1935 τῷ
691 1836 1077 1936 εὐμεταόλήτω
1132 1836 1230 1929 vi};
1275 1836 1622 1936 ἀνθρωπίνης
1674 1870 1931 1938 προαιρέ-
1963 1836 2004 1891 Β

351 1972 487 2019 σεως
538 1956 640 2026 τὴν
691 1956 897 2023 παγίαν
938 1959 993 2008 ὲν
1045 1956 1123 2025 τῷ
1163 1955 1353 2026 ἀγαθῷ
1407 1958 1501 2010 καὶ
1558 1958 1932 2029 ἀμετάϐλητον

349 2048 543 2113 (pacm;
590 2049 664 2100 υὺ
696 2049 805 2119 γὰρ
849 2047 915 2101 ἂν
942 2044 1105 2117 ἦλθεν
1139 2051 1219 2111 είς
1247 2048 1308 2101 τὸ
1340 2048 1510 2101 σῶσαι
1546 2051 1717 2118 ἡμᾶς,
1750 2049 1933 2114 καθώς

350 2153 515 2207 φησιν
537 2137 568 2189 ὁ
593 2136 770 2194 Δαὸὶδ,
799 2137 872 2207 μὴ
908 2136 1240 2207 ἁγαθότητος
1268 2137 1366 2207 τὴν
1398 2138 1652 2209 τοιαύτην
1680 2138 1933 2208 πρόθεσιν

351 2228 709 2298 ἐμποιούσης.
769 2229 905 2281 Ἀλλ’
950 2228 1099 2281 οὐδὲν
1142 2228 1207 2282 ἂν
1259 2228 1435 2298 ὢνησε
1482 2229 1543 2281 τὸ
1589 2230 1793 2297 ἀγαθὸν
1835 2232 1935 2301 τῆς

352 2319 700 2391 προθέσεως,
752 2318 826 2390 μὴ
872 2320 1061 2388 σοφίας
1107 2320 1329 2389 ἐνεργὸν
1375 2319 1473 2390 τὴν
1525 2319 1934 2391 φιλανθρωπίαν

352 2412 636 2483 ποιούσης.
680 2414 788 2465 Καὶ
816 2411 924 2482 γὰρ
954 2413 1045 2463 ἐπὶ
1085 2412 1191 2464 τῶν
1222 2410 1520 2482 ἀρρώστως
1556 2412 1930 2481 διακειμένων,

353 2504 539 2557 πολλοὶ
572 2505 669 2574 μὲν
692 2505 821 2567 ἴσως
847 2505 894 2556 οἱ
923 2502 1233 2573 βουλόμενοι
1269 2504 1341 2573 μὴ
1374 2505 1431 2555 ἐν
1463 2504 1653 2565 κακοῖς
1682 2498 1819 2555 εἶναι
1846 2503 1935 2556 τὸν

357 2595 638 2665 κείμενον·
691 2595 837 2665 μόνοι
861 2594 916 2646 δὲ
941 2595 1039 2665 τὴν
1072 2592 1281 2663 ἀγαθὴν
1315 2592 1453 2663 ὑπὲρ
1482 2593 1589 2645 τῶν
1620 2593 1936 2661 καμνόντων

354 2686 675 2757 προαίρεσιν
717 2689 795 2749 εἰς
836 2687 1011 2757 πέρας
1040 2685 1282 2753 ἄγουσιν,
1322 2681 1402 2748 οἷς
1439 2687 1659 2756 τεχνικὴ
1702 2701 1785 2747 τις
1841 2685 1934 2737 δύο

354 2796 521 2849 ναμις
549 2782 800 2847 συνεργεῖ
824 2779 961 2849 πρὸς
978 2778 1078 2847 τὴν
1104 2778 1197 2831 τοῦ
1224 2778 1520 2847 κάμνοντος
1538 2779 1700 2831 ἴασιν.
1729 2776 1936 2830 Οὐκοῦν

354 2871 451 2941 τὴν
501 2869 695 2938 σοφίαν
727 2870 808 2923 δεῖ
857 2869 1209 2939 συνεζεῦχθαι
1244 2873 1460 2932 παντως
1502 2871 1569 2938 τῇ
1615 2868 1933 2937 ἀγαθότητι.

358 2965 481 3027 Πῶς
511 2963 694 3015 τοίνυν
727 2964 783 3015 ὲν
821 2964 931 3026 τοῖς
960 2962 1344 3031 γεγενημένοις
1369 2961 1430 3014 τὸ
1462 2960 1622 3029 σοφὸν
1647 2960 1723 3030 τῷ
1749 2960 1938 3029 ἀγαθῷ

358 3053 774 3123 συνθεωρεῖται;
803 3053 925 3105 Ὅτι
953 3052 1012 3104 οὐ
1044 3051 1248 3122 γυμνὸν
1269 3050 1330 3104 τὸ
1359 3050 1499 3104 κατά
1526 3050 1780 3120 πρόθεσιν
1803 3051 1937 3116 ἀγα-

355 3146 447 3199 θὸν
489 3147 643 3199 ἔστιν
688 3145 834 3198 ἰδεῖν.
884 3145 1006 3207 Πῶς
1037 3144 1145 3214 γὰρ
1176 3142 1242 3196 ἂν
1274 3143 1469 3210 φανείη
1508 3142 1540 3211 ἠ
1576 3140 1832 3212 πρόθεσις
1864 3141 1937 3209 μὴ
1966 3184 2007 3241 C

355 3237 443 3291 διὰ
470 3237 584 3289 τῶν
612 3237 909 3307 γινομένων
941 3235 1347 3305 φανερουμένης
1385 3235 1426 3285 Τ
1430 3235 1464 3286 ὰ
1487 3234 1543 3285 δὲ
1581 3232 1941 3301 πεπραγμένα

358 3328 538 3400 είρμῷ
558 3346 661 3382 τινι
689 3329 780 3380 καὶ
806 3328 956 3393 τάξει
981 3327 1047 3379 δι’
1076 3325 1365 3379 ἀκολούθου
1393 3324 1666 3395 προϊόντα,
1688 3324 1748 3375 τὸ
1780 3322 1940 3389 σοφόν

356 3438 418 3473 τε
439 3421 539 3474 xal.
558 3419 803 3490 τεχνικὸν
824 3418 921 3487 τῆς
938 3418 1245 3487 οἰκονομίας
1272 3415 1366 3469 τοῦ
1396 3414 1529 3468 Θεοῦ
1551 3414 1909 3467 διαδείκνυσιν
1925 3453 1937 3465 .

371 3514 528 3567 Ἐπεὶ
555 3513 635 3577 δὲ,
667 3511 848 3573 καθὼς
879 3513 934 3564 ὲν
960 3514 1072 3572 τοῖς
1092 3509 1359 3578 φθάσασιν
1380 3509 1611 3577 εἴρηται,
1632 3507 1847 3567 πάντως
1864 3504 1939 3575 τῷ

359 3604 555 3671 δικαίῳ
588 3603 650 3656 τὸ
693 3603 855 3671 σοφὸν
905 3600 1329 3669 συνεζευγμένον
1361 3597 1529 3669 ἁρετὴ
1558 3598 1839 3665 γίγνεται·
1890 3597 1938 3648 εί

359 3696 416 3749 δὲ
446 3695 763 3768 χωρισθείη,
812 3696 885 3765 μὴ
937 3696 1004 3748 ἂν
1050 3695 1135 3761 ἐφ’
1176 3691 1368 3745 ἑαυτοῦ
1415 3690 1696 3759 καταμένῃ
1735 3686 1937 3755 ἀγαθὸν

362 3783 503 3840 εἶναι
526 3804 539 3818 ·
601 3787 779 3851 καλῶς
828 3787 893 3840 ἂν
924 3786 1035 3856 ἔχοι
1080 3785 1174 3838 καὶ
1217 3783 1310 3836 ἐπὶ
1340 3782 1433 3836 τοῦ
1474 3782 1634 3850 λόγου
1668 3780 1767 3849 τῆς
1798 3779 1939 3832 κατά

361 3879 647 3950 ἄνθρωπον
695 3878 1022 3948 οἰκονομίας,
1066 3878 1137 3930 τὰ
1175 3876 1268 3929 δύο
1321 3876 1439 3945 μετ’
1488 3872 1732 3943 ἀλλήλων
1766 3887 1935 3924 κατα-

361 3969 577 4039 νοῆσαι,
611 3970 673 4022 τὸ
700 3970 863 4039 σοφόν
891 3986 1033 4039 φημι
1062 3969 1156 4021 καὶ
1183 3966 1244 4019 τὸ
1275 3967 1503 4019 δίκαιον.

2024 588 2271 655 potentia
2312 603 2434 657 qua:
2468 596 2553 642 est
2588 596 2839 657 separata
2890 601 2922 640 ε
2962 588 3178 656 justitia
3212 600 3268 644 et
3317 593 3607 662 sapientia,

2024 676 2406 730 consideratur
2432 675 2486 729 in
2514 676 2750 743 virtute;
2790 684 2875 731 est
2904 677 3049 730 enim
3086 678 3387 734 belluinum
3431 690 3485 736 et
3527 690 3610 753 ty-

2025 768 2309 822 rannicum
2334 768 2603 837 ejusmodi
2630 782 2802 837 genus
2831 768 3103 837 potentiae.
3143 767 3404 825 Similiter
3421 780 3607 826 autem

2024 864 2079 912 et
2110 858 2340 927 reliqua,
2369 873 2563 927 nempe
2597 858 2642 912 si
2675 872 2703 909 a
2730 857 2942 926 justitia
2978 868 3186 913 remota
3222 859 3483 915 aﬂ‘eratur
3516 879 3608 917 sa-

2025 948 2266 1017 pientia:
2322 956 2416 1001 aut
2458 950 2504 1001 si
2542 948 2758 1016 justitia
2785 950 3165 1004 consideretur
3196 967 3306 1005 non
3360 968 3482 1006 cum
3512 970 3612 1023 po-

2027 1041 2195 1094 tentia
2239 1049 2293 1095 et
2332 1042 2595 1107 bonitate,
2651 1056 2717 1095 ea
2768 1042 2937 1111 magis
2971 1044 3161 1097 vitium
3212 1046 3429 1114 proprie
3478 1056 3609 1101 sunt

2028 1133 2377 1186 nominanda.
2418 1131 2552 1185 Nam
2584 1133 2670 1187 cui
2697 1133 2852 1188 deest
2891 1135 2941 1187 id
2974 1135 3121 1204 quod
3163 1137 3378 1197 melius.
3418 1154 3611 1206 quem-

2027 1221 2319 1274 admodum
2388 1221 2444 1275 in
2504 1222 2664 1276 bonis
2723 1224 3137 1279 numeraveris?
3174 1226 3229 1279 Si
3287 1226 3460 1296 igitur
3494 1229 3611 1282 haec

2028 1311 2212 1364 omnia
2248 1321 2462 1381 oportet
2504 1328 2835 1369 concurrere
2874 1316 2929 1368 in
2965 1315 3031 1370 iis
3073 1331 3194 1385 qua:
3226 1317 3292 1371 de
3323 1316 3433 1373 Deo
3478 1328 3609 1374 sunt

2029 1404 2404 1472 Opinionibus,
2458 1406 2871 1461 consideremus
2914 1423 2983 1461 an
3033 1408 3085 1461 in
3140 1412 3379 1478 suscepti
3422 1426 3451 1464 a
3502 1411 3612 1465 Deo

2030 1494 2268 1549 hominis
2289 1496 2721 1565 dispensatione,
2754 1496 2906 1553 deest
2946 1500 3128 1568 aliqua
3161 1516 3229 1555 ex
3275 1501 3341 1555 iis
3371 1516 3490 1569 quae
3525 1504 3613 1572 pie

2030 1586 2097 1640 de
2134 1585 2243 1641 Deo
2284 1588 2483 1643 animis
2534 1589 2775 1644 insident
2813 1590 3336 1647 existimationibus.
3388 1592 3462 1647 ln.
3504 1594 3613 1648 Deo

2031 1678 2256 1732 omnino
2282 1679 2579 1746 quaerimus
2607 1680 2764 1750 signa
2794 1680 3071 1736 bonitatis.
3111 1681 3176 1735 Et
3209 1683 3485 1752 quodnam
3518 1685 3615 1737 ho‘

2032 1769 2222 1825 nitatis
2255 1772 2497 1839 apertius
2524 1773 2687 1826 fuerit
2719 1772 3115 1839 testimonium,
3148 1788 3311 1844 quam
3341 1791 3465 1829 eum
3506 1776 3610 1830 sibi

2032 1864 2365 1929 vindicasse,
2405 1873 2459 1919 et
2486 1864 2607 1934 ejus
2624 1880 2809 1920 curam
2838 1868 3097 1935 gessisse,
3130 1868 3223 1937 qui
3251 1868 3527 1923 defecerat
3548 1868 3613 1921 ad

2032 1957 2396 2018 contrarium,
2430 1956 2749 2028 ﬁrmamque
2782 1973 2844 2013 ac
2871 1960 3117 2013 stabilem
3146 1968 3200 2014 et
3244 1960 3299 2014 in
3333 1960 3476 2015 bono
3512 1961 3614 2015 im-

2033 2048 2347 2102 mutabilem
2375 2060 2649 2113 naturam,
2685 2065 2792 2103 non
2824 2051 2987 2104 simul
3022 2050 3193 2105 fuisse
3216 2050 3462 2106 aﬂ'eelam
3488 2068 3612 2106 cum

2034 2141 2281 2195 mutabili
2319 2141 2491 2195 libero
2521 2141 2759 2196 hominis
2793 2142 3059 2195 arbitrio?
3087 2141 3204 2197 Non
3252 2144 3399 2197 enim
3433 2144 3615 2197 venis-

2034 2240 2118 2285 set
2145 2230 2213 2285 ad
2260 2247 2359 2286 nos
2388 2233 2705 2293 servandos,
2765 2240 2824 2286 ut
2862 2232 2993 2287 dicit
3022 2231 3211 2295 David,
3246 2234 3353 2289 nisi
3398 2234 3617 2288 bonitas

2036 2321 2137 2375 hoc
2165 2321 2213 2375 ei
2248 2320 2567 2377 immisisset
2614 2323 2975 2391 propositum.
3014 2320 3117 2376 Sed
3157 2324 3289 2377 nihil
3321 2322 3617 2393 profuisset

2038 2412 2253 2467 bonitas
2289 2414 2576 2482 propositi,
2610 2416 2654 2469 si
2686 2431 2791 2467 non
2836 2415 3108 2469 effecisset
3154 2417 3442 2484 sapientia.
3472 2424 3531 2469 ut
3562 2419 3617 2470 in

2036 2520 2175 2573 opus
2216 2505 2393 2558 exiret
2428 2504 2760 2574 benignitas,
2792 2513 2846 2559 et
2878 2506 2932 2559 in
2978 2506 3230 2562 homines
3260 2507 3519 2562 charitas.
3558 2505 3618 2559 In

2037 2596 2104 2651 iis
2133 2598 2278 2651 enim
2327 2595 2421 2663 qui
2454 2596 2595 2649 male
2624 2611 2681 2650 se
2716 2596 2934 2661 habent,
2970 2596 3205 2652 fortasse
3235 2598 3454 2666 quidem
3491 2605 3619 2651 sunt

2038 2688 2192 2741 multi
2224 2688 2315 2756 qui
2345 2687 2543 2741 vellent
2576 2688 2628 2740 in
2654 2688 2813 2742 malis
2837 2704 2943 2741 non
2976 2704 3100 2743 esse
3124 2689 3362 2757 eumqui
3397 2688 3621 2742 decum-

2037 2778 2148 2832 bit:
2187 2778 2222 2831 ii
2254 2787 2435 2831 autem
2470 2778 2569 2830 soli
2606 2778 2671 2831 ad
2706 2778 2865 2832 finem
2901 2778 3180 2833 deducunt
3219 2779 3417 2833 bonam
3463 2794 3617 2833 suam

2041 2884 2138 2938 pro
2168 2869 2542 2925 laborantibus
2572 2871 2929 2932 voluntatem,
2960 2870 3160 2939 quibus
3185 2884 3341 2939 opem
3385 2868 3485 2923 fert
3528 2883 3620 2921 ar-

2040 2960 2267 3014 tiﬁciosa
2331 2960 2408 3015 vis
2462 2959 2710 3029 quaedam
2768 2971 2819 3015 et
2870 2961 3113 3030 potentia
3172 2960 3237 3014 ad
3293 2960 3620 3013 medendum

2037 3060 2263 3120 aegroto.
2294 3048 2522 3120 Oportet
2565 3066 2694 3119 ergo
2724 3051 3045 3119 sapientiam
3084 3053 3311 3105 omnino
3341 3067 3462 3105 esse
3490 3066 3624 3105 con-

2039 3143 2283 3210 junctam
2323 3158 2444 3195 cum
2496 3142 2755 3195 bonitate.
2789 3141 3076 3207 Quomodo
3113 3157 3245 3212 ergo
3294 3143 3346 3196 in
3391 3143 3456 3196 iis
3502 3157 3625 3212 qute

2046 3233 2186 3286 facta
2214 3239 2343 3288 sunt
2372 3234 2756 3286 consideratur
2786 3234 3054 3303 sapientia
3094 3234 3257 3288 simul
3301 3251 3423 3289 cum
3463 3235 3625 3288 boni-

2044 3325 2191 3377 tate?
2233 3322 2501 3388 Quoniam
2544 3324 2667 3378 licet
2712 3339 2939 3378 cernere
2977 3341 3085 3378 non
3129 3326 3305 3381 solum
3334 3337 3385 3380 et
3416 3327 3625 3379 nudum

2044 3414 2245 3467 bonum
2276 3416 2328 3466 in
2360 3414 2658 3483 proposito.
2684 3412 2971 3479 Quomodo
2999 3415 3143 3468 enim
3179 3423 3467 3485 appareret
3500 3431 3626 3484 pro-

2042 3506 2301 3575 positum,
2359 3506 2403 3559 si
2442 3520 2550 3557 non
2602 3504 2827 3559 evidens
2869 3513 3014 3559 esset
3066 3519 3161 3573 per
3192 3520 3253 3557 ea
3288 3520 3410 3575 quae
3457 3504 3627 3558 fiant?

2042 3596 2173 3662 Quae
2200 3605 2377 3650 autem
2409 3596 2553 3649 facta
2584 3603 2710 3651 sunt
2740 3597 2973 3665 quadam
3007 3598 3147 3651 serie
3177 3606 3229 3650 et
3276 3596 3468 3649 ordine
3499 3612 3627 3664 pro-

2046 3688 2294 3742 cedentia
2327 3702 2422 3755 per
2454 3686 2503 3739 id
2537 3687 2681 3755 quod
2716 3696 2800 3740 est
2825 3700 3168 3755 consequens
3211 3686 3507 3739 ostendunt
3536 3701 3627 3739 sa-

2045 3781 2305 3850 pientiam
2338 3790 2391 3833 et
2417 3779 2708 3832 artificium
2757 3777 2848 3831 Dei
2877 3778 3343 3847 dispensationis:
3375 3777 3627 3847 quando-

2043 3874 2285 3943 quidem,
2337 3872 2478 3926 sicut
2524 3870 2675 3940 prius
2709 3869 2968 3934 diximus,
3020 3870 3285 3939 sapientia
3334 3869 3629 3938 conjuncta

2042 3979 2165 4016 eum
2192 3962 2406 4032 justitia
2439 3961 2664 4015 omnino
2700 3960 2759 4013 fit
2790 3960 2987 4016 virtus.
3013 3960 3169 4026 Quod
3197 3961 3241 4014 si
3276 3975 3522 4014 seorsum
3558 3960 3631 4012 si.

364 4066 564 4132 posita,
597 4079 769 4131 perse
803 4062 1049 4132 sejuncta
1091 4076 1199 4115 non
1250 4059 1413 4113 fuerit
1445 4056 1680 4111 bonitas.
1730 4056 1897 4112 Recte
1936 4071 2065 4123 ergo
2111 4056 2272 4109 fuerit
2311 4054 2365 4107 in
2430 4055 2641 4107 ratione
2709 4052 2948 4122 suscepti
2985 4052 3224 4106 hominis
3262 4051 3629 4121 dispensatio-

366 4159 472 4219 nis,
506 4158 616 4210 duo
650 4158 811 4211 sintut
842 4159 984 4210 inter
1010 4171 1071 4210 se
1093 4157 1322 4210 invicem
1352 4153 1723 4219 considerare,
1774 4151 2118 4221 sapientiam,
2163 4151 2409 4220 inquam,
2440 4159 2494 4203 et
2523 4148 2811 4217 justitiam.

958 4274 1207 4326 ΚΕΦΛΛ.
1252 4275 1379 4325 KA'.

434 4368 535 4431 Τίς
579 4365 673 4423 οὖν
717 4371 751 4440 ἡ
800 4368 1140 4438 δικαιοσύνη;
1187 4366 1527 4436 Μεμνήμεθα
1576 4364 1796 4425 πάντως
1840 4359 1948 4413 τῶν

365 4458 509 4511 κατὰ
538 4458 598 4511 τὸ
634 4458 921 4512 ἀκόλουθον
952 4460 1007 4509 ἐν
1046 4460 1157 4519 τοῖς
1204 4456 1439 4526 πρώτοις
1474 4453 1567 4507 τοῦ
1607 4453 1767 4520 λόγου
1797 4453 1949 4521 εἰρη-

371 4550 568 4620 μένων,
596 4553 678 4604 ὅτι
710 4552 930 4622 μίμημα
954 4550 1049 4620 τῆς
1071 4549 1219 4611 θείας
1239 4548 1452 4618 φύσεως
1478 4544 1885 4613 κατεσκευάσθη
1918 4544 1946 4596 ὁ

369 4641 670 4713 ἄνθρωπος,
701 4646 813 4705 τοῖς
842 4660 900 4694 τε
936 4642 1141 4701 λοιποῖς
1168 4640 1276 4694 τῶν
1309 4637 1549 4705 ἀγαθῶν,
1584 4634 1779 4704 καὶτῷ
1810 4635 1947 4687 αὑτ-

370 4736 594 4804 εξουσίῳ
625 4737 725 4806 τῆς
765 4734 1160 4805 προαιρέσεως,
1196 4731 1293 4802 τὴν
1324 4731 1458 4801 πρὸς
1484 4729 1545 4781 τὸ
1570 4729 1722 4781 Θεῖον
1750 4726 1944 4780 διασώ-

352 4826 477 4890 ζων
505 4827 783 4895 ὁμοίωσιν.
821 4827 1070 4895 Τρεπτῆς
1100 4824 1157 4876 δὲ
1186 4822 1398 4890 φύσεως
1422 4819 1496 4873 ὢν
1524 4820 1640 4873 κατ’
1664 4819 1908 4887 ἀνάγκην
1930 4832 1943 4845 °

370 4918 430 4968 οὐ
461 4917 568 4986 γὰρ
600 4916 871 4986 ἐνεδέχετο
912 4916 1002 4967 τὸν
1036 4916 1094 4981 ἐξ
1143 4913 1478 4976 ἀλλοιώσεως
1519 4912 1616 4982 τὴν
1649 4910 1822 4979 ἀρχὴν
1851 4907 1945 4960 τοῦ

372 5003 510 5060 εἷναι
544 5008 755 5077 ἔχοντα,
803 5008 876 5077 μὴ
918 5006 1147 5075 τρεπτὸν
1190 5002 1328 5059 εἶναι
1360 5004 1596 5066 πάντως.
1641 5003 1706 5055 Ἠ
1742 5000 1851 5072 γὰρ
1885 5001 1949 5052 ἐκ

372 5098 464 5150 τοῦ
497 5097 570 5169 μὴ
595 5099 745 5161 ὖντος
771 5100 848 5161 εἰς
877 5099 936 5150 τὸ
958 5093 1095 5150 εἶναι
1118 5098 1367 5168 πάροδος,
1394 5094 1675 5156 ἀλλοίωσίς
1702 5094 1783 5156 τίς
1810 5097 1945 5155 ἐστι,

372 5189 469 5259 τῆς
498 5190 835 5261 ἀνυπαρξίας
863 5191 1003 5243 κατὰ
1034 5190 1181 5242 θείαν
1215 5188 1441 5259 δύναμιν
1470 5190 1549 5250 εἰς
1574 5187 1761 5239 ουσίαν
1812 5186 1946 5255 μεθ-

377 5281 687 5351 ισταμένης.
728 5282 836 5334 Καὶ
880 5281 1052 5343 ἄλλως
1080 5281 1135 5333 δὲ
1174 5284 1273 5350 τῆς
1316 5280 1522 5351 τροπῆς
1551 5277 1861 5346 ἀναγκαίως
1891 5280 1949 5329 ἐν

375 5370 450 5439 τῷ
480 5371 749 5443 ἀνθρώπῳ
781 5373 1175 5443 θεωρουμένης,
1200 5372 1384 5441 ἐπειδὴ
1421 5372 1645 5442 μίμημα
1672 5371 1771 5439 τῆς
1800 5369 1947 5431 θείας

379 5463 587 5529 φύσεως
619 5467 647 5516 ό
678 5465 960 5534 ἄνθρωπος
986 5462 1069 5535 ἦν.
1108 5465 1179 5516 Τὸ
1216 5464 1271 5517 δὲ
1305 5463 1653 5533 μιμούμενον,
1687 5464 1733 5514 εἰ
1776 5462 1848 5531 μὴ
1893 5464 1949 5513 ἐν

380 5562 654 5632 ἑτερότητι
681 5558 830 5628 τύχοι
858 5560 981 5623 τινὶ,
1014 5558 1206 5611 ταύτὸν
1238 5556 1303 5610 ἂν
1335 5557 1417 5626 εἴη
1446 5555 1658 5617 πάντως
1688 5554 1880 5623 ἐκείνῳ
1905 5546 1948 5619 ᾧ

382 5653 749 5721 ἁφωμοίωται.
800 5650 886 5702 Ἐν
931 5649 1103 5720 τούτῳ
1148 5649 1325 5702 τοίνυν
1368 5648 1465 5717 τῆς
1506 5646 1819 5715 ἑτερότητος
1854 5643 1946 5696 τοῦ

452 5829 476 5862 ³
496 5832 635 5886 l’sal.
661 5848 747 5897 cr,
790 5832 872 5885 ιο.

2636 4263 2863 4319 CAPUT
2905 4262 3046 4317 XXI.

2118 4358 2377 4424 Qmenam
2430 4372 2560 4427 ergo
2607 4366 2692 4409 est
2740 4354 2991 4423 justitia?
3041 4352 3390 4407 Meminimus
3438 4368 3631 4406 eorum

2048 4465 2171 4520 qua:
2202 4465 2269 4503 ex
2318 4448 2675 4518 consequenti
2722 4447 2868 4499 dicta
2904 4452 3033 4500 sunt
3072 4446 3126 4497 in
3163 4443 3433 4513 principio
3468 4444 3633 4514 hujus

2054 4543 2203 4607 libri,
2235 4542 2380 4610 quod
2414 4540 2479 4593 ad
2512 4540 2709 4594 divina:
2739 4546 2947 4591 natura:
2977 4535 3335 4589 imitationem
3369 4536 3532 4589 homo
3562 4536 3634 4590 sit

1982 4672 2023 4727 Β
2053 4634 2331 4693 conditus,
2369 4640 2484 4685 tum
2517 4632 2674 4686 bonis
2706 4630 2953 4698 reliquis,
2989 4635 3101 4679 tum
3139 4627 3303 4679 etiam
3340 4626 3511 4680 libero
3541 4642 3634 4679 ar-

2055 4725 2237 4789 bitrio,
2284 4723 2377 4777 Dei
2422 4736 2755 4775 conservans
2803 4717 3241 4773 similitudinem.
3276 4717 3411 4771 Cum
3451 4729 3633 4770 autem

2054 4818 2369 4871 necessario
2431 4821 2577 4869 esset
2626 4811 2904 4865 mutabilis
2953 4819 3200 4873 natum;
3261 4825 3440 4877 neque
3485 4810 3633 4862 enim

2057 4910 2171 4963 fieri
2202 4917 2433 4977 poterat,
2482 4914 2541 4959 ut
2567 4905 2660 4974 qui
2700 4904 2768 4957 ab
2798 4901 3124 4956 alteratione
3160 4899 3487 4969 principium
3536 4898 3633 4951 ha-

2056 5002 2269 5062 buerat,
2306 5013 2415 5051 non
2469 5005 2614 5051 esset
2663 4996 2887 5050 omnino
2936 4993 3235 5047 mutabilis.
3268 4992 3348 5044 Ab
3378 5006 3444 5043 eo
3485 4990 3630 5042 enim

2053 5090 2198 5161 quod
2228 5106 2333 5143 non
2358 5099 2442 5142 est
2470 5102 2797 5157 progressus
2824 5086 2889 5139 ad
2923 5085 3241 5147 essentiam,
3270 5091 3353 5136 est
3380 5080 3629 5151 quamam

2053 5182 2323 5243 alteratio,
2344 5196 2467 5234 cum
2490 5196 2611 5248 quae
2629 5194 2734 5232 non
2762 5176 3201 5234 est'substantia,
3220 5175 3419 5227 virtute
3450 5173 3631 5225 divina

2053 5281 2293 5330 transeat
2311 5276 2362 5326 in
2387 5270 2848 5336 essentiam.Quin
2864 5270 3022 5323 etiam
3049 5283 3170 5321 eum
3186 5266 3425 5334 alioquin
3449 5279 3636 5318 neces-

2052 5368 2197 5422 sario
2215 5368 2267 5419 in
2292 5366 2509 5419 homine
2528 5363 2903 5419 consideretur
2925 5361 3171 5421 qutatio,
3195 5357 3451 5426 quoniam
3470 5357 3635 5410 homo

2054 5458 2364 5512 imitabatur
2383 5466 2634 5511 naturam
2659 5456 2895 5509 divinam
2922 5468 2935 5504 :
2975 5451 3118 5522 quod
3155 5462 3333 5503 autem
3364 5448 3635 5512 imitatur,

2057 5552 2159 5605 nisi
2178 5550 2228 5602 in
2243 5550 2421 5618 aliqua
2435 5558 2580 5603 esset
2593 5541 3315 5602 diversitate.essetomnino
3332 5538 3471 5593 idem
3485 5540 3633 5607 quod

2056 5643 2185 5698 illud
2203 5642 2289 5697 cui
2307 5650 2391 5698 est
2414 5643 2795 5698 assimilatum.
2810 5639 2945 5695 Cum
2964 5651 3092 5708 ergo
3113 5635 3232 5705 ejus
3255 5632 3398 5703 quod
3429 5632 3637 5686 factum
