4066 6374
421 347 489 402 39
1650 349 1707 403 S.
1760 348 2088 405 GREGORII
2128 348 2424 405 NYSSENI
3609 347 3708 404 60-

421 470 598 520 Iuerat
626 466 690 520 ad
712 465 1024 536 imaginem,
1054 464 1110 518 in
1135 464 1236 519 hoc
1269 476 1413 520 esset
1430 465 1723 524 diversitas
1736 471 1805 525 ab
1819 486 1985 525 exem-

2104 473 2225 525 κατ’
2253 470 2438 523 είκόνα
2482 468 2771 538 γενομένου
2800 469 2935 539 πρὸς
2977 469 3036 522 rb
3076 467 3380 538 ἀρχέτυπον
3403 463 3590 534 οὔσης,
3621 467 3679 517 ἐν

420 563 579 628 piari,
599 559 741 628 quod
762 558 861 611 hoc
873 557 1091 626 quidem
1112 564 1258 612 esset
1275 570 1468 612 natura
1492 562 1849 627 immutabile,
1870 564 2001 618 illud

418 666 550 705 vero
586 666 694 704 non
732 651 811 705 sic
832 666 892 704 se
923 649 1165 711 haberet,
1196 650 1291 705 sed
1315 652 1638 707 consisteret
1660 655 1878 723 quidem
1907 672 2001 724 per

419 742 821 799 alteratiouem,
857 748 918 793 ut
941 739 1054 809 jam
1088 740 1327 795 diximus
1356 759 1370 807 ;
1406 745 1629 797 omnino
1658 754 1838 799 autem
1870 747 2002 800 alte-

420 841 655 891 raretur,
683 839 968 901 propterea
995 832 1141 901 quod
1171 833 1511 899 imitaretur;
1540 836 1790 889 alteratio
1813 846 1997 893 autem

417 931 502 975 est
531 922 750 989 quidam
786 931 988 985 motus,
1036 923 1105 977 ab
1130 938 1196 978 eo
1230 924 1283 978 in
1312 942 1421 993 quo
1452 936 1534 980 est
1564 944 1777 998 semper
1808 945 1997 999 proce-

417 1016 552 1068 dens
584 1015 649 1068 ad
685 1016 952 1081 alterum;
988 1017 1097 1070 duo
1126 1024 1254 1071 sunt
1284 1034 1481 1085 genera
1514 1019 1785 1086 ejusmodi
1822 1033 2001 1075 muta-

419 1108 622 1160 tionis:
667 1121 833 1159 unum
869 1106 1090 1175 quidem
1142 1108 1285 1176 quod
1338 1124 1553 1179 semper
1589 1111 1646 1163 lit
1678 1113 1742 1164 ad
1772 1113 1996 1177 bonum,

418 1199 617 1267 inquo
668 1207 870 1253 statum
926 1215 1033 1252 non
1086 1200 1247 1254 habet
1298 1216 1643 1270 progressus,
1710 1214 1996 1275 propterea

417 1290 561 1354 quod
609 1304 709 1342 nec
737 1290 1222 1358 comprehenditur
1258 1291 1479 1359 quidem
1531 1294 1653 1349 linis
1696 1297 1817 1365 ejus
1851 1299 1996 1367 quod

417 1381 649 1445 transit;
682 1381 913 1434 alterum
951 1390 1132 1436 autem
1180 1384 1246 1436 ad
1279 1386 1640 1450 contrarium,
1674 1389 1833 1458 cujus
1866 1391 1998 1444 sub-

417 1473 617 1525 stantia
652 1473 817 1527 estin
851 1473 953 1526 hoc
995 1474 1143 1543 quod
1183 1490 1291 1528 non
1325 1478 1613 1532 consiSIat.
1646 1477 1777 1533 Boni
1826 1482 1993 1547 enim,

416 1564 559 1615 sicut
608 1564 760 1632 prius
807 1564 1014 1618 dictum
1058 1574 1163 1631 est,
1218 1575 1272 1620 et
1303 1569 1563 1621 contrarii
1615 1573 1993 1640 repugnantia.

417 1659 580 1707 talem
615 1664 757 1709 inter
789 1672 847 1711 se
895 1656 1056 1711 habet
1088 1657 1520 1724 distinctionem,
1570 1669 1629 1713 ut
1664 1662 1898 1717 dicimus
1943 1662 1994 1718 id

414 1747 561 1815 quod
595 1755 700 1809 est,
753 1747 823 1801 ab
853 1763 919 1802 eo
945 1748 1091 1818 quod
1127 1765 1232 1803 non
1268 1758 1352 1804 est
1403 1759 1660 1820 tanquam
1707 1752 1993 1807 adversum

2103 562 2180 633 τῷ
2202 562 2264 615 rb
2294 564 2390 633 μὲν
2436 563 2702 630 ἄτρεπτον
2748 558 2884 614 εἶναι
2914 563 2978 631 τῇ
3024 560 3201 629 φύσει,
3232 560 3291 612 rb
3319 558 3376 611 δὲ
3406 559 3480 628 μὴ
3506 556 3678 619 οὕτως

2101 653 2266 723 ἔχειν,
2305 652 2440 705 ἀλλά
2485 653 2553 705 δι’
2583 652 2918 714 ἀλλοιώσεως
2953 653 3049 721 μὲν
3082 652 3379 721 ὑποστῆναι
3416 648 3559 703 κατὰ
3585 648 3679 703 τὸν

2100 740 2430 794 ἀποδοθέντα
2474 741 2629 807 λόγον
2660 759 2675 771 ο
2733 740 3108 811 ἀλλοιούμενον
3146 740 3202 792 δὲ
3249 740 3483 800 πάντως.
3514 741 3571 791 ἐν
3596 736 3679 806 τῷ

2102 828 2240 886 εἶναι
2270 833 2512 902 μίμημα,
2545 835 2578 902 ή
2606 832 2661 885 δὲ
2699 832 2981 895 ἀλλοίωσις
3027 832 3241 903 κίνησίς
3276 833 3422 883 ἐστιν
3452 832 3531 893 είς
3560 831 3677 883 ἐτε-

2104 942 2193 995 ρον
2222 924 2329 976 ἀπὸ
2356 923 2449 976 τοῦ
2480 925 2536 975 ἐν
2567 917 2611 991 ᾧ
2643 926 2789 976 ἐστιν
2833 923 3007 977 εἰσαεὶ⁸
3050 922 3312 994 προϊοῦσα
3341 939 3354 951 ’
3400 921 3493 974 δύο
3529 921 3677 987 λέγει

2098 1017 2195 1085 τῆς
2220 1015 2471 1085 τοιαύτης
2501 1016 2614 1085 εἴδη
2657 1016 2955 1085 κινήσεως’
2998 1015 3058 1066 τὸ
3094 1015 3192 1084 μὲν
3217 1014 3355 1083 πρὸς
3380 1014 3442 1066 τὸ
3475 1013 3676 1081 ἀγαθὸν

2099 1107 2186 1160 ἀεὶ
2219 1108 2557 1177 γιγνόμενον,
2594 1109 2651 1160 ἐν
2677 1101 2721 1175 ᾧ
2763 1107 2987 1177 πρόοδος
3018 1107 3204 1159 στάσιν
3229 1108 3328 1159 οὐκ
3373 1105 3505 1175 ἔχει,
3540 1105 3675 1157 διότι

2099 1198 2273 1268 πέρας
2318 1198 2438 1249 οὐδὲ
2466 1196 2560 1249 τοῦ
2593 1196 3023 1265 διεξοδευομένου
3058 1195 3553 1264 καταλαμϐάνεται.
3600 1195 3676 1247 Τὸ

2096 1288 2152 1341 δὲ
2181 1288 2315 1358 πρὸς
2339 1288 2401 1340 τὸ
2432 1289 2693 1353 ἐναντίον,
2727 1284 2787 1342 οῦ
2820 1289 3113 1349 ὑπόστασις
3144 1290 3200 1339 ἐν
3228 1287 3306 1356 τῷ
3334 1287 3407 1357 μὴ
3442 1288 3678 1355 ὑφεστᾶ-

2098 1381 2185 1433 ναί
2224 1384 2389 1435 ἐστιν.
2436 1382 2499 1433 Ἠ
2542 1382 2651 1453 γὰρ
2699 1380 2793 1433 τοῦ
2840 1380 3046 1449 ἀγαθοῦ
3095 1380 3447 1445 ἐναντίωσις,
3494 1378 3676 1441 καθὼς

2097 1471 2404 1543 ἔμπροσθεν
2432 1475 2665 1544 εἴρηται,
2691 1472 2930 1525 τοιοῦτόν
2960 1489 3079 1525 τινα
3106 1471 3227 1525 νοῦν
3258 1471 3397 1525 κατά
3426 1472 3523 1543 τὴν
3554 1472 3673 1525 δια-

2099 1565 2292 1636 στολὴν
2319 1566 2453 1636 ἐχει,
2484 1566 2736 1635 καθάπερ
2780 1566 2958 1636 φαμὲν
2983 1564 3061 1636 τῷ
3092 1565 3165 1633 μὴ
3191 1566 3302 1618 ὄντι
3344 1565 3404 1617 τὸ
3428 1564 3490 1617 ὂν
3527 1564 3676 1616 ἀντι-

2095 1656 2437 1726 διαιρείσθαι.
2468 1657 2561 1709 καὶ
2589 1659 2655 1727 τῇ
2687 1656 2995 1726 ἀνυπαρξία
3020 1656 3116 1726 τὴν
3149 1655 3401 1726 ὓπαρξιν.
3457 1655 3675 1725 Ἐπειδὴ

2096 1749 2273 1801 τοίνυν
2307 1749 2451 1802 κατὰ
2483 1750 2581 1818 τὴν
2605 1748 2845 1818 τρεπτὴν
2872 1765 2933 1799 τε
2965 1748 3058 1800 καὶ
3086 1747 3381 1815 ἀλλοιωτὴν
3406 1748 3583 1817 ὁρμήν
3613 1763 3675 1797 τε

414 1837 699 1907 distingui,
745 1848 800 1893 et
851 1839 1214 1894 substantiam
1262 1856 1291 1894 a
1333 1857 1441 1895 non
1487 1843 1811 1897 substantia.
1845 1848 1985 1910 Quo-

2099 1844 2193 1895 καὶ
2234 1842 2484 1912 κίνησιν,
2528 1843 2627 1894 οὐκ
2676 1842 2953 1911 ἐνδέχεται
2988 1842 3088 1911 τὴν
3136 1842 3297 1909 φύσιν
3337 1842 3429 1909 ἀφ’
3477 1841 3677 1910 ἑαυτῆς

415 1932 563 1984 niam
594 1948 724 2001 ergo
756 1934 871 1987 fieri
905 1949 1010 1986 non
1046 1942 1243 2003 potest,
1279 1943 1340 1987 ut
1368 1936 1511 2005 quod
1544 1937 1737 1990 attinet
1769 1938 1836 1991 ad
1872 1953 1995 1991 mu-

414 2023 636 2076 tabilem
664 2032 717 2077 et
744 2024 1078 2078 alterabilem
1113 2026 1489 2081 incitationem
1516 2038 1569 2082 et
1595 2039 1822 2092 motum,
1855 2030 1908 2083 in
1934 2045 1995 2085 se

414 2126 611 2168 natura
651 2126 869 2169 maneat
916 2118 1251 2184 immobilis;
1306 2119 1398 2173 sed
1432 2120 1498 2173 ad
1529 2120 1731 2190 aliquid
1765 2122 1991 2176 omnino

415 2206 647 2261 liberum
680 2208 922 2277 procedit
961 2210 1269 2275 arbitrium,
1319 2213 1448 2267 boni
1470 2213 1746 2268 desiderio
1770 2222 1995 2268 natura-

413 2298 537 2353 liter
584 2300 759 2369 ipsum
814 2302 1063 2355 trahente
1110 2302 1177 2355 ad
1235 2312 1459 2358 motum.
1519 2303 1725 2359 Bonum
1783 2316 1986 2371 autem,

412 2390 558 2444 aliud
589 2392 807 2461 quidem
845 2410 969 2447 vere
1005 2401 1088 2447 est
1120 2395 1323 2448 bonum
1361 2396 1659 2450 secundum
1692 2406 1945 2451 naturam
1972 2417 1988 2465 ;

411 2482 558 2535 aliud
589 2491 767 2536 autem
820 2499 927 2538 non
983 2484 1280 2552 ejusmodi,
1339 2486 1432 2539 sed
1482 2485 1643 2540 habet
1699 2487 1990 2555 quamdam

412 2574 540 2626 boni
573 2574 841 2628 visionem
881 2590 944 2628 ac
977 2575 1236 2644 speciem.
1271 2574 1469 2629 Eorum
1500 2584 1681 2630 autem
1711 2578 1876 2645 judex
1908 2586 1992 2631 est

408 2667 767 2736 intelligentia
804 2668 943 2721 intra
998 2682 1100 2721 uos
1135 2667 1421 2721 collocata.
1452 2666 1567 2732 Qua
1606 2669 1659 2721 in
1694 2684 1751 2721 re
1796 2684 1985 2723 versa-

411 2774 535 2810 mur
568 2758 618 2810 in
652 2760 917 2827 periculo,
958 2759 1040 2813 vel
1071 2759 1394 2828 assequendi
1420 2759 1540 2828 ejus
1570 2760 1715 2830 quod
1747 2776 1872 2815 vere
1905 2770 1989 2816 est

410 2847 613 2901 bonum
644 2867 657 2911 ;
714 2860 827 2912 aut,
883 2851 929 2904 si
967 2851 1125 2905 abeo
1158 2850 1562 2911 diverterimus,
1623 2866 1719 2919 per
1752 2852 1988 2921 aliquam

407 2942 697 3015 ejusquod
733 2951 958 3013 apparet
1005 2944 1405 3013 deceptionem,
1436 2944 1710 2999 dilabeudi
1740 2946 1806 2998 ad
1856 2961 1991 2999 con-

409 3032 677 3085 trarium:
709 3034 1019 3099 cujusmodi
1047 3035 1325 3104 quidpiam
1356 3035 1624 3090 accidisse
1660 3043 1847 3090 narrat
1893 3053 1992 3091 ex-

2102 1934 2282 2003 μένειν
2331 1935 2604 2005 ἀκίνητον,
2642 1934 2755 1986 ἀλλ’
2801 1933 2893 1986 ἐπί
2938 1951 2991 1986 τι
3038 1935 3316 2004 πάντωςή
3359 1933 3676 2005 προαίρεσις

2099 2026 2260 2088 ἵεται,
2292 2025 2392 2095 τῆς
2444 2025 2581 2095 πρὸς
2628 2024 2690 2077 rb
2723 2024 2887 2077 καλὸν
2919 2025 3212 2095 ἐπιθυμίας
3247 2025 3416 2095 αὐτὴν
3452 2024 3680 2091 ἐφελκο-

2103 2120 2268 2188 μὲνης
2294 2116 2536 2186 φυσικῶς
2565 2119 2644 2180 εἰς
2671 2118 2905 2188 κίνησιν.
2942 2117 3119 2169 Καλὸν
3151 2117 3208 2169 δέ
3233 2116 3293 2169 rb
3340 2116 3437 2186 μέν
3467 2133 3519 2168 τι
3544 2116 3676 2185 ἀλη-

2098 2208 2207 2272 θῶς
2253 2209 2393 2261 κατὰ
2442 2210 2541 2278 τὴν
2591 2209 2752 2277 φύσιν
2796 2211 2947 2262 ἐστί·
2995 2209 3056 2261 τὸ
3096 2209 3153 2262 δέ
3179 2210 3239 2262 οὐ
3274 2209 3533 2270 τοιοῦτον,
3562 2209 3677 2261 ἀλλ’

2099 2300 2491 2371 ἐπηνθισμένον
2520 2303 2625 2352 τινὶ
2654 2300 2818 2354 καλοῦ
2848 2301 3135 2372 φαντασία.
3169 2301 3468 2371 Κριτήριον
3486 2300 3542 2352 δὲ
3560 2300 3678 2352 τού-

2096 2410 2205 2444 των
2253 2392 2399 2443 ἐστὶν
2435 2394 2463 2444 6
2509 2390 2632 2453 νοῦς
2673 2391 2883 2444 ἔνδοθεν
2929 2394 3059 2462 ἡμῖν
3112 2392 3475 2462 ἐνιδρυμένος.
3516 2392 3605 2444 Ἐν
3629 2386 3676 2458 ᾧ

2096 2484 2483 2543 κινδυνεύεται,
2532 2484 2566 2553 ἢ
2608 2485 2667 2537 rb
2702 2487 2976 2554 ἐπιτυχεῖν
3006 2484 3100 2537 τοῦ
3141 2484 3293 2547 ὄντος
3332 2482 3521 2545 καλοῦ,
3552 2484 3584 2555 ἢ
3614 2485 3679 2537 rb

2096 2576 2554 2647 παρατραπέντας
2583 2575 2772 2637 αὑτοῦ,
2797 2576 2884 2629 διά
2912 2594 3054 2639 τινος
3092 2578 3192 2644 τῆς
3232 2576 3373 2629 κατά
3404 2575 3465 2628 τὸ
3491 2576 3676 2644 φαινό-

2098 2686 2257 2739 μενον
2303 2668 2518 2736 ἀπάτης
2566 2668 2659 2719 ἐπὶ
2702 2668 2762 2719 rb
2813 2668 3055 2720 ἐναντίον
3105 2669 3252 2738 ἡμᾶς
3293 2667 3671 2736 ἀπορρυῆναιο

2091 2756 2201 2814 οἷόν
2214 2778 2265 2813 τι
2283 2760 2473 2813 παθεῖν
2495 2762 2522 2812 6
2542 2759 2646 2824 ἔξω
2666 2760 2761 2829 μὲν
2783 2758 2948 2828 μῦθός
2962 2775 3143 2827 φησιν.
3159 2760 3237 2811 ἀπ
3254 2756 3355 2828 Ιοδ]
3377 2758 3588 2810 ιδοῦσαν
3616 2760 3676 2811 ἐν

2092 2852 2170 2921 τῷ
2214 2851 2363 2904 ὕδατι
2390 2851 2484 2921 τὴν
2520 2850 2656 2903 κύνα
2691 2850 2827 2920 πρὸς
2868 2851 2966 2921 τὴν
3000 2850 3155 2902 σκιάν
3184 2842 3244 2902 οῦ
3282 2850 3369 2902 διά
3408 2849 3676 2918 στόματος

2096 2942 2256 3014 ἔφερε
2276 2984 2291 3004 ,
2326 2943 2563 3011 μεθεῖναι
2593 2943 2693 3012 μὲν
2716 2941 2811 3012 τὴν
2833 2942 3007 3012 ἀληθῆ
3032 2941 3253 3012 τροφὴν,
3281 2940 3674 3012 περιχανοῦσαν

2095 3037 2151 3089 δέ
2181 3036 2243 3089 rb
2266 3038 2364 3107 τῆς
2393 3036 2600 3106 τροφῆς
2627 3035 2843 3089 εἴδωλον
2864 3037 2920 3089 ἐν
2950 3035 3094 3105 λιμῷ
3119 3034 3391 3104 γενέσθαι.

406 3130 560 3176 terua
630 3123 808 3179 fabula
856 3128 978 3180 caui
1025 3130 1115 3198 qui
1174 3130 1227 3181 iu
1283 3144 1424 3198 aqua
1478 3130 1687 3185 viderat
1736 3133 1984 3187 umbram
2036 3133 2154 3200 ejus
2202 3133 2346 3201 quod
2394 3132 2451 3185 in
2497 3146 2593 3187 ore
2641 3132 2884 3202 gestabat
2924 3147 2940 3184 :
2996 3147 3190 3201 nempe
3246 3146 3437 3189 verum
3486 3130 3668 3186 cibum

405 3213 706 3279 dimisisse,
755 3217 1055 3271 inhiantem
1113 3230 1291 3273 autem
1341 3219 1450 3275 cibi
1505 3221 1800 3278 simulacro
1847 3222 1989 3279 fame
2029 3224 2330 3278 laborasse.

981 3309 1213 3365 CAPUT
1259 3311 1426 3366 XXII.

478 3396 771 3468 Postquam
805 3415 937 3471 ergo
988 3402 1108 3470 ejus
1137 3404 1278 3472 quod
1304 3412 1390 3459 est
1431 3420 1556 3460 vere
1604 3406 1807 3461 bonum
1839 3408 1986 3463 desi-

406 3490 559 3544 derio
596 3507 749 3546 mens
782 3492 1054 3557 fraudata,
1086 3494 1154 3547 ad
1199 3497 1249 3548 id
1284 3497 1429 3564 quod
1466 3513 1573 3551 non
1604 3509 1710 3561 est,
1752 3500 1853 3554 fuit
1891 3502 1987 3557 de-

405 3583 533 3644 lata,
568 3582 759 3637 fraude
792 3586 1125 3640 consultoris
1152 3594 1204 3641 et
1232 3587 1534 3643 inventoris
1567 3591 1682 3644 vitii
1719 3607 1986 3661 persuasa

404 3688 528 3727 esse
578 3673 783 3734 bonum
826 3675 877 3729 id
927 3676 1070 3745 quod
1105 3677 1246 3731 bono
1288 3688 1374 3733 est
1407 3682 1743 3735 contrarium
1778 3700 1989 3753 :ueque

404 3766 550 3820 enim
577 3766 736 3822 dolus
771 3766 962 3823 fuisset
992 3770 1207 3834 elIicax,
1250 3773 1355 3827 nisi
1388 3772 1505 3827 vitii
1541 3774 1705 3829 hamo
1731 3791 1872 3831 esca:
1905 3777 1989 3829 in-

405 3867 524 3911 star
558 3857 691 3911 illita
725 3857 919 3913 luisset
957 3861 1083 3914 boni
1109 3862 1354 3931 species:
1388 3879 1513 3917 cum
1543 3880 1672 3934 ergo
1700 3865 1861 3920 homo
1892 3882 1988 3921 vo-

406 3947 645 4002 luntarie
675 3950 726 4002 in
762 3948 902 4003 hanc
933 3950 1215 4006 incidisset
1246 3953 1639 4018 calamitatem,
1676 3955 1767 4024 qui
1799 3970 1860 4009 se
1891 3971 1988 4024 per

404 4038 739 4090 voluntatem
774 4041 897 4093 vita:
927 4040 1149 4094 inimico
1199 4042 1583 4109 subjunxerat,
1642 4060 1826 4113 quzere
1852 4046 1982 4098 mihi

406 4129 567 4182 simul
607 4131 789 4183 omnia
820 4148 941 4200 quae
987 4134 1325 4187 conveniunt
1372 4134 1440 4190 iis
1470 4151 1592 4205 qua:
1626 4136 1693 4191 de
1723 4136 1832 4191 Deo
1860 4153 1985 4193 sen-

406 4221 632 4282 tiuntur,
680 4222 998 4286 bonitatem,
1052 4224 1396 4293 sapientiam,
1451 4227 1741 4295 justitiam,
1794 4238 1985 4299 poten-

402 4310 557 4372 tiam,
596 4314 1085 4381 incorruptionem,
1112 4325 1167 4370 et
1196 4318 1241 4371 si
1272 4318 1399 4387 quid
1433 4326 1519 4372 est
1550 4320 1793 4375 melioris
1816 4321 1984 4391 signi-

404 4404 696 4458 ﬁcationis.
749 4403 1032 4474 Tanquam
1070 4408 1247 4463 bonus
1290 4424 1442 4478 ergo,
1484 4418 1737 4464 movetur
1768 4412 1982 4466 miseri-

400 4495 590 4548 cordia
642 4495 763 4563 ejus
815 4498 905 4565 qui
954 4498 1263 4553 ceciderat:
1319 4508 1375 4555 et
1428 4508 1688 4569 tanquam
1738 4505 1979 4571 sapiens,

404 4600 513 4638 non
550 4585 764 4655 ignorat
795 4587 1016 4640 modum
1050 4590 1433 4644 revocationis.
1466 4588 1761 4659 Sapientia:
1799 4604 1978 4646 autem

2685 3316 2937 3369 ΚΕΦΛΛ.
2980 3315 3111 3367 ΚΒ’.

2175 3405 2328 3460 Ἐπεὶ
2376 3404 2469 3461 οῦν
2506 3408 2605 3475 τῆς
2640 3407 2777 3477 πρὸς
2820 3406 2881 3458 τὸ
2911 3405 3081 3468 ὅντως
3132 3403 3334 3472 ἀγαθὸν
3378 3403 3673 3473 ἐπιθυμίας

2091 3499 2432 3568 διαψευσθεὶς
2469 3500 2498 3550 ὁ
2543 3498 2688 3560 νοῦς,
2738 3498 2877 3567 πρὸς
2929 3497 2990 3549 rb
3036 3496 3109 3567 μὴ
3140 3496 3199 3549 ὃν
3234 3496 3571 3567 παρηνέχθη,
3603 3495 3671 3548 δι’

2091 3589 2304 3658 ἀπάτης
2332 3588 2440 3641 τοῦ
2489 3589 2588 3657 τῆς
2632 3588 2831 3650 κακίας
2860 3587 3161 3657 συμϐούλου
3186 3604 3245 3639 τε
3290 3587 3383 3639 καὶ
3425 3584 3668 3653 εὑρετοῦ,

2090 3680 2251 3733 καλὸν
2279 3680 2625 3742 ἀναπεισθεὶς
2649 3676 2786 3734 εἶναι
2809 3681 2869 3732 rb
2891 3678 2968 3750 τῷ
2998 3678 3145 3749 καλῷ
3170 3679 3431 3733 ἐναντίον.
3468 3679 3542 3730 Οὐ
3563 3680 3672 3747 γὰρ

2091 3771 2156 3823 ἂν
2190 3772 2489 3842 ἐνήργησεν
2530 3774 2563 3839 ἡ
2612 3772 2816 3843 ἀπάτη,
2854 3771 2927 3842 μὴ
2976 3770 3225 3833 δελέατος
3268 3770 3424 3841 δίκην
3469 3769 3547 3840 τῷ
3573 3770 3671 3838 τῆς

2091 3863 2287 3925 κακίας
2339 3862 2620 3933 ἀγκίστρῳ
2666 3864 2763 3932 τῆς
2807 3862 2902 3915 τοῦ
2954 3862 3120 3915 καλοῦ
3169 3861 3470 3931 φαντασίας
3515 3876 3673 3932 περιρ

2090 3954 2443 4026 πλασθείσης.
2483 3956 2571 4007 Ἐν
2600 3955 2775 4027 ταύτῃ
2798 3956 2977 4007 τοίνυν
3006 3956 3289 4023 γεγονότος
3320 3953 3581 4015 ἑκουσίως
3602 3955 3669 4021 τῇ

2091 4045 2344 4114 συμφορᾷ
2367 4045 2460 4097 τοῦ
2490 4044 2777 4113 ἀνθρώπου
2829 4045 3018 4097 ἐαυτὸν
3061 4045 3128 4096 δι’
3162 4044 3355 4113 ἡδονῆς
3386 4042 3460 4112 τῷ
3493 4042 3671 4113 ἐχθρῷ

2088 4139 2188 4205 τῆς
2224 4134 2371 4204 ζωῆς
2409 4135 2825 4200 ὑποζεύξαντος,
2860 4137 3038 4187 πάντα
3082 4152 3170 4205 μοι
3221 4134 3363 4187 κατὰ
3388 4134 3477 4187 τὸν
3510 4131 3670 4186 αὑτὸν

2102 4225 2357 4294 ἀναζήτει
2403 4225 2471 4277 τὰ
2515 4229 2632 4288 ταῖς
2675 4225 2847 4288 θείαις
2901 4225 3200 4295 ύπολήψεσι
3248 4226 3558 4295 πρέποντα,
3609 4224 3672 4276 rb

2086 4316 2309 4384 ἀγαθὸν,
2344 4318 2434 4369 καὶ
2459 4316 2687 4381 δίκαιον,
2715 4317 2809 4370 καὶ
2833 4317 3076 4378 δυνατὸν,
3104 4316 3165 4368 rb
3201 4316 3477 4386 ἄφθαρτον
3503 4315 3595 4369 καὶ
3620 4314 3673 4366 εἴ

2086 4426 2137 4460 τι
2172 4408 2273 4477 τῆς
2306 4409 2609 4479 κρείττονος
2644 4409 2919 4478 σημασίας
2950 4410 3114 4461 ἐστίν.
3152 4408 3362 4460 Οὐκοῦν
3411 4408 3486 4470 ὡς
3526 4410 3668 4475 ἀγα-

2085 4500 2174 4562 θὸς
2202 4496 2380 4552 οἶκτον
2408 4500 2672 4569 λαμϐάνει
2698 4499 2789 4552 τοῦ
2819 4500 3258 4563 διαπεπτωκότος
3278 4542 3293 4558 ,
3359 4502 3452 4553 καὶ
3477 4501 3551 4562 ὼς
3583 4518 3671 4551 σο·

2086 4591 2182 4658 φὺς
2206 4592 2304 4643 οὐκ
2336 4592 2520 4658 ἀγνοεῖ
2546 4591 2659 4644 ,τὸν
2686 4591 2885 4661 τρόπον
2918 4592 3018 4661 τῆς
3060 4592 3430 4662 ἀνακλήσεως.
3469 4593 3669 4661 Σοφίας

398 4683 505 4734 est,
554 4677 715 4727 etiam
762 4675 884 4743 ejus
913 4677 1059 4746 quod
1098 4678 1307 4746 justum
1339 4687 1444 4741 est,
1472 4679 1761 4747 judicium.
1813 4681 1983 4735 Nemo

2092 4683 2130 4734 δ’
2160 4681 2225 4735 ἂν
2259 4682 2365 4751 εἴη,
2415 4683 2510 4734 καὶ⁷
2556 4685 2589 4752 ἡ
2637 4682 2731 4735 τοῦ
2774 4683 2982 4735 δικαίου
3013 4683 3214 4754 κρίσις.
3262 4685 3334 4736 Ού
3363 4685 3469 4754 γάρ
3496 4684 3559 4736 ἄν
3584 4701 3668 4747 τις

398 4763 544 4816 enim
596 4764 925 4832 insipientia:
955 4781 1137 4819 veram
1175 4770 1427 4822 tribuerit
1470 4770 1768 4837 justitiam.
1812 4770 1981 4836 Quid-

400 4868 525 4905 nam
553 4867 682 4922 ergo
716 4862 799 4907 est
829 4854 882 4907 in
910 4855 994 4909 his
1038 4857 1294 4923 justum?
1327 4856 1444 4912 Non
1477 4858 1661 4928 aliqua
1697 4862 1982 4929 tyrannica

401 4940 455 4994 in
483 4956 607 4995 eum
661 4944 753 5011 qui
787 4959 889 4998 nos
924 4945 1237 5013 possidebat
1279 4948 1356 5000 uti
1394 4948 1757 5004 auctoritate:
1805 4966 1947 5019 nequ

399 5049 612 5086 summa
652 5036 700 5087 vi
736 5036 995 5103 rapiendo
1044 5037 1113 5090 ab
1143 5053 1207 5091 eo
1240 5040 1331 5108 qui
1382 5040 1722 5095 dominatum
1764 5042 1951 5097 obtine

400 5125 512 5188 hat,
544 5125 856 5194 relinquere
881 5127 1044 5194 justae
1078 5128 1417 5185 defensionis
1446 5132 1684 5202 aliquam
1726 5135 1950 5189 occasio

401 5232 546 5278 nem,
579 5219 627 5269 ei
661 5218 757 5285 qui
793 5233 887 5287 per
918 5220 1249 5289 voluptatem
1282 5223 1556 5279 hominem
1602 5226 1883 5298 redegerat
1919 5230 1973 5283 in

398 5310 740 5364 servitutem.
770 5310 890 5376 Quo
913 5312 1072 5366 modo
1096 5315 1240 5367 enim
1269 5316 1361 5385 qui
1394 5318 1623 5384 pecunia
1651 5334 1805 5373 suam
1839 5336 1964 5375 ven-

396 5400 653 5454 diderunt
685 5402 1014 5463 libertatem,
1070 5403 1204 5458 ﬁunt
1244 5408 1387 5460 servi
1416 5416 1745 5477 emptorum,
1794 5419 1852 5463 ut
1882 5413 1977 5480 qui

397 5491 613 5559 seipsos
659 5492 1038 5559 vendiderint;
1094 5505 1147 5550 et
1190 5513 1288 5551 nec
1331 5498 1465 5566 ipsis
1498 5515 1597 5553 nec
1629 5500 1723 5553 ulli
1754 5501 1843 5555 alii
1875 5518 1974 5571 pro

394 5582 479 5635 eis
506 5583 629 5636 licet
660 5584 994 5651 proclamare
1023 5585 1086 5639 ad
1121 5587 1447 5651 libertatem,
1500 5591 1716 5645 etiamsi
1754 5592 1971 5671 ingenui

394 5681 451 5726 et
484 5673 711 5728 honesto
746 5677 865 5729 loco
896 5678 1004 5730 uati
1037 5688 1221 5733 essent
1261 5679 1351 5749 qui
1385 5696 1481 5733 sua
1514 5694 1711 5747 stonte
1738 5684 1802 5737 ad
1830 5685 1972 5739 hanc

396 5764 733 5819 devenerunt
792 5768 1208 5826 calamitatem:
1255 5772 1300 5826 si
1355 5772 1479 5841 quis
1582 5784 1719 5829 rtem
1777 5786 1965 5829 curati

2085 4773 2364 4844 ἀφροσύνῃ
2390 4775 2489 4841 τὴν
2515 4772 2686 4843 ἀληθῆ
2715 4773 3059 4843 δικαιοσύνην
3090 4774 3439 4844 προσάψειεν.
3478 4776 3543 4827 Τί
3575 4771 3667 4829 οὖν

2086 4864 2143 4914 ἐν
2185 4863 2396 4925 τούτοις
2428 4864 2486 4916 τὸ
2514 4864 2751 4929 δίκαιον;
2802 4866 2874 4917 Τὸ
2923 4864 2999 4935 μὴ
3047 4869 3342 4937 τυραννικῇ
3387 4883 3493 4918 τινι
3534 4869 3667 4937 χρή⁴

2086 4956 2282 5007 σασθαι
2314 4957 2455 5007 κατά
2498 4954 2590 5007 τοῦ
2625 4957 2941 5025 κατέχοντος
2982 4959 3129 5026 ἡμᾶς
3178 4959 3433 5029 αὑθεντίᾳ
3462 4974 3477 4988 ·
3528 4960 3664 5029 μηδὲ

2085 5046 2160 5113 τῷ
2201 5047 2442 5117 περιόντι
2488 5047 2589 5116 τῆς
2636 5047 2916 5117 δυνάμεως
2963 5049 3356 5103 ἀποσπάσαντα
3400 5051 3492 5103 τοῦ
3525 5068 3662 5119 κρα-

2083 5135 2301 5199 τοῦντος
2350 5136 2668 5189 καταλιπεῖν
2716 5155 2835 5191 τινα
2873 5139 3247 5208 δικαιολογίας
3280 5142 3553 5211 ἀφορμὴν,
3584 5142 3663 5213 τῷ

2081 5228 2146 5280 δι’
2172 5229 2361 5299 ἡδονῆς
2386 5230 2916 5300 καταδουλωσαμένῳ
2942 5231 3034 5283 τὸν
3061 5233 3362 5301 ἄνθρωπον.
3396 5234 3661 5303 Καθάπερ

2083 5322 2192 5391 γὰρ
2225 5324 2274 5373 oi
2303 5323 2603 5392 χρημάτων
2618 5325 2717 5393 τὴν
2742 5324 2948 5377 ἑαυτῶν
2979 5324 3290 5394 ἐλευθερίαν
3319 5326 3658 5395 ἀποδόμενοι,

2080 5411 2251 5463 δοῦλοι
2283 5413 2389 5465 τῶν
2423 5413 2793 5485 ὠνησαμένων
2830 5415 2986 5477 εἰσὶν,
3029 5417 3182 5468 αὐτοὶ
3216 5416 3496 5487 πρατῆρες
3536 5417 3662 5468 ἐαυο

2078 5503 2189 5555 τῶν
2220 5504 2590 5566 καταστάντες
2611 5523 2627 5536 ·
2674 5506 2768 5559 καὶ
2799 5505 2921 5557 οὔτε
2958 5506 3160 5571 αὐτοῖς,
3197 5504 3318 5558 οὕτε
3351 5504 3495 5574 ἄλλῳ
3531 5505 3657 5565 τινὶ,

2078 5594 2220 5663 ὑπὲρ
2253 5594 2481 5646 ἐκείνων
2514 5594 2688 5658 ἔξεστι
2729 5595 2825 5662 τὴν
2878 5596 3190 5664 ἐλευθερίαν
3238 5593 3653 5665 ἐπιϐοήσασθαι,

2078 5684 2181 5736 κᾶν
2209 5684 2528 5754 εὐπάτριδες
2573 5681 2705 5738 ὦσιν
2740 5688 2787 5739 οἱ
2818 5689 2952 5757 πρὸς
2998 5690 3097 5757 τὴν
3144 5686 3427 5756 συμφορὰν
3456 5684 3655 5755 ταύτην

2078 5774 2544 5843 αὐτομολήσαντες
2567 5793 2581 5809 ·
2617 5780 2663 5831 εἰ
2692 5778 2747 5831 δέ
2772 5796 2853 5842 τις
2888 5778 3181 5850 κηδόμενος
3211 5778 3305 5833 τοῦ
3336 5777 3655 5849 ἀπεμπολη·
