4066 6374
384 380 465 435 εδ
1639 391 1698 447 s.
1730 384 2058 445 GREGORII
2097 384 2391 439 NYSSENI
3572 382 3642 435 σι

391 499 625 568 pretium
654 499 1053 572 redemptionis
1087 519 1282 559 eorum
1299 508 1391 577 qui
1432 508 1485 562 in
1514 521 1740 561 carcere
1770 505 1961 559 mortis

2079 501 2417 572 ἰεωρήσαντα
2443 542 2458 566 ,
2507 502 2571 573 ῆν
2617 502 2716 573 ῆδη
2748 501 2835 555 διὰ
2882 501 2977 571 τῆς
3018 500 3288 571 ἁμαρτίας
3331 499 3642 570 κεχείρωτο.

391 597 549 647 erant
583 591 803 645 inclusi.
862 591 965 647 Sed
1004 595 1116 649 tleri
1158 612 1267 650 non
1306 607 1517 667 poterat
1551 606 1608 651 ut
1641 596 1731 651 Dei
1763 596 1963 649 nudam

392 684 661 751 aSpiceret
684 684 943 751 speciem.
972 686 1080 740 nisi
1127 687 1365 756 aliquam
1399 688 1453 742 in
1484 704 1550 743 eo
1572 688 1777 750 carnis,
1800 700 1963 755 quam

390 770 500 840 jam
532 774 659 825 olim
686 774 753 827 ob
783 783 1066 847 peccatum
1092 776 1146 829 in
1178 777 1409 832 vinculis
1455 778 1706 839 habebat,
1752 777 1964 845 portio-

395 878 515 916 nem
550 864 1029 922 animadverteret.
1062 867 1267 921 Idcirco
1286 884 1448 923 carne
1468 870 1725 923 divinitas
1766 869 1963 920 obum-

382 953 546 1011 .brata
583 965 684 1017 est,
718 964 775 1008 ut
804 956 868 1007 ad
901 956 950 1009 id
984 958 1197 1011 intuens
1223 959 1367 1028 quod
1409 974 1594 1013 secum
1636 957 1737 1011 fuit
1766 957 1963 1010 educao

395 1054 508 1097 tum
543 1053 595 1098 et
653 1054 734 1099 est
764 1046 869 1100 sibi
914 1056 1239 1117 cognatum,
1294 1066 1399 1103 non
1435 1057 1727 1104 terreretur
1778 1062 1967 1116 appro-

394 1133 746 1201 pinquatione
819 1138 1137 1190 excellentis
1198 1138 1447 1205 virtutis;
1523 1150 1576 1193 et
1621 1138 1965 1193 considerata

394 1237 516 1288 quae
544 1224 747 1277 sensim
782 1241 876 1294 per
908 1225 1171 1280 miracula
1213 1228 1385 1296 magis
1414 1243 1476 1280 ac
1510 1228 1681 1294 magis
1720 1227 1967 1294 resplen-

394 1313 555 1367 debat
586 1315 846 1381 potentia,
883 1316 1223 1373 existimaret
1255 1317 1306 1369 id
1340 1319 1485 1386 quod
1511 1319 1762 1387 apparuit
1796 1317 1969 1386 magis

395 1418 556 1457 esse:
590 1407 1092 1476 concupiscendum
1150 1424 1313 1478 quam
1383 1410 1747 1464 formidabile.
1805 1408 1968 1464 Vides

397 1496 852 1562 quemadmodum
883 1513 1006 1552 cum
1051 1499 1264 1568 justilia
1288 1501 1584 1568 conjuncta
1616 1503 1687 1555 sit
1722 1502 1968 1565 bonitas,

396 1594 450 1639 et
500 1586 769 1655 sapientia
819 1603 926 1641 non
965 1590 1036 1642 sit
1075 1589 1143 1643 ab
1183 1590 1264 1644 eis
1293 1600 1566 1660 separata.
1614 1590 1769 1657 Quod
1827 1592 1970 1647 enim

389 1693 494 1747 per
520 1677 899 1732 indumentum
927 1681 1175 1748 corporis
1204 1683 1557 1752 excogitavit,
1604 1692 1661 1737 ut
1692 1683 1811 1753 capi
1845 1699 1977 1754 pos-

403 1776 486 1821 set
515 1767 700 1821 divina
728 1769 925 1834 virtus,
952 1787 1021 1825 ne
1050 1788 1148 1841 pro
1181 1773 1341 1827 nobis
1394 1783 1652 1845 suscepta
1682 1776 1972 1845 dispensa-

398 1857 475 1909 tio
501 1858 856 1927 impediretur
898 1869 1046 1913 metu
1095 1861 1472 1926 sublimitatis.
1526 1864 1751 1917 omnino
1805 1866 1968 1919 simul

397 1945 657 2013 oste'ndit,
729 1966 924 2020 nempe
976 1951 1296 2018 bonitatem,
1341 1953 1663 2022 sapientiam
1707 1964 1760 2007 et
1795 1956 1964 2023 justi-

400 2035 553 2088 tiam.
591 2035 836 2091 Voluisse
861 2039 1006 2091 eniut
1039 2039 1171 2094 dare
1202 2041 1456 2104 salutem,
1478 2051 1561 2095 est
1589 2043 1965 2096 testimonium

400 2127 682 2185 bonitatis.
718 2129 871 2196 Quod
914 2139 1093 2186 autem
1130 2140 1387 2201 tanquam
1419 2150 1483 2188 ex
1522 2141 1805 2188 contractu
1841 2134 1971 2189 fecit

2068 594 2165 647 Διὰ
2196 594 2352 648 τοῦτο
2384 595 2848 665 περικεκάλυπται
2873 597 2939 664 τῇ
2969 594 3131 664 σαρκὶ
3170 596 3203 663 ἡ
3233 592 3441 663 θεότης,
3474 592 3549 655 ὡς
3582 592 3648 645 ἂν

2067 684 2205 755 πρὸς
2231 686 2293 738 τὸ
2321 684 2615 759 σύντροφόν
2644 686 2815 738 τεκαὶ
2846 684 3102 752 συγγενὲς
3135 683 3281 754 αὑτῷ
3306 683 3535 753 βλέπων,
3573 686 3647 754 μὴ

2064 776 2326 846 πτοηθείη
2366 777 2457 829 τὸν
2488 775 2891 846 προσεγγισμὸν
2939 777 3039 846 τῆς
3076 775 3449 846 ὑπερεχούσης
3489 775 3647 829 δυνά-

2071 886 2249 940 μεως·
2298 870 2389 922 καὶ
2434 868 2532 939 τὴν
2578 867 2759 938 ἠρέμα
2809 866 2895 920 διὰ
2950 866 3058 919 τῶν
3111 867 3405 935 θαυμάτων
3450 866 3540 917 ἐπὶ
3587 865 3648 917 τὸ

2072 962 2256 1032 μεῖζον
2300 962 2707 1030 διαλάμπουσαν
2757 960 2986 1030 δύναμιν
3034 960 3408 1028 κατανοήσας,
3462 956 3649 1010 ἐπιθυ-

2072 1051 2241 1120 μητὸν
2290 1050 2488 1121 μᾶλλον
2548 1050 2581 1121 ἢ
2638 1050 2865 1121 φοϐερὸν
2916 1048 2977 1101 τὸ
3026 1050 3190 1118 φανὲν
3242 1043 3379 1109 εἶναι
3428 1047 3645 1118 νομίσῃ.

2079 1143 2241 1212 Ὁρᾷς
2273 1143 2424 1205 ὅπως
2466 1142 2527 1194 τὸ
2555 1142 2755 1210 ἀγαθὸν
2788 1140 2864 1211 τῷ
2894 1141 3087 1210 δικαίῳ
3128 1139 3502 1204 συνέζευκται,
3551 1139 3646 1191 καὶ

2066 1231 2128 1282 τὸ
2160 1230 2321 1299 σοφὸν
2360 1231 2561 1284 τούτων
2605 1232 2704 1284 οὑκ
2744 1231 3121 1302 ἀποκέκριται.
3169 1229 3243 1281 Tb
3276 1229 3384 1299 γὰρ
3420 1228 3507 1282 διὰ
3549 1228 3649 1297 τῆς

2069 1320 2161 1373 τοῦ
2200 1319 2448 1390 σώματος
2482 1320 2774 1390 περιϐολῆς
2818 1322 3069 1391 χωρητὴν
3114 1319 3211 1389 τὴν
3242 1318 3393 1371 θείαν
3420 1317 3647 1388 δύναμιν

2071 1412 2353 1481 ἐπινοῆσαι
2399 1412 2668 1480 γενέσθαι,
2703 1410 2778 1475 ὼς
2810 1411 2876 1465 ἂν
2920 1414 2953 1483 ἠ
2989 1412 3128 1482 ὑπὲρ
3170 1411 3326 1482 ἡμῶν
3367 1408 3649 1477 οἰκονομία

2075 1504 2148 1573 μὴ
2177 1503 2606 1573 παραποδισθείη
2636 1502 2714 1573 τῷ
2760 1503 2911 1573 φόϐῳ
2941 1503 3041 1572 τῆς
3075 1502 3283 1573 ὑψηλῆς
3330 1502 3646 1571 ἐμφανείας,

2072 1594 2291 1657 πάντως
2316 1594 2457 1648 κατὰ
2478 1594 2672 1648 ταὺτὸν
2703 1594 2801 1664 τὴν
2828 1593 3100 1659 ἀπόδειξιν
3133 1592 3263 1663 ἔχει,
3296 1591 3390 1645 τοῦ
3420 1590 3646 1659 ἀγαθοῦ,

2071 1685 2163 1739 τοῦ
2194 1686 2378 1756 σοφοῦ,
2406 1687 2499 1739 τοῦ
2527 1686 2756 1741 δικαίου.
2786 1686 2860 1738 Τὸ
2895 1686 2993 1755 μὲν
3016 1686 3125 1757 γὰρ
3146 1684 3426 1737 ὲθέλεσθαι
3458 1683 3648 1746 σῶσαι,

2073 1779 2171 1848 τῆς
2197 1778 2533 1848 ἀγαθότητός
2571 1780 2686 1832 ἐστι
2716 1778 2988 1850 μαρτυρία
3012 1793 3027 1809 ο
3073 1777 3133 1830 τὸ
3175 1777 3231 1830 δὲ
3265 1774 3649 1845 συναλλαγμα-

2079 1868 2237 1939 τικὴν
2267 1868 2594 1939 ποιήσασθαι
2623 1868 2722 1937 τὴν
2753 1867 2848 1920 τοῦ
2876 1867 3243 1938 κρατουμένου
3277 1865 3563 1937 λύτρωσιν,
3591 1864 3651 1916 τὺ

2068 1958 2273 2012 δίκαιον
2295 1959 2560 2012 δείκνυσι·
2604 1959 2665 2012 τὸ
2694 1960 2750 2011 δὲ
2781 1958 3025 2029 χωρητὸν
3051 1957 3117 2010 δι’
3148 1957 3390 2019 ἐπινοίας
3414 1956 3639 2025 ποιῆσαι

2068 2050 2146 2120 τῷ
2178 2049 2357 2120 ἐχθρῷ
2408 2050 2469 2103 τὸ
2510 2049 2815 2121 άχώρητον,
2864 2049 2967 2120 τῆς
3009 2048 3272 2102 ἀνωτάτω
3317 2047 3510 2117 σοφίας
3552 2047 3651 2117 τὴν

2073 2140 2349 2204 ἀπόδειξιν
2377 2140 2510 2210 ἔχει.

398 2220 844 2290 redemptionem,
885 2224 1005 2292 ejus
1051 2226 1141 2293 qui
1186 2227 1470 2280 tenebatur
1512 2227 1790 2282 dominatu
1818 2231 2059 2285 ostendit
2088 2235 2382 2302 justitiam.
2414 2234 2571 2300 Quod
2616 2246 2795 2289 autem
2840 2234 2894 2289 id
2931 2233 3078 2305 quod
3117 2234 3236 2302 capi
3264 2247 3375 2287 nou
3417 2241 3648 2302 poterat,

397 2312 670 2367 subtiliter
710 2315 1024 2384 excogitans
1055 2314 1232 2371 cllecit
1276 2330 1332 2369 ut
1365 2318 1483 2387 capi
1528 2328 1711 2389 posset
1738 2322 1805 2374 ab
1842 2322 2083 2390 inimico,
2109 2325 2161 2380 id
2191 2336 2378 2397 aperte
2408 2342 2675 2382 summam
2707 2328 2882 2396 arguit
2912 2326 3257 2396 sapientiam.

949 2405 1180 2460 CAPUT
1237 2407 1428 2462 XXIV.

476 2493 582 2549 Sed
611 2507 695 2551 est
742 2507 1168 2553 consentaneum
1218 2517 1340 2554 cum
1383 2502 1475 2572 qui
1525 2502 1755 2557 attendit
1781 2518 1970 2558 eorum

403 2602 523 2654 qum
546 2586 689 2639 dicta
718 2586 940 2642 fuerunt
982 2593 1452 2660 consequentiam,
1482 2610 1725 2663 quierere
1750 2596 1969 2649 ubinam

404 2677 459 2731 in
492 2677 557 2732 iis
578 2694 699 2748 quae
719 2679 978 2744 diximus,
1001 2695 1257 2736 cernatur
1289 2690 1526 2753 potentia
1556 2685 1887 2753 Divinitatis,
1918 2696 1975 2742 et

402 2771 495 2823 ubi
548 2770 887 2840 incorruptio
936 2773 1133 2827 divinae
1181 2776 1454 2843 potentiae.
1510 2776 1579 2831 Ut
1637 2778 1802 2848 igitur
1854 2780 1969 2833 haec

400 2878 616 2932 quoque
647 2864 947 2918 reddantur
969 2866 1268 2927 evidentia,
1315 2869 1724 2924 consideremus
1755 2886 1817 2924 ca
1851 2888 1975 2940 qua:

402 2955 662 3027 deinceps
691 2966 997 3027 sequuntur
1036 2975 1101 3013 ex
1132 2962 1413 3031 mysterio,
1434 2961 1487 3014 in
1513 2962 1714 3031 quibus
1740 2964 1972 3019 maxime

402 3049 711 3104 ostenditur
741 3066 865 3105 cum
893 3052 1229 3122 benignitate
1268 3061 1675 3122 contemperata
1708 3056 1966 3122 potentia.

2643 2419 2897 2472 ΚΕΦΑΛ.
2960 2420 3084 2472 ΚΔ’.

2160 2507 2300 2559 Ἀλλ’
2341 2507 2615 2575 ἐπιζητεῖν
2648 2507 2793 2570 είκδς
2827 2508 2916 2561 τὸν
2952 2511 3018 2578 τῇ
3048 2508 3339 2579 ἀκολουθίᾳ⁸
3364 2506 3474 2559 τῶν
3504 2509 3653 2577 είρη-

2082 2599 2256 2669 μένων
2281 2599 2635 2670 προσέχοντα,
2662 2598 2765 2652 ποῦ
2791 2601 2851 2652 τὸ
2874 2600 3096 2654 δυνατὸν
3118 2601 3219 2670 τῆς
3244 2600 3522 2671 Θεότητος,
3548 2599 3651 2651 ποῦ

2078 2693 2111 2762 ή
2146 2690 2420 2762 ἀφθαρσία
2449 2692 2550 2761 τῆς
2591 2691 2738 2754 θείας
2777 2692 3061 2761 δυνάμεως
3104 2695 3306 2756 ἐντοῖς
3344 2692 3651 2763 εἰρημένοις

2080 2785 2288 2855 ὁρᾶται.
2321 2784 2441 2837 ἰνα
2478 2784 2655 2837 τοίνυν
2684 2786 2776 2837 καὶ
2798 2784 2970 2838 ταῦτα
2997 2784 3220 2855 γένηται
3244 2785 3551 2854 καταφανῆ,
3582 2785 3651 2835 τά

2081 2876 2278 2946 ἐφεξῆς
2301 2875 2394 2929 τοῦ
2419 2877 2716 2947 μυστηρίου
2731 2877 3206 2947 διασκοπήσωμεν,
3236 2879 3294 2929 ὲν
3316 2871 3395 2939 οἷς
3420 2876 3651 2944 μάλιστα

2080 2966 2346 3020 δείκνυται
2387 2967 2805 3037 συγκεκραμένη
2835 2968 2901 3035 τῇ
2931 2964 3307 3036 φιλανθρωπίᾳ
3335 2966 3367 3034 ἡ
3402 2963 3648 3033 δύναμις.

2078 3056 2299 3126 Πρῶτον
2334 3057 2431 3127 μὲν
2458 3052 2549 3110 οὖν
2574 3056 2633 3108 τὸ
2662 3058 2762 3127 τὴν
2795 3054 3200 3125 παντοδύναμον
3230 3055 3389 3123 φύσιν
3420 3056 3554 3125 πρὸς
3593 3054 3653 3107 τὸ

401 3140 581 3205 Atque
609 3139 845 3208 primum
892 3142 1135 3210 quidem,
1182 3143 1325 3211 quod
1374 3144 1723 3209 omnipotens
1779 3152 1971 3198 natura

2079 3148 2328 3200 ταπεινὸν
2384 3147 2479 3216 τῆς
2539 3146 2959 3217 άνθρωπότητος
3031 3146 3337 3215 καταϐῆναι
3396 3145 3648 3214 ἰσχύσαι,

404 3231 645 3299 potuerit
702 3232 1035 3289 descendere
1074 3236 1140 3288 ad
1192 3235 1549 3289 humilitatem
1592 3236 1971 3300 humanitatis,

405 3321 460 3376 id
492 3331 813 3392 potestatem
848 3327 1019 3395 magis
1060 3327 1321 3391 ostendit,
1349 3343 1511 3397 quam
1551 3344 1745 3397 magna
1778 3339 1832 3383 et
1854 3346 1974 3399 qua:

403 3428 651 3470 naturam
684 3427 944 3487 superant
996 3420 1276 3474 miracula.
1328 3419 1462 3473 Nam
1508 3421 1653 3490 quod
1707 3437 1964 3492 magnum

403 3508 680 3577 quidpiam
711 3520 763 3564 et
786 3511 1061 3565 excelsum
1089 3512 1340 3566 eﬂ'ectum
1375 3512 1445 3567 sit
1479 3527 1509 3565 a
1542 3513 1725 3567 divina
1745 3514 1971 3579 virtute,

400 3609 489 3653 est
520 3599 916 3668 quodammodo
951 3603 1252 3657 secundum
1301 3615 1550 3658 naturam
1593 3613 1649 3659 et
1680 3615 1974 3660 consenta-

406 3704 590 3744 neum.
622 3688 808 3759 Neque
842 3708 1041 3747 novum
1076 3702 1130 3747 et
1157 3694 1479 3751 admirabile
1500 3697 1779 3767 quidpiam
1823 3699 1976 3751 auri-

408 3780 511 3834 bus
538 3782 799 3848 attulerit,
831 3784 973 3853 quod
1010 3786 1234 3846 dicitur,
1258 3787 1566 3843 universam
1601 3804 1723 3858 quae
1773 3800 1858 3845 est
1919 3791 1975 3845 in

407 3874 613 3927 mundo
651 3885 977 3939 creaturam,
1006 3884 1061 3931 et
1087 3877 1352 3947 quidquid
1381 3887 1535 3933 extra
1586 3894 1649 3935 ea
1684 3896 1806 3949 quae
1857 3897 1977 3936 cer-

407 3973 634 4029 nuntur,
681 3968 1182 4035 comprehenditur,
1246 3967 1338 4021 Dei
1394 3970 1592 4022 virtute
1639 3970 1974 4033 constitisse,

404 4056 529 4125 ejus
567 4058 865 4123 voluntate,
909 4066 968 4111 ut
1015 4060 1065 4114 ei
1114 4060 1291 4123 visum
1339 4069 1443 4119 est.
1485 4060 1718 4116 deducta
1768 4062 1835 4115 ad
1887 4078 1976 4117 es-

406 4149 656 4203 sentiam.
682 4150 760 4204 Ad
791 4151 840 4203 id
872 4159 1051 4204 autem
1087 4152 1231 4221 quod
1276 4163 1361 4207 est
1397 4153 1604 4207 humile
1623 4162 1677 4207 et
1700 4154 1974 4222 abjectum

406 4241 724 4303 descensus,
751 4252 833 4294 est
855 4242 1099 4310 quaedam
1133 4244 1365 4313 insignis
1400 4254 1452 4297 et
1484 4244 1796 4299 redundans
1818 4247 1974 4314 copia

407 4334 715 4401 potestatis,
745 4349 866 4401 qua:
902 4335 1125 4388 minime
1154 4335 1448 4404 impeditur
1500 4336 1551 4388 in
1585 4336 1652 4389 iis
1694 4352 1815 4405 quae
1843 4345 1973 4390 sunt

410 4431 605 4493 praeter
641 4435 912 4479 naturam.
938 4425 1057 4491 Quo
1079 4427 1240 4481 modo
1279 4428 1421 4480 enim
1455 4428 1597 4496 ignis
1624 4430 1876 4483 essentia:
1895 4440 1978 4483 est

2081 3237 2302 3290 πλείονα
2343 3237 2441 3308 τὴν
2487 3236 2758 3301 ἀπόδειξιν
2788 3236 2887 3305 τῆς
2914 3236 3195 3305 δυνάμεως
3230 3235 3371 3304 ἔχει,
3397 3235 3429 3305 ῆ
3454 3235 3520 3287 τὰ
3556 3251 3651 3305 με·

2080 3328 2221 3397 γάλα
2242 3345 2300 3381 τε
2325 3330 2418 3380 καὶ
2441 3328 2694 3398 ὑπερφυῆ
2716 3327 2825 3379 τῶν
2849 3327 3239 3397 θαυμάτων.Τὸ
3264 3326 3361 3395 μὲν
3383 3326 3490 3395 γὰρ
3516 3325 3655 3393 μέγα

2078 3438 2131 3473 τι
2171 3422 2264 3474 καὶ
2308 3417 2507 3488 ὑψηλὸν
2552 3418 2944 3488 ἐξεργασθῆναι
2985 3419 3137 3488 παρὰ
3173 3418 3273 3484 τῆς
3312 3416 3460 3477 θείας
3499 3415 3655 3469 δυνά-

2084 3530 2246 3584 μεως,
2285 3512 2424 3565 κατὰ
2463 3511 2621 3581 φύσιν
2651 3510 2768 3573 πώς
2797 3512 2912 3563 ἐστι
2941 3512 3031 3563 καὶ
3073 3509 3378 3562 ἀκόλουθον.
3418 3508 3527 3562 Καὶ
3555 3508 3655 3559 οὑκ

2081 3607 2146 3660 ἄν
2177 3621 2298 3657 τινα
2337 3602 2583 3672 ξενισμὸν
2622 3603 2817 3669 ὲπάγοι
2858 3604 2924 3671 τῇ
2973 3604 3111 3673 ἀκοῇ
3159 3602 3221 3654 τὸ
3261 3601 3441 3670 λέγειν
3473 3601 3654 3653 πᾶσαν

2079 3696 2178 3767 τὴν
2199 3698 2255 3748 ὲν
2280 3694 2358 3764 τῷ
2387 3694 2575 3763 κόσμῳ
2602 3692 2799 3751 κτίσιν,
2817 3692 2910 3745 καὶ
2932 3694 3040 3745 πᾶν
3067 3694 3095 3745 ὃ
3114 3691 3167 3745 τί
3191 3709 3297 3762 περ
3324 3691 3390 3744 ἂν
3418 3690 3522 3756 ἔξω
3548 3688 3654 3741 τῶν

2084 3784 2423 3855 φαινομένων
2473 3782 2948 3854 καταλαμϐάνεται
3000 3785 3057 3835 ὲν
3117 3785 3183 3853 τῇ
3236 3781 3369 3835 Θεοῦ
3429 3781 3655 3849 δυνάμει

2085 3880 2379 3948 συστῆναι,
2422 3877 2585 3930 αὑτοῦ
2631 3876 2723 3929 τοῦ
2760 3875 3062 3947 θελήματος
3094 3877 3229 3946 πρὸς
3268 3875 3327 3927 τὸ
3352 3874 3542 3928 δοκοῦν
3570 3874 3658 3926 οὑ-

2084 3969 2393 4033 σιωθέντος.
2432 3970 2498 4021 Ἠ
2530 3970 2587 4021 δὲ
2633 3970 2769 4039 πρὸς
2800 3968 3051 4023 ταπεινὸν
3086 3966 3328 4029 κάθοδος,
3372 3964 3656 4036 περιουσία

2082 4062 2166 4125 τίς
2192 4064 2306 4114 ἐστι
2338 4062 2434 4131 τῆς
2459 4062 2756 4131 δυνάμεως,
2784 4061 2934 4115 οὑδὲν
2963 4063 3020 4113 ὲν
3049 4061 3160 4121 τοῖς
3191 4058 3339 4129 παρὰ
3364 4058 3523 4126 φύσιν
3550 4075 3657 4109 κω-

2084 4152 2367 4223 λυομένης.
2415 4154 2502 4215 Ὠς
2543 4153 2650 4223 γὰρ
2695 4153 2823 4206 ἴδιόν
2856 4155 2969 4205 ἐστι
3012 4150 3112 4219 τῆς
3144 4148 3238 4202 τοῦ
3273 4148 3443 4219 πυρὸς
3470 4148 3657 4209 οὐσίας

2084 4246 2117 4314 ἡ
2140 4244 2232 4297 ἐπὶ
2251 4244 2313 4296 τὸ
2339 4246 2451 4298 ἂνω
2475 4244 2633 4313 φορά,
2666 4244 2758 4297 καὶ
2781 4244 2881 4297 οὑκ
2906 4243 2970 4297 ἄν
3006 4259 3087 4305 τις
3105 4240 3379 4311 θαύματος
3404 4240 3551 4306 ἄξιον
3566 4241 3658 4292 ἐπὶ

2084 4337 2184 4406 τῆς
2223 4336 2417 4404 φλογὸς
2457 4338 2639 4405 ἠγεῖτο
2676 4336 2737 4388 τὸ
2782 4334 3026 4404 φυσικῶς
3063 4334 3471 4404 ὲνεργούμενον·
3508 4334 3555 4385 εί
3597 4331 3654 4384 δὲ

2089 4430 2316 4501 ῥέουσαν
2348 4428 2439 4481 ἐπὶ
2472 4427 2531 4481 τὸ
2559 4427 2709 4480 κάτω
2750 4426 2873 4480 καθ’
2900 4425 3191 4497 ὁμοιότητα
3236 4423 3346 4477 τῶν
3384 4422 3659 4493 ὲμϐριθῶν

408 4518 691 4586 proprium
722 4519 848 4572 ferri
874 4535 1092 4574 sursum
1116 4538 1130 4585 ;
1175 4536 1352 4589 neque
1370 4522 1421 4573 in
1445 4522 1661 4573 llatnuia
1687 4521 1973 4589 quidquam

2086 4518 2352 4589 σωμάτων
2399 4517 2496 4570 ἴδοι
2539 4517 2637 4585 τὴν
2682 4516 2886 4585 φλόγα,
2934 4515 2997 4567 τὸ
3040 4513 3278 4566 τοιοῦτον
3320 4511 3377 4562 ἐν
3422 4510 3658 4580 θαύματι

404 4617 490 4662 est
520 4609 898 4663 admirandum
951 4611 1096 4679 quod
1124 4611 1195 4665 sit
1237 4613 1588 4677 naturaliter;
1644 4611 1739 4666 sed
1776 4614 1819 4665 si
1858 4628 1977 4666 eam

410 4699 584 4753 instar
615 4703 858 4768 gravium
896 4716 1186 4770 corporum
1226 4702 1408 4757 videat
1440 4702 1699 4758 deorsum
1734 4703 1976 4765 tendere,

406 4792 527 4857 ejus
554 4792 630 4844 rei
651 4791 870 4845 ducitur
902 4791 1288 4855 admiratione,
1340 4809 1535 4864 nempe
1557 4809 1794 4862 quonam
1819 4793 1980 4849 modo

409 4884 550 4952 ignis
574 4899 698 4938 esse
726 4883 866 4953 ignis
900 4894 1229 4954 perseveret,
1283 4892 1337 4939 et
1372 4888 1427 4939 in
1452 4886 1615 4940 modo
1658 4894 1841 4940 motus
1877 4902 1978 4941 ex-

410 4976 567 5031 cedat
604 4984 875 5041 naturam,
909 4978 1136 5031 tendens
1170 4977 1427 5033 deorsum
1460 4996 1473 5031 :
1512 4978 1587 5032 ita
1629 4980 1791 5034 etiam
1839 4979 1979 5032 divi-

410 5084 535 5123 nam
575 5076 630 5123 et
679 5070 1173 5139 supereininentem
1226 5070 1545 5140 potentiam,
1612 5086 1790 5141 neque
1824 5071 1986 5125 caelo-

413 5174 535 5213 rum
561 5160 900 5228 magnitudo,
928 5176 1102 5230 neque
1124 5161 1475 5215 luminarium
1501 5161 1778 5231 splendor,
1806 5178 1983 5231 neque

414 5252 651 5307 universi
680 5262 927 5315 ornatus,
962 5268 1136 5321 neque
1155 5268 1333 5305 rerum
1372 5254 1701 5307 naturalium
1723 5261 1981 5322 perpetua

412 5343 817 5397 administratio
870 5352 1076 5397 tantum
1107 5344 1369 5405 ostendit,
1430 5352 1695 5413 quantum
1747 5342 1893 5411 quod
1927 5358 1987 5397 se

413 5433 693 5488 demiserit
723 5434 788 5487 ad
825 5433 1249 5488 imbecdhtatem
1280 5442 1485 5488 nostra:
1515 5444 1722 5487 natura:
1747 5452 1759 5487 :
1789 5449 1983 5502 nempe

412 5524 709 5594 quomodo,
728 5540 850 5578 cum
872 5526 1147 5579 excelsum
1173 5526 1463 5589 exstiterit,
1495 5525 1548 5578 in
1582 5524 1773 5579 humili
1797 5532 1851 5579 et
1881 5526 1983 5579 ab-

411 5617 561 5684 jl-cto
599 5615 650 5668 id
676 5617 936 5678 cernitur,
970 5631 1069 5669 nec
1100 5615 1385 5671 descendit
1413 5615 1683 5670 altitudo:
1710 5614 1984 5684 quomodo

414 5706 725 5761 humanitas
761 5720 1005 5760 connexa
1055 5705 1251 5760 divina:
1299 5715 1528 5769 naturae,
1572 5715 1625 5759 et
1678 5705 1779 5758 hoc
1811 5706 1887 5765 lit,
1932 5712 1986 5757 et

414 5809 494 5852 est
520 5796 671 5851 illud.
697 5796 832 5852 Cum
876 5798 1045 5862 enim,
1085 5797 1224 5853 sicut
1275 5796 1426 5866 prius
1466 5796 1670 5851 dictum
1735 5805 1839 5864 est,
1880 5811 1987 5849 non

2084 4613 2352 4669 ποιεῖται,
2398 4610 2513 4672 πῶς
2557 4609 2617 4661 τὸ
2649 4608 2762 4678 πῦρ
2808 4607 3050 4676 διαμένει
3098 4604 3210 4676 πῦρ
3251 4604 3331 4667 ὂν,
3375 4606 3465 4658 καὶ
3492 4606 3548 4655 ἐν
3582 4602 3660 4673 τῷ

2082 4701 2266 4772 τρόπῳ
2291 4700 2387 4771 τῆς
2417 4703 2683 4771 κινήσεως
2706 4701 2948 4753 ἐκϐαίνει
2975 4701 3071 4771 τὴν
3103 4701 3285 4769 φύσιν,
3317 4700 3408 4751 ἐπὶ
3430 4699 3490 4750 τὸ
3512 4697 3661 4749 κάτω

2085 4788 2401 4861 φερόμενον·
2441 4789 2611 4852 οὑτως
2644 4791 2737 4842 καὶ
2762 4791 2861 4859 τὴν
2889 4788 3039 4841 θείαν
3076 4806 3135 4840 τε
3160 4789 3253 4841 καὶ
3286 4787 3661 4858 ὑπερέχουσαν

2083 4880 2332 4951 δύναμιν,
2362 4881 2461 4933 οὑκ
2486 4879 2730 4951 οὐρανῶν
2761 4878 2963 4951 μεγέθη
3004 4880 3099 4932 καὶ
3128 4880 3429 4948 φωστήρων
3472 4877 3657 4945 αὑταὶ.

2087 4975 2180 5027 καὶ⁵
2212 4976 2245 5044 ή
2277 4972 2369 5026 τοῦ
2400 4972 2602 5034 παντὸς
2632 4971 2990 5040 διακόσμησις
3010 5012 3022 5035 ,
3056 4970 3148 5022 καὶ
3194 4971 3227 5039 ἡ
3273 4968 3523 5039 διηνεκὴς
3552 4967 3662 5019 τῶν

2085 5064 2254 5117 ὄντων
2291 5062 2567 5132 οἰκονομία
2600 5061 2873 5123 τοσοῦτον,
2905 5062 3029 5114 ὅσον
3054 5063 3086 5130 ἡ
3121 5061 3213 5112 ἐπὶ
3233 5059 3293 5111 τὸ
3319 5057 3541 5119 ἀσθενὲς
3563 5057 3661 5126 τῆς

2089 5154 2302 5224 φύσεως
2333 5154 2488 5224 ἡμῶν
2513 5153 2917 5220 συγκατάϐασις
2943 5151 3177 5204 δείκνυσι
3196 5167 3208 5180 °
3235 5150 3352 5214 πῶς
3377 5151 3438 5203 τὸ
3461 5149 3662 5219 ὑψηλὸν

2087 5248 2145 5298 ὲν
2163 5244 2241 5314 τῷ
2264 5244 2502 5314 ταπεινῷ
2527 5245 2843 5313 καθορᾶται,
2870 5243 2962 5295 καὶ
2992 5244 3050 5294 οὑ
3081 5241 3395 5295 καταϐαίνει
3418 5242 3479 5293 τὸ
3507 5240 3657 5309 ῦψος·

2089 5335 2206 5398 πῶς
2231 5336 2432 5403 Θεὸτης
2454 5336 2549 5389 ἀνθ
2559 5336 2768 5406 ρωπίνη
2790 5353 2852 5386 συ
2863 5333 3166 5404 μπλακεῖσα
3191 5332 3369 5401 φύσει.
3392 5331 3663 5385 καὶτοῦτο

2087 5428 2292 5496 γίνεται
2316 5429 2409 5480 καὶ
2440 5427 2612 5479 ἐκεῖνό
2640 5429 2807 5482 ἐστιν.
2856 5425 3069 5495 Ἐπειδὴ
3100 5425 3230 5494 γὰρ,
3260 5424 3441 5486 καθὼς
3469 5424 3526 5475 ἐν
3550 5426 3663 5485 τοῖς

2089 5520 2395 5591 ἔμπροσθεν
2425 5519 2635 5591 εἴρηται
2660 5558 2673 5580 ,
2706 5517 2863 5587 φύσιν
2892 5519 2991 5569 οὑκ
3015 5513 3156 5587 εἶχεν
3186 5518 3218 5586 ἡ
3256 5517 3472 5569 ἐναντία
3506 5514 3663 5567 δύνα-

2095 5630 2203 5683 μις,
2239 5613 2463 5682 ἀκράτῳ
2508 5610 2802 5681 προσμίξαι
2846 5612 2910 5679 τῇ
2950 5609 3043 5661 τοῦ
3076 5609 3210 5661 Θεοῦ
3237 5608 3537 5679 παρουσίᾳ,
3568 5609 3661 5661 καὶ

2088 5707 2299 5777 γυμνὴν
2324 5707 2621 5773 ὑποστῆναι
2651 5702 2813 5755 αὑτοῦ
2856 5703 2952 5772 τὴν
2999 5702 3322 5770 ἐμφάνειαν·
3360 5702 3433 5765 ὡς
3475 5701 3540 5753 ἂν
3569 5698 3659 5752 εῦ-

2090 5798 2291 5866 ληπτον
2320 5797 2525 5865 γένοιτο
2558 5795 2635 5865 τῷ
2658 5793 2999 5864 ὲπιζητοῦντι
3028 5795 3166 5864 ὑπὲρ
3192 5792 3347 5864 ημῶν
3374 5794 3432 5845 τὸ
3461 5791 3655 5847 ἀντάλ-
