  <div class='ocr_page' id='page_1' title='image "/cluster/home/n/w/nwhite01/storage/ocr_20150623/45/nnc1.0046978445/042.png"; bbox 0 0 4066 6374; ppageno 0'>
   <div class='ocr_carea' id='block_1_1' title="bbox 277 386 3537 447">
    <p class='ocr_par' dir='ltr' id='par_1_1' title="bbox 277 386 3537 447">
     <span class='ocr_line' id='line_1_1' title="bbox 277 386 3537 447; baseline -0.001 -1"><span class='ocrx_word' id='word_1_1' title='bbox 277 392 349 447; x_wconf 76' lang='lat'><strong>63</strong></span> <span class='ocrx_word' id='word_1_2' title='bbox 1510 387 1769 446; x_wconf 68' lang='lat' dir='ltr'><strong>ORATIO</strong></span> <span class='ocrx_word' id='word_1_3' title='bbox 1805 386 2301 444; x_wconf 70' lang='lat' dir='ltr'><strong>CATECHETICA.</strong></span> <span class='ocrx_word' id='word_1_4' title='bbox 3463 391 3537 444; x_wconf 72' lang='lat'><strong>65</strong></span> 
     </span>
    </p>
   </div>
   <div class='ocr_carea' id='block_1_2' title="bbox 281 504 1887 578">
    <p class='ocr_par' dir='ltr' id='par_1_2' title="bbox 281 504 1887 578">
     <span class='ocr_line' id='line_1_2' title="bbox 281 504 1887 578; baseline -0.002 -17"><span class='ocrx_word' id='word_1_5' title='bbox 281 508 488 577; x_wconf 81' lang='grc' dir='ltr'>λαγμα,</span> <span class='ocrx_word' id='word_1_6' title='bbox 516 506 592 576; x_wconf 84' lang='grc' dir='ltr'>τῷ</span> <span class='ocrx_word' id='word_1_7' title='bbox 622 504 1043 578; x_wconf 75' lang='grc' dir='ltr'>προκαλύμματι</span> <span class='ocrx_word' id='word_1_8' title='bbox 1068 507 1166 577; x_wconf 82' lang='grc' dir='ltr'>τῆς</span> <span class='ocrx_word' id='word_1_9' title='bbox 1194 506 1407 575; x_wconf 75' lang='grc' dir='ltr'>φύσεως</span> <span class='ocrx_word' id='word_1_10' title='bbox 1447 507 1604 578; x_wconf 78' lang='grc' dir='ltr'>ἡμῶν</span> <span class='ocrx_word' id='word_1_11' title='bbox 1629 506 1852 577; x_wconf 83' lang='grc' dir='ltr'>ὲνεκρύ-</span> <span class='ocrx_word' id='word_1_12' title='bbox 1882 557 1887 567; x_wconf 72' lang='grc'><strong>,</strong></span> 
     </span>
    </p>
   </div>
   <div class='ocr_carea' id='block_1_3' title="bbox 1928 504 3534 578">
    <p class='ocr_par' dir='ltr' id='par_1_3' title="bbox 1954 505 3534 575">
     <span class='ocr_line' id='line_1_3' title="bbox 1954 505 3534 575; baseline 0.003 -16"><span class='ocrx_word' id='word_1_13' title='bbox 1954 511 2101 559; x_wconf 81' lang='lat' dir='ltr'><strong>esset</strong></span> <span class='ocrx_word' id='word_1_14' title='bbox 2138 518 2202 558; x_wconf 89' lang='lat' dir='ltr'><strong>ea</strong></span> <span class='ocrx_word' id='word_1_15' title='bbox 2246 512 2443 559; x_wconf 86' lang='lat' dir='ltr'><strong>natura</strong></span> <span class='ocrx_word' id='word_1_16' title='bbox 2480 505 2772 575; x_wconf 76' lang='lat' dir='ltr'><strong>potestatis</strong></span> <span class='ocrx_word' id='word_1_17' title='bbox 2809 506 3121 571; x_wconf 59' lang='lat' dir='ltr'><strong>contrariae,</strong></span> <span class='ocrx_word' id='word_1_18' title='bbox 3176 514 3233 559; x_wconf 89' lang='lat' dir='ltr'><strong>ut</strong></span> <span class='ocrx_word' id='word_1_19' title='bbox 3263 506 3534 563; x_wconf 80' lang='lat' dir='ltr'><strong>admisce—</strong></span> 
     </span>
    </p>
   </div>
   <div class='ocr_carea' id='block_1_4' title="bbox 280 595 1886 674">
    <p class='ocr_par' dir='ltr' id='par_1_4' title="bbox 280 598 1859 674">
     <span class='ocr_line' id='line_1_4' title="bbox 280 598 1859 674; baseline -0.003 -18"><span class='ocrx_word' id='word_1_20' title='bbox 280 603 389 674; x_wconf 74' lang='grc' dir='ltr'>φθη</span> <span class='ocrx_word' id='word_1_21' title='bbox 416 602 477 654; x_wconf 89' lang='grc' dir='ltr'><strong>τὸ</strong></span> <span class='ocrx_word' id='word_1_22' title='bbox 500 600 672 662; x_wconf 83' lang='grc' dir='ltr'>Θεῖον,</span> <span class='ocrx_word' id='word_1_23' title='bbox 697 601 783 654; x_wconf 78' lang='grc' dir='ltr'><strong>ἵνα</strong></span> <span class='ocrx_word' id='word_1_24' title='bbox 800 601 939 654; x_wconf 74' lang='grc' dir='ltr'>κατὰ</span> <span class='ocrx_word' id='word_1_25' title='bbox 966 603 1091 663; x_wconf 81' lang='grc' dir='ltr'>τοὺς</span> <span class='ocrx_word' id='word_1_26' title='bbox 1113 600 1323 670; x_wconf 82' lang='grc' dir='ltr'><strong>λίχνους</strong></span> <span class='ocrx_word' id='word_1_27' title='bbox 1343 598 1450 653; x_wconf 83' lang='grc' dir='ltr'><strong>τῶν</strong></span> <span class='ocrx_word' id='word_1_28' title='bbox 1470 599 1666 670; x_wconf 82' lang='grc' dir='ltr'>ἰχθύων</span> <span class='ocrx_word' id='word_1_29' title='bbox 1686 599 1764 669; x_wconf 79' lang='grc' dir='ltr'>τῷ</span> <span class='ocrx_word' id='word_1_30' title='bbox 1778 600 1859 652; x_wconf 84' lang='grc' dir='ltr'>δε-</span> 
     </span>
    </p>
   </div>
   <div class='ocr_carea' id='block_1_5' title="bbox 1931 595 3537 674">
    <p class='ocr_par' dir='ltr' id='par_1_5' title="bbox 1956 595 3537 669">
     <span class='ocr_line' id='line_1_5' title="bbox 1956 595 3537 669; baseline 0.003 -20"><span class='ocrx_word' id='word_1_31' title='bbox 1956 603 2108 649; x_wconf 90' lang='lat' dir='ltr'><strong>retur</strong></span> <span class='ocrx_word' id='word_1_32' title='bbox 2149 611 2310 652; x_wconf 69' lang='lat' dir='ltr'><strong>merae</strong></span> <span class='ocrx_word' id='word_1_33' title='bbox 2341 595 2430 650; x_wconf 87' lang='lat' dir='ltr'><strong>Dei</strong></span> <span class='ocrx_word' id='word_1_34' title='bbox 2483 599 2804 667; x_wconf 62' lang='lat' dir='ltr'><strong>praesentiae,</strong></span> <span class='ocrx_word' id='word_1_35' title='bbox 2869 606 2923 653; x_wconf 90' lang='lat' dir='ltr'><strong>et</strong></span> <span class='ocrx_word' id='word_1_36' title='bbox 2979 598 3144 653; x_wconf 83' lang='lat' dir='ltr'><strong>ferret</strong></span> <span class='ocrx_word' id='word_1_37' title='bbox 3174 598 3372 652; x_wconf 90' lang='lat' dir='ltr'><strong>nudam</strong></span> <span class='ocrx_word' id='word_1_38' title='bbox 3414 600 3537 669; x_wconf 83' lang='lat' dir='ltr'><strong>ejus</strong></span> 
     </span>
    </p>
   </div>
   <div class='ocr_carea' id='block_1_6' title="bbox 282 687 1888 763">
    <p class='ocr_par' dir='ltr' id='par_1_6' title="bbox 282 691 1853 763">
     <span class='ocr_line' id='line_1_6' title="bbox 282 691 1853 763; baseline -0.001 -18"><span class='ocrx_word' id='word_1_39' title='bbox 282 694 433 746; x_wconf 79' lang='grc' dir='ltr'>λέατι</span> <span class='ocrx_word' id='word_1_40' title='bbox 451 693 552 762; x_wconf 80' lang='grc' dir='ltr'>τῆς</span> <span class='ocrx_word' id='word_1_41' title='bbox 573 693 775 763; x_wconf 87' lang='grc' dir='ltr'>σαρκὸς</span> <span class='ocrx_word' id='word_1_42' title='bbox 792 691 1216 762; x_wconf 83' lang='grc' dir='ltr'>συναποσπασθῇ</span> <span class='ocrx_word' id='word_1_43' title='bbox 1235 691 1294 744; x_wconf 85' lang='grc' dir='ltr'><strong>τὸ</strong></span> <span class='ocrx_word' id='word_1_44' title='bbox 1306 691 1600 761; x_wconf 78' lang='grc' dir='ltr'><strong>ἄγκιστρον</strong></span> <span class='ocrx_word' id='word_1_45' title='bbox 1612 692 1709 762; x_wconf 85' lang='grc' dir='ltr'>τῆς</span> <span class='ocrx_word' id='word_1_46' title='bbox 1730 691 1853 743; x_wconf 88' lang='grc' dir='ltr'>Θεό-</span> 
     </span>
    </p>
   </div>
   <div class='ocr_carea' id='block_1_7' title="bbox 1928 687 3534 763">
    <p class='ocr_par' dir='ltr' id='par_1_7' title="bbox 1956 687 3534 760">
     <span class='ocr_line' id='line_1_7' title="bbox 1956 687 3534 760; baseline 0.003 -21"><span class='ocrx_word' id='word_1_47' title='bbox 1956 687 2376 756; x_wconf 84' lang='lat' dir='ltr'><strong>apparitionem,</strong></span> <span class='ocrx_word' id='word_1_48' title='bbox 2434 697 2495 742; x_wconf 90' lang='lat' dir='ltr'><strong>ut</strong></span> <span class='ocrx_word' id='word_1_49' title='bbox 2547 690 2616 744; x_wconf 87' lang='lat' dir='ltr'><strong>ab</strong></span> <span class='ocrx_word' id='word_1_50' title='bbox 2651 705 2717 744; x_wconf 91' lang='lat' dir='ltr'><strong>eo</strong></span> <span class='ocrx_word' id='word_1_51' title='bbox 2756 691 2848 759; x_wconf 87' lang='lat' dir='ltr'><strong>qui</strong></span> <span class='ocrx_word' id='word_1_52' title='bbox 2899 691 3159 759; x_wconf 88' lang='lat' dir='ltr'><strong>poscebat</strong></span> <span class='ocrx_word' id='word_1_53' title='bbox 3212 691 3371 745; x_wconf 78' lang='lat' dir='ltr'><strong>facile</strong></span> <span class='ocrx_word' id='word_1_54' title='bbox 3433 707 3534 760; x_wconf 90' lang='lat' dir='ltr'><strong>pro</strong></span> 
     </span>
    </p>
   </div>
   <div class='ocr_carea' id='block_1_8' title="bbox 276 776 1882 856">
    <p class='ocr_par' dir='ltr' id='par_1_8' title="bbox 276 782 1853 856">
     <span class='ocr_line' id='line_1_8' title="bbox 276 782 1853 856; baseline -0.004 -16"><span class='ocrx_word' id='word_1_55' title='bbox 276 801 459 856; x_wconf 79' lang='grc' dir='ltr'>τητος·</span> <span class='ocrx_word' id='word_1_56' title='bbox 492 785 588 839; x_wconf 77' lang='grc' dir='ltr'><strong>καὶ</strong></span> <span class='ocrx_word' id='word_1_57' title='bbox 620 784 760 837; x_wconf 75' lang='grc' dir='ltr'>οὕτω</span> <span class='ocrx_word' id='word_1_58' title='bbox 783 784 881 854; x_wconf 82' lang='grc' dir='ltr'>τῆς</span> <span class='ocrx_word' id='word_1_59' title='bbox 904 782 1049 851; x_wconf 79' lang='grc' dir='ltr'>ζωῆς</span> <span class='ocrx_word' id='word_1_60' title='bbox 1078 783 1157 854; x_wconf 83' lang='grc' dir='ltr'>τῷ</span> <span class='ocrx_word' id='word_1_61' title='bbox 1186 783 1397 854; x_wconf 83' lang='grc' dir='ltr'><strong>θανάτῳ</strong></span> <span class='ocrx_word' id='word_1_62' title='bbox 1419 782 1853 850; x_wconf 82' lang='grc' dir='ltr'>εἰσοικισθείσης,</span> 
     </span>
    </p>
   </div>
   <div class='ocr_carea' id='block_1_9' title="bbox 1930 776 3536 856">
    <p class='ocr_par' dir='ltr' id='par_1_9' title="bbox 1958 776 3536 848">
     <span class='ocr_line' id='line_1_9' title="bbox 1958 776 3536 848; baseline 0.003 -19"><span class='ocrx_word' id='word_1_63' title='bbox 1958 776 2114 831; x_wconf 87' lang='lat' dir='ltr'><strong>nobis</strong></span> <span class='ocrx_word' id='word_1_64' title='bbox 2155 777 2329 846; x_wconf 88' lang='lat' dir='ltr'><strong>accipi</strong></span> <span class='ocrx_word' id='word_1_65' title='bbox 2375 788 2560 846; x_wconf 82' lang='lat' dir='ltr'><strong>posset</strong></span> <span class='ocrx_word' id='word_1_66' title='bbox 2594 780 2828 848; x_wconf 88' lang='lat' dir='ltr'><strong>pretium</strong></span> <span class='ocrx_word' id='word_1_67' title='bbox 2871 780 2924 833; x_wconf 90' lang='lat' dir='ltr'><strong>in</strong></span> <span class='ocrx_word' id='word_1_68' title='bbox 2970 784 3392 848; x_wconf 88' lang='lat' dir='ltr'><strong>permutatione,</strong></span> <span class='ocrx_word' id='word_1_69' title='bbox 3436 797 3536 835; x_wconf 89' lang='lat' dir='ltr'><strong>na-</strong></span> 
     </span>
    </p>
   </div>
   <div class='ocr_carea' id='block_1_10' title="bbox 279 870 1885 947">
    <p class='ocr_par' dir='ltr' id='par_1_10' title="bbox 279 873 1853 947">
     <span class='ocr_line' id='line_1_10' title="bbox 279 873 1853 947; baseline -0.003 -17"><span class='ocrx_word' id='word_1_70' title='bbox 279 879 373 930; x_wconf 72' lang='grc' dir='ltr'><strong>καί</strong></span> <span class='ocrx_word' id='word_1_71' title='bbox 402 877 483 947; x_wconf 80' lang='grc' dir='ltr'>τῷ</span> <span class='ocrx_word' id='word_1_72' title='bbox 506 878 683 929; x_wconf 81' lang='grc' dir='ltr'>σκότει</span> <span class='ocrx_word' id='word_1_73' title='bbox 702 875 796 928; x_wconf 92' lang='grc' dir='ltr'><strong>τοῦ</strong></span> <span class='ocrx_word' id='word_1_74' title='bbox 825 874 1001 943; x_wconf 84' lang='grc' dir='ltr'>φωτὸς</span> <span class='ocrx_word' id='word_1_75' title='bbox 1028 876 1377 944; x_wconf 80' lang='grc' dir='ltr'>ὲμφανέντος,</span> <span class='ocrx_word' id='word_1_76' title='bbox 1396 873 1853 945; x_wconf 62' lang='grc' dir='ltr'>ὲξαφανισθῌγτω]</span> 
     </span>
    </p>
   </div>
   <div class='ocr_carea' id='block_1_11' title="bbox 1928 870 3534 947">
    <p class='ocr_par' dir='ltr' id='par_1_11' title="bbox 1956 870 3534 939">
     <span class='ocr_line' id='line_1_11' title="bbox 1956 870 3534 939; baseline 0.004 -21"><span class='ocrx_word' id='word_1_77' title='bbox 1956 875 2093 921; x_wconf 73' lang='lat' dir='ltr'><strong>tune</strong></span> <span class='ocrx_word' id='word_1_78' title='bbox 2118 874 2322 921; x_wconf 63' lang='lat' dir='ltr'><strong>nostra;</strong></span> <span class='ocrx_word' id='word_1_79' title='bbox 2364 870 2740 939; x_wconf 82' lang='lat' dir='ltr'><strong>integumento</strong></span> <span class='ocrx_word' id='word_1_80' title='bbox 2773 872 2947 925; x_wconf 88' lang='lat' dir='ltr'><strong>celata</strong></span> <span class='ocrx_word' id='word_1_81' title='bbox 3001 871 3103 924; x_wconf 91' lang='lat' dir='ltr'><strong>l&#39;nit</strong></span> <span class='ocrx_word' id='word_1_82' title='bbox 3144 871 3440 939; x_wconf 86' lang='lat' dir='ltr'><strong>divinitas;</strong></span> <span class='ocrx_word' id='word_1_83' title='bbox 3474 882 3534 925; x_wconf 91' lang='lat' dir='ltr'><strong>ut</strong></span> 
     </span>
    </p>
   </div>
   <div class='ocr_carea' id='block_1_12' title="bbox 274 959 1880 1039">
    <p class='ocr_par' dir='ltr' id='par_1_12' title="bbox 274 966 1853 1039">
     <span class='ocr_line' id='line_1_12' title="bbox 274 966 1853 1039; baseline -0.001 -18"><span class='ocrx_word' id='word_1_84' title='bbox 274 970 354 1039; x_wconf 79' lang='grc' dir='ltr'>τῷ</span> <span class='ocrx_word' id='word_1_85' title='bbox 379 968 521 1038; x_wconf 75' lang='grc' dir='ltr'><strong>φωτί</strong></span> <span class='ocrx_word' id='word_1_86' title='bbox 551 969 644 1021; x_wconf 69' lang='grc' dir='ltr'>καὶ</span> <span class='ocrx_word' id='word_1_87' title='bbox 683 971 747 1038; x_wconf 83' lang='grc' dir='ltr'>τῇ</span> <span class='ocrx_word' id='word_1_88' title='bbox 778 967 889 1038; x_wconf 82' lang='grc' dir='ltr'><strong>ζωῇ</strong></span> <span class='ocrx_word' id='word_1_89' title='bbox 913 967 974 1019; x_wconf 88' lang='grc' dir='ltr'><strong>τὸ</strong></span> <span class='ocrx_word' id='word_1_90' title='bbox 1000 967 1139 1023; x_wconf 80' lang='grc' dir='ltr'>κατὰ</span> <span class='ocrx_word' id='word_1_91' title='bbox 1173 967 1234 1019; x_wconf 90' lang='grc' dir='ltr'><strong>τὸ</strong></span> <span class='ocrx_word' id='word_1_92' title='bbox 1269 967 1506 1020; x_wconf 77' lang='grc' dir='ltr'>ἐναντίον</span> <span class='ocrx_word' id='word_1_93' title='bbox 1550 966 1853 1037; x_wconf 84' lang='grc' dir='ltr'><strong>νοούμενον.</strong></span> 
     </span>
    </p>
   </div>
   <div class='ocr_carea' id='block_1_13' title="bbox 1925 959 3531 1039">
    <p class='ocr_par' dir='ltr' id='par_1_13' title="bbox 1954 959 3531 1028">
     <span class='ocr_line' id='line_1_13' title="bbox 1954 959 3531 1028; baseline 0.004 -17"><span class='ocrx_word' id='word_1_94' title='bbox 1954 959 2131 1012; x_wconf 89' lang='lat' dir='ltr'><strong>instar</strong></span> <span class='ocrx_word' id='word_1_95' title='bbox 2158 960 2389 1028; x_wconf 80' lang='lat' dir='ltr'><strong>piscium</strong></span> <span class='ocrx_word' id='word_1_96' title='bbox 2431 964 2746 1027; x_wconf 75' lang='lat' dir='ltr'><strong>gulosorum</strong></span> <span class='ocrx_word' id='word_1_97' title='bbox 2788 978 2910 1016; x_wconf 91' lang='lat' dir='ltr'><strong>cum</strong></span> <span class='ocrx_word' id='word_1_98' title='bbox 2962 978 3085 1017; x_wconf 90' lang='lat' dir='ltr'><strong>esca</strong></span> <span class='ocrx_word' id='word_1_99' title='bbox 3138 964 3319 1017; x_wconf 85' lang='lat' dir='ltr'><strong>carnis</strong></span> <span class='ocrx_word' id='word_1_100' title='bbox 3367 964 3531 1018; x_wconf 88' lang='lat' dir='ltr'><strong>simul</strong></span> 
     </span>
    </p>
   </div>
   <div class='ocr_carea' id='block_1_14' title="bbox 276 1049 1882 1130">
    <p class='ocr_par' dir='ltr' id='par_1_14' title="bbox 276 1057 1856 1130">
     <span class='ocr_line' id='line_1_14' title="bbox 276 1057 1856 1130; baseline -0.003 -16"><span class='ocrx_word' id='word_1_101' title='bbox 276 1064 351 1115; x_wconf 86' lang='grc' dir='ltr'>Οὐ</span> <span class='ocrx_word' id='word_1_102' title='bbox 376 1060 488 1129; x_wconf 80' lang='grc' dir='ltr'>γὰρ</span> <span class='ocrx_word' id='word_1_103' title='bbox 539 1061 650 1130; x_wconf 70' lang='grc' dir='ltr'>ἔχει</span> <span class='ocrx_word' id='word_1_104' title='bbox 687 1060 868 1128; x_wconf 83' lang='grc' dir='ltr'>φύσιν,</span> <span class='ocrx_word' id='word_1_105' title='bbox 904 1057 1032 1112; x_wconf 76' lang='grc' dir='ltr'>οὐτε</span> <span class='ocrx_word' id='word_1_106' title='bbox 1077 1058 1263 1121; x_wconf 84' lang='grc' dir='ltr'><strong>σκότος</strong></span> <span class='ocrx_word' id='word_1_107' title='bbox 1293 1058 1566 1129; x_wconf 85' lang='grc' dir='ltr'>διαμένειν</span> <span class='ocrx_word' id='word_1_108' title='bbox 1597 1059 1655 1111; x_wconf 80' lang='grc' dir='ltr'><strong>ὲν</strong></span> <span class='ocrx_word' id='word_1_109' title='bbox 1683 1057 1856 1125; x_wconf 73' lang='grc' dir='ltr'>φωτὸς</span> 
     </span>
    </p>
   </div>
   <div class='ocr_carea' id='block_1_15' title="bbox 1927 1049 3533 1130">
    <p class='ocr_par' dir='ltr' id='par_1_15' title="bbox 1956 1049 3533 1119">
     <span class='ocr_line' id='line_1_15' title="bbox 1956 1049 3533 1119; baseline 0.006 -20"><span class='ocrx_word' id='word_1_110' title='bbox 1956 1049 2326 1103; x_wconf 87' lang='lat' dir='ltr'><strong>attraheretur</strong></span> <span class='ocrx_word' id='word_1_111' title='bbox 2360 1051 2556 1107; x_wconf 89' lang='lat' dir='ltr'><strong>hamus</strong></span> <span class='ocrx_word' id='word_1_112' title='bbox 2592 1053 2933 1119; x_wconf 80' lang='lat' dir='ltr'><strong>divinitatis;</strong></span> <span class='ocrx_word' id='word_1_113' title='bbox 2961 1064 3016 1107; x_wconf 90' lang='lat' dir='ltr'><strong>et</strong></span> <span class='ocrx_word' id='word_1_114' title='bbox 3048 1056 3129 1108; x_wconf 90' lang='lat' dir='ltr'><strong>sic</strong></span> <span class='ocrx_word' id='word_1_115' title='bbox 3164 1055 3272 1107; x_wconf 87' lang='lat' dir='ltr'><strong>vita</strong></span> <span class='ocrx_word' id='word_1_116' title='bbox 3296 1056 3361 1108; x_wconf 89' lang='lat' dir='ltr'><strong>ad</strong></span> <span class='ocrx_word' id='word_1_117' title='bbox 3388 1071 3533 1109; x_wconf 90' lang='lat' dir='ltr'><strong>mor-</strong></span> 
     </span>
    </p>
   </div>
   <div class='ocr_carea' id='block_1_16' title="bbox 275 1142 1881 1222">
    <p class='ocr_par' dir='ltr' id='par_1_16' title="bbox 275 1144 1857 1222">
     <span class='ocr_line' id='line_1_16' title="bbox 275 1144 1857 1222; baseline -0.004 -18"><span class='ocrx_word' id='word_1_118' title='bbox 275 1153 554 1222; x_wconf 73' lang='grc' dir='ltr'>παρουσία</span> <span class='ocrx_word' id='word_1_119' title='bbox 571 1191 583 1214; x_wconf 85' lang='grc'><strong>,</strong></span> <span class='ocrx_word' id='word_1_120' title='bbox 604 1149 735 1204; x_wconf 83' lang='grc' dir='ltr'>οὐτε</span> <span class='ocrx_word' id='word_1_121' title='bbox 775 1150 1001 1203; x_wconf 87' lang='grc' dir='ltr'>θάνατον</span> <span class='ocrx_word' id='word_1_122' title='bbox 1025 1144 1161 1203; x_wconf 84' lang='grc' dir='ltr'>εἶναι</span> <span class='ocrx_word' id='word_1_123' title='bbox 1207 1147 1349 1216; x_wconf 79' lang='grc' dir='ltr'>ζωῆς</span> <span class='ocrx_word' id='word_1_124' title='bbox 1371 1149 1683 1216; x_wconf 79' lang='grc' dir='ltr'>ὲνεργοσης.</span> <span class='ocrx_word' id='word_1_125' title='bbox 1701 1147 1813 1197; x_wconf 79' lang='grc' dir='ltr'>Οὐκ</span> <span class='ocrx_word' id='word_1_126' title='bbox 1830 1178 1857 1188; x_wconf 90' lang='grc'><strong>-</strong></span> 
     </span>
    </p>
   </div>
   <div class='ocr_carea' id='block_1_17' title="bbox 1926 1142 3532 1222">
    <p class='ocr_par' dir='ltr' id='par_1_17' title="bbox 1959 1142 3532 1214">
     <span class='ocr_line' id='line_1_17' title="bbox 1959 1142 3532 1214; baseline 0.007 -22"><span class='ocrx_word' id='word_1_127' title='bbox 1959 1148 2064 1193; x_wconf 86' lang='lat' dir='ltr'><strong>tem</strong></span> <span class='ocrx_word' id='word_1_128' title='bbox 2103 1142 2438 1208; x_wconf 89' lang='lat' dir='ltr'><strong>introducta,</strong></span> <span class='ocrx_word' id='word_1_129' title='bbox 2467 1155 2519 1198; x_wconf 91' lang='lat' dir='ltr'><strong>et</strong></span> <span class='ocrx_word' id='word_1_130' title='bbox 2548 1145 2669 1200; x_wconf 89' lang='lat' dir='ltr'><strong>luce</strong></span> <span class='ocrx_word' id='word_1_131' title='bbox 2701 1154 2998 1214; x_wconf 86' lang='lat' dir='ltr'><strong>apparente</strong></span> <span class='ocrx_word' id='word_1_132' title='bbox 3030 1147 3081 1199; x_wconf 93' lang='lat' dir='ltr'><strong>in</strong></span> <span class='ocrx_word' id='word_1_133' title='bbox 3114 1149 3377 1210; x_wconf 84' lang='lat' dir='ltr'><strong>tenebris,</strong></span> <span class='ocrx_word' id='word_1_134' title='bbox 3410 1150 3532 1203; x_wconf 82' lang='lat' dir='ltr'><strong>luce</strong></span> 
     </span>
    </p>
   </div>
   <div class='ocr_carea' id='block_1_18' title="bbox 276 1233 1882 1311">
    <p class='ocr_par' dir='ltr' id='par_1_18' title="bbox 276 1236 1854 1311">
     <span class='ocr_line' id='line_1_18' title="bbox 276 1236 1854 1311; baseline -0.004 -17"><span class='ocrx_word' id='word_1_135' title='bbox 276 1239 391 1294; x_wconf 88' lang='grc' dir='ltr'><strong>ωῦυ</strong></span> <span class='ocrx_word' id='word_1_136' title='bbox 432 1240 532 1296; x_wconf 70' lang='grc' dir='ltr'>ἐπὶ</span> <span class='ocrx_word' id='word_1_137' title='bbox 570 1240 850 1310; x_wconf 76' lang='grc' dir='ltr'><strong>κεφαλαίῳ</strong></span> <span class='ocrx_word' id='word_1_138' title='bbox 886 1236 981 1290; x_wconf 87' lang='grc' dir='ltr'><strong>τοῦ</strong></span> <span class='ocrx_word' id='word_1_139' title='bbox 1052 1240 1350 1311; x_wconf 82' lang='grc' dir='ltr'>μυστηρίου</span> <span class='ocrx_word' id='word_1_140' title='bbox 1389 1239 1487 1310; x_wconf 83' lang='grc' dir='ltr'><strong>τὴν</strong></span> <span class='ocrx_word' id='word_1_141' title='bbox 1538 1238 1854 1292; x_wconf 81' lang='grc' dir='ltr'>ἀκολουθίαν</span> 
     </span>
    </p>
   </div>
   <div class='ocr_carea' id='block_1_19' title="bbox 1932 1233 3538 1311">
    <p class='ocr_par' dir='ltr' id='par_1_19' title="bbox 1961 1233 3538 1306">
     <span class='ocr_line' id='line_1_19' title="bbox 1961 1233 3538 1306; baseline 0.002 -18"><span class='ocrx_word' id='word_1_142' title='bbox 1961 1239 2017 1288; x_wconf 85' lang='lat' dir='ltr'><strong>et</strong></span> <span class='ocrx_word' id='word_1_143' title='bbox 2065 1233 2172 1285; x_wconf 88' lang='lat' dir='ltr'><strong>vita</strong></span> <span class='ocrx_word' id='word_1_144' title='bbox 2208 1234 2484 1289; x_wconf 86' lang='lat' dir='ltr'><strong>deleretur</strong></span> <span class='ocrx_word' id='word_1_145' title='bbox 2534 1236 2587 1289; x_wconf 83' lang='lat' dir='ltr'><strong>id</strong></span> <span class='ocrx_word' id='word_1_146' title='bbox 2644 1236 2791 1306; x_wconf 89' lang='lat' dir='ltr'><strong>quod</strong></span> <span class='ocrx_word' id='word_1_147' title='bbox 2836 1237 2916 1290; x_wconf 86' lang='lat' dir='ltr'><strong>eis</strong></span> <span class='ocrx_word' id='word_1_148' title='bbox 2957 1240 3293 1291; x_wconf 85' lang='lat' dir='ltr'><strong>contrarium</strong></span> <span class='ocrx_word' id='word_1_149' title='bbox 3338 1240 3538 1294; x_wconf 64' lang='lat' dir='ltr'><strong>intelli-</strong></span> 
     </span>
    </p>
   </div>
   <div class='ocr_carea' id='block_1_20' title="bbox 271 1322 1877 1402">
    <p class='ocr_par' dir='ltr' id='par_1_20' title="bbox 271 1329 1856 1402">
     <span class='ocr_line' id='line_1_20' title="bbox 271 1329 1856 1402; baseline -0.003 -16"><span class='ocrx_word' id='word_1_150' title='bbox 271 1333 653 1395; x_wconf 69' lang='grc' dir='ltr'>ἁναλαεόντες,</span> <span class='ocrx_word' id='word_1_151' title='bbox 688 1332 871 1400; x_wconf 78' lang='grc' dir='ltr'><strong>ἐντελῆ</strong></span> <span class='ocrx_word' id='word_1_152' title='bbox 904 1331 1236 1402; x_wconf 84' lang='grc' dir='ltr'>ποιησόμεθα</span> <span class='ocrx_word' id='word_1_153' title='bbox 1270 1332 1368 1401; x_wconf 82' lang='grc' dir='ltr'><strong>τὴν</strong></span> <span class='ocrx_word' id='word_1_154' title='bbox 1394 1329 1685 1397; x_wconf 85' lang='grc' dir='ltr'>ἀπολογίαν</span> <span class='ocrx_word' id='word_1_155' title='bbox 1719 1329 1856 1400; x_wconf 82' lang='grc' dir='ltr'>πρὸς</span> 
     </span>
    </p>
   </div>
   <div class='ocr_carea' id='block_1_21' title="bbox 1926 1322 3532 1402">
    <p class='ocr_par' dir='ltr' id='par_1_21' title="bbox 1956 1322 3532 1396">
     <span class='ocr_line' id='line_1_21' title="bbox 1956 1322 3532 1396; baseline 0.007 -22"><span class='ocrx_word' id='word_1_156' title='bbox 1956 1329 2122 1393; x_wconf 76' lang='lat' dir='ltr'><strong>gitur.</strong></span> <span class='ocrx_word' id='word_1_157' title='bbox 2152 1322 2337 1394; x_wconf 83' lang='lat' dir='ltr'><strong>Neque</strong></span> <span class='ocrx_word' id='word_1_158' title='bbox 2359 1327 2505 1380; x_wconf 91' lang='lat' dir='ltr'><strong>enim</strong></span> <span class='ocrx_word' id='word_1_159' title='bbox 2554 1343 2616 1382; x_wconf 89' lang='lat' dir='ltr'><strong>ea</strong></span> <span class='ocrx_word' id='word_1_160' title='bbox 2661 1339 2745 1383; x_wconf 89' lang='lat' dir='ltr'><strong>est</strong></span> <span class='ocrx_word' id='word_1_161' title='bbox 2793 1338 2992 1382; x_wconf 89' lang='lat' dir='ltr'><strong>natura</strong></span> <span class='ocrx_word' id='word_1_162' title='bbox 3047 1330 3418 1396; x_wconf 82' lang='lat' dir='ltr'><strong>tenebrarum,</strong></span> <span class='ocrx_word' id='word_1_163' title='bbox 3474 1341 3532 1385; x_wconf 91' lang='lat' dir='ltr'><strong>ut</strong></span> 
     </span>
    </p>
   </div>
   <div class='ocr_carea' id='block_1_22' title="bbox 269 1416 1875 1493">
    <p class='ocr_par' dir='ltr' id='par_1_22' title="bbox 269 1421 1855 1493">
     <span class='ocr_line' id='line_1_22' title="bbox 269 1421 1855 1493; baseline -0.002 -18"><span class='ocrx_word' id='word_1_164' title='bbox 269 1425 395 1487; x_wconf 73' lang='grc' dir='ltr'>τοὺς</span> <span class='ocrx_word' id='word_1_165' title='bbox 424 1421 865 1493; x_wconf 86' lang='grc' dir='ltr'>κατηγοροῦντας</span> <span class='ocrx_word' id='word_1_166' title='bbox 889 1423 984 1493; x_wconf 85' lang='grc' dir='ltr'>τῆς</span> <span class='ocrx_word' id='word_1_167' title='bbox 1007 1422 1154 1485; x_wconf 86' lang='grc' dir='ltr'>θείας</span> <span class='ocrx_word' id='word_1_168' title='bbox 1177 1421 1483 1492; x_wconf 79' lang='grc' dir='ltr'>οἰκονομίας</span> <span class='ocrx_word' id='word_1_169' title='bbox 1508 1462 1523 1486; x_wconf 95' lang='grc'><strong>,</strong></span> <span class='ocrx_word' id='word_1_170' title='bbox 1552 1421 1673 1474; x_wconf 84' lang='grc' dir='ltr'>ὅτου</span> <span class='ocrx_word' id='word_1_171' title='bbox 1696 1421 1855 1490; x_wconf 81' lang='grc' dir='ltr'><strong>χάριν</strong></span> 
     </span>
    </p>
   </div>
   <div class='ocr_carea' id='block_1_23' title="bbox 1924 1416 3530 1493">
    <p class='ocr_par' dir='ltr' id='par_1_23' title="bbox 1958 1416 3530 1490">
     <span class='ocr_line' id='line_1_23' title="bbox 1958 1416 3530 1490; baseline 0.006 -23"><span class='ocrx_word' id='word_1_172' title='bbox 1958 1416 2079 1470; x_wconf 92' lang='lat' dir='ltr'><strong>luce</strong></span> <span class='ocrx_word' id='word_1_173' title='bbox 2138 1427 2403 1486; x_wconf 69' lang='lat' dir='ltr'><strong>praesente</strong></span> <span class='ocrx_word' id='word_1_174' title='bbox 2441 1428 2797 1487; x_wconf 86' lang='lat' dir='ltr'><strong>permaneant</strong></span> <span class='ocrx_word' id='word_1_175' title='bbox 2828 1438 2840 1472; x_wconf 86' lang='lat'>:</span> <span class='ocrx_word' id='word_1_176' title='bbox 2878 1437 3055 1490; x_wconf 91' lang='lat' dir='ltr'><strong>neque</strong></span> <span class='ocrx_word' id='word_1_177' title='bbox 3092 1424 3307 1485; x_wconf 89' lang='lat' dir='ltr'><strong>mortis,</strong></span> <span class='ocrx_word' id='word_1_178' title='bbox 3367 1431 3426 1476; x_wconf 92' lang='lat' dir='ltr'><strong>ut</strong></span> <span class='ocrx_word' id='word_1_179' title='bbox 3459 1424 3530 1478; x_wconf 89' lang='lat' dir='ltr'><strong>sit</strong></span> 
     </span>
    </p>
   </div>
   <div class='ocr_carea' id='block_1_24' title="bbox 267 1507 1873 1584">
    <p class='ocr_par' dir='ltr' id='par_1_24' title="bbox 267 1511 1856 1584">
     <span class='ocr_line' id='line_1_24' title="bbox 267 1511 1856 1584; baseline -0.001 -19"><span class='ocrx_word' id='word_1_180' title='bbox 267 1513 334 1565; x_wconf 89' lang='grc' dir='ltr'>δι’</span> <span class='ocrx_word' id='word_1_181' title='bbox 362 1512 567 1581; x_wconf 80' lang='grc' dir='ltr'>ἑαυτῆς</span> <span class='ocrx_word' id='word_1_182' title='bbox 592 1514 625 1582; x_wconf 83' lang='grc' dir='ltr'>ὴ</span> <span class='ocrx_word' id='word_1_183' title='bbox 651 1512 851 1582; x_wconf 86' lang='grc' dir='ltr'>Θεότης</span> <span class='ocrx_word' id='word_1_184' title='bbox 873 1512 972 1582; x_wconf 80' lang='grc' dir='ltr'>τὴν</span> <span class='ocrx_word' id='word_1_185' title='bbox 1002 1512 1347 1584; x_wconf 83' lang='grc' dir='ltr'>ἀνθρωπίνην</span> <span class='ocrx_word' id='word_1_186' title='bbox 1376 1513 1436 1565; x_wconf 86' lang='grc' dir='ltr'><strong>οὐ</strong></span> <span class='ocrx_word' id='word_1_187' title='bbox 1463 1511 1856 1583; x_wconf 78' lang='grc' dir='ltr'>κατεργάζεται</span> 
     </span>
    </p>
   </div>
   <div class='ocr_carea' id='block_1_25' title="bbox 1925 1507 3531 1584">
    <p class='ocr_par' dir='ltr' id='par_1_25' title="bbox 1957 1507 3531 1583">
     <span class='ocr_line' id='line_1_25' title="bbox 1957 1507 3531 1583; baseline 0.006 -25"><span class='ocrx_word' id='word_1_188' title='bbox 1957 1507 2065 1560; x_wconf 82' lang='lat' dir='ltr'><strong>vita</strong></span> <span class='ocrx_word' id='word_1_189' title='bbox 2099 1516 2380 1577; x_wconf 79' lang='lat' dir='ltr'><strong>operante.</strong></span> <span class='ocrx_word' id='word_1_190' title='bbox 2415 1510 2471 1561; x_wconf 89' lang='lat' dir='ltr'><strong>ln</strong></span> <span class='ocrx_word' id='word_1_191' title='bbox 2508 1526 2778 1563; x_wconf 87' lang='lat' dir='ltr'><strong>summam</strong></span> <span class='ocrx_word' id='word_1_192' title='bbox 2818 1511 3003 1580; x_wconf 85' lang='lat' dir='ltr'><strong>itaque</strong></span> <span class='ocrx_word' id='word_1_193' title='bbox 3036 1513 3248 1566; x_wconf 88' lang='lat' dir='ltr'><strong>redacta</strong></span> <span class='ocrx_word' id='word_1_194' title='bbox 3287 1515 3531 1583; x_wconf 83' lang='lat' dir='ltr'><strong>mysterii</strong></span> 
     </span>
    </p>
   </div>
   <div class='ocr_carea' id='block_1_26' title="bbox 260 1600 1866 1676">
    <p class='ocr_par' dir='ltr' id='par_1_26' title="bbox 260 1604 1853 1676">
     <span class='ocr_line' id='line_1_26' title="bbox 260 1604 1853 1676; baseline -0.002 -18"><span class='ocrx_word' id='word_1_195' title='bbox 260 1606 572 1676; x_wconf 73' lang='grc' dir='ltr'>σωτηρίαν.</span> <span class='ocrx_word' id='word_1_196' title='bbox 605 1607 695 1658; x_wconf 85' lang='grc' dir='ltr'>Δεῖ</span> <span class='ocrx_word' id='word_1_197' title='bbox 724 1605 832 1672; x_wconf 84' lang='grc' dir='ltr'><strong>γὰρ</strong></span> <span class='ocrx_word' id='word_1_198' title='bbox 863 1604 949 1657; x_wconf 69' lang='grc' dir='ltr'>διὰ</span> <span class='ocrx_word' id='word_1_199' title='bbox 979 1605 1192 1660; x_wconf 87' lang='grc' dir='ltr'>πάντων</span> <span class='ocrx_word' id='word_1_200' title='bbox 1215 1605 1277 1657; x_wconf 78' lang='grc' dir='ltr'><strong>τὸ</strong></span> <span class='ocrx_word' id='word_1_201' title='bbox 1302 1605 1454 1657; x_wconf 83' lang='grc' dir='ltr'>Θεῖον</span> <span class='ocrx_word' id='word_1_202' title='bbox 1487 1606 1544 1656; x_wconf 76' lang='grc' dir='ltr'><strong>ἐν</strong></span> <span class='ocrx_word' id='word_1_203' title='bbox 1568 1606 1688 1667; x_wconf 84' lang='grc' dir='ltr'>ταῖς</span> <span class='ocrx_word' id='word_1_204' title='bbox 1718 1620 1853 1672; x_wconf 77' lang='grc' dir='ltr'>στρε-</span> 
     </span>
    </p>
   </div>
   <div class='ocr_carea' id='block_1_27' title="bbox 1922 1600 3528 1676">
    <p class='ocr_par' dir='ltr' id='par_1_27' title="bbox 1957 1600 3528 1670">
     <span class='ocr_line' id='line_1_27' title="bbox 1957 1600 3528 1670; baseline 0.006 -18"><span class='ocrx_word' id='word_1_205' title='bbox 1957 1600 2366 1668; x_wconf 80' lang='lat' dir='ltr'><strong>consequentia,</strong></span> <span class='ocrx_word' id='word_1_206' title='bbox 2393 1600 2690 1670; x_wconf 79' lang='lat' dir='ltr'><strong>perfectam</strong></span> <span class='ocrx_word' id='word_1_207' title='bbox 2726 1602 2992 1659; x_wconf 82' lang='lat' dir='ltr'><strong>faciemus</strong></span> <span class='ocrx_word' id='word_1_208' title='bbox 3022 1604 3395 1660; x_wconf 83' lang='lat' dir='ltr'><strong>defensionem</strong></span> <span class='ocrx_word' id='word_1_209' title='bbox 3429 1607 3528 1661; x_wconf 90' lang='lat' dir='ltr'><strong>ad-</strong></span> 
     </span>
    </p>
   </div>
   <div class='ocr_carea' id='block_1_28' title="bbox 269 1692 1875 1766">
    <p class='ocr_par' dir='ltr' id='par_1_28' title="bbox 269 1692 1854 1766">
     <span class='ocr_line' id='line_1_28' title="bbox 269 1692 1854 1766; baseline -0.001 -18"><span class='ocrx_word' id='word_1_210' title='bbox 269 1696 502 1760; x_wconf 86' lang='grc' dir='ltr'>πούσαις</span> <span class='ocrx_word' id='word_1_211' title='bbox 550 1694 878 1764; x_wconf 82' lang='grc' dir='ltr'>ὐπολήψεσιν</span> <span class='ocrx_word' id='word_1_212' title='bbox 923 1692 1081 1750; x_wconf 73' lang='grc' dir='ltr'>εῖναιο</span> <span class='ocrx_word' id='word_1_213' title='bbox 1129 1696 1204 1766; x_wconf 71' lang='grc' dir='ltr'>μὴ</span> <span class='ocrx_word' id='word_1_214' title='bbox 1257 1696 1317 1749; x_wconf 88' lang='grc' dir='ltr'><strong>τὸ</strong></span> <span class='ocrx_word' id='word_1_215' title='bbox 1365 1696 1463 1765; x_wconf 85' lang='grc' dir='ltr'>μὲν</span> <span class='ocrx_word' id='word_1_216' title='bbox 1512 1695 1731 1765; x_wconf 77' lang='grc' dir='ltr'>ὑψηλῶς</span> <span class='ocrx_word' id='word_1_217' title='bbox 1769 1697 1854 1746; x_wconf 77' lang='grc' dir='ltr'><strong>ἐπ’</strong></span> 
     </span>
    </p>
   </div>
   <div class='ocr_carea' id='block_1_29' title="bbox 1922 1692 3528 1766">
    <p class='ocr_par' dir='ltr' id='par_1_29' title="bbox 1956 1694 3528 1765">
     <span class='ocr_line' id='line_1_29' title="bbox 1956 1694 3528 1765; baseline 0.004 -22"><span class='ocrx_word' id='word_1_218' title='bbox 1956 1707 2147 1747; x_wconf 87' lang='lat' dir='ltr'><strong>versus</strong></span> <span class='ocrx_word' id='word_1_219' title='bbox 2174 1708 2271 1746; x_wconf 89' lang='lat' dir='ltr'><strong>eos</strong></span> <span class='ocrx_word' id='word_1_220' title='bbox 2311 1694 2403 1765; x_wconf 82' lang='lat' dir='ltr'><strong>qni</strong></span> <span class='ocrx_word' id='word_1_221' title='bbox 2452 1702 2715 1748; x_wconf 85' lang='lat' dir='ltr'><strong>accusant</strong></span> <span class='ocrx_word' id='word_1_222' title='bbox 2757 1694 2998 1748; x_wconf 86' lang='lat' dir='ltr'><strong>divinam</strong></span> <span class='ocrx_word' id='word_1_223' title='bbox 3039 1696 3528 1765; x_wconf 85' lang='lat' dir='ltr'><strong>dispensationem,</strong></span> 
     </span>
    </p>
   </div>
   <div class='ocr_carea' id='block_1_30' title="bbox 269 1785 1875 1858">
    <p class='ocr_par' dir='ltr' id='par_1_30' title="bbox 269 1785 1858 1857">
     <span class='ocr_line' id='line_1_30' title="bbox 269 1785 1858 1857; baseline -0.001 -16"><span class='ocrx_word' id='word_1_224' title='bbox 269 1786 435 1841; x_wconf 85' lang='grc' dir='ltr'>αὐτοῦ</span> <span class='ocrx_word' id='word_1_225' title='bbox 464 1785 705 1839; x_wconf 85' lang='grc' dir='ltr'>νοεῖσθαι</span> <span class='ocrx_word' id='word_1_226' title='bbox 726 1826 741 1849; x_wconf 93' lang='grc'><strong>,</strong></span> <span class='ocrx_word' id='word_1_227' title='bbox 772 1787 834 1839; x_wconf 90' lang='grc' dir='ltr'><strong>τὸ</strong></span> <span class='ocrx_word' id='word_1_228' title='bbox 858 1786 914 1839; x_wconf 85' lang='grc' dir='ltr'>δὲ</span> <span class='ocrx_word' id='word_1_229' title='bbox 948 1786 1046 1857; x_wconf 82' lang='grc' dir='ltr'>τῆς</span> <span class='ocrx_word' id='word_1_230' title='bbox 1067 1785 1396 1857; x_wconf 82' lang='grc' dir='ltr'>θεοπρεποῦς</span> <span class='ocrx_word' id='word_1_231' title='bbox 1426 1785 1578 1853; x_wconf 81' lang='grc' dir='ltr'>ἀξίας</span> <span class='ocrx_word' id='word_1_232' title='bbox 1603 1786 1858 1840; x_wconf 78' lang='grc' dir='ltr'>ἐκϐάλλε-</span> 
     </span>
    </p>
   </div>
   <div class='ocr_carea' id='block_1_31' title="bbox 1926 1785 3532 1858">
    <p class='ocr_par' dir='ltr' id='par_1_31' title="bbox 1960 1785 3532 1858">
     <span class='ocr_line' id='line_1_31' title="bbox 1960 1785 3532 1858; baseline 0.003 -20"><span class='ocrx_word' id='word_1_233' title='bbox 1960 1800 2154 1853; x_wconf 87' lang='lat' dir='ltr'><strong>nempe</strong></span> <span class='ocrx_word' id='word_1_234' title='bbox 2186 1801 2422 1849; x_wconf 88' lang='lat' dir='ltr'><strong>quanam</strong></span> <span class='ocrx_word' id='word_1_235' title='bbox 2470 1785 2537 1840; x_wconf 90' lang='lat' dir='ltr'><strong>de</strong></span> <span class='ocrx_word' id='word_1_236' title='bbox 2575 1802 2740 1841; x_wconf 90' lang='lat' dir='ltr'><strong>causa</strong></span> <span class='ocrx_word' id='word_1_237' title='bbox 2788 1786 3055 1844; x_wconf 88' lang='lat' dir='ltr'><strong>Divinitas</strong></span> <span class='ocrx_word' id='word_1_238' title='bbox 3103 1788 3395 1842; x_wconf 88' lang='lat' dir='ltr'><strong>humanam</strong></span> <span class='ocrx_word' id='word_1_239' title='bbox 3438 1803 3532 1858; x_wconf 90' lang='lat' dir='ltr'><strong>per</strong></span> 
     </span>
    </p>
   </div>
   <div class='ocr_carea' id='block_1_32' title="bbox 270 1876 1876 1948">
    <p class='ocr_par' dir='ltr' id='par_1_32' title="bbox 270 1877 1853 1948">
     <span class='ocr_line' id='line_1_32' title="bbox 270 1877 1853 1948; baseline 0 -18"><span class='ocrx_word' id='word_1_240' title='bbox 270 1877 394 1930; x_wconf 85' lang='grc' dir='ltr'>σθαι</span> <span class='ocrx_word' id='word_1_241' title='bbox 416 1894 429 1907; x_wconf 86' lang='grc'><strong>·</strong></span> <span class='ocrx_word' id='word_1_242' title='bbox 452 1877 594 1930; x_wconf 77' lang='grc' dir='ltr'>ἀλλὰ</span> <span class='ocrx_word' id='word_1_243' title='bbox 614 1879 720 1931; x_wconf 70' lang='grc' dir='ltr'><strong>πᾶν</strong></span> <span class='ocrx_word' id='word_1_244' title='bbox 742 1877 940 1948; x_wconf 75' lang='grc' dir='ltr'>ὑψηλὸν</span> <span class='ocrx_word' id='word_1_245' title='bbox 964 1880 1056 1932; x_wconf 75' lang='grc' dir='ltr'><strong>καὶ</strong></span> <span class='ocrx_word' id='word_1_246' title='bbox 1078 1879 1300 1942; x_wconf 76' lang='grc' dir='ltr'>εὐσεϐὲς</span> <span class='ocrx_word' id='word_1_247' title='bbox 1326 1879 1503 1948; x_wconf 89' lang='grc' dir='ltr'>νόημα</span> <span class='ocrx_word' id='word_1_248' title='bbox 1532 1878 1614 1931; x_wconf 77' lang='grc' dir='ltr'><strong>δεῖ</strong></span> <span class='ocrx_word' id='word_1_249' title='bbox 1637 1879 1853 1948; x_wconf 78' lang='grc' dir='ltr'>πάντως</span> 
     </span>
    </p>
   </div>
   <div class='ocr_carea' id='block_1_33' title="bbox 1925 1876 3531 1948">
    <p class='ocr_par' dir='ltr' id='par_1_33' title="bbox 1925 1876 3531 1946">
     <span class='ocr_line' id='line_1_33' title="bbox 1925 1876 3531 1946; baseline 0.004 -18"><span class='ocrx_word' id='word_1_250' title='bbox 1925 1887 1929 1928; x_wconf 82' lang='lat'><strong>:</strong></span> <span class='ocrx_word' id='word_1_251' title='bbox 1962 1890 2021 1928; x_wconf 92' lang='lat' dir='ltr'><strong>se</strong></span> <span class='ocrx_word' id='word_1_252' title='bbox 2052 1891 2163 1928; x_wconf 93' lang='lat' dir='ltr'><strong>non</strong></span> <span class='ocrx_word' id='word_1_253' title='bbox 2195 1876 2355 1930; x_wconf 84' lang='lat' dir='ltr'><strong>ellicit</strong></span> <span class='ocrx_word' id='word_1_254' title='bbox 2386 1876 2637 1931; x_wconf 83' lang='lat' dir='ltr'><strong>salutem.</strong></span> <span class='ocrx_word' id='word_1_255' title='bbox 2704 1876 2930 1946; x_wconf 86' lang='lat' dir='ltr'><strong>Oportet</strong></span> <span class='ocrx_word' id='word_1_256' title='bbox 2977 1879 3121 1931; x_wconf 88' lang='lat' dir='ltr'><strong>enim</strong></span> <span class='ocrx_word' id='word_1_257' title='bbox 3173 1881 3227 1932; x_wconf 90' lang='lat' dir='ltr'><strong>in</strong></span> <span class='ocrx_word' id='word_1_258' title='bbox 3274 1880 3531 1934; x_wconf 86' lang='lat' dir='ltr'><strong>omnibus</strong></span> 
     </span>
    </p>
   </div>
   <div class='ocr_carea' id='block_1_34' title="bbox 268 1967 1874 2040">
    <p class='ocr_par' dir='ltr' id='par_1_34' title="bbox 268 1968 1852 2039">
     <span class='ocr_line' id='line_1_34' title="bbox 268 1968 1852 2039; baseline 0.001 -20"><span class='ocrx_word' id='word_1_259' title='bbox 268 1969 361 2020; x_wconf 70' lang='grc' dir='ltr'>ἐπὶ</span> <span class='ocrx_word' id='word_1_260' title='bbox 395 1968 539 2021; x_wconf 83' lang='grc' dir='ltr'>Θεοῦ</span> <span class='ocrx_word' id='word_1_261' title='bbox 579 1970 965 2035; x_wconf 81' lang='grc' dir='ltr'>πιστεύεσθαι,</span> <span class='ocrx_word' id='word_1_262' title='bbox 997 1971 1100 2022; x_wconf 78' lang='grc' dir='ltr'>καὶ</span> <span class='ocrx_word' id='word_1_263' title='bbox 1138 1969 1505 2039; x_wconf 84' lang='grc' dir='ltr'>συνηρτῆσθαι</span> <span class='ocrx_word' id='word_1_264' title='bbox 1538 1969 1604 2022; x_wconf 86' lang='grc' dir='ltr'>δι’</span> <span class='ocrx_word' id='word_1_265' title='bbox 1625 1970 1852 2023; x_wconf 83' lang='grc' dir='ltr'>ἀκολου-</span> 
     </span>
    </p>
   </div>
   <div class='ocr_carea' id='block_1_35' title="bbox 1923 1967 3529 2040">
    <p class='ocr_par' dir='ltr' id='par_1_35' title="bbox 1955 1967 3529 2040">
     <span class='ocr_line' id='line_1_35' title="bbox 1955 1967 3529 2040; baseline 0.003 -21"><span class='ocrx_word' id='word_1_266' title='bbox 1955 1981 2018 2019; x_wconf 82' lang='lat' dir='ltr'><strong>ea</strong></span> <span class='ocrx_word' id='word_1_267' title='bbox 2040 1967 2107 2021; x_wconf 93' lang='lat' dir='ltr'><strong>de</strong></span> <span class='ocrx_word' id='word_1_268' title='bbox 2132 1967 2239 2021; x_wconf 88' lang='lat' dir='ltr'><strong>Deo</strong></span> <span class='ocrx_word' id='word_1_269' title='bbox 2263 1968 2457 2023; x_wconf 88' lang='lat' dir='ltr'><strong>sentiri</strong></span> <span class='ocrx_word' id='word_1_270' title='bbox 2488 1976 2543 2023; x_wconf 92' lang='lat' dir='ltr'><strong>et</strong></span> <span class='ocrx_word' id='word_1_271' title='bbox 2579 1969 2880 2023; x_wconf 73' lang='lat' dir='ltr'><strong>existimari</strong></span> <span class='ocrx_word' id='word_1_272' title='bbox 2918 1986 3037 2038; x_wconf 73' lang='lat' dir='ltr'><strong>qua:</strong></span> <span class='ocrx_word' id='word_1_273' title='bbox 3088 1970 3255 2024; x_wconf 85' lang='lat' dir='ltr'><strong>Deum</strong></span> <span class='ocrx_word' id='word_1_274' title='bbox 3293 1971 3529 2040; x_wconf 83' lang='lat' dir='ltr'><strong>decent;</strong></span> 
     </span>
    </p>
   </div>
   <div class='ocr_carea' id='block_1_36' title="bbox 269 2057 1875 2132">
    <p class='ocr_par' dir='ltr' id='par_1_36' title="bbox 269 2057 1851 2132">
     <span class='ocr_line' id='line_1_36' title="bbox 269 2057 1851 2132; baseline 0.003 -22"><span class='ocrx_word' id='word_1_275' title='bbox 269 2057 389 2123; x_wconf 90' lang='grc' dir='ltr'>θίας</span> <span class='ocrx_word' id='word_1_276' title='bbox 421 2060 501 2129; x_wconf 83' lang='grc' dir='ltr'>τῷ</span> <span class='ocrx_word' id='word_1_277' title='bbox 525 2062 696 2132; x_wconf 80' lang='grc' dir='ltr'>ἑτέρῳ</span> <span class='ocrx_word' id='word_1_278' title='bbox 718 2061 777 2114; x_wconf 88' lang='grc' dir='ltr'><strong>τὸ</strong></span> <span class='ocrx_word' id='word_1_279' title='bbox 799 2062 1002 2132; x_wconf 74' lang='grc' dir='ltr'>ἕτερον.</span> <span class='ocrx_word' id='word_1_280' title='bbox 1042 2062 1316 2115; x_wconf 81' lang='grc' dir='ltr'>Δέδεικται</span> <span class='ocrx_word' id='word_1_281' title='bbox 1343 2061 1521 2115; x_wconf 90' lang='grc' dir='ltr'>τοίνυν</span> <span class='ocrx_word' id='word_1_282' title='bbox 1541 2061 1601 2115; x_wconf 90' lang='grc' dir='ltr'><strong>τὸ</strong></span> <span class='ocrx_word' id='word_1_283' title='bbox 1628 2061 1851 2129; x_wconf 84' lang='grc' dir='ltr'>ἀγαθὸν,</span> 
     </span>
    </p>
   </div>
   <div class='ocr_carea' id='block_1_37' title="bbox 1928 2057 3534 2132">
    <p class='ocr_par' dir='ltr' id='par_1_37' title="bbox 1953 2059 3534 2128">
     <span class='ocr_line' id='line_1_37' title="bbox 1953 2059 3534 2128; baseline 0.001 -16"><span class='ocrx_word' id='word_1_284' title='bbox 1953 2067 2008 2112; x_wconf 92' lang='lat' dir='ltr'><strong>et</strong></span> <span class='ocrx_word' id='word_1_285' title='bbox 2046 2075 2155 2113; x_wconf 92' lang='lat' dir='ltr'><strong>non</strong></span> <span class='ocrx_word' id='word_1_286' title='bbox 2187 2059 2289 2113; x_wconf 93' lang='lat' dir='ltr'><strong>hoc</strong></span> <span class='ocrx_word' id='word_1_287' title='bbox 2308 2059 2528 2128; x_wconf 89' lang='lat' dir='ltr'><strong>quidem</strong></span> <span class='ocrx_word' id='word_1_288' title='bbox 2569 2062 2782 2113; x_wconf 81' lang='lat' dir='ltr'><strong>excelse</strong></span> <span class='ocrx_word' id='word_1_289' title='bbox 2812 2068 2865 2115; x_wconf 92' lang='lat' dir='ltr'><strong>ct</strong></span> <span class='ocrx_word' id='word_1_290' title='bbox 2916 2061 3218 2115; x_wconf 86' lang='lat' dir='ltr'><strong>sublimiter</strong></span> <span class='ocrx_word' id='word_1_291' title='bbox 3254 2060 3323 2116; x_wconf 92' lang='lat' dir='ltr'><strong>de</strong></span> <span class='ocrx_word' id='word_1_292' title='bbox 3357 2077 3422 2115; x_wconf 90' lang='lat' dir='ltr'><strong>eo</strong></span> <span class='ocrx_word' id='word_1_293' title='bbox 3450 2061 3534 2114; x_wconf 92' lang='lat' dir='ltr'><strong>in-</strong></span> 
     </span>
    </p>
   </div>
   <div class='ocr_carea' id='block_1_38' title="bbox 270 2148 1876 2223">
    <p class='ocr_par' dir='ltr' id='par_1_38' title="bbox 270 2148 1854 2223">
     <span class='ocr_line' id='line_1_38' title="bbox 270 2148 1854 2223; baseline 0 -18"><span class='ocrx_word' id='word_1_294' title='bbox 270 2148 537 2219; x_wconf 78' lang='grc' dir='ltr'>τδσο·,;ὸν,</span> <span class='ocrx_word' id='word_1_295' title='bbox 565 2152 626 2205; x_wconf 84' lang='grc' dir='ltr'><strong>τὸ</strong></span> <span class='ocrx_word' id='word_1_296' title='bbox 646 2152 870 2218; x_wconf 88' lang='grc' dir='ltr'>δίκαιον,</span> <span class='ocrx_word' id='word_1_297' title='bbox 900 2153 962 2205; x_wconf 85' lang='grc' dir='ltr'><strong>τὸ</strong></span> <span class='ocrx_word' id='word_1_298' title='bbox 990 2152 1235 2216; x_wconf 87' lang='grc' dir='ltr'>δυνατὸν,</span> <span class='ocrx_word' id='word_1_299' title='bbox 1265 2153 1325 2205; x_wconf 89' lang='grc' dir='ltr'><strong>τὸ</strong></span> <span class='ocrx_word' id='word_1_300' title='bbox 1360 2152 1564 2223; x_wconf 83' lang='grc' dir='ltr'>φθορᾶς</span> <span class='ocrx_word' id='word_1_301' title='bbox 1604 2153 1854 2206; x_wconf 82' lang='grc' dir='ltr'>ἀνεπίδε-</span> 
     </span>
    </p>
   </div>
   <div class='ocr_carea' id='block_1_39' title="bbox 1929 2148 3535 2223">
    <p class='ocr_par' dir='ltr' id='par_1_39' title="bbox 1957 2150 3535 2222">
     <span class='ocr_line' id='line_1_39' title="bbox 1957 2150 3535 2222; baseline 0.003 -20"><span class='ocrx_word' id='word_1_302' title='bbox 1957 2150 2151 2219; x_wconf 76' lang='lat' dir='ltr'><strong>tclligi,</strong></span> <span class='ocrx_word' id='word_1_303' title='bbox 2212 2150 2343 2204; x_wconf 91' lang='lat' dir='ltr'><strong>illud</strong></span> <span class='ocrx_word' id='word_1_304' title='bbox 2377 2159 2556 2205; x_wconf 89' lang='lat' dir='ltr'><strong>autem</strong></span> <span class='ocrx_word' id='word_1_305' title='bbox 2602 2152 2787 2219; x_wconf 85' lang='lat' dir='ltr'><strong>repelli</strong></span> <span class='ocrx_word' id='word_1_306' title='bbox 2823 2153 2891 2204; x_wconf 87' lang='lat' dir='ltr'><strong>ab</strong></span> <span class='ocrx_word' id='word_1_307' title='bbox 2920 2167 2982 2205; x_wconf 88' lang='lat' dir='ltr'><strong>ea</strong></span> <span class='ocrx_word' id='word_1_308' title='bbox 3022 2170 3142 2222; x_wconf 72' lang='lat' dir='ltr'><strong>qua:</strong></span> <span class='ocrx_word' id='word_1_309' title='bbox 3173 2154 3281 2208; x_wconf 83' lang='lat' dir='ltr'><strong>Deo</strong></span> <span class='ocrx_word' id='word_1_310' title='bbox 3334 2169 3535 2207; x_wconf 90' lang='lat' dir='ltr'><strong>conve-</strong></span> 
     </span>
    </p>
   </div>
   <div class='ocr_carea' id='block_1_40' title="bbox 271 2240 1877 2314">
    <p class='ocr_par' dir='ltr' id='par_1_40' title="bbox 271 2241 1857 2314">
     <span class='ocr_line' id='line_1_40' title="bbox 271 2241 1857 2314; baseline 0 -19"><span class='ocrx_word' id='word_1_311' title='bbox 271 2258 417 2306; x_wconf 82' lang='grc' dir='ltr'>κτον,</span> <span class='ocrx_word' id='word_1_312' title='bbox 444 2243 628 2296; x_wconf 85' lang='grc' dir='ltr'>πάντα</span> <span class='ocrx_word' id='word_1_313' title='bbox 661 2241 737 2312; x_wconf 83' lang='grc' dir='ltr'>τῷ</span> <span class='ocrx_word' id='word_1_314' title='bbox 764 2242 907 2311; x_wconf 85' lang='grc' dir='ltr'>λόγῳ</span> <span class='ocrx_word' id='word_1_315' title='bbox 942 2243 1040 2313; x_wconf 82' lang='grc' dir='ltr'>τῆς</span> <span class='ocrx_word' id='word_1_316' title='bbox 1066 2243 1186 2296; x_wconf 87' lang='grc' dir='ltr'>καθ’</span> <span class='ocrx_word' id='word_1_317' title='bbox 1226 2245 1373 2314; x_wconf 83' lang='grc' dir='ltr'>ἡμᾶς</span> <span class='ocrx_word' id='word_1_318' title='bbox 1402 2244 1711 2314; x_wconf 82' lang='grc' dir='ltr'>οἰκονομίας</span> <span class='ocrx_word' id='word_1_319' title='bbox 1736 2245 1857 2297; x_wconf 80' lang='grc' dir='ltr'>ἐπι-</span> 
     </span>
    </p>
   </div>
   <div class='ocr_carea' id='block_1_41' title="bbox 1928 2240 3534 2314">
    <p class='ocr_par' dir='ltr' id='par_1_41' title="bbox 1956 2240 3534 2311">
     <span class='ocr_line' id='line_1_41' title="bbox 1956 2240 3534 2311; baseline 0.001 -16"><span class='ocrx_word' id='word_1_320' title='bbox 1956 2241 2035 2295; x_wconf 89' lang='lat' dir='ltr'><strong>nit</strong></span> <span class='ocrx_word' id='word_1_321' title='bbox 2067 2240 2367 2310; x_wconf 78' lang='lat' dir='ltr'><strong>dignitate;</strong></span> <span class='ocrx_word' id='word_1_322' title='bbox 2409 2241 2503 2295; x_wconf 90' lang='lat' dir='ltr'><strong>sed</strong></span> <span class='ocrx_word' id='word_1_323' title='bbox 2548 2256 2764 2295; x_wconf 85' lang='lat' dir='ltr'><strong>omnem</strong></span> <span class='ocrx_word' id='word_1_324' title='bbox 2799 2242 3072 2297; x_wconf 84' lang='lat' dir='ltr'><strong>excelsam</strong></span> <span class='ocrx_word' id='word_1_325' title='bbox 3115 2257 3177 2296; x_wconf 90' lang='lat' dir='ltr'><strong>ac</strong></span> <span class='ocrx_word' id='word_1_326' title='bbox 3200 2244 3342 2311; x_wconf 90' lang='lat' dir='ltr'><strong>piam</strong></span> <span class='ocrx_word' id='word_1_327' title='bbox 3373 2243 3534 2298; x_wconf 88' lang='lat' dir='ltr'><strong>intel-</strong></span> 
     </span>
    </p>
   </div>
   <div class='ocr_carea' id='block_1_42' title="bbox 270 2332 1876 2407">
    <p class='ocr_par' dir='ltr' id='par_1_42' title="bbox 270 2332 1856 2407">
     <span class='ocr_line' id='line_1_42' title="bbox 270 2332 1856 2407; baseline 0.003 -23"><span class='ocrx_word' id='word_1_328' title='bbox 270 2332 621 2403; x_wconf 77' lang='grc' dir='ltr'>δεικνύμενα.</span> <span class='ocrx_word' id='word_1_329' title='bbox 654 2334 718 2387; x_wconf 88' lang='grc' dir='ltr'>Ἡ</span> <span class='ocrx_word' id='word_1_330' title='bbox 743 2334 1015 2403; x_wconf 83' lang='grc' dir='ltr'>ἀγαθότης</span> <span class='ocrx_word' id='word_1_331' title='bbox 1043 2338 1099 2389; x_wconf 86' lang='grc' dir='ltr'>ὲν</span> <span class='ocrx_word' id='word_1_332' title='bbox 1124 2335 1201 2405; x_wconf 86' lang='grc' dir='ltr'>τῷ</span> <span class='ocrx_word' id='word_1_333' title='bbox 1221 2334 1545 2407; x_wconf 82' lang='grc' dir='ltr'>προελέσθαι</span> <span class='ocrx_word' id='word_1_334' title='bbox 1575 2335 1745 2389; x_wconf 81' lang='grc' dir='ltr'>σῶσαι</span> <span class='ocrx_word' id='word_1_335' title='bbox 1766 2337 1856 2389; x_wconf 88' lang='grc' dir='ltr'><strong>τὸν</strong></span> 
     </span>
    </p>
   </div>
   <div class='ocr_carea' id='block_1_43' title="bbox 1911 2332 3517 2407">
    <p class='ocr_par' dir='ltr' id='par_1_43' title="bbox 1955 2333 3517 2404">
     <span class='ocr_line' id='line_1_43' title="bbox 1955 2333 3517 2404; baseline 0.001 -18"><span class='ocrx_word' id='word_1_336' title='bbox 1955 2333 2232 2403; x_wconf 79' lang='lat' dir='ltr'><strong>ligentiam</strong></span> <span class='ocrx_word' id='word_1_337' title='bbox 2273 2343 2488 2403; x_wconf 88' lang='lat' dir='ltr'><strong>oportet</strong></span> <span class='ocrx_word' id='word_1_338' title='bbox 2511 2335 2734 2386; x_wconf 89' lang='lat' dir='ltr'><strong>omnino</strong></span> <span class='ocrx_word' id='word_1_339' title='bbox 2769 2334 2821 2388; x_wconf 90' lang='lat' dir='ltr'><strong>in</strong></span> <span class='ocrx_word' id='word_1_340' title='bbox 2855 2334 2963 2389; x_wconf 90' lang='lat' dir='ltr'><strong>Deo</strong></span> <span class='ocrx_word' id='word_1_341' title='bbox 2990 2333 3159 2397; x_wconf 86' lang='lat' dir='ltr'><strong>credi,</strong></span> <span class='ocrx_word' id='word_1_342' title='bbox 3192 2343 3243 2389; x_wconf 86' lang='lat' dir='ltr'><strong>et</strong></span> <span class='ocrx_word' id='word_1_343' title='bbox 3271 2350 3363 2404; x_wconf 89' lang='lat' dir='ltr'><strong>per</strong></span> <span class='ocrx_word' id='word_1_344' title='bbox 3385 2352 3517 2389; x_wconf 85' lang='lat' dir='ltr'><strong>eon-</strong></span> 
     </span>
    </p>
   </div>
   <div class='ocr_carea' id='block_1_44' title="bbox 271 2424 1877 2496">
    <p class='ocr_par' dir='ltr' id='par_1_44' title="bbox 271 2424 1855 2496">
     <span class='ocr_line' id='line_1_44' title="bbox 271 2424 1855 2496; baseline 0.001 -19"><span class='ocrx_word' id='word_1_345' title='bbox 271 2424 591 2478; x_wconf 81' lang='grc' dir='ltr'>ἀπολωλότα</span> <span class='ocrx_word' id='word_1_346' title='bbox 619 2426 1111 2495; x_wconf 78' lang='grc' dir='ltr'>καταλαμϐάνεται.</span> <span class='ocrx_word' id='word_1_347' title='bbox 1154 2427 1221 2479; x_wconf 86' lang='grc' dir='ltr'><strong><em>Ἡ</em></strong></span> <span class='ocrx_word' id='word_1_348' title='bbox 1255 2426 1414 2495; x_wconf 80' lang='grc' dir='ltr'>σοφία</span> <span class='ocrx_word' id='word_1_349' title='bbox 1454 2428 1549 2479; x_wconf 76' lang='grc' dir='ltr'>καὶ</span> <span class='ocrx_word' id='word_1_350' title='bbox 1586 2428 1619 2496; x_wconf 79' lang='grc' dir='ltr'>ἡ</span> <span class='ocrx_word' id='word_1_351' title='bbox 1649 2429 1855 2480; x_wconf 89' lang='grc' dir='ltr'>δικαιο-</span> 
     </span>
    </p>
   </div>
   <div class='ocr_carea' id='block_1_45' title="bbox 1925 2424 3531 2496">
    <p class='ocr_par' dir='ltr' id='par_1_45' title="bbox 1969 2424 3531 2495">
     <span class='ocr_line' id='line_1_45' title="bbox 1969 2424 3531 2495; baseline 0 -17"><span class='ocrx_word' id='word_1_352' title='bbox 1969 2426 2313 2493; x_wconf 86' lang='lat' dir='ltr'><strong>sequentiam</strong></span> <span class='ocrx_word' id='word_1_353' title='bbox 2366 2441 2532 2478; x_wconf 89' lang='lat' dir='ltr'><strong>unum</strong></span> <span class='ocrx_word' id='word_1_354' title='bbox 2577 2426 2811 2495; x_wconf 88' lang='lat' dir='ltr'><strong>pendere</strong></span> <span class='ocrx_word' id='word_1_355' title='bbox 2857 2426 2924 2479; x_wconf 88' lang='lat' dir='ltr'><strong>ab</strong></span> <span class='ocrx_word' id='word_1_356' title='bbox 2975 2426 3171 2479; x_wconf 86' lang='lat' dir='ltr'><strong>altero.</strong></span> <span class='ocrx_word' id='word_1_357' title='bbox 3236 2424 3531 2479; x_wconf 73' lang='lat' dir='ltr'><strong>Ostensum</strong></span> 
     </span>
    </p>
   </div>
   <div class='ocr_carea' id='block_1_46' title="bbox 274 2513 1880 2587">
    <p class='ocr_par' dir='ltr' id='par_1_46' title="bbox 274 2513 1857 2585">
     <span class='ocr_line' id='line_1_46' title="bbox 274 2513 1857 2585; baseline 0 -18"><span class='ocrx_word' id='word_1_358' title='bbox 274 2513 430 2584; x_wconf 80' lang='grc' dir='ltr'>σύνη,</span> <span class='ocrx_word' id='word_1_359' title='bbox 463 2516 522 2567; x_wconf 81' lang='grc' dir='ltr'><strong>ἐν</strong></span> <span class='ocrx_word' id='word_1_360' title='bbox 554 2514 630 2584; x_wconf 80' lang='grc' dir='ltr'><strong>τῷ</strong></span> <span class='ocrx_word' id='word_1_361' title='bbox 652 2515 838 2585; x_wconf 85' lang='grc' dir='ltr'>τρόπῳ</span> <span class='ocrx_word' id='word_1_362' title='bbox 862 2514 961 2583; x_wconf 84' lang='grc' dir='ltr'><strong>τῆς</strong></span> <span class='ocrx_word' id='word_1_363' title='bbox 990 2515 1260 2583; x_wconf 89' lang='grc' dir='ltr'>σωτηρίας</span> <span class='ocrx_word' id='word_1_364' title='bbox 1284 2514 1441 2585; x_wconf 84' lang='grc' dir='ltr'>ήμῶν</span> <span class='ocrx_word' id='word_1_365' title='bbox 1469 2515 1754 2585; x_wconf 84' lang='grc' dir='ltr'>διεδείχθη.</span> <span class='ocrx_word' id='word_1_366' title='bbox 1792 2516 1857 2568; x_wconf 86' lang='grc' dir='ltr'><strong>Ἡ</strong></span> 
     </span>
    </p>
   </div>
   <div class='ocr_carea' id='block_1_47' title="bbox 1936 2513 3542 2587">
    <p class='ocr_par' dir='ltr' id='par_1_47' title="bbox 1957 2517 3542 2587">
     <span class='ocr_line' id='line_1_47' title="bbox 1957 2517 3542 2587; baseline 0.002 -19"><span class='ocrx_word' id='word_1_367' title='bbox 1957 2530 2090 2585; x_wconf 79' lang='lat' dir='ltr'><strong>ergo</strong></span> <span class='ocrx_word' id='word_1_368' title='bbox 2124 2523 2209 2570; x_wconf 88' lang='lat' dir='ltr'><strong>est</strong></span> <span class='ocrx_word' id='word_1_369' title='bbox 2251 2517 2568 2579; x_wconf 89' lang='lat' dir='ltr'><strong>bonitatem,</strong></span> <span class='ocrx_word' id='word_1_370' title='bbox 2614 2518 2962 2587; x_wconf 90' lang='lat' dir='ltr'><strong>sapientiam,</strong></span> <span class='ocrx_word' id='word_1_371' title='bbox 3008 2517 3299 2585; x_wconf 85' lang='lat' dir='ltr'><strong>justitiam.</strong></span> <span class='ocrx_word' id='word_1_372' title='bbox 3349 2525 3542 2586; x_wconf 75' lang='lat' dir='ltr'><strong>poten-</strong></span> 
     </span>
    </p>
   </div>
   <div class='ocr_carea' id='block_1_48' title="bbox 273 2605 1879 2677">
    <p class='ocr_par' dir='ltr' id='par_1_48' title="bbox 273 2605 1857 2677">
     <span class='ocr_line' id='line_1_48' title="bbox 273 2605 1857 2677; baseline 0.001 -20"><span class='ocrx_word' id='word_1_373' title='bbox 273 2605 504 2676; x_wconf 81' lang='grc' dir='ltr'>δύναμις</span> <span class='ocrx_word' id='word_1_374' title='bbox 553 2608 610 2659; x_wconf 80' lang='grc' dir='ltr'><strong>ὲν</strong></span> <span class='ocrx_word' id='word_1_375' title='bbox 658 2605 734 2673; x_wconf 85' lang='grc' dir='ltr'><strong>τῷ</strong></span> <span class='ocrx_word' id='word_1_376' title='bbox 785 2606 1038 2674; x_wconf 85' lang='grc' dir='ltr'>γενέσθαι</span> <span class='ocrx_word' id='word_1_377' title='bbox 1093 2606 1188 2675; x_wconf 85' lang='grc' dir='ltr'><strong>μὲν</strong></span> <span class='ocrx_word' id='word_1_378' title='bbox 1236 2606 1396 2659; x_wconf 87' lang='grc' dir='ltr'>αὐτὸν</span> <span class='ocrx_word' id='word_1_379' title='bbox 1448 2609 1504 2660; x_wconf 82' lang='grc' dir='ltr'><strong>ἐν</strong></span> <span class='ocrx_word' id='word_1_380' title='bbox 1554 2606 1857 2677; x_wconf 83' lang='grc' dir='ltr'>ὁμοιώματι</span> 
     </span>
    </p>
   </div>
   <div class='ocr_carea' id='block_1_49' title="bbox 1922 2605 3528 2677">
    <p class='ocr_par' dir='ltr' id='par_1_49' title="bbox 1957 2607 3528 2677">
     <span class='ocr_line' id='line_1_49' title="bbox 1957 2607 3528 2677; baseline 0.002 -18"><span class='ocrx_word' id='word_1_381' title='bbox 1957 2608 2109 2668; x_wconf 90' lang='lat' dir='ltr'><strong>tiam,</strong></span> <span class='ocrx_word' id='word_1_382' title='bbox 2140 2617 2192 2659; x_wconf 84' lang='lat' dir='ltr'><strong>et</strong></span> <span class='ocrx_word' id='word_1_383' title='bbox 2225 2607 2685 2677; x_wconf 74' lang='lat' dir='ltr'><strong>incorruptionem</strong></span> <span class='ocrx_word' id='word_1_384' title='bbox 2717 2608 2998 2662; x_wconf 80' lang='lat' dir='ltr'><strong>evidenter</strong></span> <span class='ocrx_word' id='word_1_385' title='bbox 3032 2609 3328 2662; x_wconf 87' lang='lat' dir='ltr'><strong>monstrari</strong></span> <span class='ocrx_word' id='word_1_386' title='bbox 3351 2609 3405 2662; x_wconf 90' lang='lat' dir='ltr'><strong>in</strong></span> <span class='ocrx_word' id='word_1_387' title='bbox 3436 2624 3528 2663; x_wconf 85' lang='lat' dir='ltr'><strong>ra-</strong></span> 
     </span>
    </p>
   </div>
   <div class='ocr_carea' id='block_1_50' title="bbox 274 2695 1880 2770">
    <p class='ocr_par' dir='ltr' id='par_1_50' title="bbox 274 2697 1858 2769">
     <span class='ocr_line' id='line_1_50' title="bbox 274 2697 1858 2769; baseline 0 -18"><span class='ocrx_word' id='word_1_388' title='bbox 274 2697 565 2767; x_wconf 86' lang='grc' dir='ltr'>ἀνθρώπου</span> <span class='ocrx_word' id='word_1_389' title='bbox 593 2698 687 2751; x_wconf 70' lang='grc' dir='ltr'><strong>καὶ</strong></span> <span class='ocrx_word' id='word_1_390' title='bbox 718 2699 957 2769; x_wconf 86' lang='grc' dir='ltr'>σχήματι</span> <span class='ocrx_word' id='word_1_391' title='bbox 985 2697 1126 2751; x_wconf 83' lang='grc' dir='ltr'>κατὰ</span> <span class='ocrx_word' id='word_1_392' title='bbox 1154 2698 1214 2752; x_wconf 90' lang='grc' dir='ltr'><strong>τὸ</strong></span> <span class='ocrx_word' id='word_1_393' title='bbox 1238 2698 1490 2751; x_wconf 87' lang='grc' dir='ltr'>ταπεινὸν</span> <span class='ocrx_word' id='word_1_394' title='bbox 1518 2698 1615 2768; x_wconf 79' lang='grc' dir='ltr'>τῆς</span> <span class='ocrx_word' id='word_1_395' title='bbox 1644 2697 1858 2765; x_wconf 81' lang='grc' dir='ltr'>φύσεως</span> 
     </span>
    </p>
   </div>
   <div class='ocr_carea' id='block_1_51' title="bbox 1931 2695 3537 2770">
    <p class='ocr_par' dir='ltr' id='par_1_51' title="bbox 1958 2695 3537 2770">
     <span class='ocr_line' id='line_1_51' title="bbox 1958 2695 3537 2770; baseline 0.003 -21"><span class='ocrx_word' id='word_1_396' title='bbox 1958 2695 2106 2750; x_wconf 89' lang='lat' dir='ltr'><strong>tione</strong></span> <span class='ocrx_word' id='word_1_397' title='bbox 2123 2705 2326 2751; x_wconf 73' lang='lat' dir='ltr'><strong>nostra:</strong></span> <span class='ocrx_word' id='word_1_398' title='bbox 2358 2698 2546 2752; x_wconf 89' lang='lat' dir='ltr'><strong>carnis</strong></span> <span class='ocrx_word' id='word_1_399' title='bbox 2572 2713 2601 2751; x_wconf 93' lang='lat' dir='ltr'><strong>a</strong></span> <span class='ocrx_word' id='word_1_400' title='bbox 2635 2698 2741 2753; x_wconf 84' lang='lat' dir='ltr'><strong>Deo</strong></span> <span class='ocrx_word' id='word_1_401' title='bbox 2772 2707 3044 2768; x_wconf 71' lang='lat' dir='ltr'><strong>suscepta:</strong></span> <span class='ocrx_word' id='word_1_402' title='bbox 3080 2700 3537 2770; x_wconf 69' lang='lat' dir='ltr'><strong>dispensationis.</strong></span> 
     </span>
    </p>
   </div>
   <div class='ocr_carea' id='block_1_52' title="bbox 274 2788 1880 2862">
    <p class='ocr_par' dir='ltr' id='par_1_52' title="bbox 274 2788 1859 2862">
     <span class='ocr_line' id='line_1_52' title="bbox 274 2788 1859 2862; baseline 0.003 -22"><span class='ocrx_word' id='word_1_403' title='bbox 274 2789 451 2858; x_wconf 81' lang='grc' dir='ltr'>ἡμῶν,</span> <span class='ocrx_word' id='word_1_404' title='bbox 484 2789 583 2843; x_wconf 76' lang='grc' dir='ltr'><strong>καί</strong></span> <span class='ocrx_word' id='word_1_405' title='bbox 603 2788 924 2858; x_wconf 83' lang='grc' dir='ltr'>ὲλπισθῆναι</span> <span class='ocrx_word' id='word_1_406' title='bbox 952 2789 1206 2842; x_wconf 83' lang='grc' dir='ltr'>δύνασθαι</span> <span class='ocrx_word' id='word_1_407' title='bbox 1237 2790 1398 2842; x_wconf 90' lang='grc' dir='ltr'>αὐτὸν</span> <span class='ocrx_word' id='word_1_408' title='bbox 1422 2790 1539 2842; x_wconf 86' lang='grc' dir='ltr'>καθ’</span> <span class='ocrx_word' id='word_1_409' title='bbox 1566 2790 1859 2862; x_wconf 82' lang='grc' dir='ltr'>ὁμοιότητα</span> 
     </span>
    </p>
   </div>
   <div class='ocr_carea' id='block_1_53' title="bbox 1926 2788 3532 2862">
    <p class='ocr_par' dir='ltr' id='par_1_53' title="bbox 1958 2790 3532 2861">
     <span class='ocr_line' id='line_1_53' title="bbox 1958 2790 3532 2861; baseline 0.001 -18"><span class='ocrx_word' id='word_1_410' title='bbox 1958 2790 2181 2845; x_wconf 89' lang='lat' dir='ltr'><strong>Bonitas</strong></span> <span class='ocrx_word' id='word_1_411' title='bbox 2211 2792 2264 2844; x_wconf 90' lang='lat' dir='ltr'><strong>in</strong></span> <span class='ocrx_word' id='word_1_412' title='bbox 2298 2791 2401 2844; x_wconf 88' lang='lat' dir='ltr'><strong>hoc</strong></span> <span class='ocrx_word' id='word_1_413' title='bbox 2430 2792 2935 2860; x_wconf 84' lang='lat' dir='ltr'><strong>comprehenditur,</strong></span> <span class='ocrx_word' id='word_1_414' title='bbox 2987 2790 3131 2861; x_wconf 87' lang='lat' dir='ltr'><strong>quod</strong></span> <span class='ocrx_word' id='word_1_415' title='bbox 3166 2794 3397 2846; x_wconf 88' lang='lat' dir='ltr'><strong>voluerit</strong></span> <span class='ocrx_word' id='word_1_416' title='bbox 3421 2809 3532 2848; x_wconf 83' lang='lat' dir='ltr'><strong>ser-</strong></span> 
     </span>
    </p>
   </div>
   <div class='ocr_carea' id='block_1_54' title="bbox 274 2878 1880 2951">
    <p class='ocr_par' dir='ltr' id='par_1_54' title="bbox 274 2878 1856 2951">
     <span class='ocr_line' id='line_1_54' title="bbox 274 2878 1856 2951; baseline 0.001 -18"><span class='ocrx_word' id='word_1_417' title='bbox 274 2880 381 2933; x_wconf 78' lang='grc' dir='ltr'><strong>τῶν</strong></span> <span class='ocrx_word' id='word_1_418' title='bbox 397 2879 495 2933; x_wconf 87' lang='grc' dir='ltr'>ἀνθ</span> <span class='ocrx_word' id='word_1_419' title='bbox 504 2878 703 2950; x_wconf 81' lang='grc' dir='ltr'>ρώπων</span> <span class='ocrx_word' id='word_1_420' title='bbox 718 2879 796 2950; x_wconf 83' lang='grc' dir='ltr'>τῷ</span> <span class='ocrx_word' id='word_1_421' title='bbox 813 2880 1023 2951; x_wconf 80' lang='grc' dir='ltr'>θανάτῳ</span> <span class='ocrx_word' id='word_1_422' title='bbox 1040 2881 1460 2951; x_wconf 75' lang='grc' dir='ltr'>ὲγκρατηθῆναιο</span> <span class='ocrx_word' id='word_1_423' title='bbox 1475 2882 1763 2951; x_wconf 88' lang='grc' dir='ltr'>γενόμενον</span> <span class='ocrx_word' id='word_1_424' title='bbox 1779 2884 1856 2948; x_wconf 82' lang='grc' dir='ltr'><strong>δὲ,</strong></span> 
     </span>
    </p>
   </div>
   <div class='ocr_carea' id='block_1_55' title="bbox 1940 2878 3546 2951">
    <p class='ocr_par' dir='ltr' id='par_1_55' title="bbox 1958 2881 3546 2949">
     <span class='ocr_line' id='line_1_55' title="bbox 1958 2881 3546 2949; baseline 0.002 -16"><span class='ocrx_word' id='word_1_425' title='bbox 1958 2894 2090 2935; x_wconf 86' lang='lat' dir='ltr'><strong>vare</strong></span> <span class='ocrx_word' id='word_1_426' title='bbox 2141 2896 2267 2934; x_wconf 89' lang='lat' dir='ltr'><strong>eum</strong></span> <span class='ocrx_word' id='word_1_427' title='bbox 2310 2881 2400 2948; x_wconf 89' lang='lat' dir='ltr'><strong>qui</strong></span> <span class='ocrx_word' id='word_1_428' title='bbox 2456 2882 2711 2949; x_wconf 83' lang='lat' dir='ltr'><strong>perierat.</strong></span> <span class='ocrx_word' id='word_1_429' title='bbox 2779 2881 2834 2934; x_wconf 91' lang='lat' dir='ltr'><strong>ln</strong></span> <span class='ocrx_word' id='word_1_430' title='bbox 2876 2882 3036 2934; x_wconf 82' lang='lat' dir='ltr'><strong>modo</strong></span> <span class='ocrx_word' id='word_1_431' title='bbox 3092 2881 3286 2935; x_wconf 82' lang='lat' dir='ltr'><strong>salutis</strong></span> <span class='ocrx_word' id='word_1_432' title='bbox 3336 2891 3546 2937; x_wconf 62' lang='lat' dir='ltr'><strong>nostra?</strong></span> 
     </span>
    </p>
   </div>
   <div class='ocr_carea' id='block_1_56' title="bbox 275 2969 1881 3042">
    <p class='ocr_par' dir='ltr' id='par_1_56' title="bbox 275 2969 1860 3042">
     <span class='ocr_line' id='line_1_56' title="bbox 275 2969 1860 3042; baseline 0 -17"><span class='ocrx_word' id='word_1_433' title='bbox 275 2971 335 3025; x_wconf 83' lang='grc' dir='ltr'><strong>τὸ</strong></span> <span class='ocrx_word' id='word_1_434' title='bbox 363 2973 567 3024; x_wconf 85' lang='grc' dir='ltr'>οἰκεῖον</span> <span class='ocrx_word' id='word_1_435' title='bbox 601 2970 777 3041; x_wconf 78' lang='grc' dir='ltr'>ἐαυτῷ</span> <span class='ocrx_word' id='word_1_436' title='bbox 808 2971 950 3024; x_wconf 79' lang='grc' dir='ltr'>κατὰ</span> <span class='ocrx_word' id='word_1_437' title='bbox 983 2970 1141 3039; x_wconf 73' lang='grc' dir='ltr'>φύσιν</span> <span class='ocrx_word' id='word_1_438' title='bbox 1168 2969 1522 3042; x_wconf 72' lang='grc' dir='ltr'>ἐργάσασθαι.</span> <span class='ocrx_word' id='word_1_439' title='bbox 1565 2973 1775 3026; x_wconf 86' lang='grc' dir='ltr'>Οίκείον</span> <span class='ocrx_word' id='word_1_440' title='bbox 1802 2973 1860 3025; x_wconf 76' lang='grc' dir='ltr'>δὲ</span> 
     </span>
    </p>
   </div>
   <div class='ocr_carea' id='block_1_57' title="bbox 1930 2969 3536 3042">
    <p class='ocr_par' dir='ltr' id='par_1_57' title="bbox 1958 2971 3529 3042">
     <span class='ocr_line' id='line_1_57' title="bbox 1958 2971 3529 3042; baseline 0.001 -16"><span class='ocrx_word' id='word_1_441' title='bbox 1958 2980 2178 3028; x_wconf 86' lang='lat' dir='ltr'><strong>ostensa</strong></span> <span class='ocrx_word' id='word_1_442' title='bbox 2205 2982 2289 3025; x_wconf 85' lang='lat' dir='ltr'><strong>est</strong></span> <span class='ocrx_word' id='word_1_443' title='bbox 2312 2974 2558 3042; x_wconf 88' lang='lat' dir='ltr'><strong>sapienta</strong></span> <span class='ocrx_word' id='word_1_444' title='bbox 2589 2974 2895 3040; x_wconf 87' lang='lat' dir='ltr'><strong>etjustitia.</strong></span> <span class='ocrx_word' id='word_1_445' title='bbox 2954 2971 3197 3026; x_wconf 82' lang='lat' dir='ltr'><strong>Potentia</strong></span> <span class='ocrx_word' id='word_1_446' title='bbox 3252 2981 3432 3027; x_wconf 85' lang='lat' dir='ltr'><strong>autem</strong></span> <span class='ocrx_word' id='word_1_447' title='bbox 3475 2975 3529 3028; x_wconf 92' lang='lat' dir='ltr'><strong>in</strong></span> 
     </span>
    </p>
   </div>
   <div class='ocr_carea' id='block_1_58' title="bbox 278 3059 1884 3133">
    <p class='ocr_par' dir='ltr' id='par_1_58' title="bbox 278 3059 1859 3133">
     <span class='ocr_line' id='line_1_58' title="bbox 278 3059 1859 3133; baseline 0.002 -18"><span class='ocrx_word' id='word_1_448' title='bbox 278 3064 414 3132; x_wconf 76' lang='grc' dir='ltr'>φωτὶ</span> <span class='ocrx_word' id='word_1_449' title='bbox 447 3062 548 3133; x_wconf 63' lang='grc' dir='ltr'>μὲν</span> <span class='ocrx_word' id='word_1_450' title='bbox 576 3064 605 3115; x_wconf 84' lang='grc' dir='ltr'><strong>ό</strong></span> <span class='ocrx_word' id='word_1_451' title='bbox 625 3062 927 3133; x_wconf 81' lang='grc' dir='ltr'>ἁφανισμὸς</span> <span class='ocrx_word' id='word_1_452' title='bbox 951 3062 1042 3115; x_wconf 88' lang='grc' dir='ltr'><strong>τοῦ</strong></span> <span class='ocrx_word' id='word_1_453' title='bbox 1076 3062 1318 3125; x_wconf 84' lang='grc' dir='ltr'>σκότους,</span> <span class='ocrx_word' id='word_1_454' title='bbox 1350 3059 1462 3133; x_wconf 77' lang='grc' dir='ltr'><strong>ζωῇ</strong></span> <span class='ocrx_word' id='word_1_455' title='bbox 1499 3062 1555 3115; x_wconf 83' lang='grc' dir='ltr'><strong>δὲ</strong></span> <span class='ocrx_word' id='word_1_456' title='bbox 1582 3066 1614 3133; x_wconf 85' lang='grc' dir='ltr'>ἡ</span> <span class='ocrx_word' id='word_1_457' title='bbox 1642 3063 1736 3117; x_wconf 84' lang='grc' dir='ltr'><strong>τοῦ</strong></span> <span class='ocrx_word' id='word_1_458' title='bbox 1765 3064 1859 3118; x_wconf 80' lang='grc' dir='ltr'>θα-</span> 
     </span>
    </p>
   </div>
   <div class='ocr_carea' id='block_1_59' title="bbox 1925 3059 3531 3133">
    <p class='ocr_par' dir='ltr' id='par_1_59' title="bbox 1958 3063 3531 3133">
     <span class='ocr_line' id='line_1_59' title="bbox 1958 3063 3531 3133; baseline 0.001 -16"><span class='ocrx_word' id='word_1_459' title='bbox 1958 3078 2046 3127; x_wconf 91' lang='lat' dir='ltr'><strong>eo,</strong></span> <span class='ocrx_word' id='word_1_460' title='bbox 2066 3064 2212 3132; x_wconf 87' lang='lat' dir='ltr'><strong>quod</strong></span> <span class='ocrx_word' id='word_1_461' title='bbox 2243 3065 2359 3132; x_wconf 89' lang='lat' dir='ltr'><strong>ipse</strong></span> <span class='ocrx_word' id='word_1_462' title='bbox 2385 3063 2601 3133; x_wconf 86' lang='lat' dir='ltr'><strong>quidem</strong></span> <span class='ocrx_word' id='word_1_463' title='bbox 2654 3063 2830 3119; x_wconf 80' lang='lat' dir='ltr'><strong>factus</strong></span> <span class='ocrx_word' id='word_1_464' title='bbox 2860 3065 2931 3119; x_wconf 86' lang='lat' dir='ltr'><strong>sit</strong></span> <span class='ocrx_word' id='word_1_465' title='bbox 2977 3065 3030 3117; x_wconf 90' lang='lat' dir='ltr'><strong>in</strong></span> <span class='ocrx_word' id='word_1_466' title='bbox 3076 3065 3438 3119; x_wconf 88' lang='lat' dir='ltr'><strong>similitudine</strong></span> <span class='ocrx_word' id='word_1_467' title='bbox 3475 3076 3531 3120; x_wconf 89' lang='lat' dir='ltr'><strong>et</strong></span> 
     </span>
    </p>
   </div>
   <div class='ocr_carea' id='block_1_60' title="bbox 276 3149 1882 3224">
    <p class='ocr_par' dir='ltr' id='par_1_60' title="bbox 276 3149 1860 3224">
     <span class='ocr_line' id='line_1_60' title="bbox 276 3149 1860 3224; baseline 0.003 -19"><span class='ocrx_word' id='word_1_468' title='bbox 276 3160 435 3206; x_wconf 82' lang='grc' dir='ltr'>νάτου</span> <span class='ocrx_word' id='word_1_469' title='bbox 476 3152 816 3223; x_wconf 86' lang='grc' dir='ltr'>καθαίρεσις.</span> <span class='ocrx_word' id='word_1_470' title='bbox 876 3152 1027 3205; x_wconf 75' lang='grc' dir='ltr'>Ἐπεὶ</span> <span class='ocrx_word' id='word_1_471' title='bbox 1060 3149 1152 3207; x_wconf 85' lang='grc' dir='ltr'><strong>οῦν</strong></span> <span class='ocrx_word' id='word_1_472' title='bbox 1192 3154 1290 3224; x_wconf 82' lang='grc' dir='ltr'><strong>τῆς</strong></span> <span class='ocrx_word' id='word_1_473' title='bbox 1328 3153 1542 3216; x_wconf 81' lang='grc' dir='ltr'>εὐθείας</span> <span class='ocrx_word' id='word_1_474' title='bbox 1569 3154 1686 3207; x_wconf 85' lang='grc' dir='ltr'>ὀδοῦ</span> <span class='ocrx_word' id='word_1_475' title='bbox 1729 3173 1860 3211; x_wconf 87' lang='grc' dir='ltr'>κατ-</span> 
     </span>
    </p>
   </div>
   <div class='ocr_carea' id='block_1_61' title="bbox 1930 3149 3536 3224">
    <p class='ocr_par' dir='ltr' id='par_1_61' title="bbox 1967 3154 3536 3224">
     <span class='ocr_line' id='line_1_61' title="bbox 1967 3154 3536 3224; baseline 0.001 -16"><span class='ocrx_word' id='word_1_476' title='bbox 1967 3154 2138 3224; x_wconf 85' lang='lat' dir='ltr'><strong>ﬁgura</strong></span> <span class='ocrx_word' id='word_1_477' title='bbox 2183 3155 2444 3220; x_wconf 87' lang='lat' dir='ltr'><strong>hominis,</strong></span> <span class='ocrx_word' id='word_1_478' title='bbox 2501 3158 2891 3210; x_wconf 87' lang='lat' dir='ltr'><strong>convenienter</strong></span> <span class='ocrx_word' id='word_1_479' title='bbox 2942 3165 3151 3211; x_wconf 66' lang='lat' dir='ltr'><strong>natura:</strong></span> <span class='ocrx_word' id='word_1_480' title='bbox 3192 3166 3396 3210; x_wconf 63' lang='lat' dir='ltr'><strong>nostra:</strong></span> <span class='ocrx_word' id='word_1_481' title='bbox 3433 3156 3536 3210; x_wconf 75' lang='lat' dir='ltr'><strong>hu~</strong></span> 
     </span>
    </p>
   </div>
   <div class='ocr_carea' id='block_1_62' title="bbox 276 3217 1882 3317">
    <p class='ocr_par' dir='ltr' id='par_1_62' title="bbox 276 3217 1852 3317">
     <span class='ocr_line' id='line_1_62' title="bbox 276 3217 1852 3317; baseline 0.002 -21"><span class='ocrx_word' id='word_1_482' title='bbox 276 3243 594 3315; x_wconf 76' lang='grc' dir='ltr'>ενεχθέντες</span> <span class='ocrx_word' id='word_1_483' title='bbox 634 3217 695 3296; x_wconf 76' lang='grc' dir='ltr'><strong>τὸ</strong></span> <span class='ocrx_word' id='word_1_484' title='bbox 756 3244 876 3297; x_wconf 84' lang='grc' dir='ltr'>κατ’</span> <span class='ocrx_word' id='word_1_485' title='bbox 916 3245 1091 3315; x_wconf 80' lang='grc' dir='ltr'>ἀρχὰς</span> <span class='ocrx_word' id='word_1_486' title='bbox 1133 3217 1424 3315; x_wconf 29' lang='grc' dir='ltr'><strong>τῆςτζωῆς</strong></span> <span class='ocrx_word' id='word_1_487' title='bbox 1455 3244 1852 3317; x_wconf 81' lang='grc' dir='ltr'>ὲξετράπημεν,</span> 
     </span>
    </p>
   </div>
   <div class='ocr_carea' id='block_1_63' title="bbox 1938 3217 3544 3317">
    <p class='ocr_par' dir='ltr' id='par_1_63' title="bbox 1967 3244 3544 3313">
     <span class='ocr_line' id='line_1_63' title="bbox 1967 3244 3544 3313; baseline 0.001 -16"><span class='ocrx_word' id='word_1_488' title='bbox 1967 3245 2211 3311; x_wconf 89' lang='lat' dir='ltr'><strong>militati;</strong></span> <span class='ocrx_word' id='word_1_489' title='bbox 2265 3254 2319 3298; x_wconf 93' lang='lat' dir='ltr'><strong>et</strong></span> <span class='ocrx_word' id='word_1_490' title='bbox 2350 3260 2474 3312; x_wconf 80' lang='lat' dir='ltr'><strong>spes</strong></span> <span class='ocrx_word' id='word_1_491' title='bbox 2503 3244 2667 3299; x_wconf 76' lang='lat' dir='ltr'><strong>fuerit</strong></span> <span class='ocrx_word' id='word_1_492' title='bbox 2710 3246 2885 3313; x_wconf 80' lang='lat' dir='ltr'><strong>ipsum</strong></span> <span class='ocrx_word' id='word_1_493' title='bbox 2920 3246 2984 3298; x_wconf 89' lang='lat' dir='ltr'><strong>ad</strong></span> <span class='ocrx_word' id='word_1_494' title='bbox 3016 3246 3295 3300; x_wconf 85' lang='lat' dir='ltr'><strong>hominum</strong></span> <span class='ocrx_word' id='word_1_495' title='bbox 3349 3245 3544 3300; x_wconf 78' lang='lat' dir='ltr'><strong>simili-</strong></span> 
     </span>
    </p>
   </div>
   <div class='ocr_carea' id='block_1_64' title="bbox 279 3332 1885 3405">
    <p class='ocr_par' dir='ltr' id='par_1_64' title="bbox 279 3332 1860 3405">
     <span class='ocr_line' id='line_1_64' title="bbox 279 3332 1860 3405; baseline 0.002 -18"><span class='ocrx_word' id='word_1_496' title='bbox 279 3336 372 3387; x_wconf 70' lang='grc' dir='ltr'>καὶ</span> <span class='ocrx_word' id='word_1_497' title='bbox 399 3333 477 3405; x_wconf 82' lang='grc' dir='ltr'>τῷ</span> <span class='ocrx_word' id='word_1_498' title='bbox 506 3332 722 3405; x_wconf 84' lang='grc' dir='ltr'>θανάτῳ</span> <span class='ocrx_word' id='word_1_499' title='bbox 758 3333 1254 3404; x_wconf 80' lang='grc' dir='ltr'>ἐγκατηνέχθημεν’</span> <span class='ocrx_word' id='word_1_500' title='bbox 1299 3335 1352 3387; x_wconf 85' lang='grc' dir='ltr'><strong>τί</strong></span> <span class='ocrx_word' id='word_1_501' title='bbox 1397 3333 1492 3388; x_wconf 85' lang='grc' dir='ltr'><strong>τοῦ</strong></span> <span class='ocrx_word' id='word_1_502' title='bbox 1523 3337 1731 3401; x_wconf 81' lang='grc' dir='ltr'>εἰκότος</span> <span class='ocrx_word' id='word_1_503' title='bbox 1755 3338 1860 3404; x_wconf 76' lang='grc' dir='ltr'><strong>ἔξω</strong></span> 
     </span>
    </p>
   </div>
   <div class='ocr_carea' id='block_1_65' title="bbox 1919 3332 3525 3405">
    <p class='ocr_par' dir='ltr' id='par_1_65' title="bbox 1956 3337 3525 3404">
     <span class='ocr_line' id='line_1_65' title="bbox 1956 3337 3525 3404; baseline 0.002 -14"><span class='ocrx_word' id='word_1_504' title='bbox 1956 3337 2199 3391; x_wconf 87' lang='lat' dir='ltr'><strong>tudinem</strong></span> <span class='ocrx_word' id='word_1_505' title='bbox 2237 3346 2412 3391; x_wconf 90' lang='lat' dir='ltr'><strong>morte</strong></span> <span class='ocrx_word' id='word_1_506' title='bbox 2440 3352 2599 3404; x_wconf 86' lang='lat' dir='ltr'><strong>posse</strong></span> <span class='ocrx_word' id='word_1_507' title='bbox 2636 3338 2830 3391; x_wconf 89' lang='lat' dir='ltr'><strong>teneri.</strong></span> <span class='ocrx_word' id='word_1_508' title='bbox 2861 3337 2995 3391; x_wconf 89' lang='lat' dir='ltr'><strong>Cum</strong></span> <span class='ocrx_word' id='word_1_509' title='bbox 3018 3346 3197 3392; x_wconf 90' lang='lat' dir='ltr'><strong>autem</strong></span> <span class='ocrx_word' id='word_1_510' title='bbox 3238 3338 3414 3393; x_wconf 79' lang='lat' dir='ltr'><strong>factus</strong></span> <span class='ocrx_word' id='word_1_511' title='bbox 3432 3354 3525 3393; x_wconf 79' lang='lat' dir='ltr'><strong>es-</strong></span> 
     </span>
    </p>
   </div>
   <div class='ocr_carea' id='block_1_66' title="bbox 280 3424 1886 3499">
    <p class='ocr_par' dir='ltr' id='par_1_66' title="bbox 280 3424 1861 3499">
     <span class='ocr_line' id='line_1_66' title="bbox 280 3424 1861 3499; baseline 0.003 -22"><span class='ocrx_word' id='word_1_512' title='bbox 280 3426 431 3495; x_wconf 74' lang='grc' dir='ltr'>παρὰ</span> <span class='ocrx_word' id='word_1_513' title='bbox 481 3424 578 3478; x_wconf 91' lang='grc' dir='ltr'><strong>τοῦ</strong></span> <span class='ocrx_word' id='word_1_514' title='bbox 622 3425 919 3496; x_wconf 86' lang='grc' dir='ltr'>μυστηρίου</span> <span class='ocrx_word' id='word_1_515' title='bbox 969 3424 1332 3495; x_wconf 84' lang='grc' dir='ltr'>μανθάνομεν,</span> <span class='ocrx_word' id='word_1_516' title='bbox 1372 3427 1422 3477; x_wconf 91' lang='grc' dir='ltr'><strong>εἰ</strong></span> <span class='ocrx_word' id='word_1_517' title='bbox 1465 3428 1498 3496; x_wconf 74' lang='grc' dir='ltr'>ἡ</span> <span class='ocrx_word' id='word_1_518' title='bbox 1554 3427 1861 3499; x_wconf 83' lang='grc' dir='ltr'>καθαρότης</span> 
     </span>
    </p>
   </div>
   <div class='ocr_carea' id='block_1_67' title="bbox 1941 3424 3547 3499">
    <p class='ocr_par' dir='ltr' id='par_1_67' title="bbox 1959 3426 3547 3497">
     <span class='ocr_line' id='line_1_67' title="bbox 1959 3426 3547 3497; baseline 0.001 -14"><span class='ocrx_word' id='word_1_519' title='bbox 1959 3438 2060 3491; x_wconf 86' lang='lat' dir='ltr'><strong>set,</strong></span> <span class='ocrx_word' id='word_1_520' title='bbox 2119 3428 2171 3481; x_wconf 90' lang='lat' dir='ltr'><strong>id</strong></span> <span class='ocrx_word' id='word_1_521' title='bbox 2206 3426 2393 3481; x_wconf 81' lang='lat' dir='ltr'><strong>fecerit</strong></span> <span class='ocrx_word' id='word_1_522' title='bbox 2425 3428 2569 3497; x_wconf 87' lang='lat' dir='ltr'><strong>quod</strong></span> <span class='ocrx_word' id='word_1_523' title='bbox 2603 3436 2720 3481; x_wconf 88' lang='lat' dir='ltr'><strong>erat</strong></span> <span class='ocrx_word' id='word_1_524' title='bbox 2751 3429 2854 3483; x_wconf 90' lang='lat' dir='ltr'><strong>sibi</strong></span> <span class='ocrx_word' id='word_1_525' title='bbox 2904 3428 3181 3497; x_wconf 89' lang='lat' dir='ltr'><strong>proprium</strong></span> <span class='ocrx_word' id='word_1_526' title='bbox 3235 3445 3299 3483; x_wconf 90' lang='lat' dir='ltr'><strong>ac</strong></span> <span class='ocrx_word' id='word_1_527' title='bbox 3344 3445 3547 3484; x_wconf 80' lang='lat' dir='ltr'><strong>conve-</strong></span> 
     </span>
    </p>
   </div>
   <div class='ocr_carea' id='block_1_68' title="bbox 281 3515 1887 3591">
    <p class='ocr_par' dir='ltr' id='par_1_68' title="bbox 281 3515 1863 3591">
     <span class='ocr_line' id='line_1_68' title="bbox 281 3515 1863 3591; baseline 0.002 -22"><span class='ocrx_word' id='word_1_528' title='bbox 281 3518 386 3570; x_wconf 84' lang='grc' dir='ltr'><strong>τῶν</strong></span> <span class='ocrx_word' id='word_1_529' title='bbox 420 3516 480 3582; x_wconf 77' lang='grc' dir='ltr'>ἐξ</span> <span class='ocrx_word' id='word_1_530' title='bbox 510 3516 785 3587; x_wconf 86' lang='grc' dir='ltr'>ἁμαρτίας</span> <span class='ocrx_word' id='word_1_531' title='bbox 811 3516 1176 3587; x_wconf 86' lang='grc' dir='ltr'>μολυνθέντων</span> <span class='ocrx_word' id='word_1_532' title='bbox 1203 3515 1501 3585; x_wconf 71' lang='grc' dir='ltr'>ἐφάπτεται</span> <span class='ocrx_word' id='word_1_533' title='bbox 1523 3560 1537 3581; x_wconf 93' lang='grc'><strong>,</strong></span> <span class='ocrx_word' id='word_1_534' title='bbox 1571 3519 1663 3571; x_wconf 74' lang='grc' dir='ltr'><strong>καὶ</strong></span> <span class='ocrx_word' id='word_1_535' title='bbox 1693 3522 1727 3589; x_wconf 87' lang='grc' dir='ltr'><strong>ή</strong></span> <span class='ocrx_word' id='word_1_536' title='bbox 1749 3519 1863 3591; x_wconf 77' lang='grc' dir='ltr'><strong>ζωὴ</strong></span> 
     </span>
    </p>
   </div>
   <div class='ocr_carea' id='block_1_69' title="bbox 1934 3515 3540 3591">
    <p class='ocr_par' dir='ltr' id='par_1_69' title="bbox 1960 3515 3540 3588">
     <span class='ocr_line' id='line_1_69' title="bbox 1960 3515 3540 3588; baseline 0.001 -19"><span class='ocrx_word' id='word_1_537' title='bbox 1960 3516 2116 3569; x_wconf 86' lang='lat' dir='ltr'><strong>niens</strong></span> <span class='ocrx_word' id='word_1_538' title='bbox 2149 3515 2455 3570; x_wconf 86' lang='lat' dir='ltr'><strong>secundum</strong></span> <span class='ocrx_word' id='word_1_539' title='bbox 2500 3525 2775 3570; x_wconf 84' lang='lat' dir='ltr'><strong>naturam.</strong></span> <span class='ocrx_word' id='word_1_540' title='bbox 2821 3516 2916 3570; x_wconf 87' lang='lat' dir='ltr'><strong>Est</strong></span> <span class='ocrx_word' id='word_1_541' title='bbox 2950 3526 3134 3571; x_wconf 87' lang='lat' dir='ltr'><strong>autem</strong></span> <span class='ocrx_word' id='word_1_542' title='bbox 3170 3518 3274 3571; x_wconf 89' lang='lat' dir='ltr'><strong>luci</strong></span> <span class='ocrx_word' id='word_1_543' title='bbox 3313 3519 3540 3588; x_wconf 77' lang='lat' dir='ltr'><strong>quidem</strong></span> 
     </span>
    </p>
   </div>
   <div class='ocr_carea' id='block_1_70' title="bbox 281 3607 1887 3681">
    <p class='ocr_par' dir='ltr' id='par_1_70' title="bbox 281 3608 1860 3681">
     <span class='ocr_line' id='line_1_70' title="bbox 281 3608 1860 3681; baseline 0.002 -21"><span class='ocrx_word' id='word_1_544' title='bbox 281 3608 384 3660; x_wconf 84' lang='grc' dir='ltr'><strong>τῶν</strong></span> <span class='ocrx_word' id='word_1_545' title='bbox 432 3608 797 3679; x_wconf 86' lang='grc' dir='ltr'>τεθνηκότων,</span> <span class='ocrx_word' id='word_1_546' title='bbox 843 3608 937 3660; x_wconf 73' lang='grc' dir='ltr'><strong>καὶ</strong></span> <span class='ocrx_word' id='word_1_547' title='bbox 969 3609 1002 3678; x_wconf 85' lang='grc' dir='ltr'>ἡ</span> <span class='ocrx_word' id='word_1_548' title='bbox 1035 3608 1230 3677; x_wconf 82' lang='grc' dir='ltr'>όδηγία</span> <span class='ocrx_word' id='word_1_549' title='bbox 1268 3608 1376 3660; x_wconf 84' lang='grc' dir='ltr'>τῶν</span> <span class='ocrx_word' id='word_1_550' title='bbox 1411 3609 1860 3681; x_wconf 86' lang='grc' dir='ltr'>πεπλανημένων,</span> 
     </span>
    </p>
   </div>
   <div class='ocr_carea' id='block_1_71' title="bbox 1940 3607 3546 3681">
    <p class='ocr_par' dir='ltr' id='par_1_71' title="bbox 1963 3607 3546 3678">
     <span class='ocr_line' id='line_1_71' title="bbox 1963 3607 3546 3678; baseline 0.002 -17"><span class='ocrx_word' id='word_1_551' title='bbox 1963 3609 2245 3678; x_wconf 87' lang='lat' dir='ltr'><strong>proprium</strong></span> <span class='ocrx_word' id='word_1_552' title='bbox 2278 3623 2342 3661; x_wconf 92' lang='lat' dir='ltr'><strong>ac</strong></span> <span class='ocrx_word' id='word_1_553' title='bbox 2372 3608 2729 3674; x_wconf 83' lang='lat' dir='ltr'><strong>conveniens,</strong></span> <span class='ocrx_word' id='word_1_554' title='bbox 2784 3616 2844 3661; x_wconf 89' lang='lat' dir='ltr'><strong>ut</strong></span> <span class='ocrx_word' id='word_1_555' title='bbox 2872 3607 3050 3663; x_wconf 90' lang='lat' dir='ltr'><strong>deleat</strong></span> <span class='ocrx_word' id='word_1_556' title='bbox 3088 3609 3363 3673; x_wconf 72' lang='lat' dir='ltr'><strong>tenebras,</strong></span> <span class='ocrx_word' id='word_1_557' title='bbox 3413 3611 3546 3665; x_wconf 64' lang='lat' dir='ltr'><strong>vit-.e</strong></span> 
     </span>
    </p>
   </div>
   <div class='ocr_carea' id='block_1_72' title="bbox 284 3696 1890 3775">
    <p class='ocr_par' dir='ltr' id='par_1_72' title="bbox 284 3696 1861 3775">
     <span class='ocr_line' id='line_1_72' title="bbox 284 3696 1861 3775; baseline 0.003 -23"><span class='ocrx_word' id='word_1_558' title='bbox 284 3700 358 3763; x_wconf 81' lang='grc' dir='ltr'>ὡς</span> <span class='ocrx_word' id='word_1_559' title='bbox 386 3700 451 3755; x_wconf 81' lang='grc' dir='ltr'>ἂν</span> <span class='ocrx_word' id='word_1_560' title='bbox 483 3702 513 3754; x_wconf 84' lang='grc' dir='ltr'><strong>ὃ</strong></span> <span class='ocrx_word' id='word_1_561' title='bbox 537 3717 596 3753; x_wconf 90' lang='grc' dir='ltr'><strong>τε</strong></span> <span class='ocrx_word' id='word_1_562' title='bbox 633 3699 907 3771; x_wconf 85' lang='grc' dir='ltr'>μολυσμὸς</span> <span class='ocrx_word' id='word_1_563' title='bbox 936 3699 1231 3771; x_wconf 88' lang='grc' dir='ltr'>καθαρθείη</span> <span class='ocrx_word' id='word_1_564' title='bbox 1251 3741 1267 3765; x_wconf 90' lang='grc'><strong>,</strong></span> <span class='ocrx_word' id='word_1_565' title='bbox 1298 3702 1390 3754; x_wconf 79' lang='grc' dir='ltr'>καὶ</span> <span class='ocrx_word' id='word_1_566' title='bbox 1430 3703 1462 3773; x_wconf 81' lang='grc' dir='ltr'>ἡ</span> <span class='ocrx_word' id='word_1_567' title='bbox 1495 3696 1670 3772; x_wconf 78' lang='grc' dir='ltr'>πλάνη</span> <span class='ocrx_word' id='word_1_568' title='bbox 1700 3703 1861 3775; x_wconf 88' lang='grc' dir='ltr'>θερα-</span> 
     </span>
    </p>
   </div>
   <div class='ocr_carea' id='block_1_73' title="bbox 1940 3696 3546 3775">
    <p class='ocr_par' dir='ltr' id='par_1_73' title="bbox 1963 3699 3546 3771">
     <span class='ocr_line' id='line_1_73' title="bbox 1963 3699 3546 3771; baseline 0 -17"><span class='ocrx_word' id='word_1_569' title='bbox 1963 3712 2168 3766; x_wconf 89' lang='lat' dir='ltr'><strong>autem,</strong></span> <span class='ocrx_word' id='word_1_570' title='bbox 2206 3709 2264 3753; x_wconf 91' lang='lat' dir='ltr'><strong>nt</strong></span> <span class='ocrx_word' id='word_1_571' title='bbox 2294 3708 2525 3755; x_wconf 85' lang='lat' dir='ltr'><strong>mortem</strong></span> <span class='ocrx_word' id='word_1_572' title='bbox 2558 3700 2766 3769; x_wconf 88' lang='lat' dir='ltr'><strong>perdat.</strong></span> <span class='ocrx_word' id='word_1_573' title='bbox 2810 3699 2947 3766; x_wconf 85' lang='lat' dir='ltr'><strong>Quia</strong></span> <span class='ocrx_word' id='word_1_574' title='bbox 2986 3716 3117 3771; x_wconf 80' lang='lat' dir='ltr'><strong>ergo</strong></span> <span class='ocrx_word' id='word_1_575' title='bbox 3161 3701 3478 3755; x_wconf 87' lang='lat' dir='ltr'><strong>aberrantes</strong></span> <span class='ocrx_word' id='word_1_576' title='bbox 3508 3716 3546 3754; x_wconf 63' lang='grc' dir='ltr'><strong>α</strong></span> 
     </span>
    </p>
   </div>
   <div class='ocr_carea' id='block_1_74' title="bbox 285 3786 1891 3861">
    <p class='ocr_par' dir='ltr' id='par_1_74' title="bbox 285 3786 1787 3861">
     <span class='ocr_line' id='line_1_74' title="bbox 285 3786 1787 3861; baseline 0.005 -22"><span class='ocrx_word' id='word_1_577' title='bbox 285 3787 532 3859; x_wconf 78' lang='grc' dir='ltr'>πευθείη,</span> <span class='ocrx_word' id='word_1_578' title='bbox 567 3790 662 3842; x_wconf 82' lang='grc' dir='ltr'><strong>καί</strong></span> <span class='ocrx_word' id='word_1_579' title='bbox 690 3791 770 3851; x_wconf 88' lang='grc' dir='ltr'><strong>εἰς</strong></span> <span class='ocrx_word' id='word_1_580' title='bbox 808 3788 903 3860; x_wconf 81' lang='grc' dir='ltr'><strong>τὴν</strong></span> <span class='ocrx_word' id='word_1_581' title='bbox 933 3786 1077 3859; x_wconf 78' lang='grc' dir='ltr'><strong>ζωὴν</strong></span> <span class='ocrx_word' id='word_1_582' title='bbox 1107 3788 1168 3842; x_wconf 94' lang='grc' dir='ltr'><strong>τὸ</strong></span> <span class='ocrx_word' id='word_1_583' title='bbox 1193 3789 1451 3861; x_wconf 84' lang='grc' dir='ltr'>τεθνηκὸς</span> <span class='ocrx_word' id='word_1_584' title='bbox 1484 3791 1787 3859; x_wconf 85' lang='grc' dir='ltr'>ὲπανέλθοι;</span> 
     </span>
    </p>
   </div>
   <div class='ocr_carea' id='block_1_75' title="bbox 1933 3786 3539 3861">
    <p class='ocr_par' dir='ltr' id='par_1_75' title="bbox 1972 3792 3539 3856">
     <span class='ocr_line' id='line_1_75' title="bbox 1972 3792 3539 3856; baseline -0.001 -10"><span class='ocrx_word' id='word_1_585' title='bbox 1972 3801 2120 3848; x_wconf 88' lang='lat' dir='ltr'><strong>recta</strong></span> <span class='ocrx_word' id='word_1_586' title='bbox 2154 3792 2238 3846; x_wconf 87' lang='lat' dir='ltr'><strong>via</strong></span> <span class='ocrx_word' id='word_1_587' title='bbox 2275 3792 2343 3846; x_wconf 90' lang='lat' dir='ltr'><strong>ab</strong></span> <span class='ocrx_word' id='word_1_588' title='bbox 2375 3792 2533 3847; x_wconf 89' lang='lat' dir='ltr'><strong>initio</strong></span> <span class='ocrx_word' id='word_1_589' title='bbox 2568 3807 2600 3847; x_wconf 87' lang='lat' dir='ltr'><strong>a</strong></span> <span class='ocrx_word' id='word_1_590' title='bbox 2629 3792 2740 3845; x_wconf 86' lang='lat' dir='ltr'><strong>vita</strong></span> <span class='ocrx_word' id='word_1_591' title='bbox 2774 3792 2975 3856; x_wconf 73' lang='lat' dir='ltr'><strong>aversi,</strong></span> <span class='ocrx_word' id='word_1_592' title='bbox 3003 3801 3057 3847; x_wconf 93' lang='lat' dir='ltr'><strong>et</strong></span> <span class='ocrx_word' id='word_1_593' title='bbox 3084 3793 3150 3845; x_wconf 87' lang='lat' dir='ltr'><strong>ad</strong></span> <span class='ocrx_word' id='word_1_594' title='bbox 3180 3805 3407 3847; x_wconf 88' lang='lat' dir='ltr'><strong>mortem</strong></span> <span class='ocrx_word' id='word_1_595' title='bbox 3441 3793 3539 3845; x_wconf 84' lang='lat' dir='ltr'><strong>de-</strong></span> 
     </span>
    </p>
   </div>
   <div class='ocr_carea' id='block_1_76' title="bbox 288 3880 3545 3955">
    <p class='ocr_par' dir='ltr' id='par_1_76' title="bbox 288 3880 3545 3955">
     <span class='ocr_line' id='line_1_76' title="bbox 288 3880 3545 3955; baseline 0.001 -21"><span class='ocrx_word' id='word_1_596' title='bbox 288 3880 381 3936; x_wconf 81' lang='lat' dir='ltr'><strong>lati</strong></span> <span class='ocrx_word' id='word_1_597' title='bbox 412 3896 633 3947; x_wconf 88' lang='lat' dir='ltr'><strong>sumus,</strong></span> <span class='ocrx_word' id='word_1_598' title='bbox 661 3880 794 3951; x_wconf 89' lang='lat' dir='ltr'><strong>quid</strong></span> <span class='ocrx_word' id='word_1_599' title='bbox 820 3896 851 3934; x_wconf 88' lang='lat' dir='ltr'><strong>a</strong></span> <span class='ocrx_word' id='word_1_600' title='bbox 879 3881 1140 3951; x_wconf 84' lang='lat' dir='ltr'><strong>mysterio</strong></span> <span class='ocrx_word' id='word_1_601' title='bbox 1169 3881 1436 3938; x_wconf 89' lang='lat' dir='ltr'><strong>discimus</strong></span> <span class='ocrx_word' id='word_1_602' title='bbox 1470 3885 1612 3953; x_wconf 92' lang='lat' dir='ltr'><strong>quod</strong></span> <span class='ocrx_word' id='word_1_603' title='bbox 1654 3886 1724 3940; x_wconf 85' lang='lat' dir='ltr'><strong>sit</strong></span> <span class='ocrx_word' id='word_1_604' title='bbox 1756 3892 2027 3940; x_wconf 89' lang='lat' dir='ltr'><strong>remotum</strong></span> <span class='ocrx_word' id='word_1_605' title='bbox 2062 3901 2091 3938; x_wconf 94' lang='lat' dir='ltr'><strong>a</strong></span> <span class='ocrx_word' id='word_1_606' title='bbox 2118 3886 2515 3954; x_wconf 84' lang='lat' dir='ltr'><strong>probabilitate,</strong></span> <span class='ocrx_word' id='word_1_607' title='bbox 2545 3893 2597 3939; x_wconf 90' lang='lat' dir='ltr'><strong>et</strong></span> <span class='ocrx_word' id='word_1_608' title='bbox 2623 3901 2730 3939; x_wconf 92' lang='lat' dir='ltr'><strong>non</strong></span> <span class='ocrx_word' id='word_1_609' title='bbox 2765 3895 3215 3949; x_wconf 88' lang='lat' dir='ltr'><strong>consentaneum,</strong></span> <span class='ocrx_word' id='word_1_610' title='bbox 3255 3886 3299 3939; x_wconf 93' lang='lat' dir='ltr'><strong>si</strong></span> <span class='ocrx_word' id='word_1_611' title='bbox 3333 3886 3545 3955; x_wconf 84' lang='lat' dir='ltr'><strong>puritas</strong></span> 
     </span>
    </p>
   </div>
   <div class='ocr_carea' id='block_1_77' title="bbox 285 3976 3550 4054">
    <p class='ocr_par' dir='ltr' id='par_1_77' title="bbox 285 3976 3550 4054">
     <span class='ocr_line' id='line_1_77' title="bbox 285 3976 3550 4054; baseline 0.001 -24"><span class='ocrx_word' id='word_1_612' title='bbox 285 3988 380 4030; x_wconf 87' lang='lat' dir='ltr'><strong>eos</strong></span> <span class='ocrx_word' id='word_1_613' title='bbox 407 3977 605 4048; x_wconf 79' lang='lat' dir='ltr'><strong>tangit,</strong></span> <span class='ocrx_word' id='word_1_614' title='bbox 640 3976 735 4047; x_wconf 85' lang='lat' dir='ltr'><strong>qui</strong></span> <span class='ocrx_word' id='word_1_615' title='bbox 766 3991 796 4030; x_wconf 90' lang='lat' dir='ltr'><strong>a</strong></span> <span class='ocrx_word' id='word_1_616' title='bbox 826 3976 1067 4047; x_wconf 84' lang='lat' dir='ltr'><strong>peccatis</strong></span> <span class='ocrx_word' id='word_1_617' title='bbox 1103 3983 1231 4031; x_wconf 89' lang='lat' dir='ltr'><strong>sunt</strong></span> <span class='ocrx_word' id='word_1_618' title='bbox 1265 3976 1531 4048; x_wconf 78' lang='lat' dir='ltr'><strong>inquinati</strong></span> <span class='ocrx_word' id='word_1_619' title='bbox 1561 3997 1575 4046; x_wconf 91' lang='lat'>;</span> <span class='ocrx_word' id='word_1_620' title='bbox 1614 3988 1667 4035; x_wconf 92' lang='lat' dir='ltr'><strong>et</strong></span> <span class='ocrx_word' id='word_1_621' title='bbox 1698 3980 1806 4034; x_wconf 90' lang='lat' dir='ltr'><strong>vita</strong></span> <span class='ocrx_word' id='word_1_622' title='bbox 1852 3993 2123 4041; x_wconf 81' lang='lat' dir='ltr'><strong>mortuos,</strong></span> <span class='ocrx_word' id='word_1_623' title='bbox 2152 3988 2206 4035; x_wconf 91' lang='lat' dir='ltr'><strong>et</strong></span> <span class='ocrx_word' id='word_1_624' title='bbox 2242 3982 2327 4034; x_wconf 88' lang='lat' dir='ltr'><strong>via</strong></span> <span class='ocrx_word' id='word_1_625' title='bbox 2360 3997 2455 4035; x_wconf 92' lang='lat' dir='ltr'><strong>eos</strong></span> <span class='ocrx_word' id='word_1_626' title='bbox 2491 3980 2584 4049; x_wconf 91' lang='lat' dir='ltr'><strong>qui</strong></span> <span class='ocrx_word' id='word_1_627' title='bbox 2624 3980 3037 4046; x_wconf 87' lang='lat' dir='ltr'><strong>aberraverunt,</strong></span> <span class='ocrx_word' id='word_1_628' title='bbox 3070 3991 3128 4035; x_wconf 91' lang='lat' dir='ltr'><strong>ut</strong></span> <span class='ocrx_word' id='word_1_629' title='bbox 3159 3990 3214 4035; x_wconf 91' lang='lat' dir='ltr'><strong>et</strong></span> <span class='ocrx_word' id='word_1_630' title='bbox 3242 3989 3550 4054; x_wconf 78' lang='lat' dir='ltr'><strong>purgentur</strong></span> 
     </span>
    </p>
   </div>
   <div class='ocr_carea' id='block_1_78' title="bbox 286 4068 2620 4131">
    <p class='ocr_par' dir='ltr' id='par_1_78' title="bbox 286 4068 2620 4131">
     <span class='ocr_line' id='line_1_78' title="bbox 286 4068 2620 4131; baseline 0 -10"><span class='ocrx_word' id='word_1_631' title='bbox 286 4068 497 4129; x_wconf 86' lang='lat' dir='ltr'><strong>sordes,</strong></span> <span class='ocrx_word' id='word_1_632' title='bbox 535 4069 685 4123; x_wconf 89' lang='lat' dir='ltr'><strong>etab</strong></span> <span class='ocrx_word' id='word_1_633' title='bbox 721 4083 906 4123; x_wconf 87' lang='lat' dir='ltr'><strong>errore</strong></span> <span class='ocrx_word' id='word_1_634' title='bbox 939 4076 1219 4131; x_wconf 90' lang='lat' dir='ltr'><strong>cessetur,</strong></span> <span class='ocrx_word' id='word_1_635' title='bbox 1264 4076 1317 4123; x_wconf 91' lang='lat' dir='ltr'><strong>et</strong></span> <span class='ocrx_word' id='word_1_636' title='bbox 1344 4070 1489 4125; x_wconf 89' lang='lat' dir='ltr'><strong>auod</strong></span> <span class='ocrx_word' id='word_1_637' title='bbox 1527 4080 1646 4126; x_wconf 89' lang='lat' dir='ltr'><strong>erat</strong></span> <span class='ocrx_word' id='word_1_638' title='bbox 1670 4080 1945 4127; x_wconf 88' lang='lat' dir='ltr'><strong>mortuum</strong></span> <span class='ocrx_word' id='word_1_639' title='bbox 1970 4072 2039 4126; x_wconf 90' lang='lat' dir='ltr'><strong>ad</strong></span> <span class='ocrx_word' id='word_1_640' title='bbox 2072 4072 2239 4124; x_wconf 86' lang='lat' dir='ltr'><strong>vitam</strong></span> <span class='ocrx_word' id='word_1_641' title='bbox 2276 4070 2620 4126; x_wconf 83' lang='lat' dir='ltr'><strong>revertatur?</strong></span> 
     </span>
    </p>
   </div>
   <div class='ocr_carea' id='block_1_79' title="bbox 872 4157 2478 4215">
    <p class='ocr_par' dir='ltr' id='par_1_79' title="bbox 872 4157 1291 4215">
     <span class='ocr_line' id='line_1_79' title="bbox 872 4157 1291 4215; baseline 0.005 -3"><span class='ocrx_word' id='word_1_642' title='bbox 872 4157 1122 4212; x_wconf 79' lang='grc' dir='ltr'><strong>ΚΕΦΑΛ.</strong></span> <span class='ocrx_word' id='word_1_643' title='bbox 1160 4160 1291 4215; x_wconf 82' lang='grc' dir='ltr'><strong>ΚΕ’.</strong></span> 
     </span>
    </p>
   </div>
   <div class='ocr_carea' id='block_1_80' title="bbox 1357 4157 2963 4215">
    <p class='ocr_par' dir='ltr' id='par_1_80' title="bbox 2531 4158 2963 4214">
     <span class='ocr_line' id='line_1_80' title="bbox 2531 4158 2963 4214; baseline -0.002 0"><span class='ocrx_word' id='word_1_644' title='bbox 2531 4158 2760 4214; x_wconf 82' lang='lat' dir='ltr'><strong>CAPUT</strong></span> <span class='ocrx_word' id='word_1_645' title='bbox 2797 4158 2963 4213; x_wconf 74' lang='lat' dir='ltr'><strong>XXV.</strong></span> 
     </span>
    </p>
   </div>
   <div class='ocr_carea' id='block_1_81' title="bbox 359 4248 1965 4323">
    <p class='ocr_par' dir='ltr' id='par_1_81' title="bbox 359 4249 1868 4323">
     <span class='ocr_line' id='line_1_81' title="bbox 359 4249 1868 4323; baseline 0.001 -20"><span class='ocrx_word' id='word_1_646' title='bbox 359 4250 433 4303; x_wconf 86' lang='grc' dir='ltr'>Τὸ</span> <span class='ocrx_word' id='word_1_647' title='bbox 457 4250 515 4303; x_wconf 82' lang='grc' dir='ltr'><strong>δὲ</strong></span> <span class='ocrx_word' id='word_1_648' title='bbox 536 4250 592 4302; x_wconf 76' lang='grc' dir='ltr'><strong>ἐν</strong></span> <span class='ocrx_word' id='word_1_649' title='bbox 611 4252 677 4320; x_wconf 78' lang='grc' dir='ltr'>τῇ</span> <span class='ocrx_word' id='word_1_650' title='bbox 705 4249 864 4320; x_wconf 83' lang='grc' dir='ltr'>φύσει</span> <span class='ocrx_word' id='word_1_651' title='bbox 892 4250 1046 4322; x_wconf 82' lang='grc' dir='ltr'>ἡμῶν</span> <span class='ocrx_word' id='word_1_652' title='bbox 1073 4250 1325 4319; x_wconf 84' lang='grc' dir='ltr'>γενέσθαι</span> <span class='ocrx_word' id='word_1_653' title='bbox 1350 4250 1448 4322; x_wconf 80' lang='grc' dir='ltr'>τὴν</span> <span class='ocrx_word' id='word_1_654' title='bbox 1468 4251 1727 4323; x_wconf 86' lang='grc' dir='ltr'>Θεότητα,</span> <span class='ocrx_word' id='word_1_655' title='bbox 1756 4255 1868 4316; x_wconf 88' lang='grc' dir='ltr'>τοῖς</span> 
     </span>
    </p>
   </div>
   <div class='ocr_carea' id='block_1_82' title="bbox 1932 4248 3538 4323">
    <p class='ocr_par' dir='ltr' id='par_1_82' title="bbox 2040 4248 3538 4318">
     <span class='ocr_line' id='line_1_82' title="bbox 2040 4248 3538 4318; baseline 0.001 -14"><span class='ocrx_word' id='word_1_656' title='bbox 2040 4250 2195 4318; x_wconf 80' lang='lat' dir='ltr'><strong>Quod</strong></span> <span class='ocrx_word' id='word_1_657' title='bbox 2223 4261 2404 4304; x_wconf 88' lang='lat' dir='ltr'><strong>autem</strong></span> <span class='ocrx_word' id='word_1_658' title='bbox 2431 4251 2485 4305; x_wconf 92' lang='lat' dir='ltr'><strong>in</strong></span> <span class='ocrx_word' id='word_1_659' title='bbox 2511 4260 2701 4305; x_wconf 89' lang='lat' dir='ltr'><strong>nostra</strong></span> <span class='ocrx_word' id='word_1_660' title='bbox 2725 4252 3002 4307; x_wconf 80' lang='lat' dir='ltr'><strong>exstiterit</strong></span> <span class='ocrx_word' id='word_1_661' title='bbox 3031 4259 3226 4305; x_wconf 88' lang='lat' dir='ltr'><strong>natura</strong></span> <span class='ocrx_word' id='word_1_662' title='bbox 3252 4248 3538 4316; x_wconf 83' lang='lat' dir='ltr'><strong>Divinitas,</strong></span> 
     </span>
    </p>
   </div>
   <div class='ocr_carea' id='block_1_83' title="bbox 295 4341 1901 4414">
    <p class='ocr_par' dir='ltr' id='par_1_83' title="bbox 295 4341 1868 4414">
     <span class='ocr_line' id='line_1_83' title="bbox 295 4341 1868 4414; baseline 0.002 -20"><span class='ocrx_word' id='word_1_663' title='bbox 295 4343 367 4413; x_wconf 85' lang='grc' dir='ltr'>μὴ</span> <span class='ocrx_word' id='word_1_664' title='bbox 398 4343 522 4395; x_wconf 88' lang='grc' dir='ltr'>λίαν</span> <span class='ocrx_word' id='word_1_665' title='bbox 570 4341 923 4414; x_wconf 77' lang='grc' dir='ltr'>μικροψύχοις</span> <span class='ocrx_word' id='word_1_666' title='bbox 953 4342 1273 4395; x_wconf 82' lang='grc' dir='ltr'>κατανοοῦσι</span> <span class='ocrx_word' id='word_1_667' title='bbox 1297 4342 1367 4395; x_wconf 82' lang='grc' dir='ltr'>τὰ</span> <span class='ocrx_word' id='word_1_668' title='bbox 1393 4343 1545 4403; x_wconf 72' lang='grc' dir='ltr'>ὄντα,</span> <span class='ocrx_word' id='word_1_669' title='bbox 1583 4344 1771 4397; x_wconf 85' lang='grc' dir='ltr'>οὐδένα</span> <span class='ocrx_word' id='word_1_670' title='bbox 1801 4342 1868 4397; x_wconf 83' lang='grc' dir='ltr'><strong>ἂν</strong></span> 
     </span>
    </p>
   </div>
   <div class='ocr_carea' id='block_1_84' title="bbox 1942 4341 3548 4414">
    <p class='ocr_par' dir='ltr' id='par_1_84' title="bbox 1968 4342 3548 4411">
     <span class='ocr_line' id='line_1_84' title="bbox 1968 4342 3548 4411; baseline 0 -15"><span class='ocrx_word' id='word_1_671' title='bbox 1968 4342 2036 4398; x_wconf 87' lang='lat' dir='ltr'><strong>iis</strong></span> <span class='ocrx_word' id='word_1_672' title='bbox 2066 4343 2159 4411; x_wconf 90' lang='lat' dir='ltr'><strong>qui</strong></span> <span class='ocrx_word' id='word_1_673' title='bbox 2189 4358 2299 4396; x_wconf 88' lang='lat' dir='ltr'><strong>non</strong></span> <span class='ocrx_word' id='word_1_674' title='bbox 2328 4342 2531 4411; x_wconf 81' lang='lat' dir='ltr'><strong>pusillo</strong></span> <span class='ocrx_word' id='word_1_675' title='bbox 2564 4353 2618 4396; x_wconf 89' lang='lat' dir='ltr'><strong>et</strong></span> <span class='ocrx_word' id='word_1_676' title='bbox 2671 4343 2890 4410; x_wconf 86' lang='lat' dir='ltr'><strong>abjecto</strong></span> <span class='ocrx_word' id='word_1_677' title='bbox 2924 4344 3106 4397; x_wconf 88' lang='lat' dir='ltr'><strong>animo</strong></span> <span class='ocrx_word' id='word_1_678' title='bbox 3147 4359 3211 4398; x_wconf 87' lang='lat' dir='ltr'><strong>ea</strong></span> <span class='ocrx_word' id='word_1_679' title='bbox 3247 4358 3368 4411; x_wconf 70' lang='lat' dir='ltr'><strong>qua:</strong></span> <span class='ocrx_word' id='word_1_680' title='bbox 3412 4352 3548 4397; x_wconf 85' lang='lat' dir='ltr'><strong>sunt</strong></span> 
     </span>
    </p>
   </div>
   <div class='ocr_carea' id='block_1_85' title="bbox 292 4432 1898 4504">
    <p class='ocr_par' dir='ltr' id='par_1_85' title="bbox 292 4432 1868 4504">
     <span class='ocr_line' id='line_1_85' title="bbox 292 4432 1868 4504; baseline 0.001 -19"><span class='ocrx_word' id='word_1_681' title='bbox 292 4435 356 4486; x_wconf 79' lang='grc' dir='ltr'><strong>ἐκ</strong></span> <span class='ocrx_word' id='word_1_682' title='bbox 396 4434 490 4488; x_wconf 86' lang='grc' dir='ltr'><strong>τοῦ</strong></span> <span class='ocrx_word' id='word_1_683' title='bbox 537 4433 757 4501; x_wconf 84' lang='grc' dir='ltr'>εὐλόγου</span> <span class='ocrx_word' id='word_1_684' title='bbox 803 4432 1051 4503; x_wconf 78' lang='grc' dir='ltr'>ξενισμὸν</span> <span class='ocrx_word' id='word_1_685' title='bbox 1102 4434 1389 4501; x_wconf 75' lang='grc' dir='ltr'>ἐπαγάγοι.</span> <span class='ocrx_word' id='word_1_686' title='bbox 1444 4433 1539 4496; x_wconf 87' lang='grc' dir='ltr'>Τίς</span> <span class='ocrx_word' id='word_1_687' title='bbox 1577 4434 1684 4504; x_wconf 86' lang='grc' dir='ltr'>γὰρ</span> <span class='ocrx_word' id='word_1_688' title='bbox 1726 4432 1868 4487; x_wconf 80' lang='grc' dir='ltr'>οὕτω</span> 
     </span>
    </p>
   </div>
   <div class='ocr_carea' id='block_1_86' title="bbox 1937 4432 3543 4504">
    <p class='ocr_par' dir='ltr' id='par_1_86' title="bbox 1937 4432 3543 4504">
     <span class='ocr_line' id='line_1_86' title="bbox 1937 4432 3543 4504; baseline 0.001 -18"><span class='ocrx_word' id='word_1_689' title='bbox 1937 4433 2344 4504; x_wconf 22' lang='lat' dir='ltr'><strong>Aconsiderant,</strong></span> <span class='ocrx_word' id='word_1_690' title='bbox 2384 4432 2437 4485; x_wconf 88' lang='lat' dir='ltr'><strong>id</strong></span> <span class='ocrx_word' id='word_1_691' title='bbox 2463 4448 2814 4502; x_wconf 89' lang='lat' dir='ltr'><strong>nequaquam</strong></span> <span class='ocrx_word' id='word_1_692' title='bbox 2848 4432 2998 4486; x_wconf 90' lang='lat' dir='ltr'><strong>dictu</strong></span> <span class='ocrx_word' id='word_1_693' title='bbox 3033 4449 3233 4488; x_wconf 90' lang='lat' dir='ltr'><strong>novum</strong></span> <span class='ocrx_word' id='word_1_694' title='bbox 3266 4434 3543 4488; x_wconf 86' lang='lat' dir='ltr'><strong>videbitur</strong></span> 
     </span>
    </p>
   </div>
   <div class='ocr_carea' id='block_1_87' title="bbox 292 4484 1898 4596">
    <p class='ocr_par' dir='ltr' id='par_1_87' title="bbox 292 4484 1867 4596">
     <span class='ocr_line' id='line_1_87' title="bbox 292 4484 1867 4596; baseline -0.001 -18"><span class='ocrx_word' id='word_1_695' title='bbox 292 4484 483 4595; x_wconf 40' lang='lat' dir='ltr'><strong>at;</strong></span> <span class='ocrx_word' id='word_1_696' title='bbox 516 4484 837 4596; x_wconf 52' lang='grc' dir='ltr'>τῆνζρυχὴνῖ</span> <span class='ocrx_word' id='word_1_697' title='bbox 873 4484 1058 4588; x_wconf 52' lang='lat' dir='ltr'><strong>oga,</strong></span> <span class='ocrx_word' id='word_1_698' title='bbox 1090 4525 1149 4577; x_wconf 90' lang='grc' dir='ltr'><strong>τὸ</strong></span> <span class='ocrx_word' id='word_1_699' title='bbox 1180 4484 1307 4579; x_wconf 48' lang='lat' dir='ltr'><strong>gs:</strong></span> <span class='ocrx_word' id='word_1_700' title='bbox 1330 4484 1671 4578; x_wconf 38' lang='lat' dir='ltr'><strong>esset;</strong></span> <span class='ocrx_word' id='word_1_701' title='bbox 1692 4484 1778 4595; x_wconf 55' lang='grc' dir='ltr'><strong>μὴ’</strong></span> <span class='ocrx_word' id='word_1_702' title='bbox 1805 4484 1867 4577; x_wconf 53' lang='grc' dir='ltr'>ξφ</span> 
     </span>
    </p>
   </div>
   <div class='ocr_carea' id='block_1_88' title="bbox 1944 4484 3550 4596">
    <p class='ocr_par' dir='ltr' id='par_1_88' title="bbox 1968 4524 3550 4595">
     <span class='ocr_line' id='line_1_88' title="bbox 1968 4524 3550 4595; baseline 0.002 -18"><span class='ocrx_word' id='word_1_703' title='bbox 1968 4534 2021 4578; x_wconf 92' lang='lat' dir='ltr'><strong>et</strong></span> <span class='ocrx_word' id='word_1_704' title='bbox 2066 4524 2329 4578; x_wconf 89' lang='lat' dir='ltr'><strong>alienum.</strong></span> <span class='ocrx_word' id='word_1_705' title='bbox 2367 4525 2505 4590; x_wconf 84' lang='lat' dir='ltr'><strong>Quis</strong></span> <span class='ocrx_word' id='word_1_706' title='bbox 2546 4533 2630 4580; x_wconf 90' lang='lat' dir='ltr'><strong>est</strong></span> <span class='ocrx_word' id='word_1_707' title='bbox 2675 4527 2821 4578; x_wconf 89' lang='lat' dir='ltr'><strong>enim</strong></span> <span class='ocrx_word' id='word_1_708' title='bbox 2857 4524 2993 4578; x_wconf 88' lang='lat' dir='ltr'><strong>adeo</strong></span> <span class='ocrx_word' id='word_1_709' title='bbox 3028 4526 3224 4595; x_wconf 86' lang='lat' dir='ltr'><strong>puerili</strong></span> <span class='ocrx_word' id='word_1_710' title='bbox 3267 4526 3451 4581; x_wconf 92' lang='lat' dir='ltr'><strong>animo</strong></span> <span class='ocrx_word' id='word_1_711' title='bbox 3488 4534 3550 4580; x_wconf 78' lang='lat' dir='ltr'><strong>et</strong></span> 
     </span>
    </p>
   </div>
   <div class='ocr_carea' id='block_1_89' title="bbox 296 4611 1902 4687">
    <p class='ocr_par' dir='ltr' id='par_1_89' title="bbox 296 4611 1867 4685">
     <span class='ocr_line' id='line_1_89' title="bbox 296 4611 1867 4685; baseline -0.001 -15"><span class='ocrx_word' id='word_1_712' title='bbox 296 4618 458 4671; x_wconf 70' lang='grc' dir='ltr'>παντὶ</span> <span class='ocrx_word' id='word_1_713' title='bbox 507 4616 781 4673; x_wconf 81' lang='grc' dir='ltr'>πιστεύειν</span> <span class='ocrx_word' id='word_1_714' title='bbox 830 4611 968 4669; x_wconf 75' lang='grc' dir='ltr'>εἶναι</span> <span class='ocrx_word' id='word_1_715' title='bbox 995 4616 1057 4668; x_wconf 89' lang='grc' dir='ltr'><strong>τὸ</strong></span> <span class='ocrx_word' id='word_1_716' title='bbox 1088 4616 1261 4680; x_wconf 83' lang='grc' dir='ltr'>Θεῖον,</span> <span class='ocrx_word' id='word_1_717' title='bbox 1297 4618 1391 4670; x_wconf 78' lang='grc' dir='ltr'><strong>καὶ</strong></span> <span class='ocrx_word' id='word_1_718' title='bbox 1423 4615 1603 4671; x_wconf 71' lang='grc' dir='ltr'>ἐνδύον</span> <span class='ocrx_word' id='word_1_719' title='bbox 1644 4616 1745 4685; x_wconf 80' lang='grc' dir='ltr'>μὲν</span> <span class='ocrx_word' id='word_1_720' title='bbox 1772 4616 1867 4670; x_wconf 78' lang='grc' dir='ltr'><strong>καὶ</strong></span> 
     </span>
    </p>
   </div>
   <div class='ocr_carea' id='block_1_90' title="bbox 1937 4611 3543 4687">
    <p class='ocr_par' dir='ltr' id='par_1_90' title="bbox 1970 4616 3543 4687">
     <span class='ocr_line' id='line_1_90' title="bbox 1970 4616 3543 4687; baseline 0 -17"><span class='ocrx_word' id='word_1_721' title='bbox 1970 4616 2211 4687; x_wconf 75' lang='lat' dir='ltr'><strong>ingenio.</strong></span> <span class='ocrx_word' id='word_1_722' title='bbox 2241 4625 2303 4671; x_wconf 89' lang='lat' dir='ltr'><strong>ut</strong></span> <span class='ocrx_word' id='word_1_723' title='bbox 2332 4618 2401 4671; x_wconf 89' lang='lat' dir='ltr'><strong>ad</strong></span> <span class='ocrx_word' id='word_1_724' title='bbox 2443 4616 2855 4672; x_wconf 86' lang='lat' dir='ltr'><strong>universitatem</strong></span> <span class='ocrx_word' id='word_1_725' title='bbox 2892 4617 3187 4686; x_wconf 89' lang='lat' dir='ltr'><strong>aspiciens,</strong></span> <span class='ocrx_word' id='word_1_726' title='bbox 3232 4617 3285 4671; x_wconf 92' lang='lat' dir='ltr'><strong>in</strong></span> <span class='ocrx_word' id='word_1_727' title='bbox 3320 4618 3543 4671; x_wconf 87' lang='lat' dir='ltr'><strong>univer-</strong></span> 
     </span>
    </p>
   </div>
   <div class='ocr_carea' id='block_1_91' title="bbox 296 4708 1902 4781">
    <p class='ocr_par' dir='ltr' id='par_1_91' title="bbox 296 4708 1867 4781">
     <span class='ocr_line' id='line_1_91' title="bbox 296 4708 1867 4781; baseline -0.001 -19"><span class='ocrx_word' id='word_1_728' title='bbox 296 4710 545 4781; x_wconf 83' lang='grc' dir='ltr'>περιέχον</span> <span class='ocrx_word' id='word_1_729' title='bbox 590 4711 682 4764; x_wconf 78' lang='grc' dir='ltr'>καὶ</span> <span class='ocrx_word' id='word_1_730' title='bbox 710 4710 1111 4780; x_wconf 79' lang='grc' dir='ltr'>ἐγκαθήμενον;</span> <span class='ocrx_word' id='word_1_731' title='bbox 1140 4708 1247 4762; x_wconf 87' lang='grc' dir='ltr'><strong>Τοῦ</strong></span> <span class='ocrx_word' id='word_1_732' title='bbox 1291 4708 1399 4779; x_wconf 86' lang='grc' dir='ltr'>γὰρ</span> <span class='ocrx_word' id='word_1_733' title='bbox 1435 4709 1585 4772; x_wconf 75' lang='grc' dir='ltr'>ὄντος</span> <span class='ocrx_word' id='word_1_734' title='bbox 1636 4708 1867 4778; x_wconf 80' lang='grc' dir='ltr'>ἐξῆπται</span> 
     </span>
    </p>
   </div>
   <div class='ocr_carea' id='block_1_92' title="bbox 1941 4708 3547 4781">
    <p class='ocr_par' dir='ltr' id='par_1_92' title="bbox 1968 4708 3547 4773">
     <span class='ocr_line' id='line_1_92' title="bbox 1968 4708 3547 4773; baseline 0 -8"><span class='ocrx_word' id='word_1_735' title='bbox 1968 4710 2134 4765; x_wconf 86' lang='lat' dir='ltr'><strong>sitate</strong></span> <span class='ocrx_word' id='word_1_736' title='bbox 2166 4727 2274 4765; x_wconf 90' lang='lat' dir='ltr'><strong>non</strong></span> <span class='ocrx_word' id='word_1_737' title='bbox 2311 4710 2501 4765; x_wconf 88' lang='lat' dir='ltr'><strong>credat</strong></span> <span class='ocrx_word' id='word_1_738' title='bbox 2548 4726 2673 4767; x_wconf 89' lang='lat' dir='ltr'><strong>esse</strong></span> <span class='ocrx_word' id='word_1_739' title='bbox 2704 4708 2897 4773; x_wconf 88' lang='lat' dir='ltr'><strong>Deum,</strong></span> <span class='ocrx_word' id='word_1_740' title='bbox 2952 4726 3071 4765; x_wconf 82' lang='lat' dir='ltr'><strong>eam</strong></span> <span class='ocrx_word' id='word_1_741' title='bbox 3120 4712 3439 4765; x_wconf 88' lang='lat' dir='ltr'><strong>induentem</strong></span> <span class='ocrx_word' id='word_1_742' title='bbox 3492 4721 3547 4765; x_wconf 86' lang='lat' dir='ltr'><strong>et</strong></span> 
     </span>
    </p>
   </div>
   <div class='ocr_carea' id='block_1_93' title="bbox 296 4794 1902 4870">
    <p class='ocr_par' dir='ltr' id='par_1_93' title="bbox 296 4794 1869 4870">
     <span class='ocr_line' id='line_1_93' title="bbox 296 4794 1869 4870; baseline -0.001 -18"><span class='ocrx_word' id='word_1_743' title='bbox 296 4802 362 4854; x_wconf 70' lang='grc' dir='ltr'>τὰ</span> <span class='ocrx_word' id='word_1_744' title='bbox 390 4802 587 4862; x_wconf 87' lang='grc' dir='ltr'>πάντα,</span> <span class='ocrx_word' id='word_1_745' title='bbox 614 4803 704 4853; x_wconf 75' lang='grc' dir='ltr'><strong>καὶ</strong></span> <span class='ocrx_word' id='word_1_746' title='bbox 731 4799 832 4852; x_wconf 91' lang='grc' dir='ltr'><strong>οὐκ</strong></span> <span class='ocrx_word' id='word_1_747' title='bbox 861 4798 1065 4852; x_wconf 81' lang='grc' dir='ltr'>ἔνεστιν</span> <span class='ocrx_word' id='word_1_748' title='bbox 1092 4794 1230 4853; x_wconf 73' lang='grc' dir='ltr'>εἷναί</span> <span class='ocrx_word' id='word_1_749' title='bbox 1260 4817 1336 4861; x_wconf 86' lang='grc' dir='ltr'><strong>τι,</strong></span> <span class='ocrx_word' id='word_1_750' title='bbox 1372 4798 1447 4870; x_wconf 83' lang='grc' dir='ltr'>μὴ</span> <span class='ocrx_word' id='word_1_751' title='bbox 1475 4800 1533 4852; x_wconf 81' lang='grc' dir='ltr'><strong>ὲν</strong></span> <span class='ocrx_word' id='word_1_752' title='bbox 1560 4798 1636 4868; x_wconf 83' lang='grc' dir='ltr'>τῷ</span> <span class='ocrx_word' id='word_1_753' title='bbox 1659 4799 1770 4852; x_wconf 75' lang='grc' dir='ltr'>ὄντι</span> <span class='ocrx_word' id='word_1_754' title='bbox 1806 4798 1869 4852; x_wconf 85' lang='grc' dir='ltr'><strong>τὸ</strong></span> 
     </span>
    </p>
   </div>
   <div class='ocr_carea' id='block_1_94' title="bbox 1942 4794 3548 4870">
    <p class='ocr_par' dir='ltr' id='par_1_94' title="bbox 1968 4798 3548 4870">
     <span class='ocr_line' id='line_1_94' title="bbox 1968 4798 3548 4870; baseline -0.002 -16"><span class='ocrx_word' id='word_1_755' title='bbox 1968 4800 2453 4864; x_wconf 77' lang='lat' dir='ltr'><strong>continentem,‘et</strong></span> <span class='ocrx_word' id='word_1_756' title='bbox 2479 4801 2531 4854; x_wconf 88' lang='lat' dir='ltr'><strong>ei</strong></span> <span class='ocrx_word' id='word_1_757' title='bbox 2562 4798 2942 4855; x_wconf 86' lang='lat' dir='ltr'><strong>insidentem?</strong></span> <span class='ocrx_word' id='word_1_758' title='bbox 2981 4800 3062 4854; x_wconf 86' lang='lat' dir='ltr'><strong>Ab</strong></span> <span class='ocrx_word' id='word_1_759' title='bbox 3103 4815 3169 4853; x_wconf 88' lang='lat' dir='ltr'><strong>eo</strong></span> <span class='ocrx_word' id='word_1_760' title='bbox 3206 4800 3354 4854; x_wconf 91' lang='lat' dir='ltr'><strong>enim</strong></span> <span class='ocrx_word' id='word_1_761' title='bbox 3385 4799 3548 4870; x_wconf 72' lang='lat' dir='ltr'><strong>quod,</strong></span> 
     </span>
    </p>
   </div>
   <div class='ocr_carea' id='block_1_95' title="bbox 298 4886 1904 4963">
    <p class='ocr_par' dir='ltr' id='par_1_95' title="bbox 298 4886 1867 4962">
     <span class='ocr_line' id='line_1_95' title="bbox 298 4886 1867 4962; baseline 0 -19"><span class='ocrx_word' id='word_1_762' title='bbox 298 4886 434 4943; x_wconf 72' lang='grc' dir='ltr'>εἶναι</span> <span class='ocrx_word' id='word_1_763' title='bbox 462 4892 604 4962; x_wconf 79' lang='grc' dir='ltr'>ἕχον.</span> <span class='ocrx_word' id='word_1_764' title='bbox 645 4891 708 4943; x_wconf 84' lang='grc' dir='ltr'>Εἰ</span> <span class='ocrx_word' id='word_1_765' title='bbox 740 4887 830 4943; x_wconf 81' lang='grc' dir='ltr'><strong>οῦν</strong></span> <span class='ocrx_word' id='word_1_766' title='bbox 860 4892 916 4942; x_wconf 82' lang='grc' dir='ltr'><strong>ὲν</strong></span> <span class='ocrx_word' id='word_1_767' title='bbox 955 4890 1104 4960; x_wconf 86' lang='grc' dir='ltr'>αὐτῷ</span> <span class='ocrx_word' id='word_1_768' title='bbox 1136 4889 1205 4943; x_wconf 88' lang='grc' dir='ltr'>τὰ</span> <span class='ocrx_word' id='word_1_769' title='bbox 1238 4891 1437 4955; x_wconf 85' lang='grc' dir='ltr'>πάντα,</span> <span class='ocrx_word' id='word_1_770' title='bbox 1472 4891 1567 4943; x_wconf 76' lang='grc' dir='ltr'>καὶ</span> <span class='ocrx_word' id='word_1_771' title='bbox 1606 4893 1665 4944; x_wconf 81' lang='grc' dir='ltr'><strong>ὲν</strong></span> <span class='ocrx_word' id='word_1_772' title='bbox 1702 4892 1867 4944; x_wconf 81' lang='grc' dir='ltr'>πᾶσιν</span> 
     </span>
    </p>
   </div>
   <div class='ocr_carea' id='block_1_96' title="bbox 1934 4886 3540 4963">
    <p class='ocr_par' dir='ltr' id='par_1_96' title="bbox 1968 4890 3540 4963">
     <span class='ocr_line' id='line_1_96' title="bbox 1968 4890 3540 4963; baseline 0 -20"><span class='ocrx_word' id='word_1_773' title='bbox 1968 4898 2079 4952; x_wconf 88' lang='lat' dir='ltr'><strong>est,</strong></span> <span class='ocrx_word' id='word_1_774' title='bbox 2118 4890 2354 4958; x_wconf 88' lang='lat' dir='ltr'><strong>pendent</strong></span> <span class='ocrx_word' id='word_1_775' title='bbox 2384 4892 2597 4955; x_wconf 90' lang='lat' dir='ltr'><strong>omnia,</strong></span> <span class='ocrx_word' id='word_1_776' title='bbox 2628 4906 2729 4946; x_wconf 91' lang='lat' dir='ltr'><strong>nec</strong></span> <span class='ocrx_word' id='word_1_777' title='bbox 2762 4892 2875 4946; x_wconf 92' lang='lat' dir='ltr'><strong>lieri</strong></span> <span class='ocrx_word' id='word_1_778' title='bbox 2902 4898 3081 4963; x_wconf 84' lang='lat' dir='ltr'><strong>potest</strong></span> <span class='ocrx_word' id='word_1_779' title='bbox 3112 4898 3172 4943; x_wconf 95' lang='lat' dir='ltr'><strong>ut</strong></span> <span class='ocrx_word' id='word_1_780' title='bbox 3204 4891 3273 4943; x_wconf 91' lang='lat' dir='ltr'><strong>sit</strong></span> <span class='ocrx_word' id='word_1_781' title='bbox 3306 4892 3540 4961; x_wconf 84' lang='lat' dir='ltr'><strong>aliquid,</strong></span> 
     </span>
    </p>
   </div>
   <div class='ocr_carea' id='block_1_97' title="bbox 299 4981 1905 5053">
    <p class='ocr_par' dir='ltr' id='par_1_97' title="bbox 299 4982 1870 5053">
     <span class='ocr_line' id='line_1_97' title="bbox 299 4982 1870 5053; baseline 0 -18"><span class='ocrx_word' id='word_1_782' title='bbox 299 4984 488 5036; x_wconf 74' lang='grc' dir='ltr'>ἐκεῖνο·</span> <span class='ocrx_word' id='word_1_783' title='bbox 516 4983 566 5035; x_wconf 90' lang='grc' dir='ltr'><strong>τί</strong></span> <span class='ocrx_word' id='word_1_784' title='bbox 596 4982 1007 5052; x_wconf 79' lang='grc' dir='ltr'>ἐπαισχύνονται</span> <span class='ocrx_word' id='word_1_785' title='bbox 1038 4984 1095 5035; x_wconf 74' lang='grc' dir='ltr'><strong>ὲν</strong></span> <span class='ocrx_word' id='word_1_786' title='bbox 1126 4984 1191 5053; x_wconf 78' lang='grc' dir='ltr'>τῇ</span> <span class='ocrx_word' id='word_1_787' title='bbox 1225 4982 1501 5053; x_wconf 83' lang='grc' dir='ltr'>οἰκονομίᾳ</span> <span class='ocrx_word' id='word_1_788' title='bbox 1532 4982 1623 5035; x_wconf 90' lang='grc' dir='ltr'><strong>τοῦ</strong></span> <span class='ocrx_word' id='word_1_789' title='bbox 1662 5000 1870 5053; x_wconf 86' lang='grc' dir='ltr'>μυστη-</span> 
     </span>
    </p>
   </div>
   <div class='ocr_carea' id='block_1_98' title="bbox 1938 4981 3544 5053">
    <p class='ocr_par' dir='ltr' id='par_1_98' title="bbox 1968 4981 3544 5051">
     <span class='ocr_line' id='line_1_98' title="bbox 1968 4981 3544 5051; baseline 0.002 -17"><span class='ocrx_word' id='word_1_790' title='bbox 1968 4981 2115 5051; x_wconf 90' lang='lat' dir='ltr'><strong>quod</strong></span> <span class='ocrx_word' id='word_1_791' title='bbox 2164 4981 2217 5034; x_wconf 87' lang='lat' dir='ltr'><strong>in</strong></span> <span class='ocrx_word' id='word_1_792' title='bbox 2253 4996 2318 5035; x_wconf 92' lang='lat' dir='ltr'><strong>eo</strong></span> <span class='ocrx_word' id='word_1_793' title='bbox 2369 4981 2517 5051; x_wconf 89' lang='lat' dir='ltr'><strong>quod</strong></span> <span class='ocrx_word' id='word_1_794' title='bbox 2558 4989 2665 5046; x_wconf 89' lang='lat' dir='ltr'><strong>est,</strong></span> <span class='ocrx_word' id='word_1_795' title='bbox 2717 4999 2827 5038; x_wconf 88' lang='lat' dir='ltr'><strong>non</strong></span> <span class='ocrx_word' id='word_1_796' title='bbox 2873 4982 3071 5036; x_wconf 89' lang='lat' dir='ltr'><strong>habeat</strong></span> <span class='ocrx_word' id='word_1_797' title='bbox 3108 4983 3431 5038; x_wconf 82' lang='lat' dir='ltr'><strong>essentiam.</strong></span> <span class='ocrx_word' id='word_1_798' title='bbox 3487 4983 3544 5037; x_wconf 88' lang='lat' dir='ltr'><strong>Si</strong></span> 
     </span>
    </p>
   </div>
   <div class='ocr_carea' id='block_1_99' title="bbox 302 5070 1908 5142">
    <p class='ocr_par' dir='ltr' id='par_1_99' title="bbox 302 5071 1866 5142">
     <span class='ocr_line' id='line_1_99' title="bbox 302 5071 1866 5142; baseline -0.001 -17"><span class='ocrx_word' id='word_1_799' title='bbox 302 5074 415 5142; x_wconf 70' lang='grc' dir='ltr'>ρίου</span> <span class='ocrx_word' id='word_1_800' title='bbox 440 5075 531 5126; x_wconf 88' lang='grc' dir='ltr'><strong>τὸν</strong></span> <span class='ocrx_word' id='word_1_801' title='bbox 561 5073 690 5125; x_wconf 87' lang='grc' dir='ltr'>Θεὸν</span> <span class='ocrx_word' id='word_1_802' title='bbox 716 5074 775 5126; x_wconf 86' lang='grc' dir='ltr'>ὲν</span> <span class='ocrx_word' id='word_1_803' title='bbox 801 5071 1107 5141; x_wconf 84' lang='grc' dir='ltr'>ἀνθρώποις</span> <span class='ocrx_word' id='word_1_804' title='bbox 1142 5071 1469 5141; x_wconf 82' lang='grc' dir='ltr'>γεγενῆσθαι</span> <span class='ocrx_word' id='word_1_805' title='bbox 1510 5072 1866 5136; x_wconf 86' lang='grc' dir='ltr'>διδάσκοντος,</span> 
     </span>
    </p>
   </div>
   <div class='ocr_carea' id='block_1_100' title="bbox 1946 5070 3552 5142">
    <p class='ocr_par' dir='ltr' id='par_1_100' title="bbox 1968 5070 3552 5139">
     <span class='ocr_line' id='line_1_100' title="bbox 1968 5070 3552 5139; baseline 0.002 -15"><span class='ocrx_word' id='word_1_806' title='bbox 1968 5084 2102 5139; x_wconf 80' lang='lat' dir='ltr'><strong>ergo</strong></span> <span class='ocrx_word' id='word_1_807' title='bbox 2137 5070 2191 5123; x_wconf 93' lang='lat' dir='ltr'><strong>in</strong></span> <span class='ocrx_word' id='word_1_808' title='bbox 2241 5085 2307 5125; x_wconf 87' lang='lat' dir='ltr'><strong>eo</strong></span> <span class='ocrx_word' id='word_1_809' title='bbox 2356 5082 2480 5125; x_wconf 86' lang='lat' dir='ltr'><strong>sunt</strong></span> <span class='ocrx_word' id='word_1_810' title='bbox 2533 5072 2739 5135; x_wconf 88' lang='lat' dir='ltr'><strong>omnia,</strong></span> <span class='ocrx_word' id='word_1_811' title='bbox 2796 5080 2851 5126; x_wconf 91' lang='lat' dir='ltr'><strong>et</strong></span> <span class='ocrx_word' id='word_1_812' title='bbox 2894 5070 3029 5125; x_wconf 91' lang='lat' dir='ltr'><strong>illud</strong></span> <span class='ocrx_word' id='word_1_813' title='bbox 3076 5076 3245 5127; x_wconf 90' lang='lat' dir='ltr'><strong>estin</strong></span> <span class='ocrx_word' id='word_1_814' title='bbox 3289 5073 3552 5127; x_wconf 85' lang='lat' dir='ltr'><strong>omnibus.</strong></span> 
     </span>
    </p>
   </div>
   <div class='ocr_carea' id='block_1_101' title="bbox 299 5158 1905 5234">
    <p class='ocr_par' dir='ltr' id='par_1_101' title="bbox 299 5158 1871 5234">
     <span class='ocr_line' id='line_1_101' title="bbox 299 5158 1871 5234; baseline -0.002 -16"><span class='ocrx_word' id='word_1_815' title='bbox 299 5164 387 5218; x_wconf 85' lang='grc' dir='ltr'><strong>τὸν</strong></span> <span class='ocrx_word' id='word_1_816' title='bbox 418 5165 538 5218; x_wconf 80' lang='grc' dir='ltr'>οὐδὲ</span> <span class='ocrx_word' id='word_1_817' title='bbox 579 5164 671 5218; x_wconf 91' lang='grc' dir='ltr'>νῦν</span> <span class='ocrx_word' id='word_1_818' title='bbox 709 5164 815 5229; x_wconf 77' lang='grc' dir='ltr'>ἔξω</span> <span class='ocrx_word' id='word_1_819' title='bbox 861 5164 960 5216; x_wconf 82' lang='grc' dir='ltr'>τῶν</span> <span class='ocrx_word' id='word_1_820' title='bbox 991 5162 1291 5234; x_wconf 78' lang='grc' dir='ltr'>ἀνθρώπων</span> <span class='ocrx_word' id='word_1_821' title='bbox 1323 5158 1459 5217; x_wconf 85' lang='grc' dir='ltr'>εἶναι</span> <span class='ocrx_word' id='word_1_822' title='bbox 1508 5164 1871 5233; x_wconf 79' lang='grc' dir='ltr'>πεπιστευμέο</span> 
     </span>
    </p>
   </div>
   <div class='ocr_carea' id='block_1_102' title="bbox 1940 5158 3546 5234">
    <p class='ocr_par' dir='ltr' id='par_1_102' title="bbox 1969 5162 3546 5233">
     <span class='ocr_line' id='line_1_102' title="bbox 1969 5162 3546 5233; baseline 0.003 -19"><span class='ocrx_word' id='word_1_823' title='bbox 1969 5178 2070 5215; x_wconf 86' lang='lat' dir='ltr'><strong>cur</strong></span> <span class='ocrx_word' id='word_1_824' title='bbox 2103 5177 2198 5216; x_wconf 90' lang='lat' dir='ltr'><strong>eos</strong></span> <span class='ocrx_word' id='word_1_825' title='bbox 2251 5163 2417 5231; x_wconf 89' lang='lat' dir='ltr'><strong>pudet</strong></span> <span class='ocrx_word' id='word_1_826' title='bbox 2467 5162 2622 5232; x_wconf 81' lang='lat' dir='ltr'><strong>quod</strong></span> <span class='ocrx_word' id='word_1_827' title='bbox 2651 5163 2973 5233; x_wconf 81' lang='lat' dir='ltr'><strong>mysterium</strong></span> <span class='ocrx_word' id='word_1_828' title='bbox 3021 5163 3076 5218; x_wconf 93' lang='lat' dir='ltr'><strong>in</strong></span> <span class='ocrx_word' id='word_1_829' title='bbox 3130 5163 3546 5232; x_wconf 81' lang='lat' dir='ltr'><strong>dispensatione</strong></span> 
     </span>
    </p>
   </div>
   <div class='ocr_carea' id='block_1_103' title="bbox 300 5252 1906 5330">
    <p class='ocr_par' dir='ltr' id='par_1_103' title="bbox 300 5252 1869 5325">
     <span class='ocr_line' id='line_1_103' title="bbox 300 5252 1869 5325; baseline -0.001 -17"><span class='ocrx_word' id='word_1_830' title='bbox 300 5272 415 5319; x_wconf 76' lang='lat' dir='ltr'><strong>vov;</strong></span> <span class='ocrx_word' id='word_1_831' title='bbox 469 5255 533 5308; x_wconf 84' lang='grc' dir='ltr'>Εἰ</span> <span class='ocrx_word' id='word_1_832' title='bbox 565 5255 672 5325; x_wconf 80' lang='grc' dir='ltr'>γὰρ</span> <span class='ocrx_word' id='word_1_833' title='bbox 721 5254 816 5307; x_wconf 75' lang='grc' dir='ltr'><strong>καὶ</strong></span> <span class='ocrx_word' id='word_1_834' title='bbox 858 5255 888 5307; x_wconf 86' lang='grc' dir='ltr'><strong>ό</strong></span> <span class='ocrx_word' id='word_1_835' title='bbox 930 5253 1129 5324; x_wconf 88' lang='grc' dir='ltr'>τρόπος</span> <span class='ocrx_word' id='word_1_836' title='bbox 1175 5252 1273 5323; x_wconf 81' lang='grc' dir='ltr'>τῆς</span> <span class='ocrx_word' id='word_1_837' title='bbox 1317 5254 1373 5306; x_wconf 84' lang='grc' dir='ltr'><strong>ἐν</strong></span> <span class='ocrx_word' id='word_1_838' title='bbox 1416 5255 1546 5324; x_wconf 78' lang='grc' dir='ltr'>ἡμῖν</span> <span class='ocrx_word' id='word_1_839' title='bbox 1589 5253 1681 5305; x_wconf 88' lang='grc' dir='ltr'><strong>τοῦ</strong></span> <span class='ocrx_word' id='word_1_840' title='bbox 1732 5253 1869 5307; x_wconf 88' lang='grc' dir='ltr'>Θεοῦ</span> 
     </span>
    </p>
   </div>
   <div class='ocr_carea' id='block_1_104' title="bbox 1939 5252 3545 5330">
    <p class='ocr_par' dir='ltr' id='par_1_104' title="bbox 1970 5255 3545 5330">
     <span class='ocr_line' id='line_1_104' title="bbox 1970 5255 3545 5330; baseline 0.001 -20"><span class='ocrx_word' id='word_1_841' title='bbox 1970 5255 2163 5311; x_wconf 90' lang='lat' dir='ltr'><strong>doceat</strong></span> <span class='ocrx_word' id='word_1_842' title='bbox 2197 5255 2367 5309; x_wconf 86' lang='lat' dir='ltr'><strong>Deum</strong></span> <span class='ocrx_word' id='word_1_843' title='bbox 2389 5257 2669 5311; x_wconf 77' lang='lat' dir='ltr'><strong>exstitisse</strong></span> <span class='ocrx_word' id='word_1_844' title='bbox 2706 5258 2848 5311; x_wconf 85' lang='lat' dir='ltr'><strong>inter</strong></span> <span class='ocrx_word' id='word_1_845' title='bbox 2868 5257 3143 5321; x_wconf 87' lang='lat' dir='ltr'><strong>homines,</strong></span> <span class='ocrx_word' id='word_1_846' title='bbox 3172 5260 3261 5330; x_wconf 89' lang='lat' dir='ltr'><strong>qui</strong></span> <span class='ocrx_word' id='word_1_847' title='bbox 3289 5274 3357 5313; x_wconf 84' lang='lat' dir='ltr'><strong>ne</strong></span> <span class='ocrx_word' id='word_1_848' title='bbox 3396 5275 3545 5312; x_wconf 87' lang='lat' dir='ltr'><strong>nunc</strong></span> 
     </span>
    </p>
   </div>
   <div class='ocr_carea' id='block_1_105' title="bbox 303 5337 1909 5419">
    <p class='ocr_par' dir='ltr' id='par_1_105' title="bbox 303 5337 1871 5415">
     <span class='ocr_line' id='line_1_105' title="bbox 303 5337 1871 5415; baseline -0.001 -18"><span class='ocrx_word' id='word_1_849' title='bbox 303 5345 623 5415; x_wconf 80' lang='grc' dir='ltr'>παρουσίας,</span> <span class='ocrx_word' id='word_1_850' title='bbox 654 5345 755 5398; x_wconf 88' lang='grc' dir='ltr'><strong>οὐκ</strong></span> <span class='ocrx_word' id='word_1_851' title='bbox 784 5343 945 5407; x_wconf 84' lang='grc' dir='ltr'>αὐτὸς</span> <span class='ocrx_word' id='word_1_852' title='bbox 973 5337 1122 5407; x_wconf 75' lang='grc' dir='ltr'>οὗτος</span> <span class='ocrx_word' id='word_1_853' title='bbox 1157 5343 1381 5410; x_wconf 75' lang='grc' dir='ltr'>ἐκείνῳ·</span> <span class='ocrx_word' id='word_1_854' title='bbox 1420 5343 1532 5395; x_wconf 83' lang='grc' dir='ltr'>ἀλλ’</span> <span class='ocrx_word' id='word_1_855' title='bbox 1579 5339 1671 5396; x_wconf 85' lang='grc' dir='ltr'><strong>οῦν</strong></span> <span class='ocrx_word' id='word_1_856' title='bbox 1707 5344 1767 5396; x_wconf 88' lang='grc' dir='ltr'><strong>τὸ</strong></span> <span class='ocrx_word' id='word_1_857' title='bbox 1814 5347 1871 5396; x_wconf 81' lang='grc' dir='ltr'><strong>ὲν</strong></span> 
     </span>
    </p>
   </div>
   <div class='ocr_carea' id='block_1_106' title="bbox 1942 5337 3548 5419">
    <p class='ocr_par' dir='ltr' id='par_1_106' title="bbox 1973 5348 3548 5419">
     <span class='ocr_line' id='line_1_106' title="bbox 1973 5348 3548 5419; baseline 0.001 -16"><span class='ocrx_word' id='word_1_858' title='bbox 1973 5349 2194 5419; x_wconf 85' lang='lat' dir='ltr'><strong>quidem</strong></span> <span class='ocrx_word' id='word_1_859' title='bbox 2250 5349 2495 5402; x_wconf 86' lang='lat' dir='ltr'><strong>creditur</strong></span> <span class='ocrx_word' id='word_1_860' title='bbox 2532 5363 2655 5403; x_wconf 89' lang='lat' dir='ltr'><strong>esse</strong></span> <span class='ocrx_word' id='word_1_861' title='bbox 2705 5356 2860 5403; x_wconf 80' lang='lat' dir='ltr'><strong>extra</strong></span> <span class='ocrx_word' id='word_1_862' title='bbox 2909 5349 3220 5404; x_wconf 84' lang='lat' dir='ltr'><strong>hominem?</strong></span> <span class='ocrx_word' id='word_1_863' title='bbox 3263 5348 3396 5402; x_wconf 86' lang='lat' dir='ltr'><strong>Nam</strong></span> <span class='ocrx_word' id='word_1_864' title='bbox 3438 5350 3548 5405; x_wconf 86' lang='lat' dir='ltr'><strong>etsi</strong></span> 
     </span>
    </p>
   </div>
   <div class='ocr_carea' id='block_1_107' title="bbox 302 5429 1908 5509">
    <p class='ocr_par' dir='ltr' id='par_1_107' title="bbox 302 5429 1873 5505">
     <span class='ocr_line' id='line_1_107' title="bbox 302 5429 1873 5505; baseline -0.001 -16"><span class='ocrx_word' id='word_1_865' title='bbox 302 5439 430 5505; x_wconf 72' lang='grc' dir='ltr'>ἡμῖν</span> <span class='ocrx_word' id='word_1_866' title='bbox 453 5433 611 5501; x_wconf 88' lang='grc' dir='ltr'>εἷναι,</span> <span class='ocrx_word' id='word_1_867' title='bbox 641 5436 736 5489; x_wconf 75' lang='grc' dir='ltr'>καὶ</span> <span class='ocrx_word' id='word_1_868' title='bbox 761 5434 855 5489; x_wconf 91' lang='grc' dir='ltr'><strong>νῦν</strong></span> <span class='ocrx_word' id='word_1_869' title='bbox 880 5436 974 5488; x_wconf 75' lang='grc' dir='ltr'>καὶ</span> <span class='ocrx_word' id='word_1_870' title='bbox 1001 5435 1121 5488; x_wconf 88' lang='grc' dir='ltr'>τότε</span> <span class='ocrx_word' id='word_1_871' title='bbox 1152 5433 1294 5488; x_wconf 82' lang='grc' dir='ltr'>κατὰ</span> <span class='ocrx_word' id='word_1_872' title='bbox 1319 5434 1380 5487; x_wconf 90' lang='grc' dir='ltr'><strong>τὸ</strong></span> <span class='ocrx_word' id='word_1_873' title='bbox 1406 5429 1523 5487; x_wconf 76' lang='grc' dir='ltr'>ἴσον</span> <span class='ocrx_word' id='word_1_874' title='bbox 1543 5435 1873 5505; x_wconf 88' lang='grc' dir='ltr'>διωμολόγη-</span> 
     </span>
    </p>
   </div>
   <div class='ocr_carea' id='block_1_108' title="bbox 1938 5429 3544 5509">
    <p class='ocr_par' dir='ltr' id='par_1_108' title="bbox 1971 5438 3544 5509">
     <span class='ocr_line' id='line_1_108' title="bbox 1971 5438 3544 5509; baseline 0 -16"><span class='ocrx_word' id='word_1_875' title='bbox 1971 5440 2171 5494; x_wconf 87' lang='lat' dir='ltr'><strong>modus</strong></span> <span class='ocrx_word' id='word_1_876' title='bbox 2200 5438 2293 5495; x_wconf 87' lang='lat' dir='ltr'><strong>Dei</strong></span> <span class='ocrx_word' id='word_1_877' title='bbox 2328 5440 2471 5495; x_wconf 88' lang='lat' dir='ltr'><strong>inter</strong></span> <span class='ocrx_word' id='word_1_878' title='bbox 2496 5455 2599 5496; x_wconf 90' lang='lat' dir='ltr'><strong>nos</strong></span> <span class='ocrx_word' id='word_1_879' title='bbox 2638 5440 2961 5509; x_wconf 70' lang='lat' dir='ltr'><strong>praesentiae,</strong></span> <span class='ocrx_word' id='word_1_880' title='bbox 2993 5456 3101 5494; x_wconf 88' lang='lat' dir='ltr'><strong>non</strong></span> <span class='ocrx_word' id='word_1_881' title='bbox 3136 5447 3221 5496; x_wconf 87' lang='lat' dir='ltr'><strong>est</strong></span> <span class='ocrx_word' id='word_1_882' title='bbox 3265 5442 3352 5494; x_wconf 85' lang='lat' dir='ltr'><strong>hic</strong></span> <span class='ocrx_word' id='word_1_883' title='bbox 3400 5439 3544 5496; x_wconf 85' lang='lat' dir='ltr'><strong>idem</strong></span> 
     </span>
    </p>
   </div>
   <div class='ocr_carea' id='block_1_109' title="bbox 302 5523 1908 5601">
    <p class='ocr_par' dir='ltr' id='par_1_109' title="bbox 302 5523 1871 5599">
     <span class='ocr_line' id='line_1_109' title="bbox 302 5523 1871 5599; baseline 0 -19"><span class='ocrx_word' id='word_1_884' title='bbox 302 5544 409 5581; x_wconf 85' lang='grc' dir='ltr'>ται.</span> <span class='ocrx_word' id='word_1_885' title='bbox 445 5528 558 5583; x_wconf 84' lang='grc' dir='ltr'><strong>Νῦν</strong></span> <span class='ocrx_word' id='word_1_886' title='bbox 599 5528 696 5599; x_wconf 84' lang='grc' dir='ltr'><strong>μὲν</strong></span> <span class='ocrx_word' id='word_1_887' title='bbox 729 5523 822 5582; x_wconf 84' lang='grc' dir='ltr'><strong>οῦν</strong></span> <span class='ocrx_word' id='word_1_888' title='bbox 851 5527 1183 5598; x_wconf 79' lang='grc' dir='ltr'>ἐγκέκραται</span> <span class='ocrx_word' id='word_1_889' title='bbox 1206 5528 1340 5597; x_wconf 84' lang='grc' dir='ltr'>ἡμῖν</span> <span class='ocrx_word' id='word_1_890' title='bbox 1369 5527 1399 5579; x_wconf 87' lang='grc' dir='ltr'>ὁ</span> <span class='ocrx_word' id='word_1_891' title='bbox 1444 5528 1678 5598; x_wconf 88' lang='grc' dir='ltr'>συνέχων</span> <span class='ocrx_word' id='word_1_892' title='bbox 1709 5529 1766 5581; x_wconf 84' lang='grc' dir='ltr'>ὲν</span> <span class='ocrx_word' id='word_1_893' title='bbox 1793 5528 1871 5598; x_wconf 79' lang='grc' dir='ltr'>τῷ</span> 
     </span>
    </p>
   </div>
   <div class='ocr_carea' id='block_1_110' title="bbox 1942 5523 3548 5601">
    <p class='ocr_par' dir='ltr' id='par_1_110' title="bbox 1971 5529 3548 5601">
     <span class='ocr_line' id='line_1_110' title="bbox 1971 5529 3548 5601; baseline 0.003 -18"><span class='ocrx_word' id='word_1_894' title='bbox 1971 5532 2064 5600; x_wconf 87' lang='lat' dir='ltr'><strong>qui</strong></span> <span class='ocrx_word' id='word_1_895' title='bbox 2096 5531 2223 5597; x_wconf 90' lang='lat' dir='ltr'><strong>ille;</strong></span> <span class='ocrx_word' id='word_1_896' title='bbox 2251 5538 2493 5584; x_wconf 88' lang='lat' dir='ltr'><strong>attamen</strong></span> <span class='ocrx_word' id='word_1_897' title='bbox 2519 5529 2667 5599; x_wconf 91' lang='lat' dir='ltr'><strong>quod</strong></span> <span class='ocrx_word' id='word_1_898' title='bbox 2695 5532 2768 5586; x_wconf 89' lang='lat' dir='ltr'><strong>sit</strong></span> <span class='ocrx_word' id='word_1_899' title='bbox 2800 5531 2853 5585; x_wconf 91' lang='lat' dir='ltr'><strong>in</strong></span> <span class='ocrx_word' id='word_1_900' title='bbox 2883 5531 3042 5586; x_wconf 86' lang='lat' dir='ltr'><strong>nobis</strong></span> <span class='ocrx_word' id='word_1_901' title='bbox 3064 5547 3127 5586; x_wconf 77' lang='lat' dir='ltr'><strong>ex</strong></span> <span class='ocrx_word' id='word_1_902' title='bbox 3160 5546 3340 5601; x_wconf 66' lang='lat' dir='ltr'><strong>atquo,</strong></span> <span class='ocrx_word' id='word_1_903' title='bbox 3370 5545 3548 5595; x_wconf 75' lang='lat' dir='ltr'><strong>nunc,</strong></span> 
     </span>
    </p>
   </div>
   <div class='ocr_carea' id='block_1_111' title="bbox 305 5616 1911 5693">
    <p class='ocr_par' dir='ltr' id='par_1_111' title="bbox 305 5616 1870 5691">
     <span class='ocr_line' id='line_1_111' title="bbox 305 5616 1870 5691; baseline 0.001 -19"><span class='ocrx_word' id='word_1_904' title='bbox 305 5616 554 5679; x_wconf 75' lang='grc' dir='ltr'>εἶναιτὴν</span> <span class='ocrx_word' id='word_1_905' title='bbox 584 5622 769 5691; x_wconf 74' lang='grc' dir='ltr'>φύσιψ</span> <span class='ocrx_word' id='word_1_906' title='bbox 796 5620 916 5673; x_wconf 81' lang='grc' dir='ltr'>τότε</span> <span class='ocrx_word' id='word_1_907' title='bbox 937 5620 992 5673; x_wconf 81' lang='grc' dir='ltr'>δὲ</span> <span class='ocrx_word' id='word_1_908' title='bbox 1013 5619 1316 5690; x_wconf 87' lang='grc' dir='ltr'>κατεμίχθη</span> <span class='ocrx_word' id='word_1_909' title='bbox 1340 5618 1477 5691; x_wconf 87' lang='grc' dir='ltr'>πρὸς</span> <span class='ocrx_word' id='word_1_910' title='bbox 1496 5619 1557 5672; x_wconf 86' lang='grc' dir='ltr'><strong>τὸ</strong></span> <span class='ocrx_word' id='word_1_911' title='bbox 1581 5619 1870 5690; x_wconf 77' lang='grc' dir='ltr'>ἡμέτερον,</span> 
     </span>
    </p>
   </div>
   <div class='ocr_carea' id='block_1_112' title="bbox 1944 5616 3550 5693">
    <p class='ocr_par' dir='ltr' id='par_1_112' title="bbox 1972 5622 3550 5693">
     <span class='ocr_line' id='line_1_112' title="bbox 1972 5622 3550 5693; baseline -0.002 -17"><span class='ocrx_word' id='word_1_912' title='bbox 1972 5631 2025 5677; x_wconf 82' lang='lat' dir='ltr'><strong>et</strong></span> <span class='ocrx_word' id='word_1_913' title='bbox 2054 5630 2185 5675; x_wconf 89' lang='lat' dir='ltr'><strong>tunc</strong></span> <span class='ocrx_word' id='word_1_914' title='bbox 2231 5622 2394 5690; x_wconf 88' lang='lat' dir='ltr'><strong>plane</strong></span> <span class='ocrx_word' id='word_1_915' title='bbox 2427 5629 2665 5677; x_wconf 85' lang='lat' dir='ltr'><strong>constat.</strong></span> <span class='ocrx_word' id='word_1_916' title='bbox 2707 5625 2887 5693; x_wconf 82' lang='lat' dir='ltr'><strong>Atque</strong></span> <span class='ocrx_word' id='word_1_917' title='bbox 2918 5638 3066 5677; x_wconf 75' lang='lat' dir='ltr'><strong>nunc</strong></span> <span class='ocrx_word' id='word_1_918' title='bbox 3110 5623 3329 5693; x_wconf 87' lang='lat' dir='ltr'><strong>quidem</strong></span> <span class='ocrx_word' id='word_1_919' title='bbox 3378 5622 3550 5677; x_wconf 85' lang='lat' dir='ltr'><strong>estin.</strong></span> 
     </span>
    </p>
   </div>
   <div class='ocr_carea' id='block_1_113' title="bbox 306 5709 1912 5785">
    <p class='ocr_par' dir='ltr' id='par_1_113' title="bbox 306 5709 1873 5785">
     <span class='ocr_line' id='line_1_113' title="bbox 306 5709 1873 5785; baseline 0 -22"><span class='ocrx_word' id='word_1_920' title='bbox 306 5712 390 5765; x_wconf 75' lang='grc' dir='ltr'><strong>ἶνα</strong></span> <span class='ocrx_word' id='word_1_921' title='bbox 408 5715 472 5784; x_wconf 80' lang='grc' dir='ltr'>τῇ</span> <span class='ocrx_word' id='word_1_922' title='bbox 489 5712 622 5785; x_wconf 84' lang='grc' dir='ltr'>πρὸς</span> <span class='ocrx_word' id='word_1_923' title='bbox 640 5711 704 5765; x_wconf 87' lang='grc' dir='ltr'><strong>τὸ</strong></span> <span class='ocrx_word' id='word_1_924' title='bbox 722 5712 875 5765; x_wconf 83' lang='grc' dir='ltr'>Θεῖον</span> <span class='ocrx_word' id='word_1_925' title='bbox 902 5709 1152 5780; x_wconf 71' lang='grc' dir='ltr'>ἐπιμιξίᾳ</span> <span class='ocrx_word' id='word_1_926' title='bbox 1167 5711 1381 5780; x_wconf 84' lang='grc' dir='ltr'>γίνηται</span> <span class='ocrx_word' id='word_1_927' title='bbox 1413 5710 1573 5773; x_wconf 78' lang='grc' dir='ltr'>θεῖον,</span> <span class='ocrx_word' id='word_1_928' title='bbox 1596 5709 1873 5781; x_wconf 77' lang='grc' dir='ltr'>ἐξαιρεθὲν</span> 
     </span>
    </p>
   </div>
   <div class='ocr_carea' id='block_1_114' title="bbox 1938 5709 3544 5785">
    <p class='ocr_par' dir='ltr' id='par_1_114' title="bbox 1974 5712 3544 5781">
     <span class='ocr_line' id='line_1_114' title="bbox 1974 5712 3544 5781; baseline 0.001 -16"><span class='ocrx_word' id='word_1_929' title='bbox 1974 5712 2135 5767; x_wconf 89' lang='lat' dir='ltr'><strong>nobis</strong></span> <span class='ocrx_word' id='word_1_930' title='bbox 2183 5721 2650 5781; x_wconf 84' lang='lat' dir='ltr'><strong>contemperatus,</strong></span> <span class='ocrx_word' id='word_1_931' title='bbox 2692 5713 2784 5781; x_wconf 91' lang='lat' dir='ltr'><strong>qui</strong></span> <span class='ocrx_word' id='word_1_932' title='bbox 2862 5723 3113 5767; x_wconf 87' lang='lat' dir='ltr'><strong>naturam</strong></span> <span class='ocrx_word' id='word_1_933' title='bbox 3177 5716 3420 5768; x_wconf 81' lang='lat' dir='ltr'><strong>continet</strong></span> <span class='ocrx_word' id='word_1_934' title='bbox 3486 5712 3544 5767; x_wconf 89' lang='lat' dir='ltr'><strong>in</strong></span> 
     </span>
    </p>
   </div>
   <div class='ocr_carea' id='block_1_115' title="bbox 308 5797 1914 5874">
    <p class='ocr_par' dir='ltr' id='par_1_115' title="bbox 308 5797 1871 5874">
     <span class='ocr_line' id='line_1_115' title="bbox 308 5797 1871 5874; baseline 0.001 -19"><span class='ocrx_word' id='word_1_935' title='bbox 308 5803 397 5855; x_wconf 78' lang='grc' dir='ltr'><strong>τοῦ</strong></span> <span class='ocrx_word' id='word_1_936' title='bbox 417 5804 663 5867; x_wconf 84' lang='grc' dir='ltr'>θανάτου,</span> <span class='ocrx_word' id='word_1_937' title='bbox 682 5804 777 5857; x_wconf 75' lang='grc' dir='ltr'>καὶ</span> <span class='ocrx_word' id='word_1_938' title='bbox 804 5802 901 5874; x_wconf 81' lang='grc' dir='ltr'>τῆς</span> <span class='ocrx_word' id='word_1_939' title='bbox 924 5802 1016 5856; x_wconf 76' lang='grc' dir='ltr'><strong>τοῦ</strong></span> <span class='ocrx_word' id='word_1_940' title='bbox 1040 5802 1412 5873; x_wconf 76' lang='grc' dir='ltr'>ἀντικειμένου</span> <span class='ocrx_word' id='word_1_941' title='bbox 1434 5819 1497 5855; x_wconf 84' lang='grc' dir='ltr'><strong>τυ</strong></span> <span class='ocrx_word' id='word_1_942' title='bbox 1508 5802 1742 5873; x_wconf 76' lang='grc' dir='ltr'>ραννῖδος</span> <span class='ocrx_word' id='word_1_943' title='bbox 1764 5797 1871 5864; x_wconf 80' lang='grc' dir='ltr'>ἔξω</span> 
     </span>
    </p>
   </div>
   <div class='ocr_carea' id='block_1_116' title="bbox 1940 5797 3546 5874">
    <p class='ocr_par' dir='ltr' id='par_1_116' title="bbox 1974 5805 3546 5869">
     <span class='ocr_line' id='line_1_116' title="bbox 1974 5805 3546 5869; baseline 0.003 -12"><span class='ocrx_word' id='word_1_944' title='bbox 1974 5805 2258 5869; x_wconf 84' lang='lat' dir='ltr'><strong>essentia;</strong></span> <span class='ocrx_word' id='word_1_945' title='bbox 2300 5812 2430 5857; x_wconf 88' lang='lat' dir='ltr'><strong>tunc</strong></span> <span class='ocrx_word' id='word_1_946' title='bbox 2461 5814 2640 5858; x_wconf 86' lang='lat' dir='ltr'><strong>autem</strong></span> <span class='ocrx_word' id='word_1_947' title='bbox 2681 5820 2804 5859; x_wconf 90' lang='lat' dir='ltr'><strong>cum</strong></span> <span class='ocrx_word' id='word_1_948' title='bbox 2838 5813 3027 5859; x_wconf 84' lang='lat' dir='ltr'><strong>nostra</strong></span> <span class='ocrx_word' id='word_1_949' title='bbox 3064 5814 3259 5859; x_wconf 81' lang='lat' dir='ltr'><strong>natura</strong></span> <span class='ocrx_word' id='word_1_950' title='bbox 3302 5805 3546 5861; x_wconf 72' lang='lat' dir='ltr'><strong>immista</strong></span> 
     </span>
    </p>
   </div>
  </div>
