4066 6374
457 393 528 450 C-‘l
1724 397 1779 452 S.
1822 398 2146 456 GREGORII
2177 400 2467 456 NYSSENI
3641 401 3709 457 68

461 512 565 566 fuit
594 509 897 578 Divinitas;
928 521 981 566 et
1024 514 1077 567 in
1118 526 1179 567 ea
1216 520 1415 567 nostrm
1455 522 1661 567 naturae
1693 530 1817 569 cum
1849 516 2033 570 divina

2141 519 2442 588 γενόμενον.
2486 518 2549 570 'H
2599 518 2705 587 γὰρ
2738 518 2947 570 ἐκείνου
2990 516 3099 570 ἀπὸ
3127 516 3218 569 τοῦ
3261 515 3491 570 θανάτου
3542 516 3709 568 ἐπάν-

460 604 861 669 connnistione,
912 615 1100 660 nostra
1144 608 1336 660 ell'ecta
1383 613 1469 659 est
1514 605 1720 668 divina,
1763 614 1820 658 ut
1849 621 1971 674 qua:
2000 621 2032 659 a

462 705 642 753 morte
671 699 744 753 sit
772 707 1045 769 exempta,
1080 708 1136 752 et
1180 700 1249 753 ab
1278 698 1580 753 adversarii
1625 707 1811 767 erepta
1847 706 2037 769 tyran-

2138 610 2275 674 οδος,
2299 610 2439 680 ἀρχὴ
2464 610 2541 680 τῷ
2571 610 2748 679 θνητῷ
2763 612 2910 679 γένει
2931 610 3030 681 τῆς
3057 612 3134 672 είς
3155 608 3253 680 τὴν
3278 608 3539 663 ἀθάνατον
3567 606 3710 675 ζωὴν

2140 701 2397 754 ἐπανόδου
2430 702 2695 769 γίγνεται.

461 794 608 848 uide.
653 794 803 849 Illius
845 796 993 849 enim
1036 810 1067 847 a
1110 802 1287 849 morte
1329 794 1593 858 reversio,
1643 794 1850 848 exstitit
1894 794 2106 848 mortali
2158 797 2342 865 generi
2396 798 2722 868 principium
2777 796 3106 852 reversionis
3155 795 3223 849 ad
3274 794 3441 847 vitam
3488 792 3713 843 immor-

464 885 645 935 talem.

1003 978 1232 1033 CAPUT
1274 976 1463 1031 XXVI.

536 1069 645 1123 Sed
681 1070 740 1123 in
788 1069 1150 1122 examinanda
1203 1070 1342 1123 forte
1376 1068 1594 1138 justitia
1642 1078 1696 1122 et
1746 1067 2032 1136 sapientia,

457 1179 584 1231 quae
616 1164 998 1217 consideratur
1050 1164 1104 1215 in
1139 1163 1241 1215 hac
1271 1162 1698 1231 dispensatione,
1750 1160 2038 1213 adducitur

462 1254 702 1307 Fortasse
731 1254 1025 1323 quispiam,
1078 1261 1135 1304 ut
1170 1252 1444 1305 existimet
1476 1251 1667 1304 fraude
1711 1249 1851 1302 lianc
1895 1250 2034 1301 viam

461 1357 515 1400 et
554 1349 818 1400 rationem
865 1362 895 1398 a
936 1346 1042 1399 Deo
1086 1361 1183 1414 pro
1225 1344 1385 1398 nobis
1428 1342 1598 1397 fuisse
1644 1343 2031 1410 excogitatam.

465 1437 622 1500 Quod
672 1438 819 1490 enim
853 1452 957 1489 non
996 1437 1141 1488 nuda
1172 1435 1486 1496 Diviniiate,
1520 1432 1613 1486 sed
1645 1442 1785 1486 tecta
1820 1432 1888 1484 ab
1935 1432 2040 1484 bu-

471 1544 633 1581 mana
668 1538 890 1589 natura,
918 1526 1063 1580 Deus
1087 1528 1157 1580 ab
1198 1527 1420 1579 inimico
1462 1525 1765 1593 ignoratus,
1819 1524 1873 1576 in
1907 1536 2035 1575 eum

461 1625 555 1693 qui
604 1623 941 1677 dominatum
998 1622 1312 1683 obtinebat,
1374 1638 1434 1676 se
1486 1620 1886 1685 insinuaverit;
1951 1626 2036 1673 est

461 1715 867 1783 quodammodo
894 1714 1053 1767 dolus
1081 1714 1303 1781 quidam
1333 1722 1386 1766 et
1412 1711 1877 1780 circumscriptio,
1903 1725 2028 1762 cum

2701 976 2951 1029 ΚΕΦΑΔ.
2991 976 3137 1041 Kq'.

2226 1069 2361 1121 Ἀλλ’
2396 1067 2524 1129 ἴσως
2549 1084 2632 1130 τις
2665 1069 2721 1119 ἐν
2746 1070 2811 1137 τῇ
2841 1069 2940 1137 τῆς
2970 1064 3313 1133 δικαιοσύνης
3340 1063 3580 1130 ἐξετάσει
3618 1061 3715 1114 καὶ

2143 1162 2333 1229 σοφίας
2364 1160 2464 1229 τῆς
2496 1157 2638 1213 κατὰ
2681 1158 2778 1229 τὴν
2816 1158 3124 1226 οἰκονομίαν
3169 1155 3368 1225 ταύτην
3403 1153 3712 1225 θεωρουμέ-

2143 1270 2260 1320 νης,
2298 1254 2547 1319 ἐνάγεται
2576 1248 2714 1321 πρὸς
2741 1249 2801 1301 τὸ
2828 1248 3043 1319 νομίσαι
3069 1247 3285 1317 ἀπάτην
3311 1245 3432 1297 τινὰ
3461 1244 3715 1313 τοιαύτην

2144 1345 2363 1416 μέθοδον
2401 1342 2776 1411 ἐπινενοῆσθαι
2821 1341 2961 1412 ὑπὲρ
3003 1340 3158 1411 ἡμῶν
3203 1340 3281 1409 τῷ
3315 1338 3454 1410 Θεῷ.
3501 1339 3574 1391 Τὸ
3603 1338 3712 1409 γὰρ

2139 1438 2201 1490 οὐ
2237 1426 2414 1507 γυμνῇ
2456 1439 2521 1506 τῇ
2547 1434 2758 1505 θεότητι
2778 1473 2791 1496 ,
2828 1433 2941 1486 ἀλλ’
2978 1433 3082 1486 ὑπὸ
3109 1434 3207 1503 τῆς
3233 1432 3579 1503 ἀνθρωπίνης
3609 1430 3712 1499 φύ-

2142 1547 2279 1592 σεως
2301 1528 2711 1598 κεκαλυμμένη,
2731 1526 3064 1595 ἀγνοηθέντα
3088 1524 3231 1596 παρά
3251 1524 3344 1577 τοῦ
3373 1524 3597 1595 Ἐχθροῦ
3622 1525 3712 1576 τὸν

2140 1621 2294 1681 Θεὸν,
2318 1620 2467 1681 ἐντὸς
2498 1618 2592 1671 τοῦ
2625 1617 2948 1688 κρατοῦντος
2971 1616 3244 1684 γενέσθαι,
3271 1616 3450 1685 ἀπάτη
3482 1615 3565 1678 τίς
3598 1617 3713 1667 ἐστι

2140 1712 2341 1782 τρόπον
2379 1710 2500 1763 τινά
2535 1711 2629 1762 καὶ
2678 1708 3107 1779 παραλογισμός,
3157 1707 3387 1776 ἐπείπερ
3434 1705 3562 1759 ἴδιον
3604 1707 3712 1759 τῶν

465 1810 540 1862 sit
576 1808 856 1876 proprium
887 1821 1078 1861 eorum
1114 1807 1205 1875 qui
1242 1805 1544 1874 decipiunt,
1599 1805 1665 1857 ad
1713 1802 1860 1856 aliud
1901 1817 2031 1854 con-

2141 1810 2471 1865 ἀπατώντων
2508 1808 2659 1869 ἐστὶ,
2711 1808 2771 1859 τὸ
2814 1807 2950 1877 πρὸς
2986 1805 3172 1875 ἕτερον
3210 1804 3308 1867 τὰς
3347 1803 3454 1856 τῶν
3494 1802 3712 1855 ἐπιδου-

463 1910 678 1953 vertere
718 1914 867 1967 spem
893 1913 1107 1961 eorum,
1133 1897 1336 1966 quibus
1377 1903 1667 1950 struuntur
1712 1892 1948 1954 insidiae,
1980 1899 2035 1945 et

469 1992 617 2044 aliud
653 1991 864 2043 ellicere
897 2004 1060 2058 quam
1095 1988 1239 2057 quod
1294 1986 1395 2040 fuit
1437 1994 1740 2056 speratum.
1794 1983 1899 2037 Sed
1939 1982 2034 2051 qui

471 2082 673 2150 aspicit
730 2080 799 2134 ad
862 2080 1185 2142 veritatem,
1248 2079 1349 2131 hoc
1421 2092 1642 2147 quoque
1703 2075 2038 2130 assentietur

461 2172 707 2225 omnium
764 2170 999 2224 maxime
1042 2184 1165 2223 esse
1211 2168 1439 2237 justitite
1478 2176 1533 2221 et
1569 2165 1867 2235 sapientiae.
1901 2162 2035 2215 Nam

464 2262 601 2332 justi
636 2262 854 2332 quidem
904 2269 988 2315 est
1035 2276 1132 2330 pro
1168 2259 1376 2313 meritis
1425 2258 1723 2326 unicuique
1772 2256 2032 2309 tribuere.

467 2352 745 2423 Sapientis
801 2361 982 2407 autem
1044 2366 1219 2420 neque
1261 2350 1471 2418 justum
1533 2359 1807 2410 avertere,
1863 2359 2037 2415 neque

462 2443 668 2497 bonum
721 2441 1080 2509 benignitatis
1145 2454 1372 2508 scopum
1430 2452 1688 2506 separare
1748 2451 1778 2488 a
1828 2435 2038 2505 judicio

462 2535 612 2605 quod
639 2534 698 2588 [it
727 2549 793 2588 ex
821 2533 1058 2603 justitia,
1106 2532 1200 2586 sed
1242 2540 1365 2600 apte
1387 2541 1442 2584 et
1487 2537 1857 2599 congruenter
1890 2536 2035 2580 utra-

460 2643 568 2697 que
594 2627 736 2680 inter
757 2641 815 2680 se
840 2621 1434 2694 conjungere,juslitia:
1461 2622 1681 2691 quidem
1710 2618 2028 2679 tribuendo,

460 2716 609 2786 quod
638 2715 802 2768 datur
833 2728 934 2783 pro
964 2712 1212 2778 meritis;
1246 2710 1475 2764 bonitati
1509 2718 1714 2773 autem,
1745 2709 1891 2779 quod
1925 2698 2039 2761 non

463 2806 758 2861 recedatur
789 2821 821 2859 a
855 2804 1024 2872 scopo
1054 2804 1427 2872 benignitatis.
1476 2801 1906 2856 Consideremus
1934 2802 2038 2870 igi-

461 2907 554 2952 tur
585 2912 767 2951 annon
789 2897 907 2950 ltazc
930 2896 1090 2949 ambo
1115 2894 1533 2948 considerentur
1558 2893 1613 2946 in
1646 2894 1713 2947 iis
1740 2908 1864 2962 qua:
1893 2891 2036 2945 facta

461 2999 610 3046 sunt.
647 2989 783 3042 Nam
822 3003 919 3059 par
948 2988 1065 3057 pari
1097 3002 1196 3057 pro
1247 2985 1460 3040 meritis
1499 2985 1727 3048 referre,
1760 2999 1857 3052 per
1890 2984 2036 3053 quod

457 3084 708 3139 vicissim
727 3082 1001 3151 decipitur
1019 3079 1298 3149 deceptor,
1325 3077 1564 3133 ostendit
1579 3078 1871 3146 justitiam.
1906 3076 2037 3144 Ejus

2135 1904 2436 1973 λευομένων
2466 1901 2682 1963 ἐλπίδας
2714 1899 2956 1971 τρέπειν,
2999 1896 3093 1950 καὶ
3122 1896 3247 1950 ἄλλο
3276 1894 3427 1966 παρὰ
3468 1894 3528 1947 τὸ
3565 1895 3717 1946 ἐλπι-

2138 1993 2262 2045 σθὲν
2290 1987 2745 2060 κατεργάζεσθαιο
2782 1986 2895 2039 ἀλλ’
2935 1987 2965 2037 6
2997 1984 3131 2054 πρὸς
3174 1983 3273 2053 τὴν
3300 1980 3556 2051 ἀλήθειαν
3593 1978 3715 2049 βλέ-

2137 2101 2273 2145 πων,
2323 2081 2538 2134 πάντων
2597 2078 2830 2149 μάλιστα
2874 2077 2970 2128 καὶ
3021 2074 3180 2127 τοῦτο
3232 2072 3333 2142 τῆς
3373 2070 3715 2139 δικαιοσύνης

2134 2194 2193 2229 τε
2218 2174 2311 2227 καὶ
2338 2173 2437 2242 τῆς
2472 2171 2660 2240 σοφίας
2694 2164 2832 2221 εἶναι
2862 2165 3200 2235 συνθήσεται.
3226 2163 3449 2217 Δικαίου
3478 2162 3576 2233 μὲν
3604 2162 3713 2230 γάρ

2135 2270 2273 2331 ἐστι,
2305 2265 2366 2319 τὸ
2396 2264 2515 2317 κατ’
2544 2262 2700 2327 ἀξίαν
2734 2258 2948 2328 ἑκάστῳ
2972 2257 3179 2326 νέμειν·
3212 2254 3377 2322 σοφοῦ
3405 2255 3462 2308 δέ
3489 2253 3549 2305 τὸ
3578 2254 3715 2323 μήτε

2136 2354 2510 2429 παρατρέπειν
2545 2352 2605 2405 τὸ
2634 2350 2862 2412 δίκαιον,
2898 2348 3036 2418 μήτε
3060 2347 3151 2399 τὸν
3175 2344 3380 2414 ἀγαθὸν
3405 2344 3501 2413 τῆς
3528 2343 3716 2411 φίλαν-

2136 2447 2381 2518 θρωπίας
2433 2442 2633 2496 σκοπὸν
2677 2439 3038 2511 ἀποχωρίςειν
3084 2438 3181 2507 τῆς
3230 2436 3368 2489 κατά
3406 2434 3467 2486 τὸ
3511 2433 3720 2486 δίκαιον

2136 2541 2368 2611 κρίσεως
2385 2577 2399 2601 ,
2433 2536 2568 2590 ἀλλὰ
2598 2532 2885 2586 συνάπτειν
2910 2530 3157 2601 ἀλλήλοις
3185 2527 3507 2597 εὐμηχάνως
3535 2524 3715 2593 ἀμφόο

2135 2649 2288 2703 τερα,
2321 2634 2387 2701 τῇ
2421 2630 2518 2699 μὲν
2547 2626 2861 2698 δικαιοσύνῃ
2884 2664 2899 2688 ,
2931 2622 2991 2675 τὸ
3020 2622 3138 2675 κατ’
3175 2619 3331 2685 ἀξίαν
3361 2616 3711 2672 ἀντιδιδόντω

2135 2727 2200 2794 τῇ
2228 2723 2283 2775 δὲ
2311 2722 2626 2791 ἀγαθότητι,
2669 2718 2763 2771 τοῦ
2807 2714 3009 2769 σκοποῦ
3053 2716 3151 2784 τῆς
3186 2708 3592 2781 φιλανθρωπίας
3617 2709 3719 2759 ούκ

2136 2814 2509 2884 ἐξιστάμενον.
2543 2813 2914 2880 Σκοπήσωμεν
2941 2808 3115 2860 τοίνυν
3138 2808 3185 2858 εἰ
3224 2805 3297 2875 μὴ
3324 2804 3394 2856 τὰ
3424 2804 3515 2856 δύο
3544 2802 3719 2856 ταῦτα

2134 2908 2246 2967 τοῖς
2302 2903 2580 2972 γεγονόσιν
2632 2900 2995 2969 ἐνθεωρεῖται.
3049 2897 3112 2948 Ἦ
3164 2896 3263 2965 μὲν
3310 2894 3419 2964 γὰρ
3460 2892 3554 2945 τοῦ
3594 2892 3713 2945 κατ’

2136 2998 2290 3062 ἀξίαν
2320 2994 2583 3056 ἀντίδοσις
2607 3033 2621 3057 ,
2657 2993 2721 3045 δι’
2760 2988 2828 3063 ἧς
2855 2995 2883 3045 ὁ
2917 2988 3168 3045 ἀπατεὼν
3214 2988 3623 3051 ἀνταπατᾶται,
3657 2985 3718 3037 τὸ

2136 3091 2339 3143 δίκαιον
2367 3088 2636 3139 δείκνυσιν
2662 3102 2674 3113 ·
2708 3088 2737 3138 6
2770 3084 2826 3137 δὲ
2855 3083 3053 3145 σκοπὸς
3082 3081 3176 3134 τοῦ
3199 3079 3539 3150 γιγνομένου,
3575 3096 3649 3149 μα
3661 3096 3716 3147 ρ-

460 3174 820 3243 autemquod
856 3171 1165 3241 ﬁtsc0pus,
1214 3180 1298 3225 est
1345 3168 1718 3223 testimonium
1769 3168 2035 3222 bonitatis

2141 3179 2295 3249 τυρία
2352 3177 2450 3246 τῆς
2508 3175 2600 3228 τοῦ
2662 3174 3009 3245 ἐνεργοῦντος
3061 3170 3396 3242 ἀγαθότητος
3448 3170 3715 3239 γίγνεται.

460 3268 585 3336 ejus
613 3267 707 3336 qui
749 3273 1028 3333 operatur.
1064 3262 1197 3315 Nam
1229 3261 1458 3330 justitiaa
1496 3258 1717 3329 quidem
1773 3267 1858 3313 est
1910 3274 2039 3328 pro-

462 3362 645 3430 prium
690 3356 986 3425 unicuique
1018 3354 1109 3407 illa
1162 3353 1424 3413 tribuere.
1460 3352 1621 3420 cujus
1668 3351 1938 3420 principia
1985 3359 2039 3404 et

461 3466 661 3506 causas
695 3448 848 3519 prius
877 3448 1128 3515 jecerat;
1161 3444 1436 3515 quomodo
1460 3451 1605 3497 terra
1645 3442 2038 3495 convenienter

464 3541 770 3597 seminibus
802 3554 924 3608 qua:
964 3539 1018 3590 in
1058 3551 1176 3590 eam
1207 3535 1353 3604 jacta
1400 3541 1550 3597 sunt,
1597 3532 1808 3587 fructus
1840 3532 2035 3585 reddit.

465 3633 770 3705 Sapientiae
797 3643 978 3685 autem
1007 3638 1114 3691 est,
1148 3630 1201 3681 in
1235 3627 1397 3681 modo
1428 3626 1687 3682 reddendi
1740 3625 1939 3680 similia
1969 3625 2041 3679 ab

461 3743 530 3782 eo
556 3724 702 3796 quod
728 3734 810 3778 est
839 3723 1033 3777 melius
1068 3735 1178 3774 non
1216 3719 1517 3773 discedere.
1553 3716 1671 3783 Quo
1693 3717 1854 3771 modo
1893 3718 2037 3771 enim

464 3819 594 3872 cibo
649 3816 1004 3887 pharmacum
1045 3813 1301 3868 similiter
1339 3811 1629 3876 admiscet,
1673 3818 1729 3865 et
1765 3810 1857 3879 qui
1904 3809 2040 3863 insi-

462 3911 670 3969 diatur,
697 3915 750 3960 et
781 3906 874 3974 qui
893 3904 942 3959 ei
970 3903 1219 3957 medetur
1241 3901 1336 3971 qui
1358 3900 1632 3970 appetitus
1655 3898 1757 3951 l'uit
1784 3898 2035 3952 insidiis:

463 4002 560 4057 sed
607 4000 698 4054 ille
742 3996 964 4069 quidem
1018 4009 1291 4050 venenqu
1352 3996 1556 4064 praebet
1607 3992 1904 4058 letiferum,
1950 3991 2040 4045 hic

464 4102 645 4145 autem
704 4088 896 4143 veneni
947 4087 1150 4157 praebet
1210 4084 1709 4148 medicamentum,
1741 4090 1796 4136 et
1843 4081 2040 4136 modus

464 4183 769 4237 curationis
814 4180 1041 4234 minime
1096 4176 1404 4246 corrumpit
1444 4191 1672 4245 scopum
1720 4174 2040 4229 conferendi

466 4274 753 4340 beneﬁcii;
802 4288 928 4326 nam
979 4270 1087 4326 etsi
1136 4269 1206 4323 ab
1240 4268 1490 4338 utrisque
1528 4268 1588 4321 in
1638 4266 1899 4321 alimento
1948 4264 2044 4319 ﬁat

468 4367 653 4422 mistib
712 4365 1035 4436 pharmaci,
1094 4377 1322 4431 sc0pum
1379 4370 1560 4415 tamen
1620 4367 1677 4414 et
1724 4358 2041 4414 institutum

2143 3270 2300 3321 Ἴδιον
2346 3268 2443 3338 μὲν
2484 3267 2594 3336 γὰρ
2634 3266 2732 3335 τῆς
2776 3265 3140 3335 δικαιοσύνης,
3195 3263 3257 3316 τὸ
3304 3265 3485 3316 ἐκεῖνα
3534 3264 3720 3334 νέμειν

2139 3362 2375 3430 ἑκάστῳ,
2417 3354 2492 3413 ὧν
2530 3376 2612 3422 τις
2650 3359 2750 3420 τὰς
2779 3357 2953 3429 ἀρχὰς
2980 3358 3074 3409 καὶ
3118 3357 3217 3418 τὰς
3262 3356 3439 3419 αἰτίας
3478 3372 3719 3426 προκατ-

2140 3452 2392 3505 εϐἀλετοο
2417 3448 2605 3520 ὥσπερ
2633 3452 2666 3518 ἡ
2696 3449 2771 3518 γῆ
2800 3452 2940 3502 κατά
2970 3448 3037 3500 τά
3061 3448 3190 3517 γένη
3222 3447 3329 3500 τῶν
3353 3448 3721 3519 καταϐληθέν-

2138 3561 2243 3595 των
2268 3542 2616 3612 σπερμάτων,
2644 3541 2738 3594 καὶ
2768 3540 2893 3603 τοὺς
2918 3532 3163 3611 καρποὺς
3184 3538 3488 3593 ἀναδίδωσι.
3519 3539 3720 3607 Σοφίας

2138 3636 2282 3689 δὲτὸ
2327 3637 2384 3687 ἐν
2427 3632 2505 3702 τῷ
2541 3633 2729 3703 τρόπῳ
2762 3633 2860 3703 τῆς
2900 3632 3007 3684 τῶν
3049 3633 3249 3701 ὁμοίων
3287 3632 3605 3693 ἀντιδόσεως
3643 3631 3723 3701 μὴ

2140 3726 2394 3779 ἐκπεσεῖν
2438 3722 2534 3776 τοῦ
2583 3722 2872 3792 βελτίονος.
2924 3722 3134 3793 ’Ὠσπερ
3180 3722 3290 3791 γὰρ
3339 3721 3416 3791 τῷ
3464 3721 3722 3790 ἐδέσματι

2139 3818 2339 3888 ὁμοίως
2361 3816 2736 3886 παραμίγνυσι
2757 3814 2816 3867 τὸ
2838 3814 3147 3885 φάρμακον,
3171 3816 3263 3867 καὶ
3281 3817 3308 3867 6
3333 3813 3721 3877 ἐπιϐουλεύων,

2140 3910 2234 3964 καὶ
2262 3911 2290 3961 6
2318 3910 2407 3962 τὸν
2451 3907 2899 3961 ἐπιϐουλευθέντα
2931 3906 3179 3976 ἰώμενος·
3207 3907 3320 3960 ἀλλ’
3346 3910 3374 3959 6
3407 3908 3504 3977 μὲν
3533 3907 3593 3960 τὸ
3627 3907 3721 3974 δη-

2140 4002 2417 4074 λητήριον,
2457 4004 2485 4054 6
2532 4001 2587 4054 δὲ
2619 4001 2679 4053 τὸ
2726 4000 2820 4052 τοῦ
2869 4000 3197 4070 δηλητηρίου
3229 4000 3563 4071 ἀλεξιτήριον
3584 4017 3598 4030 ·
3628 4002 3723 4053 καὶ

2140 4093 2289 4146 οὐδὲν
2322 4094 2351 4145 6
2378 4091 2578 4163 τρόπος
2605 4091 2703 4160 τῆς
2729 4090 3043 4161 θεραπείας,
3076 4089 3168 4142 τὸν
3209 4090 3408 4143 σκοπὸν
3434 4089 3533 4158 τῆς
3564 4090 3727 4162 εὐερ-

2141 4181 2330 4249 γεσίας
2384 4178 2772 4251 διελυμήνατο·
2834 4181 2883 4231 εί
2933 4178 3042 4250 γὰρ
3080 4180 3175 4232 καὶ
3223 4181 3352 4249 παρ’
3399 4179 3725 4250 ἀμφοτέρων

2144 4271 2435 4340 φαρμάκου
2478 4269 2623 4338 μίξις
2662 4271 2719 4322 ἐν
2764 4272 2940 4341 τροφῇ
2971 4270 3249 4337 γίγνεται,
3285 4270 3418 4322 ἀλλὰ
3460 4270 3593 4338 πρὸς
3631 4270 3724 4321 τὸν

2146 4364 2345 4416 σκοπὸν
2388 4361 2812 4432 ἀποϐλέψαντες,
2850 4363 2941 4414 τὸν
2985 4362 3082 4431 μὲν
3130 4361 3477 4431 ἐπαινοῦμεν,
3531 4364 3622 4416 τὸν
3666 4362 3726 4414 δὲ

467 4459 815 4529 aspicientes,
874 4458 1018 4510 hunc
1050 4453 1267 4523 quidem
1310 4452 1622 4513 laudamus,
1656 4451 1808 4504 illum
1859 4463 2039 4505 autem

2144 4454 2577 4525 χαλεπαίνομεν·
2632 4452 2774 4507 οὕτω
2821 4455 2915 4506 καὶ
2953 4453 3208 4519 ἐνταῦθα,
3241 4457 3317 4525 τῷ
3367 4456 3465 4525 μὲν
3496 4458 3635 4511 κατά
3662 4460 3726 4511 το

467 4550 687 4604 odimus
714 4556 768 4602 et
797 4561 1118 4601 aversantur
1149 4562 1162 4598 :
1189 4545 1260 4597 ita
1295 4543 1384 4597 bic
1414 4558 1655 4613 quoque,
1684 4543 1897 4597 ratione
1922 4545 2039 4613 qui-

2144 4547 2350 4600 δίκαιον
2374 4545 2538 4614 λόγῳ,
2574 4546 2757 4599 ἐκεῖνα
2789 4546 2817 4597 6
2842 4544 3096 4598 ἀπατεὼν
3121 4546 3526 4617 ἀντιλαμϐάνει,
3558 4544 3633 4602 ὧν
3656 4552 3726 4604 τὰ

467 4644 590 4696 dem
624 4640 856 4708 justitia:
887 4640 977 4692 illa
1009 4637 1208 4707 recipit
1236 4637 1519 4705 deceptor,
1556 4651 1792 4705 quorum
1832 4637 2043 4691 semina

468 4746 571 4784 suo
602 4730 774 4784 libero
801 4728 1009 4797 jecerat
1034 4726 1285 4781 arbitrio.
1318 4725 1455 4780 Nam
1498 4726 1612 4796 ipse
1643 4742 1863 4796 quoque
1894 4728 2046 4781 deci-

468 4825 615 4894 pitur
667 4822 882 4890 objecta
933 4821 1170 4875 hominis
1218 4822 1419 4889 specie,
1448 4822 1542 4889 qui
1590 4836 1718 4876 esca
1749 4820 2045 4890 voluptatis

468 4914 747 4968 hominem
775 4914 929 4981 prius
961 4912 1268 4981 deceperat.
1291 4909 1493 4965 Eorum
1525 4920 1705 4967 autem
1741 4928 1861 4981 quie
1888 4912 2043 4975 liunt,

467 5022 672 5076 scopus
709 5016 761 5060 et
790 5005 1102 5059 institutum
1131 5004 1293 5059 habet
1317 5006 1679 5059 mutationem
1709 5004 1776 5057 ad
1807 5004 1859 5058 id
1895 5002 2045 5073 quod

468 5109 556 5156 est
585 5099 799 5153 melius.
851 5096 986 5151 Nam
1032 5097 1122 5152 ille
1163 5095 1385 5165 quidem
1435 5095 1628 5151 fraude
1672 5112 1807 5151 usus
1860 5104 1945 5150 est
1978 5096 2046 5149 ad

470 5188 842 5262 perimendam
877 5195 1126 5241 naturam
1154 5205 1169 5254 ;
1203 5188 1294 5241 hic
1324 5177 1504 5242 autem
1544 5187 1728 5252 simul,
1758 5196 1812 5240 et
1838 5186 2044 5255 justus,

470 5292 527 5338 et
556 5282 753 5345 bonus,
785 5287 841 5334 et
895 5279 1138 5348 sapiens,
1184 5279 1548 5349 excogitatam
1596 5277 1849 5332 adhibuit
1888 5276 2048 5332 dece-

472 5374 715 5444 ptionem
768 5372 835 5425 ad
887 5372 1118 5425 salutem
1152 5370 1275 5439 ejus
1307 5370 1400 5439 qui
1455 5370 1730 5438 perierat,
1790 5385 1885 5439 per
1935 5371 2048 5424 haec

472 5462 738 5517 beneﬁcio
763 5462 1004 5516 alliciens
1036 5477 1146 5515 non
1181 5463 1357 5516 solum
1385 5477 1509 5515 eum
1538 5462 1631 5531 qui
1660 5462 1919 5530 perierat,
1951 5461 2047 5516 sed

366 5628 369 5631 ἰ
472 5570 598 5611 eum
626 5569 845 5624 quoque
870 5555 960 5625 qui
990 5555 1148 5608 nobis
1180 5554 1440 5608 attulerat
1470 5554 1772 5608 interitum.
1817 5551 1952 5606 Nam
1982 5568 2049 5607 ex

473 5664 542 5704 eo
588 5650 735 5719 quod
774 5649 900 5703 vita:
947 5648 1167 5719 quidem
1220 5662 1370 5702 mors
1420 5647 1901 5717 appropinquavit,
1940 5646 2048 5699 luci

478 5751 659 5795 autem
718 5742 993 5802 tenebrae,
1050 5740 1306 5795 interitus
1372 5747 1555 5793 autem
1615 5739 2051 5808 incorruptioni,

476 5834 688 5889 deletur
715 5832 933 5906 quidem
964 5833 1018 5889 id
1055 5832 1198 5904 quod
1228 5841 1315 5889 est
1338 5832 1604 5897 deterius,
1635 5842 1688 5888 ct
1716 5832 1782 5887 ad
1810 5831 1862 5886 id
1893 5832 2037 5903 quod

2147 4636 2436 4706 σπέρματα
2480 4635 2567 4688 διὰ
2619 4636 2719 4704 τῆς
2765 4636 2901 4699 ἰδίας
2948 4637 3321 4707 προαιρέσεως
3373 4640 3723 4696 κατεϐάλετο.

2159 4730 2455 4782 Ἀπατᾶται
2482 4729 2590 4799 γάρ
2627 4731 2720 4781 καὶ
2751 4730 2912 4792 αὐτὸς
2939 4728 3017 4799 τῷ
3042 4729 3133 4782 τοῦ
3161 4730 3450 4801 ἀνθρώπου
3485 4733 3723 4803 προϐλή-

2150 4838 2299 4891 ματι,
2344 4823 2373 4874 ό
2405 4822 2800 4892 προαπατήσας
2840 4821 2931 4873 τὸν
2974 4821 3258 4891 ἄνθρωπον
3301 4822 3380 4893 τῷ
3406 4823 3505 4892 τῆς
3536 4823 3727 4894 ἡδονῆς

2145 4913 2488 4983 δελεάσματι.
2508 4914 2566 4965 'O
2588 4914 2644 4966 δὲ
2667 4914 2864 4976 σκοπὸς
2886 4914 2993 4967 τῶν
3008 4915 3343 4985 γιγνομένων
3365 4916 3456 4968 ἐπὶ⁸
3473 4916 3532 4967 τὸ
3555 4920 3727 4985 κρεῖτ-

2146 5022 2238 5058 τον
2265 5007 2364 5075 τὴν
2403 5006 2757 5077 παραλλαγὴν
2796 5006 2927 5075 ἔχει.
2966 5006 3026 5058 '0
3055 5007 3151 5077 μέν
3182 5007 3289 5076 γάρ
3332 5008 3423 5059 ἐπί¹
3458 5007 3727 5077 διαφθορᾷ

2147 5098 2249 5165 τῆς
2274 5097 2486 5167 φύσεως
2510 5098 2608 5168 τὴν
2632 5098 2853 5168 ἀπάτην
2879 5099 3198 5167 ἐνήργησενο
3233 5100 3261 5151 6
3282 5098 3335 5150 δὲ
3362 5099 3567 5161 δίκαιος
3588 5098 3724 5167 ἅμα,

2148 5190 2242 5241 καὶ
2270 5187 2492 5254 ἀγαθὸς,
2525 5188 2618 5241 καὶ
2647 5187 2839 5255 σοφὸς,
2882 5188 2973 5239 ἐπὶ
3017 5188 3262 5258 σωτηρίᾳ
3309 5187 3404 5239 τοῦ
3454 5188 3728 5255 καταφθα-

2152 5281 2333 5350 ρέντος
2364 5282 2427 5350 τῇ
2471 5280 2682 5349 ἐπινοίᾳ
2730 5279 2831 5348 τῆς
2868 5279 3083 5348 ἀπάτης
3128 5280 3428 5348 ἐχρήσατο,
3472 5280 3532 5332 ού
3569 5283 3730 5349 μόνον

2149 5370 2244 5422 τὸν
2268 5369 2580 5423 ἀπολωλότα
2600 5369 2686 5421 διὰ
2709 5370 2915 5423 τούτων
2936 5364 3260 5440 εύεργετὼν,
3286 5370 3421 5423 ἀλλά
3442 5371 3537 5423 καὶ
3566 5371 3726 5423 αὑτὸν

2148 5462 2239 5514 τὸν
2270 5459 2543 5513 ἀπώλειαν
2585 5460 2709 5514 καθ’
2736 5461 2894 5530 ἡμῶν
2930 5463 3321 5533 ἐνεργήσαντα.
3364 5465 3458 5517 Ἐκ
3484 5464 3590 5535 γὰρ
3630 5465 3725 5517 τοῦ

2151 5554 2508 5626 προσεγγίσαι
2533 5557 2598 5624 τῇ
2628 5553 2738 5625 ζωῇ
2777 5554 2876 5624 μὲν
2908 5554 2999 5606 τὸν
3027 5555 3277 5618 θάνατον,
3309 5554 3388 5625 τῷ
3418 5555 3555 5624 φωτὶ
3580 5555 3637 5609 δὲ
3667 5555 3731 5607 τὸ

2154 5649 2364 5711 σκότος,
2398 5650 2464 5718 τῇ
2490 5647 2767 5718 ἀφθαρσίᾳ
2809 5647 2864 5699 δὲ
2893 5648 2991 5716 τὴν
3033 5648 3257 5718 φθοράν·
3302 5649 3603 5718 ἀφανισμός
3630 5650 3729 5717 μὲν

2150 5740 2244 5792 τοῦ
2275 5739 2515 5811 χείρονος
2562 5739 2831 5806 γίγνεται,
2872 5741 2965 5793 καὶ
2994 5742 3073 5803 εἰς
3109 5742 3171 5792 τὸ
3201 5740 3274 5809 μὴ
3311 5739 3369 5792 ὃν
3410 5738 3729 5810 μεταχώρη-

2147 5848 2229 5895 σις
2251 5847 2264 5861 ·
2295 5831 2527 5897 ὠφέλεια
2561 5830 2617 5883 δὲ
2643 5829 2735 5884 τοῦ
2765 5831 2871 5885 ἀπὸ
2910 5832 3113 5886 τούτων
3157 5831 3570 5903 καθαιρομένου.
3615 5834 3727 5887 Κα-
