4066 6374
303 400 379 459 ω
1541 405 1795 461 onmo
1826 402 2327 459 cnecusnca.
3421 373 3437 390 ‘
3495 396 3564 448 το

311 522 490 591 θάπερ
530 520 637 592 γὰρ
669 521 764 591 τῆς
789 522 1119 593 ἀτιμοτέρας
1144 521 1278 594 ὕλης
1308 523 1386 594 τῷ
1428 522 1613 594 χρυσῷ
1656 540 1888 593 καταμι-

1995 536 2104 573 non
2134 529 2218 573 est
2246 520 2303 572 lit
2346 517 2656 581 transitus;
2711 522 2765 569 et
2806 514 3034 584 juvatur
3087 513 3138 567 id
3185 513 3329 583 quod
3385 528 3450 565 ex
3496 514 3564 564 iis

311 611 553 681 χθείσης,
580 614 647 683 τῇ
669 611 756 665 διὰ
780 612 873 665 τοῦ
897 612 1065 682 πυρὸς
1092 614 1307 685 δαπάνη
1331 615 1392 666 τὸ
1413 613 1688 685 ἀλλότριόν
1715 631 1775 666 τε
1793 613 1886 663 καὶ

309 703 614 771 ἀπόϐλητον
643 705 693 755 οἱ
724 703 1053 774 θεραπευταὶ
1080 703 1175 757 τοῦ
1211 705 1437 774 χρυσίου
1472 703 1887 758 καταναλώσαν-

307 810 419 857 τες,
449 794 614 846 πάλιν
639 795 968 864 ἐπανάγουσι
1008 796 1145 867 πρὸς
1173 796 1273 867 τὴν
1317 795 1452 849 κατὰ
1478 796 1638 865 φύσιν
1664 796 1885 867 λαμπη-

305 884 432 937 δόνα
456 885 555 955 τὴν
583 887 982 956 προτιμοτέραν
1021 886 1183 957 ὓλην·
1221 889 1320 939 οὐκ
1359 889 1556 951 ἄπονος
1591 889 1773 958 μέντοι
1804 888 1887 956 γί-

307 991 458 1028 νεται
502 978 535 1045 ή
573 976 864 1046 διάκρισις,
913 977 1088 1047 χρόνῳ
1117 976 1209 1030 τοῦ
1254 979 1427 1048 πυρὸς
1466 981 1532 1048 τῇ
1578 980 1884 1049 ἀναλωτικῇ

304 1062 536 1133 δύναμει
565 1065 625 1117 τὸ
651 1065 801 1118 νόθον
828 1064 1261 1134 ἐξαφανίζοντος,
1298 1068 1436 1138 πλὴν
1462 1068 1597 1120 ἀλλὰ
1622 1068 1886 1141 θεραπεία

304 1153 390 1217 τίς
434 1156 555 1207 ἐστι
587 1154 682 1207 τοῦ
722 1156 967 1225 χρυσίου,
996 1157 1058 1208 τὸ
1101 1158 1401 1227 ἐκτακῆναι
1440 1160 1567 1228 παρ’
1607 1159 1784 1229 αὐτῷ,
1826 1159 1887 1211 τὸ

307 1247 398 1299 ἐπὶ
428 1246 575 1316 λύμῃ
604 1247 698 1299 τοῦ
729 1248 893 1301 καλοῦ
926 1249 1242 1319 ἐγκείμενον
1262 1264 1274 1275 ·
1304 1251 1444 1303 κατὰ
1464 1251 1556 1303 τὸν
1579 1251 1740 1303 αὐτὸν
1770 1251 1889 1321 τρό-

307 1352 408 1388 πον
439 1336 671 1390 θανάτου
702 1338 798 1391 καὶ
823 1338 1026 1408 φθορᾶς
1052 1380 1066 1402 ,
1099 1342 1192 1393 καὶ
1228 1341 1472 1403 σκότους,
1502 1342 1594 1393 καὶ
1627 1341 1679 1392 εί
1704 1358 1756 1392 τι
1785 1359 1886 1393 κα-

306 1426 429 1491 κίας
459 1428 704 1495 ἔκγονον,
732 1430 812 1500 τῷ
847 1431 1040 1503 εὐρετῇ
1090 1432 1185 1484 τοῦ
1222 1433 1393 1486 κακοῦ
1424 1435 1827 1503 περιφυέντων,
1858 1436 1888 1486 ὁ

305 1522 716 1591 προσεγγισμὸς
746 1523 846 1593 τῆς
869 1524 1019 1587 θείας
1046 1525 1326 1595 δυνάμεως
1355 1528 1527 1597 πυρὸς
1555 1526 1711 1596 δίκην
1746 1531 1887 1595 ἁφα-

304 1612 497 1681 νισμὸν
535 1613 630 1665 τοῦ
671 1615 823 1685 παρὰ
860 1614 1022 1684 φύσιν
1064 1619 1540 1689 κατεργασάμενος
1563 1659 1577 1683 ,
1610 1620 1889 1689 εὐεργετεῖ

303 1704 369 1771 τῇ
400 1701 679 1775 ἀφθαρσίᾳ
707 1706 804 1775 τὴν
834 1706 1011 1774 φύσιν,
1045 1709 1146 1762 κᾶν
1172 1711 1424 1774 ἐπίπονος
1457 1715 1489 1782 ἡ
1522 1711 1788 1783 διάκρισις

302 1794 516 1847 Οὐκοῦν
547 1795 655 1846 οὐδ’
684 1796 750 1849 ἂν
778 1798 908 1867 παρ’
941 1798 1104 1852 αὐτοῦ
1130 1801 1219 1853 τοῦ
1242 1802 1615 1871 ἀντικειμένου
1647 1804 1721 1874 μὴ
1747 1799 1885 1856 εἶναι

1992 619 2349 681 expurgatur.
2376 608 2497 674 Quo
2545 608 2705 661 ume
2735 608 2880 661 enim
2922 610 2966 661 si
3020 608 3110 660 vili
3159 606 3383 659 materia
3429 619 3564 656 auro

1992 706 2252 763 admista,
2283 703 2538 756 aurilices
2573 717 2668 769 per
2697 700 2901 768 ignem,
2945 714 3011 753 eo
3044 710 3368 766 consumpto
3420 696 3563 764 quod

1992 802 2112 847 erat
2142 793 2379 847 alienum
2408 800 2459 846 et
2503 791 2882 858 rejicieudum,
2924 789 2991 843 ad
3034 790 3334 842 naturalem
3381 790 3567 856 splen-

1994 888 2181 940 dorem
2215 885 2652 955 praastantiorem
2716 882 2987 935 reducunt
3026 890 3310 935 materiem
3344 895 3358 929 :
3388 896 3565 948 neque

1994 986 2175 1032 tamen
2210 977 2349 1029 citra
2379 976 2620 1029 laborem
2652 974 2709 1028 lit
2742 974 2833 1027 illa
2856 974 3109 1036 secretio,
3144 987 3264 1025 cum
3298 972 3439 1039 ignis
3465 986 3565 1025 sua

1994 1067 2355 1124 consumendi
2388 1078 2678 1138 potestate,
2721 1075 2968 1135 tempore
3009 1065 3186 1118 deleat
3217 1063 3268 1116 id
3302 1063 3447 1132 quod
3483 1071 3568 1116 est

1995 1163 2363 1217 adulterinum
2405 1182 2418 1215 :
2458 1178 2644 1215 verum
2684 1160 2963 1213 enimvero
3020 1158 3138 1211 auri
3200 1156 3443 1226 quazdam
3482 1161 3567 1209 est

1994 1256 2308 1319 medicatio,
2339 1255 2483 1324 quod
2530 1255 2584 1308 in
2619 1256 2738 1323 ipso
2777 1252 3049 1320 eliquetur
3082 1251 3134 1304 id
3167 1250 3312 1319 quod
3340 1251 3405 1302 ad
3438 1248 3565 1301 boni

1993 1350 2221 1404 exitium
2257 1352 2310 1401 in
2342 1364 2407 1401 eo
2446 1349 2683 1411 positum
2724 1344 2939 1398 fuerat:
2966 1344 3156 1398 eodem
3203 1342 3367 1395 modo
3400 1342 3566 1394 etiam

1994 1458 2118 1495 eum
2151 1457 2301 1495 mors
2330 1450 2383 1493 et
2441 1440 2718 1496 interitus.
2760 1448 2814 1490 et
2843 1437 3103 1499 tenebrae,
3152 1444 3206 1489 et
3238 1435 3282 1488 si
3328 1434 3454 1503 quis
3483 1440 3567 1485 est

1994 1537 2136 1590 alius
2171 1534 2290 1588 vitii
2324 1532 2488 1597 fetus,
2516 1530 2789 1585 inventori
2829 1528 2956 1581 mali
2993 1528 3193 1581 adnata
3226 1534 3440 1583 essent.
3481 1525 3568 1578 di-

1994 1627 2133 1680 vinae
2189 1626 2413 1680 virtutis
2458 1623 2954 1693 appropinquatio,
3006 1629 3268 1689 tanquam
3323 1619 3392 1671 ab
3445 1617 3569 1686 igne

1994 1720 2174 1773 deleto
2205 1733 2269 1772 eo
2300 1718 2442 1786 quod
2479 1727 2564 1772 est
2604 1722 2797 1785 praeter
2851 1723 3126 1773 naturam,
3174 1718 3428 1765 naturam
3483 1712 3571 1763 in-

1995 1810 2369 1871 corruptionis
2401 1807 2565 1860 allicit
2591 1808 2876 1867 benelieio,
2928 1805 3143 1859 etiamsi
3189 1804 3461 1857 laboriosa
3498 1807 3571 1857 sit

302 1884 511 1940 δίκαιόν
530 1904 590 1940 τε
609 1889 702 1942 καὶ
723 1892 986 1960 σωτήριον
1005 1891 1067 1943 τὸ
1084 1893 1302 1960 γεγονὸς
1320 1894 1888 1967 ἀμφιὸάλλοιτο,εί¹περ

1994 1904 2249 1959 secretio.
2287 1900 2430 1970 Ergo
2470 1915 2538 1954 ne
2568 1899 2820 1953 dubitare
2873 1899 3091 1968 quidem
3125 1898 3323 1967 poterit
3372 1897 3569 1950 adver-

302 1978 384 2038 εἰς
412 1976 670 2047 αῖσθησιν
688 1978 790 2049 τῆς
815 1980 1133 2051 εὐεργεσίας
1158 1984 1320 2038 ἔλθοι.
1345 1986 1482 2039 Νυνὶ
1508 1988 1615 2058 γὰρ
1638 1988 1888 2060 καθάπερ

302 2070 352 2120 οἱ
378 2071 472 2123 ἐπὶ
494 2070 760 2142 θεραπείᾳ
782 2073 1101 2143 τεμνόμενοι
1130 2093 1187 2128 τε
1204 2078 1298 2130 καὶ
1324 2078 1603 2148 καιόμενοι
1632 2080 1890 2149 χαλεπαί-

301 2177 455 2217 νουσι
484 2166 600 2227 τοῖς
629 2164 1006 2236 θεραπεύουσι.
1035 2170 1102 2237 τῇ
1135 2168 1298 2241 ὀδύνῃ
1335 2171 1434 2240 τῆς
1462 2172 1633 2243 τομῆς
1661 2172 1891 2243 δριμυσ-

305 2255 522 2323 σόμενοι
546 2274 561 2288 ο
610 2258 661 2309 εί
687 2256 745 2309 δὲ
772 2257 833 2310 τὸ
862 2258 1126 2324 ὑγιαίνειν
1154 2259 1242 2314 διὰ
1270 2260 1460 2314 τούτου
1499 2263 1852 2333 προσγένοιτο
1870 2305 1884 2327 ,

303 2347 396 2399 καὶ
418 2348 451 2417 ἡ
474 2347 579 2417 τῆς
601 2348 849 2412 καύσεως
879 2349 1128 2420 ἀλγηδὼν
1152 2352 1431 2422 παρέλθοι,
1465 2353 1625 2424 χάριν
1654 2356 1889 2407 εἴσονται

300 2441 414 2501 τοῖς
437 2439 541 2510 τὴν
570 2440 865 2511 θεραπείαν
890 2443 978 2496 ἐπ’
1009 2444 1207 2506 αὐτοὺς
1234 2445 1563 2515 ἐνεργήσασι
1583 2461 1598 2475 ο
1631 2445 1770 2499 κατὰ
1798 2447 1888 2497 τὸν

303 2531 466 2584 αὐτὸν
514 2533 720 2603 τρόπον
762 2537 883 2598 ταῖς
926 2540 1161 2607 μακραῖς
1207 2538 1476 2609 περιόδοις
1519 2537 1889 2611 ἐξαιρεθέντος

303 2621 396 2673 τοῦ
442 2622 621 2676 κακοῦ
667 2625 768 2694 τῆς
821 2626 1067 2694 φύσεως,
1118 2627 1213 2681 τοῦ
1266 2627 1363 2681 νῦν
1415 2630 1598 2692 αὐτοῖς
1656 2647 1890 2700 καταμι-

303 2712 527 2783 χθέντος
576 2716 670 2768 καὶ
704 2718 1076 2787 συμφυέντος,
1122 2719 1337 2773 ἐπειδάν
1374 2722 1406 2789 ἡ
1452 2722 1529 2783 είς
1572 2719 1634 2772 τὸ
1666 2721 1890 2790 ἀρχαῖον

302 2806 751 2870 ἀποκατάστασις
782 2808 891 2860 τῶν
931 2809 1026 2861 νῦν
1058 2810 1116 2861 ἐν
1147 2811 1313 2881 κακίᾳ
1346 2811 1616 2881 κειμένων
1642 2811 1888 2883 γένηται,

302 2896 588 2965 όμόςρωνος
612 2899 929 2969 εὐχαριστία
952 2900 1106 2969 παρὰ
1135 2902 1313 2972 πάσης
1336 2902 1487 2955 ἔσται
1508 2906 1608 2974 τῆς
1632 2905 1888 2969 κτίσεως,

304 2989 399 3041 καὶ
424 2989 536 3043 τῶν
569 2991 627 3042 ἐν
654 2994 719 3061 τῇ
745 2991 1008 3063 καθάρσει
1035 2993 1470 3064 κεκολασμένων,
1500 2995 1594 3047 καὶ
1616 2995 1725 3049 τῶν
1755 2996 1890 3067 μηδὲ

291 3082 402 3154 τὴν
438 3084 621 3154 ἀρχὴν
656 3084 1049 3155 ἐπιδεηθέντων
1089 3085 1428 3157 καθάρσεως.
1476 3086 1661 3139 Ταῦτα
1693 3088 1788 3140 καὶ
1820 3090 1888 3140 τὰ

301 3174 531 3230 τοιαῦτα
577 3174 910 3246 παραδίδωσι
956 3177 1016 3229 τὸ
1062 3178 1203 3247 μέγα
1251 3178 1546 3249 μυστήριον
1590 3178 1689 3246 τῆς
1739 3178 1887 3241 θείας

304 3267 789 3341 ἐνανθρωπήσεως.
821 3268 900 3322 Δι’
928 3262 1003 3322 ὧν
1030 3269 1138 3341 γὰρ
1176 3269 1477 3339 κατεμίχθη
1510 3272 1577 3340 τῇ
1608 3269 1888 3340 ἀνθρωπό-

301 3379 445 3433 τητι,
478 3362 571 3416 διὰ
610 3361 828 3415 πάντων
864 3362 974 3416 τῶν
1016 3361 1116 3430 τῆς
1146 3359 1359 3429 φύσεως
1402 3360 1705 3430 ἰδιωμάτων
1731 3361 1887 3429 γενό-

307 3470 485 3524 μενος,
519 3453 787 3522 γενέσεώς
806 3471 864 3507 τε
896 3455 987 3507 καὶ
1010 3453 1321 3522 ἀνατροφῆς
1348 3453 1441 3505 καὶ
1466 3452 1764 3523 αὐξήσεως,
1794 3453 1888 3506 καὶ

309 3547 466 3617 μέχρι
496 3548 599 3618 τῆς
640 3547 734 3601 τοῦ
766 3548 994 3601 θανάτου
1039 3548 1235 3618 πείρας
1273 3544 1575 3610 διεξελθὼν,
1603 3545 1673 3598 τὰ
1704 3562 1889 3615 προει-

311 3636 521 3705 ρημένα
572 3637 747 3690 πάντα
789 3636 1215 3707 κατείργασται,
1250 3635 1341 3689 τόν
1387 3652 1445 3687 τε
1480 3635 1761 3705 ἄνθρωπον
1787 3636 1888 3704 τῆς

306 3728 502 3790 κακίας
533 3726 855 3799 ἐλευθερῶν,
883 3730 976 3781 καὶ
1004 3728 1164 3782 αὐτὸν
1191 3729 1281 3781 τὸν
1305 3728 1403 3799 τῆς
1429 3730 1629 3792 κακίας
1662 3728 1888 3799 εὑρετὴν

309 3814 559 3884 ἰώμενος.
588 3819 758 3880 Ἴασις
772 3819 880 3890 γάρ
905 3820 1053 3871 ἐστιν
1068 3818 1375 3891 ἀρρωστίας
1407 3820 1441 3890 ἡ
1473 3819 1566 3873 τοῦ
1588 3820 1889 3891 νοσήματος

306 3910 606 3983 κάθαρσις,
637 3912 741 3966 κᾶν
776 3912 1110 3988 ἐπίπονος

888 4092 1139 4144 ΚΕΦΑΛ.
1180 4090 1306 4146 KZ'.

392 4181 706 4235 ’Δκόλουθον
742 4182 799 4236 δὲ
836 4183 1071 4247 πάντως,
1100 4184 1189 4237 τὸν
1216 4184 1353 4255 πρὸς
1388 4184 1487 4252 τὴν
1519 4183 1680 4254 φύσιν
1731 4184 1888 4257 ἡμῶν

307 4273 761 4346 ἀνακιρνάμενον,
797 4276 884 4329 διὰ
905 4278 1122 4335 πάντων
1150 4275 1405 4342 δέξασθαι
1443 4279 1552 4330 τῶν
1584 4280 1888 4349 ἰδιωμάτων

307 4364 475 4434 αὐτῆς
501 4366 601 4435 τὴν
629 4365 765 4436 πρὸς
786 4368 931 4437 ἡμᾶς
956 4368 1377 4437 συνανάκρασιν.
1415 4367 1684 4438 Καθάπερ
1708 4367 1817 4439 γὰρ
1836 4370 1886 4421 οἱ

308 4458 395 4511 τὸν
426 4457 599 4527 ρὐον
626 4458 734 4511 τῶν
764 4460 993 4528 ἱματίων
1022 4459 1398 4523 ὲκπλύνοντες,
1428 4460 1488 4511 οὐ
1518 4459 1587 4511 τὰ
1632 4460 1729 4529 μὲν
1756 4460 1886 4511 ἐῶσι

307 4552 418 4604 τῶν
470 4551 852 4622 μολυσμάτων,
906 4550 975 4604 τὰ
1021 4551 1078 4604 δὲ
1125 4551 1584 4623 ἀπορρίπτουσιν
1633 4551 1746 4604 ἀλλ’
1789 4552 1883 4604 ἀπ’
1915 4587 1958 4641 D

307 4643 481 4714 ἀρχῆς
509 4644 634 4715 ἄχρι
661 4643 847 4706 τέλους
891 4643 1279 4714 ἐκκαθαίρουσι
1316 4643 1427 4696 τῶν
1475 4644 1708 4715 κηλίδων
1737 4643 1883 4697 ἅπαν

308 4733 368 4785 τὸ
397 4734 741 4805 ὐφασμα,·ὼς
767 4734 833 4787 ἂν
861 4734 1120 4803 ὁμότιμον
1143 4734 1318 4805 ἐαυτῷ
1339 4734 1403 4787 δι’
1434 4734 1555 4787 ὅλου
1585 4735 1647 4787 τὸ
1672 4733 1884 4804 ἱμάτιον

308 4826 537 4893 γένοιτο,
570 4827 633 4879 τὸ
677 4826 818 4880 κατὰ
860 4826 921 4880 τὸ
968 4826 1087 4879 ἴσον
1128 4827 1479 4898 λαμπρυνθὲν
1511 4828 1576 4879 ἐκ
1623 4827 1721 4897 τῆς
1751 4826 1885 4878 πλύ-

312 4933 448 4979 σεως
468 4935 482 4948 ·
510 4917 683 4981 οὕτως
716 4917 1069 4988 μολυνθείσης
1102 4921 1167 4989 τῇ
1197 4918 1441 4989 ἁμαρτίᾳ
1477 4918 1579 4987 τῆς
1612 4918 1886 4988 ἀνθρωπί-

309 5028 406 5081 νης
431 5012 597 5080 ζωῆς,
628 5014 685 5064 ἐν
713 5012 854 5082 ἀρχῇ
883 5028 942 5063 τε
974 5012 1069 5064 καὶ
1096 5011 1320 5081 τελευτῇ
1344 5014 1435 5065 καὶ
1463 5013 1576 5074 τοῖς
1597 5010 1686 5063 διὰ
1715 5011 1882 5081 μέσου

312 5105 496 5166 πᾶσιν,
527 5103 631 5156 ἔδει
654 5102 740 5155 διὰ
765 5104 981 5156 πάντων
1005 5102 1259 5170 γενέσθαι
1285 5104 1385 5173 τὴν
1406 5102 1773 5156 ἐκπλύνουσαν
1797 5102 1885 5155 δύ-

309 5212 490 5265 ναμιν,
519 5197 612 5249 καὶ
636 5196 709 5266 μὴ
732 5195 796 5248 τὸ
826 5195 924 5266 μέν
949 5212 1002 5247 τι
1028 5194 1361 5267 θεραπεῦσαι
1391 5195 1469 5265 τῷ
1491 5195 1793 5267 καθαρσίῳ,
1824 5196 1885 5250 τὸ

310 5284 365 5337 δὲ
416 5287 679 5357 περιιδεῖν
730 5286 1130 5358 ἀθεράπευτον*
1176 5287 1364 5341 τούτου
1402 5288 1561 5359 χάριν
1605 5291 1704 5359 τῆς
1738 5287 1885 5359 ζωῆς

303 5374 464 5444 Δἡμῶν
486 5376 579 5429 δύο
601 5376 831 5447 πέρασιν
858 5377 1197 5448 ἑκατέρωθεν
1221 5378 1627 5449 διειλημμένης,
1656 5380 1718 5432 τὸ
1744 5380 1884 5434 κατὰ

312 5468 406 5536 τὴν
425 5469 596 5539 ἀρχήν
620 5487 763 5540 φημι
800 5471 894 5522 καὶ
922 5470 984 5522 τὸ
1007 5470 1179 5533 τέλος,
1207 5471 1330 5523 καθ’
1361 5472 1618 5542 ἑκάτερον
1641 5472 1886 5543 εὑρίσκε-

313 5570 401 5609 ται
432 5558 605 5629 πέρας
637 5560 671 5629 ἡ
719 5558 1045 5631 διορθωτικὴ
1100 5560 1201 5630 τῆς
1230 5558 1444 5628 φύσεως
1488 5560 1737 5631 δύναμις,
1790 5562 1887 5614 καὶ

312 5646 407 5716 τῆς
434 5649 605 5718 ἀρχῆς
651 5650 927 5719 ἁψαμένη,
967 5650 1063 5703 καὶ
1114 5650 1277 5722 μέχρι
1320 5649 1415 5703 τοῦ
1457 5651 1645 5714 τέλους
1689 5651 1885 5723 ἑαυτὴν

308 5738 685 5807 ’ἐπεκτείνασα,
723 5743 816 5795 καὶ
843 5742 913 5795 τὰ
939 5742 1025 5795 διὰ
1071 5743 1237 5813 μέσου
1261 5744 1465 5797 τούτων
1495 5745 1672 5798 πάντα
1700 5743 1885 5798 διαλα-

308 5829 499 5889 ϐοῦσα.
531 5834 676 5900 Μιᾶς
705 5834 763 5888 δέ
810 5836 975 5890 πᾶσιν
1015 5830 1322 5909 ἀνθρώποις
1354 5837 1455 5907 τῆς
1497 5839 1575 5901 εἰς
1601 5837 1698 5910 τὴν
1742 5836 1885 5910 ζωὴν

1992 1996 2192 2056 sarius,
2215 1992 2344 2064 quin
2370 1992 2514 2061 quod
2548 1990 2751 2044 factum
2776 1998 2882 2052 est,
2910 1990 3204 2058 sitjustum
3225 1999 3277 2043 et
3303 1989 3568 2051 salutare,

1989 2085 2035 2142 si
2068 2084 2281 2140 venerit
2328 2082 2394 2136 ad
2445 2097 2668 2137 sensum
2721 2081 2993 2136 beneﬁcii.
3054 2081 3230 2145 Nunc}
3266 2080 3412 2133 enim
3457 2095 3570 2148 quo

1990 2175 2152 2229 modo
2179 2175 2271 2243 qui
2313 2182 2371 2225 ut
2417 2183 2701 2233 curentur,
2757 2180 3017 2226 secantur
3051 2183 3104 2225 et
3153 2179 3410 2234 uruntur,
3461 2172 3570 2223 ira-

1990 2272 2218 2319 scuntur
2245 2264 2311 2317 iis
2361 2262 2455 2330 qui
2483 2269 2699 2323 curant,
2735 2269 2788 2313 ut
2826 2262 3031 2330 quibus
3066 2261 3210 2314 aeris
3260 2269 3313 2314 et
3371 2276 3565 2329 aspera

1990 2356 2263 2409 sentiatur
2292 2355 2467 2408 sectio
2502 2352 2685 2422 :quod
2724 2353 2769 2406 si
2819 2353 3083 2407 acciderit
3130 2361 3187 2405 ut
3238 2368 3334 2421 per
3367 2353 3416 2405 id
3446 2353 3566 2405 sani

1991 2446 2143 2511 ﬂant,
2175 2454 2228 2499 et
2267 2444 2426 2499 dolor
2451 2452 2695 2499 transeat
2716 2445 2998 2509 sectiouis,
3026 2444 3305 2498 habebunt
3332 2444 3563 2511 gratiam

1989 2538 2058 2591 iis
2088 2538 2182 2607 qui
2217 2538 2367 2607 ipsos
2417 2540 2734 2592 curaverint
2779 2535 3016 2591 :eodem
3075 2536 3239 2589 modo
3295 2550 3417 2588 cum
3472 2550 3569 2603 per

1981 2629 2216 2707 longum
2247 2628 2511 2697 temporis
2546 2628 2815 2682 ambitum
2861 2630 3102 2682 ablatum
3142 2629 3305 2681 l'uerit
3355 2637 3566 2680 natura:

1990 2719 2216 2781 malum,
2250 2720 2395 2788 quod
2442 2735 2589 2774 nunc
2616 2731 2702 2775 est
2736 2720 2819 2774 eis
2869 2720 3169 2774 immistum
3202 2728 3255 2771 et
3283 2720 3565 2782 coalitum,

1989 2820 2258 2865 eteorum
2292 2813 2385 2881 qui
2445 2827 2593 2865 nunc
2623 2812 2810 2881 jacent
2858 2812 2911 2865 in
2968 2812 3148 2873 malis,
3184 2811 3235 2863 in
3278 2811 3563 2879 antiquum

1990 2908 2194 2956 statum
2254 2902 2397 2956 facta
2431 2903 2596 2956 fuerit
2644 2903 2942 2965 restitutio,
2988 2919 3096 2955 una
3158 2918 3291 2956 voce
3336 2911 3569 2971 agentur

1990 2993 2179 3061 gratiae
2209 2993 2278 3046 ab
2306 2994 2563 3047 universa
2598 3000 2873 3056 creatura,
2905 3000 2959 3045 et
2989 2992 3058 3045 ab
3093 2992 3159 3045 iis
3189 2991 3282 3059 qui
3316 2991 3566 3059 castigati

1991 3084 2214 3140 fuerunt
2246 3086 2299 3139 iu
2355 3085 2698 3154 purgatione.
2748 3095 2802 3139 et
2842 3085 2911 3138 ab
2968 3084 3036 3139 iis
3081 3084 3172 3153 qui
3232 3100 3301 3137 ne
3339 3086 3563 3136 omnino

1990 3176 2209 3244 quidem
2244 3190 2384 3245 opus
2415 3176 2726 3229 habuerunt
2777 3185 2835 3228 ut
2874 3184 3263 3244 purgareutur.
3333 3175 3455 3227 "me
3509 3184 3567 3225 et

1991 3281 2111 3335 qua:
2158 3274 2287 3320 sunt
2341 3266 2679 3335 hujusmodi,
2716 3267 2886 3320 tradit
2939 3282 3193 3335 magnum
3245 3266 3564 3335 mysterium

1990 3368 2263 3429 susceptae
2299 3379 2328 3414 a
2367 3360 2478 3415 Deo
2530 3361 2908 3414 humanitatis.
2965 3359 3066 3414 Per
3111 3362 3211 3414 hoc
3241 3360 3386 3413 enim
3420 3358 3566 3427 quod

1989 3454 2185 3507 mistus
2236 3452 2338 3506 fuit
2400 3452 2750 3516 humanitati,
2800 3468 2923 3505 eum
2982 3452 3145 3506 fuerit
3195 3452 3251 3504 in
3309 3451 3568 3504 omnibus

1990 3552 2202 3598 natura:
2250 3543 2707 3613 proprietatibus,
2755 3559 2950 3611 nempe
2994 3544 3369 3613 generatione,
3424 3537 3562 3596 edu-

1988 3635 2208 3689 ratione
2238 3646 2293 3689 et
2324 3636 2691 3696 incremento,
2718 3642 2772 3689 et
2822 3650 2997 3703 usque
3028 3634 3094 3687 ad
3140 3635 3336 3686 mortis
3372 3649 3567 3703 perva-

1990 3729 2124 3781 serit
2147 3728 2565 3798 experientiam,
2590 3726 2772 3781 ell'ecit
2799 3743 2860 3781 ea
2884 3727 3069 3780 omnia
3095 3743 3217 3796 qua)
3240 3728 3394 3795 prius
3419 3727 3566 3780 dicta

1990 3827 2140 3881 sunt,
2166 3827 2219 3873 et
2251 3819 2527 3873 hominem
2569 3835 2599 3873 a
2634 3819 2768 3872 vitio
2816 3820 3081 3880 liberans,
3115 3832 3167 3872 et
3193 3819 3307 3871 vitii
3341 3819 3567 3872 medens

1989 3911 2283 3966 inventori.
2329 3909 2697 3980 [Egritudinis
2743 3912 2890 3965 enim
2945 3910 3155 3965 medela
3186 3951 3200 3974 ,
3255 3919 3339 3965 est
3386 3912 3563 3964 morbl

1990 4004 2266 4078 purgatio,
2307 4004 2521 4058 etiamsi
2550 4004 2621 4056 sit
2655 4003 2950 4056 laboriosa.

2528 4091 2756 4147 CAPUT
2796 4091 3010 4148 XXVII.
3462 4128 3463 4131 η
3492 4148 3496 4152 .

2057 4183 2416 4254 Consequens
2441 4192 2625 4239 autem
2664 4195 2801 4248 erat,
2831 4194 2890 4238 ut
2925 4186 3016 4254 qui
3050 4193 3253 4239 nostra?
3295 4184 3597 4239 admisre-'

1989 4276 2151 4331 batur
2183 4285 2417 4337 naturae,
2470 4292 2569 4345 per
2603 4290 2796 4330 omnes
2824 4275 2944 4344 ejus
2974 4277 3343 4346 proprietates
3386 4279 3567 4330 susei-

1989 4378 2140 4437 peret
2168 4384 2287 4423 eam
2310 4384 2430 4437 qua:
2456 4367 2739 4422 nobiscum
2770 4367 2933 4422 ﬂebat
2964 4370 3554 4437 contemperationem.

1989 4460 2110 4524 Quo
2146 4461 2309 4514 modo
2340 4461 2483 4513 enim
2519 4460 2612 4528 qui
2652 4459 2887 4513 vestium
2934 4460 3128 4514 sordes
3158 4460 3408 4523 abluunt,
3452 4475 3565 4514 non

1989 4553 2096 4605 alia
2137 4552 2356 4619 quidem
2408 4551 2821 4620 inquinamenta
2870 4559 3235 4616 conservant,
3288 4552 3394 4605 alia
3437 4568 3567 4606 vero

1987 4645 2344 4712 abstergunt;
2381 4644 2477 4699 sed
2514 4643 2583 4697 ab
2625 4643 2784 4697 initio
2834 4642 2901 4696 ad
2957 4643 3116 4696 linem
3168 4658 3345 4712 usque
3392 4644 3566 4697 totius

1987 4734 2152 4802 panni
2198 4735 2441 4789 maculas
2469 4741 2793 4804 expurgant,
2836 4742 2895 4787 ut
2927 4736 2997 4788 sit
3029 4734 3413 4789 vestimentum
3444 4735 3565 4788 ubi-

1985 4840 2093 4893 que
2126 4825 2368 4893 ejusdem
2408 4826 2594 4895 pretii,
2625 4842 2691 4880 ex
2720 4840 2877 4895 aequo
2919 4826 3169 4880 ell‘eetmn
3211 4825 3445 4881 eluendo
3479 4828 3563 4879 ni-

1987 4919 2156 4971 tidum
2190 4925 2243 4971 et
2271 4916 2619 4986 splendidum
2646 4937 2659 4972 :
2682 4917 2755 4971 ita
2778 4933 2902 4971 cum
2932 4918 3043 4972 vita
3073 4918 3307 4971 humana
3341 4927 3565 4988 peccato

1984 5018 2131 5065 esset
2179 5010 2487 5080 inquinata,
2522 5021 2577 5064 et
2615 5010 2669 5063 in
2712 5010 3003 5080 principio,
3052 5019 3106 5065 et
3154 5011 3209 5065 in
3256 5011 3384 5078 line,
3420 5021 3475 5065 et
3510 5014 3561 5065 in

1986 5102 2191 5162 medio.
2248 5102 2300 5155 vi
2345 5110 2400 5156 et
2446 5110 2718 5172 potestate
2765 5118 2905 5172 opus
2954 5102 3188 5157 habebat
3234 5120 3329 5173 per
3375 5107 3559 5157 omnia

1987 5193 2260 5259 abluente,
2297 5204 2351 5248 et
2374 5194 2661 5265 Oportebat
2688 5211 2796 5249 non
2839 5196 2943 5249 hoc
2987 5196 3205 5265 quidem
3230 5212 3558 5265 expurgare,

1986 5284 2120 5338 illud
2170 5300 2298 5339 vero
2337 5287 2652 5356 relinquere
2702 5302 2808 5341 non
2874 5296 3233 5358 expurgatum
3268 5288 3378 5341 :ita
3434 5303 3559 5341 cum

1985 5379 2096 5431 vita
2134 5389 2322 5432 nostra
2356 5379 2573 5434 duobus
2633 5380 2704 5433 sit
2755 5380 3057 5449 intercepta
3107 5379 3330 5439 finibus,
3367 5395 3560 5449 l'lellip“.

1986 5470 2259 5539 principio
2302 5478 2356 5524 et
2384 5470 2511 5531 line,
2545 5471 2600 5525 in
2653 5480 2889 5541 utroque
2926 5471 3033 5525 line
3071 5471 3353 5525 invenitur
3383 5473 3468 5525 vis
3509 5480 3564 5524 et

1986 5570 2234 5632 potestas
2292 5573 2503 5617 natura:
2557 5564 2916 5634 corrigendae,
2973 5574 3035 5617 ut
3089 5580 3209 5634 quze
3256 5572 3311 5619 et
3358 5565 3565 5633 princi-

1985 5653 2137 5723 pium
2179 5654 2443 5724 attigerit,
2489 5662 2543 5708 et
2570 5663 2824 5722 porrecta
2870 5657 2941 5709 sit
2974 5671 3146 5724 usque
3173 5654 3239 5707 ad
3289 5654 3473 5718 ﬁnem,
3511 5663 3567 5709 et

1986 5749 2167 5801 omnia
2200 5761 2322 5817 qua:
2361 5754 2489 5799 sunt
2516 5746 2844 5801 intermedia
2887 5749 3262 5818 interceperit.
3292 5749 3429 5802 Cum
3464 5763 3564 5800 an-

1986 5847 2094 5895 tem
2126 5840 2381 5895 omnibus
2419 5839 2736 5896 hominibus
2782 5857 2925 5897 unus
2971 5841 3043 5898 sit
3077 5842 3132 5898 in
3166 5843 3329 5898 vitam
3361 5842 3567 5901 aditus.
