4066 6374
434 381 441 384 ”
465 367 532 423 7|
1713 353 1770 407 S.
1807 345 2140 406 CREGORH
2162 340 2457 399 NYSSENI
3654 322 3725 376 7‘3.

468 490 741 545 undenam
782 486 1071 557 oportebat
1122 498 1245 537 eum
1294 480 1387 551 qui
1442 479 1506 531 ad
1565 492 1666 531 nos
1717 475 2077 544 ingreditur,‘

2180 468 2308 539 ὗσης
2340 463 2599 536 παρόδου,
2632 460 2794 513 πόθεν
2840 454 3084 510 ἕδειτὸν
3117 451 3352 505 εἰσιόντα
3396 446 3534 520 πρὸς
3579 447 3725 516 ήπ

469 584 525 637 in
562 582 669 635 vita
707 578 1007 633 collocari?
1055 574 1129 628 Ex
1178 574 1321 629 cozlo
1369 572 1444 626 ait
1477 569 1709 624 fortasse
1748 569 1839 637 qui
1877 583 2047 636 genus

473 674 730 728 humana:
774 668 1005 739 originis
1036 667 1256 736 despuit
1301 673 1563 732 tanquam
1599 669 1757 729 turpe
1809 668 1861 712 et
1898 658 2049 723 abje-

472 772 643 818 ctum.
689 762 794 817 Sed
823 762 877 814 in
912 761 1055 814 cmlo
1084 773 1193 812 non
1227 763 1383 811 erant
1412 754 1696 817 homines;
1730 765 1829 804 nec
1861 751 1913 802 in
1941 750 2051 801 vita

473 851 919 924 supermundana
955 850 1281 904 versabatur
1310 846 1537 900 morbus
1568 844 1703 896 vitii.
1735 840 1838 908 Qui
1872 850 2050 893 autem

474 960 601 997 tum
655 943 876 996 homine
920 939 1404 1013 commiserabatur,
1443 936 1563 1005 ejus
1592 944 1710 989 erat
1761 948 1963 1002 sc0pus
2000 938 2055 984 ct.

475 1034 789 1088 institutum
842 1032 897 1085 in
946 1032 1036 1084 illa
1086 1028 1622 1097 contemperatione,
1668 1034 1726 1079 ut
1774 1024 2057 1095 prodesset

480 1126 711 1179 homini.
750 1122 851 1178 Ubi
890 1138 1019 1192 ergo
1054 1138 1161 1175 non
1202 1129 1322 1177 erat
1356 1121 1579 1184 malum,
1617 1133 1793 1187 neque
1842 1118 1915 1170 ibi
1947 1117 2056 1168 vita

478 1219 775 1287 (legebatur
804 1216 1063 1276 humana,
1109 1212 1572 1283 quemadmodum
1616 1210 1857 1279 postulat
1903 1207 2058 1277 quis-

480 1310 649 1381 piam,
700 1318 759 1360 ut
788 1307 955 1360 homo
988 1305 1141 1358 illinc
1186 1302 1299 1357 Deo
1347 1301 1737 1369 conjungatur,
1787 1298 1896 1351 imo
1931 1311 2061 1350 vero

480 1414 590 1452 non
638 1399 823 1454 homo.
862 1394 955 1450 sed
1008 1392 1231 1462 aliquod
1285 1390 1662 1451 simulacrum,
1713 1395 1767 1440 ct
1811 1385 2058 1455 quaedam

482 1490 787 1547 similitudo
822 1487 1105 1542 hominis?

558 1666 816 1733 Quaanam
855 1671 1035 1715 autem
1078 1659 1231 1712 ﬁeret
1279 1662 1481 1708 nostra:
1527 1657 1741 1705 natura:
1772 1647 2061 1711 correctio,

487 1757 533 1812 si
569 1770 691 1809 cum
740 1759 999 1805 terrestre
1031 1750 1349 1818 aigrotasset.
1396 1742 1622 1798 animal.
1669 1738 1883 1807 aliquod
1917 1737 2063 1790 aliud

2148 559 2454 626 οἰκισθῆναι
2489 554 2566 617 τῷ
2610 554 2737 623 ﬁfty;
2784 549 2873 614 Ἐξ
2897 545 3147 618 οὐρανοῦ,
3173 544 3306 612 φησὶ
3338 540 3498 610 τυχὸν
3539 539 3568 591 ὁ
3608 537 3727 590 δια-

2152 651 2333 703 πτύων
2366 650 2441 711 ὡς
2471 646 2692 716 αἰσχρόν
2721 661 2778 696 τε
2808 642 2902 695 καὶ
2934 639 3116 703 ἄδοξον
3146 637 3207 689 τὸ
3237 631 3375 697 εἶδος
3397 634 3493 701 τῆς
3519 630 3730 699 ἀνθρω·

2153 745 2312 813 πίνης
2337 742 2623 809 γενέσεως.
2668 737 2805 790 Ἀλλ’
2832 736 2930 788 οὐκ
2950 730 3017 804 ἧν
3042 735 3099 785 ἐν
3123 727 3335 801 οὐρανῷ
3356 727 3419 779 τὸ
3452 721 3730 795 ἀνθρώπι-

2153 853 2242 889 νον
2264 851 2277 862 ·
2311 834 2430 886 οὐδέ
2466 850 2549 895 τις
2594 833 2652 882 ἐν
2689 831 2755 899 τῇ
2789 825 3143 898 ὑπερκοσμίῳ
3186 824 3319 892 ζωῇ,
3352 819 3551 879 κακίας
3578 816 3731 877 νόσος

2155 923 2543 995 ἐπεχωρίασεν.
2589 922 2646 971 ’0
2690 920 2747 972 δέ
2791 918 2868 988 τῷ
2912 914 3183 986 ἀνθρώπῳ
3232 907 3729 979 καταμιγνύμενος,

2157 1018 2233 1087 τῷ
2264 1016 2448 1083 σκοπῷ
2480 1014 2577 1081 τῆς
2604 1012 2869 1081 ὠφελείας
2901 1009 3132 1060 ἐποιεῖτο
3162 1005 3262 1076 τὴν
3309 1000 3730 1071 συνανάκρασιν.

2163 1109 2333 1162 Ἔνθα
2357 1108 2535 1160 τοίνυν
2559 1106 2619 1158 τὸ
2649 1104 2816 1158 κακὸν
2847 1103 2947 1155 οὐκ
2974 1096 3062 1170 ἦν,
3093 1097 3215 1150 οὐδὲ
3249 1093 3584 1164 ἀνθρώπινος
3607 1092 3733 1142 ἐπο-

2159 1207 2397 1260 λιτεύετο
2422 1204 2552 1275 βίος,
2577 1202 2690 1264 πῶς
2714 1198 2957 1267 ἐπιζητεῖ
2978 1213 3059 1259 τις
3094 1193 3301 1247 ἐκεῖθεν
3329 1189 3405 1259 τῷ
3429 1186 3548 1256 Θεῷ
3581 1202 3735 1253 περι-

2162 1298 2431 1367 πλακῆναι
2469 1296 2557 1348 τὸν
2597 1289 2901 1364 ἀνθρωθπον,
2950 1286 3149 1358 μᾶλλον
3189 1284 3246 1336 δὲ
3277 1282 3398 1351 οὐχὶ
3427 1279 3733 1349 ἄνθρωπον,

2162 1387 2294 1441 ἀλλὰ
2316 1384 2605 1457 ἀνθρώπου
2635 1400 2688 1435 τι
2712 1380 2929 1435 εἴδωλον
2955 1379 3048 1431 καὶ
3075 1375 3322 1446 ὁμοίωμα
3344 1388 3359 1437 ;

2236 1656 2331 1718 Τίς
2354 1654 2398 1708 δ’
2426 1652 2490 1707 ἀν
2511 1650 2723 1719 ἐγένετο
2749 1648 2845 1718 τῆς
2874 1645 3083 1715 φύσεως
3120 1640 3330 1711 ἡμῶνή
3360 1635 3661 1707 διόρθωσις,
3686 1631 3737 1684 εί

2167 1745 2261 1800 τοῦ
2297 1742 2538 1811 ἐπιγείου
2577 1739 2715 1804 ζώου
2741 1734 3107 1804 νενοσηκότος,
3142 1730 3325 1802 ’ἐτερόν
3352 1746 3404 1779 τι
3438 1726 3544 1778 τῶν
3570 1724 3737 1792 οὐρα-

487 1867 554 1906 ex
596 1846 915 1903 caelestibus
942 1842 1184 1896 divinum
1214 1838 1555 1906 suscepisset
1581 1833 1875 1887 adventum
1896 1831 1920 1883 ἲ
1945 1829 2064 1883 Non

2180 1839 2292 1891 δίων
2324 1835 2421 1905 τὴν
2451 1832 2599 1885 θείαν
2629 1828 2921 1897 ἐπιδημίαν
2947 1824 3193 1890 ἐδέξατο;
3223 1821 3336 1873 Οὐκ
3367 1817 3480 1871 ἐστι
3512 1816 3619 1884 γὰρ
3646 1812 3737 1865 θε-

489 1950 671 2014 potest
725 1939 872 1994 enim
922 1935 1037 1989 ﬁeri
1089 1941 1150 1987 ut
1201 1940 1426 1985 curetur
1479 1928 1624 1997 quod
1675 1927 1909 1985 laborat,
1957 1924 2065 1977 nisi

488 2050 620 2104 pars
653 2032 911 2085 laborans
938 2025 1212 2095 propriam
1248 2038 1310 2075 ac
1341 2020 1671 2090 peculiarem
1698 2017 1935 2086 accipiat
1969 2031 2067 2069 cu-

493 2126 785 2178 rationem.
818 2119 875 2173 Si
911 2132 1040 2186 ergo
1083 2115 1227 2185 quod
1267 2112 1553 2167 laborabat
1596 2110 1842 2180 quidem,
1872 2108 2069 2163 fuisset

490 2217 549 2269 in
598 2224 779 2275 terra;
820 2213 996 2264 virtus
1043 2216 1225 2261 autem
1268 2205 1452 2257 divina
1488 2203 1540 2257 id
1589 2202 1736 2272 quod
1786 2200 2071 2254 laborabat

494 2307 725 2360 minime
770 2302 1061 2371 attigisset,
1102 2296 1379 2365 aspiciens
1430 2295 1495 2348 ad
1533 2292 1584 2346 id
1621 2292 1767 2362 quod
1806 2291 2067 2357 decebat;

499 2399 692 2452 fuisset
733 2396 891 2463 plane
921 2390 1128 2446 homini
1166 2388 1361 2443 inutile
1408 2386 1607 2441 divinae
1635 2386 1859 2438 virtutis
1906 2396 2072 2449 nego-

495 2492 656 2550 tium,
690 2489 745 2540 in
779 2487 846 2540 iis
895 2496 1123 2538 versans
1163 2494 1287 2549 quae
1326 2477 1613 2531 nobiscum
1657 2476 1861 2528 nullam
1911 2472 2074 2525 habe-

499 2583 629 2635 bant
661 2576 1123 2631 communionem.
1151 2571 1208 2624 In
1250 2569 1539 2622 Divinitate
1575 2568 1715 2621 enim
1749 2582 1903 2634 teque
1937 2562 2074 2615 fuis-

496 2685 583 2728 set
620 2671 958 2731 indecorum,
1011 2666 1054 2721 si
1098 2664 1317 2734 quidem
1355 2661 1439 2715 fas
1482 2668 1568 2714 est
1602 2658 1828 2712 omnino
1864 2650 2070 2724 aliquid

500 2765 644 2817 aliud
681 2763 923 2831 cogitare
971 2758 1311 2818 indecorum,
1355 2760 1551 2821 praeter
1597 2751 1813 2812 vitium,
1853 2748 1901 2802 ei
1954 2748 2077 2816 qui-

502 2857 626 2909 dem
665 2854 757 2923 qui
801 2851 1004 2921 pusillo
1036 2858 1089 2901 et
1119 2848 1330 2915 abjecto
1381 2845 1562 2897 animo
1586 2841 1823 2895 divinam
1868 2841 1925 2895 in
1972 2840 2076 2892 hoc

500 2947 692 3002 statuit
725 2943 1060 3011 majestatem
1095 2948 1149 2993 et
1187 2935 1628 3005 amplitudinem,
1679 2932 1825 3002 quod
1875 2945 2078 2986 nosme

504 3050 716 3096 naturae
778 3036 1171 3105 proprietatum
1236 3031 1461 3084 minime
1510 3029 1751 3097 aliquam
1811 3024 2079 3095 suscipiat

506 3131 1083 3190 communicationem,
1122 3123 1293 3178 nihilo
1318 3119 1656 3175 tolerabilior
1701 3116 1919 3170 videtur
1957 3129 2079 3169 esse

2169 1927 2504 2001 ραπευθῆναι
2530 1923 2619 1975 τὸν
2659 1921 2957 1990 κάμνοντα,
2994 1917 3067 1987 μὴ
3095 1913 3188 1968 τοῦ
3228 1910 3510 1970 πονοῦντος
3542 1906 3739 1977 μέρους

2171 1999 2473 2082 ίδιαξόντως
2494 2012 2784 2082 δεξαμένου
2813 2011 2910 2077 τὴν
2930 2009 3092 2062 ἴασιν.
3116 2007 3177 2059 Εἰ
3212 2000 3303 2057 οὖν
3331 2003 3390 2055 τὸ
3421 2002 3518 2071 μὲν
3536 1999 3741 2068 κάμνον

2168 2109 2260 2161 ἐπὶ
2309 2107 2408 2176 γῆς
2451 2101 2539 2175 ἦν,
2574 2106 2608 2173 ἡ
2654 2102 2710 2154 δὲ
2749 2098 2869 2153 θεία
2901 2097 3129 2167 δύναμις
3174 2092 3269 2147 τοῦ
3318 2092 3617 2160 κάμνοντος
3666 2083 3742 2155 μὴ

2170 2199 2435 2269 ἐφήψατο,
2476 2194 2610 2266 πρὸς
2656 2193 2715 2245 τὸ
2750 2189 2949 2258 ἑαυτῆς
2996 2187 3267 2258 βλέπουσα
3299 2184 3529 2253 πρέπον,
3573 2180 3744 2250 ἄχρη-

2172 2308 2293 2353 στος
2323 2285 2390 2359 ἦν
2426 2286 2503 2357 τῷ
2538 2284 2808 2354 ἀνθρώπῳ
2854 2284 2888 2351 ἡ
2919 2280 3047 2351 περὶ
3074 2279 3141 2331 τὰ
3187 2277 3349 2348 μηδὲν
3381 2277 3512 2345 ἡμῖν
3541 2276 3733 2325 ἐπικοι·

2171 2379 2441 2435 νωνοῦντα
2469 2378 2566 2447 τῆς
2611 2376 2757 2437 θείας
2790 2373 3070 2443 δυνάμεως
3110 2368 3355 2439 ἀσχολία,
3388 2366 3461 2418 Τὸ
3509 2365 3605 2434 μὲν
3636 2362 3748 2432 γὰρ

2173 2472 2441 2544 ἀπρεπὲς,
2472 2469 2564 2521 ἐπὶ
2591 2467 2689 2538 τῆς
2712 2465 2972 2533 Θεότητος
3002 2458 3140 2525 ἴσον,
3176 2459 3336 2528 εἴπερ
3366 2457 3499 2519 ὅλως
3528 2454 3747 2525 θεμιτόν

2174 2565 2322 2616 ἐστιν
2371 2562 2499 2615 ἄλλο
2541 2578 2592 2612 τι
2641 2557 2792 2627 παρά
2830 2557 2928 2626 τὴν
2980 2555 3176 2609 κακίαν
3232 2551 3477 2621 ἀπρεπὲς
3523 2550 3744 2606 ἐννοεῖν,

2175 2655 2314 2723 πλὴν
2357 2651 2435 2721 τῷ
2491 2648 2839 2721 μικροψύχως
2880 2648 2936 2698 ἐν
2985 2646 3157 2715 τούτῳ
3187 2644 3422 2715 κρίνοντι
3453 2642 3549 2710 τὴν
3598 2638 3747 2692 θείαν

2178 2742 2589 2814 μεγαλειότητα,
2619 2740 2676 2791 ἐν
2723 2737 2799 2807 τῷ
2830 2737 2903 2806 μὴ
2946 2734 3197 2802 δέξασθαι
3244 2732 3353 2785 τῶν
3393 2732 3490 2797 τῆς
3532 2730 3747 2799 φύσεως

2177 2834 2331 2905 ἡμῶν
2366 2832 2671 2902 ἰδιωμάτων
2700 2828 2797 2899 τὴν
2824 2827 3128 2889 κοινωνίαν,
3158 2824 3308 2877 οὐδὲν
3340 2820 3538 2892 μᾶλλον
3575 2837 3750 2891 παρα-

2180 2924 2427 2997 μυθεῖται
2468 2921 2529 2975 τὸ
2562 2922 2746 2987 ἄδοξον
2781 2918 3018 2990 οὐρανίῳ
3060 2915 3293 2986 σώματι,
3325 2914 3357 2985 ἢ
3403 2912 3627 2982 ἐπιγείῳ
3655 2929 3749 2964 συ-

2180 3014 2609 3086 σχηματισθῆναι
2636 3012 2699 3065 τὸ
2720 3011 2893 3065 Θεῖον.
2931 3007 3037 3062 Τοῦ
3068 3008 3175 3079 γὰρ
3202 3006 3425 3075 ὑψίστου
3456 3003 3550 3058 καὶ
3583 3003 3753 3071 ἀπρο-

2181 3108 2327 3160 σίτου
2364 3106 2504 3159 κατὰ
2529 3105 2591 3158 τὸ
2624 3103 2757 3173 ὕψος
2784 3103 2879 3172 τῆς
2908 3100 3142 3169 φύσεως,
3174 3100 3208 3168 ἡ
3235 3098 3410 3159 κτίσις
3440 3097 3589 3149 πᾶσα
3616 3094 3755 3147 κατά

507 3221 792 3292 turpitudo
817 3230 869 3273 et
894 3218 1157 3277 dedecus,
1195 3212 1340 3283 quod
1385 3210 1530 3265 Deus
1559 3207 1800 3263 cmlestis
1832 3206 2077 3275 corporis

2182 3197 2243 3250 τὸ
2264 3192 2381 3249 ἴσον
2422 3196 2513 3248 ἐπὶ
2542 3195 2602 3248 τὸ
2646 3194 2796 3247 κάτω
2834 3193 3129 3261 ἀφέστηκε,
3164 3188 3258 3242 καὶ
3301 3187 3574 3257 ὁμοτίμως
3607 3183 3755 3253 αὑτῷ

508 3316 736 3383 ﬁguram
768 3308 1074 3377 susceperit
1115 3320 1276 3375 quam
1319 3301 1623 3357 terrestris.
1655 3299 1738 3353 Ab
1781 3298 1901 3367 ejus
1940 3298 2082 3351 enim

507 3407 604 3477 qui
652 3413 736 3460 est
786 3401 1109 3461 altissimus,
1159 3408 1214 3451 et
1264 3396 1330 3449 ad
1371 3395 1529 3463 cujus
1583 3390 1925 3446 altitudinem
1974 3404 2081 3442 non

514 3503 656 3563 patet
691 3491 893 3548 aditus.
942 3495 1139 3541 natura
1189 3501 1254 3538 ex
1290 3498 1445 3552 atquo
1494 3482 1663 3537 distat
1719 3480 1898 3533 omnis
1932 3493 2086 3531 erea-

511 3594 658 3646 tura,
690 3589 743 3636 et
768 3587 895 3635 sum
924 3577 1106 3631 omnia
1152 3575 1198 3629 ei
1246 3573 1530 3643 aequaliter
1569 3570 1834 3639 subjecta.
1867 3568 1998 3621 Nam
2031 3567 2084 3621 id

512 3674 654 3743 quod
690 3679 775 3727 est
821 3665 1116 3740 ejusmodi,
1166 3673 1226 3717 ut
1272 3665 1335 3717 ad
1386 3664 1439 3717 id
1476 3663 1701 3717 omnino
1752 3676 1859 3715 non
1906 3666 2088 3728 pateat

511 3767 716 3828 aditus,
754 3778 861 3817 non
897 3762 1057 3816 alicui
1089 3758 1308 3829 quidem
1356 3755 1559 3827 praebet
1601 3754 1831 3814 aditum,
1882 3751 2087 3821 aliquid

512 3871 642 3909 vero
670 3852 734 3907 ad
766 3854 941 3920 ipsum
989 3866 1095 3905 non
1130 3858 1306 3918 potest
1352 3845 1823 3916 appmpinquare;
1873 3844 1966 3897 sed
2021 3860 2088 3897 ex

513 3960 671 4015 atquo
707 3944 961 3996 universa
998 3955 1118 4010 qua:
1156 3948 1305 3996 sunt.
1343 3944 1566 4007 superat
1607 3943 1664 3989 et
1701 3936 2085 4004 supereminet.

513 4036 702 4103 Neque
735 4048 866 4101 ergo
906 4040 1050 4084 terra
1086 4038 1171 4084 est
1204 4028 1464 4083 remotior
1501 4042 1530 4079 a
1578 4041 1831 4095 suprema
1883 4027 1971 4080 illa
2004 4025 2089 4079 di-

515 4128 743 4196 gnitate,
791 4138 967 4192 neque
1025 4122 1223 4177 cmlum
1287 4118 1684 4188 propinquius;
1732 4132 1910 4187 neque
1961 4134 2085 4187 quae

520 4218 684 4270 vitam
716 4214 920 4285 degunt
950 4212 1004 4265 in
1035 4220 1265 4279 utroque
1299 4210 1586 4273 elemento,
1621 4207 1721 4260 hac
1762 4208 1814 4260 in
1849 4223 1906 4259 re
1928 4208 2089 4276 quid--

518 4323 682 4379 quam
711 4322 740 4361 a
782 4322 840 4360 se
868 4305 1101 4358 invicem
1131 4301 1413 4362 dill‘erunt,
1450 4308 1508 4352 ut
1539 4299 1642 4353 alia
1675 4298 1893 4369 quidem
1927 4300 2092 4352 attin-

516 4410 647 4471 gant
689 4408 941 4453 naturam
976 4395 1043 4448 ad
1084 4408 1246 4463 quam
1273 4408 1378 4445 non
1407 4397 1553 4459 patet
1579 4391 1779 4454 aditus,
1825 4390 1931 4442 alia
1961 4405 2091 4443 vero

517 4494 588 4547 ab
637 4507 699 4547 ea
756 4495 1134 4545 secernantur.
1204 4482 1337 4538 Nam
1407 4483 1488 4538 sic
1540 4482 1757 4551 quidem
1808 4480 2089 4535 existima-

518 4599 727 4646 remus,
757 4582 868 4635 vim
898 4580 1047 4633 illam
1093 4592 1157 4631 ac
1190 4581 1512 4646 potestatem
1552 4587 1675 4642 qua
1705 4572 1890 4625 omnia
1913 4571 2093 4625 conti-

522 4684 636 4735 net,
691 4688 800 4727 non
837 4688 901 4725 ex
953 4684 1109 4739 :equo
1157 4682 1254 4737 per
1283 4665 1465 4720 omnia
1511 4663 1846 4734 pervadere;
1896 4662 1993 4717 sed
2038 4663 2089 4715 in

520 4767 644 4819 aliis
702 4762 922 4833 quidem
971 4776 1091 4815 eam
1162 4772 1285 4813 esse
1334 4754 1822 4820 abundantiorem;
1873 4753 1926 4807 in
1972 4753 2095 4807 aliis

518 4867 651 4905 vero
680 4851 851 4920 magis
881 4847 1147 4911 deiicere;
1172 4857 1220 4898 et
1259 4860 1323 4898 ex
1362 4842 1587 4911 majoris
1620 4842 1959 4909 minorisque
1993 4839 2097 4895 dif-

521 4941 749 4996 ferentia
784 4937 1118 5005 compositus
1144 4950 1208 4989 ex
1240 4932 1594 5002 consequenti
1617 4932 1900 5001 apparebit
1932 4930 2094 4996 Deus,

522 5040 583 5084 ut
631 5030 723 5101 qui
775 5029 877 5082 sibi
905 5028 1008 5097 ipsi
1068 5041 1178 5080 non
1218 5025 1528 5084 conveniat.
1582 5023 1853 5093 siquidem
1903 5023 2094 5094 procul

521 5138 644 5177 csse
693 5136 723 5174 a
782 5118 944 5173 nobis
985 5118 1331 5172 existimetur
1369 5116 1582 5171 ratione
1636 5122 1878 5181 naturae;
1931 5113 2095 5167 alicui

522 5223 704 5266 autem
757 5210 846 5265 alii
891 5209 1362 5280 appropinquans,
1412 5222 1478 5262 ex
1507 5220 1573 5260 eo
1617 5205 1761 5273 quod
1799 5220 1964 5274 prope
2002 5205 2094 5267 sit,

521 5306 681 5358 facile
712 5303 888 5373 possit
917 5300 1270 5370 apprehendi.
1310 5297 1415 5353 Sed
1449 5312 1576 5353 vera
1605 5298 1766 5362 ratio,
1792 5300 1848 5352 in
1881 5299 2097 5353 excelsa

520 5394 827 5451 et.sublimi
868 5394 959 5447 illa
986 5393 1334 5451 auctoritate.
1364 5405 1543 5460 neque
1577 5390 1835 5446 deorsum
1876 5389 2096 5459 aspicit,

522 5503 700 5558 neque
721 5501 942 5541 sursum
978 5500 1076 5554 per
1101 5484 1588 5553 comparationem.
1626 5481 1821 5537 Omnia
1848 5479 1994 5535 enim
2026 5494 2093 5534 ex

521 5592 679 5650 reque
711 5587 840 5633 sunt
877 5576 1126 5646 subjecta
1154 5575 1410 5645 potestati
1438 5575 1517 5629 illi
1554 5590 1675 5644 quae
1699 5582 1894 5641 praeest
1920 5570 2097 5626 omni—

2182 3290 2243 3342 τὸ
2280 3290 2386 3342 πᾶν
2433 3286 2763 3355 ὑποϐέϐηκε,
2813 3284 2887 3336 Τὸ
2930 3284 3038 3353 γάρ
3081 3281 3310 3335 καθόλου
3358 3278 3667 3352 ἀπρόσιτον,
3692 3276 3754 3327 οὐ

2183 3381 2289 3433 τινὶ
2335 3380 2432 3450 μέν
2460 3381 2575 3431 ἐστι
2608 3376 2882 3447 προσιτὸν,
2909 3374 2988 3445 τῷ
3019 3373 3074 3426 δέ
3116 3371 3561 3444 ἀπροσπέλαστον
3583 3408 3597 3432 ,
3642 3367 3755 3421 ἀλλ’

2184 3472 2379 3540 ἐπίσης
2409 3471 2623 3523 πάντων
2656 3468 2764 3520 τῶν
2802 3467 2970 3520 ὄντων
3006 3464 3465 3535 ὑπερανέστηκεν.
3498 3461 3634 3515 Οὔτε
3665 3456 3757 3513 οῦν

2184 3566 2217 3633 ἡ
2255 3566 2325 3633 γῆ
2362 3562 2686 3635 πορρωτέρω
2719 3560 2815 3629 τῆς
2844 3558 2999 3624 ἀξίας
3030 3558 3164 3620 ἐστὶ,
3203 3556 3325 3610 οὔτε
3367 3555 3592 3628 οὐρανὸς
3622 3554 3759 3622 πλη-

2188 3657 2482 3726 σιέστερος,
2512 3653 2633 3707 οὔτε
2661 3652 2731 3706 τὰ
2765 3654 2823 3706 ἐν
2857 3651 3102 3722 ἐκατέρῳ
3124 3649 3229 3702 τῶν
3260 3650 3536 3719 στοιχείων
3566 3647 3761 3700 ἐνδιαι-

2185 3748 2425 3819 τώμενα,
2450 3746 2696 3817 διαφέρει
2725 3763 2777 3798 τι
2805 3744 3048 3813 ἀλλήλων
3080 3746 3137 3796 ἐν
3163 3741 3239 3812 τῷ
3277 3741 3433 3812 μέρει
3460 3739 3658 3811 τούτῳ,
3684 3739 3761 3801 ὡς

2187 3839 2255 3893 τά
2284 3840 2382 3910 μὲν
2411 3836 2747 3907 ἐφάπτεσθαι
2770 3837 2867 3906 τῆς
2888 3834 3179 3906 ἀπροσίτου
3210 3832 3439 3902 φύσεως,
3462 3831 3531 3883 τά
3554 3830 3610 3883 δὲ
3636 3832 3764 3882 ἀπο-

2189 3930 2487 4002 κρίνεσθαι,
2519 3929 2552 3998 ἢ
2583 3927 2706 3981 οὔτε
2738 3928 2788 3996 γ’
2812 3927 2875 3981 ἂν
2909 3930 3043 3997 μήτε
3076 3926 3163 3979 διά
3202 3927 3415 3979 πάντων
3455 3925 3649 3994 ἐπίσης
3686 3922 3765 3975 δι-

2190 4023 2347 4092 ήκειν
2372 4020 2470 4090 τὴν
2502 4019 2562 4072 τὸ
2596 4020 2703 4071 πᾶν
2741 4016 3138 4088 ἐπικρατοῦσαν
3164 4016 3390 4085 δύναμιν
3437 4015 3764 4084 ὐπονοήσαι-

2194 4131 2312 4184 μεν,
2343 4112 2455 4166 ἀλλ’
2485 4112 2541 4165 ἓν
2581 4130 2692 4166 τισι
2727 4110 3144 4173 πλεονάζουσαν,
3178 4110 3234 4162 ἐν
3262 4109 3467 4178 ἑτέροις
3499 4106 3764 4161 ἐνδεεστέ-

2195 4221 2292 4274 ραν
2321 4199 2480 4265 είναι,
2516 4204 2609 4256 καὶ
2630 4206 2696 4273 τῇ
2736 4202 2871 4271 πρὸς
2899 4201 2958 4254 τὸ
2996 4199 3215 4252 ἔλαττόν
3253 4216 3313 4252 τε
3354 4199 3445 4251 καὶ
3483 4198 3642 4250 πλέον
3670 4198 3765 4251 καὶ

2190 4289 2350 4364 ἦττον
2396 4295 2630 4366 διαφορᾷ
2668 4294 2921 4346 σύνθετον
2962 4293 3027 4345 ἐκ
3071 4292 3165 4345 τοῦ
3194 4292 3485 4345 ἀκολούθου
3515 4291 3574 4344 τὺ
3611 4290 3764 4343 Θεῖον

2192 4387 2619 4456 ἀναφανήσεται,
2648 4386 2778 4438 αὐτὸ
2804 4385 2939 4456 πρὸς
2969 4384 3130 4437 ἑαυτὸ
3162 4384 3237 4455 μὴ
3260 4384 3573 4453 συμϐαῖνον,
3608 4383 3765 4453 εἴπερ

2194 4476 2349 4546 ἡμῶν
2386 4475 2665 4547 πόρρωθεν
2717 4477 2993 4529 ὑπονοοῖτο
3042 4472 3179 4529 εἶναι
3225 4474 3301 4543 τῷ
3353 4474 3497 4544 λόγῳ
3540 4475 3637 4544 τῆς
3667 4476 3768 4543 φύ-

2200 4586 2337 4630 σεως
2358 4586 2371 4599 ·
2413 4569 2584 4640 ἑτέρῳ
2611 4568 2668 4622 δέ
2698 4586 2803 4621 τινι
2841 4568 3110 4635 γειτνιῶν,
3155 4568 3247 4620 καὶ
3279 4567 3543 4637 εῦληπτος
3580 4569 3644 4619 ἐκ
3676 4567 3768 4620 τοῦ

2201 4660 2464 4729 σύνεγγυς
2516 4661 2770 4729 γίγνοιτο.
2818 4660 2958 4713 Ἀλλ’
2997 4663 3025 4714 ὁ
3067 4660 3271 4731 ἀληθὴς
3321 4661 3477 4729 λόγος
3532 4662 3621 4713 ἐπὶ
3673 4662 3772 4731 τῆς

2194 4751 2406 4821 ὑψηλῆς
2447 4752 2625 4818 ἀξίας,
2674 4750 2796 4804 οὒτε
2845 4752 2995 4806 κάτω
3036 4751 3217 4821 βλέπει
3266 4751 3354 4804 διὰ
3407 4752 3768 4818 συγκρίσεως,

2194 4843 2316 4897 οὔτε
2350 4845 2480 4898 ἄνω.
2514 4845 2698 4898 Πάντα
2740 4843 2851 4913 γὰρ
2876 4843 3018 4897 κατὰ
3064 4843 3123 4895 τὸ
3161 4839 3279 4897 ἴσον
3310 4843 3408 4914 τὴν
3446 4861 3539 4895 του
3576 4842 3773 4904 παντὸς

2195 4934 2591 4989 ἐπιστατοῦσαν
2613 4935 2840 5005 δύναμιν
2865 4934 3222 5003 ὑποϐέϐηκεν.
3267 4935 3427 4986 Ὥστε
3457 4934 3505 4985 εί
3532 4932 3629 5003 τὴν
3655 4933 3774 4985 ἐπί-

2196 5044 2344 5096 γειον
2398 5027 2559 5095 φύσιν
2611 5027 2835 5091 ἀναξίαν
2876 5028 2976 5097 τῆς
3026 5026 3161 5097 πρὸς
3202 5026 3264 5078 τὺ
3301 5025 3452 5078 Θεῖον
3502 5026 3772 5095 οἰήσονται

2198 5118 2533 5189 συμπλοκῆς,
2561 5118 2669 5170 οὐδ’
2689 5118 2753 5172 ἂν
2769 5117 2903 5189 άλλη
2924 5136 3011 5181 τις
3041 5117 3286 5188 εὑρεθείη
3309 5135 3362 5169 τι
3386 5117 3533 5180 ἀξιον
3556 5116 3769 5185 ἔχουσα.

2196 5208 2260 5260 Εἰ
2285 5206 2342 5259 δέ
2370 5207 2563 5275 ἐπίσης
2592 5206 2771 5261 πάντα
2789 5208 2887 5278 τῆς
2907 5208 3059 5274 ἀξίας
3085 5207 3542 5276 ἀπολιμπάνεται,
3569 5205 3775 5277 ἐμπρέ-

2198 5316 2299 5352 πον
2346 5298 2463 5351 ἐστὶ
2495 5297 2573 5368 τῷ
2604 5297 2725 5369 Θεῷ
2758 5298 2818 5351 τὸ
2849 5299 3155 5369 εὐεργετεῖν
3198 5298 3287 5350 τὸν
3326 5298 3609 5367 δεόμενονο
3641 5298 3772 5351 ὅπου

2199 5390 2382 5444 τοίνυν
2409 5384 2477 5460 ἦν
2510 5391 2543 5460 ἡ
2571 5390 2743 5455 νόσος,
2774 5392 2890 5443 ἐκεῖ
2924 5390 3177 5459 φοιτῆσαι
3212 5389 3311 5459 τὴν
3347 5390 3585 5459 ίωμένην
3619 5388 3775 5442 δύνα-

2207 5497 2297 5549 μιν
2328 5478 2737 5548 ὁμολογοῦντες,
2757 5478 2810 5531 τί
2838 5478 2943 5544 ἔξω
2966 5479 3064 5563 τῆς
3090 5476 3427 5548 θεοπρεποῦς
3457 5477 3775 5547 ὑπολήψεως

2204 5569 2648 5640 πεπιστεύκαμεν
2669 5586 2683 5625 :

523 5673 647 5727 bus.
714 5669 1079 5736 Quamobrem
1124 5669 1170 5723 si
1241 5675 1554 5723 terrestrem
1638 5674 1889 5719 naturam
1954 5662 2352 5717 existimabunt
2392 5662 2673 5732 indignam
2719 5676 2841 5733 quae
2877 5676 3000 5714 cum
3035 5659 3145 5715 Deo
3197 5668 3572 5721 connectatur,
3602 5671 3776 5728 neque

523 5769 632 5823 ulla
680 5767 986 5821 invenietur
1037 5764 1220 5833 digna.
1278 5761 1433 5828 Quod
1483 5766 1528 5817 si
1583 5777 1646 5815 ex
1692 5774 1848 5830 :cquo
1910 5758 2093 5813 omnia
2133 5767 2261 5813 sunt
2303 5756 2575 5825 indigna:
2647 5771 2813 5811 unum
2873 5762 3149 5827 superest,
3199 5755 3345 5826 quod
3399 5753 3509 5808 Deo
3574 5765 3777 5808 conre-
