4066 6374
238 444 312 499 73
1469 441 1732 498 ORATIO
1761 442 1896 497 CAT
1905 441 2265 498 ECHETICA.
3439 432 3507 487 74

241 561 380 627 niat,
436 558 696 613 nimirum
759 556 937 628 egenti
982 556 1304 612 benefacere
1348 577 1360 612 :

1418 558 1506 612 tibi
1562 570 1646 613 est
1700 575 1830 630 ergo
1868 559 2116 619 morbus,
2154 558 2281 612 illuc
2306 557 2716 611 medicatricem
2768 569 2958 610 ventre
2993 561 3316 622 potestatem
3374 570 3499 611 con-

240 651 476 717 ﬁtentes,
508 649 769 720 quidnam
798 650 1076 705 credimus
1113 651 1353 705 alienum
1397 652 1465 705 ab
1493 668 1557 706 eo
1588 652 1732 721 quod
1762 661 1821 705 ut
1858 651 2016 706 decet
2042 650 2107 705 de
2140 649 2250 704 Deo
2281 659 2365 705 est
2392 649 2857 704 existimandum?

816 742 1065 799 ΚΕΦΑΛ.
1108 746 1245 800 KH'.

322 834 483 887 Ἀλλά
534 833 856 904 κωμῳδοῦσι
902 836 1001 903 τὴν
1033 836 1194 903 φύσιν
1238 837 1416 907 ἡμῶν,
1468 837 1560 889 καὶ
1589 836 1680 889 τὸν
1726 838 1824 904 τῆς

237 924 549 995 γεννήσεως
580 926 735 995 ἡμῶν
787 928 986 996 τρόπον
1036 926 1433 999 διαθρυλλοῦσι,
1481 930 1577 981 καὶ
1618 930 1822 982 οἴονται

234 1019 324 1072 διά
370 1018 578 1072 τούτων
637 1019 989 1086 ἐπιγέλαστον
1045 1025 1217 1074 ποιεῖν
1265 1021 1327 1075 τὸ
1367 1025 1697 1095 μυστήριονο
1748 1024 1825 1087 ὡς

240 1111 488 1181 ἀπρεπὲς
519 1111 578 1164 ὃν
624 1111 700 1183 τῷ
727 1110 868 1182 Θεῷ,
911 1112 998 1164 διά
1046 1113 1301 1185 τοιαύτης
1346 1116 1550 1169 εἰσόδου
1598 1116 1697 1185 τῆς
1727 1114 1822 1168 τοῦ

239 1202 584 1273 ἀνθρωπίνου
639 1202 753 1271 βίου
802 1204 1086 1267 κοινωνίας
1140 1205 1469 1276 ἐφάψασθαι.
1537 1207 1676 1259 Ἀλλ’
1722 1207 1823 1277 ἤδη

240 1295 366 1364 περὶ
394 1293 588 1345 τούτου
631 1295 724 1347 καὶ
758 1297 815 1347 ὲν
864 1298 972 1358 τοῖς
1018 1295 1325 1367 ἔμπροσθεν
1362 1298 1575 1367 εἴρηται
1622 1298 1822 1365 λόγοις,

236 1386 318 1439 ὅτι
366 1386 529 1454 μόνον
569 1386 793 1457 αἰσχρὸν
826 1390 891 1458 τῇ
939 1388 1132 1440 ἑαυτοῦ
1179 1388 1338 1456 φύσει
1382 1390 1441 1441 τὸ
1488 1390 1657 1442 κακόν
1687 1392 1822 1452 ἐστι,

237 1477 339 1529 κᾶν
366 1478 421 1530 εἴ
460 1495 513 1530 τι
562 1479 701 1549 πρὸς
736 1479 833 1550 τὴν
865 1479 1061 1534 κακίαν
1100 1481 1314 1544 οἰκείως
1346 1480 1464 1554 ἔχῃ.
1512 1482 1577 1534 Ἠ
1625 1482 1681 1536 δὲ
1726 1484 1826 1551 τῆς

238 1570 452 1636 φύσεως
491 1571 784 1624 ἀκολουθία
808 1612 825 1637 ,
869 1572 997 1643 θείῳ
1045 1573 1345 1643 βουλήματι
1386 1574 1477 1626 καὶ
1514 1574 1661 1645 νόμῳ
1706 1575 1825 1628 δια-

235 1664 519 1733 ταχθείσα,
561 1665 753 1737 πόρρω
778 1666 876 1735 τῆς
915 1665 1054 1719 κατὰ
1089 1665 1288 1719 κακίαν
1315 1665 1432 1718 ἐστὶ
1457 1665 1726 1736 διαϐολῆς.
1756 1666 1827 1719 Ἦ

237 1752 377 1806 οὕτω
421 1754 473 1822 γ’
505 1754 573 1807 ἂν
605 1755 701 1807 ἐπὶ
732 1754 822 1807 τὸν
843 1754 1172 1824 δημιουργὸν
1206 1754 1239 1825 ἡ
1266 1756 1571 1827 κατηγορία
1596 1755 1693 1825 τῆς
1728 1755 1827 1824 φύ-

241 1861 372 1908 σεως
412 1846 651 1908 ἐπανίοι,
684 1847 739 1899 εἴ
778 1864 829 1899 τι
862 1846 971 1899 τῶν
1014 1849 1144 1917 περὶ
1172 1846 1342 1917 αὐτὴν
1367 1845 1443 1910 ὼς
1481 1848 1703 1918 αἰσχρὸν
1733 1847 1827 1900 καὶ

238 1936 483 2007 ἀπρεπὲς
521 1936 881 1991 mamma.
927 1938 988 1990 Εί
1022 1934 1115 1991 οὖν
1149 1936 1316 2007 μόνης
1350 1939 1546 2002 κακίας
1590 1939 1651 1991 τὸ
1674 1939 1827 1993 Θεῖον

237 2029 595 2101 κεχώρισται.
625 2029 786 2099 φύσις
829 2029 886 2081 δὲ
923 2030 1120 2093 κακίας
1151 2031 1250 2083 οὐκ
1274 2030 1408 2095 ἔστι,
1441 2031 1502 2083 τὸ
1527 2032 1583 2083 δὲ
1623 2033 1828 2101 μυστή-

240 2139 351 2192 ριον
402 2124 460 2174 ὲν
505 2120 782 2191 ἀνθρώπῳ
822 2120 1072 2189 γενέσθαι
1118 2121 1207 2173 τὸν
1240 2122 1372 2174 Θεὸν
1415 2123 1516 2176 οὐκ
1550 2126 1607 2175 ὲν
1656 2124 1825 2194 κακίᾳ.

235 2214 411 2281 λέγει·
446 2215 493 2265 εί
524 2212 583 2264 δὲ
620 2210 712 2265 τοῦ
752 2212 1041 2283 ἀνθρώπου
1085 2214 1178 2266 ἐπὶ
1210 2213 1301 2266 τὸν
1338 2212 1453 2283 βίον
1491 2214 1696 2277 εἴσοδος
1726 2216 1826 2284 μία

238 2304 372 2365 ἐστὶ,
400 2304 466 2356 δι’
500 2298 572 2374 ἧς
601 2303 956 2373 παραγίνεται
984 2302 1075 2355 ἐπὶ⁹
1102 2303 1198 2374 τὴν
1217 2303 1360 2375 ζωὴν
1386 2307 1445 2357 τὸ
1467 2303 1824 2374 γεννώμενονο

238 2396 398 2465 νόμον
428 2397 527 2465 μὲν
550 2400 567 2417 ‘
598 2396 720 2448 τίνα
755 2394 1135 2465 νομοθετοῦσιν
1162 2396 1346 2466 ἕτερον
1374 2396 1575 2468 τρόπον
1607 2396 1686 2467 τῷ
1708 2396 1826 2466 Θεῷ

237 2488 334 2555 τῆς
362 2488 443 2549 είς
473 2486 567 2538 τὸν
600 2486 714 2555 βίον
749 2487 1005 2556 παρόδου,
1034 2488 1084 2540 οἱ
1125 2488 1522 2559 ὲπισκεφθῆναι
1551 2490 1649 2560 μὲν
1679 2494 1828 2560 παρά

238 2576 335 2644 τῆς
364 2575 513 2639 θείας
545 2576 829 2645 δυνάμεως
856 2577 1234 2647 ἀσθενήσασαν
1260 2582 1318 2632 ὲν
1346 2582 1513 2652 κακίᾳ
1546 2582 1644 2653 τὴν
1667 2583 1828 2652 φύσιν

240 2666 456 2737 εὔλογον
495 2669 778 2739 κρίνοντες
804 2688 818 2733 ;
852 2670 986 2739 πρὸς
1019 2671 1076 2723 δὲ
1102 2671 1191 2724 τὸν
1217 2673 1315 2742 τῆς
1344 2673 1683 2743 ἐπισκέψεως
1702 2675 1829 2747 τρό-

241 2776 339 2811 πον
371 2760 887 2831 δυσαρεστούμενοι,
923 2764 1025 2815 οΒκ
1047 2763 1249 2827 εἰδότες
1270 2765 1352 2817 ὅτι
1375 2766 1525 2819 πᾶσα
1551 2767 1687 2838 πρὸς
1714 2769 1831 2821 satu-

240 2850 398 2922 τὴνὴ
450 2853 765 2925 κατασκευὴ
805 2854 899 2907 τοῦ
954 2854 1206 2925 σώματος
1249 2857 1528 2929 ὁμοτίμως
1569 2859 1701 2930 ἔχει,
1735 2862 1829 2914 καὶ

244 2942 390 2994 οὐδὲν
439 2944 495 2994 ἐν
548 2944 720 3016 ταύτῃ
755 2944 862 2998 τῶν
914 2946 1049 3017 πρὸς
1102 2947 1199 3018 τὴν
1248 2948 1508 3002 σύστασιν
1552 2951 1651 3020 τῆς
1687 2949 1830 3021 ζωῆς

248 3034 640 3088 συντελούντων
683 3036 760 3099 ὼς
801 3038 993 3105 ἄτιμόν
1030 3055 1083 3091 τι
1112 3039 1146 3109 ἧ
1183 3039 1418 3111 πονηρὸν
1462 3041 1827 3095 διαϐάλλεται.

249 3124 386 3195 Πρὸς
412 3126 507 3180 ἕνα
538 3127 651 3199 γάρ
696 3129 894 3182 σκοπὸν
928 3132 959 3199 ἠ
991 3132 1100 3183 τῶν
1132 3133 1438 3203 ὀργανικῶν
1493 3132 1669 3203 μελῶν
1715 3135 1830 3188 δια-

248 3216 411 3286 σκευὴ
444 3220 598 3272 πᾶσα
632 3221 1007 3275 συντέτακται.
1054 3223 1112 3277 '0
1145 3224 1203 3277 δὲ
1230 3226 1431 3289 σκοπός
1469 3226 1607 3288 ἐστι,
1642 3226 1829 3297 διαμέ-

245 3327 353 3362 νειν
379 3314 435 3365 ὲν
462 3315 527 3385 τῇ
562 3312 678 3384 ζωῇ
702 3315 792 3367 τὸν
818 3314 1123 3386 ἄνθρωπον.
1158 3316 1239 3370 Τά
1280 3317 1379 3387 μὲν
1404 3314 1496 3370 οῦν
1534 3318 1693 3372 λοιπά
1722 3320 1829 3372 τῶν

244 3401 485 3473 ὀργάνων
522 3406 626 3475 τὴν
674 3404 953 3477 παροῦσαν
998 3406 1209 3477 συνέχει
1247 3407 1327 3477 τῷ
1359 3408 1633 3480 ἀνθρώπῳ
1661 3410 1825 3479 ζωὴν,
1856 3422 1900 3479 C

220 3494 377 3548 ιᾶλλα
429 3498 566 3566 πρὸς
617 3497 784 3567 ἄλλην
817 3498 1095 3568 ἐνέργειαν
1144 3500 1541 3570 μεμερισμένα,
1586 3502 1654 3554 δι’
1690 3496 1763 3555 ὧν
1796 3506 1829 3574 ή

246 3588 529 3660 αἰσθητικὴ
562 3606 622 3641 τε
651 3589 745 3642 καὶ
774 3592 806 3657 ή
840 3591 1165 3661 ὲνεργητικὴ
1191 3591 1420 3662 δύναμις
1444 3595 1830 3664 οἰκονομεῖται·

246 3680 313 3732 τὰ
338 3681 393 3734 δὲ
425 3685 723 3752 γεννητικὰ
767 3683 862 3736 τοῦ
902 3684 1183 3754 μέλλοντος
1232 3685 1344 3755 ἔχει
1397 3688 1495 3757 τὴν
1553 3690 1829 3759 πρόνοιαν,

246 3769 312 3821 δι’
342 3772 545 3824 ἑαυτῶν
576 3772 736 3841 φύσει
770 3772 869 3843 τὴν
910 3773 1158 3843 διαδοχὴν
1197 3775 1607 3844 ἀντεισάγοντα.
1639 3779 1702 3830 Εἰ
1739 3775 1832 3833 οῦν

253 3860 382 3931 πρὸς
415 3862 473 3914 τὸ
502 3862 763 3933 χρειῶδες
804 3863 1043 3933 βλέποις,
1088 3865 1231 3928 τίνος
1264 3866 1329 3918 ἂν
1363 3869 1446 3937 εἴη
1494 3868 1602 3920 τῶν
1635 3871 1832 3940 τιμίων

251 3944 385 4001 εἶναι
415 3951 789 4021 νομιζομένων
816 3954 999 4007 ἐκεῖνα
1040 3955 1298 4027 δεύτερας
1342 3958 1498 4020 Τίνος
1533 3960 1589 4012 δὲ
1633 3962 1731 4013 οὐκ
1766 3960 1832 4015 ἂν

254 4045 618 4114 προτιμότερα
642 4043 783 4096 κατά
804 4044 865 4097 τὸ
882 4045 1102 4113 εῦλογον
1125 4048 1361 4116 κρίνοιτο
1382 4065 1396 4112 ;
1420 4050 1492 4102 Οὐ
1514 4049 1620 4120 γὰρ
1644 4051 1832 4119 ὀφθαλ-

258 4133 339 4203 μῷ
378 4136 470 4188 καὶ
497 4138 658 4207 ἀκοῇ,
690 4138 784 4191 και
818 4136 1057 4211 γλώσσῃ.
1100 4138 1131 4210 ἢ
1168 4139 1312 4209 ἄλλῳ
1356 4140 1461 4193 τινὶ
1494 4141 1601 4194 τῶν
1641 4143 1834 4214 αἰσθηο

254 4224 450 4293 τηρίων
492 4227 631 4298 πρὸς
656 4227 717 4280 τὸ
753 4228 996 4299 διηνεκὲς
1026 4229 1086 4281 τὸ
1121 4230 1278 4298 γένος
1321 4232 1477 4301 ἡμῶν
1506 4232 1828 4303 διεξάγεται.

256 4317 433 4371 Ταῦτα
460 4319 586 4389 γὰρ,
618 4319 799 4383 καθὼς
828 4320 1065 4391 εἴρηται,
1092 4322 1191 4391 τῆς
1226 4324 1506 4393 παρούσης
1535 4326 1680 4378 ἐστὶν
1708 4328 1834 4380 ἀπο-

254 4408 519 4474 λαύσεως·
551 4412 666 4465 ἀλλ’
701 4414 757 4465 ὲν
788 4413 1017 4477 ἐκείνοις
1040 4416 1073 4485 ἡ
1100 4414 1369 4467 ἀθανασία
1397 4422 1743 4490 συντηρείται
1765 4424 1831 4492 τῇ

254 4502 628 4574 ἀνθρωπότητι
648 4520 659 4532 ·
700 4505 776 4568 ὡς
807 4505 892 4557 ἀεὶ
920 4505 1039 4558 καθ’
1068 4505 1226 4576 ἡμῶν
1258 4508 1585 4577 ἐνεργοῦντα
1612 4510 1704 4562 τὸν
1736 4511 1831 4564 θά-

254 4610 426 4658 νατον,
479 4596 762 4667 ἄπρακτον
815 4595 953 4650 εἶναι
1005 4597 1205 4667 τρόπον
1239 4599 1361 4651 τινὰ
1406 4600 1501 4652 καὶ
1543 4602 1828 4672 ἀνήνυτον,

254 4686 474 4739 πάντοτε
505 4689 642 4759 πρὸς
675 4690 736 4741 τὸ
762 4689 946 4741 λεῖπον
977 4688 1044 4741 δι’
1072 4690 1253 4742 αὐτῶν
1285 4692 1678 4761 ἐπιγινομένων
1703 4695 1832 4747 ἐαυ-

2416 762 2433 779 -
2463 741 2691 796 CAPUT
2732 740 2969 795 XXVIII.

1997 834 2104 890 Sed
2158 846 2399 892 nostrain
2450 837 2687 892 ludibrio
2728 838 2932 892 habent
2987 845 3265 904 naturam,
3298 846 3352 894 et
3400 853 3501 893 no-

1925 935 2100 981 strum
2148 928 2409 983 nascendi
2451 928 2676 982 modum
2728 930 2781 981 in
2826 928 3019 997 vulgus
3049 929 3283 998 jactant,
3319 931 3503 983 existi-

1928 1027 2191 1088 mantque
2229 1034 2288 1073 se
2338 1032 2402 1072 ea
2446 1019 2661 1073 ratione
2703 1019 2995 1073 ridiculum
3030 1026 3280 1075 nostrum
3322 1021 3502 1073 facere

1928 1110 2293 1180 mysterium:
2333 1118 2524 1179 utpote
2577 1109 2720 1178 quod
2767 1108 2935 1163 Deum
2988 1126 3100 1164 non
3146 1112 3355 1174 deccat,
3408 1126 3504 1181 per

1926 1204 2194 1271 ejusmodi
2256 1204 2568 1273 ingressum
2621 1204 2880 1257 devenire
2938 1203 3005 1257 ad
3067 1204 3317 1259 humanae
3380 1215 3505 1260 Vita:

1927 1295 2267 1348 societatem.
2309 1292 2415 1348 Sed
2443 1293 2556 1362 jam
2600 1293 2667 1348 de
2706 1293 2791 1348 his
2826 1293 3035 1347 dictum
3064 1304 3149 1348 est
3184 1295 3239 1348 in
3282 1296 3351 1350 iis
3382 1312 3505 1365 qua:

1926 1385 2080 1453 prius
2125 1384 2395 1449 diximus,
2422 1401 2615 1454 nempe
2659 1386 2803 1455 quod
2845 1385 3022 1440 solum
3063 1388 3257 1441 vitium
3289 1400 3375 1443 est
3404 1405 3504 1443 sua

1927 1487 2122 1529 natura
2153 1485 2330 1545 turpe,
2364 1484 2417 1531 et
2442 1478 2486 1530 si
2516 1478 2645 1547 quid
2687 1493 2813 1531 cum
2851 1478 2983 1532 vitio
3015 1478 3253 1549 aliquam
3272 1481 3505 1549 conjun-

1927 1570 2164 1623 ctionem
2193 1569 2360 1623 habet
2401 1578 2455 1624 et
2485 1570 2821 1625 aﬂinitatem.
2853 1568 3073 1624 Natum
3098 1582 3278 1628 autem
3310 1590 3505 1630 conse-

1928 1659 2152 1728 quentia
2197 1659 2289 1714 Dei
2341 1662 2621 1715 voluntate
2665 1669 2719 1715 et
2767 1662 2881 1731 lege
2909 1664 3185 1731 ordinata,
3225 1665 3343 1719 vitii
3390 1668 3501 1720 cri-

1926 1750 2217 1813 minationi
2253 1752 2411 1821 longe
2438 1755 2593 1807 abest
2619 1760 2679 1806 ut
2706 1753 2776 1809 sit
2803 1755 2999 1810 alﬁnis.
3025 1754 3181 1811 Nunc
3213 1765 3393 1812 autem
3423 1761 3504 1813 sic

1927 1857 2148 1911 quoque
2181 1842 2247 1895 ad
2280 1842 2531 1913 opiﬁcem
2573 1854 2658 1899 est
2683 1845 2926 1900 reditura
2955 1857 3167 1903 natura;
3198 1851 3500 1911 accusatio,

1929 1934 1975 1988 si
2004 1934 2303 2004 quidquam
2331 1935 2452 2004 ejus
2482 1937 2827 2006 vituperetur
2856 1948 3117 2009 tanquam
3142 1950 3298 2011 turpe
3335 1950 3389 1996 et
3422 1943 3506 1994 in-

1929 2026 2212 2080 decorum.
2243 2026 2363 2080 Jam
2412 2029 2459 2082 si
2511 2044 2539 2081 a
2596 2029 2715 2083 solo
2764 2030 2899 2084 vitio
2936 2031 3209 2093 Divinitas
3254 2048 3507 2104 separata

1928 2126 2031 2178 est,
2085 2116 2205 2170 vitii
2262 2127 2444 2170 autem
2503 2119 2652 2172 nulla
2689 2125 2870 2173 exstat
2914 2130 3131 2182 natura,
3184 2123 3503 2191 mysterium

1926 2215 2094 2269 porro
2140 2202 2262 2256 ﬁdei
2316 2213 2515 2259 nostrae
2566 2204 2736 2260 Deum
2780 2207 2914 2261 dicit
2960 2207 3014 2261 in
3047 2211 3266 2265 homine
3310 2211 3504 2274 fuisse,

1930 2312 2037 2349 non
2069 2296 2123 2349 in
2157 2297 2325 2359 vitio;
2360 2299 2403 2351 si
2437 2314 2634 2354 rursus
2664 2300 2903 2355 hominis
2933 2302 2986 2354 in
3016 2302 3182 2356 vitam
3217 2306 3507 2373 ingressus

1929 2405 2072 2443 unus
2103 2398 2207 2455 est,
2242 2406 2338 2459 per
2368 2407 2529 2461 quem
2563 2392 2616 2445 id
2652 2393 2797 2462 quod
2842 2394 3090 2450 nascitur
3136 2394 3195 2448 ﬁt
3230 2397 3354 2451 vitae
3392 2414 3510 2465 par-

1929 2481 2103 2551 ticeps
2137 2498 2506 2552 :quemnam,
2556 2501 2778 2555 quaeso,
2833 2489 3001 2542 alium
3054 2488 3161 2545 Deo
3218 2492 3273 2543 in
3339 2493 3506 2544 vitam

1930 2573 2270 2641 ingrediendi
2325 2576 2548 2630 modum
2606 2581 3006 2647 praescribunt,
3057 2583 3152 2651 qui
3213 2598 3507 2639 consenta-

1931 2675 2093 2714 neum
2134 2663 2353 2731 quidem
2382 2664 2656 2733 judicant,
2701 2676 2760 2721 ut
2791 2684 2822 2722 a
2862 2670 3045 2725 divina
3080 2673 3281 2728 virtute
3313 2675 3509 2730 visita-

1930 2761 2103 2817 retur,
2145 2768 2267 2822 quae
2312 2755 2367 2809 in
2399 2758 2533 2810 vitio
2586 2768 2884 2828 aegrotaret
2928 2765 3166 2817 natura?
3212 2766 3293 2820 eis
3325 2778 3508 2821 autem

1929 2842 2189 2914 displicet
2221 2848 2414 2903 modus
2443 2851 2802 2916 visitationis,
2828 2856 3205 2914 nescientibus
3238 2861 3381 2928 quod
3413 2876 3509 2930 par

1930 2943 2038 2997 est,
2093 2937 2238 3005 quod
2294 2939 2363 2993 ad
2413 2955 2473 2995 se
2517 2942 2712 2997 attinet
2768 2946 3025 3013 quaelibet
3076 2951 3325 3019 corporis
3370 2967 3510 3005 con-

1932 3030 2199 3095 structio;
2235 3047 2415 3101 neque
2446 3034 2503 3087 in
2550 3050 2613 3089 ea
2653 3035 2955 3107 quidquam
2999 3056 3065 3094 ex
3106 3041 3194 3107 iis,
3223 3058 3345 3112 quae
3380 3060 3513 3099 con-

1932 3117 2118 3173 ferunt
2163 3121 2229 3175 ad
2277 3124 2443 3176 vitam
2482 3127 2948 3194 constituendam,
2996 3132 3341 3203 vituperatur
3389 3145 3514 3190 tan-

1932 3226 2093 3280 quam
2143 3222 2307 3283 turpe
2345 3217 2577 3286 aliquid,
2626 3228 2679 3274 et
2723 3220 3021 3290 abjectum,
3065 3236 3120 3281 et
3171 3228 3395 3281 malum.
3427 3230 3513 3284 Ad

1932 3320 2102 3358 unum
2126 3308 2273 3361 enim
2297 3324 2525 3379 scopum
2549 3320 2633 3368 est
2655 3313 2863 3370 directa
2890 3326 2945 3372 et
2972 3319 3227 3374 ordinata
3257 3324 3513 3380 universa

1934 3396 2521 3456 instrumentariorum
2552 3406 2928 3462 membrorum
2959 3414 3313 3481 compositio.
3340 3416 3389 3469 Is
3421 3431 3517 3469 au-

1935 3496 2041 3541 tem
2088 3505 2296 3561 scopus
2331 3502 2437 3560 est,
2494 3506 2555 3549 ut
2594 3496 2757 3554 homo
2805 3499 2859 3554 in
2901 3503 3007 3555 vita
3064 3512 3299 3561 maneat.
3336 3507 3515 3577 Atque

1933 3590 2130 3635 caatera
2158 3584 2378 3652 quidem
2413 3588 2660 3642 membra
2695 3590 2751 3645 in
2787 3595 3045 3661 praesenti
3090 3595 3199 3650 vita
3232 3598 3512 3654 hominem

1933 3676 2241 3741 continent,
2272 3678 2378 3731 alia
2416 3680 2509 3733 alii
2558 3681 2859 3739 distributa
2891 3688 3226 3754 operationi,
3260 3706 3356 3760 per
3389 3707 3516 3761 quae

1933 3767 2356 3824 administratur
2399 3772 2636 3828 facultas
2682 3779 2957 3833 sentiendi
2993 3788 3049 3834 et
3093 3784 3390 3851 operandi;
3427 3802 3517 3855 ge-

1935 3859 2125 3912 nitalia
2158 3872 2339 3916 autem
2384 3880 2574 3919 curam
2612 3878 2809 3937 gerunt
2841 3868 3035 3935 futuri,
3080 3879 3141 3927 ut
3177 3889 3297 3942 quae
3330 3891 3425 3943 per
3455 3892 3516 3933 se

1936 3954 2248 4008 mortalium
2295 3957 2459 4011 aliam
2495 3959 2762 4016 inducant
2806 3968 3235 4020 successionem.
3289 3968 3346 4022 Si
3380 3985 3515 4040 ergo

1935 4042 2173 4110 aspicias
2229 4045 2298 4099 ad
2347 4046 2400 4099 id
2432 4048 2581 4117 quod
2633 4058 2719 4105 est
2762 4053 2916 4116 utile,
2949 4054 3167 4108 cuinam
3204 4069 3368 4111 erunt
3420 4058 3515 4115 illa

1936 4135 2179 4188 secunda
2218 4151 2283 4190 ex
2332 4136 2402 4192 iis
2442 4154 2565 4208 quae
2597 4141 2987 4197 existimantur
3020 4147 3337 4213 praestantia
3388 4164 3514 4202 esse

1934 4234 1989 4279 et
2021 4226 2403 4282 honorabilia?
2433 4229 2661 4284 Cuinam
2696 4241 2877 4288 autem
2915 4250 3045 4299 non,
3081 4243 3140 4289 ut
3168 4245 3253 4292 est
3282 4254 3515 4295 consen-

1936 4324 2186 4380 taneum,
2243 4332 2373 4375 sunt
2414 4323 2850 4378 excellentiora?
2894 4324 3012 4380 Non
3054 4328 3202 4382 enim
3249 4331 3413 4384 oculo
3461 4341 3515 4385 et

1936 4411 2185 4476 auribus,
2235 4419 2289 4466 et
2342 4413 2548 4484 lingua,
2598 4426 2694 4469 aut
2724 4417 2912 4486 aliquo
2951 4419 3060 4473 alio
3112 4435 3373 4475 sensuum
3431 4424 3514 4476 in-

1935 4511 2243 4558 strumento
2273 4504 2341 4558 ad
2373 4508 2794 4577 perpetuitatem
2839 4518 3088 4565 nostrum
3118 4528 3293 4584 genus
3324 4516 3515 4570 tradu-

1936 4596 2099 4648 citur.
2156 4595 2231 4648 Ea
2289 4597 2461 4662 enim,
2514 4606 2573 4651 ut
2621 4599 2830 4652 dictum
2876 4613 2982 4664 est,
3040 4611 3171 4657 sunt
3223 4608 3512 4673 praesentis

1936 4701 2073 4740 usus
2102 4704 2116 4740 :
2146 4686 2241 4740 scd
2270 4686 2325 4739 in
2360 4686 2469 4741 illis
2508 4688 2896 4745 immortalitas
2925 4701 3285 4758 conservatur
3319 4694 3515 4747 huma-

254 4775 345 4849 τὴν
386 4780 887 4850 ἀντεισαγαγούσης
940 4781 1038 4850 τῆς
1083 4781 1316 4851 φύσεως.
1348 4782 1413 4834 Τί
1443 4780 1536 4836 οὖν
1577 4785 1824 4854 ἀπρεπὲς

1930 4778 2087 4832 nitati
2135 4778 2384 4847 :quippe
2433 4793 2554 4848 quae
2616 4778 2846 4843 faciant,
2906 4790 2967 4834 ut
3013 4796 3161 4837 mors
3217 4783 3509 4838 adversum

255 4871 486 4941 περιέχει
538 4872 695 4942 ἡμῶν
746 4873 805 4925 τὸ
848 4874 1182 4943 μυστήριον,
1234 4874 1283 4925 εί
1332 4873 1420 4927 διὰ
1459 4875 1662 4929 τούτων
1694 4895 1823 4929 κάτω

258 4960 441 5033 εμίχθη
472 4965 500 5016 ό
524 4965 655 5027 Θεὸς
672 4963 747 5033 τῷ
772 4964 1097 5036 ἀνθρωπίνῳ
1120 4965 1219 5035 βίῳ
1244 4964 1311 5017 δι’
1341 4960 1415 5018 ὧν
1446 4968 1478 5037 ἡ
1501 4967 1660 5036 φύσις
1691 4970 1826 5040 πρὸς

255 5049 339 5101 τὸν
370 5050 596 5107 θάνατον
624 5055 856 5124 μάχεται
871 5071 886 5120 ;

257 5156 359 5195 ιιοιι
406 5150 584 5205 decet,
628 5154 881 5200 nostrum
923 5146 1171 5200 continet
1208 5148 1554 5221 mysterium,
1605 5148 1652 5201 si
1702 5149 1825 5202 vitae
1864 5147 2119 5202 humana:
2161 5149 2306 5202 Deus
2337 5162 2431 5217 per
2458 5162 2521 5201 ea
2569 5144 2766 5203 mistus
2813 5162 2917 5216 εει,

260 5252 291 5305 p
314 5247 452 5305 :gnat
480 5254 605 5291 cum
642 5236 858 5291 morte?

822 5327 1072 5382 ΚΕΦΛΛ.
1114 5328 1243 5385 ΚΘ.

334 5422 491 5475 Ἀλλά
527 5422 861 5492 μεταϐάντες
913 5420 1021 5473 ἀπὸ
1068 5420 1279 5484 τούτου,
1310 5420 1375 5474 δι’
1415 5422 1617 5492 ἐτέρων
1661 5423 1822 5477 πάλιν

260 5512 489 5577 κακίζειν
522 5514 857 5584 ἐπιχειροῦσι
891 5513 980 5567 τὸν
1014 5513 1185 5581 λόγον.
1218 5515 1324 5566 Καί
1364 5527 1545 5583 φασιν·
1573 5517 1636 5569 Εἰ
1659 5515 1822 5568 καλὸν

262 5604 348 5655 καὶ
376 5604 580 5674 πρέπον
620 5603 697 5673 τῷ
726 5602 845 5673 Θεῷ
872 5602 934 5655 τὸ
957 5604 1268 5673 γενόμενον,
1298 5604 1351 5656 τί
1397 5604 1684 5657 ἀνεϐάλετο
1723 5604 1821 5675 τὴν

263 5694 601 5763 εὐεργεσίανς
638 5696 703 5749 Τί
741 5696 797 5749 δὲ
830 5696 929 5749 οὐκ
960 5697 1017 5748 ἐν
1046 5697 1242 5766 ἀρχαῖς
1270 5697 1435 5766 οὔσης
1470 5697 1568 5766 τῆς
1602 5696 1819 5758 κακίας,

266 5787 356 5854 τὴν
384 5789 470 5841 ἐπὶ
494 5790 552 5843 τὸ
593 5790 776 5843 πλεῖον
800 5789 972 5859 αὐτῆς
1012 5789 1233 5859 πρόοδον
1276 5788 1635 5856 ὑπετέμνετο;
1679 5788 1821 5857 Πρὸς

264 5876 318 5929 δὲ
346 5878 494 5933 τοῦτο
531 5881 789 5951 σύντομος
812 5882 840 5933 ὁ
871 5881 1002 5949 παρ’
1027 5879 1184 5948 ἡμῶν
1213 5882 1327 5933 ἐστι
1347 5880 1521 5947 λόγος,
1554 5879 1632 5931 ὅτι
1661 5878 1821 5946 0937‘?-

575 5977 851 6035 PATRUL.
890 5974 932 6033 (ἱ
948 5995 1013 6038 ιιι.
1048 5974 1231 6033 XLV.

1935 4885 2035 4923 nos
2060 4869 2218 4924 irrita
2244 4870 2653 4940 quodammodo
2685 4889 2931 4944 vanaque
2968 4874 3062 4938 sit,
3094 4884 3288 4930 natura
3322 4878 3514 4932 videli-

1933 4971 2020 5015 cet
2051 4963 2286 5032 seipsam
2326 4977 2423 5031 per
2450 4977 2515 5016 ea
2577 4978 2700 5032 quae
2734 4966 3009 5047 oriuntur,
3046 4967 3114 5021 ad
3156 4971 3515 5039 supplemen-

1941 5064 2057 5109 tum
2092 5057 2212 5124 ejus
2249 5057 2394 5126 quod
2436 5056 2619 5111 deﬁcit
2646 5057 2994 5113 obtrudentc.
3024 5059 3163 5125 Quid
3205 5078 3336 5133 ergo
3367 5068 3513 5133 quoil

2995 5166 3092 5220 per
3150 5167 3273 5223 quae
3318 5165 3514 5208 natura

2475 5326 2707 5383 CAPUT
2760 5327 2955 5385 XXIX.

2000 5419 2102 5475 Sed
2137 5420 2203 5473 ad
2231 5418 2334 5473 hoc
2364 5426 2731 5482 transeuntes,
2767 5434 2861 5488 per
2894 5418 3001 5474 alia
3044 5434 3237 5476 rursus
3291 5437 3353 5475 ea
3396 5438 3516 5491 qua:

1927 5513 2162 5567 dicimus
2190 5520 2457 5564 conantur
2492 5510 2823 5580 vituperare.
2847 5508 3045 5564 Dicunt
3060 5511 3239 5565 enim:
3274 5511 3332 5565 Si
3365 5514 3512 5580 quod

1928 5607 2131 5659 factum
2167 5611 2272 5666 est,
2321 5603 2610 5657 honestum
2658 5610 2777 5658 erat
2818 5611 2873 5656 et
2920 5602 3085 5657 Deum
3133 5602 3380 5666 decebat,
3413 5618 3516 5658 cur

1929 5693 2141 5749 distulit
2168 5692 2516 5748 beneﬁcium?
2530 5691 2641 5747 Cur
2669 5702 2873 5757 autem,
2905 5708 3029 5746 cum
3058 5701 3205 5749 esset
3234 5694 3421 5748 vitium
3455 5694 3513 5747 in

1927 5784 2220 5853 principio,
2254 5784 2373 5853 ejus
2424 5784 2489 5837 ad
2537 5784 2800 5839 ulteriora
2848 5800 3197 5854 progressum
3254 5801 3362 5840 non
3391 5801 3511 5839 am-

1926 5876 2173 5945 putavit?
2199 5875 2278 5929 Ad
2312 5877 2413 5931 hoc
2438 5884 2617 5929 autem
2651 5878 2831 5933 brevis
2854 5889 2936 5934 est
2962 5895 3080 5948 qua:
3105 5895 3131 5930 a
3167 5880 3322 5937 nobis
3352 5879 3516 5935 allen-

3128 5971 3168 6026 3
