  <div class='ocr_page' id='page_1' title='image "/cluster/home/n/w/nwhite01/storage/ocr_20150623/45/nnc1.0046978445/047.png"; bbox 0 0 4066 6374; ppageno 0'>
   <div class='ocr_carea' id='block_1_1' title="bbox 539 383 3801 447">
    <p class='ocr_par' dir='ltr' id='par_1_1' title="bbox 539 383 3801 447">
     <span class='ocr_line' id='line_1_1' title="bbox 539 383 3801 447; baseline -0.002 -2"><span class='ocrx_word' id='word_1_1' title='bbox 539 392 613 447; x_wconf 68' lang='lat'><strong>75</strong></span> <span class='ocrx_word' id='word_1_2' title='bbox 1788 388 1845 442; x_wconf 91' lang='lat' dir='ltr'><strong>S.</strong></span> <span class='ocrx_word' id='word_1_3' title='bbox 1876 386 2199 442; x_wconf 72' lang='lat' dir='ltr'><strong>GllEGORll</strong></span> <span class='ocrx_word' id='word_1_4' title='bbox 2222 383 2516 439; x_wconf 72' lang='lat' dir='ltr'><strong>NYSSENI</strong></span> <span class='ocrx_word' id='word_1_5' title='bbox 3737 387 3801 442; x_wconf 67' lang='lat'><strong>76</strong></span> 
     </span>
    </p>
   </div>
   <div class='ocr_carea' id='block_1_2' title="bbox 547 495 2135 575">
    <p class='ocr_par' dir='ltr' id='par_1_2' title="bbox 547 504 2128 575">
     <span class='ocr_line' id='line_1_2' title="bbox 547 504 2128 575; baseline -0.003 -15"><span class='ocrx_word' id='word_1_6' title='bbox 547 516 638 562; x_wconf 90' lang='lat' dir='ltr'><strong>tur</strong></span> <span class='ocrx_word' id='word_1_7' title='bbox 664 506 858 570; x_wconf 77' lang='lat' dir='ltr'><strong>oratio,</strong></span> <span class='ocrx_word' id='word_1_8' title='bbox 888 520 1078 575; x_wconf 87' lang='lat' dir='ltr'><strong>nempe</strong></span> <span class='ocrx_word' id='word_1_9' title='bbox 1106 505 1248 575; x_wconf 89' lang='lat' dir='ltr'><strong>quod</strong></span> <span class='ocrx_word' id='word_1_10' title='bbox 1269 520 1362 575; x_wconf 90' lang='lat' dir='ltr'><strong>per</strong></span> <span class='ocrx_word' id='word_1_11' title='bbox 1395 505 1740 574; x_wconf 77' lang='lat' dir='ltr'><strong>sapientiam,</strong></span> <span class='ocrx_word' id='word_1_12' title='bbox 1767 513 1819 558; x_wconf 91' lang='lat' dir='ltr'><strong>et</strong></span> <span class='ocrx_word' id='word_1_13' title='bbox 1843 505 1963 572; x_wconf 84' lang='lat' dir='ltr'><strong>ejus</strong></span> <span class='ocrx_word' id='word_1_14' title='bbox 1985 504 2128 572; x_wconf 89' lang='lat' dir='ltr'><strong>quod</strong></span> 
     </span>
    </p>
   </div>
   <div class='ocr_carea' id='block_1_3' title="bbox 2241 495 3804 575">
    <p class='ocr_par' dir='ltr' id='par_1_3' title="bbox 2241 495 3804 569">
     <span class='ocr_line' id='line_1_3' title="bbox 2241 495 3804 569; baseline -0.003 -16"><span class='ocrx_word' id='word_1_15' title='bbox 2241 502 2441 569; x_wconf 85' lang='grc' dir='ltr'>γέγονε,</span> <span class='ocrx_word' id='word_1_16' title='bbox 2469 498 2564 551; x_wconf 74' lang='grc' dir='ltr'><strong>καὶ</strong></span> <span class='ocrx_word' id='word_1_17' title='bbox 2594 496 2689 549; x_wconf 77' lang='grc' dir='ltr'>τοῦ</span> <span class='ocrx_word' id='word_1_18' title='bbox 2721 495 3119 559; x_wconf 76' lang='grc' dir='ltr'><strong>λυσιτελοῦντος</strong></span> <span class='ocrx_word' id='word_1_19' title='bbox 3142 499 3206 566; x_wconf 81' lang='grc' dir='ltr'>τῇ</span> <span class='ocrx_word' id='word_1_20' title='bbox 3245 497 3400 564; x_wconf 79' lang='grc' dir='ltr'>φύσει</span> <span class='ocrx_word' id='word_1_21' title='bbox 3433 497 3735 567; x_wconf 58' lang='grc' dir='ltr'>προμηθείᾳ</span> <span class='ocrx_word' id='word_1_22' title='bbox 3766 501 3804 569; x_wconf 73' lang='grc' dir='ltr'><strong>ἡ</strong></span> 
     </span>
    </p>
   </div>
   <div class='ocr_carea' id='block_1_4' title="bbox 547 592 2123 661">
    <p class='ocr_par' dir='ltr' id='par_1_4' title="bbox 547 592 2123 661">
     <span class='ocr_line' id='line_1_4' title="bbox 547 592 2123 661; baseline -0.005 -11"><span class='ocrx_word' id='word_1_23' title='bbox 547 603 749 650; x_wconf 69' lang='lat' dir='ltr'><strong>nostra}</strong></span> <span class='ocrx_word' id='word_1_24' title='bbox 803 604 1008 647; x_wconf 75' lang='lat' dir='ltr'><strong>natura:</strong></span> <span class='ocrx_word' id='word_1_25' title='bbox 1049 594 1307 648; x_wconf 75' lang='lat' dir='ltr'><strong>conducit</strong></span> <span class='ocrx_word' id='word_1_26' title='bbox 1351 609 1541 646; x_wconf 86' lang='lat' dir='ltr'><strong>curam</strong></span> <span class='ocrx_word' id='word_1_27' title='bbox 1591 606 1657 647; x_wconf 85' lang='lat' dir='ltr'><strong>ac</strong></span> <span class='ocrx_word' id='word_1_28' title='bbox 1703 592 2123 661; x_wconf 74' lang='lat' dir='ltr'><strong>providentiam,</strong></span> 
     </span>
    </p>
   </div>
   <div class='ocr_carea' id='block_1_5' title="bbox 545 679 2124 739">
    <p class='ocr_par' dir='ltr' id='par_1_5' title="bbox 545 679 2124 739">
     <span class='ocr_line' id='line_1_5' title="bbox 545 679 2124 739; baseline -0.004 0"><span class='ocrx_word' id='word_1_29' title='bbox 545 683 796 739; x_wconf 83' lang='lat' dir='ltr'><strong>beneficii</strong></span> <span class='ocrx_word' id='word_1_30' title='bbox 849 686 901 735; x_wconf 89' lang='lat' dir='ltr'><strong>in</strong></span> <span class='ocrx_word' id='word_1_31' title='bbox 955 697 1056 735; x_wconf 90' lang='lat' dir='ltr'><strong>nos</strong></span> <span class='ocrx_word' id='word_1_32' title='bbox 1107 683 1289 736; x_wconf 90' lang='lat' dir='ltr'><strong>collati</strong></span> <span class='ocrx_word' id='word_1_33' title='bbox 1326 681 1468 735; x_wconf 83' lang='lat' dir='ltr'><strong>facta</strong></span> <span class='ocrx_word' id='word_1_34' title='bbox 1512 680 1615 734; x_wconf 88' lang='lat' dir='ltr'><strong>fuit</strong></span> <span class='ocrx_word' id='word_1_35' title='bbox 1659 681 1870 735; x_wconf 91' lang='lat' dir='ltr'><strong>dilatio.</strong></span> <span class='ocrx_word' id='word_1_36' title='bbox 1894 679 2030 733; x_wconf 89' lang='lat' dir='ltr'><strong>Nam</strong></span> <span class='ocrx_word' id='word_1_37' title='bbox 2071 681 2124 733; x_wconf 90' lang='lat' dir='ltr'><strong>in</strong></span> 
     </span>
    </p>
   </div>
   <div class='ocr_carea' id='block_1_6' title="bbox 450 772 2126 844">
    <p class='ocr_par' dir='ltr' id='par_1_6' title="bbox 450 772 2126 844">
     <span class='ocr_line' id='line_1_6' title="bbox 450 772 2126 844; baseline -0.005 -12"><span class='ocrx_word' id='word_1_38' title='bbox 450 789 459 799; x_wconf 92' lang='lat'>&#39;</span> <span class='ocrx_word' id='word_1_39' title='bbox 546 775 754 831; x_wconf 87' lang='lat' dir='ltr'><strong>morbis</strong></span> <span class='ocrx_word' id='word_1_40' title='bbox 789 774 1165 844; x_wconf 87' lang='lat' dir='ltr'><strong>corporalibus</strong></span> <span class='ocrx_word' id='word_1_41' title='bbox 1201 772 1418 842; x_wconf 88' lang='lat' dir='ltr'><strong>quando</strong></span> <span class='ocrx_word' id='word_1_42' title='bbox 1467 772 1664 840; x_wconf 78' lang='lat' dir='ltr'><strong>aliquis</strong></span> <span class='ocrx_word' id='word_1_43' title='bbox 1698 773 1894 824; x_wconf 85' lang='lat' dir='ltr'><strong>humor</strong></span> <span class='ocrx_word' id='word_1_44' title='bbox 1929 785 2126 840; x_wconf 92' lang='lat' dir='ltr'><strong>pravus</strong></span> 
     </span>
    </p>
   </div>
   <div class='ocr_carea' id='block_1_7' title="bbox 545 863 2128 936">
    <p class='ocr_par' dir='ltr' id='par_1_7' title="bbox 545 863 2128 936">
     <span class='ocr_line' id='line_1_7' title="bbox 545 863 2128 936; baseline -0.006 -14"><span class='ocrx_word' id='word_1_45' title='bbox 545 875 601 922; x_wconf 89' lang='lat' dir='ltr'><strong>et</strong></span> <span class='ocrx_word' id='word_1_46' title='bbox 629 874 921 936; x_wconf 88' lang='lat' dir='ltr'><strong>corruptus</strong></span> <span class='ocrx_word' id='word_1_47' title='bbox 953 865 1145 934; x_wconf 87' lang='lat' dir='ltr'><strong>irrepit</strong></span> <span class='ocrx_word' id='word_1_48' title='bbox 1172 865 1236 916; x_wconf 89' lang='lat' dir='ltr'><strong>ad</strong></span> <span class='ocrx_word' id='word_1_49' title='bbox 1270 880 1464 933; x_wconf 83' lang='lat' dir='ltr'><strong>poros;</strong></span> <span class='ocrx_word' id='word_1_50' title='bbox 1499 863 1819 933; x_wconf 84' lang='lat' dir='ltr'><strong>priusquam</strong></span> <span class='ocrx_word' id='word_1_51' title='bbox 1847 863 1902 914; x_wconf 90' lang='lat' dir='ltr'><strong>in</strong></span> <span class='ocrx_word' id='word_1_52' title='bbox 1940 876 2128 929; x_wconf 88' lang='lat' dir='ltr'><strong>super-</strong></span> 
     </span>
    </p>
   </div>
   <div class='ocr_carea' id='block_1_8' title="bbox 547 955 2124 1029">
    <p class='ocr_par' dir='ltr' id='par_1_8' title="bbox 547 955 2124 1029">
     <span class='ocr_line' id='line_1_8' title="bbox 547 955 2124 1029; baseline -0.008 -15"><span class='ocrx_word' id='word_1_53' title='bbox 547 960 671 1014; x_wconf 85' lang='lat' dir='ltr'><strong>ficie</strong></span> <span class='ocrx_word' id='word_1_54' title='bbox 715 965 959 1029; x_wconf 86' lang='lat' dir='ltr'><strong>apertum</strong></span> <span class='ocrx_word' id='word_1_55' title='bbox 1003 956 1165 1010; x_wconf 83' lang='lat' dir='ltr'><strong>fuerit</strong></span> <span class='ocrx_word' id='word_1_56' title='bbox 1204 955 1466 1026; x_wconf 87' lang='lat' dir='ltr'><strong>quidquid</strong></span> <span class='ocrx_word' id='word_1_57' title='bbox 1508 961 1592 1008; x_wconf 91' lang='lat' dir='ltr'><strong>est</strong></span> <span class='ocrx_word' id='word_1_58' title='bbox 1626 964 1820 1022; x_wconf 57' lang='lat' dir='ltr'><strong>praeter</strong></span> <span class='ocrx_word' id='word_1_59' title='bbox 1854 961 2124 1014; x_wconf 90' lang='lat' dir='ltr'><strong>naturam,</strong></span> 
     </span>
    </p>
   </div>
   <div class='ocr_carea' id='block_1_9' title="bbox 549 1044 2126 1121">
    <p class='ocr_par' dir='ltr' id='par_1_9' title="bbox 549 1044 2126 1121">
     <span class='ocr_line' id='line_1_9' title="bbox 549 1044 2126 1121; baseline -0.008 -16"><span class='ocrx_word' id='word_1_60' title='bbox 549 1051 764 1121; x_wconf 83' lang='lat' dir='ltr'><strong>corpori</strong></span> <span class='ocrx_word' id='word_1_61' title='bbox 814 1049 1206 1103; x_wconf 89' lang='lat' dir='ltr'><strong>condensanlia</strong></span> <span class='ocrx_word' id='word_1_62' title='bbox 1243 1063 1348 1100; x_wconf 92' lang='lat' dir='ltr'><strong>non</strong></span> <span class='ocrx_word' id='word_1_63' title='bbox 1391 1047 1652 1100; x_wconf 80' lang='lat' dir='ltr'><strong>adhibent</strong></span> <span class='ocrx_word' id='word_1_64' title='bbox 1712 1044 2126 1102; x_wconf 87' lang='lat' dir='ltr'><strong>medicamenta,</strong></span> 
     </span>
    </p>
   </div>
   <div class='ocr_carea' id='block_1_10' title="bbox 551 1134 2130 1212">
    <p class='ocr_par' dir='ltr' id='par_1_10' title="bbox 551 1134 2130 1212">
     <span class='ocr_line' id='line_1_10' title="bbox 551 1134 2130 1212; baseline -0.006 -16"><span class='ocrx_word' id='word_1_65' title='bbox 551 1145 585 1197; x_wconf 88' lang='lat' dir='ltr'><strong>ii</strong></span> <span class='ocrx_word' id='word_1_66' title='bbox 621 1144 709 1212; x_wconf 89' lang='lat' dir='ltr'><strong>qui</strong></span> <span class='ocrx_word' id='word_1_67' title='bbox 743 1142 990 1197; x_wconf 85' lang='lat' dir='ltr'><strong>medendi</strong></span> <span class='ocrx_word' id='word_1_68' title='bbox 1025 1140 1231 1193; x_wconf 86' lang='lat' dir='ltr'><strong>morbis</strong></span> <span class='ocrx_word' id='word_1_69' title='bbox 1279 1147 1450 1190; x_wconf 82' lang='lat' dir='ltr'><strong>artem</strong></span> <span class='ocrx_word' id='word_1_70' title='bbox 1487 1137 1813 1206; x_wconf 86' lang='lat' dir='ltr'><strong>profitentur</strong></span> <span class='ocrx_word' id='word_1_71' title='bbox 1852 1151 1866 1187; x_wconf 89' lang='lat'><strong>:</strong></span> <span class='ocrx_word' id='word_1_72' title='bbox 1901 1134 1996 1189; x_wconf 88' lang='lat' dir='ltr'><strong>sed</strong></span> <span class='ocrx_word' id='word_1_73' title='bbox 2036 1150 2130 1187; x_wconf 83' lang='lat' dir='ltr'><strong>ex-</strong></span> 
     </span>
    </p>
   </div>
   <div class='ocr_carea' id='block_1_11' title="bbox 552 1228 2129 1303">
    <p class='ocr_par' dir='ltr' id='par_1_11' title="bbox 552 1228 2129 1303">
     <span class='ocr_line' id='line_1_11' title="bbox 552 1228 2129 1303; baseline -0.004 -16"><span class='ocrx_word' id='word_1_74' title='bbox 552 1242 802 1303; x_wconf 80' lang='lat' dir='ltr'><strong>spectant</strong></span> <span class='ocrx_word' id='word_1_75' title='bbox 824 1234 996 1286; x_wconf 88' lang='lat' dir='ltr'><strong>donec</strong></span> <span class='ocrx_word' id='word_1_76' title='bbox 1031 1241 1182 1284; x_wconf 72' lang='lat' dir='ltr'><strong>extra</strong></span> <span class='ocrx_word' id='word_1_77' title='bbox 1216 1230 1478 1299; x_wconf 76' lang='lat' dir='ltr'><strong>prodierit</strong></span> <span class='ocrx_word' id='word_1_78' title='bbox 1502 1228 1763 1298; x_wconf 83' lang='lat' dir='ltr'><strong>quidquid</strong></span> <span class='ocrx_word' id='word_1_79' title='bbox 1801 1228 2129 1280; x_wconf 79' lang='lat' dir='ltr'><strong>intrinsecus</strong></span> 
     </span>
    </p>
   </div>
   <div class='ocr_carea' id='block_1_12' title="bbox 549 1316 2132 1378">
    <p class='ocr_par' dir='ltr' id='par_1_12' title="bbox 549 1316 2132 1378">
     <span class='ocr_line' id='line_1_12' title="bbox 549 1316 2132 1378; baseline -0.007 0"><span class='ocrx_word' id='word_1_80' title='bbox 549 1341 606 1378; x_wconf 90' lang='grc' dir='ltr'><strong>ιιι</strong></span> <span class='ocrx_word' id='word_1_81' title='bbox 646 1325 755 1378; x_wconf 92' lang='lat' dir='ltr'><strong>imo</strong></span> <span class='ocrx_word' id='word_1_82' title='bbox 784 1321 1091 1376; x_wconf 82' lang='lat' dir='ltr'><strong>delitescit:</strong></span> <span class='ocrx_word' id='word_1_83' title='bbox 1132 1321 1202 1373; x_wconf 84' lang='lat' dir='ltr'><strong>ita</strong></span> <span class='ocrx_word' id='word_1_84' title='bbox 1239 1317 1699 1372; x_wconf 67' lang='lat' dir='ltr'><strong>nudm&#39;aﬂ‘ectioni</strong></span> <span class='ocrx_word' id='word_1_85' title='bbox 1733 1316 1991 1369; x_wconf 82' lang='lat' dir='ltr'><strong>adhibent</strong></span> <span class='ocrx_word' id='word_1_86' title='bbox 2019 1330 2132 1367; x_wconf 91' lang='lat' dir='ltr'><strong>me-</strong></span> 
     </span>
    </p>
   </div>
   <div class='ocr_carea' id='block_1_13' title="bbox 550 1408 2132 1482">
    <p class='ocr_par' dir='ltr' id='par_1_13' title="bbox 550 1408 2132 1482">
     <span class='ocr_line' id='line_1_13' title="bbox 550 1408 2132 1482; baseline -0.006 -14"><span class='ocrx_word' id='word_1_87' title='bbox 550 1415 809 1469; x_wconf 88' lang='lat' dir='ltr'><strong>dicinam.</strong></span> <span class='ocrx_word' id='word_1_88' title='bbox 840 1413 1136 1482; x_wconf 87' lang='lat' dir='ltr'><strong>Postquam</strong></span> <span class='ocrx_word' id='word_1_89' title='bbox 1167 1427 1296 1481; x_wconf 71' lang='lat' dir='ltr'><strong>ergo</strong></span> <span class='ocrx_word' id='word_1_90' title='bbox 1323 1411 1575 1463; x_wconf 73' lang='lat' dir='ltr'><strong>humana:</strong></span> <span class='ocrx_word' id='word_1_91' title='bbox 1610 1418 1816 1462; x_wconf 74' lang='lat' dir='ltr'><strong>naturae</strong></span> <span class='ocrx_word' id='word_1_92' title='bbox 1849 1408 2017 1462; x_wconf 84' lang='lat' dir='ltr'><strong>semel</strong></span> <span class='ocrx_word' id='word_1_93' title='bbox 2047 1408 2132 1460; x_wconf 83' lang='lat' dir='ltr'><strong>in-</strong></span> 
     </span>
    </p>
   </div>
   <div class='ocr_carea' id='block_1_14' title="bbox 552 1497 2123 1570">
    <p class='ocr_par' dir='ltr' id='par_1_14' title="bbox 552 1497 2123 1570">
     <span class='ocr_line' id='line_1_14' title="bbox 552 1497 2123 1570; baseline -0.005 -12"><span class='ocrx_word' id='word_1_94' title='bbox 552 1506 742 1560; x_wconf 83' lang='lat' dir='ltr'><strong>cubuit</strong></span> <span class='ocrx_word' id='word_1_95' title='bbox 779 1505 1002 1558; x_wconf 89' lang='lat' dir='ltr'><strong>morbus</strong></span> <span class='ocrx_word' id='word_1_96' title='bbox 1036 1503 1173 1567; x_wconf 87' lang='lat' dir='ltr'><strong>vitii,</strong></span> <span class='ocrx_word' id='word_1_97' title='bbox 1206 1502 1543 1570; x_wconf 83' lang='lat' dir='ltr'><strong>exspectavit</strong></span> <span class='ocrx_word' id='word_1_98' title='bbox 1572 1498 1818 1553; x_wconf 89' lang='lat' dir='ltr'><strong>medicus</strong></span> <span class='ocrx_word' id='word_1_99' title='bbox 1851 1497 2123 1552; x_wconf 87' lang='lat' dir='ltr'><strong>universi-</strong></span> 
     </span>
    </p>
   </div>
   <div class='ocr_carea' id='block_1_15' title="bbox 553 1590 2132 1664">
    <p class='ocr_par' dir='ltr' id='par_1_15' title="bbox 553 1590 2132 1664">
     <span class='ocr_line' id='line_1_15' title="bbox 553 1590 2132 1664; baseline -0.006 -11"><span class='ocrx_word' id='word_1_100' title='bbox 553 1601 702 1661; x_wconf 81' lang='lat' dir='ltr'><strong>tatis,</strong></span> <span class='ocrx_word' id='word_1_101' title='bbox 734 1608 792 1651; x_wconf 92' lang='lat' dir='ltr'><strong>ut</strong></span> <span class='ocrx_word' id='word_1_102' title='bbox 824 1597 1030 1650; x_wconf 83' lang='lat' dir='ltr'><strong>nullum</strong></span> <span class='ocrx_word' id='word_1_103' title='bbox 1062 1603 1210 1651; x_wconf 84' lang='lat' dir='ltr'><strong>esset</strong></span> <span class='ocrx_word' id='word_1_104' title='bbox 1252 1595 1521 1664; x_wconf 88' lang='lat' dir='ltr'><strong>reliquum</strong></span> <span class='ocrx_word' id='word_1_105' title='bbox 1549 1607 1722 1663; x_wconf 80' lang='lat' dir='ltr'><strong>genus</strong></span> <span class='ocrx_word' id='word_1_106' title='bbox 1749 1592 1869 1646; x_wconf 88' lang='lat' dir='ltr'><strong>vitii</strong></span> <span class='ocrx_word' id='word_1_107' title='bbox 1903 1590 2132 1644; x_wconf 91' lang='lat' dir='ltr'><strong>immisti</strong></span> 
     </span>
    </p>
   </div>
   <div class='ocr_carea' id='block_1_16' title="bbox 553 1683 2133 1758">
    <p class='ocr_par' dir='ltr' id='par_1_16' title="bbox 553 1683 2133 1758">
     <span class='ocr_line' id='line_1_16' title="bbox 553 1683 2133 1758; baseline -0.006 -14"><span class='ocrx_word' id='word_1_108' title='bbox 553 1701 782 1744; x_wconf 59' lang='lat' dir='ltr'><strong>natura}.</strong></span> <span class='ocrx_word' id='word_1_109' title='bbox 819 1687 1113 1758; x_wconf 82' lang='lat' dir='ltr'><strong>Propterea</strong></span> <span class='ocrx_word' id='word_1_110' title='bbox 1152 1700 1261 1739; x_wconf 91' lang='lat' dir='ltr'><strong>non</strong></span> <span class='ocrx_word' id='word_1_111' title='bbox 1290 1685 1475 1740; x_wconf 82' lang='lat' dir='ltr'><strong>statim</strong></span> <span class='ocrx_word' id='word_1_112' title='bbox 1507 1692 1631 1753; x_wconf 90' lang='lat' dir='ltr'><strong>post</strong></span> <span class='ocrx_word' id='word_1_113' title='bbox 1676 1683 1956 1746; x_wconf 83' lang='lat' dir='ltr'><strong>invidiam,</strong></span> <span class='ocrx_word' id='word_1_114' title='bbox 1990 1689 2045 1736; x_wconf 88' lang='lat' dir='ltr'><strong>et</strong></span> <span class='ocrx_word' id='word_1_115' title='bbox 2101 1696 2133 1735; x_wconf 88' lang='lat' dir='ltr'><strong>a</strong></span> 
     </span>
    </p>
   </div>
   <div class='ocr_carea' id='block_1_17' title="bbox 553 1771 2130 1836">
    <p class='ocr_par' dir='ltr' id='par_1_17' title="bbox 553 1771 2130 1836">
     <span class='ocr_line' id='line_1_17' title="bbox 553 1771 2130 1836; baseline -0.008 0"><span class='ocrx_word' id='word_1_116' title='bbox 553 1783 687 1836; x_wconf 78' lang='lat' dir='ltr'><strong>Cain</strong></span> <span class='ocrx_word' id='word_1_117' title='bbox 718 1779 916 1833; x_wconf 84' lang='lat' dir='ltr'><strong>factam</strong></span> <span class='ocrx_word' id='word_1_118' title='bbox 953 1777 1141 1833; x_wconf 80' lang='lat' dir='ltr'><strong>fratris</strong></span> <span class='ocrx_word' id='word_1_119' title='bbox 1166 1776 1368 1831; x_wconf 84' lang='lat' dir='ltr'><strong>caedem</strong></span> <span class='ocrx_word' id='word_1_120' title='bbox 1400 1775 1606 1830; x_wconf 89' lang='lat' dir='ltr'><strong>homini</strong></span> <span class='ocrx_word' id='word_1_121' title='bbox 1648 1773 1871 1828; x_wconf 89' lang='lat' dir='ltr'><strong>adhibet</strong></span> <span class='ocrx_word' id='word_1_122' title='bbox 1903 1771 2130 1827; x_wconf 87' lang='lat' dir='ltr'><strong>medici-</strong></span> 
     </span>
    </p>
   </div>
   <div class='ocr_carea' id='block_1_18' title="bbox 2230 587 3811 661">
    <p class='ocr_par' dir='ltr' id='par_1_18' title="bbox 2230 587 3811 661">
     <span class='ocr_line' id='line_1_18' title="bbox 2230 587 3811 661; baseline -0.001 -18"><span class='ocrx_word' id='word_1_123' title='bbox 2230 591 2363 661; x_wconf 77' lang='grc' dir='ltr'>πρὸς</span> <span class='ocrx_word' id='word_1_124' title='bbox 2406 589 2503 659; x_wconf 80' lang='grc' dir='ltr'><strong>τὴν</strong></span> <span class='ocrx_word' id='word_1_125' title='bbox 2554 587 2873 657; x_wconf 83' lang='grc' dir='ltr'>εὐεργεσίαν</span> <span class='ocrx_word' id='word_1_126' title='bbox 2915 587 3072 658; x_wconf 87' lang='grc' dir='ltr'>ήμῶν</span> <span class='ocrx_word' id='word_1_127' title='bbox 3113 587 3367 656; x_wconf 78' lang='grc' dir='ltr'>ἀναϐολή.</span> <span class='ocrx_word' id='word_1_128' title='bbox 3406 589 3514 641; x_wconf 75' lang='grc' dir='ltr'>Καὶ</span> <span class='ocrx_word' id='word_1_129' title='bbox 3562 589 3669 659; x_wconf 83' lang='grc' dir='ltr'><strong>γάρ</strong></span> <span class='ocrx_word' id='word_1_130' title='bbox 3715 590 3811 643; x_wconf 74' lang='grc' dir='ltr'>ἐπὶ</span> 
     </span>
    </p>
   </div>
   <div class='ocr_carea' id='block_1_19' title="bbox 2229 678 3811 751">
    <p class='ocr_par' dir='ltr' id='par_1_19' title="bbox 2229 678 3811 751">
     <span class='ocr_line' id='line_1_19' title="bbox 2229 678 3811 751; baseline -0.001 -17"><span class='ocrx_word' id='word_1_131' title='bbox 2229 682 2336 734; x_wconf 81' lang='grc' dir='ltr'><strong>τῶν</strong></span> <span class='ocrx_word' id='word_1_132' title='bbox 2368 678 2696 751; x_wconf 81' lang='grc' dir='ltr'><strong>σωματικῶν</strong></span> <span class='ocrx_word' id='word_1_133' title='bbox 2725 680 3066 750; x_wconf 78' lang='grc' dir='ltr'>νοσημάτων,</span> <span class='ocrx_word' id='word_1_134' title='bbox 3102 681 3228 732; x_wconf 82' lang='grc' dir='ltr'>ὅταν</span> <span class='ocrx_word' id='word_1_135' title='bbox 3269 696 3350 741; x_wconf 88' lang='grc' dir='ltr'><strong>τις</strong></span> <span class='ocrx_word' id='word_1_136' title='bbox 3387 679 3682 750; x_wconf 80' lang='grc' dir='ltr'>διεφθορώς</span> <span class='ocrx_word' id='word_1_137' title='bbox 3711 698 3811 750; x_wconf 84' lang='grc' dir='ltr'>χυ-</span> 
     </span>
    </p>
   </div>
   <div class='ocr_carea' id='block_1_20' title="bbox 2235 771 3812 844">
    <p class='ocr_par' dir='ltr' id='par_1_20' title="bbox 2235 771 3812 844">
     <span class='ocr_line' id='line_1_20' title="bbox 2235 771 3812 844; baseline 0.001 -20"><span class='ocrx_word' id='word_1_138' title='bbox 2235 773 2334 842; x_wconf 83' lang='grc' dir='ltr'><strong>μὸς</strong></span> <span class='ocrx_word' id='word_1_139' title='bbox 2372 772 2593 843; x_wconf 84' lang='grc' dir='ltr'>ὑφέρπῃ</span> <span class='ocrx_word' id='word_1_140' title='bbox 2635 771 2857 842; x_wconf 84' lang='grc' dir='ltr'><strong>πόρους,</strong></span> <span class='ocrx_word' id='word_1_141' title='bbox 2888 773 3017 844; x_wconf 77' lang='grc' dir='ltr'>πρὶν</span> <span class='ocrx_word' id='word_1_142' title='bbox 3055 771 3200 827; x_wconf 80' lang='grc' dir='ltr'>ἅπαν</span> <span class='ocrx_word' id='word_1_143' title='bbox 3245 773 3338 826; x_wconf 81' lang='grc' dir='ltr'><strong>ἐπὶ</strong></span> <span class='ocrx_word' id='word_1_144' title='bbox 3383 771 3480 842; x_wconf 81' lang='grc' dir='ltr'>τὴν</span> <span class='ocrx_word' id='word_1_145' title='bbox 3512 772 3812 840; x_wconf 79' lang='grc' dir='ltr'>ἐμφάνειαν</span> 
     </span>
    </p>
   </div>
   <div class='ocr_carea' id='block_1_21' title="bbox 2233 861 3814 933">
    <p class='ocr_par' dir='ltr' id='par_1_21' title="bbox 2233 861 3814 933">
     <span class='ocr_line' id='line_1_21' title="bbox 2233 861 3814 933; baseline 0.002 -19"><span class='ocrx_word' id='word_1_146' title='bbox 2233 861 2642 931; x_wconf 79' lang='grc' dir='ltr'>ὲκκαλυφθῆναι</span> <span class='ocrx_word' id='word_1_147' title='bbox 2671 861 2820 930; x_wconf 80' lang='grc' dir='ltr'>παρὰ</span> <span class='ocrx_word' id='word_1_148' title='bbox 2841 861 3001 929; x_wconf 86' lang='grc' dir='ltr'>φύσιν</span> <span class='ocrx_word' id='word_1_149' title='bbox 3019 864 3166 932; x_wconf 81' lang='grc' dir='ltr'>ὲγκεί</span> <span class='ocrx_word' id='word_1_150' title='bbox 3173 880 3352 932; x_wconf 88' lang='grc' dir='ltr'>μενον,</span> <span class='ocrx_word' id='word_1_151' title='bbox 3371 863 3432 916; x_wconf 89' lang='grc' dir='ltr'><strong>ού</strong></span> <span class='ocrx_word' id='word_1_152' title='bbox 3449 879 3814 933; x_wconf 86' lang='grc' dir='ltr'>καταφαρμα-</span> 
     </span>
    </p>
   </div>
   <div class='ocr_carea' id='block_1_22' title="bbox 2231 953 3810 1025">
    <p class='ocr_par' dir='ltr' id='par_1_22' title="bbox 2231 953 3810 1025">
     <span class='ocr_line' id='line_1_22' title="bbox 2231 953 3810 1025; baseline 0.001 -19"><span class='ocrx_word' id='word_1_153' title='bbox 2231 953 2449 1006; x_wconf 88' lang='grc' dir='ltr'>κεύεται</span> <span class='ocrx_word' id='word_1_154' title='bbox 2491 955 2605 1016; x_wconf 86' lang='grc' dir='ltr'>τοῖς</span> <span class='ocrx_word' id='word_1_155' title='bbox 2645 953 2906 1006; x_wconf 80' lang='grc' dir='ltr'>πυκνοῦσι</span> <span class='ocrx_word' id='word_1_156' title='bbox 2939 954 2998 1006; x_wconf 81' lang='grc' dir='ltr'>τὸ</span> <span class='ocrx_word' id='word_1_157' title='bbox 3043 955 3202 1024; x_wconf 89' lang='grc' dir='ltr'>σῶμα</span> <span class='ocrx_word' id='word_1_158' title='bbox 3227 955 3376 1025; x_wconf 86' lang='grc' dir='ltr'><strong>παρά</strong></span> <span class='ocrx_word' id='word_1_159' title='bbox 3417 954 3526 1007; x_wconf 78' lang='grc' dir='ltr'><strong>τῶν</strong></span> <span class='ocrx_word' id='word_1_160' title='bbox 3547 955 3810 1024; x_wconf 78' lang='grc' dir='ltr'><strong>τεχνικῶς</strong></span> 
     </span>
    </p>
   </div>
   <div class='ocr_carea' id='block_1_23' title="bbox 2235 1044 3810 1117">
    <p class='ocr_par' dir='ltr' id='par_1_23' title="bbox 2235 1044 3810 1117">
     <span class='ocr_line' id='line_1_23' title="bbox 2235 1044 3810 1117; baseline 0.002 -21"><span class='ocrx_word' id='word_1_161' title='bbox 2235 1044 2631 1114; x_wconf 43' lang='grc' dir='ltr'>μεθοδειυόντων</span> <span class='ocrx_word' id='word_1_162' title='bbox 2661 1044 2729 1096; x_wconf 72' lang='grc' dir='ltr'><strong>τὰ</strong></span> <span class='ocrx_word' id='word_1_163' title='bbox 2774 1044 2918 1115; x_wconf 88' lang='grc' dir='ltr'>πάθη</span> <span class='ocrx_word' id='word_1_164' title='bbox 2939 1062 2952 1074; x_wconf 89' lang='grc'><strong>·</strong></span> <span class='ocrx_word' id='word_1_165' title='bbox 2975 1045 3110 1098; x_wconf 86' lang='grc' dir='ltr'><strong>ἀλλά</strong></span> <span class='ocrx_word' id='word_1_166' title='bbox 3139 1045 3357 1117; x_wconf 88' lang='grc' dir='ltr'>μένουσι</span> <span class='ocrx_word' id='word_1_167' title='bbox 3386 1045 3446 1098; x_wconf 85' lang='grc' dir='ltr'>τὸ</span> <span class='ocrx_word' id='word_1_168' title='bbox 3486 1044 3810 1116; x_wconf 78' lang='grc' dir='ltr'>ὲνδομυχοῦν</span> 
     </span>
    </p>
   </div>
   <div class='ocr_carea' id='block_1_24' title="bbox 2233 1131 3812 1208">
    <p class='ocr_par' dir='ltr' id='par_1_24' title="bbox 2233 1131 3812 1208">
     <span class='ocr_line' id='line_1_24' title="bbox 2233 1131 3812 1208; baseline 0 -18"><span class='ocrx_word' id='word_1_169' title='bbox 2233 1131 2378 1190; x_wconf 76' lang='grc' dir='ltr'>ἅπαν</span> <span class='ocrx_word' id='word_1_170' title='bbox 2408 1135 2512 1202; x_wconf 77' lang='grc' dir='ltr'>ἔξω</span> <span class='ocrx_word' id='word_1_171' title='bbox 2546 1137 2816 1206; x_wconf 84' lang='grc' dir='ltr'>γενέσθαι,</span> <span class='ocrx_word' id='word_1_172' title='bbox 2863 1137 2956 1190; x_wconf 72' lang='grc' dir='ltr'><strong>καὶ</strong></span> <span class='ocrx_word' id='word_1_173' title='bbox 3001 1137 3144 1191; x_wconf 77' lang='grc' dir='ltr'>οὕτω</span> <span class='ocrx_word' id='word_1_174' title='bbox 3170 1137 3362 1208; x_wconf 82' lang='grc' dir='ltr'>γυμνῷ</span> <span class='ocrx_word' id='word_1_175' title='bbox 3389 1136 3468 1206; x_wconf 86' lang='grc' dir='ltr'><strong>τῷ</strong></span> <span class='ocrx_word' id='word_1_176' title='bbox 3513 1137 3674 1190; x_wconf 83' lang='grc' dir='ltr'>πάθει</span> <span class='ocrx_word' id='word_1_177' title='bbox 3711 1138 3812 1207; x_wconf 81' lang='grc' dir='ltr'>τὴν</span> 
     </span>
    </p>
   </div>
   <div class='ocr_carea' id='block_1_25' title="bbox 2235 1228 3810 1300">
    <p class='ocr_par' dir='ltr' id='par_1_25' title="bbox 2235 1228 3810 1300">
     <span class='ocr_line' id='line_1_25' title="bbox 2235 1228 3810 1300; baseline 0 -20"><span class='ocrx_word' id='word_1_178' title='bbox 2235 1228 2476 1298; x_wconf 84' lang='grc' dir='ltr'>ίατρείαν</span> <span class='ocrx_word' id='word_1_179' title='bbox 2508 1228 2888 1298; x_wconf 81' lang='grc' dir='ltr'>προσάγουσιν.</span> <span class='ocrx_word' id='word_1_180' title='bbox 2928 1229 3146 1300; x_wconf 84' lang='grc' dir='ltr'>Ἐπειδὴ</span> <span class='ocrx_word' id='word_1_181' title='bbox 3171 1231 3346 1282; x_wconf 85' lang='grc' dir='ltr'>τοίνυν</span> <span class='ocrx_word' id='word_1_182' title='bbox 3372 1229 3514 1294; x_wconf 74' lang='grc' dir='ltr'>ἅπαξ</span> <span class='ocrx_word' id='word_1_183' title='bbox 3545 1229 3810 1298; x_wconf 77' lang='grc' dir='ltr'>ἐνέσκηψε</span> 
     </span>
    </p>
   </div>
   <div class='ocr_carea' id='block_1_26' title="bbox 2223 1318 3811 1398">
    <p class='ocr_par' dir='ltr' id='par_1_26' title="bbox 2223 1318 3811 1398">
     <span class='ocr_line' id='line_1_26' title="bbox 2223 1318 3811 1398; baseline 0.001 -28"><span class='ocrx_word' id='word_1_184' title='bbox 2223 1321 2297 1398; x_wconf 33' lang='grc' dir='ltr'>,τῇ</span> <span class='ocrx_word' id='word_1_185' title='bbox 2325 1318 2482 1388; x_wconf 81' lang='grc' dir='ltr'>φύσει</span> <span class='ocrx_word' id='word_1_186' title='bbox 2509 1321 2607 1390; x_wconf 86' lang='grc' dir='ltr'><strong>τῆς</strong></span> <span class='ocrx_word' id='word_1_187' title='bbox 2638 1321 3052 1391; x_wconf 81' lang='grc' dir='ltr'>άνθρωπότητος</span> <span class='ocrx_word' id='word_1_188' title='bbox 3083 1323 3115 1391; x_wconf 91' lang='grc' dir='ltr'><strong>ή</strong></span> <span class='ocrx_word' id='word_1_189' title='bbox 3144 1323 3242 1392; x_wconf 85' lang='grc' dir='ltr'><strong>τῆς</strong></span> <span class='ocrx_word' id='word_1_190' title='bbox 3268 1323 3466 1383; x_wconf 79' lang='grc' dir='ltr'><strong>κακίας</strong></span> <span class='ocrx_word' id='word_1_191' title='bbox 3491 1321 3664 1384; x_wconf 80' lang='grc' dir='ltr'>νόσος,</span> <span class='ocrx_word' id='word_1_192' title='bbox 3689 1321 3811 1374; x_wconf 86' lang='grc' dir='ltr'>ἀνέ-</span> 
     </span>
    </p>
   </div>
   <div class='ocr_carea' id='block_1_27' title="bbox 2240 1413 3812 1486">
    <p class='ocr_par' dir='ltr' id='par_1_27' title="bbox 2240 1413 3812 1486">
     <span class='ocr_line' id='line_1_27' title="bbox 2240 1413 3812 1486; baseline 0.001 -21"><span class='ocrx_word' id='word_1_193' title='bbox 2240 1431 2398 1484; x_wconf 89' lang='grc' dir='ltr'>μενεν</span> <span class='ocrx_word' id='word_1_194' title='bbox 2443 1417 2470 1466; x_wconf 93' lang='grc' dir='ltr'><strong>ό</strong></span> <span class='ocrx_word' id='word_1_195' title='bbox 2505 1414 2600 1467; x_wconf 74' lang='grc' dir='ltr'>τοῦ</span> <span class='ocrx_word' id='word_1_196' title='bbox 2637 1415 2836 1478; x_wconf 79' lang='grc' dir='ltr'>παντὸς</span> <span class='ocrx_word' id='word_1_197' title='bbox 2872 1415 3232 1486; x_wconf 84' lang='grc' dir='ltr'>θεραπευτὴς,</span> <span class='ocrx_word' id='word_1_198' title='bbox 3273 1416 3441 1486; x_wconf 82' lang='grc' dir='ltr'>μηδὲν</span> <span class='ocrx_word' id='word_1_199' title='bbox 3488 1413 3812 1484; x_wconf 85' lang='grc' dir='ltr'>ὑπολειφθῆ-</span> 
     </span>
    </p>
   </div>
   <div class='ocr_carea' id='block_1_28' title="bbox 2237 1503 3806 1579">
    <p class='ocr_par' dir='ltr' id='par_1_28' title="bbox 2237 1503 3806 1579">
     <span class='ocr_line' id='line_1_28' title="bbox 2237 1503 3806 1579; baseline 0.003 -22"><span class='ocrx_word' id='word_1_200' title='bbox 2237 1522 2322 1558; x_wconf 87' lang='grc' dir='ltr'>ναι</span> <span class='ocrx_word' id='word_1_201' title='bbox 2356 1507 2454 1576; x_wconf 83' lang='grc' dir='ltr'><strong>τῆς</strong></span> <span class='ocrx_word' id='word_1_202' title='bbox 2508 1507 2772 1577; x_wconf 83' lang='grc' dir='ltr'>πονηρίας</span> <span class='ocrx_word' id='word_1_203' title='bbox 2827 1503 2964 1569; x_wconf 73' lang='grc' dir='ltr'>εἶδος</span> <span class='ocrx_word' id='word_1_204' title='bbox 3007 1508 3454 1579; x_wconf 78' lang='grc' dir='ltr'>ἐγκεκρυμμένον</span> <span class='ocrx_word' id='word_1_205' title='bbox 3507 1510 3570 1577; x_wconf 82' lang='grc' dir='ltr'>τῇ</span> <span class='ocrx_word' id='word_1_206' title='bbox 3629 1507 3806 1574; x_wconf 85' lang='grc' dir='ltr'>φύσει.</span> 
     </span>
    </p>
   </div>
   <div class='ocr_carea' id='block_1_29' title="bbox 2234 1597 3809 1669">
    <p class='ocr_par' dir='ltr' id='par_1_29' title="bbox 2234 1597 3809 1669">
     <span class='ocr_line' id='line_1_29' title="bbox 2234 1597 3809 1669; baseline 0.002 -20"><span class='ocrx_word' id='word_1_207' title='bbox 2234 1597 2332 1650; x_wconf 86' lang='grc' dir='ltr'>Διά</span> <span class='ocrx_word' id='word_1_208' title='bbox 2353 1598 2511 1650; x_wconf 81' lang='grc' dir='ltr'>τοῦτο</span> <span class='ocrx_word' id='word_1_209' title='bbox 2533 1597 2632 1651; x_wconf 89' lang='grc' dir='ltr'><strong>ούκ</strong></span> <span class='ocrx_word' id='word_1_210' title='bbox 2651 1598 2809 1662; x_wconf 81' lang='grc' dir='ltr'>εὐθὺς</span> <span class='ocrx_word' id='word_1_211' title='bbox 2836 1601 2974 1668; x_wconf 75' lang='grc' dir='ltr'>μετὰ</span> <span class='ocrx_word' id='word_1_212' title='bbox 2998 1600 3088 1652; x_wconf 78' lang='grc' dir='ltr'><strong>τὸν</strong></span> <span class='ocrx_word' id='word_1_213' title='bbox 3115 1600 3326 1669; x_wconf 82' lang='grc' dir='ltr'>φθόνον,</span> <span class='ocrx_word' id='word_1_214' title='bbox 3349 1601 3444 1653; x_wconf 72' lang='grc' dir='ltr'><strong>καὶ</strong></span> <span class='ocrx_word' id='word_1_215' title='bbox 3468 1599 3565 1667; x_wconf 80' lang='grc' dir='ltr'><strong>τὴν</strong></span> <span class='ocrx_word' id='word_1_216' title='bbox 3587 1599 3809 1667; x_wconf 80' lang='grc' dir='ltr'>ἀδελφο-</span> 
     </span>
    </p>
   </div>
   <div class='ocr_carea' id='block_1_30' title="bbox 2236 1688 3814 1763">
    <p class='ocr_par' dir='ltr' id='par_1_30' title="bbox 2236 1688 3814 1763">
     <span class='ocr_line' id='line_1_30' title="bbox 2236 1688 3814 1763; baseline 0.001 -21"><span class='ocrx_word' id='word_1_217' title='bbox 2236 1689 2455 1743; x_wconf 89' lang='grc' dir='ltr'>κτονίαν</span> <span class='ocrx_word' id='word_1_218' title='bbox 2485 1688 2578 1743; x_wconf 76' lang='grc' dir='ltr'><strong>τοῦ</strong></span> <span class='ocrx_word' id='word_1_219' title='bbox 2620 1692 2760 1745; x_wconf 85' lang='grc' dir='ltr'>Κάῖν</span> <span class='ocrx_word' id='word_1_220' title='bbox 2804 1695 3070 1763; x_wconf 80' lang='grc' dir='ltr'>προσάγει</span> <span class='ocrx_word' id='word_1_221' title='bbox 3105 1691 3183 1762; x_wconf 84' lang='grc' dir='ltr'><strong>τῷ</strong></span> <span class='ocrx_word' id='word_1_222' title='bbox 3227 1692 3500 1762; x_wconf 83' lang='grc' dir='ltr'>ἀνθρώπῳ</span> <span class='ocrx_word' id='word_1_223' title='bbox 3526 1692 3624 1763; x_wconf 75' lang='grc' dir='ltr'>τὴν</span> <span class='ocrx_word' id='word_1_224' title='bbox 3655 1691 3814 1760; x_wconf 85' lang='grc' dir='ltr'>θερα-</span> 
     </span>
    </p>
   </div>
   <div class='ocr_carea' id='block_1_31' title="bbox 2239 1779 3814 1854">
    <p class='ocr_par' dir='ltr' id='par_1_31' title="bbox 2239 1779 3814 1854">
     <span class='ocr_line' id='line_1_31' title="bbox 2239 1779 3814 1854; baseline 0.003 -22"><span class='ocrx_word' id='word_1_225' title='bbox 2239 1781 2429 1832; x_wconf 86' lang='grc' dir='ltr'>πείαν·</span> <span class='ocrx_word' id='word_1_226' title='bbox 2460 1779 2612 1834; x_wconf 73' lang='grc' dir='ltr'>οὔπω</span> <span class='ocrx_word' id='word_1_227' title='bbox 2637 1782 2744 1852; x_wconf 81' lang='grc' dir='ltr'>γὰρ</span> <span class='ocrx_word' id='word_1_228' title='bbox 2772 1782 2880 1836; x_wconf 88' lang='grc' dir='ltr'><strong>τῶν</strong></span> <span class='ocrx_word' id='word_1_229' title='bbox 2905 1785 2998 1836; x_wconf 82' lang='grc' dir='ltr'>ἐπὶ</span> <span class='ocrx_word' id='word_1_230' title='bbox 3026 1783 3148 1836; x_wconf 85' lang='grc' dir='ltr'>Νῶε</span> <span class='ocrx_word' id='word_1_231' title='bbox 3175 1785 3635 1854; x_wconf 82' lang='grc' dir='ltr'>καταφθαρέντων</span> <span class='ocrx_word' id='word_1_232' title='bbox 3657 1786 3690 1854; x_wconf 83' lang='grc' dir='ltr'><strong>ή</strong></span> <span class='ocrx_word' id='word_1_233' title='bbox 3715 1801 3814 1836; x_wconf 88' lang='grc' dir='ltr'>κα-</span> 
     </span>
    </p>
   </div>
   <div class='ocr_carea' id='block_1_32' title="bbox 554 1865 2135 1946">
    <p class='ocr_par' dir='ltr' id='par_1_32' title="bbox 554 1865 2131 1938">
     <span class='ocr_line' id='line_1_32' title="bbox 554 1865 2131 1938; baseline -0.006 -13"><span class='ocrx_word' id='word_1_234' title='bbox 554 1888 714 1938; x_wconf 82' lang='lat' dir='ltr'><strong>natu;</strong></span> <span class='ocrx_word' id='word_1_235' title='bbox 750 1869 993 1925; x_wconf 91' lang='lat' dir='ltr'><strong>nondum</strong></span> <span class='ocrx_word' id='word_1_236' title='bbox 1022 1869 1168 1923; x_wconf 90' lang='lat' dir='ltr'><strong>enim</strong></span> <span class='ocrx_word' id='word_1_237' title='bbox 1208 1868 1263 1922; x_wconf 91' lang='lat' dir='ltr'><strong>in</strong></span> <span class='ocrx_word' id='word_1_238' title='bbox 1297 1867 1419 1921; x_wconf 92' lang='lat' dir='ltr'><strong>luce</strong></span> <span class='ocrx_word' id='word_1_239' title='bbox 1455 1867 1768 1936; x_wconf 87' lang='lat' dir='ltr'><strong>prodierant</strong></span> <span class='ocrx_word' id='word_1_240' title='bbox 1799 1865 2004 1920; x_wconf 89' lang='lat' dir='ltr'><strong>scelera</strong></span> <span class='ocrx_word' id='word_1_241' title='bbox 2039 1879 2131 1919; x_wconf 91' lang='lat' dir='ltr'><strong>eo-</strong></span> 
     </span>
    </p>
   </div>
   <div class='ocr_carea' id='block_1_33' title="bbox 2241 1865 3814 1946">
    <p class='ocr_par' dir='ltr' id='par_1_33' title="bbox 2241 1869 3814 1946">
     <span class='ocr_line' id='line_1_33' title="bbox 2241 1869 3814 1946; baseline 0.003 -23"><span class='ocrx_word' id='word_1_242' title='bbox 2241 1872 2325 1924; x_wconf 82' lang='grc' dir='ltr'><strong>κία</strong></span> <span class='ocrx_word' id='word_1_243' title='bbox 2360 1869 2682 1942; x_wconf 70' lang='grc' dir='ltr'>ἐξέλαμψεν,</span> <span class='ocrx_word' id='word_1_244' title='bbox 2719 1874 2839 1927; x_wconf 82' lang='grc' dir='ltr'>οὐδὲ</span> <span class='ocrx_word' id='word_1_245' title='bbox 2872 1875 2972 1944; x_wconf 81' lang='grc' dir='ltr'><strong>τῆς</strong></span> <span class='ocrx_word' id='word_1_246' title='bbox 3016 1875 3367 1946; x_wconf 85' lang='grc' dir='ltr'>Σοδομιτικῆς</span> <span class='ocrx_word' id='word_1_247' title='bbox 3408 1876 3750 1945; x_wconf 82' lang='grc' dir='ltr'>παρανομίας</span> <span class='ocrx_word' id='word_1_248' title='bbox 3777 1877 3814 1946; x_wconf 81' lang='grc' dir='ltr'>ἡ</span> 
     </span>
    </p>
   </div>
   <div class='ocr_carea' id='block_1_34' title="bbox 554 1954 2131 2032">
    <p class='ocr_par' dir='ltr' id='par_1_34' title="bbox 554 1954 2131 2032">
     <span class='ocr_line' id='line_1_34' title="bbox 554 1954 2131 2032; baseline -0.006 -16"><span class='ocrx_word' id='word_1_249' title='bbox 554 1977 674 2016; x_wconf 87' lang='lat' dir='ltr'><strong>rum</strong></span> <span class='ocrx_word' id='word_1_250' title='bbox 706 1962 796 2032; x_wconf 87' lang='lat' dir='ltr'><strong>qui</strong></span> <span class='ocrx_word' id='word_1_251' title='bbox 839 1959 1027 2014; x_wconf 85' lang='lat' dir='ltr'><strong>Noemi</strong></span> <span class='ocrx_word' id='word_1_252' title='bbox 1091 1967 1337 2030; x_wconf 89' lang='lat' dir='ltr'><strong>tempore</strong></span> <span class='ocrx_word' id='word_1_253' title='bbox 1367 1959 1694 2028; x_wconf 87' lang='lat' dir='ltr'><strong>perierunt;</strong></span> <span class='ocrx_word' id='word_1_254' title='bbox 1728 1971 1829 2010; x_wconf 87' lang='lat' dir='ltr'><strong>nec</strong></span> <span class='ocrx_word' id='word_1_255' title='bbox 1879 1954 2131 2008; x_wconf 88' lang='lat' dir='ltr'><strong>Sodomi—</strong></span> 
     </span>
    </p>
   </div>
   <div class='ocr_carea' id='block_1_35' title="bbox 554 2049 2132 2122">
    <p class='ocr_par' dir='ltr' id='par_1_35' title="bbox 554 2049 2132 2122">
     <span class='ocr_line' id='line_1_35' title="bbox 554 2049 2132 2122; baseline -0.008 -13"><span class='ocrx_word' id='word_1_256' title='bbox 554 2056 672 2109; x_wconf 73' lang='lat' dir='ltr'><strong>tica:</strong></span> <span class='ocrx_word' id='word_1_257' title='bbox 703 2053 1008 2122; x_wconf 87' lang='lat' dir='ltr'><strong>iniquitatis</strong></span> <span class='ocrx_word' id='word_1_258' title='bbox 1043 2051 1406 2120; x_wconf 82' lang='lat' dir='ltr'><strong>gravissimus</strong></span> <span class='ocrx_word' id='word_1_259' title='bbox 1439 2049 1530 2102; x_wconf 90' lang='lat' dir='ltr'><strong>ille</strong></span> <span class='ocrx_word' id='word_1_260' title='bbox 1581 2051 1805 2101; x_wconf 85' lang='lat' dir='ltr'><strong>morbus</strong></span> <span class='ocrx_word' id='word_1_261' title='bbox 1840 2055 2005 2116; x_wconf 86' lang='lat' dir='ltr'><strong>caput</strong></span> <span class='ocrx_word' id='word_1_262' title='bbox 2034 2062 2132 2098; x_wconf 80' lang='lat' dir='ltr'><strong>cx-</strong></span> 
     </span>
    </p>
   </div>
   <div class='ocr_carea' id='block_1_36' title="bbox 555 2139 2136 2214">
    <p class='ocr_par' dir='ltr' id='par_1_36' title="bbox 555 2139 2136 2214">
     <span class='ocr_line' id='line_1_36' title="bbox 555 2139 2136 2214; baseline -0.006 -15"><span class='ocrx_word' id='word_1_263' title='bbox 555 2155 814 2211; x_wconf 83' lang='lat' dir='ltr'><strong>eruerat;</strong></span> <span class='ocrx_word' id='word_1_264' title='bbox 849 2161 1024 2214; x_wconf 75' lang='lat' dir='ltr'><strong>neque</strong></span> <span class='ocrx_word' id='word_1_265' title='bbox 1059 2142 1440 2214; x_wconf 67' lang='lat' dir='ltr'><strong>Egyptiorum</strong></span> <span class='ocrx_word' id='word_1_266' title='bbox 1501 2142 1770 2194; x_wconf 81' lang='lat' dir='ltr'><strong>adversus</strong></span> <span class='ocrx_word' id='word_1_267' title='bbox 1807 2139 1973 2194; x_wconf 88' lang='lat' dir='ltr'><strong>Deum</strong></span> <span class='ocrx_word' id='word_1_268' title='bbox 2035 2154 2136 2207; x_wconf 90' lang='lat' dir='ltr'><strong>pu-</strong></span> 
     </span>
    </p>
   </div>
   <div class='ocr_carea' id='block_1_37' title="bbox 553 2233 2133 2307">
    <p class='ocr_par' dir='ltr' id='par_1_37' title="bbox 553 2233 2133 2307">
     <span class='ocr_line' id='line_1_37' title="bbox 553 2233 2133 2307; baseline -0.008 -15"><span class='ocrx_word' id='word_1_269' title='bbox 553 2253 911 2307; x_wconf 55' lang='lat' dir='ltr'><strong>gna;ueque</strong></span> <span class='ocrx_word' id='word_1_270' title='bbox 973 2235 1328 2306; x_wconf 84' lang='lat' dir='ltr'><strong>Assyriorum</strong></span> <span class='ocrx_word' id='word_1_271' title='bbox 1389 2233 1687 2303; x_wconf 86' lang='lat' dir='ltr'><strong>superbia.</strong></span> <span class='ocrx_word' id='word_1_272' title='bbox 1753 2246 1853 2284; x_wconf 78' lang='lat' dir='ltr'><strong>nec</strong></span> <span class='ocrx_word' id='word_1_273' title='bbox 1905 2237 2133 2282; x_wconf 88' lang='lat' dir='ltr'><strong>cruenta</strong></span> 
     </span>
    </p>
   </div>
   <div class='ocr_carea' id='block_1_38' title="bbox 553 2320 2136 2392">
    <p class='ocr_par' dir='ltr' id='par_1_38' title="bbox 553 2320 2136 2392">
     <span class='ocr_line' id='line_1_38' title="bbox 553 2320 2136 2392; baseline -0.007 -10"><span class='ocrx_word' id='word_1_274' title='bbox 553 2330 864 2383; x_wconf 71' lang='lat' dir='ltr'><strong>.Itultcorutu</strong></span> <span class='ocrx_word' id='word_1_275' title='bbox 895 2328 949 2380; x_wconf 91' lang='lat' dir='ltr'><strong>in</strong></span> <span class='ocrx_word' id='word_1_276' title='bbox 993 2326 1088 2381; x_wconf 80' lang='lat' dir='ltr'><strong>Dei</strong></span> <span class='ocrx_word' id='word_1_277' title='bbox 1128 2332 1350 2380; x_wconf 89' lang='lat' dir='ltr'><strong>sanctos</strong></span> <span class='ocrx_word' id='word_1_278' title='bbox 1387 2325 1593 2382; x_wconf 63' lang='lat' dir='ltr'><strong>saevitia</strong></span> <span class='ocrx_word' id='word_1_279' title='bbox 1618 2363 1632 2388; x_wconf 93' lang='lat'><strong>,</strong></span> <span class='ocrx_word' id='word_1_280' title='bbox 1691 2339 1866 2392; x_wconf 90' lang='lat' dir='ltr'><strong>neque</strong></span> <span class='ocrx_word' id='word_1_281' title='bbox 1929 2320 2136 2374; x_wconf 83' lang='lat' dir='ltr'><strong>nefaria</strong></span> 
     </span>
    </p>
   </div>
   <div class='ocr_carea' id='block_1_39' title="bbox 556 2412 2138 2479">
    <p class='ocr_par' dir='ltr' id='par_1_39' title="bbox 556 2412 2138 2479">
     <span class='ocr_line' id='line_1_39' title="bbox 556 2412 2138 2479; baseline -0.006 -8"><span class='ocrx_word' id='word_1_282' title='bbox 556 2419 628 2472; x_wconf 87' lang='lat' dir='ltr'><strong>ab</strong></span> <span class='ocrx_word' id='word_1_283' title='bbox 658 2417 871 2472; x_wconf 87' lang='lat' dir='ltr'><strong>llerode</strong></span> <span class='ocrx_word' id='word_1_284' title='bbox 891 2415 1036 2468; x_wconf 85' lang='lat' dir='ltr'><strong>facta</strong></span> <span class='ocrx_word' id='word_1_285' title='bbox 1066 2413 1242 2468; x_wconf 62' lang='lat' dir='ltr'><strong>catdes</strong></span> <span class='ocrx_word' id='word_1_286' title='bbox 1271 2412 1562 2467; x_wconf 76' lang='lat' dir='ltr'><strong>infantium</strong></span> <span class='ocrx_word' id='word_1_287' title='bbox 1595 2450 1610 2476; x_wconf 95' lang='lat'><strong>,</strong></span> <span class='ocrx_word' id='word_1_288' title='bbox 1645 2427 1747 2465; x_wconf 89' lang='lat' dir='ltr'><strong>nec</strong></span> <span class='ocrx_word' id='word_1_289' title='bbox 1799 2423 2138 2479; x_wconf 64' lang='lat' dir='ltr'><strong>quaecunque</strong></span> 
     </span>
    </p>
   </div>
   <div class='ocr_carea' id='block_1_40' title="bbox 557 2503 2137 2572">
    <p class='ocr_par' dir='ltr' id='par_1_40' title="bbox 557 2503 2137 2572">
     <span class='ocr_line' id='line_1_40' title="bbox 557 2503 2137 2572; baseline -0.004 -9"><span class='ocrx_word' id='word_1_290' title='bbox 557 2511 662 2564; x_wconf 85' lang='lat' dir='ltr'><strong>alia</strong></span> <span class='ocrx_word' id='word_1_291' title='bbox 700 2510 1004 2561; x_wconf 87' lang='lat' dir='ltr'><strong>litterarum</strong></span> <span class='ocrx_word' id='word_1_292' title='bbox 1037 2506 1406 2561; x_wconf 87' lang='lat' dir='ltr'><strong>monumentis</strong></span> <span class='ocrx_word' id='word_1_293' title='bbox 1434 2515 1564 2560; x_wconf 84' lang='lat' dir='ltr'><strong>sunt</strong></span> <span class='ocrx_word' id='word_1_294' title='bbox 1594 2503 1872 2567; x_wconf 90' lang='lat' dir='ltr'><strong>mandata,</strong></span> <span class='ocrx_word' id='word_1_295' title='bbox 1901 2511 1956 2558; x_wconf 90' lang='lat' dir='ltr'><strong>et</strong></span> <span class='ocrx_word' id='word_1_296' title='bbox 1989 2517 2137 2572; x_wconf 68' lang='lat' dir='ltr'><strong>quaa-</strong></span> 
     </span>
    </p>
   </div>
   <div class='ocr_carea' id='block_1_41' title="bbox 556 2593 2135 2670">
    <p class='ocr_par' dir='ltr' id='par_1_41' title="bbox 556 2593 2135 2670">
     <span class='ocr_line' id='line_1_41' title="bbox 556 2593 2135 2670; baseline -0.006 -16"><span class='ocrx_word' id='word_1_297' title='bbox 556 2614 772 2670; x_wconf 90' lang='lat' dir='ltr'><strong>cunque</strong></span> <span class='ocrx_word' id='word_1_298' title='bbox 809 2599 863 2653; x_wconf 87' lang='lat' dir='ltr'><strong>in</strong></span> <span class='ocrx_word' id='word_1_299' title='bbox 898 2598 1183 2669; x_wconf 78' lang='lat' dir='ltr'><strong>gentilium</strong></span> <span class='ocrx_word' id='word_1_300' title='bbox 1233 2596 1462 2651; x_wconf 87' lang='lat' dir='ltr'><strong>historia</strong></span> <span class='ocrx_word' id='word_1_301' title='bbox 1505 2593 1971 2665; x_wconf 87' lang='lat' dir='ltr'><strong>consequentibus</strong></span> <span class='ocrx_word' id='word_1_302' title='bbox 2032 2609 2135 2646; x_wconf 67' lang='lat' dir='ltr'><strong>sae-</strong></span> 
     </span>
    </p>
   </div>
   <div class='ocr_carea' id='block_1_42' title="bbox 556 2684 2136 2760">
    <p class='ocr_par' dir='ltr' id='par_1_42' title="bbox 556 2684 2136 2760">
     <span class='ocr_line' id='line_1_42' title="bbox 556 2684 2136 2760; baseline -0.006 -14"><span class='ocrx_word' id='word_1_303' title='bbox 556 2693 694 2746; x_wconf 87' lang='lat' dir='ltr'><strong>culis</strong></span> <span class='ocrx_word' id='word_1_304' title='bbox 727 2697 876 2760; x_wconf 82' lang='lat' dir='ltr'><strong>gesta</strong></span> <span class='ocrx_word' id='word_1_305' title='bbox 907 2695 1207 2742; x_wconf 87' lang='lat' dir='ltr'><strong>narrantur</strong></span> <span class='ocrx_word' id='word_1_306' title='bbox 1227 2731 1240 2753; x_wconf 96' lang='lat'><strong>,</strong></span> <span class='ocrx_word' id='word_1_307' title='bbox 1269 2703 1393 2741; x_wconf 91' lang='lat' dir='ltr'><strong>cum</strong></span> <span class='ocrx_word' id='word_1_308' title='bbox 1423 2690 1474 2741; x_wconf 93' lang='lat' dir='ltr'><strong>in</strong></span> <span class='ocrx_word' id='word_1_309' title='bbox 1530 2687 1704 2740; x_wconf 87' lang='lat' dir='ltr'><strong>libero</strong></span> <span class='ocrx_word' id='word_1_310' title='bbox 1734 2684 2016 2738; x_wconf 91' lang='lat' dir='ltr'><strong>hominum</strong></span> <span class='ocrx_word' id='word_1_311' title='bbox 2047 2699 2136 2737; x_wconf 85' lang='lat' dir='ltr'><strong>ar-</strong></span> 
     </span>
    </p>
   </div>
   <div class='ocr_carea' id='block_1_43' title="bbox 558 2777 2134 2846">
    <p class='ocr_par' dir='ltr' id='par_1_43' title="bbox 558 2777 2134 2846">
     <span class='ocr_line' id='line_1_43' title="bbox 558 2777 2134 2846; baseline -0.004 -12"><span class='ocrx_word' id='word_1_312' title='bbox 558 2785 721 2837; x_wconf 85' lang='lat' dir='ltr'><strong>bitrio</strong></span> <span class='ocrx_word' id='word_1_313' title='bbox 754 2780 1104 2834; x_wconf 82' lang='lat' dir='ltr'><strong>multifariam</strong></span> <span class='ocrx_word' id='word_1_314' title='bbox 1141 2779 1438 2846; x_wconf 89' lang='lat' dir='ltr'><strong>multisque</strong></span> <span class='ocrx_word' id='word_1_315' title='bbox 1469 2777 1645 2831; x_wconf 88' lang='lat' dir='ltr'><strong>modis</strong></span> <span class='ocrx_word' id='word_1_316' title='bbox 1674 2777 2011 2846; x_wconf 82' lang='lat' dir='ltr'><strong>germinaret</strong></span> <span class='ocrx_word' id='word_1_317' title='bbox 2043 2790 2134 2829; x_wconf 87' lang='lat' dir='ltr'><strong>ra-</strong></span> 
     </span>
    </p>
   </div>
   <div class='ocr_carea' id='block_1_44' title="bbox 558 2867 2135 2942">
    <p class='ocr_par' dir='ltr' id='par_1_44' title="bbox 558 2867 2135 2942">
     <span class='ocr_line' id='line_1_44' title="bbox 558 2867 2135 2942; baseline -0.006 -12"><span class='ocrx_word' id='word_1_318' title='bbox 558 2879 646 2930; x_wconf 74' lang='lat' dir='ltr'><strong>dix</strong></span> <span class='ocrx_word' id='word_1_319' title='bbox 679 2875 816 2928; x_wconf 78' lang='lat' dir='ltr'><strong>vitii.</strong></span> <span class='ocrx_word' id='word_1_320' title='bbox 847 2873 1140 2942; x_wconf 86' lang='lat' dir='ltr'><strong>Postquam</strong></span> <span class='ocrx_word' id='word_1_321' title='bbox 1198 2885 1329 2940; x_wconf 80' lang='lat' dir='ltr'><strong>ergo</strong></span> <span class='ocrx_word' id='word_1_322' title='bbox 1363 2871 1554 2923; x_wconf 90' lang='lat' dir='ltr'><strong>vitium</strong></span> <span class='ocrx_word' id='word_1_323' title='bbox 1601 2868 1846 2939; x_wconf 86' lang='lat' dir='ltr'><strong>pervenit</strong></span> <span class='ocrx_word' id='word_1_324' title='bbox 1884 2867 1951 2921; x_wconf 88' lang='lat' dir='ltr'><strong>ad</strong></span> <span class='ocrx_word' id='word_1_325' title='bbox 1984 2882 2135 2922; x_wconf 89' lang='lat' dir='ltr'><strong>sum-</strong></span> 
     </span>
    </p>
   </div>
   <div class='ocr_carea' id='block_1_45' title="bbox 559 2954 2134 3028">
    <p class='ocr_par' dir='ltr' id='par_1_45' title="bbox 559 2954 2134 3028">
     <span class='ocr_line' id='line_1_45' title="bbox 559 2954 2134 3028; baseline -0.006 -11"><span class='ocrx_word' id='word_1_326' title='bbox 559 2981 728 3026; x_wconf 89' lang='lat' dir='ltr'><strong>mum,</strong></span> <span class='ocrx_word' id='word_1_327' title='bbox 765 2978 863 3016; x_wconf 90' lang='lat' dir='ltr'><strong>nec</strong></span> <span class='ocrx_word' id='word_1_328' title='bbox 891 2971 1008 3026; x_wconf 83' lang='lat' dir='ltr'><strong>erat</strong></span> <span class='ocrx_word' id='word_1_329' title='bbox 1041 2959 1205 3012; x_wconf 93' lang='lat' dir='ltr'><strong>ullum</strong></span> <span class='ocrx_word' id='word_1_330' title='bbox 1239 2973 1412 3028; x_wconf 79' lang='lat' dir='ltr'><strong>genus</strong></span> <span class='ocrx_word' id='word_1_331' title='bbox 1458 2956 1704 3018; x_wconf 85' lang='lat' dir='ltr'><strong>sceleris,</strong></span> <span class='ocrx_word' id='word_1_332' title='bbox 1741 2955 1888 3026; x_wconf 92' lang='lat' dir='ltr'><strong>quod</strong></span> <span class='ocrx_word' id='word_1_333' title='bbox 1944 2954 2134 3008; x_wconf 88' lang='lat' dir='ltr'><strong>admit-</strong></span> 
     </span>
    </p>
   </div>
   <div class='ocr_carea' id='block_1_46' title="bbox 2234 1963 3813 2040">
    <p class='ocr_par' dir='ltr' id='par_1_46' title="bbox 2234 1963 3813 2040">
     <span class='ocr_line' id='line_1_46' title="bbox 2234 1963 3813 2040; baseline 0.004 -26"><span class='ocrx_word' id='word_1_334' title='bbox 2234 1963 2442 2034; x_wconf 81' lang='grc' dir='ltr'>χαλεπὴ</span> <span class='ocrx_word' id='word_1_335' title='bbox 2472 1964 2626 2025; x_wconf 84' lang='grc' dir='ltr'>νόσος</span> <span class='ocrx_word' id='word_1_336' title='bbox 2663 1966 3008 2036; x_wconf 82' lang='grc' dir='ltr'>άνεκαλύφθη</span> <span class='ocrx_word' id='word_1_337' title='bbox 3032 1984 3045 1996; x_wconf 86' lang='grc'><strong>·</strong></span> <span class='ocrx_word' id='word_1_338' title='bbox 3079 1967 3112 2037; x_wconf 78' lang='grc' dir='ltr'>ἢ</span> <span class='ocrx_word' id='word_1_339' title='bbox 3153 1968 3270 2020; x_wconf 79' lang='grc' dir='ltr'>ούδὲ</span> <span class='ocrx_word' id='word_1_340' title='bbox 3302 1969 3335 2040; x_wconf 84' lang='grc' dir='ltr'><strong>ἡ</strong></span> <span class='ocrx_word' id='word_1_341' title='bbox 3367 1968 3474 2021; x_wconf 80' lang='grc' dir='ltr'><strong>τῶν</strong></span> <span class='ocrx_word' id='word_1_342' title='bbox 3503 1969 3813 2036; x_wconf 76' lang='grc' dir='ltr'>Αἰγυπτίων</span> 
     </span>
    </p>
   </div>
   <div class='ocr_carea' id='block_1_47' title="bbox 2235 2053 3812 2130">
    <p class='ocr_par' dir='ltr' id='par_1_47' title="bbox 2235 2053 3812 2130">
     <span class='ocr_line' id='line_1_47' title="bbox 2235 2053 3812 2130; baseline 0.004 -25"><span class='ocrx_word' id='word_1_343' title='bbox 2235 2053 2521 2124; x_wconf 84' lang='grc' dir='ltr'>θεομαχία,</span> <span class='ocrx_word' id='word_1_344' title='bbox 2552 2055 2726 2125; x_wconf 82' lang='grc' dir='ltr'>ούδὲή</span> <span class='ocrx_word' id='word_1_345' title='bbox 2757 2057 2863 2110; x_wconf 88' lang='grc' dir='ltr'><strong>τῶν</strong></span> <span class='ocrx_word' id='word_1_346' title='bbox 2901 2058 3199 2129; x_wconf 82' lang='grc' dir='ltr'>Ἀσσυρίων</span> <span class='ocrx_word' id='word_1_347' title='bbox 3227 2059 3594 2130; x_wconf 84' lang='grc' dir='ltr'>ὑπερηφανία,</span> <span class='ocrx_word' id='word_1_348' title='bbox 3625 2059 3744 2112; x_wconf 75' lang='grc' dir='ltr'>οὐδὲ</span> <span class='ocrx_word' id='word_1_349' title='bbox 3776 2059 3812 2128; x_wconf 79' lang='grc' dir='ltr'>ἡ</span> 
     </span>
    </p>
   </div>
   <div class='ocr_carea' id='block_1_48' title="bbox 2235 2143 3814 2218">
    <p class='ocr_par' dir='ltr' id='par_1_48' title="bbox 2235 2143 3814 2218">
     <span class='ocr_line' id='line_1_48' title="bbox 2235 2143 3814 2218; baseline 0.004 -22"><span class='ocrx_word' id='word_1_350' title='bbox 2235 2143 2328 2198; x_wconf 77' lang='grc' dir='ltr'><strong>τοῦ</strong></span> <span class='ocrx_word' id='word_1_351' title='bbox 2373 2145 2610 2215; x_wconf 81' lang='grc' dir='ltr'>Ἡρώδου</span> <span class='ocrx_word' id='word_1_352' title='bbox 2655 2147 2970 2218; x_wconf 86' lang='grc' dir='ltr'>παράνομος</span> <span class='ocrx_word' id='word_1_353' title='bbox 3021 2149 3358 2217; x_wconf 77' lang='grc' dir='ltr'>παιδοφονία,</span> <span class='ocrx_word' id='word_1_354' title='bbox 3399 2151 3517 2204; x_wconf 82' lang='grc' dir='ltr'>οὐδὲ</span> <span class='ocrx_word' id='word_1_355' title='bbox 3567 2150 3637 2204; x_wconf 85' lang='grc' dir='ltr'><strong>τά</strong></span> <span class='ocrx_word' id='word_1_356' title='bbox 3681 2149 3814 2202; x_wconf 84' lang='grc' dir='ltr'>ἄλλα</span> 
     </span>
    </p>
   </div>
   <div class='ocr_carea' id='block_1_49' title="bbox 2238 2235 3815 2313">
    <p class='ocr_par' dir='ltr' id='par_1_49' title="bbox 2238 2235 3815 2313">
     <span class='ocr_line' id='line_1_49' title="bbox 2238 2235 3815 2313; baseline 0.008 -27"><span class='ocrx_word' id='word_1_357' title='bbox 2238 2235 2416 2290; x_wconf 88' lang='grc' dir='ltr'>πάντα</span> <span class='ocrx_word' id='word_1_358' title='bbox 2454 2238 2554 2292; x_wconf 83' lang='grc' dir='ltr'><strong>ὅσα</strong></span> <span class='ocrx_word' id='word_1_359' title='bbox 2595 2255 2654 2290; x_wconf 84' lang='grc' dir='ltr'><strong>τε</strong></span> <span class='ocrx_word' id='word_1_360' title='bbox 2691 2242 3108 2311; x_wconf 77' lang='grc' dir='ltr'>μνημονεύεται,</span> <span class='ocrx_word' id='word_1_361' title='bbox 3149 2243 3240 2295; x_wconf 75' lang='grc' dir='ltr'><strong>καὶ</strong></span> <span class='ocrx_word' id='word_1_362' title='bbox 3285 2243 3384 2294; x_wconf 77' lang='grc' dir='ltr'><strong>ὅσα</strong></span> <span class='ocrx_word' id='word_1_363' title='bbox 3417 2243 3520 2308; x_wconf 77' lang='grc' dir='ltr'>ἔξω</span> <span class='ocrx_word' id='word_1_364' title='bbox 3545 2243 3643 2313; x_wconf 85' lang='grc' dir='ltr'><strong>τῆς</strong></span> <span class='ocrx_word' id='word_1_365' title='bbox 3671 2242 3815 2293; x_wconf 81' lang='grc' dir='ltr'>ἱστο-</span> 
     </span>
    </p>
   </div>
   <div class='ocr_carea' id='block_1_50' title="bbox 2243 2327 3817 2404">
    <p class='ocr_par' dir='ltr' id='par_1_50' title="bbox 2243 2327 3817 2404">
     <span class='ocr_line' id='line_1_50' title="bbox 2243 2327 3817 2404; baseline 0.004 -26"><span class='ocrx_word' id='word_1_366' title='bbox 2243 2327 2362 2396; x_wconf 88' lang='grc' dir='ltr'>ρίας</span> <span class='ocrx_word' id='word_1_367' title='bbox 2391 2329 2449 2381; x_wconf 82' lang='grc' dir='ltr'>ὲν</span> <span class='ocrx_word' id='word_1_368' title='bbox 2473 2332 2592 2392; x_wconf 81' lang='grc' dir='ltr'>ταῖς</span> <span class='ocrx_word' id='word_1_369' title='bbox 2625 2330 2862 2401; x_wconf 84' lang='grc' dir='ltr'>καθεξῆς</span> <span class='ocrx_word' id='word_1_370' title='bbox 2886 2335 3100 2399; x_wconf 88' lang='grc' dir='ltr'>γενεαῖς</span> <span class='ocrx_word' id='word_1_371' title='bbox 3129 2333 3484 2404; x_wconf 85' lang='grc' dir='ltr'>κατεπράχθη</span> <span class='ocrx_word' id='word_1_372' title='bbox 3508 2350 3522 2364; x_wconf 87' lang='grc'><strong>·</strong></span> <span class='ocrx_word' id='word_1_373' title='bbox 3557 2333 3817 2404; x_wconf 83' lang='grc' dir='ltr'>πολυτρό-</span> 
     </span>
    </p>
   </div>
   <div class='ocr_carea' id='block_1_51' title="bbox 2239 2417 3817 2492">
    <p class='ocr_par' dir='ltr' id='par_1_51' title="bbox 2239 2417 3817 2492">
     <span class='ocr_line' id='line_1_51' title="bbox 2239 2417 3817 2492; baseline 0.002 -24"><span class='ocrx_word' id='word_1_374' title='bbox 2239 2432 2356 2478; x_wconf 84' lang='grc' dir='ltr'><strong>πως</strong></span> <span class='ocrx_word' id='word_1_375' title='bbox 2383 2417 2482 2487; x_wconf 88' lang='grc' dir='ltr'><strong>τῆς</strong></span> <span class='ocrx_word' id='word_1_376' title='bbox 2503 2418 2596 2471; x_wconf 81' lang='grc' dir='ltr'>τοῦ</span> <span class='ocrx_word' id='word_1_377' title='bbox 2623 2419 2793 2472; x_wconf 81' lang='grc' dir='ltr'>κακοῦ</span> <span class='ocrx_word' id='word_1_378' title='bbox 2821 2418 2978 2492; x_wconf 78' lang='grc' dir='ltr'>ῥίζης</span> <span class='ocrx_word' id='word_1_379' title='bbox 3001 2422 3060 2473; x_wconf 78' lang='grc' dir='ltr'>ἐν</span> <span class='ocrx_word' id='word_1_380' title='bbox 3081 2424 3201 2484; x_wconf 82' lang='grc' dir='ltr'>ταῖς</span> <span class='ocrx_word' id='word_1_381' title='bbox 3224 2422 3332 2475; x_wconf 87' lang='grc' dir='ltr'><strong>τῶν</strong></span> <span class='ocrx_word' id='word_1_382' title='bbox 3361 2421 3665 2492; x_wconf 87' lang='grc' dir='ltr'>ἀνθρώπων</span> <span class='ocrx_word' id='word_1_383' title='bbox 3690 2437 3817 2491; x_wconf 75' lang='grc' dir='ltr'>προ·</span> 
     </span>
    </p>
   </div>
   <div class='ocr_carea' id='block_1_52' title="bbox 2238 2508 3814 2583">
    <p class='ocr_par' dir='ltr' id='par_1_52' title="bbox 2238 2508 3814 2583">
     <span class='ocr_line' id='line_1_52' title="bbox 2238 2508 3814 2583; baseline 0.004 -25"><span class='ocrx_word' id='word_1_384' title='bbox 2238 2508 2481 2578; x_wconf 84' lang='grc' dir='ltr'>αιρέσεσι</span> <span class='ocrx_word' id='word_1_385' title='bbox 2520 2509 2938 2583; x_wconf 83' lang='grc' dir='ltr'>βλαστανούσης.</span> <span class='ocrx_word' id='word_1_386' title='bbox 2978 2512 3132 2565; x_wconf 73' lang='grc' dir='ltr'>Ἐπεὶ</span> <span class='ocrx_word' id='word_1_387' title='bbox 3159 2508 3252 2566; x_wconf 79' lang='grc' dir='ltr'><strong>οὖν</strong></span> <span class='ocrx_word' id='word_1_388' title='bbox 3280 2513 3417 2582; x_wconf 73' lang='grc' dir='ltr'>πρὸς</span> <span class='ocrx_word' id='word_1_389' title='bbox 3436 2513 3496 2567; x_wconf 87' lang='grc' dir='ltr'><strong>τὸ</strong></span> <span class='ocrx_word' id='word_1_390' title='bbox 3518 2514 3814 2583; x_wconf 84' lang='grc' dir='ltr'>ἀκρότατον</span> 
     </span>
    </p>
   </div>
   <div class='ocr_carea' id='block_1_53' title="bbox 2239 2596 3814 2672">
    <p class='ocr_par' dir='ltr' id='par_1_53' title="bbox 2239 2596 3814 2672">
     <span class='ocr_line' id='line_1_53' title="bbox 2239 2596 3814 2672; baseline 0.004 -24"><span class='ocrx_word' id='word_1_391' title='bbox 2239 2596 2440 2665; x_wconf 78' lang='grc' dir='ltr'>ἔφθασε</span> <span class='ocrx_word' id='word_1_392' title='bbox 2475 2598 2670 2669; x_wconf 79' lang='grc' dir='ltr'>μέτρον</span> <span class='ocrx_word' id='word_1_393' title='bbox 2699 2602 2732 2672; x_wconf 90' lang='grc' dir='ltr'><strong>ή</strong></span> <span class='ocrx_word' id='word_1_394' title='bbox 2768 2602 2958 2665; x_wconf 87' lang='grc' dir='ltr'>κακία,</span> <span class='ocrx_word' id='word_1_395' title='bbox 2980 2604 3074 2656; x_wconf 75' lang='grc' dir='ltr'><strong>καὶ</strong></span> <span class='ocrx_word' id='word_1_396' title='bbox 3102 2603 3253 2655; x_wconf 80' lang='grc' dir='ltr'>οὐδὲν</span> <span class='ocrx_word' id='word_1_397' title='bbox 3277 2603 3357 2656; x_wconf 73' lang='grc' dir='ltr'>ἔτι</span> <span class='ocrx_word' id='word_1_398' title='bbox 3391 2603 3653 2672; x_wconf 88' lang='grc' dir='ltr'>πονηρίας</span> <span class='ocrx_word' id='word_1_399' title='bbox 3682 2598 3814 2664; x_wconf 70' lang='grc' dir='ltr'>εἶδες</span> 
     </span>
    </p>
   </div>
   <div class='ocr_carea' id='block_1_54' title="bbox 2240 2688 3816 2766">
    <p class='ocr_par' dir='ltr' id='par_1_54' title="bbox 2240 2688 3816 2766">
     <span class='ocr_line' id='line_1_54' title="bbox 2240 2688 3816 2766; baseline 0.004 -26"><span class='ocrx_word' id='word_1_400' title='bbox 2240 2688 2299 2741; x_wconf 78' lang='grc' dir='ltr'>ὲν</span> <span class='ocrx_word' id='word_1_401' title='bbox 2333 2692 2443 2751; x_wconf 86' lang='grc' dir='ltr'>τοῖς</span> <span class='ocrx_word' id='word_1_402' title='bbox 2489 2691 2796 2762; x_wconf 86' lang='grc' dir='ltr'>ἀνθρώποις</span> <span class='ocrx_word' id='word_1_403' title='bbox 2825 2694 3128 2765; x_wconf 84' lang='grc' dir='ltr'>ἁτόλμητον</span> <span class='ocrx_word' id='word_1_404' title='bbox 3152 2691 3242 2766; x_wconf 87' lang='grc' dir='ltr'>ἦν,</span> <span class='ocrx_word' id='word_1_405' title='bbox 3286 2693 3362 2758; x_wconf 85' lang='grc' dir='ltr'><strong>ὡς</strong></span> <span class='ocrx_word' id='word_1_406' title='bbox 3409 2694 3476 2747; x_wconf 82' lang='grc' dir='ltr'><strong>ἂν</strong></span> <span class='ocrx_word' id='word_1_407' title='bbox 3503 2694 3590 2746; x_wconf 82' lang='grc' dir='ltr'>διὰ</span> <span class='ocrx_word' id='word_1_408' title='bbox 3638 2694 3816 2763; x_wconf 85' lang='grc' dir='ltr'>πάσης</span> 
     </span>
    </p>
   </div>
   <div class='ocr_carea' id='block_1_55' title="bbox 2240 2779 3818 2857">
    <p class='ocr_par' dir='ltr' id='par_1_55' title="bbox 2240 2779 3818 2857">
     <span class='ocr_line' id='line_1_55' title="bbox 2240 2779 3818 2857; baseline 0.005 -27"><span class='ocrx_word' id='word_1_409' title='bbox 2240 2779 2339 2850; x_wconf 84' lang='grc' dir='ltr'><strong>τῆς</strong></span> <span class='ocrx_word' id='word_1_410' title='bbox 2356 2781 2667 2852; x_wconf 74' lang='grc' dir='ltr'>ἀρρωστίας</span> <span class='ocrx_word' id='word_1_411' title='bbox 2693 2788 3098 2857; x_wconf 84' lang='grc' dir='ltr'>προχωρήσειεν</span> <span class='ocrx_word' id='word_1_412' title='bbox 3124 2788 3158 2857; x_wconf 85' lang='grc' dir='ltr'><strong>ή</strong></span> <span class='ocrx_word' id='word_1_413' title='bbox 3197 2786 3478 2857; x_wconf 84' lang='grc' dir='ltr'>θεραπεία,</span> <span class='ocrx_word' id='word_1_414' title='bbox 3509 2791 3695 2839; x_wconf 85' lang='grc' dir='ltr'>τούτου</span> <span class='ocrx_word' id='word_1_415' title='bbox 3722 2786 3818 2856; x_wconf 72' lang='grc' dir='ltr'>χά-</span> 
     </span>
    </p>
   </div>
   <div class='ocr_carea' id='block_1_56' title="bbox 2247 2872 3815 2950">
    <p class='ocr_par' dir='ltr' id='par_1_56' title="bbox 2247 2872 3815 2950">
     <span class='ocr_line' id='line_1_56' title="bbox 2247 2872 3815 2950; baseline 0.006 -29"><span class='ocrx_word' id='word_1_416' title='bbox 2247 2887 2329 2942; x_wconf 89' lang='grc' dir='ltr'><strong>ριν</strong></span> <span class='ocrx_word' id='word_1_417' title='bbox 2357 2872 2456 2924; x_wconf 87' lang='grc' dir='ltr'><strong>ούκ</strong></span> <span class='ocrx_word' id='word_1_418' title='bbox 2488 2874 2821 2946; x_wconf 83' lang='grc' dir='ltr'>ἀρχομένην,</span> <span class='ocrx_word' id='word_1_419' title='bbox 2846 2876 2982 2931; x_wconf 84' lang='grc' dir='ltr'>ἀλλὰ</span> <span class='ocrx_word' id='word_1_420' title='bbox 3003 2877 3381 2931; x_wconf 87' lang='grc' dir='ltr'>τελειωθεῖσαν</span> <span class='ocrx_word' id='word_1_421' title='bbox 3410 2877 3698 2950; x_wconf 74' lang='grc' dir='ltr'>θεραπεύει</span> <span class='ocrx_word' id='word_1_422' title='bbox 3719 2878 3815 2949; x_wconf 80' lang='grc' dir='ltr'><strong>τὴν</strong></span> 
     </span>
    </p>
   </div>
   <div class='ocr_carea' id='block_1_57' title="bbox 2249 2961 2423 3015">
    <p class='ocr_par' dir='ltr' id='par_1_57' title="bbox 2249 2961 2423 3015">
     <span class='ocr_line' id='line_1_57' title="bbox 2249 2961 2423 3015; baseline 0.017 -4"><span class='ocrx_word' id='word_1_423' title='bbox 2249 2961 2423 3015; x_wconf 83' lang='grc' dir='ltr'>νόσον.</span> 
     </span>
    </p>
   </div>
   <div class='ocr_carea' id='block_1_58' title="bbox 556 3047 3814 3123">
    <p class='ocr_par' dir='ltr' id='par_1_58' title="bbox 556 3047 3814 3123">
     <span class='ocr_line' id='line_1_58' title="bbox 556 3047 3814 3123; baseline 0.001 -13"><span class='ocrx_word' id='word_1_424' title='bbox 556 3066 672 3110; x_wconf 87' lang='lat' dir='ltr'><strong>tere</strong></span> <span class='ocrx_word' id='word_1_425' title='bbox 703 3070 810 3109; x_wconf 91' lang='lat' dir='ltr'><strong>non</strong></span> <span class='ocrx_word' id='word_1_426' title='bbox 842 3053 960 3107; x_wconf 90' lang='lat' dir='ltr'><strong>ausi</strong></span> <span class='ocrx_word' id='word_1_427' title='bbox 991 3058 1174 3107; x_wconf 88' lang='lat' dir='ltr'><strong>essent</strong></span> <span class='ocrx_word' id='word_1_428' title='bbox 1207 3049 1476 3112; x_wconf 88' lang='lat' dir='ltr'><strong>homines,</strong></span> <span class='ocrx_word' id='word_1_429' title='bbox 1507 3059 1565 3102; x_wconf 86' lang='grc' dir='ltr'><strong>ιιι</strong></span> <span class='ocrx_word' id='word_1_430' title='bbox 1599 3063 1693 3116; x_wconf 90' lang='lat' dir='ltr'><strong>per</strong></span> <span class='ocrx_word' id='word_1_431' title='bbox 1745 3062 1961 3102; x_wconf 88' lang='lat' dir='ltr'><strong>omnem</strong></span> <span class='ocrx_word' id='word_1_432' title='bbox 2029 3047 2408 3117; x_wconf 62' lang='lat' dir='ltr'><strong>mgritudinem</strong></span> <span class='ocrx_word' id='word_1_433' title='bbox 2485 3056 2805 3123; x_wconf 75' lang='lat' dir='ltr'><strong>pervaderet</strong></span> <span class='ocrx_word' id='word_1_434' title='bbox 2873 3058 3164 3123; x_wconf 88' lang='lat' dir='ltr'><strong>medicina,</strong></span> <span class='ocrx_word' id='word_1_435' title='bbox 3239 3077 3302 3114; x_wconf 85' lang='lat' dir='ltr'><strong>ea</strong></span> <span class='ocrx_word' id='word_1_436' title='bbox 3358 3063 3424 3114; x_wconf 87' lang='lat' dir='ltr'><strong>de</strong></span> <span class='ocrx_word' id='word_1_437' title='bbox 3481 3076 3646 3116; x_wconf 87' lang='lat' dir='ltr'><strong>causa</strong></span> <span class='ocrx_word' id='word_1_438' title='bbox 3709 3075 3814 3115; x_wconf 87' lang='lat' dir='ltr'><strong>non</strong></span> 
     </span>
    </p>
   </div>
   <div class='ocr_carea' id='block_1_59' title="bbox 559 3141 2013 3218">
    <p class='ocr_par' dir='ltr' id='par_1_59' title="bbox 559 3141 2013 3218">
     <span class='ocr_line' id='line_1_59' title="bbox 559 3141 2013 3218; baseline -0.005 -18"><span class='ocrx_word' id='word_1_439' title='bbox 559 3148 930 3218; x_wconf 86' lang='lat' dir='ltr'><strong>incipientem,</strong></span> <span class='ocrx_word' id='word_1_440' title='bbox 960 3143 1054 3199; x_wconf 85' lang='lat' dir='ltr'><strong>sed</strong></span> <span class='ocrx_word' id='word_1_441' title='bbox 1076 3144 1188 3211; x_wconf 88' lang='lat' dir='ltr'><strong>jam</strong></span> <span class='ocrx_word' id='word_1_442' title='bbox 1221 3141 1522 3210; x_wconf 75' lang='lat' dir='ltr'><strong>perfectum</strong></span> <span class='ocrx_word' id='word_1_443' title='bbox 1556 3141 1805 3195; x_wconf 90' lang='lat' dir='ltr'><strong>morbum</strong></span> <span class='ocrx_word' id='word_1_444' title='bbox 1837 3149 2013 3193; x_wconf 84' lang='lat' dir='ltr'><strong>curat.</strong></span> 
     </span>
    </p>
   </div>
   <div class='ocr_carea' id='block_1_60' title="bbox 1126 3233 1566 3291">
    <p class='ocr_par' dir='ltr' id='par_1_60' title="bbox 1126 3233 1566 3291">
     <span class='ocr_line' id='line_1_60' title="bbox 1126 3233 1566 3291; baseline -0.014 0"><span class='ocrx_word' id='word_1_445' title='bbox 1126 3234 1353 3291; x_wconf 80' lang='lat' dir='ltr'><strong>CAPUT</strong></span> <span class='ocrx_word' id='word_1_446' title='bbox 1396 3233 1566 3286; x_wconf 72' lang='lat' dir='ltr'><strong>XXX.</strong></span> 
     </span>
    </p>
   </div>
   <div class='ocr_carea' id='block_1_61' title="bbox 633 3323 2138 3404">
    <p class='ocr_par' dir='ltr' id='par_1_61' title="bbox 633 3323 2138 3404">
     <span class='ocr_line' id='line_1_61' title="bbox 633 3323 2138 3404; baseline -0.007 -18"><span class='ocrx_word' id='word_1_447' title='bbox 633 3332 691 3386; x_wconf 91' lang='lat' dir='ltr'><strong>Si</strong></span> <span class='ocrx_word' id='word_1_448' title='bbox 713 3331 836 3404; x_wconf 91' lang='lat' dir='ltr'><strong>quis</strong></span> <span class='ocrx_word' id='word_1_449' title='bbox 863 3339 1040 3384; x_wconf 86' lang='lat' dir='ltr'><strong>autem</strong></span> <span class='ocrx_word' id='word_1_450' title='bbox 1070 3329 1349 3383; x_wconf 75' lang='lat' dir='ltr'><strong>existimat</strong></span> <span class='ocrx_word' id='word_1_451' title='bbox 1370 3343 1427 3382; x_wconf 91' lang='lat' dir='ltr'><strong>se</strong></span> <span class='ocrx_word' id='word_1_452' title='bbox 1451 3340 1611 3396; x_wconf 88' lang='lat' dir='ltr'><strong>posse</strong></span> <span class='ocrx_word' id='word_1_453' title='bbox 1637 3324 1883 3380; x_wconf 84' lang='lat' dir='ltr'><strong>refellere</strong></span> <span class='ocrx_word' id='word_1_454' title='bbox 1912 3325 1962 3377; x_wconf 92' lang='lat' dir='ltr'><strong>id</strong></span> <span class='ocrx_word' id='word_1_455' title='bbox 1992 3323 2138 3393; x_wconf 90' lang='lat' dir='ltr'><strong>quod</strong></span> 
     </span>
    </p>
   </div>
   <div class='ocr_carea' id='block_1_62' title="bbox 556 3415 2137 3490">
    <p class='ocr_par' dir='ltr' id='par_1_62' title="bbox 556 3415 2137 3490">
     <span class='ocr_line' id='line_1_62' title="bbox 556 3415 2137 3490; baseline -0.006 -13"><span class='ocrx_word' id='word_1_456' title='bbox 556 3423 814 3485; x_wconf 85' lang='lat' dir='ltr'><strong>dicimus,</strong></span> <span class='ocrx_word' id='word_1_457' title='bbox 864 3424 1122 3490; x_wconf 88' lang='lat' dir='ltr'><strong>quoniam</strong></span> <span class='ocrx_word' id='word_1_458' title='bbox 1179 3419 1339 3472; x_wconf 88' lang='lat' dir='ltr'><strong>etiam</strong></span> <span class='ocrx_word' id='word_1_459' title='bbox 1377 3425 1666 3486; x_wconf 89' lang='lat' dir='ltr'><strong>postquam</strong></span> <span class='ocrx_word' id='word_1_460' title='bbox 1733 3415 1836 3470; x_wconf 89' lang='lat' dir='ltr'><strong>fuit</strong></span> <span class='ocrx_word' id='word_1_461' title='bbox 1893 3416 2137 3470; x_wconf 88' lang='lat' dir='ltr'><strong>adhibita</strong></span> 
     </span>
    </p>
   </div>
   <div class='ocr_carea' id='block_1_63' title="bbox 560 3506 2137 3580">
    <p class='ocr_par' dir='ltr' id='par_1_63' title="bbox 560 3506 2137 3580">
     <span class='ocr_line' id='line_1_63' title="bbox 560 3506 2137 3580; baseline -0.006 -13"><span class='ocrx_word' id='word_1_462' title='bbox 560 3507 851 3578; x_wconf 85' lang='lat' dir='ltr'><strong>medicina,</strong></span> <span class='ocrx_word' id='word_1_463' title='bbox 889 3511 1147 3580; x_wconf 84' lang='lat' dir='ltr'><strong>peccandi</strong></span> <span class='ocrx_word' id='word_1_464' title='bbox 1189 3509 1427 3563; x_wconf 87' lang='lat' dir='ltr'><strong>nondum</strong></span> <span class='ocrx_word' id='word_1_465' title='bbox 1489 3507 1647 3563; x_wconf 81' lang='lat' dir='ltr'><strong>linem</strong></span> <span class='ocrx_word' id='word_1_466' title='bbox 1714 3506 1847 3561; x_wconf 88' lang='lat' dir='ltr'><strong>facit</strong></span> <span class='ocrx_word' id='word_1_467' title='bbox 1898 3508 2137 3561; x_wconf 91' lang='lat' dir='ltr'><strong>humana</strong></span> 
     </span>
    </p>
   </div>
   <div class='ocr_carea' id='block_1_64' title="bbox 557 3597 2141 3670">
    <p class='ocr_par' dir='ltr' id='par_1_64' title="bbox 557 3597 2141 3670">
     <span class='ocr_line' id='line_1_64' title="bbox 557 3597 2141 3670; baseline -0.006 -12"><span class='ocrx_word' id='word_1_468' title='bbox 557 3606 671 3658; x_wconf 80' lang='lat' dir='ltr'><strong>vita</strong></span> <span class='ocrx_word' id='word_1_469' title='bbox 696 3647 710 3668; x_wconf 90' lang='lat'><strong>,</strong></span> <span class='ocrx_word' id='word_1_470' title='bbox 759 3605 804 3656; x_wconf 89' lang='lat' dir='ltr'><strong>is</strong></span> <span class='ocrx_word' id='word_1_471' title='bbox 835 3603 1017 3670; x_wconf 89' lang='lat' dir='ltr'><strong>aliquo</strong></span> <span class='ocrx_word' id='word_1_472' title='bbox 1047 3608 1174 3654; x_wconf 89' lang='lat' dir='ltr'><strong>uoto</strong></span> <span class='ocrx_word' id='word_1_473' title='bbox 1215 3609 1266 3654; x_wconf 91' lang='lat' dir='ltr'><strong>et</strong></span> <span class='ocrx_word' id='word_1_474' title='bbox 1303 3597 1560 3651; x_wconf 85' lang='lat' dir='ltr'><strong>familiari</strong></span> <span class='ocrx_word' id='word_1_475' title='bbox 1593 3598 1840 3666; x_wconf 79' lang='lat' dir='ltr'><strong>exemplo</strong></span> <span class='ocrx_word' id='word_1_476' title='bbox 1903 3597 2141 3650; x_wconf 88' lang='lat' dir='ltr'><strong>deduca-</strong></span> 
     </span>
    </p>
   </div>
   <div class='ocr_carea' id='block_1_65' title="bbox 560 3691 2138 3760">
    <p class='ocr_par' dir='ltr' id='par_1_65' title="bbox 560 3691 2138 3760">
     <span class='ocr_line' id='line_1_65' title="bbox 560 3691 2138 3760; baseline -0.005 -8"><span class='ocrx_word' id='word_1_477' title='bbox 560 3709 652 3752; x_wconf 91' lang='lat' dir='ltr'><strong>tur</strong></span> <span class='ocrx_word' id='word_1_478' title='bbox 682 3697 749 3751; x_wconf 89' lang='lat' dir='ltr'><strong>ad</strong></span> <span class='ocrx_word' id='word_1_479' title='bbox 802 3698 1102 3751; x_wconf 86' lang='lat' dir='ltr'><strong>veritatem.</strong></span> <span class='ocrx_word' id='word_1_480' title='bbox 1140 3692 1428 3758; x_wconf 86' lang='lat' dir='ltr'><strong>Quomodo</strong></span> <span class='ocrx_word' id='word_1_481' title='bbox 1457 3691 1602 3746; x_wconf 87' lang='lat' dir='ltr'><strong>enim</strong></span> <span class='ocrx_word' id='word_1_482' title='bbox 1644 3691 1699 3744; x_wconf 92' lang='lat' dir='ltr'><strong>in</strong></span> <span class='ocrx_word' id='word_1_483' title='bbox 1756 3698 2030 3760; x_wconf 89' lang='lat' dir='ltr'><strong>serpente,</strong></span> <span class='ocrx_word' id='word_1_484' title='bbox 2091 3692 2138 3744; x_wconf 92' lang='lat' dir='ltr'><strong>si</strong></span> 
     </span>
    </p>
   </div>
   <div class='ocr_carea' id='block_1_66' title="bbox 561 3782 2138 3856">
    <p class='ocr_par' dir='ltr' id='par_1_66' title="bbox 561 3782 2138 3856">
     <span class='ocr_line' id='line_1_66' title="bbox 561 3782 2138 3856; baseline -0.004 -13"><span class='ocrx_word' id='word_1_485' title='bbox 561 3789 903 3844; x_wconf 87' lang='lat' dir='ltr'><strong>mortiferum</strong></span> <span class='ocrx_word' id='word_1_486' title='bbox 933 3786 1152 3856; x_wconf 87' lang='lat' dir='ltr'><strong>aliquod</strong></span> <span class='ocrx_word' id='word_1_487' title='bbox 1178 3787 1379 3837; x_wconf 89' lang='lat' dir='ltr'><strong>vulnus</strong></span> <span class='ocrx_word' id='word_1_488' title='bbox 1412 3785 1467 3836; x_wconf 92' lang='lat' dir='ltr'><strong>in</strong></span> <span class='ocrx_word' id='word_1_489' title='bbox 1491 3783 1672 3853; x_wconf 90' lang='lat' dir='ltr'><strong>capite</strong></span> <span class='ocrx_word' id='word_1_490' title='bbox 1701 3782 1995 3852; x_wconf 89' lang='lat' dir='ltr'><strong>acceperit,</strong></span> <span class='ocrx_word' id='word_1_491' title='bbox 2029 3797 2138 3836; x_wconf 91' lang='lat' dir='ltr'><strong>non</strong></span> 
     </span>
    </p>
   </div>
   <div class='ocr_carea' id='block_1_67' title="bbox 563 3872 2138 3946">
    <p class='ocr_par' dir='ltr' id='par_1_67' title="bbox 563 3872 2138 3946">
     <span class='ocr_line' id='line_1_67' title="bbox 563 3872 2138 3946; baseline -0.007 -10"><span class='ocrx_word' id='word_1_492' title='bbox 563 3883 742 3936; x_wconf 89' lang='lat' dir='ltr'><strong>statim</strong></span> <span class='ocrx_word' id='word_1_493' title='bbox 779 3880 938 3934; x_wconf 87' lang='lat' dir='ltr'><strong>simul</strong></span> <span class='ocrx_word' id='word_1_494' title='bbox 965 3893 1088 3930; x_wconf 91' lang='lat' dir='ltr'><strong>cum</strong></span> <span class='ocrx_word' id='word_1_495' title='bbox 1121 3877 1298 3946; x_wconf 87' lang='lat' dir='ltr'><strong>capite</strong></span> <span class='ocrx_word' id='word_1_496' title='bbox 1337 3882 1509 3928; x_wconf 87' lang='lat' dir='ltr'><strong>morte</strong></span> <span class='ocrx_word' id='word_1_497' title='bbox 1553 3872 1784 3926; x_wconf 79' lang='lat' dir='ltr'><strong>afficitur</strong></span> <span class='ocrx_word' id='word_1_498' title='bbox 1834 3876 1995 3927; x_wconf 90' lang='lat' dir='ltr'><strong>etiam</strong></span> <span class='ocrx_word' id='word_1_499' title='bbox 2047 3872 2138 3942; x_wconf 76' lang='lat' dir='ltr'><strong>qui</strong></span> 
     </span>
    </p>
   </div>
   <div class='ocr_carea' id='block_1_68' title="bbox 564 3964 2136 4042">
    <p class='ocr_par' dir='ltr' id='par_1_68' title="bbox 564 3964 2136 4042">
     <span class='ocr_line' id='line_1_68' title="bbox 564 3964 2136 4042; baseline -0.006 -17"><span class='ocrx_word' id='word_1_500' title='bbox 564 3990 703 4042; x_wconf 87' lang='lat' dir='ltr'><strong>pone</strong></span> <span class='ocrx_word' id='word_1_501' title='bbox 728 3982 810 4025; x_wconf 91' lang='lat' dir='ltr'><strong>est</strong></span> <span class='ocrx_word' id='word_1_502' title='bbox 839 3977 1068 4030; x_wconf 87' lang='lat' dir='ltr'><strong>tractus,</strong></span> <span class='ocrx_word' id='word_1_503' title='bbox 1101 3969 1194 4022; x_wconf 90' lang='lat' dir='ltr'><strong>sed</strong></span> <span class='ocrx_word' id='word_1_504' title='bbox 1242 3974 1519 4020; x_wconf 84' lang='lat' dir='ltr'><strong>mortuum</strong></span> <span class='ocrx_word' id='word_1_505' title='bbox 1551 3964 1773 4034; x_wconf 89' lang='lat' dir='ltr'><strong>quidem</strong></span> <span class='ocrx_word' id='word_1_506' title='bbox 1809 3974 1895 4018; x_wconf 89' lang='lat' dir='ltr'><strong>est</strong></span> <span class='ocrx_word' id='word_1_507' title='bbox 1949 3972 2136 4034; x_wconf 91' lang='lat' dir='ltr'><strong>caput,</strong></span> 
     </span>
    </p>
   </div>
   <div class='ocr_carea' id='block_1_69' title="bbox 561 4057 2138 4130">
    <p class='ocr_par' dir='ltr' id='par_1_69' title="bbox 561 4057 2138 4130">
     <span class='ocr_line' id='line_1_69' title="bbox 561 4057 2138 4130; baseline -0.004 -13"><span class='ocrx_word' id='word_1_508' title='bbox 561 4063 738 4117; x_wconf 81' lang='lat' dir='ltr'><strong>cauda</strong></span> <span class='ocrx_word' id='word_1_509' title='bbox 767 4072 946 4117; x_wconf 90' lang='lat' dir='ltr'><strong>autem</strong></span> <span class='ocrx_word' id='word_1_510' title='bbox 982 4061 1205 4130; x_wconf 89' lang='lat' dir='ltr'><strong>proprio</strong></span> <span class='ocrx_word' id='word_1_511' title='bbox 1237 4060 1422 4112; x_wconf 85' lang='lat' dir='ltr'><strong>animo</strong></span> <span class='ocrx_word' id='word_1_512' title='bbox 1457 4057 1636 4112; x_wconf 88' lang='lat' dir='ltr'><strong>adhuc</strong></span> <span class='ocrx_word' id='word_1_513' title='bbox 1673 4065 1756 4112; x_wconf 88' lang='lat' dir='ltr'><strong>est</strong></span> <span class='ocrx_word' id='word_1_514' title='bbox 1789 4057 2049 4119; x_wconf 91' lang='lat' dir='ltr'><strong>animata,</strong></span> <span class='ocrx_word' id='word_1_515' title='bbox 2085 4065 2138 4110; x_wconf 91' lang='lat' dir='ltr'><strong>et</strong></span> 
     </span>
    </p>
   </div>
   <div class='ocr_carea' id='block_1_70' title="bbox 561 4145 2135 4217">
    <p class='ocr_par' dir='ltr' id='par_1_70' title="bbox 561 4145 2135 4217">
     <span class='ocr_line' id='line_1_70' title="bbox 561 4145 2135 4217; baseline -0.007 -9"><span class='ocrx_word' id='word_1_516' title='bbox 561 4155 712 4208; x_wconf 88' lang='lat' dir='ltr'><strong>vitali</strong></span> <span class='ocrx_word' id='word_1_517' title='bbox 750 4154 947 4207; x_wconf 89' lang='lat' dir='ltr'><strong>virtute</strong></span> <span class='ocrx_word' id='word_1_518' title='bbox 978 4165 1085 4203; x_wconf 90' lang='lat' dir='ltr'><strong>non</strong></span> <span class='ocrx_word' id='word_1_519' title='bbox 1121 4157 1207 4204; x_wconf 89' lang='lat' dir='ltr'><strong>est</strong></span> <span class='ocrx_word' id='word_1_520' title='bbox 1238 4148 1451 4217; x_wconf 89' lang='lat' dir='ltr'><strong>privata</strong></span> <span class='ocrx_word' id='word_1_521' title='bbox 1485 4164 1500 4200; x_wconf 90' lang='lat'><strong>:</strong></span> <span class='ocrx_word' id='word_1_522' title='bbox 1541 4147 1616 4201; x_wconf 88' lang='lat' dir='ltr'><strong>ita</strong></span> <span class='ocrx_word' id='word_1_523' title='bbox 1661 4145 1825 4201; x_wconf 89' lang='lat' dir='ltr'><strong>etiam</strong></span> <span class='ocrx_word' id='word_1_524' title='bbox 1881 4146 2010 4200; x_wconf 91' lang='lat' dir='ltr'><strong>licet</strong></span> <span class='ocrx_word' id='word_1_525' title='bbox 2050 4146 2135 4200; x_wconf 89' lang='lat' dir='ltr'><strong>vi-</strong></span> 
     </span>
    </p>
   </div>
   <div class='ocr_carea' id='block_1_71' title="bbox 564 4236 2135 4310">
    <p class='ocr_par' dir='ltr' id='par_1_71' title="bbox 564 4236 2135 4310">
     <span class='ocr_line' id='line_1_71' title="bbox 564 4236 2135 4310; baseline -0.006 -10"><span class='ocrx_word' id='word_1_526' title='bbox 564 4249 693 4300; x_wconf 89' lang='lat' dir='ltr'><strong>dere</strong></span> <span class='ocrx_word' id='word_1_527' title='bbox 721 4246 914 4296; x_wconf 83' lang='lat' dir='ltr'><strong>vitium</strong></span> <span class='ocrx_word' id='word_1_528' title='bbox 947 4242 1164 4297; x_wconf 89' lang='lat' dir='ltr'><strong>letifero</strong></span> <span class='ocrx_word' id='word_1_529' title='bbox 1189 4240 1410 4310; x_wconf 88' lang='lat' dir='ltr'><strong>quidem</strong></span> <span class='ocrx_word' id='word_1_530' title='bbox 1440 4239 1668 4292; x_wconf 90' lang='lat' dir='ltr'><strong>vulnere</strong></span> <span class='ocrx_word' id='word_1_531' title='bbox 1708 4236 2042 4301; x_wconf 85' lang='lat' dir='ltr'><strong>confectum,</strong></span> <span class='ocrx_word' id='word_1_532' title='bbox 2081 4239 2135 4291; x_wconf 91' lang='lat' dir='ltr'><strong>in</strong></span> 
     </span>
    </p>
   </div>
   <div class='ocr_carea' id='block_1_72' title="bbox 563 4328 2136 4402">
    <p class='ocr_par' dir='ltr' id='par_1_72' title="bbox 563 4328 2136 4402">
     <span class='ocr_line' id='line_1_72' title="bbox 563 4328 2136 4402; baseline -0.005 -11"><span class='ocrx_word' id='word_1_533' title='bbox 563 4337 681 4391; x_wconf 87' lang='lat' dir='ltr'><strong>suis</strong></span> <span class='ocrx_word' id='word_1_534' title='bbox 711 4345 887 4388; x_wconf 82' lang='lat' dir='ltr'><strong>autent</strong></span> <span class='ocrx_word' id='word_1_535' title='bbox 920 4333 1166 4402; x_wconf 86' lang='lat' dir='ltr'><strong>reliquiis</strong></span> <span class='ocrx_word' id='word_1_536' title='bbox 1192 4332 1316 4384; x_wconf 85' lang='lat' dir='ltr'><strong>vitae</strong></span> <span class='ocrx_word' id='word_1_537' title='bbox 1368 4329 1628 4384; x_wconf 81' lang='lat' dir='ltr'><strong>exhibere</strong></span> <span class='ocrx_word' id='word_1_538' title='bbox 1663 4329 1991 4384; x_wconf 88' lang='lat' dir='ltr'><strong>molestiam.</strong></span> <span class='ocrx_word' id='word_1_539' title='bbox 2032 4328 2136 4383; x_wconf 89' lang='lat' dir='ltr'><strong>Sed</strong></span> 
     </span>
    </p>
   </div>
   <div class='ocr_carea' id='block_1_73' title="bbox 561 4417 2139 4496">
    <p class='ocr_par' dir='ltr' id='par_1_73' title="bbox 561 4417 2139 4496">
     <span class='ocr_line' id='line_1_73' title="bbox 561 4417 2139 4496; baseline -0.006 -14"><span class='ocrx_word' id='word_1_540' title='bbox 561 4443 687 4482; x_wconf 85' lang='lat' dir='ltr'><strong>cum</strong></span> <span class='ocrx_word' id='word_1_541' title='bbox 725 4425 969 4496; x_wconf 84' lang='lat' dir='ltr'><strong>mysterii</strong></span> <span class='ocrx_word' id='word_1_542' title='bbox 1007 4423 1272 4476; x_wconf 87' lang='lat' dir='ltr'><strong>rationem</strong></span> <span class='ocrx_word' id='word_1_543' title='bbox 1301 4421 1353 4473; x_wconf 85' lang='lat' dir='ltr'><strong>in</strong></span> <span class='ocrx_word' id='word_1_544' title='bbox 1381 4420 1468 4475; x_wconf 93' lang='lat' dir='ltr'><strong>his</strong></span> <span class='ocrx_word' id='word_1_545' title='bbox 1511 4417 1909 4488; x_wconf 87' lang='lat' dir='ltr'><strong>reprehendere</strong></span> <span class='ocrx_word' id='word_1_546' title='bbox 1967 4417 2139 4474; x_wconf 88' lang='lat' dir='ltr'><strong>desie-</strong></span> 
     </span>
    </p>
   </div>
   <div class='ocr_carea' id='block_1_74' title="bbox 565 4511 2134 4583">
    <p class='ocr_par' dir='ltr' id='par_1_74' title="bbox 565 4511 2134 4583">
     <span class='ocr_line' id='line_1_74' title="bbox 565 4511 2134 4583; baseline -0.008 -11"><span class='ocrx_word' id='word_1_547' title='bbox 565 4522 696 4583; x_wconf 84' lang='lat' dir='ltr'><strong>rint,</strong></span> <span class='ocrx_word' id='word_1_548' title='bbox 731 4533 925 4572; x_wconf 87' lang='lat' dir='ltr'><strong>rursus</strong></span> <span class='ocrx_word' id='word_1_549' title='bbox 956 4515 1340 4573; x_wconf 86' lang='lat' dir='ltr'><strong>criminantur,</strong></span> <span class='ocrx_word' id='word_1_550' title='bbox 1374 4511 1519 4580; x_wconf 87' lang='lat' dir='ltr'><strong>quod</strong></span> <span class='ocrx_word' id='word_1_551' title='bbox 1555 4511 1688 4565; x_wconf 86' lang='lat' dir='ltr'><strong>fides</strong></span> <span class='ocrx_word' id='word_1_552' title='bbox 1741 4527 1848 4564; x_wconf 89' lang='lat' dir='ltr'><strong>non</strong></span> <span class='ocrx_word' id='word_1_553' title='bbox 1891 4525 1986 4580; x_wconf 92' lang='lat' dir='ltr'><strong>per</strong></span> <span class='ocrx_word' id='word_1_554' title='bbox 2017 4525 2134 4562; x_wconf 91' lang='lat' dir='ltr'><strong>om-</strong></span> 
     </span>
    </p>
   </div>
   <div class='ocr_carea' id='block_1_75' title="bbox 2840 3239 3214 3317">
    <p class='ocr_par' dir='ltr' id='par_1_75' title="bbox 2840 3239 3214 3317">
     <span class='ocr_line' id='line_1_75' title="bbox 2840 3239 3214 3317; baseline 0.008 -26"><span class='ocrx_word' id='word_1_555' title='bbox 2840 3239 3088 3317; x_wconf 65' lang='lat' dir='ltr'><strong>KEIPAA.</strong></span> <span class='ocrx_word' id='word_1_556' title='bbox 3133 3244 3214 3294; x_wconf 89' lang='lat' dir='ltr'><strong>A&#39;.</strong></span> 
     </span>
    </p>
   </div>
   <div class='ocr_carea' id='block_1_76' title="bbox 2318 3328 3820 3404">
    <p class='ocr_par' dir='ltr' id='par_1_76' title="bbox 2318 3328 3820 3404">
     <span class='ocr_line' id='line_1_76' title="bbox 2318 3328 3820 3404; baseline 0.008 -25"><span class='ocrx_word' id='word_1_557' title='bbox 2318 3328 2379 3380; x_wconf 83' lang='grc' dir='ltr'><strong>ΕΞ</strong></span> <span class='ocrx_word' id='word_1_558' title='bbox 2407 3329 2466 3381; x_wconf 86' lang='grc' dir='ltr'><strong>δέ</strong></span> <span class='ocrx_word' id='word_1_559' title='bbox 2504 3347 2587 3393; x_wconf 83' lang='grc' dir='ltr'><strong>τις</strong></span> <span class='ocrx_word' id='word_1_560' title='bbox 2630 3331 2870 3401; x_wconf 76' lang='grc' dir='ltr'>ἐλέγχειν</span> <span class='ocrx_word' id='word_1_561' title='bbox 2903 3333 3070 3386; x_wconf 82' lang='grc' dir='ltr'>οἴεται</span> <span class='ocrx_word' id='word_1_562' title='bbox 3102 3333 3194 3385; x_wconf 82' lang='grc' dir='ltr'><strong>τὸν</strong></span> <span class='ocrx_word' id='word_1_563' title='bbox 3235 3333 3499 3404; x_wconf 81' lang='grc' dir='ltr'>ἡμέτερον</span> <span class='ocrx_word' id='word_1_564' title='bbox 3531 3334 3704 3404; x_wconf 81' lang='grc' dir='ltr'>λόγον.</span> <span class='ocrx_word' id='word_1_565' title='bbox 3736 3337 3820 3391; x_wconf 81' lang='grc' dir='ltr'>ὅτι</span> 
     </span>
    </p>
   </div>
   <div class='ocr_carea' id='block_1_77' title="bbox 2246 3417 3819 3498">
    <p class='ocr_par' dir='ltr' id='par_1_77' title="bbox 2246 3417 3819 3498">
     <span class='ocr_line' id='line_1_77' title="bbox 2246 3417 3819 3498; baseline 0.008 -31"><span class='ocrx_word' id='word_1_566' title='bbox 2246 3417 2338 3469; x_wconf 73' lang='grc' dir='ltr'><strong>καὶ</strong></span> <span class='ocrx_word' id='word_1_567' title='bbox 2373 3419 2509 3486; x_wconf 87' lang='grc' dir='ltr'><strong>μετά</strong></span> <span class='ocrx_word' id='word_1_568' title='bbox 2540 3420 2602 3472; x_wconf 83' lang='grc' dir='ltr'><strong>τὸ</strong></span> <span class='ocrx_word' id='word_1_569' title='bbox 2650 3421 3026 3492; x_wconf 86' lang='grc' dir='ltr'>προσαχθῆναι</span> <span class='ocrx_word' id='word_1_570' title='bbox 3055 3423 3153 3494; x_wconf 86' lang='grc' dir='ltr'><strong>τὴν</strong></span> <span class='ocrx_word' id='word_1_571' title='bbox 3197 3423 3488 3494; x_wconf 83' lang='grc' dir='ltr'>θεραπείαν</span> <span class='ocrx_word' id='word_1_572' title='bbox 3521 3425 3601 3479; x_wconf 84' lang='grc' dir='ltr'><strong>ἕτι</strong></span> <span class='ocrx_word' id='word_1_573' title='bbox 3640 3427 3819 3498; x_wconf 85' lang='grc' dir='ltr'>πλημ-</span> 
     </span>
    </p>
   </div>
   <div class='ocr_carea' id='block_1_78' title="bbox 2249 3509 3815 3588">
    <p class='ocr_par' dir='ltr' id='par_1_78' title="bbox 2249 3509 3815 3588">
     <span class='ocr_line' id='line_1_78' title="bbox 2249 3509 3815 3588; baseline 0.007 -27"><span class='ocrx_word' id='word_1_574' title='bbox 2249 3509 2488 3578; x_wconf 83' lang='grc' dir='ltr'>μελεῖται</span> <span class='ocrx_word' id='word_1_575' title='bbox 2521 3513 2608 3565; x_wconf 88' lang='grc' dir='ltr'><strong>διά</strong></span> <span class='ocrx_word' id='word_1_576' title='bbox 2655 3515 2762 3567; x_wconf 87' lang='grc' dir='ltr'><strong>τῶν</strong></span> <span class='ocrx_word' id='word_1_577' title='bbox 2806 3517 3218 3587; x_wconf 81' lang='grc' dir='ltr'>ἁμαρτημάτων</span> <span class='ocrx_word' id='word_1_578' title='bbox 3245 3519 3273 3570; x_wconf 88' lang='grc' dir='ltr'><strong>ό</strong></span> <span class='ocrx_word' id='word_1_579' title='bbox 3317 3517 3652 3588; x_wconf 83' lang='grc' dir='ltr'>ἀνθρώπινος</span> <span class='ocrx_word' id='word_1_580' title='bbox 3681 3519 3815 3588; x_wconf 81' lang='grc' dir='ltr'>βίος,</span> 
     </span>
    </p>
   </div>
   <div class='ocr_carea' id='block_1_79' title="bbox 2247 3603 3816 3681">
    <p class='ocr_par' dir='ltr' id='par_1_79' title="bbox 2247 3603 3816 3681">
     <span class='ocr_line' id='line_1_79' title="bbox 2247 3603 3816 3681; baseline 0.006 -26"><span class='ocrx_word' id='word_1_581' title='bbox 2247 3603 2604 3675; x_wconf 85' lang='grc' dir='ltr'>ὑποδείγματί</span> <span class='ocrx_word' id='word_1_582' title='bbox 2639 3624 2741 3658; x_wconf 89' lang='grc' dir='ltr'>τινι</span> <span class='ocrx_word' id='word_1_583' title='bbox 2768 3607 2877 3660; x_wconf 87' lang='grc' dir='ltr'><strong>τῶν</strong></span> <span class='ocrx_word' id='word_1_584' title='bbox 2905 3609 3194 3677; x_wconf 86' lang='grc' dir='ltr'>γνωρίμων</span> <span class='ocrx_word' id='word_1_585' title='bbox 3222 3608 3538 3678; x_wconf 77' lang='grc' dir='ltr'>ὀδηγηθήτω</span> <span class='ocrx_word' id='word_1_586' title='bbox 3558 3610 3691 3680; x_wconf 82' lang='grc' dir='ltr'>πρὸς</span> <span class='ocrx_word' id='word_1_587' title='bbox 3714 3612 3816 3681; x_wconf 81' lang='grc' dir='ltr'><strong>τὴν</strong></span> 
     </span>
    </p>
   </div>
   <div class='ocr_carea' id='block_1_80' title="bbox 2247 3693 3817 3770">
    <p class='ocr_par' dir='ltr' id='par_1_80' title="bbox 2247 3693 3817 3770">
     <span class='ocr_line' id='line_1_80' title="bbox 2247 3693 3817 3770; baseline 0.005 -24"><span class='ocrx_word' id='word_1_588' title='bbox 2247 3693 2521 3764; x_wconf 84' lang='grc' dir='ltr'>ἀλήθειαν.</span> <span class='ocrx_word' id='word_1_589' title='bbox 2556 3697 2770 3767; x_wconf 84' lang='grc' dir='ltr'>Ὥσπερ</span> <span class='ocrx_word' id='word_1_590' title='bbox 2799 3697 2907 3767; x_wconf 77' lang='grc' dir='ltr'>γὰρ</span> <span class='ocrx_word' id='word_1_591' title='bbox 2936 3698 3030 3750; x_wconf 74' lang='grc' dir='ltr'>ἐπὶ</span> <span class='ocrx_word' id='word_1_592' title='bbox 3063 3697 3157 3750; x_wconf 80' lang='grc' dir='ltr'>τοῦ</span> <span class='ocrx_word' id='word_1_593' title='bbox 3196 3698 3371 3768; x_wconf 76' lang='grc' dir='ltr'>ὄφεως</span> <span class='ocrx_word' id='word_1_594' title='bbox 3407 3701 3452 3751; x_wconf 82' lang='grc' dir='ltr'>εἰ</span> <span class='ocrx_word' id='word_1_595' title='bbox 3487 3702 3628 3754; x_wconf 81' lang='grc' dir='ltr'><strong>κατά</strong></span> <span class='ocrx_word' id='word_1_596' title='bbox 3657 3719 3817 3770; x_wconf 87' lang='grc' dir='ltr'>κεφα-</span> 
     </span>
    </p>
   </div>
   <div class='ocr_carea' id='block_1_81' title="bbox 2246 3784 3813 3863">
    <p class='ocr_par' dir='ltr' id='par_1_81' title="bbox 2246 3784 3813 3863">
     <span class='ocr_line' id='line_1_81' title="bbox 2246 3784 3813 3863; baseline 0.006 -28"><span class='ocrx_word' id='word_1_597' title='bbox 2246 3784 2342 3855; x_wconf 78' lang='grc' dir='ltr'><strong>λῆς</strong></span> <span class='ocrx_word' id='word_1_598' title='bbox 2372 3786 2470 3857; x_wconf 86' lang='grc' dir='ltr'><strong>τὴν</strong></span> <span class='ocrx_word' id='word_1_599' title='bbox 2515 3789 2736 3859; x_wconf 87' lang='grc' dir='ltr'>καιρίαν</span> <span class='ocrx_word' id='word_1_600' title='bbox 2769 3787 2944 3853; x_wconf 76' lang='grc' dir='ltr'>λάϐοι,</span> <span class='ocrx_word' id='word_1_601' title='bbox 2975 3791 3076 3842; x_wconf 73' lang='grc' dir='ltr'><strong>οὐκ</strong></span> <span class='ocrx_word' id='word_1_602' title='bbox 3122 3791 3283 3852; x_wconf 82' lang='grc' dir='ltr'>εὐθὺς</span> <span class='ocrx_word' id='word_1_603' title='bbox 3331 3791 3713 3860; x_wconf 82' lang='grc' dir='ltr'>συννεκρούται</span> <span class='ocrx_word' id='word_1_604' title='bbox 3749 3795 3813 3863; x_wconf 80' lang='grc' dir='ltr'>τῇ</span> 
     </span>
    </p>
   </div>
   <div class='ocr_carea' id='block_1_82' title="bbox 2245 3878 3817 3952">
    <p class='ocr_par' dir='ltr' id='par_1_82' title="bbox 2245 3878 3817 3952">
     <span class='ocr_line' id='line_1_82' title="bbox 2245 3878 3817 3952; baseline 0.005 -24"><span class='ocrx_word' id='word_1_605' title='bbox 2245 3878 2452 3949; x_wconf 81' lang='grc' dir='ltr'>κεφαλῇ</span> <span class='ocrx_word' id='word_1_606' title='bbox 2489 3880 2633 3932; x_wconf 85' lang='grc' dir='ltr'>καὶὸ</span> <span class='ocrx_word' id='word_1_607' title='bbox 2671 3881 2900 3933; x_wconf 91' lang='grc' dir='ltr'>κατόπιν</span> <span class='ocrx_word' id='word_1_608' title='bbox 2930 3879 3103 3944; x_wconf 77' lang='grc' dir='ltr'>ὁλκὸς,</span> <span class='ocrx_word' id='word_1_609' title='bbox 3130 3881 3243 3933; x_wconf 83' lang='grc' dir='ltr'>ἀλλ’</span> <span class='ocrx_word' id='word_1_610' title='bbox 3273 3885 3306 3952; x_wconf 87' lang='grc' dir='ltr'><strong>ή</strong></span> <span class='ocrx_word' id='word_1_611' title='bbox 3341 3883 3438 3951; x_wconf 84' lang='grc' dir='ltr'><strong>μὲν</strong></span> <span class='ocrx_word' id='word_1_612' title='bbox 3475 3882 3723 3952; x_wconf 69' lang='grc' dir='ltr'>τέθνηκε,</span> <span class='ocrx_word' id='word_1_613' title='bbox 3757 3885 3817 3936; x_wconf 69' lang='grc' dir='ltr'>τὸ</span> 
     </span>
    </p>
   </div>
   <div class='ocr_carea' id='block_1_83' title="bbox 2245 3968 3814 4045">
    <p class='ocr_par' dir='ltr' id='par_1_83' title="bbox 2245 3968 3814 4045">
     <span class='ocr_line' id='line_1_83' title="bbox 2245 3968 3814 4045; baseline 0.005 -25"><span class='ocrx_word' id='word_1_614' title='bbox 2245 3968 2301 4021; x_wconf 83' lang='grc' dir='ltr'><strong>δὲ</strong></span> <span class='ocrx_word' id='word_1_615' title='bbox 2329 3970 2518 4040; x_wconf 83' lang='grc' dir='ltr'>ούρέον</span> <span class='ocrx_word' id='word_1_616' title='bbox 2551 3970 2628 4024; x_wconf 82' lang='grc' dir='ltr'><strong>έτι</strong></span> <span class='ocrx_word' id='word_1_617' title='bbox 2657 3972 2931 4042; x_wconf 73' lang='grc' dir='ltr'>ἐψύχωται</span> <span class='ocrx_word' id='word_1_618' title='bbox 2959 3971 3036 4042; x_wconf 82' lang='grc' dir='ltr'>τῷ</span> <span class='ocrx_word' id='word_1_619' title='bbox 3066 3973 3179 4044; x_wconf 73' lang='grc' dir='ltr'>ἰδίῳ</span> <span class='ocrx_word' id='word_1_620' title='bbox 3200 3973 3376 4045; x_wconf 83' lang='grc' dir='ltr'>θυμῷ,</span> <span class='ocrx_word' id='word_1_621' title='bbox 3406 3978 3499 4026; x_wconf 72' lang='grc' dir='ltr'>καὶ</span> <span class='ocrx_word' id='word_1_622' title='bbox 3527 3975 3625 4044; x_wconf 88' lang='grc' dir='ltr'><strong>τῆς</strong></span> <span class='ocrx_word' id='word_1_623' title='bbox 3656 3975 3814 4040; x_wconf 77' lang='grc' dir='ltr'>ζωτι-</span> 
     </span>
    </p>
   </div>
   <div class='ocr_carea' id='block_1_84' title="bbox 2246 4059 3816 4134">
    <p class='ocr_par' dir='ltr' id='par_1_84' title="bbox 2246 4059 3816 4134">
     <span class='ocr_line' id='line_1_84' title="bbox 2246 4059 3816 4134; baseline 0.004 -24"><span class='ocrx_word' id='word_1_624' title='bbox 2246 4060 2346 4128; x_wconf 86' lang='grc' dir='ltr'><strong>κῆς</strong></span> <span class='ocrx_word' id='word_1_625' title='bbox 2372 4059 2654 4128; x_wconf 83' lang='grc' dir='ltr'>δυνάμεως</span> <span class='ocrx_word' id='word_1_626' title='bbox 2697 4063 2797 4114; x_wconf 84' lang='grc' dir='ltr'>οὐκ</span> <span class='ocrx_word' id='word_1_627' title='bbox 2843 4061 3168 4131; x_wconf 80' lang='grc' dir='ltr'>ἐστέρηται·</span> <span class='ocrx_word' id='word_1_628' title='bbox 3206 4062 3377 4126; x_wconf 78' lang='grc' dir='ltr'>οὕτως</span> <span class='ocrx_word' id='word_1_629' title='bbox 3429 4063 3545 4116; x_wconf 75' lang='grc' dir='ltr'>ἐστι</span> <span class='ocrx_word' id='word_1_630' title='bbox 3592 4065 3687 4116; x_wconf 72' lang='grc' dir='ltr'>καὶ</span> <span class='ocrx_word' id='word_1_631' title='bbox 3718 4064 3816 4134; x_wconf 78' lang='grc' dir='ltr'>τὴν</span> 
     </span>
    </p>
   </div>
   <div class='ocr_carea' id='block_1_85' title="bbox 2245 4149 3816 4221">
    <p class='ocr_par' dir='ltr' id='par_1_85' title="bbox 2245 4149 3816 4221">
     <span class='ocr_line' id='line_1_85' title="bbox 2245 4149 3816 4221; baseline 0.003 -21"><span class='ocrx_word' id='word_1_632' title='bbox 2245 4149 2440 4202; x_wconf 88' lang='grc' dir='ltr'>κακίαν</span> <span class='ocrx_word' id='word_1_633' title='bbox 2492 4150 2618 4202; x_wconf 81' lang='grc' dir='ltr'>ἰδεῖν</span> <span class='ocrx_word' id='word_1_634' title='bbox 2644 4149 2724 4217; x_wconf 83' lang='grc' dir='ltr'><strong>τῷ</strong></span> <span class='ocrx_word' id='word_1_635' title='bbox 2759 4151 2856 4220; x_wconf 81' lang='grc' dir='ltr'>μὲν</span> <span class='ocrx_word' id='word_1_636' title='bbox 2904 4151 3104 4221; x_wconf 82' lang='grc' dir='ltr'>καιρίῳ</span> <span class='ocrx_word' id='word_1_637' title='bbox 3157 4150 3470 4221; x_wconf 83' lang='grc' dir='ltr'>πληγεῖσαν,</span> <span class='ocrx_word' id='word_1_638' title='bbox 3511 4153 3568 4204; x_wconf 84' lang='grc' dir='ltr'><strong>ἐν</strong></span> <span class='ocrx_word' id='word_1_639' title='bbox 3613 4153 3670 4205; x_wconf 80' lang='grc' dir='ltr'><strong>δὲ</strong></span> <span class='ocrx_word' id='word_1_640' title='bbox 3706 4155 3816 4215; x_wconf 82' lang='grc' dir='ltr'>τοῖς</span> 
     </span>
    </p>
   </div>
   <div class='ocr_carea' id='block_1_86' title="bbox 2244 4238 3815 4315">
    <p class='ocr_par' dir='ltr' id='par_1_86' title="bbox 2244 4238 3815 4315">
     <span class='ocr_line' id='line_1_86' title="bbox 2244 4238 3815 4315; baseline 0.004 -24"><span class='ocrx_word' id='word_1_641' title='bbox 2244 4238 2514 4308; x_wconf 74' lang='grc' dir='ltr'>λειψάνοις</span> <span class='ocrx_word' id='word_1_642' title='bbox 2578 4241 2775 4310; x_wconf 77' lang='grc' dir='ltr'>ἑαυτῆς</span> <span class='ocrx_word' id='word_1_643' title='bbox 2829 4241 2909 4293; x_wconf 78' lang='grc' dir='ltr'>ἔτι</span> <span class='ocrx_word' id='word_1_644' title='bbox 2973 4242 3286 4312; x_wconf 82' lang='grc' dir='ltr'>διοχλοῦσαν</span> <span class='ocrx_word' id='word_1_645' title='bbox 3354 4243 3428 4314; x_wconf 85' lang='grc' dir='ltr'><strong>τῷ</strong></span> <span class='ocrx_word' id='word_1_646' title='bbox 3491 4245 3609 4315; x_wconf 84' lang='grc' dir='ltr'><strong>βίῳ.</strong></span> <span class='ocrx_word' id='word_1_647' title='bbox 3678 4245 3815 4297; x_wconf 80' lang='grc' dir='ltr'>Ἀλλ’</span> 
     </span>
    </p>
   </div>
   <div class='ocr_carea' id='block_1_87' title="bbox 2248 4331 3813 4407">
    <p class='ocr_par' dir='ltr' id='par_1_87' title="bbox 2248 4331 3813 4407">
     <span class='ocr_line' id='line_1_87' title="bbox 2248 4331 3813 4407; baseline 0.004 -25"><span class='ocrx_word' id='word_1_648' title='bbox 2248 4331 2469 4396; x_wconf 82' lang='grc' dir='ltr'>ἀφέντες</span> <span class='ocrx_word' id='word_1_649' title='bbox 2491 4333 2586 4384; x_wconf 75' lang='grc' dir='ltr'>καὶ</span> <span class='ocrx_word' id='word_1_650' title='bbox 2611 4331 2701 4385; x_wconf 82' lang='grc' dir='ltr'><strong>τὸν</strong></span> <span class='ocrx_word' id='word_1_651' title='bbox 2723 4334 2849 4404; x_wconf 82' lang='grc' dir='ltr'>περὶ</span> <span class='ocrx_word' id='word_1_652' title='bbox 2872 4334 3074 4386; x_wconf 86' lang='grc' dir='ltr'>τούτων</span> <span class='ocrx_word' id='word_1_653' title='bbox 3096 4335 3184 4387; x_wconf 75' lang='grc' dir='ltr'><strong>τὸν</strong></span> <span class='ocrx_word' id='word_1_654' title='bbox 3209 4335 3362 4403; x_wconf 90' lang='grc' dir='ltr'>λόγον</span> <span class='ocrx_word' id='word_1_655' title='bbox 3391 4336 3483 4388; x_wconf 83' lang='grc' dir='ltr'>τοῦ</span> <span class='ocrx_word' id='word_1_656' title='bbox 3517 4337 3813 4407; x_wconf 81' lang='grc' dir='ltr'>μυστηρίου</span> 
     </span>
    </p>
   </div>
   <div class='ocr_carea' id='block_1_88' title="bbox 2247 4419 3818 4495">
    <p class='ocr_par' dir='ltr' id='par_1_88' title="bbox 2247 4419 3818 4495">
     <span class='ocr_line' id='line_1_88' title="bbox 2247 4419 3818 4495; baseline 0.006 -26"><span class='ocrx_word' id='word_1_657' title='bbox 2247 4419 2575 4487; x_wconf 86' lang='grc' dir='ltr'>μέμφεσθαι,</span> <span class='ocrx_word' id='word_1_658' title='bbox 2608 4421 2667 4473; x_wconf 84' lang='grc' dir='ltr'><strong>τὸ</strong></span> <span class='ocrx_word' id='word_1_659' title='bbox 2693 4422 2767 4492; x_wconf 81' lang='grc' dir='ltr'><strong>μὴ</strong></span> <span class='ocrx_word' id='word_1_660' title='bbox 2795 4422 2883 4476; x_wconf 85' lang='grc' dir='ltr'><strong>διά</strong></span> <span class='ocrx_word' id='word_1_661' title='bbox 2906 4423 3123 4476; x_wconf 86' lang='grc' dir='ltr'>πάντων</span> <span class='ocrx_word' id='word_1_662' title='bbox 3154 4423 3356 4493; x_wconf 85' lang='grc' dir='ltr'>διήκειν</span> <span class='ocrx_word' id='word_1_663' title='bbox 3384 4423 3492 4476; x_wconf 86' lang='grc' dir='ltr'><strong>τῶν</strong></span> <span class='ocrx_word' id='word_1_664' title='bbox 3515 4423 3818 4495; x_wconf 66' lang='grc' dir='ltr'>ἀνθρώπων</span> 
     </span>
    </p>
   </div>
   <div class='ocr_carea' id='block_1_89' title="bbox 2243 4509 3818 4586">
    <p class='ocr_par' dir='ltr' id='par_1_89' title="bbox 2243 4509 3818 4586">
     <span class='ocr_line' id='line_1_89' title="bbox 2243 4509 3818 4586; baseline 0.004 -25"><span class='ocrx_word' id='word_1_665' title='bbox 2243 4509 2342 4580; x_wconf 80' lang='grc' dir='ltr'><strong>τὴν</strong></span> <span class='ocrx_word' id='word_1_666' title='bbox 2376 4510 2557 4563; x_wconf 90' lang='grc' dir='ltr'>πίστιν</span> <span class='ocrx_word' id='word_1_667' title='bbox 2606 4512 2663 4565; x_wconf 81' lang='grc' dir='ltr'>ἐν</span> <span class='ocrx_word' id='word_1_668' title='bbox 2697 4514 2845 4584; x_wconf 79' lang='grc' dir='ltr'>αἰτίᾳ</span> <span class='ocrx_word' id='word_1_669' title='bbox 2893 4513 3192 4568; x_wconf 76' lang='grc' dir='ltr'>ποιοῦνται.</span> <span class='ocrx_word' id='word_1_670' title='bbox 3226 4515 3334 4568; x_wconf 55' lang='grc' dir='ltr'><strong>Καὶ⁵</strong></span> <span class='ocrx_word' id='word_1_671' title='bbox 3377 4515 3431 4567; x_wconf 79' lang='grc' dir='ltr'><strong>τί</strong></span> <span class='ocrx_word' id='word_1_672' title='bbox 3462 4515 3683 4585; x_wconf 87' lang='grc' dir='ltr'>δήποτε,</span> <span class='ocrx_word' id='word_1_673' title='bbox 3714 4533 3818 4586; x_wconf 85' lang='grc' dir='ltr'>φα-</span> 
     </span>
    </p>
   </div>
   <div class='ocr_carea' id='block_1_90' title="bbox 563 4597 2135 4681">
    <p class='ocr_par' dir='ltr' id='par_1_90' title="bbox 563 4603 2135 4681">
     <span class='ocr_line' id='line_1_90' title="bbox 563 4603 2135 4681; baseline -0.008 -15"><span class='ocrx_word' id='word_1_674' title='bbox 563 4628 664 4669; x_wconf 87' lang='lat' dir='ltr'><strong>nes</strong></span> <span class='ocrx_word' id='word_1_675' title='bbox 695 4610 956 4681; x_wconf 84' lang='lat' dir='ltr'><strong>pervadat</strong></span> <span class='ocrx_word' id='word_1_676' title='bbox 989 4607 1257 4661; x_wconf 88' lang='lat' dir='ltr'><strong>homines.</strong></span> <span class='ocrx_word' id='word_1_677' title='bbox 1307 4604 1418 4658; x_wconf 89' lang='lat' dir='ltr'><strong>Cur</strong></span> <span class='ocrx_word' id='word_1_678' title='bbox 1449 4603 1693 4668; x_wconf 86' lang='lat' dir='ltr'><strong>tandem,</strong></span> <span class='ocrx_word' id='word_1_679' title='bbox 1725 4603 2001 4671; x_wconf 91' lang='lat' dir='ltr'><strong>inquiunt,</strong></span> <span class='ocrx_word' id='word_1_680' title='bbox 2033 4616 2135 4654; x_wconf 91' lang='lat' dir='ltr'><strong>non</strong></span> 
     </span>
    </p>
   </div>
   <div class='ocr_carea' id='block_1_91' title="bbox 2241 4597 3816 4681">
    <p class='ocr_par' dir='ltr' id='par_1_91' title="bbox 2247 4600 3816 4677">
     <span class='ocr_line' id='line_1_91' title="bbox 2247 4600 3816 4677; baseline 0.006 -26"><span class='ocrx_word' id='word_1_681' title='bbox 2247 4600 2350 4663; x_wconf 73' lang='grc' dir='ltr'>σὶν,</span> <span class='ocrx_word' id='word_1_682' title='bbox 2379 4601 2476 4653; x_wconf 90' lang='grc' dir='ltr'><strong>ούκ</strong></span> <span class='ocrx_word' id='word_1_683' title='bbox 2505 4602 2596 4654; x_wconf 80' lang='grc' dir='ltr'>ἐπὶ</span> <span class='ocrx_word' id='word_1_684' title='bbox 2622 4603 2828 4667; x_wconf 82' lang='grc' dir='ltr'>πάντας</span> <span class='ocrx_word' id='word_1_685' title='bbox 2851 4600 3011 4674; x_wconf 77' lang='grc' dir='ltr'>ἦλθεν</span> <span class='ocrx_word' id='word_1_686' title='bbox 3041 4607 3073 4674; x_wconf 83' lang='grc' dir='ltr'><strong>ή</strong></span> <span class='ocrx_word' id='word_1_687' title='bbox 3096 4605 3276 4676; x_wconf 89' lang='grc' dir='ltr'>χάρις,</span> <span class='ocrx_word' id='word_1_688' title='bbox 3301 4605 3437 4659; x_wconf 81' lang='grc' dir='ltr'>ἀλλά</span> <span class='ocrx_word' id='word_1_689' title='bbox 3460 4623 3620 4660; x_wconf 85' lang='grc' dir='ltr'>τινων</span> <span class='ocrx_word' id='word_1_690' title='bbox 3649 4624 3816 4677; x_wconf 84' lang='grc' dir='ltr'>προσ-</span> 
     </span>
    </p>
   </div>
   <div class='ocr_carea' id='block_1_92' title="bbox 566 4693 2138 4767">
    <p class='ocr_par' dir='ltr' id='par_1_92' title="bbox 566 4693 2138 4767">
     <span class='ocr_line' id='line_1_92' title="bbox 566 4693 2138 4767; baseline -0.005 -13"><span class='ocrx_word' id='word_1_691' title='bbox 566 4702 635 4756; x_wconf 87' lang='lat' dir='ltr'><strong>ad</strong></span> <span class='ocrx_word' id='word_1_692' title='bbox 668 4716 862 4756; x_wconf 91' lang='lat' dir='ltr'><strong>omnes</strong></span> <span class='ocrx_word' id='word_1_693' title='bbox 896 4699 1042 4754; x_wconf 90' lang='lat' dir='ltr'><strong>venit</strong></span> <span class='ocrx_word' id='word_1_694' title='bbox 1072 4696 1268 4767; x_wconf 81' lang='lat' dir='ltr'><strong>gratia,</strong></span> <span class='ocrx_word' id='word_1_695' title='bbox 1309 4693 1406 4748; x_wconf 86' lang='lat' dir='ltr'><strong>sed</strong></span> <span class='ocrx_word' id='word_1_696' title='bbox 1440 4707 1565 4748; x_wconf 92' lang='lat' dir='ltr'><strong>cum</strong></span> <span class='ocrx_word' id='word_1_697' title='bbox 1611 4694 1778 4763; x_wconf 91' lang='lat' dir='ltr'><strong>aliqui</strong></span> <span class='ocrx_word' id='word_1_698' title='bbox 1815 4694 1880 4746; x_wconf 91' lang='lat' dir='ltr'><strong>ad</strong></span> <span class='ocrx_word' id='word_1_699' title='bbox 1913 4693 2138 4747; x_wconf 87' lang='lat' dir='ltr'><strong>verbum</strong></span> 
     </span>
    </p>
   </div>
   <div class='ocr_carea' id='block_1_93' title="bbox 539 4784 2142 4855">
    <p class='ocr_par' dir='ltr' id='par_1_93' title="bbox 539 4784 2142 4855">
     <span class='ocr_line' id='line_1_93' title="bbox 539 4784 2142 4855; baseline -0.005 -11"><span class='ocrx_word' id='word_1_700' title='bbox 539 4792 658 4844; x_wconf 73' lang='lat' dir='ltr'><strong>&#39;Dei</strong></span> <span class='ocrx_word' id='word_1_701' title='bbox 694 4788 1045 4853; x_wconf 84' lang='lat' dir='ltr'><strong>accesserint,</strong></span> <span class='ocrx_word' id='word_1_702' title='bbox 1080 4803 1187 4840; x_wconf 91' lang='lat' dir='ltr'><strong>non</strong></span> <span class='ocrx_word' id='word_1_703' title='bbox 1222 4801 1385 4855; x_wconf 86' lang='lat' dir='ltr'><strong>parva</strong></span> <span class='ocrx_word' id='word_1_704' title='bbox 1423 4800 1549 4855; x_wconf 87' lang='lat' dir='ltr'><strong>pars</strong></span> <span class='ocrx_word' id='word_1_705' title='bbox 1574 4793 1658 4839; x_wconf 87' lang='lat' dir='ltr'><strong>est</strong></span> <span class='ocrx_word' id='word_1_706' title='bbox 1692 4799 1882 4838; x_wconf 91' lang='lat' dir='ltr'><strong>eorum</strong></span> <span class='ocrx_word' id='word_1_707' title='bbox 1923 4784 2015 4853; x_wconf 89' lang='lat' dir='ltr'><strong>qui</strong></span> <span class='ocrx_word' id='word_1_708' title='bbox 2047 4784 2142 4837; x_wconf 87' lang='lat' dir='ltr'><strong>de-</strong></span> 
     </span>
    </p>
   </div>
   <div class='ocr_carea' id='block_1_94' title="bbox 564 4879 2141 4947">
    <p class='ocr_par' dir='ltr' id='par_1_94' title="bbox 564 4879 2141 4947">
     <span class='ocr_line' id='line_1_94' title="bbox 564 4879 2141 4947; baseline -0.004 -11"><span class='ocrx_word' id='word_1_709' title='bbox 564 4891 714 4947; x_wconf 88' lang='lat' dir='ltr'><strong>sunt,</strong></span> <span class='ocrx_word' id='word_1_710' title='bbox 748 4898 870 4937; x_wconf 92' lang='lat' dir='ltr'><strong>cum</strong></span> <span class='ocrx_word' id='word_1_711' title='bbox 900 4889 993 4934; x_wconf 89' lang='lat' dir='ltr'><strong>aut</strong></span> <span class='ocrx_word' id='word_1_712' title='bbox 1035 4879 1178 4934; x_wconf 90' lang='lat' dir='ltr'><strong>Deus</strong></span> <span class='ocrx_word' id='word_1_713' title='bbox 1217 4880 1458 4932; x_wconf 87' lang='lat' dir='ltr'><strong>noluerit</strong></span> <span class='ocrx_word' id='word_1_714' title='bbox 1481 4879 1737 4932; x_wconf 89' lang='lat' dir='ltr'><strong>omnibus</strong></span> <span class='ocrx_word' id='word_1_715' title='bbox 1769 4879 1982 4932; x_wconf 89' lang='lat' dir='ltr'><strong>abunde</strong></span> <span class='ocrx_word' id='word_1_716' title='bbox 2038 4881 2141 4930; x_wconf 91' lang='lat' dir='ltr'><strong>im-</strong></span> 
     </span>
    </p>
   </div>
   <div class='ocr_carea' id='block_1_95' title="bbox 568 4967 2142 5039">
    <p class='ocr_par' dir='ltr' id='par_1_95' title="bbox 568 4967 2142 5039">
     <span class='ocr_line' id='line_1_95' title="bbox 568 4967 2142 5039; baseline -0.001 -18"><span class='ocrx_word' id='word_1_717' title='bbox 568 4974 770 5039; x_wconf 86' lang='lat' dir='ltr'><strong>pertire</strong></span> <span class='ocrx_word' id='word_1_718' title='bbox 801 4971 1150 5031; x_wconf 86' lang='lat' dir='ltr'><strong>beuefteium,</strong></span> <span class='ocrx_word' id='word_1_719' title='bbox 1183 4978 1276 5022; x_wconf 93' lang='lat' dir='ltr'><strong>aut</strong></span> <span class='ocrx_word' id='word_1_720' title='bbox 1308 4970 1530 5022; x_wconf 88' lang='lat' dir='ltr'><strong>omnino</strong></span> <span class='ocrx_word' id='word_1_721' title='bbox 1557 4983 1665 5021; x_wconf 90' lang='lat' dir='ltr'><strong>non</strong></span> <span class='ocrx_word' id='word_1_722' title='bbox 1699 4967 1980 5036; x_wconf 85' lang='lat' dir='ltr'><strong>potuerit?</strong></span> <span class='ocrx_word' id='word_1_723' title='bbox 2010 4981 2142 5035; x_wconf 88' lang='lat' dir='ltr'><strong>quo-</strong></span> 
     </span>
    </p>
   </div>
   <div class='ocr_carea' id='block_1_96' title="bbox 567 5061 2139 5133">
    <p class='ocr_par' dir='ltr' id='par_1_96' title="bbox 567 5061 2139 5133">
     <span class='ocr_line' id='line_1_96' title="bbox 567 5061 2139 5133; baseline -0.003 -17"><span class='ocrx_word' id='word_1_724' title='bbox 567 5081 687 5118; x_wconf 82' lang='lat' dir='ltr'><strong>rum</strong></span> <span class='ocrx_word' id='word_1_725' title='bbox 714 5063 931 5133; x_wconf 89' lang='lat' dir='ltr'><strong>quidem</strong></span> <span class='ocrx_word' id='word_1_726' title='bbox 968 5073 1218 5116; x_wconf 87' lang='lat' dir='ltr'><strong>neutrum</strong></span> <span class='ocrx_word' id='word_1_727' title='bbox 1255 5061 1684 5130; x_wconf 86' lang='lat' dir='ltr'><strong>reprehensione</strong></span> <span class='ocrx_word' id='word_1_728' title='bbox 1718 5069 1909 5114; x_wconf 87' lang='lat' dir='ltr'><strong>caret:</strong></span> <span class='ocrx_word' id='word_1_729' title='bbox 1962 5074 2139 5128; x_wconf 87' lang='lat' dir='ltr'><strong>neque</strong></span> 
     </span>
    </p>
   </div>
   <div class='ocr_carea' id='block_1_97' title="bbox 564 5151 2140 5222">
    <p class='ocr_par' dir='ltr' id='par_1_97' title="bbox 564 5151 2140 5222">
     <span class='ocr_line' id='line_1_97' title="bbox 564 5151 2140 5222; baseline -0.004 -12"><span class='ocrx_word' id='word_1_730' title='bbox 564 5156 711 5210; x_wconf 88' lang='lat' dir='ltr'><strong>enim</strong></span> <span class='ocrx_word' id='word_1_731' title='bbox 747 5154 858 5208; x_wconf 87' lang='lat' dir='ltr'><strong>Deo</strong></span> <span class='ocrx_word' id='word_1_732' title='bbox 882 5154 1136 5208; x_wconf 88' lang='lat' dir='ltr'><strong>convenit</strong></span> <span class='ocrx_word' id='word_1_733' title='bbox 1176 5151 1322 5222; x_wconf 86' lang='lat' dir='ltr'><strong>quod</strong></span> <span class='ocrx_word' id='word_1_734' title='bbox 1366 5153 1566 5204; x_wconf 84' lang='lat' dir='ltr'><strong>bonum</strong></span> <span class='ocrx_word' id='word_1_735' title='bbox 1619 5151 1858 5205; x_wconf 85' lang='lat' dir='ltr'><strong>noluerit</strong></span> <span class='ocrx_word' id='word_1_736' title='bbox 1895 5192 1910 5215; x_wconf 93' lang='lat'><strong>,</strong></span> <span class='ocrx_word' id='word_1_737' title='bbox 1960 5164 2140 5218; x_wconf 86' lang='lat' dir='ltr'><strong>neque</strong></span> 
     </span>
    </p>
   </div>
   <div class='ocr_carea' id='block_1_98' title="bbox 568 5241 2141 5314">
    <p class='ocr_par' dir='ltr' id='par_1_98' title="bbox 568 5241 2141 5314">
     <span class='ocr_line' id='line_1_98' title="bbox 568 5241 2141 5314; baseline -0.003 -17"><span class='ocrx_word' id='word_1_738' title='bbox 568 5245 712 5314; x_wconf 89' lang='lat' dir='ltr'><strong>quod</strong></span> <span class='ocrx_word' id='word_1_739' title='bbox 741 5259 850 5297; x_wconf 91' lang='lat' dir='ltr'><strong>non</strong></span> <span class='ocrx_word' id='word_1_740' title='bbox 881 5244 1139 5314; x_wconf 90' lang='lat' dir='ltr'><strong>potuerit.</strong></span> <span class='ocrx_word' id='word_1_741' title='bbox 1175 5242 1230 5296; x_wconf 87' lang='lat' dir='ltr'><strong>Si</strong></span> <span class='ocrx_word' id='word_1_742' title='bbox 1284 5258 1417 5312; x_wconf 82' lang='lat' dir='ltr'><strong>ergo</strong></span> <span class='ocrx_word' id='word_1_743' title='bbox 1465 5241 1686 5310; x_wconf 84' lang='lat' dir='ltr'><strong>aliquod</strong></span> <span class='ocrx_word' id='word_1_744' title='bbox 1715 5242 1919 5296; x_wconf 89' lang='lat' dir='ltr'><strong>bonum</strong></span> <span class='ocrx_word' id='word_1_745' title='bbox 1964 5248 2049 5296; x_wconf 86' lang='lat' dir='ltr'><strong>est</strong></span> <span class='ocrx_word' id='word_1_746' title='bbox 2079 5241 2141 5293; x_wconf 87' lang='lat' dir='ltr'><strong>fi-</strong></span> 
     </span>
    </p>
   </div>
   <div class='ocr_carea' id='block_1_99' title="bbox 567 5330 2144 5402">
    <p class='ocr_par' dir='ltr' id='par_1_99' title="bbox 567 5330 2144 5402">
     <span class='ocr_line' id='line_1_99' title="bbox 567 5330 2144 5402; baseline -0.003 -15"><span class='ocrx_word' id='word_1_747' title='bbox 567 5335 708 5388; x_wconf 85' lang='lat' dir='ltr'><strong>des:</strong></span> <span class='ocrx_word' id='word_1_748' title='bbox 751 5348 871 5398; x_wconf 90' lang='lat' dir='ltr'><strong>cur,</strong></span> <span class='ocrx_word' id='word_1_749' title='bbox 903 5333 1180 5402; x_wconf 88' lang='lat' dir='ltr'><strong>inquiunt,</strong></span> <span class='ocrx_word' id='word_1_750' title='bbox 1221 5347 1328 5385; x_wconf 81' lang='lat' dir='ltr'><strong>non</strong></span> <span class='ocrx_word' id='word_1_751' title='bbox 1361 5331 1426 5385; x_wconf 86' lang='lat' dir='ltr'><strong>ad</strong></span> <span class='ocrx_word' id='word_1_752' title='bbox 1479 5345 1668 5384; x_wconf 89' lang='lat' dir='ltr'><strong>omnes</strong></span> <span class='ocrx_word' id='word_1_753' title='bbox 1726 5331 1872 5385; x_wconf 79' lang='lat' dir='ltr'><strong>venit</strong></span> <span class='ocrx_word' id='word_1_754' title='bbox 1920 5330 2094 5400; x_wconf 80' lang='lat' dir='ltr'><strong>gratia</strong></span> <span class='ocrx_word' id='word_1_755' title='bbox 2119 5330 2144 5382; x_wconf 84' lang='lat'><strong>?</strong></span> 
     </span>
    </p>
   </div>
   <div class='ocr_carea' id='block_1_100' title="bbox 567 5411 2142 5495">
    <p class='ocr_par' dir='ltr' id='par_1_100' title="bbox 567 5411 2142 5495">
     <span class='ocr_line' id='line_1_100' title="bbox 567 5411 2142 5495; baseline -0.003 -16"><span class='ocrx_word' id='word_1_756' title='bbox 567 5429 745 5494; x_wconf 77' lang='lat' dir='ltr'><strong>Atque</strong></span> <span class='ocrx_word' id='word_1_757' title='bbox 778 5425 823 5479; x_wconf 92' lang='lat' dir='ltr'><strong>si</strong></span> <span class='ocrx_word' id='word_1_758' title='bbox 856 5425 970 5480; x_wconf 60' lang='lat' dir='ltr'><strong>haec</strong></span> <span class='ocrx_word' id='word_1_759' title='bbox 1005 5425 1224 5495; x_wconf 87' lang='lat' dir='ltr'><strong>quidem</strong></span> <span class='ocrx_word' id='word_1_760' title='bbox 1268 5424 1322 5476; x_wconf 89' lang='lat' dir='ltr'><strong>in</strong></span> <span class='ocrx_word' id='word_1_761' title='bbox 1365 5424 1430 5477; x_wconf 90' lang='lat' dir='ltr'><strong>iis</strong></span> <span class='ocrx_word' id='word_1_762' title='bbox 1482 5438 1603 5491; x_wconf 74' lang='lat' dir='ltr'><strong>qua:</strong></span> <span class='ocrx_word' id='word_1_763' title='bbox 1633 5422 1866 5475; x_wconf 87' lang='lat' dir='ltr'><strong>dicimus</strong></span> <span class='ocrx_word' id='word_1_764' title='bbox 1905 5436 1934 5474; x_wconf 90' lang='lat' dir='ltr'><strong>a</strong></span> <span class='ocrx_word' id='word_1_765' title='bbox 1986 5411 2142 5475; x_wconf 79' lang='lat' dir='ltr'><strong>nobis</strong></span> 
     </span>
    </p>
   </div>
   <div class='ocr_carea' id='block_1_101' title="bbox 571 5513 2144 5586">
    <p class='ocr_par' dir='ltr' id='par_1_101' title="bbox 571 5513 2144 5586">
     <span class='ocr_line' id='line_1_101' title="bbox 571 5513 2144 5586; baseline -0.001 -17"><span class='ocrx_word' id='word_1_766' title='bbox 571 5524 971 5580; x_wconf 86' lang='lat' dir='ltr'><strong>astruercntur,</strong></span> <span class='ocrx_word' id='word_1_767' title='bbox 1002 5517 1149 5586; x_wconf 91' lang='lat' dir='ltr'><strong>quod</strong></span> <span class='ocrx_word' id='word_1_768' title='bbox 1202 5531 1232 5569; x_wconf 87' lang='lat' dir='ltr'><strong>a</strong></span> <span class='ocrx_word' id='word_1_769' title='bbox 1279 5514 1462 5568; x_wconf 85' lang='lat' dir='ltr'><strong>divina</strong></span> <span class='ocrx_word' id='word_1_770' title='bbox 1517 5514 1794 5566; x_wconf 89' lang='lat' dir='ltr'><strong>voluntate</strong></span> <span class='ocrx_word' id='word_1_771' title='bbox 1830 5513 2144 5567; x_wconf 90' lang='lat' dir='ltr'><strong>hominibus</strong></span> 
     </span>
    </p>
   </div>
   <div class='ocr_carea' id='block_1_102' title="bbox 571 5603 2145 5676">
    <p class='ocr_par' dir='ltr' id='par_1_102' title="bbox 571 5603 2145 5676">
     <span class='ocr_line' id='line_1_102' title="bbox 571 5603 2145 5676; baseline -0.002 -15"><span class='ocrx_word' id='word_1_772' title='bbox 571 5608 996 5663; x_wconf 82' lang='lat' dir='ltr'><strong>distribueretur</strong></span> <span class='ocrx_word' id='word_1_773' title='bbox 1029 5607 1184 5671; x_wconf 84' lang='lat' dir='ltr'><strong>fides,</strong></span> <span class='ocrx_word' id='word_1_774' title='bbox 1214 5613 1401 5676; x_wconf 88' lang='lat' dir='ltr'><strong>utpote</strong></span> <span class='ocrx_word' id='word_1_775' title='bbox 1427 5604 1568 5673; x_wconf 87' lang='lat' dir='ltr'><strong>quod</strong></span> <span class='ocrx_word' id='word_1_776' title='bbox 1600 5604 1689 5656; x_wconf 90' lang='lat' dir='ltr'><strong>alii</strong></span> <span class='ocrx_word' id='word_1_777' title='bbox 1719 5603 1936 5671; x_wconf 89' lang='lat' dir='ltr'><strong>quidem</strong></span> <span class='ocrx_word' id='word_1_778' title='bbox 1982 5619 2145 5658; x_wconf 87' lang='lat' dir='ltr'><strong>voca-</strong></span> 
     </span>
    </p>
   </div>
   <div class='ocr_carea' id='block_1_103' title="bbox 575 5695 2142 5765">
    <p class='ocr_par' dir='ltr' id='par_1_103' title="bbox 575 5695 2142 5765">
     <span class='ocr_line' id='line_1_103' title="bbox 575 5695 2142 5765; baseline -0.003 -11"><span class='ocrx_word' id='word_1_779' title='bbox 575 5709 791 5765; x_wconf 89' lang='lat' dir='ltr'><strong>rentur,</strong></span> <span class='ocrx_word' id='word_1_780' title='bbox 827 5701 1007 5754; x_wconf 70' lang='lat' dir='ltr'><strong>eazteri</strong></span> <span class='ocrx_word' id='word_1_781' title='bbox 1053 5707 1236 5754; x_wconf 91' lang='lat' dir='ltr'><strong>autem</strong></span> <span class='ocrx_word' id='word_1_782' title='bbox 1271 5707 1455 5752; x_wconf 89' lang='lat' dir='ltr'><strong>essent</strong></span> <span class='ocrx_word' id='word_1_783' title='bbox 1509 5704 1761 5765; x_wconf 80' lang='lat' dir='ltr'><strong>expertes</strong></span> <span class='ocrx_word' id='word_1_784' title='bbox 1793 5695 2096 5749; x_wconf 87' lang='lat' dir='ltr'><strong>vocationis</strong></span> <span class='ocrx_word' id='word_1_785' title='bbox 2127 5714 2142 5761; x_wconf 88' lang='lat'><strong>;</strong></span> 
     </span>
    </p>
   </div>
   <div class='ocr_carea' id='block_1_104' title="bbox 572 5786 2146 5865">
    <p class='ocr_par' dir='ltr' id='par_1_104' title="bbox 572 5786 2146 5865">
     <span class='ocr_line' id='line_1_104' title="bbox 572 5786 2146 5865; baseline -0.004 -18"><span class='ocrx_word' id='word_1_786' title='bbox 572 5802 884 5865; x_wconf 81' lang='lat' dir='ltr'><strong>Opportune</strong></span> <span class='ocrx_word' id='word_1_787' title='bbox 903 5790 1210 5863; x_wconf 86' lang='lat' dir='ltr'><strong>hujusmodi</strong></span> <span class='ocrx_word' id='word_1_788' title='bbox 1231 5787 1582 5860; x_wconf 87' lang='lat' dir='ltr'><strong>reprehensio</strong></span> <span class='ocrx_word' id='word_1_789' title='bbox 1599 5786 1929 5856; x_wconf 82' lang='lat' dir='ltr'><strong>objiceretur</strong></span> <span class='ocrx_word' id='word_1_790' title='bbox 1947 5796 2146 5855; x_wconf 87' lang='lat' dir='ltr'><strong>myste-</strong></span> 
     </span>
    </p>
   </div>
   <div class='ocr_carea' id='block_1_105' title="bbox 2244 4691 3814 4770">
    <p class='ocr_par' dir='ltr' id='par_1_105' title="bbox 2244 4691 3814 4770">
     <span class='ocr_line' id='line_1_105' title="bbox 2244 4691 3814 4770; baseline 0.005 -26"><span class='ocrx_word' id='word_1_791' title='bbox 2244 4691 2485 4761; x_wconf 88' lang='grc' dir='ltr'>θεμένων</span> <span class='ocrx_word' id='word_1_792' title='bbox 2515 4692 2593 4762; x_wconf 81' lang='grc' dir='ltr'>τῷ</span> <span class='ocrx_word' id='word_1_793' title='bbox 2622 4693 2780 4765; x_wconf 85' lang='grc' dir='ltr'>λόγῳ,</span> <span class='ocrx_word' id='word_1_794' title='bbox 2811 4697 2872 4747; x_wconf 87' lang='grc' dir='ltr'><strong>ού</strong></span> <span class='ocrx_word' id='word_1_795' title='bbox 2910 4698 3104 4767; x_wconf 89' lang='grc' dir='ltr'>μικρόν</span> <span class='ocrx_word' id='word_1_796' title='bbox 3153 4699 3267 4750; x_wconf 81' lang='grc' dir='ltr'>ἐστι</span> <span class='ocrx_word' id='word_1_797' title='bbox 3301 4699 3360 4750; x_wconf 81' lang='grc' dir='ltr'><strong>τὸ</strong></span> <span class='ocrx_word' id='word_1_798' title='bbox 3393 4697 3814 4770; x_wconf 84' lang='grc' dir='ltr'>ὑπολειπόμενον</span> 
     </span>
    </p>
   </div>
   <div class='ocr_carea' id='block_1_106' title="bbox 2247 4783 3816 4859">
    <p class='ocr_par' dir='ltr' id='par_1_106' title="bbox 2247 4783 3816 4859">
     <span class='ocr_line' id='line_1_106' title="bbox 2247 4783 3816 4859; baseline 0.006 -24"><span class='ocrx_word' id='word_1_799' title='bbox 2247 4783 2430 4855; x_wconf 84' lang='grc' dir='ltr'>μέρος,</span> <span class='ocrx_word' id='word_1_800' title='bbox 2461 4784 2494 4855; x_wconf 78' lang='grc' dir='ltr'>ἢ</span> <span class='ocrx_word' id='word_1_801' title='bbox 2546 4786 2620 4855; x_wconf 86' lang='grc' dir='ltr'>μὴ</span> <span class='ocrx_word' id='word_1_802' title='bbox 2663 4785 3014 4856; x_wconf 87' lang='grc' dir='ltr'>βουληθέντος</span> <span class='ocrx_word' id='word_1_803' title='bbox 3052 4789 3147 4841; x_wconf 78' lang='grc' dir='ltr'>τοῦ</span> <span class='ocrx_word' id='word_1_804' title='bbox 3180 4790 3312 4843; x_wconf 78' lang='grc' dir='ltr'>Θεοῦ</span> <span class='ocrx_word' id='word_1_805' title='bbox 3345 4793 3523 4844; x_wconf 82' lang='grc' dir='ltr'>πᾶσαν</span> <span class='ocrx_word' id='word_1_806' title='bbox 3570 4791 3816 4859; x_wconf 82' lang='grc' dir='ltr'>ἀφθόνως</span> 
     </span>
    </p>
   </div>
   <div class='ocr_carea' id='block_1_107' title="bbox 2243 4873 3815 4951">
    <p class='ocr_par' dir='ltr' id='par_1_107' title="bbox 2243 4873 3815 4951">
     <span class='ocr_line' id='line_1_107' title="bbox 2243 4873 3815 4951; baseline 0.006 -25"><span class='ocrx_word' id='word_1_807' title='bbox 2243 4875 2342 4945; x_wconf 82' lang='grc' dir='ltr'>τὴν</span> <span class='ocrx_word' id='word_1_808' title='bbox 2369 4876 2684 4947; x_wconf 85' lang='grc' dir='ltr'>εὐεργεσίαν</span> <span class='ocrx_word' id='word_1_809' title='bbox 2712 4873 2870 4944; x_wconf 84' lang='grc' dir='ltr'>εἷναι,</span> <span class='ocrx_word' id='word_1_810' title='bbox 2905 4881 2937 4950; x_wconf 83' lang='grc' dir='ltr'><strong>ἢ</strong></span> <span class='ocrx_word' id='word_1_811' title='bbox 2969 4881 3054 4951; x_wconf 80' lang='grc' dir='ltr'><strong>’μὴ</strong></span> <span class='ocrx_word' id='word_1_812' title='bbox 3087 4881 3406 4950; x_wconf 87' lang='grc' dir='ltr'>δυνηθέντος</span> <span class='ocrx_word' id='word_1_813' title='bbox 3433 4882 3678 4946; x_wconf 86' lang='grc' dir='ltr'>πάντως;</span> <span class='ocrx_word' id='word_1_814' title='bbox 3713 4879 3815 4935; x_wconf 82' lang='grc' dir='ltr'>Ὧν</span> 
     </span>
    </p>
   </div>
   <div class='ocr_carea' id='block_1_108' title="bbox 2246 4965 3814 5042">
    <p class='ocr_par' dir='ltr' id='par_1_108' title="bbox 2246 4965 3814 5042">
     <span class='ocr_line' id='line_1_108' title="bbox 2246 4965 3814 5042; baseline 0.006 -26"><span class='ocrx_word' id='word_1_815' title='bbox 2246 4965 2357 5018; x_wconf 85' lang='grc' dir='ltr'>οὐθ’</span> <span class='ocrx_word' id='word_1_816' title='bbox 2387 4965 2572 5036; x_wconf 69' lang='grc' dir='ltr'>ἕτερον</span> <span class='ocrx_word' id='word_1_817' title='bbox 2597 4967 2889 5038; x_wconf 86' lang='grc' dir='ltr'>καθαρεύει</span> <span class='ocrx_word' id='word_1_818' title='bbox 2915 4970 3014 5040; x_wconf 85' lang='grc' dir='ltr'><strong>τῆς</strong></span> <span class='ocrx_word' id='word_1_819' title='bbox 3047 4971 3304 5040; x_wconf 71' lang='grc' dir='ltr'>μέμψεως</span> <span class='ocrx_word' id='word_1_820' title='bbox 3322 4989 3335 5001; x_wconf 91' lang='grc'><strong>·</strong></span> <span class='ocrx_word' id='word_1_821' title='bbox 3366 4970 3488 5023; x_wconf 80' lang='grc' dir='ltr'>οὔτε</span> <span class='ocrx_word' id='word_1_822' title='bbox 3515 4971 3623 5042; x_wconf 78' lang='grc' dir='ltr'>γὰρ</span> <span class='ocrx_word' id='word_1_823' title='bbox 3652 4972 3814 5025; x_wconf 78' lang='grc' dir='ltr'>ἀϐού-</span> 
     </span>
    </p>
   </div>
   <div class='ocr_carea' id='block_1_109' title="bbox 2247 5051 3817 5131">
    <p class='ocr_par' dir='ltr' id='par_1_109' title="bbox 2247 5051 3817 5131">
     <span class='ocr_line' id='line_1_109' title="bbox 2247 5051 3817 5131; baseline 0.004 -23"><span class='ocrx_word' id='word_1_824' title='bbox 2247 5056 2406 5125; x_wconf 83' lang='grc' dir='ltr'>λητον</span> <span class='ocrx_word' id='word_1_825' title='bbox 2439 5051 2578 5109; x_wconf 78' lang='grc' dir='ltr'>εἶναι</span> <span class='ocrx_word' id='word_1_826' title='bbox 2601 5056 2664 5109; x_wconf 83' lang='grc' dir='ltr'>τὸ</span> <span class='ocrx_word' id='word_1_827' title='bbox 2699 5059 2900 5125; x_wconf 83' lang='grc' dir='ltr'>ἀγαθὸν</span> <span class='ocrx_word' id='word_1_828' title='bbox 2935 5062 3198 5130; x_wconf 86' lang='grc' dir='ltr'>προσήκει</span> <span class='ocrx_word' id='word_1_829' title='bbox 3241 5060 3319 5131; x_wconf 82' lang='grc' dir='ltr'>τῷ</span> <span class='ocrx_word' id='word_1_830' title='bbox 3355 5059 3494 5129; x_wconf 81' lang='grc' dir='ltr'>Θεῷ,</span> <span class='ocrx_word' id='word_1_831' title='bbox 3526 5060 3648 5114; x_wconf 74' lang='grc' dir='ltr'>οὔτε</span> <span class='ocrx_word' id='word_1_832' title='bbox 3691 5062 3817 5114; x_wconf 85' lang='grc' dir='ltr'>ἁδύ-</span> 
     </span>
    </p>
   </div>
   <div class='ocr_carea' id='block_1_110' title="bbox 2245 5144 3818 5220">
    <p class='ocr_par' dir='ltr' id='par_1_110' title="bbox 2245 5144 3818 5220">
     <span class='ocr_line' id='line_1_110' title="bbox 2245 5144 3818 5220; baseline 0.004 -21"><span class='ocrx_word' id='word_1_833' title='bbox 2245 5164 2426 5203; x_wconf 86' lang='grc' dir='ltr'>νατον.</span> <span class='ocrx_word' id='word_1_834' title='bbox 2456 5148 2517 5200; x_wconf 84' lang='grc' dir='ltr'>Εἰ</span> <span class='ocrx_word' id='word_1_835' title='bbox 2545 5144 2638 5202; x_wconf 80' lang='grc' dir='ltr'><strong>οὖν</strong></span> <span class='ocrx_word' id='word_1_836' title='bbox 2665 5150 2867 5216; x_wconf 88' lang='grc' dir='ltr'>ἀγαθόν</span> <span class='ocrx_word' id='word_1_837' title='bbox 2897 5167 2949 5202; x_wconf 79' lang='grc' dir='ltr'><strong>τι</strong></span> <span class='ocrx_word' id='word_1_838' title='bbox 2980 5153 3013 5220; x_wconf 82' lang='grc' dir='ltr'><strong>ἡ</strong></span> <span class='ocrx_word' id='word_1_839' title='bbox 3050 5151 3251 5215; x_wconf 79' lang='grc' dir='ltr'>πίστις,</span> <span class='ocrx_word' id='word_1_840' title='bbox 3282 5151 3372 5204; x_wconf 83' lang='grc' dir='ltr'>διὰ</span> <span class='ocrx_word' id='word_1_841' title='bbox 3404 5153 3475 5216; x_wconf 83' lang='grc' dir='ltr'><strong>τί,</strong></span> <span class='ocrx_word' id='word_1_842' title='bbox 3511 5154 3694 5220; x_wconf 78' lang='grc' dir='ltr'>φασὶν,</span> <span class='ocrx_word' id='word_1_843' title='bbox 3718 5152 3818 5206; x_wconf 85' lang='grc' dir='ltr'><strong>οὐκ</strong></span> 
     </span>
    </p>
   </div>
   <div class='ocr_carea' id='block_1_111' title="bbox 2246 5237 3816 5311">
    <p class='ocr_par' dir='ltr' id='par_1_111' title="bbox 2246 5237 3816 5311">
     <span class='ocr_line' id='line_1_111' title="bbox 2246 5237 3816 5311; baseline 0.003 -22"><span class='ocrx_word' id='word_1_844' title='bbox 2246 5238 2338 5290; x_wconf 76' lang='grc' dir='ltr'><strong>ἐπὶ</strong></span> <span class='ocrx_word' id='word_1_845' title='bbox 2367 5238 2574 5301; x_wconf 87' lang='grc' dir='ltr'>πάντας</span> <span class='ocrx_word' id='word_1_846' title='bbox 2595 5240 2629 5308; x_wconf 81' lang='grc' dir='ltr'><strong>ἡ</strong></span> <span class='ocrx_word' id='word_1_847' title='bbox 2647 5240 2838 5308; x_wconf 86' lang='grc' dir='ltr'>χάρις;</span> <span class='ocrx_word' id='word_1_848' title='bbox 2866 5239 2928 5292; x_wconf 85' lang='grc' dir='ltr'><strong>Εἰ</strong></span> <span class='ocrx_word' id='word_1_849' title='bbox 2960 5240 3058 5310; x_wconf 89' lang='grc' dir='ltr'><strong>μὲν</strong></span> <span class='ocrx_word' id='word_1_850' title='bbox 3085 5237 3177 5294; x_wconf 79' lang='grc' dir='ltr'><strong>οὖν</strong></span> <span class='ocrx_word' id='word_1_851' title='bbox 3203 5239 3373 5294; x_wconf 83' lang='grc' dir='ltr'>ταῦτα</span> <span class='ocrx_word' id='word_1_852' title='bbox 3395 5242 3488 5294; x_wconf 75' lang='grc' dir='ltr'>καὶ</span> <span class='ocrx_word' id='word_1_853' title='bbox 3509 5240 3635 5310; x_wconf 83' lang='grc' dir='ltr'>παρ’</span> <span class='ocrx_word' id='word_1_854' title='bbox 3662 5241 3816 5311; x_wconf 85' lang='grc' dir='ltr'>ήμῶν</span> 
     </span>
    </p>
   </div>
   <div class='ocr_carea' id='block_1_112' title="bbox 2246 5329 3818 5404">
    <p class='ocr_par' dir='ltr' id='par_1_112' title="bbox 2246 5329 3818 5404">
     <span class='ocr_line' id='line_1_112' title="bbox 2246 5329 3818 5404; baseline 0.003 -23"><span class='ocrx_word' id='word_1_855' title='bbox 2246 5329 2306 5381; x_wconf 85' lang='grc' dir='ltr'>ὲν</span> <span class='ocrx_word' id='word_1_856' title='bbox 2332 5329 2412 5398; x_wconf 85' lang='grc' dir='ltr'>τῷ</span> <span class='ocrx_word' id='word_1_857' title='bbox 2440 5330 2582 5401; x_wconf 82' lang='grc' dir='ltr'>λόγῳ</span> <span class='ocrx_word' id='word_1_858' title='bbox 2601 5330 3050 5394; x_wconf 81' lang='grc' dir='ltr'>κατεσκευάζετο,</span> <span class='ocrx_word' id='word_1_859' title='bbox 3076 5335 3225 5404; x_wconf 87' lang='grc' dir='ltr'>παρὰ</span> <span class='ocrx_word' id='word_1_860' title='bbox 3255 5332 3350 5386; x_wconf 79' lang='grc' dir='ltr'><strong>τοῦ</strong></span> <span class='ocrx_word' id='word_1_861' title='bbox 3381 5332 3526 5386; x_wconf 88' lang='grc' dir='ltr'>θείου</span> <span class='ocrx_word' id='word_1_862' title='bbox 3551 5333 3818 5404; x_wconf 79' lang='grc' dir='ltr'>βουλήμαο</span> 
     </span>
    </p>
   </div>
   <div class='ocr_carea' id='block_1_113' title="bbox 2244 5421 3817 5496">
    <p class='ocr_par' dir='ltr' id='par_1_113' title="bbox 2244 5421 3817 5496">
     <span class='ocr_line' id='line_1_113' title="bbox 2244 5421 3817 5496; baseline -0.001 -22"><span class='ocrx_word' id='word_1_863' title='bbox 2244 5437 2335 5484; x_wconf 89' lang='grc' dir='ltr'><strong>τος</strong></span> <span class='ocrx_word' id='word_1_864' title='bbox 2367 5421 2806 5496; x_wconf 72' lang='grc' dir='ltr'>ἀποκληροῦσθαι</span> <span class='ocrx_word' id='word_1_865' title='bbox 2834 5425 2947 5486; x_wconf 86' lang='grc' dir='ltr'>τοῖς</span> <span class='ocrx_word' id='word_1_866' title='bbox 2991 5424 3301 5495; x_wconf 85' lang='grc' dir='ltr'>ἀνθρώποις</span> <span class='ocrx_word' id='word_1_867' title='bbox 3345 5424 3444 5494; x_wconf 81' lang='grc' dir='ltr'><strong>τὴν</strong></span> <span class='ocrx_word' id='word_1_868' title='bbox 3477 5425 3680 5487; x_wconf 82' lang='grc' dir='ltr'>πίστιν,</span> <span class='ocrx_word' id='word_1_869' title='bbox 3709 5423 3817 5476; x_wconf 86' lang='grc' dir='ltr'><strong>τῶν</strong></span> 
     </span>
    </p>
   </div>
   <div class='ocr_carea' id='block_1_114' title="bbox 2244 5510 3818 5584">
    <p class='ocr_par' dir='ltr' id='par_1_114' title="bbox 2244 5510 3818 5584">
     <span class='ocr_line' id='line_1_114' title="bbox 2244 5510 3818 5584; baseline 0.002 -21"><span class='ocrx_word' id='word_1_870' title='bbox 2244 5510 2302 5563; x_wconf 85' lang='grc' dir='ltr'><strong>δὲ</strong></span> <span class='ocrx_word' id='word_1_871' title='bbox 2338 5511 2434 5581; x_wconf 84' lang='grc' dir='ltr'>μὲν</span> <span class='ocrx_word' id='word_1_872' title='bbox 2465 5511 2810 5582; x_wconf 89' lang='grc' dir='ltr'>καλουμένων</span> <span class='ocrx_word' id='word_1_873' title='bbox 2828 5529 2840 5542; x_wconf 86' lang='grc'><em>’</em></span> <span class='ocrx_word' id='word_1_874' title='bbox 2864 5513 2975 5566; x_wconf 84' lang='grc' dir='ltr'><strong>τῶν</strong></span> <span class='ocrx_word' id='word_1_875' title='bbox 3005 5513 3062 5566; x_wconf 84' lang='grc' dir='ltr'><strong>δὲ</strong></span> <span class='ocrx_word' id='word_1_876' title='bbox 3088 5514 3289 5567; x_wconf 87' lang='grc' dir='ltr'>λοιπῶν</span> <span class='ocrx_word' id='word_1_877' title='bbox 3322 5513 3692 5584; x_wconf 79' lang='grc' dir='ltr'>ἀμοιρούντων</span> <span class='ocrx_word' id='word_1_878' title='bbox 3716 5513 3818 5582; x_wconf 80' lang='grc' dir='ltr'><strong>τῆς</strong></span> 
     </span>
    </p>
   </div>
   <div class='ocr_carea' id='block_1_115' title="bbox 2247 5601 3815 5676">
    <p class='ocr_par' dir='ltr' id='par_1_115' title="bbox 2247 5601 3815 5676">
     <span class='ocr_line' id='line_1_115' title="bbox 2247 5601 3815 5676; baseline 0.001 -22"><span class='ocrx_word' id='word_1_879' title='bbox 2247 5603 2513 5672; x_wconf 89' lang='grc' dir='ltr'>κλήσεως,</span> <span class='ocrx_word' id='word_1_880' title='bbox 2550 5605 2740 5675; x_wconf 86' lang='grc' dir='ltr'>καιρὸν</span> <span class='ocrx_word' id='word_1_881' title='bbox 2767 5601 2878 5675; x_wconf 72' lang='grc' dir='ltr'>εἷχε</span> <span class='ocrx_word' id='word_1_882' title='bbox 2912 5605 2974 5658; x_wconf 79' lang='grc' dir='ltr'><strong>τὸ</strong></span> <span class='ocrx_word' id='word_1_883' title='bbox 2998 5606 3233 5658; x_wconf 81' lang='grc' dir='ltr'>τοιοῦτον</span> <span class='ocrx_word' id='word_1_884' title='bbox 3265 5606 3512 5676; x_wconf 71' lang='grc' dir='ltr'>ἔγκλημα</span> <span class='ocrx_word' id='word_1_885' title='bbox 3549 5605 3691 5658; x_wconf 81' lang='grc' dir='ltr'>κατὰ</span> <span class='ocrx_word' id='word_1_886' title='bbox 3720 5604 3815 5657; x_wconf 72' lang='grc' dir='ltr'><strong>τοῦ</strong></span> 
     </span>
    </p>
   </div>
   <div class='ocr_carea' id='block_1_116' title="bbox 2251 5694 3818 5766">
    <p class='ocr_par' dir='ltr' id='par_1_116' title="bbox 2251 5694 3818 5766">
     <span class='ocr_line' id='line_1_116' title="bbox 2251 5694 3818 5766; baseline 0.001 -20"><span class='ocrx_word' id='word_1_887' title='bbox 2251 5694 2548 5764; x_wconf 84' lang='grc' dir='ltr'>μυστηρίου</span> <span class='ocrx_word' id='word_1_888' title='bbox 2581 5695 2970 5766; x_wconf 89' lang='grc' dir='ltr'>προφέρεσθαι.</span> <span class='ocrx_word' id='word_1_889' title='bbox 3008 5697 3070 5749; x_wconf 86' lang='grc' dir='ltr'><strong>Εἰ</strong></span> <span class='ocrx_word' id='word_1_890' title='bbox 3099 5697 3156 5749; x_wconf 84' lang='grc' dir='ltr'><strong>δὲ</strong></span> <span class='ocrx_word' id='word_1_891' title='bbox 3183 5697 3441 5766; x_wconf 86' lang='grc' dir='ltr'>ὁμότιμος</span> <span class='ocrx_word' id='word_1_892' title='bbox 3484 5696 3576 5748; x_wconf 70' lang='grc' dir='ltr'>ἐπὶ</span> <span class='ocrx_word' id='word_1_893' title='bbox 3612 5696 3818 5756; x_wconf 81' lang='grc' dir='ltr'>πάντας</span> 
     </span>
    </p>
   </div>
   <div class='ocr_carea' id='block_1_117' title="bbox 2253 5786 3816 5859">
    <p class='ocr_par' dir='ltr' id='par_1_117' title="bbox 2253 5786 3816 5859">
     <span class='ocr_line' id='line_1_117' title="bbox 2253 5786 3816 5859; baseline 0.001 -21"><span class='ocrx_word' id='word_1_894' title='bbox 2253 5787 2287 5857; x_wconf 83' lang='grc' dir='ltr'><strong>ή</strong></span> <span class='ocrx_word' id='word_1_895' title='bbox 2322 5786 2532 5855; x_wconf 86' lang='grc' dir='ltr'>κλῆσις,</span> <span class='ocrx_word' id='word_1_896' title='bbox 2577 5786 2698 5840; x_wconf 73' lang='grc' dir='ltr'>οὔτε</span> <span class='ocrx_word' id='word_1_897' title='bbox 2733 5787 2910 5853; x_wconf 78' lang='grc' dir='ltr'>ἀξίας,</span> <span class='ocrx_word' id='word_1_898' title='bbox 2939 5787 3060 5841; x_wconf 73' lang='grc' dir='ltr'>οὔτε</span> <span class='ocrx_word' id='word_1_899' title='bbox 3104 5787 3349 5859; x_wconf 79' lang='grc' dir='ltr'>ἡλικίας,</span> <span class='ocrx_word' id='word_1_900' title='bbox 3384 5786 3503 5841; x_wconf 73' lang='grc' dir='ltr'>οὔτε</span> <span class='ocrx_word' id='word_1_901' title='bbox 3532 5787 3630 5851; x_wconf 77' lang='grc' dir='ltr'>τὰς</span> <span class='ocrx_word' id='word_1_902' title='bbox 3677 5786 3816 5840; x_wconf 86' lang='grc' dir='ltr'><strong>κατά</strong></span> 
     </span>
    </p>
   </div>
  </div>
