4066 6374
270 413 337 470 77
1488 414 1748 470 ORATIO
1776 412 2274 471 CATECUETICA.
3439 419 3504 478 78

270 531 339 584 τὰ
361 529 484 597 ἔθνη
515 528 774 598 διαφορὰς
805 528 1176 600 διακρίνουσα.
1216 529 1313 583 Διὰ
1347 531 1504 584 τοῦτο
1543 530 1651 602 γὰρ
1679 529 1832 601 παρὰ

1952 531 2036 586 -io.
2085 530 2144 585 Si
2173 541 2352 587 autem
2389 532 2594 602 pariter
2644 533 2712 588 ad
2742 549 2930 590 omnes
2969 534 3217 605 procedit
3267 539 3500 604 vocatio,

269 621 366 690 τὴν
413 617 632 689 πρώτην
675 617 851 688 ἀρχὴν
905 619 1274 690 κηρύγματος,
1324 621 1659 690 ὁμόγλωσσοι
1704 622 1838 673 πᾶσι

268 714 376 773 τοῖς
405 709 611 762 ἔθνεσιν
640 709 689 761 οἱ
717 709 1088 773 διακονοῦντες
1117 712 1207 763 τὸν
1250 712 1405 778 λόγον
1435 713 1499 764 ἐκ
1529 710 1676 775 θείας
1720 713 1839 764 ἐπι-

269 803 452 864 πνοίας
483 801 694 873 ἀθρόως
736 803 1005 871 ἐγένοντο,
1036 803 1113 866 ὡς
1153 804 1219 857 ἂν
1251 805 1437 874 μηδεὶς
1470 805 1578 857 τῶν
1617 803 1838 873 ἀγαθῶν

266 894 618 962 ἀμοιρήσειε·
669 891 785 956 πῶς
825 892 891 946 ἂν
917 875 1059 947 κατὰ
1088 893 1149 946 τὸ
1196 893 1418 962 εὔλογον
1452 895 1531 948 ἔτι
1575 895 1664 948 τὸν
1706 894 1840 948 Θεὸν

267 982 530 1052 αἰτιῷντο,
552 981 646 1035 τοῦ
680 981 754 1052 μὴ
780 983 996 1036 πάντων
1021 983 1384 1053 ἐπικρατῆσαι
1417 983 1507 1036 τὸν
1534 983 1734 1049 Λόγονς
1778 981 1838 1033 ’0

265 1074 371 1144 γὰρ
392 1074 482 1126 τοῦ
518 1076 716 1138 παντὸς
737 1076 836 1147 τὴν
859 1074 1107 1141 ἐξουσίαν
1131 1075 1289 1145 ἔχων,
1315 1075 1384 1128 δι’
1414 1073 1717 1147 ὑπερϐολὴν
1741 1075 1839 1144 τῆς

264 1169 346 1229 είς
380 1166 469 1218 τὸν
498 1146 999 1238 ἄνθρωποντιμῆς,
1034 1167 1214 1236 ἀφῆκέ
1243 1184 1296 1218 τι
1334 1169 1428 1218 καὶ
1457 1165 1560 1218 ὑπὸ
1585 1146 1682 1236 τῆν
1709 1167 1841 1236 ἡμε-

263 1256 426 1326 τέραν
448 1255 695 1322 ἐξουσίαν
733 1253 890 1319 εἷναι,
918 1251 977 1310 οὗ
1011 1257 1170 1326 μόνος
1204 1256 1435 1318 ἕκαστός
1475 1259 1592 1309 ἐστι
1631 1255 1836 1325 κύριος.

269 1348 438 1401 Τοῦτο
467 1349 524 1401 δέ
569 1352 714 1403 ἐστιν
750 1352 783 1420 ἡ
835 1351 1172 1421 προαίρεσις,
1225 1350 1523 1402 ἀδούλωτόν
1552 1367 1604 1401 τι
1651 1346 1840 1420 χρῆμα

267 1444 358 1494 καί
394 1443 736 1508 αὐτεξούσιον
760 1445 817 1496 ἐν
849 1446 915 1514 τῇ
945 1443 1226 1513 ἐλευθερίᾳ
1254 1443 1354 1511 τῆς
1383 1443 1622 1506 διανοίας
1649 1439 1839 1513 κείμε-

264 1550 372 1585 νον.
425 1532 634 1585 Οὐκοῦν
673 1535 764 1585 ἐπὶ
816 1535 943 1597 τοὺς
994 1534 1069 1605 μὴ
1103 1534 1506 1605 προσαχθέντας
1545 1538 1610 1604 τῇ
1660 1537 1840 1588 πίστει

264 1624 596 1696 δικαιότερον
628 1625 693 1678 ἂν
726 1625 785 1679 τὸ
823 1627 1059 1680 τοιοῦτον
1087 1627 1340 1697 ἔγκλημα
1369 1628 1710 1700 μετατεθείη,
1740 1629 1839 1682 οὐκ

267 1715 356 1768 ἐπὶ
386 1716 476 1768 τὸν
505 1715 812 1787 κεκληκότα
838 1717 974 1788 πρὸς
992 1719 1092 1788 τὴν
1114 1719 1425 1774 κατάθεσιν.
1457 1719 1588 1773 Οὐδέ
1619 1721 1726 1791 γὰρ
1749 1721 1840 1772 ἐπὶ

264 1806 356 1860 τοῦ
392 1809 600 1880 Πέτρου
636 1810 756 1863 κατ’
808 1812 981 1881 ἀρχὰς
1018 1812 1110 1864 τὸν
1152 1811 1308 1878 λόγον
1349 1815 1406 1864 ἐν
1437 1810 1841 1882 πολυανθρὼπῳ

1938 637 2038 676 nec
2068 622 2472 684 auctoritatem,
2504 638 2606 677 nec
2639 631 2874 690 atatem,
2908 640 3083 694 neque
3109 625 3349 694 gentium
3386 626 3504 682 dis-

1937 728 2167 768 cernens
2218 713 2580 769 diﬂ'erentiam
2638 714 2955 784 (propterea
3014 717 3159 770 enim
3221 718 3276 770 in
3328 717 3507 786 primo

1940 805 2101 859 initio
2129 806 2565 874 prmdieationis,
2597 805 2778 860 divina
2826 807 3205 875 inspiratione,
3241 811 3406 863 unius
3450 818 3507 864 et

1939 898 2185 967 ejusdem
2216 899 2438 968 linguaa,
2467 898 2627 966 cujus
2660 914 2850 951 omnes
2874 907 3084 968 gentes,
3124 908 3344 967 repente
3379 900 3507 954 lacti

1941 999 2064 1045 sunt
2099 989 2190 1058 qui
2226 991 2453 1044 verbum
2486 990 2888 1052 ministrabant,
2921 1001 2979 1042 ut
3021 1006 3180 1044 nemo
3216 999 3362 1044 esset
3415 1005 3508 1044 ex-

1941 1099 2065 1153 pers
2113 1083 2453 1151 bonOrum),
2487 1083 2944 1152 quemadmodum
2998 1081 3163 1136 fuerit
3219 1094 3509 1138 consenta-

1939 1191 2126 1237 neum,
2159 1185 2216 1227 ut
2245 1173 2412 1227 Deum
2435 1173 2614 1227 adhuc
2641 1181 2919 1234 accusent,
2953 1173 3100 1241 quod
3127 1172 3365 1228 Verbum
3396 1191 3503 1228 non

1941 1268 1998 1321 in
2035 1282 2226 1321 omnes
2257 1267 2595 1320 dominatum
2633 1265 2976 1319 obtinuerit?
3008 1264 3142 1318 Nam
3172 1266 3262 1335 qui
3297 1267 3349 1318 in
3380 1267 3504 1319 uni-

1939 1359 2253 1414 versitatem
2309 1358 2533 1411 liberam
2594 1356 2826 1410 habebat
2881 1365 3225 1426 potestatem,
3286 1366 3508 1427 propter

1942 1465 2216 1505 summum
2253 1448 2306 1502 in
2344 1449 2592 1503 homines
2619 1448 2908 1509 honorem,
2941 1446 3150 1502 dimisit
3191 1447 3356 1501 etiam
3408 1451 3509 1502 ali-

1941 1541 2071 1610 quid
2108 1540 2160 1593 in
2200 1549 2390 1594 nostra
2427 1546 2713 1608 potestate,
2774 1539 2931 1606 cujus
2986 1538 3363 1607 unusquisque
3411 1555 3510 1592 no-

1942 1641 2118 1687 strum
2155 1632 2306 1687 solus
2353 1639 2436 1685 est
2499 1629 2775 1683 dominus.
2837 1627 2950 1682 [ioc
2980 1640 3160 1683 autem
3226 1637 3310 1683 est
3349 1630 3508 1690 liberi

1943 1724 2159 1779 arbitrii
2189 1725 2359 1778 libera
2403 1723 2616 1785 electio,
2664 1736 2784 1786 qua:
2833 1721 3028 1790 subjici
3085 1722 3291 1789 nequit,
3339 1730 3392 1775 et
3425 1720 3510 1774 sui

1938 1816 2080 1885 juris
2111 1822 2195 1868 est
2239 1813 2293 1866 in
2338 1813 2589 1866 libertate
2647 1811 2847 1865 mentis
2877 1819 2931 1865 et
2983 1811 3329 1879 cogitationis
3380 1812 3506 1866 sita.

263 1899 370 1951 τῶν
429 1901 701 1954 Ἰουδαίων
772 1901 1068 1973 Ἐκκλησία
1123 1903 1476 1972 κηρύξαντος,
1529 1903 1840 1974 τρισχιλίων

1952 1902 2132 1970 Itaque
2160 1901 2215 1954 in
2256 1915 2349 1953 eos
2385 1899 2478 1968 qui
2507 1899 2572 1952 ad
2605 1898 2763 1952 ﬁdem
2794 1899 3011 1953 adducti
3045 1915 3152 1953 non
3201 1909 3351 1966 sunt,
3387 1901 3502 1955 eri-

267 1989 405 2041 κατά
432 1991 628 2042 ταύτὸν
657 1991 1114 2062 παραδεξαμένων
1143 1993 1240 2064 τὴν
1278 1992 1478 2057 πίστιν,
1512 1993 1728 2057 πλείους
1757 1995 1843 2046 δν-

265 2095 354 2140 τες
380 2079 486 2132 τῶν
524 2083 966 2135 πεπιστευκότων
1000 2085 1047 2136 οἱ
1077 2083 1491 2153 ἀπειθήσαντες,
1529 2085 1841 2154 ἐμέμψαντο

266 2169 355 2221 τὸν
399 2171 724 2226 Ἀπόστολον
778 2174 862 2240 ἐφ’
902 2169 983 2234 οἷς
1032 2174 1380 2244 ἐπείσθησαν.
1430 2175 1562 2228 Ούδέ
1614 2176 1722 2246 γὰρ
1774 2171 1841 2245 ἦν

265 2263 428 2328 εἰκὸς,
463 2267 522 2317 ἐν
566 2265 732 2335 κοινῷ
762 2266 1125 2336 προταθείσης
1152 2267 1250 2336 τῆς
1294 2267 1536 2337 χάριτος,
1566 2268 1654 2318 τὸν
1689 2267 1844 2319 ἐκου-

269 2355 396 2418 σίως
420 2356 889 2427 ἀποφοιτήσαντα,
926 2355 1000 2427 μὴ
1025 2355 1236 2420 ἑαυτὸν,
1255 2354 1368 2409 ἀλλ’
1391 2357 1475 2408 ἓτε
1485 2373 1576 2428 ρον
1599 2356 1696 2427 τῆς
1721 2356 1842 2409 δυσ-

265 2444 494 2516 κληρίας
526 2445 903 2501 ἐπαιτιᾶσθαι.

1943 1993 2171 2046 minatio
2201 1991 2371 2044 multo
2397 1989 2599 2058 justius
2629 1989 2912 2043 transferri
2950 1997 3142 2060 queat,
3175 2007 3282 2044 non
3315 1992 3367 2046 in
3385 2008 3507 2046 eum

1944 2085 2037 2152 qui
2074 2083 2291 2137 vocavit
2347 2081 2413 2135 ad
2449 2082 2888 2135 consensionem.
2926 2080 3111 2150 Neque
3170 2084 3312 2137 enim
3385 2099 3509 2137 cum

1945 2177 2137 2231 Petrus
2171 2175 2225 2228 in
2251 2173 2404 2227 initio
2436 2173 2658 2227 verbum
2692 2172 3041 2241 praedicasset
3073 2175 3128 2226 in
3182 2174 3513 2242 frequentis-

1961 2268 2101 2321 sima
2147 2262 2456 2318 Judzeorum
2517 2264 2798 2326 concione,
2868 2271 2921 2318 et
2978 2265 3082 2316 tria
3133 2264 3300 2318 millia
3350 2264 3511 2320 simul

1949 2357 2111 2412 ﬁdem
2169 2355 2528 2424 accepissent,
2562 2354 2600 2406 ii
2651 2354 2745 2422 qui
2795 2369 2904 2408 non
2961 2354 3331 2418 crediderunt,
3387 2371 3510 2410 cum

1952 2451 2136 2519 plures
2163 2445 2429 2500 essentiis
2457 2444 2545 2513 qui
2567 2443 2930 2509 crediderant,
2957 2445 3012 2498 in
3035 2447 3354 2515 Apostolum
3383 2461 3516 2499 cau-

265 2552 383 2592 sam
428 2539 804 2604 contulerunt,
855 2537 1001 2608 quod
1063 2553 1173 2593 non
1227 2537 1597 2596 crediderunt.
1657 2539 1844 2612 Neque
1880 2542 2024 2597 enim
2061 2554 2156 2610 par
2187 2547 2325 2602 erat,
2355 2547 2436 2600 ut,
2482 2539 2656 2608 gratia
2685 2536 2739 2590 in
2769 2551 3057 2593 commune
3095 2539 3395 2609 proposita,
3465 2538 3513 2594 is

264 2631 361 2699 qui
418 2629 733 2686 voluntarie
765 2629 835 2686 ab
899 2645 964 2686 ea
1018 2630 1382 2697 abscesserat,
1435 2649 1544 2688 non
1583 2633 1710 2697 sibi,
1753 2635 1845 2690 sed
1886 2634 1976 2688 alii
2009 2633 2205 2686 malam
2234 2646 2390 2686 suam
2421 2638 2624 2685 sortem
2664 2629 2977 2685 ascriberet.

847 2725 1098 2778 ΚΕΦΑΛ.
1140 2724 1262 2778 AA'.

350 2813 487 2867 Ἂλλν
529 2813 634 2866 οὐκ
678 2813 975 2884 ἀποροῦσιν
1013 2815 1132 2867 οὐδὲ
1181 2815 1316 2887 πρὸς
1366 2816 1434 2870 τὰ
1481 2817 1706 2872 τοιαῦτα
1750 2820 1850 2890 τῆς

274 2905 549 2974 ἐριστικῆς
567 2904 895 2974 ἀντιλογίας.
923 2905 1153 2974 Λέγουσι
1175 2906 1284 2979 γὰρ
1306 2906 1562 2962 δύνασθαι
1584 2909 1675 2963 τὸν
1694 2909 1847 2974 Θεὸν,

275 2996 426 3066 εἴπερ
452 2994 726 3058 ἐϐούλετο,
756 2997 851 3048 καὶ
879 2997 1003 3058 τοὺς
1031 2996 1336 3060 ἀντιτύπως
1364 2998 1585 3067 ἔχοντας
1609 2999 1850 3067 ἀναγκα-

278 3089 471 3151 πικῶς
504 3087 905 3157 ἐφελκύσασθαι
955 3088 1091 3158 πρὸς
1130 3088 1230 3158 τὴν
1278 3089 1584 3160 παραδοχὴν
1626 3090 1718 3143 τοῦ
1753 3109 1850 3162 κη-

2509 2721 2736 2778 CAPUT
2780 2722 2972 2777 XXXI.

2023 2818 2130 2873 Sed
2159 2832 2335 2886 neque
2365 2815 2431 2870 ad
2462 2816 2574 2870 haec
2609 2815 2844 2884 litigiosa
2875 2823 3035 2885 egent
3063 2815 3516 2872 contradictione.

1951 2910 2150 2964 Dicunt
2188 2909 2333 2964 enim
2365 2906 2534 2961 Deum
2569 2921 2750 2976 posse,
2783 2907 2828 2960 si
2876 2905 3024 2969 velit,
3069 2920 3165 2960 eos
3211 2907 3370 2960 etiam
3425 2905 3520 2976 qui

1951 2999 2259 3059 resistunt,
2321 2995 2636 3050 necessario
2693 2993 3068 3064 compellendo
3125 2995 3396 3049 attrahere
3453 2997 3520 3049 ad

1955 3089 2358 3160 suscipiendam
2395 3086 2858 3156 prazdicationem.
2902 3085 3006 3140 Ubi
3039 3093 3123 3140 est
3165 3101 3296 3154 ergo
3323 3087 3380 3140 in
3433 3088 3522 3143 his

275 3184 572 3254 πρύγματος.
604 3179 712 3232 Ποῦ
737 3179 915 3232 τοίνυν
942 3179 998 3230 ἐν
1018 3178 1222 3241 τούτοις
1252 3179 1310 3231 τὸ
1340 3180 1716 3246 αύτεξούσιονς
1746 3182 1849 3234 Ποῦ

1957 3183 2188 3236 liberum
2218 3177 2549 3232 arbitrium?
2587 3176 2688 3232 Ubi
2716 3184 2896 3230 autem
2928 3186 3012 3230 est
3041 3178 3261 3232 virtus?
3305 3174 3406 3232 Ubi
3439 3189 3524 3233 est

276 3277 332 3329 δὲ
357 3275 458 3328 τῶν
485 3273 896 3343 κατορθούντων
917 3275 946 3324 ό
971 3261 1186 3335 ἔπαινος
1206 3289 1220 3336 ;
1242 3273 1432 3326 Μόνων
1457 3273 1566 3342 γάρ
1591 3273 1698 3326 τῶν
1720 3273 1852 3342 ἀψύ-

279 3385 384 3436 χων
414 3365 446 3436 ἢ
475 3365 589 3416 τῶν
615 3363 824 3430 ἀλόγων
856 3364 971 3416 ἐστὶ
997 3362 1076 3432 τῷ
1103 3362 1366 3435 ἀλλοτρίῳ
1398 3364 1695 3435 βουλήματι
1723 3367 1855 3434 πρὸς

281 3457 340 3510 τὸ
368 3455 557 3508 δοκοῦν
602 3453 980 3524 περιάγεσθαι.
1034 3455 1099 3506 Ἦ
1129 3454 1186 3506 δὲ
1219 3453 1409 3525 λογική
1464 3473 1521 3507 τε
1571 3457 1662 3508 καὶ
1696 3456 1857 3525 νοερὰ

282 3547 456 3614 φύσις,
493 3547 590 3598 ἐὰν
614 3545 674 3596 τὸ
703 3547 820 3597 κατ’
848 3543 1094 3608 ἐξουσίαν
1125 3544 1418 3613 ἀπόθηται,
1450 3547 1542 3599 καὶ
1570 3547 1668 3615 τὴν
1697 3547 1856 3616 χάριν

282 3641 371 3694 τοῦ
396 3638 582 3711 νοεροῦ
615 3636 1010 3690 συναπώλεσεν.
1036 3637 1130 3699 Είς
1152 3637 1202 3689 τί
1227 3636 1337 3706 γὰρ
1362 3637 1622 3707 χρήσεται
1651 3639 1714 3707 τῇ
1743 3638 1857 3689 δια-

281 3731 396 3801 νοίᾳ
422 3731 520 3800 τῆς
550 3726 647 3781 τοῦ
678 3727 1055 3799 προαιρεῖσθαι
1080 3744 1132 3779 τι
1153 3726 1260 3779 τῶν
1280 3717 1424 3778 κατὰ
1451 3725 1675 3796 γνώμην
1705 3725 1857 3789 ἐξου-

285 3823 400 3884 σίας
425 3822 508 3889 ἐφ’
540 3818 714 3889 ἑτέρῳ
743 3816 1037 3886 κειμένηςς
1071 3816 1134 3868 Ei
1161 3814 1216 3867 δέ
1238 3815 1518 3884 ἄπρακτος
1543 3815 1575 3884 ἡ
1605 3813 1858 3883 προαίρε-

283 3931 367 3977 σις
423 3913 597 3984 μένοι,
651 3911 942 3979 ἠφάνισταί
993 3908 1113 3960 κατ’
1160 3907 1405 3976 ἀνάγκην
1455 3908 1487 3976 ὴ
1533 3906 1736 3976 ἀρετὴ,
1789 3907 1855 3975 τῇ

283 4006 536 4075 ἀκινησία
584 4004 684 4072 τῆς
718 4002 1088 4071 προαιρέσεως
1121 3997 1532 4068 ἐμποδισθεῖσα·
1567 3997 1766 4067 ἀρετῆς
1801 3997 1858 4048 δέ

288 4100 358 4168 μὴ
397 4098 583 4167 οὔσης,
625 4097 653 4148 ὁ
697 4094 810 4164 βίος
851 4093 1155 4162 ἠτίμωται,
1207 4090 1301 4144 καὶ
1346 4089 1470 4142 καθ’
1519 4089 1858 4159 εἱμαρμένην

282 4191 449 4260 χωρεῖ
482 4189 511 4240 ὁ
552 4187 739 4254 λόγος,
771 4184 1048 4254 ἀφῄρηται
1079 4181 1186 4234 τῶν
1213 4179 1618 4251 κατορθούντων
1644 4180 1672 4230 ὁ
1699 4177 1857 4231 ἐπαι-

282 4298 396 4344 νοςο
433 4281 688 4348 ἀνίκητος
726 4278 759 4347 ὴ
802 4274 1074 4344 ἁμαρτία,
1111 4273 1331 4340 ἄκριτος
1370 4273 1402 4341 ή
1444 4270 1584 4323 κατὰ
1616 4270 1706 4322 τὸν
1748 4269 1858 4336 βίον

285 4372 530 4442 διαφορά.
560 4369 656 4430 Τίς
681 4367 788 4438 γὰρ
817 4366 882 4418 ἂν
913 4365 991 4416 ἔτι
1018 4365 1160 4416 κατά
1187 4361 1247 4414 τὺ
1275 4360 1492 4428 εὔλογον
1525 4362 1557 4430 ἢ
1586 4360 1858 4412 διαϐάλλοι

285 4465 379 4517 τὸν
424 4463 742 4518 ἀκόλαστον,
801 4459 835 4527 ἦ
875 4455 1121 4524 ἐπαινοίη
1173 4454 1264 4505 τὸν
1321 4453 1606 4522 σώφρονας
1645 4453 1858 4523 Ταύτης

1957 3274 2079 3328 laus
2107 3285 2297 3326 eorum
2337 3271 2427 3339 qui
2460 3285 2518 3324 se
2549 3277 2698 3323 recte
2758 3269 2989 3338 gerunt?
3022 3266 3116 3322 Est
3149 3269 3293 3322 enim
3346 3271 3522 3324 solum

1956 3365 2346 3424 inanimorum,
2365 3371 2459 3415 aut
2489 3377 2680 3416 eorum
2709 3376 2830 3430 quae
2856 3371 2983 3415 sunt
3004 3363 3246 3430 expertia
3276 3363 3522 3425 rationis,

1957 3455 2135 3508 aliena
2164 3454 2443 3507 voluntate
2474 3451 2541 3504 ad
2575 3452 2628 3504 id
2660 3451 2803 3520 quod
2838 3451 3052 3505 videtur
3083 3452 3300 3506 adduci.
3335 3451 3529 3508 Ratio-

1958 3541 2044 3597 nis
2072 3549 2250 3595 autem
2288 3539 2563 3610 particeps
2616 3549 2669 3593 et
2700 3540 3007 3610 intelligens
3040 3553 3253 3605 natura,
3302 3543 3347 3599 si
3391 3545 3528 3598 libe-

1958 3650 2079 3688 rum
2145 3632 2462 3701 deposuerit
2519 3631 2844 3692 arbitrium,
2895 3632 3058 3686 simul
3124 3635 3287 3686 etiam
3349 3635 3526 3703 perdit

1958 3725 2190 3797 gratiam
2228 3723 2618 3792 intelligentite.
2667 3722 2744 3775 Ad
2793 3723 2924 3791 quid
2974 3724 3120 3776 enim
3173 3742 3272 3780 sua
3343 3735 3528 3782 utetur

1960 3825 2140 3868 mente
2166 3828 2228 3866 ac
2256 3812 2603 3881 cogitatione,
2624 3812 2670 3864 si
2698 3820 2938 3880 potestas
2962 3813 3081 3882 ejus
3101 3815 3354 3884 eligendi,
3382 3819 3528 3887 quod

1960 3921 2061 3958 suo
2092 3904 2359 3958 arbitratu
2392 3902 2697 3959 constituit.
2731 3902 2834 3955 sita
2866 3911 2951 3956 est
2977 3903 3031 3956 in
3061 3905 3169 3957 alio
3194 3906 3217 3957 ’ἰ
3247 3903 3303 3958 Si
3350 3918 3531 3961 manet

1959 4008 2141 4050 autem
2181 3993 2425 4049 inelIicax
2459 4002 2512 4046 et
2539 3993 2743 4047 nullius
2777 4010 2912 4048 usus
2951 3994 3179 4049 liberum
3216 3997 3383 4050 animi
3444 3998 3529 4050 in-

1960 4092 2214 4144 stitutum
2249 4097 2302 4141 et
2332 4086 2550 4149 electio,
2597 4085 2912 4140 necessario
2961 4087 3124 4140 etiam
3192 4088 3392 4143 abolita
3447 4098 3533 4145 est

1959 4180 2159 4241 virtus,
2189 4176 2448 4246 impedita
2483 4176 2862 4230 immobilitate
2891 4177 3043 4232 liberi
3069 4179 3301 4234 arbitrii.
3338 4178 3393 4233 Si
3423 4196 3533 4235 non

1960 4270 2034 4324 sit
2073 4277 2253 4322 autem
2294 4269 2488 4330 virtus,
2526 4267 2734 4321 honore
2768 4267 2975 4335 privata
3018 4268 3260 4332 estvita,
3318 4277 3372 4324 et
3422 4269 3534 4322 fato

1959 4361 2211 4432 procedit
2237 4361 2400 4423 ratio,
2442 4360 2622 4414 ablata
2661 4369 2744 4414 est
2771 4361 2889 4415 laus
2924 4376 3114 4414 eorum
3143 4363 3232 4429 qui
3271 4378 3330 4416 se
3387 4372 3534 4418 recte

1962 4461 2180 4525 gerunt,
2237 4468 2461 4522 peccare
2519 4451 2696 4507 cuivis
2742 4452 2962 4522 impune
3011 4453 3154 4515 licet,
3203 4453 3328 4508 vitae
3372 4455 3532 4510 insti-

284 4556 424 4608 κατά
445 4553 508 4606 τὸ
541 4521 835 4622 πρόχειρον·
854 4546 1016 4616 οὔσης
1044 4521 1256 4615 ἐκάστῳ
1283 4546 1380 4614 τῆς
1408 4521 1769 4614 ἀποκρίσεως,
1797 4521 1849 4596 τὲ

1966 4545 2182 4600 tuenda:
2211 4545 2509 4599 discrimen
2539 4546 2752 4600 nullum
2785 4554 3054 4614 superest.
3107 4544 3242 4610 Quis
3273 4546 3444 4611 enim,
3475 4561 3536 4602 ιιι

290 4645 450 4715 μηδὲν
487 4642 570 4711 ἐφ’
621 4644 752 4712 ἡμῖν
785 4639 892 4691 τῶν
925 4637 1066 4690 κατά
1106 4634 1331 4706 γνώμην
1373 4630 1533 4697 εἶναι,
1571 4634 1857 4703 δυναστεία

285 4737 341 4789 δέ
365 4736 628 4806 κρείττονι
663 4733 760 4794 τὰς
787 4729 1132 4809 ἀνθρωπίνας
1163 4725 1510 4797 προαιρέσεις
1536 4727 1670 4798 πρὸς
1697 4726 1758 4778 τὸ
1782 4726 1857 4796 τῷ

289 4825 571 4896 κρατοῦντι
597 4821 785 4876 δοκοῦν
814 4819 1188 4888 περιάγεσθαι.
1217 4817 1425 4870 Οὐκοῦν
1453 4817 1512 4869 ού
1536 4818 1634 4888 τῆς
1657 4817 1857 4883 ἀγαθό-

287 4933 442 4984 τητος
474 4912 568 4968 τοῦ
597 4914 730 4967 Θεοῦ
765 4913 826 4965 τὸ
855 4911 1122 4980 ἔγκλημα,
1153 4910 1212 4962 τὸ
1243 4907 1316 4978 μὴ
1348 4911 1511 4961 πᾶσιν
1541 4909 1857 4976 ἐγγενέσθαι

286 5008 382 5076 τὴν
427 5007 645 5071 πίστιν,
682 5005 819 5059 ἀλλά
856 5005 954 5075 τῆς
989 5001 1280 5066 διαθέσεως
1323 5001 1429 5054 τῶν
1460 5001 1763 5072 δεχομένων
1795 5002 1857 5054 τὸ

290 5099 566 5169 κήρυγμα.

1964 4647 2049 4693 est
2079 4637 2280 4691 rationi
2311 4645 2760 4696 consentaneum,
2793 4637 3029 4706 amplius
3053 4637 3136 4692 vel
3169 4639 3536 4708 intemperan-

1966 4739 2074 4784 tem
2108 4728 2541 4798 reprehenderit,
2596 4729 2676 4782 vel
2738 4736 3135 4796 temperantem
3194 4729 3539 4786 laudaverit?

1966 4835 2090 4895 cum
2123 4819 2354 4889 quilibet
2387 4821 2440 4872 in
2487 4828 2742 4888 promptu
2803 4820 2945 4874 hanc
2993 4821 3188 4875 habeat
3222 4824 3538 4891 responsio-

1967 4926 2113 4976 nem,
2149 4909 2295 4980 quod
2325 4910 2460 4964 nihil
2490 4925 2680 4964 eorum
2723 4926 2846 4980 qua:
2884 4921 3072 4966 nostro
3107 4913 3373 4967 arbitratu
3426 4921 3540 4967 sta-

1962 5004 2192 5068 tuimus,
2223 5003 2279 5055 in
2312 5013 2499 5056 nostra
2541 5002 2612 5056 sit
2640 5011 2908 5072 potestate
2934 5043 2948 5066 ,
2991 5005 3184 5071 majori
3226 5016 3404 5059 autem
3440 5020 3537 5073 po-

1963 5095 2132 5150 tentia
2162 5095 2398 5148 humana
2456 5094 2738 5147 trahantur
2773 5093 3021 5149 instituta
3060 5105 3114 5148 et
3145 5097 3426 5166 proposita
3471 5096 3539 5149 ad

290 5193 345 5250 id
391 5193 536 5262 quod
583 5191 734 5246 lubet
764 5190 816 5245 ei
849 5189 942 5260 qui
993 5187 1334 5243 dominatum
1383 5188 1614 5242 obtinet.
1650 5186 1706 5241 ln
1764 5189 1857 5242 Dei
1893 5204 2025 5260 ergo
2092 5190 2394 5244 bonitatem
2452 5188 2613 5256 culpa
2673 5204 2782 5243 non
2833 5198 2918 5243 est
2986 5187 3341 5255 conferenda,
3395 5192 3540 5260 quod

291 5298 397 5336 non
447 5281 504 5335 in
550 5280 805 5336 omnibus
874 5279 1040 5333 fuerit
1067 5278 1223 5342 ﬁdes,
1279 5278 1374 5334 sed
1403 5279 1462 5333 in
1517 5278 1858 5335 all‘eclionem
1899 5295 2112 5344 eorum,
2145 5279 2238 5349 qui
2273 5278 2710 5349 pmdicationem
2742 5279 2890 5332 verbi
2923 5278 3172 5332 audiunt.

859 5374 1110 5426 ΚΕΦΑΛ.
1174 5374 1297 5427 AB'.

361 5463 427 5515 Τί
466 5463 600 5536 πρὸς
629 5463 836 5524 τούτοις
870 5462 948 5515 ἔτι
988 5463 1136 5533 παρὰ
1169 5462 1278 5515 τῶν
1316 5463 1700 5532 ἀντιλεγόντων
1732 5482 1866 5536 προ-

298 5555 555 5625 φέρεται;
584 5555 656 5609 Τὸ
685 5553 918 5624 μάλιστα
954 5555 1052 5626 μὲν
1099 5555 1174 5625 μὴ
1216 5555 1350 5618 ὅλως
1390 5555 1497 5609 δεῖν
1528 5558 1608 5619 είς
1637 5555 1864 5611 θανάτου

297 5648 488 5716 πεῖραν
516 5645 687 5699 ἐλθεῖν
712 5646 813 5715 τὴν
852 5645 1224 5716 ὑπερέχουσαν
1255 5645 1438 5714 φύσιν,
1461 5645 1595 5698 ἀλλά
1620 5646 1713 5699 καὶ
1743 5645 1865 5716 δίχα

300 5732 482 5787 τούτου
508 5738 572 5805 τῇ
600 5736 886 5807 περιουσίᾳ
909 5737 1006 5805 τῆς
1034 5736 1312 5806 δυνάμεως
1339 5736 1598 5790 δύνασθαι
1628 5737 1694 5791 ἂν
1725 5737 1862 5808 μετά

299 5828 576 5895 (autem;
607 5827 665 5880 τὸ
693 5827 877 5882 δοκοῦν
909 5827 1367 5898 κατεργάσασθαι.
1412 5829 1472 5883 Εἰ
1514 5830 1568 5883 δὲ
1605 5831 1692 5886 καὶ
1731 5831 1864 5885 πάν-

2517 5371 2748 5428 CAPUT
2783 5373 2998 5427 XXXII.

2040 5464 2183 5531 Quid
2214 5472 2408 5534 praeter
2444 5464 2558 5517 haec
2606 5463 2831 5518 allertur
2883 5465 2952 5518 ab
2993 5465 3061 5519 iis
3117 5466 3209 5533 qui
3261 5466 3544 5520 contradi-

1969 5556 2380 5612 cunt?Maxime
2401 5555 2640 5626 quidem,
2663 5556 2806 5625 quod
2839 5571 2946 5610 non
2980 5565 3256 5627 oporteret
3274 5570 3544 5611 summam

1967 5659 2022 5704 et
2051 5651 2546 5718 supereminentem
2576 5657 2828 5702 naturam
2860 5649 3083 5702 omnino
3112 5650 3309 5704 mortis
3358 5648 3547 5705 subire

1960 5737 2380 5810 experientiam,
2412 5739 2507 5795 sed
2545 5740 2750 5810 absque
2778 5754 2841 5793 ea
2872 5755 2972 5795 sua
3023 5739 3224 5811 insigni
3254 5747 3306 5795 et
3361 5740 3542 5795 excel-

1970 5832 2114 5888 lentc
2145 5835 2344 5888 virtute
2373 5840 2555 5904 posset
2591 5830 2850 5887 facillime
2891 5831 3037 5902 quod
3084 5832 3370 5888 videbatur
3427 5831 3540 5888 elli-
