4066 6374
562 379 634 435 7’)
1837 380 1894 436 S.
1929 379 2255 436 GREGORII
2298 378 2589 436 NYSSENI
3751 380 3818 432 80

562 516 703 555 rere.
740 502 899 567 Quod
961 500 1006 554 si
1054 501 1216 555 etiam
1254 516 1454 556 arcana
1523 503 1704 574 aliqua
1753 504 1965 558 ratione
2032 504 2135 557 hoc

2250 520 2343 566 cm;
2379 503 2482 556 ἔδει
2516 502 2672 557 τοῦτο
2706 503 2842 556 κατὰ
2875 518 2993 555 τινα
3032 501 3187 569 λόγον
3217 499 3554 572 ἀπόρρητον
3588 498 3701 553 ἀλλ’
3727 496 3818 553 οὖν

563 593 786 645 omnino
814 591 929 645 ﬁeri
988 594 1292 660 oportebat,
1349 610 1456 647 non
1520 605 1700 650 tamen
1764 594 2138 665 ignominiosa:

564 682 758 737 mortis
792 682 928 737 allici
961 683 1252 737 dedecore.
1285 685 1415 751 Qua:
1459 687 1603 739 enim
1656 702 1824 749 mors,
1863 688 2136 756 inquiunt,

574 781 659 829 est
688 773 1107 842 ignominiosior
1137 790 1197 826 ea
1233 792 1354 844 qua:
1409 792 1504 846 per
1531 792 1745 831 crucem
1796 778 2141 832 sustinetur?

564 864 706 928 Quid
729 882 858 936 ergo
898 866 963 919 ad
1001 867 1113 919 haec
1146 884 1362 937 quoque
1395 868 1675 922 dicimus?
1706 869 1897 925 Mortis
1919 870 2137 940 quidem

566 958 948 1012 necessitatem
981 956 1142 1010 eﬂicit
1193 958 1454 1012 nascendi
1492 957 1753 1012 conditio.
1815 959 1950 1013 Eum
1994 961 2139 1014 enim

565 1050 658 1119 qui
717 1049 883 1102 semel
942 1057 1209 1101 statuerat
1261 1064 1385 1104 esse
1430 1051 1702 1118 particeps
1758 1050 2139 1114 humanitatis,

565 1142 851 1211 oportebat
906 1144 1199 1210 pervadere
1259 1156 1448 1195 omnes
1501 1151 1707 1195 natura:
1752 1143 2138 1213 proprietates.

570 1231 627 1286 Si
666 1249 799 1303 ergo
826 1248 949 1285 cum
983 1231 1201 1285 duobus
1232 1232 1429 1288 ﬁnibus
1457 1241 1758 1301 intercepta
1790 1234 1861 1287 sit
1906 1235 2142 1286 humana

570 1333 787 1387 natura,
821 1324 872 1378 in
911 1340 1021 1377 uno
1063 1324 1277 1385 fuisset,
1319 1332 1372 1377 et
1426 1325 1656 1378 alterum
1689 1338 1798 1378 non
1850 1325 2139 1393 attigisset,

568 1415 1011 1485 semiperfectum
1064 1415 1358 1469 mansisset
1413 1415 1753 1485 prepositum
1776 1458 1790 1482 ,
1827 1424 1885 1469 ut
1919 1418 2009 1485 qui
2046 1433 2145 1470 no-

569 1515 697 1560 stra:
730 1515 938 1559 naturm
989 1506 1219 1560 alteram
1255 1521 1363 1559 non
1419 1507 1692 1575 attigisset
1728 1508 2139 1577 proprietatem.

569 1598 825 1653 Fortasse
874 1608 1052 1652 autem
1090 1599 1385 1669 quispiam,
1434 1615 1557 1652 eum
1617 1600 1934 1670 mysterium
1980 1615 2144 1653 accu-

570 1699 687 1744 rate
720 1698 772 1743 et
799 1698 990 1745 exacte
1025 1689 1298 1753 didicerit,
1325 1692 1499 1759 magis
1527 1698 1893 1744 consentanee
1922 1688 2139 1755 dixerit,

569 1798 677 1833 non
715 1782 962 1835 evenisse
994 1792 1225 1835 mortem
1287 1790 1573 1851 propterea
1615 1781 1759 1851 quod
1813 1789 1974 1835 natus
2028 1783 2139 1848 sit,

570 1870 665 1921 ει·ιί
711 1881 900 1921 contra
938 1870 1129 1923 mortis
1186 1883 1350 1922 causa
1408 1868 1578 1923 fuisse
1611 1870 1682 1923 ab
1735 1866 1801 1923 ὼ
1865 1876 2140 1938 acceptam

571 1958 829 2011 nascendi
871 1958 1261 2012 conditionem.
1324 1958 1511 2027 Neque
1563 1961 1708 2013 enim
1766 1964 2005 2015 eternus
2056 1961 2147 2015 ille

570 2062 889 2117 corpoream
930 2047 1138 2101 ideirco
1174 2050 1579 2118 generationem
1630 2051 1819 2115 subiit,
1871 2052 2003 2121 quia
2040 2053 2148 2106 vita

568 2145 751 2206 egeret
781 2180 794 2202 ,
839 2135 934 2191 sed
968 2152 995 2189 a
1026 2146 1198 2191 morte
1233 2152 1334 2189 nos
1364 2137 1432 2191 ad
1460 2140 1625 2192 vitam
1673 2154 1960 2194 revocans.
1998 2141 2148 2204 Quo—

572 2228 716 2280 niam
750 2226 912 2297 igitur
943 2229 1227 2295 oportebat
1268 2237 1327 2281 ut
1390 2230 1559 2282 totius
1596 2240 1806 2284 natura:
1861 2241 2066 2286 nostra:
2119 2248 2148 2284 a

573 2317 803 2371 mortuis
833 2319 1166 2372 resurrectio
1191 2317 1370 2383 ﬁeret;
1402 2330 1656 2388 tanquam
1691 2337 1911 2374 manum
1944 2323 2147 2390 jacenti

573 2409 879 2478 porrigens,
908 2415 961 2461 et
1009 2417 1295 2477 propterea
1328 2409 1394 2462 ad
1438 2418 1687 2463 nostrqu
1731 2411 1965 2466 cadaver
2007 2414 2150 2482 aspi-

572 2503 747 2564 ciens,
782 2503 946 2557 morti
981 2511 1193 2556 tantum
1216 2504 1699 2573 apprOpinquavit,
1755 2514 2023 2574 quantum
2066 2516 2150 2562 est

573 2596 821 2663 attigisse
870 2595 1268 2648 mortalitatem
1297 2633 1312 2654 ,
1360 2603 1413 2646 ct
1458 2595 1669 2648 initium
1726 2597 2151 2652 resurrectionis

574 2702 674 2740 suo
701 2702 932 2755 corpore
955 2685 1177 2739 dedisse
1207 2693 1435 2749 naturae,
1473 2695 1532 2739 ut
1570 2686 1663 2755 qui
1711 2687 1911 2741 virtute
1939 2702 2002 2741 ac
2051 2703 2151 2758 po-

574 2786 772 2833 testate
795 2786 965 2830 totum
1001 2776 1272 2830 hominem
1299 2777 1461 2831 simul
1490 2780 1857 2833 suscitaverit.
1880 2779 2148 2846 Quoniam

574 2870 716 2923 cnim
748 2884 861 2922 non
909 2868 1128 2921 aliunde
1150 2882 1313 2936 quam
1347 2883 1410 2921 ex
1435 2878 1619 2922 nostra
1639 2884 1820 2923 massa
1856 2884 1986 2923 caro
2010 2877 2149 2934 erat,

576 2980 694 3032 quae
729 2962 895 3017 Deum
942 2968 1290 3029 susceperat,
1331 2975 1453 3028 qua:
1482 2960 1699 3028 quidem
1733 2976 1825 3028 per
1870 2976 2151 3016 resurrec-

582 3056 786 3108 tionem
842 3052 1001 3105 sitnul
1046 3053 1282 3105 excitata
1336 3049 1439 3104 fuit
1477 3066 1605 3104 cum
1650 3051 1979 3118 divinitate;
2015 3068 2152 3123 quo-

575 3145 737 3198 modo
774 3144 827 3197 in
858 3154 1047 3197 nostro
1090 3159 1339 3213 corpore,
1368 3142 1530 3198 unius
1566 3158 1630 3196 ex
1659 3158 1918 3197 sensuum
1943 3144 2152 3198 instru-

575 3236 775 3289 mentis
803 3236 1050 3303 operatio
1090 3234 1310 3288 deducit
1354 3250 1687 3288 consensum
1732 3234 1797 3287 ad
1835 3235 2149 3289 universum

575 3326 717 3395 parti
743 3326 954 3378 unitum
984 3345 995 3377 :
1027 3326 1097 3378 ita
1130 3326 1292 3380 etiam
1325 3326 1551 3395 perinde
1576 3341 1639 3379 ac
1675 3326 1720 3380 si
1755 3337 1901 3380 esset
1928 3326 2150 3396 aliquod

576 3416 779 3469 animal
808 3416 1063 3470 universa
1098 3424 1313 3478 natura,
1350 3415 1522 3484 partis
1568 3418 1902 3470 resurrectio
1951 3418 2152 3472 transit

574 3506 643 3561 ad
669 3508 1005 3569 universum,
1033 3516 1086 3561 et
1120 3522 1218 3576 pro
1252 3507 1615 3561 continuitate
1649 3508 2152 3579 coniunctioneque

580 3610 786 3654 natura:
816 3607 990 3653 totum
1019 3616 1082 3654 ex
1114 3607 1266 3668 parte
1287 3600 1587 3654 concurrit.
1617 3598 1757 3665 Quid
1782 3600 1925 3655 enim
1974 3616 2151 3656 remo-

574 3702 690 3746 tum
724 3708 752 3745 a
780 3692 1162 3761 probabilitate
1187 3700 1240 3745 et
1276 3691 1753 3745 verisimilitudine
1790 3689 2052 3746 discimus
2095 3693 2148 3747 in

579 3784 860 3854 mysterio,
898 3784 943 3837 si
984 3783 1073 3851 qni
1099 3791 1230 3841 stat,
1262 3781 1556 3835 inclinatur
1584 3781 1649 3835 ad
1675 3794 1798 3835 eum
1824 3780 1915 3849 qui
1935 3780 2149 3847 cecidit,

579 3882 672 3925 aut
708 3871 771 3925 ad
812 3872 1159 3925 excitandum
1186 3888 1308 3925 eum
1338 3874 1427 3940 qui
1455 3872 1627 3939 jacet?
1651 3871 1793 3925 Crux
1816 3881 1995 3925 autem
2021 3889 2149 3925 num

583 3966 815 4034 aliquam
844 3966 1005 4019 etiam
1035 3965 1194 4017 aliam
1233 3962 1641 4033 profundiorem
1673 3964 1949 4017 contineat
1987 3966 2153 4016 ratio-

580 4074 727 4119 nem,
764 4056 998 4110 viderint
1034 4056 1065 4108 ii
1110 4055 1203 4122 qui
1259 4071 1343 4110 res
1387 4070 1615 4109 arcanas
1659 4064 1945 4109 noverunt.
1993 4056 2152 4121 Quod

577 4158 758 4202 autem
791 4147 856 4201 ad
885 4165 985 4202 nos
1027 4148 1173 4201 venit
1212 4164 1275 4200 ex
1339 4147 1650 4209 traditione,
1688 4156 1770 4201 est
1797 4147 2105 4213 hujusmodi
2134 4164 2148 4200 :

578 4239 846 4304 Quoniam
906 4241 1089 4293 omnia
1137 4238 1527 4292 convenienter
1568 4236 1877 4291 snblimiori
1933 4239 2054 4292 vita:
2097 4239 2152 4292 in

577 4330 873 4400 Evangelio
897 4330 1040 4383 dicta
1076 4340 1127 4384 et
1164 4331 1228 4383 fni
1250 4338 1303 4383 ta
1330 4338 1499 4393 sunt,
1535 4344 1710 4398 neque
1744 4329 2037 4398 quidquam
2071 4338 2155 4385 est

575 4424 872 4492 ejusmodi,
895 4433 952 4476 ut
982 4424 1106 4476 inde
1138 4440 1241 4475 non
1284 4430 1468 4492 aperte
1511 4429 1770 4490 appareat
1811 4422 2033 4474 omnino
2071 4422 2154 4475 di-

2244 596 2317 664 μὴ
2350 595 2429 666 τῷ
2457 598 2636 667 ἀτίμῳ
2664 596 2849 666 τρόπῳ
2869 595 2962 648 τοῦ
2991 593 3220 648 θανάτου
3246 591 3700 663 καθυϐρισθῆναι.
3724 592 3818 655 Τίς

2240 687 2347 754 γὰρ
2386 686 2452 740 ἂν
2483 688 2711 755 γένοιτο,
2752 686 2905 756 φησὶ,
2932 684 3026 739 τοῦ
3058 685 3145 738 διὰ
3175 683 3409 755 σταυροῦ
3442 685 3668 747 θάνατος
3707 685 3818 737 ἀτι-

2244 776 2501 847 μότερος;
2546 778 2611 829 Τί
2655 773 2749 830 οὖν
2794 777 2885 830 καὶ
2922 777 3054 846 πρὸς
3091 776 3263 829 ταῦτά
3298 791 3511 846 φαμεν;
3554 774 3677 829 Ὀτι
3730 775 3820 828 τὸν

2242 867 2469 921 θάνατον
2513 869 2612 938 μὲν
2645 870 2939 936 ἀναγκαῖον
2967 871 2999 939 ἡ
3026 868 3237 936 γένεσις
3266 868 3679 940 κατεργάζεται.
3717 869 3819 921 Τὸν

2242 960 2350 1029 γὰρ
2394 961 2538 1024 ἅπαξ
2588 963 2877 1030 μετασχεῖν
2919 961 3197 1029 ἐγνωκότα
3241 960 3340 1029 τῆς
3381 960 3817 1032 ἀνθρωπότητος,

2241 1049 2330 1102 διὰ
2355 1051 2569 1103 πάντων
2594 1050 2699 1103 ἔδει
2721 1050 2974 1118 γενέσθαι
3000 1051 3109 1103 τῶν
3131 1051 3432 1121 ἰδιωμάτων
3456 1051 3555 1121 τῆς
3582 1050 3799 1118 φύσεως

2244 1141 2307 1192 Et
2332 1141 2508 1194 τοίνυν
2540 1139 2633 1193 δύο
2669 1140 2867 1211 πέρασι
2898 1142 2997 1210 τῆς
3028 1140 3375 1211 ἀνθρωπίνης
3405 1140 3550 1210 ζωῆς
3577 1140 3820 1210 διειλημ-

2248 1231 2448 1302 μένης,
2496 1234 2553 1284 ἐν
2597 1230 2674 1301 τῷ
2720 1231 2800 1283 ἐνὶ
2842 1232 3132 1299 γενόμενος
3166 1230 3259 1283 τοῦ
3300 1230 3496 1299 ἐφεξῆς
3539 1233 3615 1300 μὴ
3650 1248 3819 1300 προσ-

2246 1322 2438 1397 ήψατο,
2466 1324 2725 1393 ἡμιτελὴς
2756 1323 2822 1375 ἂν
2844 1325 2875 1391 ἡ
2895 1323 3148 1393 πρόθεσις
3175 1323 3374 1391 ἔμεινε,
3392 1322 3485 1375 τοῦ
3514 1324 3703 1394 ἐτέρου
3723 1324 3821 1393 τῆς

2246 1414 2459 1482 φύσεως
2477 1413 2633 1483 ἡμῶν
2662 1414 2947 1483 ἰδιώματος
2970 1414 3065 1482 οὐχ
3088 1414 3365 1483 ἁψαμένου
3384 1432 3397 1444 ·
3418 1414 3557 1483 τάχα
3574 1413 3617 1466 δ’
3643 1414 3709 1468 ἄν
3739 1432 3823 1476 τις

2245 1504 2312 1556 δι’
2341 1503 2625 1572 ἀκριϐείας
2653 1502 2983 1573 καταμαθὼν
3025 1504 3085 1557 τὸ
3124 1506 3439 1574 μυστήριον,
3463 1505 3822 1575 εὐλογώτερον

2245 1594 2420 1655 εἴποι,
2464 1593 2537 1664 μὴ
2585 1593 2671 1646 διὰ
2717 1594 2816 1662 τὴν
2867 1594 3078 1661 γένεσιν
3130 1594 3530 1666 συμϐεϐηκέναι
3585 1594 3675 1648 τὸν
3730 1595 3824 1647 θά·

2244 1699 2434 1735 νατον·
2469 1682 2605 1736 ἀλλά
2635 1684 2696 1737 τὸ
2739 1682 2973 1753 ἔμπαλιν
3014 1683 3106 1736 τοῦ
3166 1684 3395 1738 θανάτου
3435 1686 3591 1755 χάριν
3647 1703 3824 1755 παρα-

2244 1774 2516 1845 ληφθῆναι
2533 1777 2631 1846 τὴν
2649 1775 2862 1844 γένεσιν
2883 1793 2896 1805 ⁸
2922 1778 2981 1829 οὐ
3002 1777 3110 1846 γὰρ
3126 1776 3219 1829 τοῦ
3238 1777 3679 1848 ζῆσαιδεόμενος.
3698 1781 3725 1831 ό
3741 1780 3825 1831 ἀεὶ

2248 1866 2355 1931 ζῶν
2384 1867 2479 1938 τὴν
2523 1868 2839 1938 σωματικὴν
2890 1868 3177 1923 ὑποδύεται
3206 1869 3457 1939 γέννησιν
3475 1909 3489 1933 ,
3518 1870 3633 1923 ἀλλ’
3679 1872 3825 1939 ἡμᾶς

2247 1957 2339 2009 ἐπὶ
2366 1957 2462 2028 τὴν
2492 1956 2635 2029 ζωὴν
2676 1961 2741 2012 ἐκ
2766 1957 2860 2011 τοῦ
2902 1959 3131 2013 θανάτου
3162 1960 3617 2031 ἀνακαλούμενος.
3671 1963 3824 2015 Ἐπεὶ

2246 2045 2339 2102 οὖν
2370 2048 2474 2102 ἔδει
2502 2049 2755 2118 γενέσθαι
2785 2051 2912 2121 ὅλης
2941 2052 3039 2122 τῆς
3075 2051 3287 2119 φύσεως
3321 2052 3477 2122 ἡμῶν
3503 2056 3567 2106 ὲκ
3599 2053 3692 2107 τοῦ
3733 2053 3828 2106 θα-

2248 2140 2409 2194 νάτου
2474 2140 2635 2194 πάλιν
2696 2142 2951 2195 ἐπάνοδον
2975 2182 2990 2205 ,
3048 2144 3209 2207 οἱονεὶ
3258 2146 3413 2214 χεῖρα
3462 2144 3538 2215 τῷ
3589 2146 3826 2215 κειμένῳ

2248 2231 2474 2303 ὀρέγων,
2509 2233 2602 2285 καὶ
2646 2232 2733 2285 διά
2780 2232 2938 2285 τοῦτο
2976 2234 3111 2304 πρὸς
3150 2233 3209 2286 τὸ
3250 2236 3516 2307 ἡμέτερον
3555 2236 3826 2303 ἐπικύψας

2252 2322 2471 2393 πτῶμα,
2500 2324 2750 2378 τοσοῦτον
2788 2325 2866 2395 τῷ
2904 2325 3117 2396 θανάτῳ
3148 2316 3541 2398 προσήγγισεν,
3572 2329 3695 2381 ὅσον
3726 2332 3827 2399 τῆς

2249 2416 2570 2487 νεκρότητος
2595 2414 2864 2485 ἅψασθαι·
2891 2417 2986 2471 καὶ
3015 2418 3186 2490 ἀρχὴν
3211 2420 3392 2472 δοῦναι
3418 2420 3515 2490 τὴν
3546 2419 3706 2489 φύσιν
3726 2418 3828 2490 τῆς

2248 2507 2596 2569 ἀναστάσεως
2619 2505 2698 2577 τῷ
2726 2508 2841 2577 ἰδίῳ
2872 2507 3103 2577 σώματι,
3132 2510 3251 2562 ὅλον
3294 2512 3702 2580 συναναστήσας
3735 2511 3827 2563 τὸν

2249 2597 2532 2669 ἄνθρωπον
2558 2600 2624 2673 τῇ
2657 2598 2904 2668 δυνάμει.
2947 2599 3164 2670 Ἐπειδὴ
3186 2600 3294 2671 γὰρ
3319 2603 3419 2654 οὐκ
3444 2601 3683 2665 ἄλλοθεν,
3712 2601 3826 2655 ἀλλ’

2250 2690 2314 2741 ἐκ
2345 2688 2440 2740 τοῦ
2479 2688 2746 2759 ἡμετέρου
2778 2690 3098 2760 φυράματος
3140 2692 3172 2761 ὴ
3213 2691 3457 2763 θεοδόχος
3494 2692 3629 2765 σὰρξ
3665 2688 3753 2762 ἦν,
3790 2696 3823 2763 ἡ

2248 2780 2337 2833 διὰ
2364 2782 2463 2850 τῆς
2487 2779 2835 2843 ἀναστάσεως
2862 2779 3258 2851 συνεπαρθεῖσα
3283 2785 3348 2852 τῇ
3376 2781 3610 2853 θεότητι,
3640 2782 3828 2852 ὥσπερ

2251 2874 2341 2926 ἐπὶ
2368 2871 2463 2925 τοῦ
2516 2872 2637 2925 καθ’
2687 2873 2832 2943 ἡμᾶς
2864 2872 3111 2942 σώματος
3138 2875 3169 2943 ἡ
3200 2873 3292 2926 τοῦ
3338 2874 3456 2938 ἐνὸς
3498 2875 3607 2927 τῶν
3640 2876 3828 2945 αἰσθη-

2249 2962 2450 3034 τηρίων
2475 2964 2719 3034 ἐνέργεια
2748 2961 2882 3034 πρὸς
2915 2964 3059 3016 ἆπαν
3106 2963 3199 3033 τὴν
3234 2965 3580 3035 συναίσθησιν
3608 2965 3729 3033 ἄγει
3766 2966 3829 3017 τὸ

2250 3056 2527 3126 ἡνωμένον
2550 3054 2627 3125 τῷ
2654 3056 2811 3126 μέρει
2838 3070 2853 3085 ·
2878 3054 3048 3118 οὕτως
3077 3054 3327 3125 καθάπερ
3348 3056 3492 3118 τινὸς
3516 3056 3667 3119 δντος
3690 3051 3827 3120 ζὼου

2253 3147 2435 3218 πάσης
2461 3146 2559 3216 τῆς
2601 3145 2833 3215 φύσεως,
2873 3147 2905 3215 ή
2947 3146 3040 3198 τοῦ
3076 3146 3273 3218 μέρους
3318 3148 3611 3211 ἀνάστασις
3645 3149 3737 3200 ἐπὶ
3766 3148 3831 3199 τὸ

2254 3242 2361 3293 πᾶν
2385 3237 2735 3309 διεξέρχεται,
2761 3238 2900 3290 κατὰ
2919 3237 2980 3290 τὸ
3004 3240 3216 3309 συνεχές
3242 3257 3297 3292 τε
3320 3239 3415 3292 καὶ
3437 3239 3709 3309 ἡνωμένον
3730 3238 3831 3304 τῆς

2254 3334 2485 3403 φύσεως,
2522 3335 2586 3384 ἐκ
2635 3331 2727 3383 τοῦ
2760 3330 2958 3401 μέρους
2997 3332 3087 3383 ἐπὶ
3113 3336 3175 3383 τὸ
3216 3332 3334 3385 ὅλον
3362 3332 3729 3401 συνδιδομένη.
3763 3334 3830 3384 Τί

2251 3420 2342 3477 οὖν
2370 3423 2472 3488 ἔξω
2498 3421 2591 3474 τού
2620 3422 2825 3483 εἰκότος
2864 3423 2921 3473 ἐν
2947 3419 3023 3490 τῷ
3069 3421 3350 3491 μυστηρίῳ
3386 3421 3746 3492 μανθάνομεν,
3779 3423 3831 3474 εἰ

2254 3516 2447 3567 κύπτει
2483 3513 2615 3584 πρὸς
2638 3514 2727 3566 τὸν
2761 3516 3087 3567 πεπτωκότα
3128 3517 3155 3566 ὁ
3195 3514 3384 3576 ἑστὼς,
3425 3513 3456 3582 ἢ
3490 3514 3581 3565 ἐπὶ
3608 3514 3669 3565 τὸ
3702 3514 3831 3565 ἀνα-

2255 3607 2447 3673 στῆσαι
2494 3603 2585 3655 τὸν
2618 3603 2901 3673 κείμενον;
2945 3604 2973 3655 ὁ
3017 3603 3072 3655 δὲ
3108 3602 3339 3673 σταυρὸς
3380 3604 3427 3654 εἰ
3464 3603 3537 3672 μή
3570 3619 3691 3665 τινα
3738 3603 3832 3654 καὶ

2250 3697 2439 3765 ἕτερον
2480 3695 2725 3766 περιέχει
2763 3693 2918 3763 λόγον
2950 3693 3277 3764 βαθύτερον,
3308 3691 3494 3745 εἰδοῖεν
3533 3692 3597 3746 ἂν
3624 3694 3672 3745 οἰ
3721 3692 3831 3745 τῶν

2254 3787 2641 3858 κρυπτομένων
2672 3786 2974 3855 ἐπίστορες.
3006 3787 3069 3838 Ὃ
3095 3785 3139 3838 δ’
3160 3781 3251 3837 οὖν
3281 3786 3360 3848 εἰς
3387 3786 3534 3855 ἡμᾶς
3562 3788 3626 3836 ἐκ
3654 3801 3832 3856 παρα-

2252 3882 2450 3944 δόσεως
2497 3881 2652 3952 ἥκει,
2696 3878 2935 3932 τοιοῦτόν
2984 3878 3163 3931 ἐστιν·
3214 3877 3428 3948 Ἐπειδὴ
3476 3877 3653 3930 πάντα
3686 3877 3829 3930 κατά

2252 3972 2342 4024 τὸν
2366 3970 2595 4040 ὑψηλότε
2606 3969 2694 4041 ρόν
2713 3986 2773 4021 τε
2794 3969 2889 4021 καὶ
2909 3968 3177 4038 θειότερον
3202 3966 3313 4037 βίον
3336 3968 3393 4019 ἐν
3414 3966 3489 4037 τῷ
3511 3966 3828 4037 Εὐαγγελίῳ

2254 4064 2464 4133 εἴρηται
2495 4062 2588 4115 καὶ
2628 4060 2951 4130 γεγένηται·
2988 4061 3079 4112 καὶ
3107 4059 3256 4111 οὐδὲν
3286 4057 3522 4111 τοιοῦτόν
3550 4060 3693 4113 ἐστιν
3714 4101 3729 4122 ,
3772 4060 3831 4110 ἐν

2252 4147 2296 4221 ᾧ
2325 4154 2443 4223 οὐχὶ
2485 4154 2700 4216 πάντως
2733 4152 2879 4223 μίξις
2906 4169 2989 4215 τις
3029 4152 3350 4222 ἐμφαίνεται
3383 4151 3474 4203 τοῦ
3510 4150 3652 4203 θείου
3690 4151 3828 4223 πρὸς

2254 4245 2313 4297 τὸ
2342 4242 2679 4313 ἀνθρώπινον
2700 4282 2714 4300 ,
2747 4241 2847 4310 τῆς
2882 4244 2981 4310 μὲν
3015 4240 3197 4311 φωνῆς
3236 4240 3267 4310 ἢ
3307 4240 3406 4309 τῆς
3454 4239 3701 4310 πράξεως
3734 4242 3828 4293 ἀν-

2256 4330 2545 4403 θρωπικῶς
2585 4329 3002 4398 διεξαγομένης,
3055 4328 3149 4381 τοῦ
3200 4329 3256 4381 δὲ
3300 4328 3443 4381 κατά
3484 4329 3544 4381 τὸ
3590 4330 3831 4399 κρυπτὸν

2254 4425 2542 4494 νοουμένου
2586 4422 2646 4475 τὸ
2686 4422 2828 4475 θεῖον
2872 4423 3258 4492 ἐμφαίνοντος·
3295 4421 3583 4474 ἀκόλουθον
3629 4422 3694 4475 ἂν
3742 4423 3829 4492 εἴη

577 4516 821 4569 vinitatis
852 4517 1033 4569 mistio
1066 4532 1186 4567 cum
1234 4514 1595 4577 humanitate,
1628 4528 1751 4565 cum
1789 4529 1889 4566 vox
1928 4512 2145 4581 quidem

2252 4517 2345 4568 καὶ
2370 4518 2426 4567 ἐν
2455 4512 2532 4583 τῷ
2568 4512 2723 4583 μέρει
2755 4513 2929 4584 τούτῳ
2949 4554 2964 4577 ,
2998 4512 3072 4583 μὴ
3097 4512 3157 4565 τὸ
3190 4511 3286 4582 μὲν
3315 4511 3549 4582 βλέπειν,
3584 4516 3831 4584 παρορᾷν

578 4615 671 4660 aut
699 4608 841 4660 actio
865 4613 1111 4663 transeat
1138 4607 1478 4663 humanitus.
1520 4603 1573 4658 id
1602 4614 1781 4657 autem
1806 4605 1950 4673 quod
1978 4621 2040 4659 ex
2067 4620 2152 4658 oc~

578 4701 725 4753 culto
775 4700 1134 4769 intelligitur.
1203 4698 1458 4752 ostendat
1517 4695 1897 4750 divinitatem:
1954 4698 2008 4749 in
2052 4697 2153 4750 hac

578 4791 738 4844 etiam
770 4800 917 4859 parte
960 4792 1121 4843 fuerit
1151 4802 1516 4856 consequens.
1575 4795 1635 4839 ut
1694 4803 1800 4839 non
1852 4787 2154 4853 aSpieiatur

582 4898 772 4943 unum,
800 4881 1025 4935 alterum
1054 4892 1233 4934 autem
1262 4879 1622 4947 despiciatur,
1650 4878 1743 4931 sed
1780 4878 1831 4930 in
1860 4877 2151 4932 immortali

579 4976 797 5044 quidem
830 4977 1056 5029 mortale
1087 4974 1493 5035 consideretur,
1526 4972 1581 5026 in
1612 4972 1834 5025 homine
1862 4980 2042 5024 autem
2100 4972 2154 5027 id

579 5067 722 5135 quod
763 5074 849 5121 est
888 5066 1130 5121 divinius
1184 5066 1329 5117 ()llllli
1366 5063 1551 5118 studio
1606 5062 1969 5133 disquiratur.
2016 5060 2152 5115 Nam

579 5161 836 5228 quoniam
868 5161 1145 5228 preprium
1172 5166 1255 5213 est
1280 5158 1581 5211 divinitatis
1617 5156 1800 5208 omnia
1834 5154 2153 5223 pervadere,

580 5264 783 5308 etcum
824 5266 1011 5303 eorum
1045 5266 1163 5319 qua:
1196 5261 1322 5303 sunt
1352 5257 1547 5303 natura
1570 5263 1665 5315 per
1697 5261 1912 5301 omnem
1946 5253 2155 5316 partem

580 5343 794 5398 extendi
826 5341 970 5411 (non
1007 5341 1151 5393 enim
1193 5340 1453 5393 manserit
1481 5338 1759 5407 quippiam
1796 5337 1850 5389 in
1896 5338 2153 5397 essentia,

582 5438 683 5490 nisi
718 5437 771 5488 in
804 5449 870 5487 eo
920 5433 1066 5501 quod
1105 5440 1189 5485 est
1236 5441 1471 5485 maneat.
1504 5429 1659 5496 Quod
1692 5438 1873 5483 autem
1939 5429 2157 5499 proprie

581 5538 665 5581 est
690 5534 743 5579 et
770 5525 966 5594 primo,
999 5523 1186 5577 divina
1217 5532 1301 5575 est
1336 5532 1530 5576 natura
1558 5540 1570 5575 :
1610 5536 1771 5591 quam
1816 5532 1873 5575 ut
1897 5536 2155 5576 necessa-

582 5619 665 5671 rio
704 5617 994 5670 credamus
1016 5631 1137 5670 esse
1185 5616 1238 5668 in
1273 5614 1490 5667 cunctis
1520 5629 1639 5681 quae
1675 5620 1823 5676 sunt,
1867 5628 1967 5665 nos
2016 5615 2159 5679 cogit

579 5718 766 5762 eorum
797 5724 917 5779 qua:
946 5717 1075 5761 sunt
1110 5706 1478 5776 permansio),
1524 5706 1625 5759 hoc
1670 5720 1765 5774 per
1791 5720 2009 5758 crucem
2058 5704 2158 5756 do-

580 5816 792 5862 remur,
834 5817 956 5855 cum
991 5800 1110 5867 ejus
1147 5796 1541 5868 quadrifariam
1605 5796 1776 5867 ﬁgura
1829 5796 1899 5850 sit
1939 5794 2112 5849 divisa
2142 5834 2157 5859 ,

2253 4606 2309 4657 δὲ
2337 4604 2395 4656 τὸ
2420 4604 2606 4673 ἕτερον
2626 4619 2638 4632 ·
2666 4602 2780 4654 ἀλλ’
2806 4604 2863 4654 ὲν
2895 4602 2994 4672 μὲν
3015 4600 3091 4671 τῷ
3119 4600 3371 4671 ἀθανάτῳ
3397 4600 3633 4671 καθορᾷν
3652 4602 3711 4653 τὸ
3737 4603 3833 4653 ἀν-

2255 4693 2544 4764 θρώπινον,
2589 4695 2645 4745 ἐν
2691 4692 2746 4744 δὲ
2804 4692 2884 4762 τῷ
2933 4690 3203 4765 ἀνθρώπῳ
3251 4691 3725 4762 πολυπραγμονεῖν
3771 4693 3833 4746 τὸ

2256 4786 2544 4857 θειότερον,
2588 4785 2804 4855 Ἐπειδὴ
2846 4785 2955 4856 γὰρ
2999 4784 3129 4837 ἴδιόν
3165 4784 3281 4836 ἐστι
3324 4783 3424 4853 τῆς
3469 4782 3740 4854 θειότητος
3771 4785 3832 4836 τὸ

2255 4878 2343 4931 διὰ
2371 4878 2586 4931 πάντων
2616 4876 2791 4947 ἥκειν,
2822 4876 2915 4927 καὶ
2943 4877 3009 4946 τῇ
3039 4873 3196 4941 φύσει
3225 4873 3333 4927 τῶν
3360 4874 3527 4926 ὄντων
3556 4875 3696 4927 κατά
3723 4876 3831 4928 πᾶν

2260 4970 2422 5042 μέρος
2462 4967 3049 5039 συμπαρεκτείνεσθαι’
3087 4965 3147 5017 οὐ
3178 4966 3285 5037 γὰρ
3325 4965 3389 5019 ἄν
3418 4983 3470 5018 τι
3504 4965 3746 5035 διαμένοι
3775 4968 3833 5018 ἐν

2255 5061 2333 5131 τῷ
2357 5057 2517 5124 εἶναι,
2545 5060 2619 5130 μὴ
2650 5061 2707 5110 ἐν
2728 5058 2805 5128 τῷ
2824 5058 2935 5111 ὅντι
2961 5058 3138 5127 μένον.
3164 5057 3236 5108 Τὸ
3262 5057 3318 5109 δὲ
3342 5058 3544 5128 κυρίως
3565 5058 3659 5110 καὶ
3682 5057 3835 5129 πρώ-

2255 5171 2362 5216 τως
2385 5153 2467 5219 δν,
2499 5154 2532 5222 ἡ
2564 5152 2681 5205 θεία
2711 5150 2871 5221 φύσις
2903 5149 3074 5212 ἐστὶν,
3097 5150 3165 5219 ἢν
3199 5150 3257 5213 ἐξ
3287 5150 3530 5223 ἀνάγκης
3560 5151 3833 5203 πιστεύειν

2258 5246 2313 5297 ἐν
2360 5246 2523 5297 πᾶσιν
2573 5240 2710 5297 εἶναι
2747 5245 2858 5306 τοῖς
2891 5238 3074 5304 οὖσιν,
3116 5243 3149 5311 ὴ
3207 5242 3432 5312 διαμονὴ
3493 5242 3599 5295 τῶν
3666 5243 3833 5296 ὄντων

2258 5335 2684 5404 καταναγκάζειο
2732 5334 2891 5389 τοῦτο
2925 5334 3010 5388 διὰ
3041 5333 3134 5387 τοῦ
3174 5335 3407 5405 σταυροῦ
3447 5336 3829 5406 διδασκόμεθα,

2258 5431 2493 5499 τετραχῆ
2526 5428 2620 5480 τοῦ
2652 5429 2769 5479 κατ’
2794 5426 2954 5480 αὑτὸν
2981 5426 3257 5496 σχήματος
3277 5427 3607 5498 διῃρημένου
3627 5444 3639 5456 ·
3666 5427 3743 5490 ὼς
3772 5430 3836 5480 ἐκ

2258 5519 2350 5571 τοῦ
2389 5520 2577 5589 μέσου,
2618 5521 2753 5573 καθὸ
2796 5522 2931 5592 πρὸς
2962 5521 3152 5573 ἐαυτὸν
3185 5521 3531 5585 συνάπτεται,
3568 5521 3833 5592 τέσσαρας

2260 5612 2607 5683 ἀριθμεῖσθαι
2651 5613 2749 5676 τὰς
2800 5613 3103 5685 προϐολάς*
3138 5614 3217 5665 ὅτι
3262 5616 3289 5666 ὁ
3326 5614 3415 5665 ἐπὶ
3445 5613 3633 5665 τούτου
3673 5615 3731 5666 ὲν
3760 5612 3835 5682 τῷ

2262 5701 2437 5774 καιρῷ
2473 5705 2571 5773 τῆς
2601 5702 2740 5755 κατά
2765 5702 2856 5755 τὸν
2894 5702 3119 5755 θάνατον
3144 5700 3454 5770 οἰκονομίας
3492 5701 3779 5765 διατεθεὶς,
3807 5703 3835 5754 ὁ

2261 5794 2321 5846 τὸ
2353 5795 2459 5846 πᾶν
2486 5794 2618 5864 πρὸς
2652 5792 2829 5865 ἐαυτῷ
2858 5792 3087 5847 συνδέων
3116 5810 3173 5846 τε
3209 5793 3301 5845 καὶ
3335 5791 3708 5863 συναρμόζων,
3738 5792 3835 5855 τὰς
