4066 6374
263 418 321 473 8|
1469 425 1728 482 ORATIO
1759 423 2266 482 CATECHETICA.
3438 422 3508 477 8?.

261 534 537 604 διαφόρους
560 533 665 589 τῶν
696 534 865 590 ὄντων
899 538 1090 607 φύσεις
1125 542 1260 612 πρὸς
1290 544 1418 612 μίαν
1442 544 1747 616 σύμπνοιάν
1771 562 1830 597 τε

1944 543 2072 597 adeo
2099 551 2157 596 ut
2183 558 2246 597 ex
2273 540 2471 600 medio.
2510 547 2785 611 quatenus
2817 539 2920 596 sibi
2977 539 3079 610 ipsi
3131 539 3505 611 conjungitur,

263 624 354 676 καὶ
383 625 639 694 ἁρμονίαν
663 626 730 678 δι’
758 628 955 682 ἑαυτοῦ
987 631 1254 698 συνάγων.
1296 633 1384 687 Ἐν
1409 634 1515 704 γὰρ
1543 638 1654 697 τοῖς
1677 631 1825 688 οὖσιν

261 714 292 782 ἢ
331 714 438 767 ἄνω
469 732 521 767 τι
562 719 782 781 νοεῖται,
814 717 847 788 ἢ
883 719 1055 781 κάτω,
1088 721 1120 791 ἢ
1155 722 1289 793 πρὸς
1314 722 1384 776 τὰ
1423 724 1566 778 κατὰ
1589 725 1658 778 τὰ
1687 725 1826 779 πλά-

259 819 348 870 για
377 805 586 874 πέρατα
619 807 884 864 διαϐαίνει
920 813 954 882 ἡ
998 811 1192 870 ἔννοια.

1934 642 2294 690 numerentur
2326 643 2562 704 quatuor
2585 633 2984 703 projectiones:
3035 633 3294 702 quoniam
3329 633 3422 702 qui
3455 633 3508 686 in

1932 743 1997 781 ea
2038 727 2137 780 fuit
2169 733 2431 782 extensus
2469 735 2711 794 tempore
2737 726 2932 780 mortis
2993 733 3261 793 suscepta:
3291 723 3513 792 dispen-

1935 820 2185 879 sationis,
2212 820 2306 887 qui
2360 818 2460 872 sibi
2491 818 2807 872 universum
2845 817 3084 886 colligat,
3121 815 3415 869 concinnat
3459 821 3514 869 et

259 897 493 966 adaptat,
527 899 575 954 is
599 900 847 959 diversas
883 919 1067 960 rerum
1100 917 1329 965 naturas
1353 909 1420 963 ad
1447 925 1612 964 unam
1649 925 1746 980 per
1766 925 1826 965 se
1864 912 2012 984 cogit
2058 912 2520 980 conspirationem
2577 917 2631 962 et
2697 908 3063 961 harmoniam.
3135 907 3189 960 ln
3253 908 3321 962 iis
3367 907 3510 961 enim

259 1002 375 1057 quae
400 996 548 1052 sunt,
578 991 663 1045 vel
686 1008 908 1049 sursum
935 997 1259 1068 intelligitur
1280 1001 1508 1072 aliquid.
1543 1003 1625 1057 vel
1660 1003 1920 1058 deorsum
1949 1022 1960 1056 :
2001 1003 2083 1055 vel
2130 1000 2198 1055 ad
2227 1009 2576 1055 transversos
2609 997 2745 1052 ﬁnes
2772 1000 2972 1051 transit
2993 997 3278 1065 cogitatio.

328 1082 421 1133 Ἂν
451 1081 627 1136 τοίνυν
663 1083 853 1158 λογίσῃ
891 1087 999 1142 τῶν
1020 1090 1378 1162 ἐπουρανίων,
1406 1093 1440 1165 ἦ
1465 1093 1572 1147 τῶν
1600 1094 1830 1166 ὑποχθο-

258 1171 400 1234 νίων,
430 1172 462 1245 ἢ
504 1172 614 1226 τῶν
639 1175 758 1228 καθ’
792 1177 1050 1249 ἑκάτερον
1081 1180 1174 1234 τοῦ
1208 1184 1408 1246 παντὸς
1443 1184 1694 1256 περάτων
1731 1187 1831 1254 τὴν

260 1265 510 1320 σύστασιν
534 1309 550 1333 ,
592 1269 868 1340 πανταχοῦ
909 1270 986 1342 τῷ
1024 1273 1270 1345 λογισμῷ
1301 1293 1395 1328 σου
1431 1279 1754 1348 προαπαντᾷ
1795 1279 1828 1348 ὴ

257 1359 471 1430 θεότης,
507 1361 644 1432 μόνη
689 1363 829 1416 κατὰ
853 1366 964 1417 πᾶν
995 1365 1158 1436 μέρος
1188 1371 1298 1431 τοῖς
1335 1365 1486 1422 οὖσιν
1531 1367 1827 1441 ὲνθεωρουτ-

258 1449 412 1519 μένη,
454 1451 548 1505 καὶ
575 1455 633 1506 ὲν
669 1453 748 1525 τῷ
786 1450 925 1510 εἶναι
960 1459 1026 1510 τὰ
1051 1459 1230 1512 πάντα
1264 1459 1578 1529 συνέχουσα.
1609 1459 1731 1513 Εἴτε
1766 1461 1829 1532 δὴ

254 1537 478 1609 θεότητα
530 1542 631 1614 τὴν
667 1545 830 1612 φύσιν
873 1548 1078 1621 ταύτην
1124 1550 1482 1619 ὀνομάζεσθαι
1531 1554 1670 1625 χρὴ,
1720 1553 1830 1608 εἴτε

255 1630 440 1699 λόγον,
468 1634 580 1687 εἴτε
615 1636 865 1710 δύναμιν,
902 1640 1010 1694 εἴτε
1057 1642 1268 1711 σοφίαν,
1311 1643 1420 1696 εἴτε
1463 1645 1589 1700 ἄλλο
1625 1663 1679 1698 τι
1723 1647 1832 1702 τῶν

255 1721 468 1793 ὑψηλῶν
515 1742 575 1778 τε
621 1728 716 1781 καὶ
751 1729 948 1799 μᾶλλον
996 1731 1328 1796 ἐνδείξασθαι
1383 1735 1696 1806 δυναμένων
1740 1738 1831 1791 τὸν

2009 1091 2064 1146 Si
2128 1107 2257 1160 ergo
2316 1091 2634 1146 consideres
2665 1091 2972 1145 cmlestium
3013 1101 3108 1143 aut
3147 1089 3508 1152 terrestrium,

1937 1192 2032 1236 aut
2073 1192 2431 1252 utrorumque
2461 1181 2700 1236 universi
2731 1189 3100 1234 extremorum
3157 1179 3512 1234 constitutio—

1937 1291 2081 1335 nem,
2105 1284 2211 1329 tuae
2246 1273 2672 1329 considerationi
2708 1287 2925 1338 semper
2949 1274 3193 1325 occurrit
3225 1270 3512 1336 divinitas,

1935 1382 2058 1436 quae
2091 1367 2204 1422 sola
2233 1382 2298 1421 ex
2331 1367 2477 1419 onmi
2511 1378 2661 1436 parte
2696 1366 2748 1419 in
2783 1365 2849 1420 iis
2880 1380 3001 1434 qum
3039 1373 3185 1428 sunt,
3252 1365 3399 1418 venit
3460 1363 3515 1417 in

1935 1459 2474 1528 contemplationem,
2527 1466 2578 1513 et
2633 1457 2815 1510 omnia
2861 1456 3107 1510 continet
3160 1456 3212 1508 in
3253 1457 3512 1509 essentia.

1935 1552 2086 1607 Sitne
2116 1563 2293 1608 autem
2322 1552 2437 1621 haec
2489 1560 2682 1606 natura
2712 1549 3045 1604 nominanda
3103 1549 3384 1614 divinitas,
3445 1567 3514 1605 an

1931 1645 2096 1710 ratio,
2128 1659 2196 1698 an
2235 1645 2410 1698 virtus
2443 1659 2506 1698 ac
2540 1653 2805 1712 potestas.
2839 1659 2908 1696 an
2958 1643 3257 1712 sapientia,
3289 1658 3357 1696 an
3417 1643 3520 1698 ali-

1932 1737 2063 1806 quid
2096 1735 2239 1790 aliud
2272 1751 2337 1790 ex
2377 1737 2444 1790 iis
2473 1751 2596 1805 qnze
2630 1744 2758 1789 sunt
2809 1734 3048 1799 excelsa,
3091 1743 3144 1789 et
3177 1750 3296 1805 quae
3345 1739 3518 1806 magis

256 1811 680 1885 ὑπερκείμενον,
722 1818 874 1872 οὐδὲν
917 1822 946 1873 6
995 1820 1154 1889 λόγος
1193 1824 1349 1894 ἡμῶν
1399 1827 1526 1897 περὶ
1568 1828 1750 1898 φωνῆς
1796 1829 1829 1900 ἢ

1944 1835 2166 1896 possunt
2199 1826 2490 1900 ostgpdere
2518 1842 2644 1882 eum
2682 1826 2773 1894 qui
2817 1837 2901 1880 est
2940 1841 3188 1880 summus
3227 1837 3281 1880 et
3324 1842 3517 1897 super-

254 1903 510 1975 ὀνόματος
555 1909 589 1980 ἢ
636 1910 807 1965 τύπου
848 1915 1110 1984 ῥημάτων
1155 1916 1490 1989 διαφέρεται.
1545 1921 1696 1974 Ἐπεὶ
1741 1918 1832 1976 οὖν

1944 1918 2181 1973 eminens
2204 1961 2218 1983 ,
2351 1933 2480 1973 voce
2504 1927 2597 1971 aut
2623 1917 2864 1980 nomine,
2902 1925 2996 1969 ant
3023 1916 3124 1986 (ign
3137 1933 3192 1970 ra
3223 1919 3512 1972 verborum

257 1997 388 2068 πρὸς
427 2001 592 2054 αὐτὸν
632 2006 846 2077 πᾶσαη
894 2008 1073 2070 κτίσις
1124 2009 1332 2078 βλέπει,
1379 2013 1473 2065 καὶ
1517 2015 1644 2085 περὶ
1673 2017 1833 2071 αὑτόν

258 2088 387 2150 ἐστι,
415 2091 511 2143 καὶ
551 2091 621 2144 δι’
653 2095 864 2148 ἐκείνου
895 2099 1030 2169 πρὸς
1071 2102 1269 2174 ἑαυτὴν
1307 2106 1560 2178 συμφυὴς
1605 2109 1833 2177 γίνεται,

256 2180 362 2272 τῶν
388 2182 498 2236 ἄνω
532 2187 650 2272 τοῖς
690 2181 878 2256 κάτω,
909 2192 1003 2244 καὶ
1031 2191 1140 2244 τῶν
1181 2194 1426 2262 πλαγίων
1467 2200 1602 2270 πρὸς
1631 2199 1837 2272 ἄλληλα

257 2270 322 2323 δι’
355 2273 560 2328 ἐκείνου
612 2271 1042 2350 συμφυομένων,
1099 2283 1206 2338 ἔδει
1254 2286 1328 2358 μὴ
1372 2289 1531 2358 μόνον
1572 2291 1636 2344 δι’
1665 2270 1838 2363 ἀκοῆς

258 2364 403 2456 ἡμᾶς
447 2367 586 2435 πρὸς
629 2369 728 2441 τὴν
772 2372 873 2444 τῆς
913 2372 1164 2446 θεότητος
1207 2380 1533 2451 κατανόησιν
1571 2401 1838 2456 χειραγω-

259 2455 465 2521 γεῖσθαι
485 2473 500 2488 ο
527 2459 667 2513 ἀλλὰ
694 2463 783 2514 καὶ
807 2464 905 2546 τὴν
937 2461 1058 2534 ὄψιν
1088 2468 1341 2535 γενέσθαι
1361 2472 1468 2524 τῶν
1493 2455 1838 2546 ὑψηλοτέρων

259 2548 536 2637 νοημάτων
575 2547 927 2624 διδάσκαλον,
979 2557 1100 2611 ὅθεν
1141 2560 1234 2614 καὶ
1280 2564 1308 2614 6
1367 2564 1536 2633 μέγας
1577 2566 1839 2637 ὁρμηθεὶς

262 2635 466 2702 Παῦλος
490 2649 847 2712 μυσταγωγεῖ
869 2647 960 2700 τὸν
987 2649 1044 2702 ἐν
1083 2650 1292 2724 Ἐφέσῳ
1319 2653 1466 2718 λαὸν,
1491 2635 1720 2728 δύναμιν
1747 2659 1840 2711 αὑ-

261 2730 367 2791 τοῖς
393 2730 622 2793 ἐντιθεὶς
655 2733 741 2786 διὰ
768 2735 868 2804 τῆς
906 2736 1246 2805 διδασκαλίας
1287 2743 1425 2814 πρὸς
1462 2745 1522 2798 τὸ
1560 2746 1759 2814 γνῶναι
1787 2749 1838 2802 τί

262 2818 372 2871 ἐστι
398 2821 460 2873 τὸ
500 2821 666 2891 βάθος
707 2825 802 2879 καὶ
839 2827 902 2879 τὸ
930 2826 1085 2898 ὕψος,
1111 2831 1244 2887 τότε
1270 2833 1471 2898 πλάτος
1511 2837 1604 2890 καὶ
1646 2838 1706 2890 τὸ
1734 2839 1839 2909 μῆ-

261 2925 372 2971 κος.
427 2911 702 2984 Ἑκάστην
740 2915 847 2988 γὰρ
884 2918 978 2972 τοῦ
1022 2921 1256 2992 σταυροῦ
1306 2927 1688 2999 συμπροϐολῆν
1726 2931 1840 3000 ἰδίῳ

265 3001 461 3070 ῥήματι
491 3007 875 3077 κατονομάζει.
906 3009 1080 3079 ’Υψος
1110 3014 1208 3083 μὲν
1240 3014 1302 3068 τὸ
1333 3017 1598 3089 ὑπερέχον
1624 3036 1638 3048 ·
1678 3020 1840 3090 βάθος

262 3089 314 3143 δὲ
344 3093 402 3146 τὸ
434 3094 815 3168 ὑποκείμενον,
863 3100 1062 3167 πλάτος
1092 3121 1153 3156 τε
1191 3107 1286 3159 καὶ
1325 3108 1534 3178 μῆκος,
1572 3089 1839 3176 τὰςίπλα-

261 3186 379 3250 γίας
416 3188 670 3252 ἐκτάσεις
721 3191 910 3261 λέγων.
966 3196 1075 3248 Καὶ
1121 3200 1453 3273 σαφέστερον
1509 3205 1735 3275 ἑτέρωθι
1779 3207 1842 3260 τὸ

1939 2025 2049 2064 non
2085 2025 2281 2081 magna
2315 2019 2399 2065 est
2431 2010 2591 2068 nobis
2626 2010 3022 2064 controversia.
3075 2009 3344 2075 Quoniam
3387 2027 3519 2080 ergo

1939 2100 2007 2154 ad
2047 2102 2223 2170 ipsum
2257 2103 2513 2157 universa
2546 2101 2744 2171 aspicit
2799 2111 3076 2164 creatura,
3129 2113 3184 2158 et
3239 2111 3322 2159 est
3369 2105 3519 2158 circa

1939 2192 2140 2261 ipsum,
2169 2203 2223 2248 et
2269 2209 2366 2264 per
2399 2195 2548 2248 illttm
2576 2194 2681 2250 sibi
2713 2194 2813 2264 ipsi
2843 2195 3081 2248 cohaeret
3130 2204 3184 2249 et
3236 2197 3515 2259 coalescit,

1938 2299 2062 2339 cum
2093 2301 2211 2355 qum
2243 2292 2370 2340 sunt
2402 2301 2588 2355 supra,
2619 2286 2685 2341 iis
2725 2302 2848 2356 quae
2903 2286 3066 2350 infra,
3110 2297 3164 2342 et
3218 2304 3339 2357 qua:
3390 2297 3519 2343 sunt

1937 2375 2178 2446 obliqua,
2211 2377 2316 2432 sibi
2338 2377 2568 2432 invicem
2600 2385 3042 2448 congenerentur
3072 2394 3136 2433 ac
3179 2379 3519 2449 coniungan-

1939 2477 2059 2522 tur:
2091 2470 2376 2538 oportebat
2400 2485 2500 2524 nos
2523 2486 2630 2524 non
2663 2471 2840 2524 solum
2869 2469 3152 2524 auditione
3198 2470 3392 2525 deduci
3448 2472 3515 2524 ad

1939 2561 2240 2616 divinitatis
2268 2562 2759 2618 considerationem
2785 2579 2799 2627 ;
2857 2563 2948 2618 sed
2980 2563 3142 2618 etiam
3170 2562 3346 2616 visum
3376 2563 3517 2616 efﬁci

1939 2651 2218 2708 doctorem
2252 2669 2317 2708 ac
2367 2655 2686 2725 magistrum
2719 2654 3100 2709 sublimior-um
3141 2654 3519 2724 intelligentia-

1939 2759 2081 2797 rnm.
2117 2742 2254 2797 Hinc
2281 2751 2460 2799 motus
2489 2759 2721 2814 magnus
2779 2743 2870 2798 ille
2906 2741 3108 2797 Paulus
3155 2743 3208 2798 in
3261 2746 3521 2814 mysterio

1943 2833 2276 2904 liphcsinum
2335 2835 2576 2889 instituit
2634 2837 2916 2906 populum,
2971 2850 3067 2904 per
3099 2831 3406 2887 doctrinam
3441 2839 3522 2891 eis

1945 2924 2086 2979 dans
2114 2925 2373 2979 virtutem
2411 2925 2479 2978 ad
2512 2923 2953 2994 cognoscendum
2979 2938 3101 2992 quae
3133 2923 3202 2976 sit
3236 2925 3520 2991 profundi-

1942 3025 2047 3080 tas,
2073 3017 2324 3076 lalitudo.
2345 3016 2680 3087 altitudoque
2709 3027 2763 3072 et
2790 3016 3069 3086 longitudo
3087 3017 3130 3068 ⁸.
3157 3001 3524 3084 Unamqnant-

1943 3121 2048 3175 que
2077 3107 2224 3161 enim
2264 3107 2445 3161 crucis
2471 3107 2870 3177 porrectionetn
2898 3106 3119 3175 proprio
3143 3106 3379 3175 appellat
3415 3121 3521 3160 no-

1945 3197 2110 3252 mine.
2143 3197 2501 3252 Altitudinem
2526 3197 2767 3268 quidem,
2801 3195 2854 3248 id
2912 3197 3057 3266 quod
3106 3197 3521 3267 supereminet;

261 3278 490 3333 τοιοῦτον
521 3283 702 3352 νόημα
731 3287 866 3358 πρὸς
889 3289 1281 3362 Φιλιππησίους
1299 3333 1314 3357 ,
1355 3291 1506 3366 οἶμαι
1524 3337 1537 3361 ,
1567 3300 1729 3361 ποιεῖ,
1759 3293 1840 3362 οἷς

1945 3289 2368 3360 profunditatem
2404 3297 2604 3350 autem,
2642 3287 2696 3342 id
2730 3288 2875 3358 quod
2909 3296 2993 3343 est
3023 3289 3250 3343 subtus:
3286 3290 3526 3343 latitudi-

264 3387 456 3441 φησιν’
497 3375 581 3429 ὅτι
630 3377 726 3429 Ἐν
753 3378 832 3443 τῷ
874 3383 1117 3451 ὀνόματι
1174 3385 1365 3453 Ἰησοῦ
1413 3389 1670 3457 Χριστοῦ
1717 3388 1843 3445 πᾶν

263 3464 404 3531 γόνυ
435 3467 682 3538 κάμψει,
711 3472 1084 3541 ἐπουρανίων
1115 3479 1210 3532 καὶ
1229 3480 1526 3550 ἐπιγείων,
1545 3481 1642 3535 καὶ
1662 3501 1842 3536 κατα-

265 3558 530 3623 χθονίων.
577 3560 844 3618 Ἐνταῦθα
871 3566 968 3637 τὴν
1003 3568 1172 3641 μέσην
1207 3571 1300 3624 καὶ
1328 3575 1512 3640 γαῖαν“
1549 3575 1646 3644 μιᾷ
1673 3591 1843 3645 προσ-

265 3648 454 3719 ηγορίᾳ
485 3652 899 3724 καταλαμϐάνει
923 3699 939 3722 ,
970 3662 1080 3713 πᾶν
1123 3661 1187 3714 τὸ
1217 3663 1306 3716 διὰ
1341 3665 1507 3735 μέσου
1540 3665 1647 3720 τῶν
1678 3668 1842 3720 ἐπου-

268 3737 460 3804 ρανίων
508 3745 604 3797 καὶ
644 3745 976 3816 ὑποχθονίων
1029 3753 1301 3824 ὀνομάσας
1357 3757 1618 3827 ἐπίγειον.
1673 3758 1844 3812 Τοῦτο

270 3831 663 3921 μεμαθήκαμεν
691 3840 820 3906 περὶ
848 3841 940 3894 τοῦ
977 3845 1210 3917 σταυροῦ
1240 3847 1298 3900 τὸ
1333 3851 1646 3921 μυστήριον.
1680 3851 1760 3904 Τά
1787 3852 1844 3906 δὲ

267 3920 370 3974 ἀπὸ
393 3925 583 3980 τούτου
614 3929 837 3983 τοιαῦτα
865 3933 1004 3986 κατὰ
1026 3934 1088 3988 τὸ
1118 3937 1406 3993 ἀκόλουθον
1436 3920 1678 4013 περιέχει
1702 3943 1731 3993 6
1754 3942 1844 3995 λό-

267 4028 378 4080 γος,
411 4016 486 4082 ὡς
519 4019 898 4090 ὁμολογεῖσθαι
928 4027 1022 4078 καὶ
1049 4029 1200 4100 παρὰ
1225 4030 1332 4083 τῶν
1370 4032 1643 4098 ἀπίστων,
1679 4034 1844 4106 μηδὲν

269 4105 543 4198 ἀλλότριον
576 4106 713 4165 εἶναι
747 4113 849 4184 τῆς
883 4115 1221 4190 θεοπρεποῦς
1256 4121 1574 4193 ὑπολήψεως
1594 4141 1609 4155 ο
1639 4102 1699 4178 τό

273 4197 344 4270 μὴ
377 4202 634 4293 έμμεῖναι
678 4206 756 4277 τῷ
787 4207 1033 4281 θανάτῳ,
1087 4214 1181 4266 καὶ
1223 4213 1322 4277 τὰς
1351 4215 1438 4270 διὰ
1483 4217 1577 4270 τοῦ
1630 4219 1846 4293 σιδήρου

269 4290 404 4344 κατὰ
428 4293 518 4346 τοῦ
551 4295 800 4366 σώματος
841 4302 1140 4371 γενομένας
1186 4304 1429 4376 πληγάς,
1469 4308 1632 4378 μηδὲν
1677 4290 1849 4380 ἐμπό-

269 4380 376 4436 διον
410 4385 545 4454 πρὸς
570 4390 632 4440 τὸ
651 4389 947 4461 ἀναστῆναι
979 4395 1327 4464 ποιήσασθαι,
1356 4400 1477 4451 κατ’
1507 4400 1757 4464 ἐξουσίαν
1788 4419 1848 4454 τε

271 4474 551 4540 φαίνεσθαι
581 4482 694 4542 τοῖς
718 4481 984 4552 μαθηταῖς
1011 4485 1146 4554 μετὰ
1170 4486 1267 4557 τὴν
1288 4483 1581 4543 ἀνάστασιν
1604 4493 1692 4546 ὅτε
1725 4492 1851 4563 βού-

271 4563 429 4633 λοιτο,
462 4571 717 4643 παρεῖναί
741 4589 800 4625 τε
833 4575 1014 4639 αὐτοῖς
1051 4576 1124 4648 μὴ
1151 4577 1446 4648 ὁρώμενον,
1481 4581 1574 4634 καὶ
1607 4585 1665 4635 ἐν
1702 4585 1849 4656 μέσῳ

272 4641 569 4724 γίγνεσθαι,
631 4661 766 4732 μηδὲ
811 4663 912 4733 τῆς
963 4641 1197 4719 elo-6660'
1223 4641 1325 4739 τῆς
1370 4641 1460 4724 διά
1503 4672 1612 4724 τῶν
1668 4641 1848 4745 θυρῶν
1883 4641 1925 4696 D

275 4747 683 4819 προσδεόμενον,
717 4752 983 4823 ἐνισχύειν
1007 4772 1065 4807 τε
1086 4757 1213 4819 τοὺς
1240 4756 1488 4827 μαθητὰς
1509 4761 1575 4831 τῇ
1610 4778 1849 4832 προσφυ-

273 4841 426 4907 σήσει
452 4843 546 4894 τοῦ
572 4844 887 4915 ΙΙνεὺματος
907 4888 920 4909 ,
955 4848 1384 4917 ὲπαγγέλλεσθαί
1414 4869 1475 4903 τε
1506 4853 1596 4905 καὶ
1630 4855 1691 4906 τὸ
1729 4857 1848 4924 μετ’

274 4929 446 4983 αὐτῶν
472 4927 634 4996 εἶναι,
663 4936 757 4988 καὶ
784 4936 974 5007 μηδενὶ
1005 4939 1154 5009 μέσῳ
1175 4939 1615 5012 διατειχίζεσθαι,
1647 4945 1740 4998 καὶ
1769 4946 1848 5018 τῷ

279 5023 372 5075 ιιὲν
400 5027 708 5097 φαινομένῳ
738 5029 875 5098 πρὸς
895 5028 986 5082 τὸν
1016 5031 1244 5103 οὐρανὸν
1272 5033 1498 5100 ἀνιέναι,
1520 5034 1597 5106 τῷ
1617 5036 1672 5088 δὲ
1698 5054 1847 5091 νοου-

276 5112 418 5184 μένῳ
468 5118 717 5189 πανταχῆ
765 5116 924 5186 εἶναι,
964 5122 1060 5175 καὶ
1105 5123 1206 5178 ὅσα
1249 5124 1472 5179 τοιαῦτα
1523 5129 1762 5200 περιέχει
1813 5132 1846 5201 ἡ

275 5203 498 5273 ίπορία,
519 5207 670 5260 οὐδὲν
697 5209 794 5279 τῆς
821 5211 886 5262 ἐκ
910 5210 1015 5265 τῶν
1040 5211 1317 5283 λογισμῶν
1345 5217 1658 5287 συμμαχίας
1681 5236 1849 5290 προσ-

275 5295 445 5353 δέεται
488 5300 622 5370 πρὸς
671 5300 733 5353 τὸ
773 5299 891 5355 θεῖά
933 5319 993 5355 τε
1041 5297 1214 5369 εἶναι,
1256 5305 1350 5357 καὶ
1382 5307 1481 5376 τῆς
1514 5306 1722 5378 ὑψηλῆς
1755 5309 1851 5362 καὶ

279 5389 642 5462 ὑπερεχούσης
683 5391 999 5464 δυνάμεως·
1048 5395 1177 5465 περὶ
1218 5389 1293 5449 ὧν
1332 5396 1485 5448 οὐδὲν
1533 5393 1686 5468 οἶμαι
1741 5398 1851 5452 δεῖν

279 5479 394 5532 καθ’
430 5482 659 5538 ἕκαστον
692 5483 964 5551 διεξιέναι,
1005 5486 1227 5539 αὐτόθεν
1271 5486 1363 5539 τοῦ
1407 5488 1564 5555 λόγου
1600 5490 1661 5542 τὸ
1709 5489 1849 5561 ὑπὲρ

279 5571 372 5641 τὴν
413 5572 572 5642 φύσιν
619 5575 985 5644 ἐκφαίνοντος.
1033 5575 1175 5630 Ἀλλ’
1205 5577 1391 5648 ἐπειδὴ
1441 5579 1606 5650 μέρος
1653 5598 1705 5634 τι
1739 5583 1848 5634 τῶν

282 5665 551 5730 μυστικῶν
574 5665 914 5737 διδαγμάτων
928 5669 1019 5721 καὶ
1035 5669 1069 5739 ἡ
1099 5685 1164 5720 πε
1175 5669 1226 5739 pi
1255 5669 1318 5722 τὸ
1343 5669 1566 5743 λουτρόν
1591 5674 1740 5726 ἐστιν
1767 5675 1840 5726 oi-

354 5838 376 5872 ’
400 5841 599 5914 Ephes.
638 5861 717 5912 ιιι,
755 5848 806 5902 8.
904 5846 948 5878 ⁸⁸
981 5845 1213 5918 Philipp.
1258 5863 1316 5914 ιι,
1355 5848 1438 5902 l0.

1944 3395 2066 3433 nem
2097 3394 2227 3432 vero
2256 3386 2311 3433 et
2360 3377 2774 3448 longitudinem,
2803 3394 2925 3449 quae
2955 3389 3082 3434 sunt
3116 3395 3212 3449 per
3246 3387 3524 3434 transver-

1943 3485 2064 3524 sum
2093 3470 2459 3524 extensiones.
2494 3469 2634 3522 Alibi
2664 3479 2845 3523 autem
2877 3470 3021 3523 hunc
3049 3486 3272 3526 sensum
3319 3471 3526 3527 clarius

1943 3562 2201 3631 explicat,
2237 3568 2295 3614 nt
2334 3561 2591 3620 arbitror.
2631 3563 2695 3616 ad
2728 3561 3126 3632 Philippenses,
3178 3579 3303 3616 cum
3351 3564 3522 3619 dicit:

1945 3650 2013 3706 In
2047 3653 2252 3705 nomine
2271 3650 2406 3706 Jesu
2444 3652 2644 3706 Christi
2693 3669 2845 3708 omne
2870 3670 3002 3723 genu
3047 3654 3316 3722 ﬂectatur,
3373 3655 3528 3711 cwle-

1943 3745 2128 3806 stium,
2167 3744 2498 3799 terrestrium
2529 3753 2578 3798 et
2613 3743 2902 3812 inferorum
2924 3744 2989 3799 ¹⁰.
3033 3742 3145 3799 Hoc
3173 3744 3229 3799 in
3274 3745 3394 3799 loco
3416 3761 3531 3801 mev

1944 3834 2088 3888 diam
2121 3835 2535 3905 prominentiam
2567 3845 2621 3889 et
2651 3836 2798 3890 velut
2821 3843 3133 3890 antemnam
3171 3836 3336 3891 unico
3360 3840 3529 3891 nomi-

1947 3945 2016 3983 ne
2047 3927 2482 4000 comprehendit,
2513 3937 2573 3982 ut
2598 3929 2690 3998 qui
2727 3928 2858 3998 quid
2886 3928 3029 3983 inter
3055 3929 3302 3984 coelestia
3330 3937 3386 3984 et
3442 3930 3530 3984 in-

1946 4018 2098 4072 ferna
2123 4017 2429 4084 intercedit,
2458 4026 2720 4074 terrestre
2746 4019 3128 4074 nominaverit.
3164 4018 3278 4075 lloc
3305 4020 3526 4089 quidem

1946 4109 2240 4164 didicimus
2267 4110 2335 4164 de
2367 4111 2625 4180 mysterio
2656 4110 2858 4165 crucis.
2895 4110 3026 4176 Quae
3055 4118 3234 4164 autem
3270 4109 3530 4179 deinceps

1949 4213 2273 4273 sequuntur,
2308 4217 2371 4256 ea
2407 4202 2634 4257 verbum
2679 4204 3062 4272 complectitur
3114 4201 3406 4269 ejusmodi,
3468 4214 3528 4256 ut

1949 4295 2220 4350 fateantur
2245 4297 2408 4350 etiam
2443 4295 2706 4350 increduli
2732 4296 2868 4349 nihil
2899 4311 3022 4350 esse
3066 4296 3305 4349 alienum
3337 4295 3407 4348 ab
3465 4312 3528 4348 ca

1950 4403 2069 4458 quae
2102 4386 2270 4442 Deum
2294 4387 2450 4441 decet
2476 4389 2897 4442 existimatione.
2933 4385 3068 4440 Nam
3101 4389 3243 4458 quod
3272 4387 3324 4440 in
3357 4394 3532 4440 morte

1950 4493 2060 4533 non
2092 4478 2377 4542 manserit,
2401 4487 2454 4532 et
2473 4493 2596 4548 qua:
2615 4477 2836 4548 corpori
2868 4477 3137 4546 imposita:
3159 4477 3303 4531 ferro
3329 4477 3530 4530 fuerint

1953 4571 2145 4641 plagae,
2195 4568 2330 4624 nihil
2362 4569 2737 4640 impedimenti
2765 4570 3068 4629 attulerint.
3110 4569 3404 4638 quominus
3447 4584 3532 4622 re-

1954 4671 2222 4734 surgeret,
2271 4673 2326 4718 et
2376 4662 2526 4732 quod
2557 4663 2726 4717 libere
2772 4661 3057 4731 discipulis
3107 4669 3231 4731 post
3286 4678 3534 4715 resurre—

1954 4753 2190 4806 ctionem
2221 4767 2344 4807 cum
2376 4753 2556 4816 vellet,
2581 4751 2913 4821 apparuerit,
2950 4763 3002 4804 et
3026 4751 3108 4806 cis
3133 4753 3370 4814 adess't-t,
3407 4768 3528 4804 cum

1952 4852 2136 4897 tamen
2164 4859 2273 4897 non
2299 4844 2594 4906 videretur,
2624 4850 2678 4896 et
2707 4850 2853 4898 esset
2879 4843 2933 4895 in
2971 4843 3147 4897 medio
3199 4858 3412 4906 eormn,
3466 4861 3498 4896 ιι
3525 4866 3532 4878 -

1953 4933 2206 5003 ingressu
2235 4933 2455 5003 quidem
2488 4949 2584 5003 per
2615 4943 2805 5003 portas
2837 4933 3105 5004 indigens,
3138 4941 3192 4987 el.
3243 4933 3535 4987 conﬁrma-

1954 5035 2039 5080 ret
2075 5027 2376 5096 discipulos
2428 5027 2794 5083 insulilatione
2817 5025 3076 5098 Spiritus.
3119 5036 3171 5080 et
3207 5041 3266 5081 se
3299 5042 3422 5080 cum
3455 5027 3535 5079 eis

1954 5120 2200 5175 futurum
2231 5136 2355 5176 esse
2397 5121 2772 5192 polliceretur,
2804 5132 2858 5174 et
2892 5120 3041 5173 nullo
3095 5118 3416 5172 distinctum
3468 5116 3534 5168 iri

1952 5211 2270 5280 intervallo,
2302 5219 2356 5268 et
2385 5228 2450 5268 eo
2483 5212 2702 5282 quidem
2741 5211 2887 5280 quod
2918 5209 3214 5280 apparebat
3247 5209 3301 5262 in
3331 5209 3531 5262 ennium

1954 5303 2292 5367 ascenderet,
2335 5319 2399 5358 eo
2450 5313 2629 5357 autem
2689 5302 2837 5372 quod
2894 5301 3302 5370 intelligebatur
3387 5307 3534 5352 esset

1954 5396 2176 5465 ubique,
2225 5410 2565 5466 quaecunque
2611 5393 2925 5464 hnjnsmodi
2985 5392 3228 5447 continet
3281 5390 3530 5451 historia,

1954 5487 2104 5542 nullo
2118 5487 2388 5542 rationum
2407 5486 2875 5556 auxilioindigent
2903 5485 2968 5538 ad
3015 5482 3357 5554 probandum
3387 5485 3532 5552 quod

1959 5579 2069 5634 sint
2096 5577 2300 5641 divina,
2340 5578 2676 5648 excelsaeque
2728 5585 2782 5631 et
2832 5591 3059 5631 stnnma:
3107 5572 3345 5627 virtutis.
3403 5570 3536 5638 Quae

1955 5670 2174 5742 quidem
2213 5670 2348 5726 nihil
2376 5684 2514 5741 opus
2548 5677 2632 5725 est
2663 5678 2720 5724 nt
2777 5667 3057 5739 sigillatim
3117 5678 3535 5736 persequantur,
