4066 6374
541 407 610 461 ε’»
1773 411 1830 468 S.
1871 410 2119 466 GREGOI

2241 409 2534 464 NYSSENI
3720 408 3789 464 ει

538 538 664 576 cum
694 539 760 579 ex
790 540 849 580 se
885 525 1002 595 ipsa
1033 525 1210 580 oratio
1239 527 1373 580 satis
1405 525 1605 580 indicet
1653 541 1715 580 ea
1776 541 1898 582 esse
1951 542 2116 596 supra

2221 528 2444 597 κονομία
2463 545 2476 559 ·
2499 527 2527 579 ὃ
2549 529 2655 579 εἴτε
2682 526 2983 597 βάπτισμα,
3003 527 3120 580 ,εἴτε
3147 526 3429 598 φώτισμα,
3456 528 3563 581 εἴτε
3596 525 3790 593 παλιγ-

538 617 812 669 naturam.
849 616 952 672 Sed
978 620 1234 689 quoniam
1274 620 1627 689 mysticorum
1660 620 2111 676 documentorum

540 718 668 772 pars
699 712 782 760 est
810 709 971 760 etiam
1003 709 1358 778 aliquasquae
1411 709 1465 761 in
1493 709 1712 763 lavacro
1754 713 1814 763 lit
1840 711 2117 780 dispensa-

538 793 652 848 tio:
711 797 856 866 quod
883 800 1101 867 quidem
1133 815 1228 854 seu
1257 801 1610 868 baptismum,
1641 817 1737 854 seu
1773 801 2116 856 illumlnatio-

2219 620 2466 687 γενεσίαν
2498 619 2738 690 βούλοιτό
2763 636 2845 681 τις
2867 618 3170 688 ὀνομάζειν,
3203 619 3353 672 οὐδὲν
3387 619 3523 690 πρὸς
3548 618 3646 688 τὴν
3676 618 3789 669 ὀνο-

2224 713 2424 780 μασίαν
2450 711 2835 783 διαφερόμεθα,
2863 711 3043 775 καλῶς
3078 712 3143 765 ἂν
3171 711 3284 782 ἔχοι
3315 713 3407 768 καὶ
3441 713 3567 782 περὶ
3601 709 3788 764 τούτου

2222 801 2426 873 βραχέα
2457 802 2760 868 διεξελθεῖν.

541 901 687 952 nem,
767 903 863 943 seu
932 892 1397 959 regenerationem
1477 894 1610 946 velis
1644 894 1945 956 nominare,
2002 895 2069 948 de
2123 897 2341 949 nomine
2399 910 2508 948 non
2561 891 2962 957 contendimus,
3014 893 3151 948 bene
3198 893 3301 948 erit
3327 892 3564 949 breviter
3609 890 3678 946 de
3720 903 3791 946 eo

542 977 747 1034 dicere.

1074 1073 1302 1128 CAPUT
1349 1073 1592 1127 XXXIII.

615 1159 748 1213 Nam
801 1170 1088 1231 postquam
1142 1179 1169 1216 a
1235 1164 1392 1218 nobis
1438 1165 1765 1226 audiverint,
1817 1164 1957 1234 quod
1995 1179 2117 1216 eum

2785 1068 3035 1122 ΚΕΦΑΛ.
3076 1068 3197 1120 AI".

2301 1163 2547 1216 Ἐπειδὰν
2574 1164 2680 1234 γὰρ
2734 1165 2861 1234 παρ’
2897 1161 3053 1231 ἡμῶν
3081 1161 3144 1214 τὸ
3195 1159 3434 1213 τοιοῦτον
3463 1160 3787 1224 ἀκούσωσιν,

547 1251 776 1304 mortale
827 1259 1066 1306 transeat
1090 1253 1154 1306 ad
1181 1254 1369 1316 vitam,
1407 1269 1748 1324 consequens
1771 1263 1904 1314 erat,
1945 1253 2118 1321 prima

2221 1257 2292 1308 ’ότι
2320 1255 2412 1307 τοῦ
2457 1253 2650 1326 θνητοῦ
2682 1255 2818 1325 πρὸς
2843 1253 2941 1324 τὴν
2991 1251 3137 1322 ζωὴν
3184 1251 3604 1321 μεταϐαίνοντος
3627 1293 3641 1317 ,
3667 1253 3792 1306 ἀκό-

547 1343 898 1412 generatione
936 1345 1002 1398 ad
1046 1346 1210 1397 vitam
1261 1347 1546 1400 mortalem
1587 1345 1905 1405 deducente,
1955 1342 2115 1395 aliam

547 1435 780 1489 inveniri
828 1438 1251 1506 generationem,
1302 1454 1423 1508 quae
1469 1454 1646 1508 neque
1678 1438 1746 1491 ab
1785 1438 2006 1492 interitu
2033 1436 2115 1488 in-

545 1526 775 1594 ciperet,
805 1543 980 1597 neque
1014 1528 1289 1583 desineret
1313 1533 1368 1582 in
1395 1528 1671 1583 interitum
1699 1571 1713 1596 ,
1751 1528 1844 1582 sed
1872 1543 1992 1582 eum
2021 1527 2114 1595 qui

544 1617 744 1673 fuisset
793 1629 1104 1689 generatus,
1149 1621 1216 1675 ad
1277 1623 1442 1674 vitam
1490 1619 1784 1675 deduceret
1836 1620 2118 1673 immorta-

546 1709 652 1763 lem
681 1709 975 1780 (quomodo
1019 1713 1162 1765 enim
1210 1727 1277 1766 ex
1324 1712 1540 1766 mortali
1590 1712 1940 1781 generatione
1967 1725 2115 1765 mor-

547 1802 656 1856 tale
707 1803 1018 1857 necessario
1068 1804 1278 1858 exstitit
1307 1804 1360 1857 id
1406 1805 1552 1874 quod
1601 1804 1700 1858 fuit
1756 1813 2110 1872 generatum:

2212 1346 2396 1399 λουθον
2420 1343 2487 1416 ἦν
2509 1347 2608 1416 τῆς
2636 1347 2855 1417 πρώτης
2877 1345 3138 1413 γενέσεως
3179 1346 3273 1396 ἐπὶ
3303 1343 3394 1395 τὸν
3432 1344 3624 1414 θνητὸν
3656 1362 3791 1414 παρ-

2212 1438 2452 1508 αγούσης
2492 1439 2642 1508 βίον,
2690 1437 2882 1507 ἐτέραν
2922 1437 3172 1506 γέννησιν
3213 1435 3594 1506 ἐξευρεθῆναι,
3650 1439 3788 1506 μήτε

2217 1531 2326 1583 ἀπὸ
2348 1531 2550 1602 φθορᾶς
2577 1530 2905 1602 ἀρχομένην,
2940 1530 3072 1598 μήτε
3107 1530 3187 1590 εἰς
3219 1527 3424 1596 φθορὰν
3454 1527 3788 1596 καταλήγου-

2218 1639 2316 1674 σαν
2343 1638 2355 1652 ·
2389 1622 2500 1674 ἀλλ’
2523 1624 2602 1684 εἰς
2617 1622 2880 1674 ἀθάνατον
2912 1619 3053 1690 ζωὴν
3079 1621 3170 1672 τὸν
3195 1618 3587 1687 γεγεννημένον
3610 1620 3789 1689 παρά-

2215 1730 2436 1781 γουσαν.
2468 1714 2677 1783 ’Ὠσπερ
2704 1712 2812 1783 γάρ
2840 1715 2903 1764 ἐκ
2947 1711 3146 1782 θνητῆς
3178 1713 3479 1780 γεννήσεως
3508 1709 3698 1779 θνητὸν
3729 1710 3792 1773 ἐξ

2215 1804 2457 1874 ἀνάγκης
2508 1803 2570 1855 τὸ
2611 1802 3005 1872 γεγεννημένον
3052 1799 3260 1869 ὑπέστη
3289 1817 3303 1830 ·
3342 1799 3514 1863 οὕτως
3567 1802 3631 1852 ἐκ
3687 1799 3790 1867 τῆς

548 1892 623 1946 ita
650 1892 792 1962 quod
821 1908 885 1947 ex
917 1896 1265 1962 generatione
1292 1894 1343 1947 in
1369 1910 1528 1964 quam
1559 1910 1668 1949 non
1695 1893 1841 1947 cadit
1865 1895 2116 1949 interitus

2221 1894 2297 1964 μὴ
2338 1894 2785 1965 παραδεχομένης
2835 1893 3036 1962 φθορὰν
3067 1894 3370 1961 γεννήσεως
3395 1891 3485 1944 τὸν
3514 1891 3790 1961 γεννώμε..

548 1997 858 2054 generatur,
898 1987 1090 2041 melius
1125 1986 1286 2040 fuerit
1337 2000 1401 2039 ac
1447 1985 1818 2055 prazstantius,
1855 2001 2015 2055 quam
2057 1995 2116 2038 ut

549 2091 579 2127 ιι
620 2086 793 2130 morte
843 2077 1080 2146 patiatur
1126 2075 1820 2147 interitum),‘-'postquam,
1872 2077 2114 2145 inquam,

544 2167 663 2221 haec
693 2169 1020 2230 audiverim,
1052 2176 1105 2222 et
1136 2183 1256 2236 quae
1295 2178 1422 2221 sunt
1454 2167 1789 2235 hujusmodi,
1818 2176 1871 2222 et
1897 2169 2114 2222 modum

544 2259 700 2327 prius
740 2259 1052 2322 didicerint,
1099 2275 1291 2330 nempe
1331 2261 1474 2329 quod
1515 2260 1581 2314 ad
1628 2259 1795 2314 Deum
1827 2274 2036 2329 preces,
2065 2267 2119 2312 et

547 2352 736 2420 gratia:
777 2352 1018 2406 cmlestis
1069 2354 1362 2413 invocatio,
1393 2361 1445 2405 et
1494 2367 1655 2421 aqua,
1704 2360 1757 2406 et
1804 2351 1959 2411 ﬁdes.
1990 2359 2119 2405 sunt

545 2454 606 2490 νο
646 2455 740 2509 per
772 2456 894 2508 qua:
926 2441 1183 2509 impletur
1215 2442 1537 2510 mysterium
1573 2444 2024 2511 regenerationis,
2053 2459 2118 2498 ea

545 2530 835 2585 difficiliter
873 2531 953 2585 eis
1007 2531 1424 2600 persuadentur,
1476 2545 1534 2587 ut
1581 2537 1672 2604 qui
1724 2535 1790 2588 ad
1844 2534 1989 2604 quod
2024 2551 2120 2604 ap-

546 2629 702 2691 paret
747 2621 1035 2692 aspiciant,
1079 2631 1266 2692 utpote
1324 2625 1465 2693 quod
1515 2624 1568 2678 id
1613 2626 1760 2695 quod
1812 2627 1869 2678 ﬁt
1921 2639 2120 2695 corpo—

549 2713 758 2776 raliter,
804 2728 914 2767 non
968 2714 1180 2767 accidat
1237 2717 1607 2784 promissioni.
1641 2718 1921 2782 Quomodo
1951 2719 2116 2781 enim,

545 2805 824 2874 inquiunt,
860 2821 1072 2875 preces,
1107 2815 1160 2859 et
1193 2807 1390 2861 divinae
1419 2807 1636 2861 virtutis
1675 2809 1966 2873 invocatio,
2000 2825 2121 2878 quae

551 2899 606 2949 lit
657 2912 821 2965 super
862 2911 1084 2967 aquam,
1140 2899 1195 2950 lit
1248 2899 1356 2953 dux
1415 2910 1465 2954 et
1514 2899 1840 2970 principium
1892 2903 2013 2954 vita:
2051 2902 2119 2957 iis

547 2989 640 3056 qui
688 2987 1014 3044 initiantur?
1056 2990 1136 3044 Ad
1191 3007 1350 3062 quos.
1415 2990 1460 3044 si
1508 3006 1616 3044 non
1656 2991 1764 3046 sint
1804 2993 1967 3048 nimis
1998 2993 2120 3047 duri

547 3088 601 3132 et
633 3079 966 3148 pervicaces,
1002 3080 1233 3151 simplex
1265 3080 1538 3135 suffecerit
1567 3082 1745 3135 oratio
1770 3081 1837 3134 ad
1877 3081 2118 3137 efﬁcien-

549 3171 678 3226 dum
709 3182 769 3224 ut
817 3173 1189 3228 assentiantur
1244 3172 1500 3241 dogmati.
1551 3172 1684 3226 Nam
1735 3175 1980 3228 vicissim
2024 3189 2120 3229 eos

554 3263 977 3331 interrogemus,
1028 3279 1150 3316 cum
1208 3264 1404 3319 modus
1439 3265 1558 3332 ejus
1590 3280 1710 3334 qua:
1750 3280 1815 3319 ex
1859 3280 2022 3320 carne
2064 3265 2121 3318 lit

548 3355 912 3422 generationis
934 3354 1004 3406 sit
1025 3355 1280 3410 omnibus
1303 3355 1642 3421 manifestus,
1669 3357 2121 3425 quemadmodum

552 3444 611 3498 lit
661 3444 824 3497 homo
875 3445 928 3498 id
991 3447 1137 3515 quod
1186 3447 1462 3516 dejicitur,
1506 3455 1564 3502 ut
1619 3463 1687 3503 ex
1741 3463 1806 3502 eo
1856 3450 2123 3503 consistat

549 3535 751 3589 animal
783 3536 804 3588 ?
833 3537 996 3605 Atqui
1033 3538 1087 3590 in
1119 3553 1184 3592 eo
1211 3539 1347 3592 nihil
1385 3539 1493 3593 dici
1529 3548 1728 3609 potest,
1757 3540 1899 3608 quod
1941 3540 2122 3609 aliqua

550 3627 766 3682 ratione
810 3629 978 3682 ullam
1020 3630 1261 3684 inveniat
1295 3631 1754 3701 probabilitatem.
1808 3631 1946 3697 Quid
1978 3634 2120 3686 enim

549 3733 840 3773 commune
876 3721 1037 3775 habet
1074 3737 1256 3777 semen
1294 3722 1530 3777 hominis
1583 3738 1707 3776 cum
1763 3739 1826 3777 ea
1858 3723 2122 3793 qualitate

550 3825 672 3880 qua:
731 3811 783 3863 in
847 3811 937 3864 illo
987 3813 1405 3866 consideratur-1’
1446 3811 1618 3866 Homo
1660 3815 1994 3881 compositus
2039 3823 2122 3867 est

549 3915 640 3954 res
701 3901 949 3970 quredam
1000 3902 1274 3972 particeps
1329 3904 1558 3957 rationis
1620 3911 1672 3957 et
1732 3904 2118 3972 intelligentiae.

549 3993 688 4046 Illud
746 4008 925 4046 amem
970 3995 1346 4048 consideratur
1375 3995 1429 4049 in
1467 3997 1698 4064 quadam
1740 3995 1961 4049 humida
1989 4011 2124 4064 qua—

550 4085 703 4138 litate
723 4126 737 4148 ,
792 4095 846 4139 et
876 4085 1010 4138 nihil
1048 4087 1280 4156 amplius
1303 4087 1720 4156 comprehendit
1757 4089 1956 4141 mentis
1987 4103 2122 4140 con-

550 4175 749 4242 ccptio,
784 4190 945 4244 quam
977 4176 1120 4242 quod
1160 4193 1226 4230 ex
1279 4193 1444 4232 sensu
1491 4178 1749 4232 cernitur.
1791 4177 1945 4244 Quod
1992 4193 2123 4247 ergo

551 4266 621 4320 ab
641 4267 1011 4336 interrogatis,
1036 4269 1310 4336 quomodo
1337 4269 1406 4323 sit
1427 4271 1688 4324 credibile
1703 4285 1771 4323 ex
1801 4270 1893 4322 illo
1915 4269 2121 4324 consti-

551 4355 686 4410 tisse
712 4356 1007 4422 hominem,
1031 4365 1455 4412 consentaneum
1478 4369 1561 4414 est
1583 4359 1741 4413 nobis
1769 4359 1880 4413 fieri
1905 4373 2124 4426 respon-

552 4463 697 4512 sum,
727 4447 831 4502 hoc
862 4449 1025 4502 etiam
1067 4449 1133 4502 de
1159 4450 1571 4518 regeneratione
1595 4466 1690 4520 per
1717 4465 1912 4519 aquam
1954 4450 2122 4504 inter-

2217 2003 2304 2038 vov
2328 2025 2344 2050 ,
2383 1987 2628 2056 κρεῖττον
2673 1984 2896 2055 γένηται
2931 1984 3030 2052 τῆς
3079 1983 3143 2035 ἐκ
3178 1981 3270 2035 τοῦ
3302 1982 3530 2036 θανάτου
3561 1981 3788 2052 φθορᾶς.

2230 2075 2473 2128 Ἐπειδὰν
2504 2075 2707 2128 τούτων
2752 2075 2846 2127 καὶ
2887 2073 2995 2127 τῶν
3028 2073 3283 2126 τοιούτων
3337 2071 3645 2134 ἀκούσωσι,
3693 2072 3790 2125 καὶ

2217 2165 2613 2238 προδιδαχθῶσι
2641 2165 2731 2217 τὸν
2759 2165 2958 2236 τρόπον
2979 2205 2994 2228 ,
3034 2163 3115 2216 ὅτι
3156 2161 3287 2233 εὐχὴ
3323 2162 3458 2232 πρὸς
3497 2161 3659 2226 Θεὸν,
3693 2162 3789 2214 καὶ

2216 2257 2435 2326 χάριτος
2462 2257 2717 2326 οὐρανίας
2755 2255 3068 2321 ἐπίκλησις,
3105 2255 3198 2306 καὶ
3243 2253 3385 2325 ὕδωρ
3414 2295 3428 2316 ,
3471 2255 3565 2307 καὶ
3606 2252 3790 2315 πίστις

2217 2351 2354 2413 ἐστὶ,
2387 2349 2453 2400 δι’
2483 2342 2558 2400 ὧν
2592 2344 2652 2399 ea
2683 2347 2780 2417 τῆς
2810 2347 3219 2415 ἀναγεννήσεως
3257 2345 3555 2417 πληροῦται
3583 2349 3793 2414 μυστή-

2221 2456 2354 2510 ριον,
2391 2439 2693 2502 δυσπειθῶς
2734 2439 2954 2508 ἔχουσι,
3007 2437 3142 2505 πρὸς
3185 2435 3246 2489 τὸ
3295 2437 3612 2506 φαινόμενον
3664 2435 3789 2506 βλέ-

2219 2551 2408 2595 ποντες
2433 2573 2446 2595 ,
2479 2533 2553 2596 ὡς
2595 2533 2656 2586 οὑ
2689 2532 2980 2603 συμϐαῖνον
3009 2534 3075 2601 τῇ
3114 2531 3413 2602 ἐπαγγελίᾳ
3450 2531 3510 2582 τὸ
3543 2547 3788 2599 σωματι-

2217 2627 2328 2690 κῶς
2353 2624 2756 2696 ὲνεργούμενον.
2785 2622 2910 2686 Πῶς
2942 2621 3050 2691 γὰρ
3072 2661 3087 2681 ,
3127 2621 3313 2689 φησὶν,
3342 2620 3475 2691 εὐχὴ
3506 2621 3601 2674 καὶ
3637 2620 3789 2674 δυνά-

2221 2736 2365 2789 μεως
2414 2718 2565 2780 θείας
2613 2716 2898 2786 ἐπίκλησις
2937 2715 3028 2768 ἐπὶ
3081 2713 3175 2766 τοῦ
3227 2712 3418 2772 ὓδατος
3467 2711 3787 2780 γιγνομένη,

2219 2809 2361 2879 ζωῆς
2411 2808 2651 2880 ἀρχηγὸς
2681 2810 2793 2870 τοῖς
2833 2805 3156 2876 μυουμένοις
3204 2802 3446 2871 γίνεται;
3486 2801 3628 2872 Πρὸς
3655 2798 3786 2864 οὓς,

2219 2903 2376 2971 εἴπερ
2404 2900 2522 2953 λίαν
2555 2899 2724 2970 ἔχοιεν
2753 2898 3060 2957 ἀντιτύπως
3080 2937 3094 2961 ,
3118 2893 3322 2958 ἁπλοῦς
3357 2893 3578 2965 ἐξαρκεῖ
3608 2891 3790 2960 λόγος,

2218 2993 2355 3065 πρὸς
2391 2992 2489 3063 τὴν
2520 2992 2613 3044 τοῦ
2645 2991 2914 3058 δόγματος
2947 2989 3174 3056 ἀγαγεῖν
3194 2981 3610 3052 συγκατάθεσιν.
3639 2981 3791 3032 ’Ᾱντο

2197 3081 2480 3152 ἐρωτήσω
2518 3082 2616 3152 μὲν
2658 3079 2790 3148 γὰρ,
2816 3076 2910 3130 τοῦ
2939 3077 3139 3146 τρόπου
3165 3073 3260 3141 τῆς
3284 3069 3425 3124 κατὰ
3458 3069 3636 3139 σάρκα
3666 3084 3790 3135 γεν-

2223 3181 2429 3244 νήσεως
2461 3175 2625 3226 πᾶσιν
2651 3172 2804 3235 ὄντος
2827 3167 3116 3241 προδήλου,
3145 3165 3263 3228 πῶς
3303 3163 3586 3234 ἄνθρωπος
3612 3164 3792 3214 ἐκεῖνο

2225 3266 2429 3335 γίνεται
2480 3265 2542 3316 τὸ
2588 3265 2666 3327 είς
2718 3261 2970 3332 ἀφορμὴν
3023 3259 3126 3328 τῆς
3169 3255 3478 3316 συστάσεως
3514 3251 3606 3304 τοῦ
3649 3249 3793 3316 ζώου

2225 3355 2724 3424 καταϐαλλόμενον;
2763 3350 2924 3404 Ἀλλά
2963 3349 3068 3420 μὴν
3118 3346 3290 3408 οὐδεὶς
3329 3346 3416 3397 ἐπ’
3461 3343 3670 3397 ἐκείνου
3702 3340 3794 3394 λό-

2223 3467 2318 3518 γος
2339 3450 2506 3512 ἐστὶν,
2533 3450 2560 3500 ὁ
2596 3445 2842 3515 λογισμῷ
2865 3461 2970 3496 τινι
2999 3442 3060 3494 τὸ
3100 3440 3322 3493 πιθανὸν
3351 3437 3696 3508 ἐξευρίσκων.
3725 3433 3796 3484 τί

2221 3540 2329 3610 γάρ
2355 3538 2530 3591 κοινὸν
2564 3537 2836 3604 σπέρματι
2872 3532 3154 3602 ἀνθρώπου
3198 3529 3334 3600 πρὸς
3381 3529 3479 3597 τὴν
3513 3530 3570 3579 ἐν
3602 3525 3795 3591 ἐκείνῳ

2223 3633 2601 3704 θεωρουμένην
2651 3628 2939 3697 ποιότητα;
2989 3623 3418 3695 Συγκρινόμενος
3449 3621 3477 3672 ὁ
3508 3618 3794 3689 ἄνθρωπος

2223 3725 2436 3793 λογικόν
2461 3741 2513 3775 τι
2551 3721 2736 3792 χρῆμα
2764 3720 2856 3772 καὶ
2877 3715 3214 3786 διανοητικόν
3248 3716 3396 3776 ἐστι,
3427 3710 3518 3764 νοῦ
3549 3712 3639 3764 καὶ
3672 3711 3798 3762 ἐπι-

2228 3818 2440 3886 στήμης
2478 3812 2758 3866 δεκτικόν’
2804 3811 2979 3862 ἐκεῖνο
3013 3809 3072 3860 δὲ
3117 3807 3258 3876 ὑγρᾷ
3301 3823 3404 3858 τινι
3448 3802 3794 3872 ἐνθεωρεῖται

2225 3911 2508 3978 ποιότητι,
2539 3905 2628 3958 καὶ
2660 3905 2841 3956 πλεῖον
2873 3901 3024 3954 οὐδὲν
3070 3899 3164 3950 τοῦ
3213 3897 3332 3950 κατ’
3359 3895 3609 3964 αἴσθησιν
3653 3893 3794 3963 ὁρω⁴

2227 4003 2386 4073 μένου
2421 3997 2828 4068 καταλαμϐάνει
2871 3994 3064 4046 έννοια.
3097 3992 3199 4044 Ἦν
3243 3988 3418 4042 τοίνυν
3460 3986 3604 4048 εἰκός
3644 3985 3794 4036 ἐστιν

2222 4094 2513 4163 ἀπόκρισιν
2553 4089 2806 4160 γενέσθαι
2852 4087 2984 4158 ἡμῖν
3037 4083 3190 4155 παρὰ
3245 4081 3352 4133 τῶν
3389 4074 3796 4149 ἐρωτηθέντων,

2223 4183 2303 4234 ὅτι
2333 4181 2456 4246 Πῶς
2479 4181 2594 4234 ἐστι
2620 4177 2808 4232 πιστὸν
2852 4176 2910 4241 ἐξ
2944 4173 3151 4226 ἐκείνου
3194 4169 3452 4239 συστῆναι
3486 4164 3802 4235 ἄνθρωπον;

2223 4270 2383 4323 τοῦτο
2418 4270 2666 4339 καὶπερὶ
2704 4269 2802 4338 τῆς
2831 4267 2918 4321 διὰ
2961 4265 3055 4319 τοῦ
3101 4263 3291 4325 ὓδατος
3334 4258 3624 4329 γινομένης
3671 4257 3800 4308 ἀνα·

2223 4365 2525 4433 γεννήσεως
2546 4359 2910 4430 ἐρωτηθέντες
2939 4353 3396 4427 ἀποκρινούμεθα.
3431 4352 3578 4403 Ἐκεῖ
3599 4365 3659 4401 τε
3685 4347 3805 4414 γὰρ

2225 4453 2488 4524 πρότερόν
2520 4453 2667 4503 ἐστιν
2694 4451 2908 4518 ἑκάστῳ
2941 4447 3049 4500 τῶν
3081 4443 3449 4516 ἠρωτημένων
3480 4441 3651 4492 εἰπεῖν
3673 4476 3687 4499 ,
3712 4439 3798 4490 ὅτι

551 4539 724 4608 rogati
752 4539 1218 4608 reSpondebimus.
1245 4540 1381 4594 Nam
1404 4549 1458 4595 et
1483 4542 1592 4596 illic
1617 4542 1912 4611 unicuique
1931 4556 2117 4596 eorum

2225 4544 2345 4614 θείᾳ
2374 4542 2598 4611 δυνάμει
2628 4543 2833 4601 ἐκεῖνος
2851 4535 3134 4608 ἄνθρωπος
3165 4535 3429 4602 γίγνεται,
3455 4526 3522 4601 ἧς
3557 4529 3628 4599 μὴ
3656 4544 3801 4596 παρ-

552 4630 645 4700 qui
698 4631 1102 4702 interrogantur
1144 4633 1198 4685 in
1259 4643 1506 4702 promptu
1546 4642 1630 4688 est
1685 4634 1899 4696 dicere,
1975 4633 2123 4703 quod

551 4719 734 4775 divina
761 4722 961 4776 virtute
982 4723 1068 4777 ille
1092 4723 1145 4775 lit
1167 4723 1351 4784 homo,
1380 4739 1500 4793 qua:
1522 4725 1566 4778 si
1601 4741 1708 4780 non
1737 4723 1902 4788 adsit,
1935 4739 2118 4780 semen

551 4821 638 4868 est
688 4813 965 4867 immobile
1011 4822 1065 4868 et
1114 4815 1388 4871 inefﬁcax.
1428 4818 1484 4869 Si
1521 4831 1649 4883 ergo
1688 4817 1798 4870 illic
1851 4831 1958 4869 non
1992 4816 2123 4871 sub-

549 4904 754 4971 jectum
808 4903 940 4957 facit
982 4906 1276 4967 hominem,
1315 4907 1409 4960 sed
1445 4908 1528 4961 vis
1570 4907 1753 4960 divina
1796 4915 2125 4961 transmutat

553 4995 606 5049 id
655 4997 799 5064 quod
861 5005 1084 5066 apparet
1128 4999 1183 5051 in
1252 5005 1502 5051 naturam
1555 4999 1812 5064 hominis,
1871 5005 2125 5052 extrema:

553 5088 720 5144 fuerit
770 5089 1097 5158 insipientia:
1142 5090 1450 5162 ingratique
1475 5101 1528 5144 et
1561 5091 1898 5146 immemoris
1930 5092 2122 5157 animi,

554 5181 667 5235 illic
704 5179 812 5234 Deo
863 5188 1069 5233 tantam
1129 5182 1433 5236 tribuentes
1463 5183 1744 5247 virtutem,
1803 5183 2123 5238 existimare

553 5269 722 5327 Deum
775 5274 876 5328 hac
911 5275 967 5328 in
1017 5287 1169 5344 parte
1194 5291 1316 5331 esse
1353 5279 1682 5332 imbecillum
1729 5278 1796 5331 ad
1831 5293 1985 5332 suam
2022 5278 2124 5330 im-

551 5363 805 5430 plendam
823 5364 1179 5417 voluntatem.
1196 5365 1334 5430 Quid
1352 5381 1657 5428 commune,
1673 5365 1944 5434 inquiunt,
1963 5363 2125 5418 habet

552 5452 662 5504 vita
707 5468 832 5505 cum
874 5455 1057 5523 aqua?
1092 5454 1234 5520 Quid
1288 5464 1468 5510 autem
1519 5457 1621 5526 (eis
1663 5454 1931 5524 dicemus)
1978 5472 2125 5510 com-

551 5559 717 5598 tnune
758 5545 923 5599 habet
972 5547 1167 5600 humor
1204 5555 1259 5602 et
1296 5549 1475 5618 imago
1512 5548 1648 5602 Dei?
1687 5549 1792 5603 Sed
1828 5549 1965 5603 nihil
2013 5548 2125 5602 illic

551 5643 636 5687 est
698 5634 1036 5701 admirabile,
1084 5639 1128 5693 si
1174 5637 1280 5693 Deo
1333 5641 1548 5694 volente
1592 5640 1790 5695 humor
1822 5640 2019 5695 transit
2071 5641 2123 5694 in

552 5727 754 5780 animal
809 5732 1341 5799 przestantissimum.
1392 5731 1464 5786 De
1508 5733 1611 5786 hoc
1671 5732 1833 5786 etiam
1874 5731 2124 5788 similiter

553 5818 820 5885 dicemus,
873 5823 1092 5878 minime
1141 5841 1262 5879 esse
1305 5824 1639 5891 mirandum,
1691 5824 1734 5877 si
1781 5824 1978 5878 divina:
2008 5825 2121 5878 vir-

2227 4637 2428 4705 ούσης,
2472 4632 2724 4702 ἀκίνητόν
2763 4633 2879 4683 ἐστι
2924 4629 3018 4682 καὶ
3047 4625 3421 4694 ἀνενέργητον.
3455 4624 3517 4674 Εἰ
3561 4618 3652 4673 οὖν
3678 4621 3799 4672 ἐκεῖ

2226 4727 2287 4778 οὑ
2314 4726 2374 4777 τὸ
2405 4725 2759 4792 ὑποκείμενον
2801 4723 2944 4774 ποιεῖ
2971 4719 3062 4771 τὸν
3113 4716 3394 4786 ἄνθρωπον
3417 4754 3430 4776 ,
3465 4713 3577 4766 ἀλλ’
3614 4713 3646 4776 ἡ
3677 4712 3800 4762 θεία

2226 4818 2453 4886 δύναμις
2492 4818 2570 4878 είς
2598 4813 2882 4885 ἀνθρώπου
2918 4811 3077 4880 φύσιν
3125 4809 3406 4876 μεταποιεῖ
3446 4805 3507 4857 τὸ
3539 4804 3798 4873 φαινόμε-

2229 4927 2336 4972 νον,
2362 4911 2461 4978 τῆς
2491 4908 2722 4976 ἐσχάτης
2773 4906 2839 4959 ἂν
2875 4904 2960 4975 εἴη
3001 4900 3389 4972 ἀγνωμοσύνης
3409 4941 3423 4961 ,
3461 4900 3577 4950 ἐκεῖ
3601 4897 3799 4950 τοσαύ-

2225 5016 2323 5068 την
2346 4998 2423 5064 τῷ
2453 4997 2570 5066 Θεῷ
2601 4991 3157 5066 προσμαρτυρούντας
3203 4989 3427 5057 δύναμιν
3453 5029 3467 5049 ,
3495 4989 3702 5040 ἀτονείν
3740 4987 3799 5038 ἐν

2225 5089 2304 5158 τῷ
2334 5088 2486 5157 μέρει
2513 5085 2686 5155 τούτῳ
2711 5087 2772 5138 τὸ
2795 5087 2948 5140 Θεῖον
2972 5081 3177 5136 οἴεσθαι
3209 5080 3345 5151 πρὸς
3373 5079 3470 5148 τὴν
3513 5077 3799 5146 ἐκπλήρω-

2229 5198 2312 5233 σιν
2333 5179 2426 5233 τοῦ
2456 5179 2777 5248 θελήματος.
2812 5175 2876 5227 Τί
2915 5175 3112 5238 κοινὸν,
3143 5173 3326 5242 φασὶν,
3359 5171 3508 5224 ὕδατι
3537 5171 3630 5222 καὶ
3659 5170 3798 5238 Coiﬁ;

2227 5273 2292 5324 Τί
2313 5271 2369 5323 δὲ
2400 5269 2598 5332 κοινὸν,
2629 5269 2765 5339 πρὸς
2789 5267 2948 5319 αὑτὸν
2977 5265 3208 5336 ἐροῦμεν
3233 5303 3249 5327 ,
3291 5263 3547 5332 ὑγρότητι
3581 5262 3674 5314 καὶ
3721 5262 3800 5313 εί-

2227 5363 2344 5416 κόιί
2373 5359 2505 5413 Θεοῦ
2533 5377 2547 5426 ;
2600 5359 2739 5411 Ἀλλ’
2769 5359 2918 5411 οὐδὲν
2950 5360 3065 5410 ἐκεῖ
3094 5358 3156 5409 τὸ
3202 5353 3534 5425 παράδοξον,
3565 5355 3612 5406 εί
3659 5352 3797 5405 Θεοῦ

2229 5454 2550 5527 βουλομένου
2603 5451 2738 5522 πρὸς
2773 5451 2833 5504 τὸ
2859 5449 3185 5521 τιμιώτατον
3231 5447 3365 5511 ζῶον
3401 5446 3462 5497 τὸ
3492 5443 3655 5514 ὑγρὸν
3702 5459 3798 5512 μεν

2225 5545 2489 5599 ταϐαίνει.
2536 5544 2608 5596 Τὸ
2654 5539 2770 5596 ἴσον
2827 5542 2920 5594 καὶ
2979 5541 3072 5593 ἐπὶ
3124 5542 3312 5591 τούτου
3360 5537 3572 5607 φαμὲν,
3633 5533 3798 5604 μηδὲν

2227 5634 2365 5689 εἶναι
2419 5635 2746 5705 θαυμαστὸν,
2791 5635 2837 5685 εί
2875 5632 3023 5693 θείας
3051 5630 3326 5700 δυνάμεως
3364 5625 3632 5697 παρουσία
3661 5624 3799 5696 πρὸς

2226 5718 2532 5797 ἀφθαρσίαν
2565 5724 2954 5797 μετασκευάζει
2988 5723 3047 5777 τὸ
3077 5726 3134 5776 ἐν
3172 5725 3236 5792 τῇ
3275 5719 3486 5790 φθαρτῇ
3516 5717 3673 5786 φύσει
3701 5731 3799 5784 γε-

2228 5819 2472 5890 νόμενον.
