4066 6374
252 355 333 413 85
1498 383 1755 443 ORATIO
1777 387 2278 446 caracnenca.
3469 397 3534 450 sc

255 477 397 578 tutis
453 492 744 548 praesentia
797 490 1155 548 transformat
1196 497 1261 551 ad
1297 498 1763 573 incorruptionem
1795 507 1844 560 id
1886 507 2033 577 quod
2085 520 2272 561 natum
2322 507 2496 562 fuerat
2540 507 2603 561 in.
2678 516 2873 562 natura
2919 508 2974 561 in
3025 522 3187 578 quam
3235 507 3381 563 cadit
3451 526 3536 562 m-

254 568 485 623 teritns.

841 674 1093 731 ΚΕΦΑΛ.
1129 680 1249 733 ΛΔἏ

339 755 510 811 Ἀλλὰ
553 759 805 829 ζητοῦσιν
851 768 1123 835 ἀπόδειξιν
1155 773 1247 824 τοῦ
1295 779 1548 846 παρεῖναι
1595 779 1656 831 τὸ
1695 782 1849 835 Θεῖον

250 847 347 898 ἐπὶ
381 849 683 922 ἀγιασμῶν
711 856 819 908 τῶν
840 860 1137 929 γινομένων
1165 863 1512 935 καλούμενον.
1532 869 1588 922 Ὀ
1613 869 1669 921 δὲ
1695 871 1851 923 τοῦτο

252 934 461 1006 ζητῶν,
500 942 801 1011 ἀναγνώτω
834 949 994 1001 πάλιν
1020 952 1086 1003 τὰ
1118 955 1347 1007 κατόπιν
1379 957 1740 1030 ἐξητασμένα.
1787 963 1849 1014 'II

252 1030 366 1100 γὰρ
393 1040 717 1109 κατασκευὴ
754 1040 846 1092 τοῦ
873 1044 970 1113 τὴν
995 1044 1083 1098 διὰ
1106 1050 1306 1117 σαρκὸς
1335 1052 1467 1119 ἡμῖν
1496 1054 1848 1121 ἐπιφανεῖσαν

250 1120 515 1192 δύναμιν,
544 1127 763 1194 ἀληθῶς
796 1130 943 1185 θείαν
962 1130 1117 1199 εἶναι,
1137 1137 1230 1189 τοῦ
1254 1139 1518 1210 παρόντος
1548 1141 1705 1208 λόγου
1735 1159 1851 1193 συν-

249 1218 458 1284 ηγορία
494 1218 729 1286 γίνεται.
761 1225 1072 1294 Δειχθέντος
1124 1228 1232 1297 γὰρ
1277 1230 1371 1281 τοῦ
1417 1230 1547 1283 Θεὸν
1576 1228 1714 1284 εἶναι
1757 1234 1848 1287 τὸν

250 1311 312 1359 ἐν
342 1313 518 1381 σαρκὶ
561 1318 962 1386 φανερωθέντα,
992 1325 1102 1383 τοῖς
1135 1322 1222 1375 διὰ
1245 1324 1353 1376 τῶν
1381 1327 1680 1394 γινομένων
1713 1326 1845 1380 Bati-

255 1417 393 1467 μασι
427 1404 533 1473 τήν
587 1405 748 1473 φύσιν
794 1410 985 1463 ἑαυτοῦ
1015 1412 1302 1479 δείξαντα,
1355 1418 1742 1488 συναπεδείχθη
1788 1419 1848 1471 τὸ

252 1495 518 1561 παρεῖναι
555 1500 669 1559 τοῖς
722 1501 1023 1569 γινομένοις
1070 1505 1231 1557 αὑτὸν
1280 1507 1419 1559 κατά
1452 1508 1627 1561 πάντα
1657 1509 1846 1578 καιρὸν

252 1584 632 1654 ἐπικλήσεως.
654 1588 863 1661 Ὥσπερ
891 1592 998 1663 γάρ
1024 1594 1253 1648 ἑκάστου
1284 1597 1393 1651 τῶν
1418 1598 1584 1651 ὄντων
1618 1600 1734 1652 ἐστί
1764 1619 1846 1663 τις

256 1673 463 1744 ἰδιότης
512 1678 548 1746 ἦ
599 1678 698 1748 τὴν
731 1680 890 1747 φύσιν
922 1685 1260 1755 γνωρίζουσα
1287 1706 1301 1718 ο
1353 1688 1524 1752 οὕτως
1556 1690 1681 1743 ἴδιόν
1729 1693 1845 1743 ἐστι

252 1764 354 1832 τῆς
395 1765 557 1830 θείας
593 1769 807 1837 φύσεως
845 1775 877 1843 ἡ
912 1775 1158 1844 ἀλήθεια.
1204 1778 1361 1831 Ἀλλά
1414 1780 1518 1851 μὴν
1568 1782 1652 1834 ἀεὶ
1702 1800 1843 1852 παρ-

252 1854 481 1910 ἔσεσθαι
512 1862 628 1923 τοῖς
649 1863 1096 1934 ἐπικαλουμένοις
1126 1870 1478 1938 ἐπήγγελται,
1498 1875 1590 1925 καὶ
1614 1876 1671 1925 εν
1698 1874 1844 1942 μέσῳ

253 1947 363 1998 τῶν
394 1952 767 2005 πιστευόντων
796 1952 953 2019 εἶναι,
986 1960 1081 2011 καὶ
1112 1961 1167 2011 ἐν
1205 1963 1339 2014 πᾶσι
1383 1963 1561 2030 μένειν
1596 1966 1689 2017 καὶ
1716 1967 1844 2019 ἑκα-

1878 696 1925 749 Α

2467 682 2696 736 CAPUT
2776 682 3011 737 XXXIV.

2026 776 2131 830 Sed
2183 785 2431 843 quaarunt
2499 785 2556 828 ut
2612 778 2711 829 sibi
2776 776 3131 836 ostendatur,
3188 774 3336 844 quod
3392 775 3534 830 Deus

1953 869 2094 922 adsit
2137 869 2422 921 invocatus
2459 869 2511 920 in
2549 868 2615 920 iis
2656 884 2776 937 quae
2808 870 2942 920 fiunt
2977 870 3529 923 sanetifieationibus.

1951 960 2051 1024 Qui
2101 971 2280 1011 autem
2312 958 2414 1011 hoc
2440 958 2655 1027 qiiaarit,
2689 968 2904 1011 revocet
2943 961 2995 1011 in
3030 973 3267 1012 mentem
3320 975 3382 1013 ea
3412 975 3534 1027 quae

1951 1060 2098 1104 retro
2123 1062 2250 1105 sunt
2284 1052 2613 1105 examinata.
2642 1050 3003 1104 Conﬁrmatio
3036 1052 3203 1117 enim,
3237 1055 3378 1119 quo.l
3411 1070 3533 1122 qua:

1950 1158 2046 1211 per
2076 1158 2294 1195 carnem
2338 1143 2501 1196 nobis
2541 1145 2794 1212 apparuit
2826 1145 3019 1208 virtus,
3050 1161 3176 1199 vere
3213 1146 3283 1199 sit
3317 1145 3524 1205 divina,

1950 1231 2193 1285 defendit
2245 1233 2294 1285 id
2346 1236 2491 1301 quod
2533 1233 2767 1286 dicimus
2802 1233 2855 1285 in
2901 1236 3209 1302 praesentia.
3239 1233 3370 1286 Nam
3408 1250 3529 1288 cum

1949 1335 2229 1378 ostensum
2298 1326 2369 1378 sit
2425 1326 2568 1393 quod
2628 1325 2699 1379 sit
2747 1325 2890 1380 Deus
2937 1328 3027 1395 qui
3089 1344 3243 1381 suam
3294 1330 3543 1383 ostendit.

1949 1425 2201 1468 naturam
2248 1418 2527 1471 miraculis
2567 1432 2661 1486 per
2698 1434 2761 1471 ea
2796 1434 2916 1487 quae
2960 1418 3115 1483 ﬁunt,
3171 1422 3331 1473 simul
3365 1421 3543 1475 etiam.

1947 1517 2225 1562 ostensum
2274 1517 2377 1572 est,
2436 1526 2557 1561 eum
2602 1510 2797 1565 adesse
2837 1513 2902 1564 iis
2954 1528 3074 1581 qua:
3116 1513 3259 1565 ﬁunt
3286 1523 3530 1581 tempore

1947 1600 2333 1654 invocationis.
2388 1601 2674 1665 Quomodo
2720 1605 2863 1654 enim
2898 1604 2952 1655 in
2985 1621 3315 1673 unoquoque
3339 1620 3527 1658 eorum

1946 1708 2067 1761 qua:
2089 1701 2236 1755 sunt,
2270 1704 2354 1747 est
2373 1695 2619 1762 quaedam
2654 1696 2961 1763 proprietas
2990 1714 3112 1765 qua:
3130 1706 3311 1751 notam
3348 1698 3531 1751 reddit

1946 1794 2220 1847 naturam,
2292 1786 2367 1837 ita
2401 1786 2603 1839 divina)
2641 1798 2848 1841 natura:
2884 1789 3160 1856 pmprium
3187 1799 3269 1843 est
3302 1790 3523 1843 veritas.

1944 1877 2105 1944 Atqui
2163 1876 2546 1931 invocantibus
2579 1894 2636 1931 se
2670 1894 2885 1946 seraper
2916 1879 3210 1933 affuturum
3240 1891 3322 1935 est
3368 1883 3529 1950 polli-

1946 1969 2112 2031 citus,
2160 1975 2214 2022 et
2268 1968 2510 2021 futurum
2552 1970 2604 2021 in
2640 1971 2819 2022 medio
2848 1972 3209 2034 credentium,
3243 1985 3290 2025 el
3320 1973 3371 2025 in
3403 1989 3526 2027 om-

253 2056 367 2106 στῳ
393 2045 657 2104 συνεῖναι,
684 2047 777 2098 καὶ
795 2047 969 2100 οὐκέτ’
995 2050 1059 2102 ἂν
1082 2052 1272 2122 ἑτέρας
1299 2056 1377 2117 εἰς
1406 2056 1467 2108 τὸ
1494 2060 1748 2127 παρεῖναι
1781 2059 1842 2111 τὸ

1946 2061 2110 2114 nibus
2162 2070 2598 2124 mansurum”!!!
2628 2077 2750 2113 cum
2790 2078 3120 2130 unoquoque
3170 2073 3525 2118 cooversatu—

254 2126 413 2180 Θεῖον
437 2133 553 2193 τοῖς
586 2138 888 2206 γινομένοις
931 2142 1255 2207 ἀποδείξεως
1289 2148 1680 2218 προσδεοίμεθα
1702 2169 1717 2181 ·
1752 2151 1842 2203 τὸν

256 2218 359 2284 μὲν
391 2219 532 2272 Θεὸν
566 2217 703 2275 εἶναι
736 2226 819 2279 διὰ
851 2228 961 2279 τῶν
1006 2229 1293 2300 θαυμάτων
1336 2236 1513 2289 αὐτῶν
1554 2257 1841 2292 πεπιστευ-

254 2311 415 2374 κότες
438 2352 453 2376 ,
480 2316 540 2365 ἐν
570 2315 627 2367 δὲ
654 2316 730 2385 τῷ
758 2318 979 2387 ἀψευδεῖ
1002 2322 1104 2391 τῆς
1129 2325 1471 2395 ὑποσχέσεως
1506 2334 1757 2401 παρεῖναι
1782 2333 1842 2384 τὸ

254 2402 673 2471 ἐπηγγελμένον
698 2408 795 2459 οὐκ
818 2409 1269 2478 ἀμφιϐάλλοντες.
1302 2415 1375 2467 Τὸ
1403 2415 1459 2467 δὲ
1486 2419 1841 2485 προηγεῖσθαι

253 2492 351 2562 τὴν
378 2494 469 2548 διὰ
497 2500 600 2566 τῆς
628 2498 789 2568 εὐχῆς
817 2501 1005 2569 κλῆσιν
1039 2504 1140 2572 τῆς
1175 2504 1325 2568 θείας
1364 2508 1670 2578 οἰκονομίας
1695 2550 1709 2574 ,
1747 2528 1841 2563 πε-

256 2586 474 2653 ριουσία
503 2588 589 2650 τίς
620 2592 733 2642 ἐστι
767 2592 864 2658 τῆς
900 2593 1224 2659 ἀποδείξεως
1257 2597 1349 2649 τοῦ
1385 2599 1526 2652 κατὰ
1557 2601 1689 2653 Θεὸν
1722 2604 1841 2654 ἐπι-

252 2674 530 2727 τελεῖσθαι
553 2677 615 2730 τὸ
640 2680 859 2749 ἐνεργοῦ
869 2700 1045 2750 μενον.
1073 2684 1133 2736 El
1162 2685 1271 2756 γὰρ
1295 2687 1387 2738 ἐπὶ
1412 2688 1503 2739 τοῦ
1530 2689 1716 2759 ἐτέρου
1742 2692 1839 2760 τῆς

256 2764 700 2834 ἁνθρωποποιῖας
738 2769 907 2835 εἴδους
934 2813 948 2836 ,
1006 2776 1060 2826 αί
1118 2774 1227 2826 τῶν
1283 2777 1596 2843 γεννώντων
1648 2780 1837 2851 ὁρμαὶ,

258 2855 361 2906 κᾶν
396 2856 472 2926 μὴ
504 2858 775 2930 ἐπικληθῇ
813 2864 943 2930 παρ’
983 2864 1164 2917 αὐτῶν
1188 2864 1253 2917 δι’
1276 2866 1439 2935 εὐχῆς
1466 2866 1527 2919 τὸ
1555 2869 1708 2922 Θεῖον
1727 2910 1741 2933 ,
1774 2872 1837 2939 τῇ

256 2945 348 2997 τοῦ
378 2946 518 3000 Θεοῦ
548 2948 798 3020 δυνάμει,
831 2952 1009 3016 καθὼς
1044 2956 1100 3006 ἐν
1126 2958 1238 3020 τοῖς
1268 2957 1572 3029 ἔμπροσθεν
1602 2960 1838 3031 εἴρηται,

260 3034 655 3093 διαπλάσσουσι
690 3042 751 3095 τὸ
780 3045 1114 3115 γεννώμενον
1136 3065 1147 3077 ·
1186 3043 1253 3119 ἧς
1274 3051 1633 3121 χωρισθείσης
1661 3054 1842 3124 ἄπρα-

261 3130 385 3191 κτός
410 3132 563 3185 ἐστιν
596 3136 628 3202 ἡ
673 3136 873 3205 σπουδὴ
896 3138 996 3190 καὶ
1038 3140 1321 3210 ἀνόνητοςο
1359 3142 1510 3212 πόσῳ
1538 3143 1735 3211 μᾶλλον
1782 3146 1842 3197 ἐν

259 3220 337 3290 τῷ
368 3227 727 3296 πνευματικῷ
751 3229 848 3298 τῆς
870 3231 1176 3299 γεννήσεως
1198 3232 1404 3303 τρόπῳ,
1423 3235 1516 3287 καὶ
1536 3235 1669 3288 Θεοῦ
1697 3253 1842 3307 παρ-

262 3315 482 3369 έσεσθαι
528 3321 644 3381 τοῖς
676 3321 986 3390 γενομένοις
1014 3324 1446 3395 ἐπηγγελμένου,
1472 3328 1563 3379 καὶ
1591 3328 1688 3399 τὴν
1710 3330 1840 3401 παρ’

262 3408 456 3461 ἑαυτοῦ
491 3409 720 3479 δύναμιν
748 3413 1113 3479 ἐντεθεικότος
1144 3416 1220 3485 τῷ
1250 3416 1395 3488 ἔργῳ
1417 3461 1433 3482 ,
1466 3418 1649 3483 καθὼς
1682 3439 1841 3475 πεπι-
1868 3389 1910 3446 C

268 3500 574 3571 στεύκαμεν
601 3519 613 3531 '
643 3506 735 3557 καί
777 3506 873 3575 τῆς
902 3508 1178 3578 ἡμετέρας
1212 3511 1583 3581 προαιρέσεως
1622 3513 1756 3582 πρὸς
1781 3514 1842 3566 τὸ

267 3592 701 3663 σπουδαζόμενον
732 3596 829 3667 τὴν
869 3598 1042 3670 ὁρμὴν
1068 3600 1297 3670 ἐχούσης
1325 3619 1339 3633 ·
1384 3606 1433 3656 εί
1480 3603 1841 3675 συμπαραλη-

267 3682 423 3753 φΊείη
455 3685 804 3752 καθηκόντως
837 3690 868 3757 ή
915 3689 1000 3741 διὰ
1029 3690 1126 3759 τῆς
1156 3692 1323 3761 εὐχῆς
1356 3694 1638 3763 συμμαχία
1662 3737 1675 3758 ,
1708 3696 1843 3764 μᾶλ-

266 3774 356 3827 λον
385 3778 633 3841 ἐπιτελὲς
662 3779 813 3832 ἔσται
850 3780 910 3833 τὸ
935 3782 1391 3853 σπουδαζόμενον;
1419 3786 1684 3857 Καθάπερ
1712 3788 1767 3838 δὲ
1794 3790 1841 3840 οἱ

269 3868 531 3937 ἐπιφᾶναι
573 3871 663 3923 τὸν
692 3872 840 3941 ἣλιον
882 3873 1062 3937 αὐτοῖς
1101 3874 1381 3944 εὐχόμενοι
1406 3875 1483 3945 τῷ
1512 3877 1629 3947 Θεῷ
1652 3918 1665 3943 ,
1694 3878 1842 3931 οὐδὲν

271 3960 604 4028 ἀμϐλύνουσι
651 3964 711 4016 τὸ
757 3965 971 4027 πάντως
1002 3966 1311 4035 γινόμενονο
1355 3966 1475 4020 οὐδὲ
1518 3970 1625 4039 μὴν
1673 3971 1844 4041 ἄχρη-

274 4068 394 4104 στον
431 4050 571 4107 εἷναί
604 4072 688 4117 τις
722 4057 883 4124 φήσει
912 4058 1009 4126 τὴν
1045 4057 1153 4110 τῶν
1186 4060 1636 4128 προσευχομένων
1676 4078 1841 4115 σπου-

271 4144 385 4213 δὴν,
409 4148 457 4198 εί
483 4163 550 4199 πε
561 4147 614 4216 pi
643 4146 735 4199 τοῦ
761 4148 977 4209 πάντως
1008 4150 1263 4218 ἐσομένου
1292 4150 1385 4202 τὸν
1414 4151 1544 4203 Θεὸν
1570 4153 1842 4206 ἱκετεύου-

276 4251 356 4286 σιν
381 4250 394 4262 ·
428 4236 611 4299 οὕτως
638 4240 685 4289 οἱ
714 4239 1165 4308 πεπιστευμένοι,
1204 4241 1343 4293 κατὰ
1370 4242 1469 4310 τὴν
1511 4244 1719 4315 ἀψευδῆ
1748 4245 1840 4298 τοῦ

274 4326 743 4397 ἐπαγγειλαμένου
770 4330 1061 4399 ὑπόσχεσιν
1095 4332 1313 4395 πάντως
1342 4336 1594 4403 παρεῖναι
1623 4337 1719 4407 τὴν
1752 4339 1842 4407 χά-

280 4435 358 4487 ριν
381 4425 492 4483 τοῖς
517 4421 606 4473 διὰ
630 4422 728 4491 τῆς
758 4427 1026 4494 μυστικῆς
1047 4423 1249 4494 ταύτης
1278 4427 1587 4495 οἰκονομίας
1614 4430 1842 4496 ἀναγεν-

275 4513 560 4581 νωμένοις,
586 4514 618 4585 ἢ
659 4517 974 4587 προσθήκην
1006 4517 1128 4569 τινὰ
1160 4518 1437 4571 ποιοῦνται
1464 4521 1563 4590 τῆς
1600 4524 1839 4594 χάριτος,

277 4602 307 4670 ἦ
336 4603 429 4673 τὴν
448 4602 613 4658 οὖσαν
637 4607 735 4657 οὐκ
760 4607 1210 4676 ἀποστρέψουσιν.
1240 4610 1314 4662 Τὸ
1341 4611 1449 4681 γάρ
1478 4614 1695 4678 πάντως
1719 4634 1843 4669 συν-

277 4699 407 4749 εῖναι
454 4698 542 4750 διὰ
584 4699 644 4750 τὸ
675 4698 809 4751 Θεὸν
847 4696 983 4751 εἶναι
1030 4701 1121 4754 τὸν
1156 4704 1618 4774 ἐπαγγειλάμενον
1677 4705 1841 4758 πεπί-

279 4797 510 4839 στευται.
545 4786 610 4839 Ἡ
624 4786 677 4840 δὲ
698 4787 798 4856 τῆς
832 4790 1095 4860 Θεότητος
1135 4796 1408 4865 μαρτυρία
1444 4797 1530 4851 διὰ
1570 4800 1668 4869 τῆς
1714 4799 1840 4853 θαυ-

279 4873 454 4937 μάτων
477 4876 645 4931 ἐστίν.
685 4878 848 4931 ’Ὠστε
869 4880 954 4933 διὰ
976 4884 1189 4936 πάντων
1218 4886 1274 4937 τὸ
1310 4889 1559 4954 παρεῖναι
1583 4893 1643 4943 τὸ
1661 4893 1841 4957 Θεῖον,

275 4960 519 5030 οὐδεμίαν
540 4968 869 5036 ἀμφιϐολίαν
896 4971 1025 5040 ἔχει.

864 5244 1112 5299 ΚΕΦΑΛ.
1152 5250 1271 5302 AE’.

356 5327 413 5379 Ἢ
442 5331 497 5382 δὲ
540 5348 618 5395 εις
643 5335 702 5387 τὸ
739 5336 881 5405 ὕδωρ
915 5339 1173 5404 κάθοδος,
1211 5343 1302 5395 καὶ
1334 5346 1394 5397 τὸ
1440 5348 1560 5416 τρὶς
1597 5351 1656 5400 ἐν
1692 5352 1839 5421 αὐτῷ

282 5422 518 5486 γενέσθαι
551 5428 641 5478 τὸν
680 5430 995 5500 ἄνθρωπον,
1028 5434 1212 5506 ἕτερον
1270 5439 1588 5511 ἐμπεριέχει
1636 5448 1840 5516 μυστή-

283 5525 405 5579 ριον.
449 5515 661 5587 Ἐπειδὴ
687 5518 795 5589 γὰρ
839 5522 867 5572 ὁ
892 5521 991 5591 τῆς
1026 5524 1297 5594 σωτηρίας
1324 5529 1481 5597 ἡμῶν
1508 5532 1707 5600 τρόπος
1731 5574 1746 5596 ,
1778 5515 1839 5588 οὐ

281 5603 518 5695 τοσοῦτον
544 5611 608 5661 ἐκ
632 5612 734 5679 τῆς
776 5611 915 5665 κατὰ
955 5614 1202 5687 διαδοχὴν
1250 5619 1575 5690 ὑφηγήσεως
1620 5626 1841 5695 ἐνεργὸς

284 5690 490 5760 γέγονεν
511 5739 526 5765 ,
558 5700 681 5753 ὅσον
710 5701 775 5754 δι’
798 5703 975 5757 αὐτῶν
1004 5701 1078 5759 ὧν
1110 5710 1365 5779 ἐποίησεν
1396 5715 1425 5765 ὁ
1460 5712 1556 5783 τὴν
1584 5716 1718 5785 πρὸς
1750 5716 1841 5769 τὸν

288 5783 550 5854 ἄνθρωπον
580 5794 816 5860 ὑποστὰς
846 5800 1127 5855 κοινωνίαν
1151 5842 1165 5867 ,
1213 5803 1358 5876 ἔργῳ
1387 5806 1484 5877 τὴν
1512 5807 1655 5879 ζωὴν
1697 5813 1841 5883 ἐνερ-

1945 2167 2115 2215 rum;
2175 2167 2352 2220 neque
2401 2153 2503 2204 alia
2553 2152 2718 2205 fuerit
2770 2153 2929 2206 nobis
2984 2170 3123 2223 opus
3178 2156 3525 2223 probatione.

1942 2244 2090 2312 quod
2134 2240 2276 2296 Deus
2317 2243 2461 2297 adsit
2502 2243 2567 2297 iis
2613 2259 2732 2312 quae
2761 2246 2917 2306 ﬁunt,
2944 2260 3066 2297 cum
3107 2244 3273 2298 Deum
3307 2248 3525 2315 quidem

1941 2350 2063 2389 esse
2092 2350 2186 2403 per
2212 2334 2329 2402 ipsa
2361 2334 2624 2387 miracula
2670 2335 3088 2397 crediderimus,
3140 2353 3315 2406 neque
3366 2337 3527 2399 dubi-

1942 2434 2142 2485 temus,
2186 2426 2238 2478 id
2281 2423 2427 2493 quod
2490 2426 2823 2493 promissum
2878 2437 2963 2478 est
3015 2427 3208 2480 adesse
3258 2430 3421 2482 certis
3475 2438 3529 2482 et

1942 2533 1972 2571 a
2029 2517 2319 2572 mendacio
2378 2517 2570 2571 alienis
2618 2518 3096 2585 promissionibus.
3144 2520 3301 2584 Quod
3347 2531 3526 2573 autem

1941 2624 2063 2678 quae
2113 2624 2207 2677 per
2270 2623 2460 2677 preces
2505 2607 2564 2660 ﬁt
2614 2610 2907 2670 invocatio,
2960 2611 3199 2663 divinam
3259 2611 3532 2680 praecedat

1942 2701 2431 2769 dispensationem,
2489 2701 2624 2755 satis
2679 2718 2951 2771 superque
3007 2705 3221 2772 probat,
3273 2705 3416 2773 quod
3474 2706 3525 2756 id

1942 2793 2085 2851 quod
2130 2792 2207 2853 fit,
2261 2808 2327 2844 ex
2379 2791 2486 2845 Deo
2538 2794 2829 2862 peragitur.
2893 2792 2951 2846 Si
3018 2797 3160 2847 enim
3222 2795 3275 2847 in
3348 2796 3522 2849 altero

1943 2898 2140 2954 genere
2185 2883 2465 2936 hominum
2520 2886 2943 2952 procreationis,
2992 2901 3181 2939 eorum
3222 2886 3315 2954 qui
3366 2902 3524 2955 gene—

1942 2986 2067 3031 rant
2121 2977 2189 3032 ad
2244 2978 2298 3031 id
2362 2978 2604 3031 incitatze
2647 2981 3031 3047 appetitiones,
3082 2981 3294 3035 etiamsi
3345 2982 3410 3031 ab
3457 2981 3524 3033 iis

1942 3067 2089 3122 Deus
2116 3069 2376 3138 precibus
2418 3083 2527 3121 non
2564 3069 2868 3131 invoretur,
2902 3072 3085 3124 divina
3118 3072 3343 3131 virtute,
3382 3073 3525 3125 sicut

1943 3160 2099 3228 prius
2156 3159 2366 3213 dictum
2419 3168 2530 3220 est.
2585 3160 2855 3230 efﬁngunt
2905 3162 2958 3215 id
2999 3162 3143 3231 quod
3190 3171 3524 3228 generatur,

1944 3266 2049 3320 qua
2070 3260 2323 3320 separata
2347 3250 2597 3305 inefficax
2634 3260 2689 3306 et
2715 3254 2925 3307 inutilis
2952 3269 3014 3307 ac
3044 3254 3196 3306 irrita
3218 3262 3301 3308 est
3337 3269 3525 3307 eorum

1942 3359 2110 3413 opera
2150 3363 2162 3397 :
2191 3351 2396 3412 quanto
2421 3344 2592 3412 magis
2627 3345 2681 3397 in
2719 3344 2991 3414 spirituali
3026 3345 3187 3398 modo
3215 3345 3527 3415 generatio-

1943 3436 2052 3499 nis,
2095 3450 2218 3489 cum
2250 3442 2304 3488 et
2331 3433 2477 3489 Deus
2524 3435 2593 3490 iis
2625 3452 2745 3503 quae
2788 3435 2929 3489 facta
2976 3443 3104 3490 sunt
3134 3450 3192 3490 se
3225 3435 3525 3489 affuturum

1944 3525 2015 3579 sit
2054 3524 2365 3593 pollicitus,
2425 3534 2479 3578 et
2534 3541 2687 3579 suam
2736 3526 2888 3593 operi
2938 3526 3198 3580 virtutem
3248 3526 3527 3591 indiderit,

1946 3624 2004 3669 nt
2035 3614 2400 3679 credidimus,
2440 3625 2802 3686 nostrumque
2834 3618 3177 3686 propositum
3223 3631 3274 3673 et
3305 3620 3529 3672 institu-

1944 3713 2058 3760 tum
2096 3705 2302 3759 feratur
2347 3706 2414 3760 ad
2456 3707 2509 3760 id
2557 3707 2610 3761 in
2644 3709 2788 3776 quod
2818 3710 3055 3763 studium
3091 3721 3145 3764 et
3192 3728 3354 3779 opera
3392 3728 3525 3765 con-

1946 3795 2147 3861 fertur,
2203 3798 2247 3850 si
2280 3812 2469 3851 eorum
2519 3814 2749 3867 quorum
2795 3799 2949 3854 decet
2992 3802 3156 3855 simul
3204 3819 3296 3871 per
3342 3819 3529 3871 preces

1945 3897 2256 3942 assumatur
2275 3888 2555 3951 auxilium,
2583 3888 2754 3958 magis
2775 3890 2877 3943 erit
2908 3891 3207 3960 perfectum
3229 3894 3278 3946 id
3306 3894 3358 3946 in
3384 3894 3527 3963 quod

1945 3979 2223 4034 confertur
2241 3978 2502 4034 studium?
2526 3979 2651 4046 Quo
2676 3981 2837 4035 modo
2867 3991 3047 4036 autem
3079 3984 3171 4053 qui
3211 3982 3373 4038 Deum
3408 4002 3530 4054 pre-

1945 4079 2141 4126 cantur
2172 4078 2232 4125 ut
2251 4071 2355 4125 sibi
2389 4071 2470 4125 sol
2496 4072 2796 4135 illucescat,
2848 4074 2900 4128 id
2928 4076 3071 4143 quod
3101 4076 3157 4128 fit
3186 4092 3528 4146 nequaquam

1944 4166 2253 4221 obtundunt
2275 4180 2327 4224 et
2348 4172 2647 4225 obscurant
2676 4173 2803 4235 (sed
2846 4189 2947 4227 nec
2972 4174 3162 4229 inutile
3189 4177 3530 4245 precantium

1948 4257 2151 4312 dixeris
2178 4276 2300 4315 esse
2322 4264 2586 4325 studium,
2616 4266 2658 4319 si
2685 4266 2751 4318 de
2780 4281 2847 4319 eo
2874 4267 3018 4334 quod
3041 4269 3264 4321 omnino
3286 4268 3528 4321 futurum

1943 4356 2027 4403 est
2050 4348 2158 4404 Deo
2181 4353 2535 4425 supplicant):
2554 4355 2626 4408 ita
2660 4356 2694 4407 ii
2722 4357 2812 4425 qui
2837 4357 3207 4422 crediderunt,
3233 4375 3532 4429 congruen-

1943 4447 2025 4495 ter
2055 4451 2217 4496 certze
2275 4452 2329 4498 et
2359 4460 2389 4498 a
2422 4447 2707 4501 mendacio
2743 4448 2934 4502 alienae
2971 4450 3091 4518 ejus
3124 4450 3215 4519 qui
3253 4452 3544 4519 pollicitus-

1946 4533 2047 4587 fuit
2092 4536 2467 4603 promissioni.
2492 4540 2717 4592 omnino
2740 4540 2931 4596 adesse
2961 4543 3190 4610 gratiam
3219 4544 3285 4598 iis
3320 4544 3411 4612 qui
3444 4561 3531 4597 re-

1944 4634 2276 4693 generantur
2301 4644 2394 4696 per
2420 4630 2560 4684 hanc
2595 4632 2879 4701 mysticam
2922 4633 3407 4703 dispensationem,
3437 4648 3532 4691 aut

1874 4740 1920 4798 υ
1947 4717 2136 4784 gratiae
2170 4718 2408 4786 aliquam
2451 4720 2657 4773 faciunt
2686 4723 3090 4788 accessionem,
3121 4735 3212 4779 aut
3239 4736 3385 4780 certe
3412 4744 3533 4781 eam

1946 4822 2067 4875 quae
2092 4818 2175 4862 est
2202 4811 2425 4867 minime
2447 4821 2720 4867 avertunt.
2765 4813 2897 4867 Nam
2929 4818 3073 4885 quod
3105 4819 3328 4871 omnino
3363 4819 3528 4885 adsit,

1945 4913 2011 4952 ex
2064 4914 2130 4953 co
2174 4911 2406 4965 constat,
2447 4906 2593 4975 quod
2638 4905 2781 4961 Deus
2817 4908 2888 4960 sit
2933 4910 3024 4975 qui
3058 4911 3324 4977 promisit.
3362 4913 3532 4966 Caete-

1950 5005 2067 5042 rum
2118 4991 2469 5049 Divinitatem
2528 5012 2651 5051 esse
2686 4999 2949 5052 miracula
3005 5010 3296 5056 testantur.
3342 5005 3532 5073 Itaque

1946 5082 2077 5149 quin
2116 5083 2259 5139 Deus
2305 5086 2358 5139 in
2407 5090 2664 5142 omnibus
2696 5091 2856 5153 adsit,
2894 5092 3042 5145 nulla
3072 5105 3156 5149 est
3178 5096 3396 5149 occasio
3428 5096 3531 5151 du-

1948 5173 2182 5227 bitandi.

2480 5271 2708 5326 CAPUT
2779 5272 2997 5328 XXXV.

2020 5354 2327 5413 Descensus
2344 5367 2525 5414 autem
2550 5362 2605 5415 in
2632 5378 2850 5432 aquam,
2884 5372 2938 5419 et
2967 5366 3109 5435 quod
3144 5367 3197 5420 in
3224 5382 3341 5421 eam
3366 5368 3529 5423 homo

1949 5454 2031 5499 ter
2067 5446 2339 5505 demissus
2370 5451 2463 5516 sit,
2489 5452 2717 5507 alterum
2743 5456 2985 5511 continet
3017 5461 3357 5528 mysterium.
3394 5460 3527 5514 Nam

1946 5540 2205 5606 quoniam
2241 5542 2436 5597 modus
2485 5554 2690 5600 nostrae
2724 5548 2916 5602 salutis
2947 5549 3012 5603 ad
3041 5550 3289 5604 effectum
3311 5558 3363 5606 et
3390 5568 3527 5621 opus

1948 5648 2059 5688 non
2081 5636 2216 5691 adeo
2253 5646 2337 5692 est
2353 5639 2621 5696 deductus
2644 5659 2709 5697 ex
2737 5655 3012 5713 praeeunte
3046 5646 3320 5713 doctrina,
3354 5666 3527 5719 quan-

1950 5732 2065 5779 tum
2106 5742 2203 5796 per
2254 5744 2317 5783 ea
2360 5730 2477 5800 ipsa
2501 5749 2621 5803 quae
2644 5734 2888 5804 fecitqui
2944 5751 3069 5790 cum
3103 5738 3323 5794 homine
3355 5741 3527 5795 subiit

1952 5816 2289 5888 societatem,
2336 5829 2393 5876 ut
2420 5825 2511 5892 qui
2560 5824 2739 5894 reipsa
2783 5827 2947 5881 vitam
2987 5829 3057 5883 sit
3110 5838 3369 5900 operatus
3397 5873 3413 5895 ,
3466 5841 3525 5886 ut
