4066 6374
493 316 567 373 ετ
1770 319 1829 373 S.
1870 318 2196 375 GREGORII
2231 320 2529 378 NYSSENI
3691 321 3764 374 88

496 446 594 499 per
635 444 855 484 Carnem
910 446 1102 485 rursus
1156 441 1492 497 assumptam
1549 441 1601 486 et
1654 434 1815 487 simul
1851 432 2073 485 deifica-

2183 437 2379 505 γήσας,
2433 436 2518 488 ἵνα
2566 434 2651 488 διὰ
2694 435 2792 506 τῆς
2840 435 3243 506 ἀναληφθείσης
3297 435 3429 505 παρ’
3470 432 3635 487 αὑτοῦ
3665 434 3756 485 καὶ

497 532 607 573 tam
671 521 833 573 simul
883 521 1191 576 salvaretur
1239 523 1505 593 quidquid
1554 532 1638 578 est
1686 525 1733 578 ei
1782 532 2073 591 cognatum

497 617 550 663 et
593 623 791 679 genere
841 608 1199 678 conjunctnm
1246 630 1259 664 :
1322 613 1635 668 necessario
1686 612 2077 680 excogitandus

496 711 613 754 erat
660 701 857 769 aliquis
901 701 1119 769 modus,
1172 702 1226 756 in
1274 718 1384 772 quo
1424 703 1479 757 in
1512 705 1579 759 iis
1607 720 1727 773 quae
1770 705 1903 757 liunt
1931 711 2077 758 esset

497 793 752 862 cognatio
775 794 959 862 aliqua
989 794 1110 862 ejus
1139 794 1232 863 qui
1266 796 1514 864 sequitur
1535 810 1661 849 cum
1692 810 1757 849 eo
1799 796 1890 864 qui
1923 795 2077 864 prmit

498 898 560 935 ac
605 882 775 935 ducit.
824 880 1052 952 Oportet
1102 901 1231 955 ergo
1291 887 1473 941 videre
1516 889 1569 940 in
1619 887 1945 956 quibusnam
1993 895 2077 941 est

496 975 879 1031 consideratus
926 978 1021 1045 qui
1062 978 1170 1031 dux
1211 978 1312 1031 fuit
1344 987 1398 1032 et
1441 987 1633 1032 auctor
1668 987 1869 1032 nostra:
1918 980 2072 1033 vitae:

501 1076 580 1134 ut,
613 1069 757 1121 sicut
808 1068 943 1122 dicit
974 1070 1272 1138 Apostolus
1320 1072 1384 1135 “,
1418 1072 1806 1125 convenienter
1860 1071 1984 1124 duci
2025 1081 2078 1125 et

500 1160 710 1213 auctori
753 1168 956 1213 nostrae
1007 1161 1202 1215 salutis
1230 1162 1585 1229 sequentibus
1630 1170 1776 1215 recte
1816 1163 2077 1230 procedat

501 1250 757 1303 imitatio.
811 1250 929 1315 Quo
975 1250 1139 1304 modo
1188 1252 1354 1315 enim,
1387 1250 1478 1320 qui
1521 1249 1589 1304 ad
1627 1265 1973 1305 numerosam
2020 1257 2075 1304 et

496 1340 786 1393 militarem
823 1342 879 1393 in
933 1341 1102 1395 armis
1152 1343 1447 1395 motionem
1501 1340 1848 1405 erudiuntur,
1886 1340 1954 1394 ab
2006 1340 2074 1395 iis

495 1432 590 1501 qui
634 1433 952 1487 ordinanda:
981 1435 1115 1487 aciei
1152 1444 1279 1488 sunt
1312 1435 1493 1503 periti,
1535 1449 1629 1503 per
1669 1448 1732 1487 ea
1778 1447 1898 1503 qua:
1926 1433 2074 1503 aspi-

496 1529 671 1595 ciunt,
707 1527 1053 1582 deducuntur
1105 1528 1171 1581 ad
1217 1531 1321 1583 rite
1358 1527 1769 1581 tractandorum
1795 1542 2071 1581 armorum

495 1621 886 1690 experientiam
914 1638 930 1687 ;
965 1620 1054 1689 qui
1088 1629 1268 1674 autem
1302 1634 1411 1673 non
1448 1620 1558 1690 agit
1593 1619 1646 1673 id
1672 1618 1817 1689 quod
1841 1619 1889 1673 ei
1920 1619 2073 1688 prius

495 1712 819 1775 ostenditur,
847 1720 1091 1785 remanet
1115 1727 1310 1782 expers
1335 1712 1453 1780 ejus
1479 1711 1855 1781 experientiae:
1883 1712 2071 1764 eodem

2181 524 2687 595 συναποθεωθείσης
2751 525 2951 596 σαρκὸς
3018 524 3162 579 ἅπαν
3217 523 3647 593 σννδιασωθῆναι
3699 524 3758 575 τὸ

2180 617 2437 685 συγγενὲς
2464 617 2600 688 αὐτῇ
2629 618 2720 670 καὶ
2762 617 3030 687 ὁμόφυλον
3052 657 3067 681 ,
3115 618 3409 685 ἀναγκαῖον
3443 612 3511 686 ἦν
3538 618 3755 685 ἐπινοη-

2180 708 2337 778 θῆναί
2361 726 2482 761 τινα
2506 710 2748 780 τρόπον,
2795 712 2853 763 ἐν
2890 706 2934 779 ᾧ
2979 728 3063 774 τις
3106 706 3174 780 ἦν
3224 709 3511 777 συγγένειά
3557 726 3616 761 τε
3673 708 3762 760 καὶ

2182 798 2435 867 ὁμοιότης
2457 800 2514 850 ἐν
2536 801 2647 860 τοῖς
2671 799 2975 870 γινομένοις
3037 800 3189 870 παρά
3208 798 3300 851 τοῦ
3330 800 3595 868 ἑπομένου
3628 797 3762 866 πρὸς

2182 890 2276 943 τὸν
2305 889 2625 960 ἡγούμενον.
2656 891 2775 963 Χρὴ
2802 892 2979 945 τοίνυν
3014 891 3142 945 ἰδεῖν
3170 894 3227 943 ἐν
3257 890 3395 943 τίσιν
3425 893 3453 942 6
3484 891 3584 959 τῆς
3618 888 3764 957 ζωῆς

2184 980 2339 1051 ἡμῶν
2372 982 2826 1053 καθηγησάμενος
2854 981 3136 1054 ἐθεωρήθη
3162 997 3174 1009 ·
3200 983 3309 1045 ἵνα,
3328 978 3509 1042 καθώς
3539 996 3702 1049 φησιν
3736 980 3765 1029 6

2200 1072 2546 1137 Ἀπόστολος,
2573 1073 2712 1127 κατά
2744 1073 2834 1126 τὸν
2876 1073 3116 1143 ἀρχηγὸν
3161 1071 3258 1141 τῆς
3308 1070 3576 1141 σωτηρίας
3606 1070 3765 1140 ἡμῶν

2186 1165 2505 1237 κατορθωθῇ
2542 1169 2651 1230 τοῖς
2695 1166 2982 1236 ἑπομένοις
3030 1167 3063 1236 ἡ
3116 1162 3365 1235 μίμησις.
3400 1163 3609 1233 Ὠσπερ
3656 1162 3769 1232 γὰρ

2187 1255 2339 1327 παρὰ
2374 1256 2480 1310 τῶν
2502 1257 2947 1327 πεπαιδευμένων
2971 1254 3041 1308 τὰ
3068 1252 3302 1306 τακτικά
3331 1252 3467 1323 πρὸς
3493 1251 3589 1321 τὴν
3613 1250 3766 1304 ὁπλι-

2185 1347 2343 1419 τικὴν
2375 1348 2667 1418 ἐμπειρίαν
2694 1347 3006 1414 ἀνάγονται,
3035 1344 3102 1397 δι’
3135 1336 3208 1396 ὧν
3242 1342 3526 1413 βλέπουσιν
3552 1342 3601 1393 οἱ
3628 1339 3767 1410 πρὸς

2185 1442 2283 1511 τὴν
2307 1439 2580 1512 εὔρυθμόν
2610 1456 2667 1492 τε
2698 1440 2793 1493 καὶ
2830 1438 3075 1492 ἐνόπλιον
3107 1437 3322 1506 κίνησιν
3362 1432 3763 1502 παιδευόμενοι.

2196 1533 2254 1586 Ὀ
2287 1532 2344 1585 δὲ
2376 1533 2452 1603 μὴ
2488 1532 2744 1604 πράττων
2771 1530 2832 1584 τό
2859 1528 3332 1601 προδεικνύμενον,
3370 1525 3637 1595 ἀμέτοχος
3666 1524 3768 1592 τῆς

2181 1625 2439 1696 τοιαύτης
2469 1624 2763 1696 ἐμπειρίας
2804 1623 2972 1694 μένει.
3010 1620 3169 1675 Κατά
3224 1620 3315 1674 τὸν
3362 1617 3522 1670 αὑτὸν
3562 1617 3771 1687 τρόπον

2185 1717 2262 1788 τῷ
2303 1717 2438 1788 πρὸς
2482 1716 2579 1787 τὴν
2634 1718 2906 1787 σωτήριαν
2955 1713 3110 1784 ἡμῶν
3160 1710 3510 1781 ἐξηγουμένῳ
3550 1709 3768 1769 πάντως

496 1802 659 1856 modo
707 1818 938 1857 necesse
970 1812 1076 1866 est,
1128 1813 1186 1856 ut
1226 1804 1429 1872 quibus
1480 1803 1721 1857 studium
1757 1819 1856 1873 par
1884 1810 1969 1857 est
2001 1801 2069 1855 ad

2183 1806 2255 1874 οἷς
2289 1811 2376 1880 ἴση
2419 1810 2558 1879 πρὸς
2586 1810 2646 1863 τὸ
2676 1809 2878 1877 ἀγαθόν
2920 1808 3066 1859 ἐστιν
3096 1807 3129 1875 ἡ
3175 1802 3407 1873 σπουδὴ,
3434 1799 3635 1872 ὁμοίως
3665 1801 3765 1851 ἐπ·-

495 1895 722 1961 bonum,
746 1896 970 1949 omnino
993 1896 1249 1949 similiter
1270 1905 1571 1964 sequantur
1594 1911 1688 1965 per
1716 1895 2077 1949 imitationem

494 2001 620 2039 eum
671 1987 764 2055 qui
818 2002 917 2041 nos
960 1986 1114 2040 ducit
1174 1990 1241 2040 ad
1294 1988 1549 2050 salutem,
1607 1985 1675 2038 ad
1724 2001 1863 2055 Opus
1903 1986 2078 2041 dedu-

495 2076 671 2131 cendo
720 2078 771 2131 id
831 2076 981 2148 quod
1026 2078 1179 2147 prius
1216 2078 1283 2132 ab
1317 2094 1381 2133 eo
1430 2078 1531 2133 fuit
1580 2086 1893 2135 ostensum.
1957 2076 2077 2131 Non

494 2174 678 2238 potest
726 2167 870 2224 enim
917 2169 1035 2224 ﬁeri
1080 2178 1141 2224 ut
1189 2170 1257 2224 ad
1301 2186 1489 2241 parem
1522 2170 1683 2225 ﬁnem
1730 2171 2075 2241 perveniant,

493 2260 589 2328 qui
632 2275 741 2314 non
781 2276 875 2330 per
904 2262 1046 2315 viam
1082 2262 1319 2318 similem
1347 2273 1475 2319 sunt
1505 2264 1762 2334 ingressi.
1793 2263 2078 2330 Quomodo

492 2350 638 2403 enim
679 2351 775 2420 qui
819 2352 1116 2423 labyrinthi
1154 2369 1370 2408 errores
1403 2370 1513 2409 non
1555 2365 1790 2425 possunt
1842 2356 1952 2409 ulla
1984 2372 2076 2408 ra-

493 2441 641 2495 tione
678 2443 911 2498 evadere
936 2488 950 2510 ,
986 2444 1031 2498 si
1063 2446 1118 2498 in
1153 2445 1392 2516 aliquem
1425 2447 1731 2502 inciderint
1764 2448 1857 2518 qui
1885 2464 2073 2501 eorum

492 2532 566 2585 sit
592 2535 831 2602 peritus,
863 2550 988 2589 eum
1035 2552 1177 2606 pone
1205 2546 1522 2609 sequentes,
1555 2541 1740 2596 varios
1768 2550 1822 2594 et
1854 2538 2079 2595 fallaces

494 2623 783 2679 domorum
827 2625 1006 2682 ﬂexus
1040 2628 1438 2700 anfractusque
1472 2640 1776 2700 permeant,
1807 2646 1918 2685 non
1954 2646 2081 2700 per-

497 2718 729 2771 meaturi
775 2718 882 2773 nisi
932 2719 1054 2789 ejus
1101 2720 1194 2790 qui
1230 2722 1512 2791 praecedit,
1547 2723 1869 2777 insisterent
1901 2723 2073 2778 vesti-

468 2808 636 2876 .giis:
666 2809 741 2861 ita
772 2810 940 2863 etiam
960 2810 1094 2864 mihi
1122 2813 1301 2881 cogita
1330 2812 1495 2881 hujus
1522 2814 1646 2867 vita
1669 2814 2075 2885 labyrinthum,

494 2916 657 2971 quem
691 2902 933 2956 humana
958 2915 1157 2959 natura
1191 2906 1417 2961 minime
1451 2914 1637 2976 potest
1669 2908 1930 2970 transire,
1970 2908 2075 2962 nisi

494 2995 770 3065 quispiam
818 2997 1065 3051 eamdem
1110 3000 1257 3052 viam
1309 3007 1516 3062 teneat,
1564 3014 1662 3068 per
1701 3016 1865 3069 quam
1897 3000 1992 3069 qui
2023 3003 2079 3054 in

495 3104 560 3141 eo
601 3088 726 3153 fuit,
757 3106 1019 3159 egressus
1054 3100 1138 3146 est
1171 3093 1461 3146 ambitum.
1490 3091 1726 3162 Tr0pice
1752 3104 1931 3147 autem
1955 3093 2080 3147 dico

2183 1902 2418 1970 ἀναγκες
2450 1901 2540 1955 διὰ
2571 1902 2857 1972 μιμήσεως
2891 1897 3142 1961 ἕπεσθαι,
3170 1895 3230 1949 τὸ
3269 1896 3398 1966 παρ’
3433 1891 3597 1947 αὑτοῦ
3628 1907 3768 1963 προ-

2180 1991 2389 2061 δειχθέν
2434 1993 2513 2054 είς
2555 1990 2714 2061 ἔργον
2744 1988 3068 2057 ἀγαγόντας.
3112 1988 3186 2040 Οὐ
3234 1984 3345 2059 γὰρ
3387 1984 3498 2038 ἐστι
3530 1982 3666 2054 πρὸς
3705 1982 3771 2034 τὸ

2180 2080 2295 2137 ἴσον
2326 2084 2650 2155 καταρτίσαι
2690 2082 2892 2151 πέρας,
2929 2080 3003 2152 μὴ
3031 2079 3121 2133 διὰ
3148 2079 3257 2131 τῶν
3288 2077 3489 2147 ὁμοίων
3512 2074 3769 2128 ὁδεύσαν-

2180 2194 2297 2239 τας.
2330 2176 2597 2248 Καθάπερ
2638 2175 2746 2246 γάρ
2803 2177 2851 2228 οἱ
2892 2174 2991 2237 τὰς
3034 2173 3142 2225 τῶν
3194 2169 3530 2241 λαϐυρίνθων
3559 2168 3769 2230 πλάνας

2180 2268 2466 2333 διεξελθεῖν
2504 2266 2914 2340 ἀμηχανοῦντες
2938 2306 2952 2329 ,
2990 2266 3042 2318 εἴ
3065 2280 3209 2326 τινος
3241 2260 3520 2332 ἐμπείρως
3553 2258 3768 2328 ἔχοντος

2181 2358 2489 2429 ἐπιτύχοιεν
2516 2400 2530 2423 ,
2564 2358 2791 2410 κατόπιν
2830 2355 3084 2425 ἑπόμενοι
3131 2353 3228 2415 τὰς
3276 2350 3526 2413 ποικίλας
3562 2366 3622 2401 τε
3670 2348 3770 2400 καὶ

2182 2451 2470 2521 ἀπατηλὰς
2506 2449 2614 2503 τῶν
2648 2448 2811 2502 οἴκων
2844 2444 3188 2517 ἀναστροφὰς
3224 2444 3625 2514 διεξέρχονται,
3664 2442 3772 2493 οὐκ

2181 2538 2245 2593 ἂν
2276 2539 2665 2605 διεξελθόντες,
2708 2539 2755 2590 εἰ
2785 2538 2860 2607 μὴ
2908 2535 3027 2589 κατ’
3062 2536 3205 2604 ἴχνος
3245 2533 3500 2603 ἑπόμενοι
3530 2530 3607 2601 τῷ
3638 2546 3769 2599 ’προ⁹

2182 2632 2390 2699 ἁγοντι’
2433 2626 2576 2682 οὕτω
2590 2647 2679 2698 μοι
2707 2629 2899 2697 νόησον
2931 2627 3025 2678 καὶ
3051 2625 3141 2677 τὸν
3170 2624 3263 2677 τοῦ
3302 2623 3416 2693 βίου
3448 2621 3638 2675 τούτου
3669 2619 3767 2671 λα·-

2183 2723 2432 2795 6ύρινθον
2462 2722 2795 2792 ἀδιεξίτητον
2836 2717 2976 2773 εἶναι
3020 2722 3085 2789 τῇ
3132 2715 3452 2788 ἀνθρωπίνῃ
3491 2713 3685 2783 φύσει,
3715 2714 3769 2764 εἰ

2185 2821 2259 2890 μή
2293 2834 2378 2880 τις
2418 2817 2517 2886 τῆς
2551 2814 2722 2883 αὐτῆς
2768 2811 2887 2865 ὀδοῦ
2928 2811 3145 2865 λάϐοιτο
3170 2853 3183 2874 ,
3232 2808 3297 2861 δι’
3336 2801 3405 2878 ἦς
3441 2809 3468 2859 6
3507 2807 3564 2859 ἐν
3614 2802 3768 2873 αὑτῷ

2181 2910 2471 2980 γενόμενος
2495 2906 2598 2971 ἔξω
2632 2905 2871 2975 κατέστη
2902 2903 2997 2955 τοῦ
3030 2902 3398 2973 περιέχοντος.
3429 2896 3771 2968 Λαϐύρινθον

2183 2998 2241 3050 δέ
2271 3015 2411 3068 φημι
2440 2994 2751 3067 τροπικῶς,
2787 2994 2883 3064 τὴν
2917 2991 3183 3056 ἀδιέξοδον
3221 2990 3314 3043 τοῦ
3361 2988 3589 3042 θανάτου
3637 2986 3771 3055 φθο-

2190 3093 2287 3164 ρὰν
2311 3132 2326 3151 ,
2417 3090 2478 3142 τὸ
2505 3088 2733 3142 δείλαιον
2761 3086 2855 3139 τοῦ
2900 3084 3185 3156 ἀνθρώπου
3222 3082 3377 3151 γένος
3409 3078 3766 3152 περιεσχέθη.

498 3181 891 3251 labyrinthum,
932 3184 1026 3252 qui
1064 3184 1389 3252 pertransiri
1422 3200 1533 3239 non
1573 3193 1775 3255 potest,
1808 3185 1933 3239 vita!
1959 3199 2075 3239 car-

2183 3154 2247 3239 ’Ϊί
2274 3154 2522 3253 οὗνηπερὶ
2550 3182 2642 3234 τὸν
2676 3179 2917 3252 ἀρχηγὸν
2953 3154 3049 3249 τῆς
3080 3176 3351 3246 σωτηρίας
3380 3170 3761 3243 ἐθεασάμεθας

495 3288 699 3337 cerein,
737 3273 792 3327 in
844 3290 954 3344 quo
985 3275 1265 3329 detentum
1305 3276 1407 3330 fuit
1447 3275 1637 3331 infelix
1678 3293 1852 3347 genus
1890 3278 2083 3329 huma-

2183 3279 2477 3349 τριήμερον
2507 3275 2770 3346 νέκρωσιν
2797 3312 2815 3337 ,
2837 3273 2931 3326 καὶ
2961 3271 3118 3325 πάλιν
3147 3269 3311 3339 ζωήν.
3340 3265 3546 3321 Ούκοῦν
3574 3266 3679 3335 χρή
3709 3282 3771 3317 τι

497 3380 649 3417 num.
700 3364 841 3430 Quid
897 3382 1029 3436 ergo
1078 3368 1396 3436 aspeximus
1452 3369 1511 3423 in
1565 3368 1707 3425 duce
1744 3378 1799 3423 et
1854 3378 2075 3423 auctore

2183 3369 2419 3423 τοιοῦτον
2453 3368 2547 3420 καλ¹
2591 3368 2649 3419 ἐν
2688 3367 2819 3436 ἡμῖν
2856 3362 3207 3433 ἐπινοηθῆναι
3238 3361 3508 3429 ὁμοίωμα.
3544 3357 3639 3421 Τίς
3668 3351 3764 3409 οὖν

496 3466 701 3511 nostra:
778 3459 1009 3513 salutis?
1072 3459 1412 3514 Triduanam
1475 3471 1707 3516 mortem
1779 3472 1833 3516 et
1885 3477 2079 3516 rursus

496 3551 685 3603 vitam.
733 3550 966 3619 Oportet
1009 3567 1140 3621 ergo
1188 3553 1242 3607 in
1304 3554 1467 3609 nobis
1510 3569 1733 3625 quoque
1766 3555 1929 3610 talem
1984 3570 2080 3609 ex-

494 3642 723 3712 cogitari
772 3642 1213 3699 similitudinem.
1267 3644 1538 3712 Quidnam
1577 3654 1662 3701 est
1691 3663 1822 3715 ergo
1852 3646 2075 3717 excogi-

496 3744 696 3801 tatum,
740 3750 839 3806 per
883 3737 1031 3806 quod
1075 3738 1242 3792 etiam
1289 3740 1344 3794 in
1377 3739 1536 3795 nobis
1567 3740 1688 3809 ejus
1718 3740 1864 3809 quod
1909 3740 1979 3794 ab
2012 3755 2079 3794 eo

495 3827 702 3881 factum
747 3835 831 3881 est
861 3827 1122 3897 impletur
1161 3830 1431 3885 imitatio?
1457 3831 1739 3901 Quidquid
1779 3841 1865 3888 est
1899 3842 2079 3889 morte

495 3919 772 3987 affectum,
823 3922 1115 3992 quemdam
1160 3925 1444 3993 proprium
1485 3924 1647 3978 habet
1687 3925 1865 3978 locum
1897 3936 1951 3981 et
1992 3941 2077 3981 se-

494 4012 737 4065 cundum
775 4027 1069 4080 naturam,
1115 4031 1315 4085 nempe
1364 4024 1564 4071 terram
1613 4016 1669 4072 in
1712 4033 1880 4088 quam
1915 4020 2077 4073 incli-

494 4109 681 4164 natur,
720 4108 774 4156 et
815 4102 871 4155 in
919 4118 1028 4171 qua
1079 4102 1361 4157 conditur.
1402 4102 1652 4173 Magnam
1708 4112 1889 4159 autem
1935 4105 2078 4160 inter

495 4209 555 4247 se
599 4193 802 4247 habent
853 4194 1236 4263 cognationem
1285 4204 1433 4248 terra
1478 4204 1531 4249 et
1591 4212 1753 4265 aqua,
1799 4212 1919 4266 qua:
1960 4198 2075 4252 sola

493 4303 563 4341 ex
606 4285 895 4341 elementis
948 4294 1078 4341 sunt
1130 4288 1337 4357 gravia,
1382 4296 1438 4341 et
1489 4288 1745 4343 feruntur
1791 4292 2075 4356 deorsum,

494 4387 549 4430 et
586 4387 805 4431 manent
845 4378 900 4430 in
946 4393 1005 4432 se
1039 4378 1298 4442 invicem,
1348 4387 1403 4433 et
1432 4396 1528 4449 per
1558 4397 1617 4435 se
1668 4382 1902 4436 invicem
1936 4398 2073 4436 con—

2183 3465 2331 3515 ἐστιν
2361 3462 2394 3531 ἡ
2440 3459 2686 3519 ἐπίνοια,
2736 3457 2803 3510 δι’
2846 3452 2913 3529 ἦς
2947 3456 3041 3509 καὶ
3091 3456 3148 3507 ἐν
3179 3456 3312 3525 ἡμῖν
3340 3450 3637 3521 πληροῦται
3666 3446 3767 3502 τοῦ

2183 3558 2312 3626 παρ’
2351 3556 2559 3607 ἐκείνου
2586 3553 2869 3621 γεγονότος
2906 3554 2937 3621 ἡ
2983 3550 3215 3621 μίμησις
3241 3566 3259 3615 ;
3286 3548 3431 3602 ἆπαν
3462 3547 3522 3599 τὸ
3550 3561 3760 3615 νεκρω-

2182 3646 2273 3701 θέν
2300 3648 2500 3701 οἰκεῖόν
2529 3664 2648 3700 τινα
2679 3647 2773 3698 καὶ
2802 3644 2942 3698 κατά
2970 3643 3141 3713 φύσιν
3159 3642 3270 3713 ἔχει
3298 3641 3474 3710 χῶρον
3494 3680 3508 3703 ,
3534 3640 3630 3708 τὴν
3656 3638 3770 3705 γῆν

2181 3744 2239 3796 ἐν
2348 3742 2586 3794 κλίνεται
2632 3740 2728 3792 καὶ
2774 3736 3239 3807 κατακρύπτεται.
3287 3731 3494 3801 Πολλὴν
3537 3730 3594 3784 δὲ
3624 3729 3766 3798 πρὸς

2179 3835 2383 3907 ἄλληλα
2426 3835 2524 3906 τὴν
2569 3832 2888 3901 συγγένειαν
2932 3829 3043 3901 ἔχει
3073 3830 3142 3899 γῆ
3168 3844 3227 3879 τε
3266 3826 3361 3879 καὶ
3395 3824 3563 3893 ὕδωρ,
3586 3820 3770 3887 ’μόνα

2178 3931 2288 3982 τῶν
2319 3928 2596 3998 στοιχείων
2624 3925 2795 3997 βαρέα
2825 3941 2884 3977 τε
2914 3923 3064 3986 ὄντα,
3095 3921 3190 3973 καὶ
3218 3917 3511 3988 κατωφερῆ
3532 3957 3548 3981 ,
3576 3914 3665 3967 καὶ
3702 3913 3766 3965 ἐν

2178 4021 2430 4092 ἀλλήλοις
2484 4019 2717 4089 μένοντα
2740 4058 2755 4082 ,
2816 4016 2910 4069 καὶ
2973 4009 3040 4066 δι’
3089 4011 3331 4081 ἀλλήλων
3390 4006 3762 4079 κρατούμενα.

2191 4107 2465 4166 Ἐπεὶιοῦν
2499 4109 2593 4163 τοῦ
2630 4107 3041 4176 καθηγουμένου
3082 4108 3180 4175 τῆς
3220 4103 3363 4172 ζωῆς
3393 4100 3549 4171 ἡμῶν
3598 4101 3628 4150 6
3664 4097 3767 4150 θά-

2179 4223 2336 4267 νατος
2376 4203 2629 4271 ὑπόγειος
2649 4244 2664 4267 ,
2696 4202 2791 4255 καὶ
2819 4200 2961 4254 κατά
2999 4197 3097 4269 τὴν
3137 4197 3322 4266 κοινὴν
3361 4194 3542 4263 γέγονε
3573 4192 3767 4261 φύσιν,

2175 4299 2207 4365 ἡ
2261 4295 2354 4349 τοῦ
2387 4294 2617 4347 θανάτου
2670 4293 2964 4363 μίμησιςή
3015 4290 3144 4360 παρ’
3184 4289 3342 4359 ἡμῶν
3390 4286 3665 4354 γινομένη,
3700 4286 3769 4336 ἐν

2176 4386 2253 4456 τῷ
2283 4386 2482 4454 γείτονι
2510 4383 2887 4438 ἀποτυποῦται
2923 4382 3191 4453 στοιχείῳ.
3227 4380 3337 4433 Καὶ
3368 4378 3442 4440 ὡς
3479 4380 3684 4437 ἐκεῖνος
3736 4379 3767 4428 6

496 4468 761 4523 tinentur.
814 4468 1087 4535 Quoniam
1147 4485 1279 4541 ergo
1338 4471 1497 4527 ducis
1544 4480 1597 4526 et
1657 4476 1902 4529 auctoris
1948 4475 2075 4530 vita:

2183 4480 2390 4534 ἀνωθεν
2426 4478 2751 4548 ἅνθρωπος,
2800 4473 3082 4529 ἀναλαϐὼν
3136 4474 3235 4541 τὴν
3284 4471 3582 4541 νεκρότητα
3623 4468 3768 4537 μετὰ

495 4568 699 4614 nostrae
738 4577 886 4616 mors
935 4561 1040 4614 fuit
1096 4563 1198 4616 sub
1251 4572 1417 4625 terra,
1476 4573 1530 4619 et
1580 4566 1883 4621 secundum
1926 4582 2078 4621 com-

495 4670 718 4707 munem
756 4664 1007 4708 naturam
1046 4674 1060 4709 :
1090 4672 1211 4723 quae
1240 4657 1298 4710 lit
1332 4673 1362 4709 a
1398 4658 1558 4713 nobis
1587 4659 1784 4715 mortis
1814 4659 2073 4722 imitatio,

495 4746 549 4799 in
604 4748 917 4817 propinquo
961 4749 1292 4817 exprimitur
1345 4750 1638 4804 elemento.
1687 4751 1755 4805 Et
1796 4751 1943 4805 sicut
1985 4751 2075 4805 ille

493 4838 740 4893 caelestis
791 4838 955 4892 homo
1020 4853 1146 4892 cum
1214 4841 1602 4895 mortalitatem
1654 4843 2069 4911 assumpsisset,

492 4940 785 5000 postquam
822 4932 927 4986 sub
955 4940 1102 4986 terra
1153 4931 1349 4987 fuisset
1381 4933 1616 5003 positus,
1668 4935 1828 4989 tertio
1855 4934 1945 4990 die
1983 4951 2073 4989 re-

493 5039 688 5078 versus
725 5030 809 5077 est
866 5023 930 5075 ad
994 5025 1162 5077 vitam
1218 5043 1231 5079 :
1287 5025 1360 5080 ita
1414 5027 1579 5081 etiam
1621 5029 1716 5097 qui
1771 5030 2073 5084 secundum

491 5126 747 5172 naturam
784 5117 1035 5187 corporis
1062 5126 1147 5171 est
1171 5119 1249 5171 illi
1273 5119 1627 5187 eonjunctus,
1653 5121 1721 5175 ad
1756 5121 1899 5175 idem
1928 5122 2074 5191 quod

2181 4573 2278 4642 τὴν
2327 4571 2579 4638 ὑπόγειον
2629 4568 2812 4629 θέσιν,
2862 4569 3103 4637 τριταῖος
3140 4565 3233 4618 ἐπὶ
3274 4563 3372 4632 τὴν
3406 4560 3550 4633 ζωὴν
3597 4561 3773 4613 πάλιν

2182 4664 2511 4734 ἀνέδραμεν·
2540 4661 2682 4714 οὕτω
2733 4662 2840 4723 πᾶς
2887 4662 2916 4711 6
2948 4656 3289 4727 συνημμένος
3336 4656 3477 4707 κατὰ
3525 4654 3621 4724 τὴν
3664 4652 3762 4705 τοῦ

2182 4755 2433 4824 σώματος
2488 4752 2648 4821 φύσιν
2698 4750 2921 4821 ἐκείνῳ,
2982 4749 3117 4816 πρὸς
3160 4747 3385 4801 τὸμύτὸ
3428 4744 3769 4814 κατόρθωμα.

2181 4846 2394 4915 βλέπων
2415 4886 2430 4911 ,
2455 4845 2517 4897 τὸ
2548 4841 2691 4897 κατά
2743 4842 2843 4912 τὴν
2891 4840 3035 4911 ζωὴν
3066 4839 3209 4907 λέγω
3257 4839 3462 4908 πέρας,
3498 4836 3618 4889 ἀντὶ
3655 4838 3765 4903 γῆς

2181 4938 2242 4990 τὸ
2279 4937 2424 5007 ὕδωρ
2466 4934 2825 5005 ἐπιχεάμενος
2848 4974 2863 4997 ,
2896 4932 2990 4984 καὶ
3032 4931 3231 4993 ὑποδὺς
3277 4928 3337 4981 τὸ
3377 4929 3672 4996 στοιχεῖον,
3699 4927 3764 4977 ἐν

2183 5030 2331 5099 τρισὶ
2363 5027 2633 5097 περιόδοις
2657 5025 2756 5095 τὴν
2777 5026 3074 5095 τριήμερον
3105 5023 3202 5092 τῆς
3224 5020 3569 5081 ἀναστάσεως
3600 5018 3765 5088 χάριν

2182 5120 2591 5189 ἀπεμιμήσατο.

493 5217 561 5269 ab
592 5216 713 5284 ipso
743 5222 893 5269 recte
928 5226 1140 5284 gestum
1163 5216 1513 5279 estintuens,
1557 5218 1624 5272 ad
1644 5219 1787 5285 vitae,
1825 5220 2069 5289 inquam,
2112 5217 2294 5281 ﬁnem,
2340 5232 2439 5286 pro
2492 5224 2635 5269 terra
2685 5227 2827 5282 aqua
2856 5212 2904 5267 ei
2933 5211 3138 5271 infusa.
3210 5210 3439 5266 subiens
3515 5208 3765 5262 elemen-

491 5319 628 5371 tum,
675 5307 729 5360 in
782 5308 960 5362 tribus
1001 5310 1298 5365 ambitibus
1330 5310 1580 5367 imitatus
1624 5320 1711 5367 est
1758 5312 2070 5367 triduanam
2112 5312 2343 5383 gratiam
2386 5306 2835 5364 resurrectionis.

565 5397 782 5450 Dictum
812 5405 897 5451 est
917 5398 1084 5452 etiam
1113 5400 1222 5455 tale
1262 5402 1392 5470 quid
1426 5404 1477 5456 in
1507 5404 1574 5457 iis
1602 5419 1725 5472 qua:
1765 5419 2068 5473 praecesse—

490 5496 641 5551 runt,
661 5504 858 5557 nempe
875 5489 1045 5558 quod,
1075 5492 1329 5560 prudenti
1356 5496 1592 5551 consilio
1611 5497 2071 5567 dispensationis.

490 5594 523 5632 a
556 5579 739 5635 divina
772 5580 1114 5648 providentia
1168 5584 1271 5639 fuit
1294 5586 1590 5658 importata
1632 5605 1789 5646 mors
1813 5590 2071 5645 humana:

601 5754 645 5787 ει
688 5755 849 5811 Hebr.
882 5771 986 5821 xu,
1012 5756 1068 5811 ‘2.

2253 5403 2482 5472 Εἴρηται
2512 5399 2568 5452 δέ
2596 5397 2834 5450 τοιοῦτον
2862 5395 2958 5450 καὶ
2989 5397 3047 5448 ἐν
3072 5398 3183 5458 τοῖς
3214 5392 3504 5463 φθάσασιν,
3527 5391 3607 5443 ὅτι
3640 5390 3786 5442 κατν

2179 5493 2488 5563 οἰκονομίαν
2504 5492 2738 5560 ἐπῆκται
2752 5492 2818 5559 τῇ
2833 5486 3149 5559 ἀνθρωπίνῃ
3168 5486 3325 5553 φύσει
3338 5483 3488 5554 τιαρά
3500 5484 3596 5553 τῆς
3611 5481 3765 5543 θείας

2180 5585 2435 5658 προνοίας
2476 5586 2504 5635 6
2542 5582 2807 5645 θάνατος*
2848 5579 2922 5643 ὡς
2966 5580 3065 5651 τῆς
3110 5578 3307 5641 κακίας
3339 5579 3396 5629 ἐν
3420 5577 3487 5645 τῇ
3520 5572 3765 5628 διαλύσει
