4066 6374
296 380 366 437 89
1499 387 1757 445 ORATIO
1790 387 2299 450 CATECIIETICA.
3507 395 3579 451 ειη

297 498 395 552 τοῦ
425 498 677 569 σώματος
698 502 791 554 καὶ
816 502 913 572 τῆς
936 502 1442 575 ψυχῆςέκρυείσης,
1481 507 1642 559 πάλιν
1666 508 1754 560 διὰ
1785 511 1877 579 τῆς

1988 519 2226 574 natum,
2273 520 2331 564 ut
2361 526 2485 565 cum
2509 509 2814 565 efﬂuxisset
2840 510 3057 572 vitium,
3120 526 3172 563 ιιι
3207 510 3575 566 dissoluti-mn

300 589 651 653 ἀναστάσεως
708 591 866 657 σῶον,
928 594 1025 646 καὶ
1072 594 1280 664 ἀπαθῆ,
1328 596 1421 647 καὶ
1481 596 1762 667 ἀκέραιον,
1797 598 1893 649 καὶ

301 681 485 752 πάσης
507 682 606 751 τῆς
628 685 767 737 κατά
787 686 985 739 κακίαν
1018 686 1299 756 ἐπιμιξίας
1333 687 1611 759 ἀλλότριον
1641 691 1893 743 ἀναστοι-

298 772 597 843 χειωθῆναι
624 774 715 827 τὸν
744 774 1047 846 ἄνθρωπον.
1099 778 1237 831 Ἀλλ’
1266 778 1359 829 ἐπὶ
1384 779 1480 847 μὲν
1509 779 1601 831 τοῦ
1627 779 1893 849 καθηγου-

302 863 466 934 μένου
532 868 633 935 τῆς
689 868 961 938 σωτηρίας
1010 867 1192 939 ἡμῶν,
1228 869 1290 921 τὸ
1336 869 1540 922 τέλειον
1574 871 1771 940 ἡκατά
1800 871 1891 924 τὸν

298 955 532 1011 θάνατον
551 957 707 1027 ἔσχεν
737 960 1039 1030 οἰκονομία,
1068 961 1210 1013 κατά
1238 961 1331 1013 τὸν
1364 960 1492 1014 ἴδιον
1523 963 1724 1015 σκοπὸν
1747 964 1892 1015 ὲντε·

296 1047 404 1112 λῶς
421 1048 794 1119 πληρωθεῖσα.
821 1053 1083 1123 Διεστάλη
1111 1071 1172 1106 τε
1188 1054 1295 1124 γὰρ
1329 1053 1419 1106 διὰ
1445 1054 1539 1106 τοῦ
1565 1054 1795 1107 θανάτου
1823 1055 1892 1108 τὰ

296 1141 555 1210 ἡνωμένα
576 1158 589 1170 ⁸
624 1144 718 1195 καὶ
768 1144 930 1197 πάλιν
978 1146 1218 1215 συνήχθη
1259 1147 1327 1200 τὰ
1354 1146 1747 1217 διακεκριμένα
1769 1163 1780 1175 ⁸
1813 1147 1889 1209 ὡς

297 1230 365 1282 ἂν
395 1231 763 1303 καθαρθείσης
781 1234 881 1304 τῆς
904 1233 1119 1303 φύσεως
1150 1237 1209 1289 ὲν
1240 1239 1306 1308 τῇ
1338 1237 1446 1289 τῶν
1481 1236 1743 1307 συμφυῶν
1771 1237 1887 1289 δια-

298 1320 470 1385 λύσει,
505 1323 682 1393 ψυχῆς
708 1341 765 1377 τε
796 1324 939 1393 λέγω
966 1328 1059 1380 καὶ
1092 1328 1366 1397 σώματος,
1396 1329 1558 1381 πάλιν
1587 1331 1620 1400 ἡ
1650 1330 1757 1381 τῶν
1796 1345 1874 1381 κε-

298 1416 653 1486 χωρισμένων
683 1417 939 1481 ἐπάνοδος
957 1418 1055 1487 τῆς
1069 1419 1353 1491 ἀλλοτρίας
1380 1421 1659 1492 ἐπιμιξίας
1676 1421 1889 1489 γένοιτο

298 1505 701 1577 καθαρεύουσα.
756 1508 877 1560 Ἐπὶ
900 1508 957 1559 δὲ
985 1511 1093 1561 τῶν
1136 1510 1573 1565 ἀκολουθούντων
1606 1512 1683 1583 τῷ
1717 1512 1888 1583 καθη-

297 1599 572 1669 γουμένῳ,
600 1600 660 1652 οὐ
709 1603 879 1671 χωρεῖ
916 1602 1014 1671 τὴν
1066 1604 1269 1674 ἀκριϐῆ
1311 1606 1542 1675 μίμησιν
1582 1606 1651 1659 δι’
1681 1606 1816 1659 ὅλων
1850 1609 1883 1677 ἠ

297 1686 459 1754 φύσις
485 1704 498 1718 ·
523 1689 641 1742 ἀλλ’
676 1691 799 1743 ὅσον
826 1691 1067 1755 δυνατῶς
1123 1694 1255 1764 ἔχει,
1287 1695 1541 1749 τοσοῦτον
1571 1695 1665 1749 νῦν
1706 1714 1885 1768 παρα-

296 1780 589 1852 δεξαμένη,
640 1782 702 1835 τὸ
744 1783 928 1836 λεῖπον
966 1787 1025 1838 ἐν
1066 1785 1145 1856 τῷ
1175 1787 1314 1856 μετά
1344 1786 1518 1840 ταῦτα
1563 1788 1883 1859 ταμιεύεται

297 1872 493 1942 χρόνῳ.
531 1873 598 1926 Τί
626 1870 719 1928 οὖν
743 1876 887 1929 ἐστιν
915 1875 943 1928 δ
976 1879 1256 1947 μιμεῖται;
1289 1878 1362 1931 Τὸ
1389 1879 1488 1948 τῆς
1525 1880 1885 1950 ὲμμιχθείσης

296 1963 493 2026 κακίας
520 1966 578 2016 ὲν
607 1968 671 2036 τῇ
711 1967 810 2035 τῆς
849 1966 1168 2037 νεκρώσεως
1198 1970 1365 2023 εἰκόνι
1396 1973 1462 2041 τῇ
1500 1972 1768 2042 γενομένῃ
1799 1972 1886 2025 διὰ

295 2053 390 2107 τοῦ
419 2053 610 2120 ὕδατος
640 2057 731 2110 τὸν
756 2060 1061 2129 ἀφανισμὸν
1088 2062 1411 2131 ἐμποιῆσαι,
1432 2064 1493 2117 οὐ
1525 2065 1631 2135 μὴν
1663 2063 1881 2127 τελείως
1910 2094 1915 2097 ι

296 2146 628 2218 ἀφανισμὸν,
661 2149 798 2204 ἀλλά
841 2169 965 2204 τινα
1008 2151 1274 2226 διακοπὴν
1300 2154 1397 2224 τῆς
1430 2154 1524 2207 τοῦ
1555 2156 1726 2209 κακοῦ
1760 2172 1884 2209 συν-

296 2241 497 2311 εχείας,
551 2245 966 2317 συνδραμόντων
1027 2248 1170 2304 δυοῖν
1229 2250 1365 2322 πρὸς
1415 2251 1514 2323 τὴν
1558 2253 1657 2323 τῆς
1686 2255 1883 2319 κακίας

292 2334 594 2406 ἀναίρεσιν,
626 2337 725 2406 τῆς
764 2356 822 2391 τε
851 2340 945 2392 τοῦ
973 2341 1459 2413 πλεμμελήσαντος
1492 2345 1879 2416 μεταμελείας,

294 2429 389 2478 καὶ
421 2427 521 2497 τῆς
551 2428 645 2481 τοῦ
679 2429 908 2485 θανάτου
945 2435 1250 2503 μιμήσεως,
1285 2435 1351 2487 δι’
1383 2428 1459 2489 ὧν
1482 2437 1733 2491 ὲκλύεταί
1766 2456 1882 2503 πως

292 2519 321 2568 ὁ
349 2517 637 2589 ἅνθρωπος
660 2522 757 2590 τῆς
789 2523 925 2593 πρὸς
940 2524 999 2577 τὸ
1020 2526 1187 2577 κακὸν
1214 2528 1511 2596 συμφυΐας,
1541 2531 1607 2599 τῇ
1642 2546 1883 2599 μεταμε-

292 2606 416 2678 λείᾳ
447 2608 543 2676 μὲν
570 2610 647 2673 είς
675 2612 829 2680 μῖσός
854 2630 913 2664 τε
944 2613 1039 2666 καὶ
1058 2614 1413 2686 ἀλλοτρίωσιν
1428 2617 1528 2686 τῆς
1546 2618 1746 2681 κακίας
1767 2637 1878 2688 χιι)-

300 2700 430 2768 ρῶν,
454 2700 533 2771 τῷ
556 2700 611 2753 δὲ
640 2701 853 2774 θανάτῳ
884 2706 977 2758 τοῦ
1009 2707 1178 2759 κακοῦ
1208 2708 1298 2760 τὸν
1323 2709 1624 2776 ἀφανισμὸν
1653 2708 1880 2779 ἐργαζό-

296 2807 477 2861 μενος.
515 2793 653 2846 Ἀλλ’
674 2798 721 2848 εἰ
764 2797 861 2865 μὲν
886 2792 954 2867 ἦν
985 2798 1228 2864 δυνατὸν,
1256 2801 1313 2852 ὲν
1343 2800 1531 2869 τελείῳ
1562 2800 1641 2870 τῷ
1665 2800 1880 2870 θανάτῳ

291 2883 546 2950 γενέσθαι
568 2885 659 2938 τὸν
687 2888 1043 2969 μιμούμενον,
1071 2890 1181 2942 οὐδ’
1211 2890 1279 2944 ἂν
1315 2891 1566 2962 μίμησις,
1592 2893 1728 2946 ἀλλά
1752 2895 1881 2947 ταὺ-

290 2976 454 3048 τότης
474 2979 535 3032 τὸ
568 2980 850 3052 γινόμενον
897 2978 985 3052 ἦν.
1022 2985 1131 3039 Καὶ
1162 2985 1242 3046 είς
1274 2986 1336 3038 τὸ
1359 2985 1618 3049 παντελὲς
1639 2987 1737 3056 τῆς
1775 2987 1878 3056 φύ-

294 3090 433 3137 σεως
466 3075 624 3145 ἡμῶν
647 3076 708 3129 τὸ
731 3078 899 3130 κακὸν
937 3078 1230 3147 ἠφανίζετο
1255 3096 1266 3108 ·
1304 3078 1466 3144 ὥστε,
1499 3079 1683 3142 καθώς
1716 3097 1878 3148 φησιν

1996 603 2246 672 corporis
2308 611 2362 657 et
2426 602 2642 667 animae,
2695 618 2888 657 rursus
2945 618 3040 671 per
3103 604 3573 659 resurrectionem

1995 695 2203 758 salvus,
2237 693 2577 763 impatibilis,
2614 700 2670 747 et
2710 694 2939 761 integer,
2983 701 3037 745 et
3060 693 3271 747 alienus
3306 693 3375 746 ab
3418 709 3571 765 omni

1993 785 2372 841 conunistione
2401 785 2543 847 vitii,
2578 785 2741 838 homo
2778 785 3188 838 reformaretur.
3212 783 3317 836 Sed
3352 784 3574 839 induce

1993 879 2214 948 quidem
2279 886 2335 932 et
2388 886 2614 932 auctore
2663 886 2867 931 nostra:
2922 876 3120 931 salutis
3175 875 3572 945 perfectionem

1993 970 2184 1025 habuit
2210 978 2479 1039 susceptae
2511 970 2704 1024 mortis
2737 969 3096 1037 dispensatio,
3130 979 3187 1022 ut
3220 983 3341 1037 quae
3366 983 3569 1022 conve-

1990 1064 2207 1116 nienter
2245 1062 2347 1117 sub
2379 1077 2547 1129 scopo
2593 1070 2647 1115 et
2686 1060 2943 1113 instituto
2975 1059 3216 1129 perfecte
3264 1058 3434 1113 fuerit
3472 1058 3573 1110 ad-

1990 1155 2231 1223 impleta.
2294 1151 2427 1206 Nam
2459 1162 2513 1207 et
2573 1168 2670 1221 per
2727 1161 2957 1206 mortem
3015 1150 3295 1220 disjuncta
3349 1149 3579 1205 fuerunt

1990 1261 2110 1313 quae
2132 1253 2289 1300 erant
2311 1246 2482 1305 unita,
2517 1251 2572 1297 et
2604 1258 2797 1298 rursus
2821 1242 3112 1309 conjuncta
3128 1252 3256 1297 sunt
3278 1257 3399 1311 quae
3414 1248 3574 1295 erant

1987 1338 2221 1391 discreta
2243 1377 2258 1401 ,
2301 1345 2359 1390 ut
2393 1342 2621 1404 purgata
2652 1343 2849 1387 natura
2873 1333 2929 1385 in
2963 1331 3327 1388 dissolutione
3377 1347 3569 1386 eorum

1988 1444 2108 1498 qua:
2140 1428 2464 1481 naturaliter
2490 1426 2761 1488 coierant,
2799 1425 3022 1485 animae,
3067 1424 3314 1494 inquam,
3367 1431 3421 1478 et
3445 1437 3571 1477 cor-

1989 1519 2161 1589 poris,
2213 1533 2406 1573 eorum
2462 1532 2585 1587 quae
2634 1515 2855 1570 fuerant
2909 1525 3165 1584 separata
3228 1515 3439 1569 reditus
3502 1513 3571 1567 ab

1987 1612 2165 1666 aliena
2217 1609 2549 1665 admistione
2604 1616 2753 1663 esset
2793 1622 2987 1676 purus.
3043 1605 3099 1659 In
3138 1606 3206 1660 iis
3246 1615 3428 1660 autem
3475 1605 3571 1675 qui

1985 1706 2177 1758 ducem
2205 1712 2533 1772 sequuntur,
2568 1708 2882 1755 accuratam
2919 1708 2973 1752 et
3022 1699 3320 1769 perfectam
3374 1698 3562 1751 imita-

1987 1796 2193 1851 tionem
2224 1811 2330 1849 non
2353 1795 2581 1849 omnino
2610 1792 2757 1862 capit
2785 1801 2978 1844 natura
3002 1834 3015 1856 ,
3084 1789 3181 1844 sed
3214 1804 3340 1842 cum
3388 1805 3571 1858 quan-

1988 1898 2102 1942 tum
2137 1895 2317 1958 potest
2347 1900 2496 1939 nunc
2523 1884 2820 1953 acceperit,
2874 1882 2929 1935 in
2964 1890 3180 1950 tempus
3212 1879 3454 1933 futurum
3482 1894 3571 1933 re-

1987 1985 2169 2032 servat
2191 1976 2241 2030 id
2273 1974 2420 2045 quod
2454 1981 2647 2029 restat.
2708 1971 2850 2037 Quid
2903 1987 3033 2041 ergo
3093 1970 3370 2023 imitatur?
3411 1969 3568 2034 Quod

1987 2070 2101 2122 vitii
2137 2066 2363 2122 immisti
2404 2067 2461 2119 in
2494 2065 2731 2135 imagine
2765 2063 2978 2127 mortis,
3013 2077 3136 2132 qua:
3174 2054 3440 2114 facta‘est
3474 2073 3571 2129 per

1986 2175 2209 2231 aquam,
2257 2159 2597 2229 expresserit
2635 2156 2983 2231 deletionem,
3032 2168 3140 2207 non
3169 2153 3466 2222 perfectam
3495 2158 3575 2202 ta-

1985 2272 2110 2311 men
2181 2254 2542 2316 deletionem,
2604 2250 2701 2307 sed
2761 2230 3054 2319 quamdam
3111 2245 3565 2313 interruptionem

1985 2345 2419 2402 continuationis
2459 2343 2598 2407 vitii,
2636 2357 2761 2395 cum
2796 2342 2905 2395 duo
2943 2337 3331 2393 concurrerint
3365 2334 3430 2388 ad
3460 2335 3569 2388 tol—

1984 2439 2204 2493 lendum
2233 2437 2447 2499 vitium,
2482 2450 2677 2503 nempe
2700 2444 2752 2487 et
2784 2434 2906 2499 ejus
2941 2431 3034 2500 qui
3087 2430 3333 2500 peccavit
3376 2433 3559 2498 pumi-

1985 2530 2312 2588 nitentia.et
2342 2526 2577 2580 imitatio
2618 2525 2833 2587 mortis,
2898 2538 2993 2592 per
3045 2536 3166 2591 quze
3218 2522 3384 2575 homo
3422 2535 3567 2589 quo-

1984 2621 2279 2677 dammodo
2326 2620 2658 2675 dissolvitur
2720 2633 2751 2671 a
2789 2615 3081 2686 congenita
3126 2630 3250 2669 cum
3280 2614 3413 2667 vitio
3436 2628 3567 2667 con—

1977 2712 2284 2782 junctione,
2317 2709 2638 2781 paenitentia
2669 2707 2889 2778 quidem
2930 2703 3235 2775 procedens
3275 2701 3343 2755 ad
3372 2701 3563 2756 odium

1983 2804 2098 2856 vitii
2149 2810 2205 2857 et
2267 2800 2680 2860 alienationem,
2722 2803 2897 2850 morte
2938 2803 3119 2848 autem
3167 2793 3284 2846 vitii
3327 2807 3570 2863 operans

1981 2896 2333 2951 deletionem.
2365 2891 2471 2947 Sed
2496 2891 2542 2946 si
2576 2890 2691 2945 ﬁeri
2719 2888 2940 2959 quidem
2972 2894 3181 2956 posset,
3205 2895 3264 2939 ut
3292 2885 3346 2938 in
3381 2882 3563 2954 perfe-

1983 2994 2071 3041 cta
2104 2993 2281 3041 morte
2311 2994 2459 3039 esset
2503 2981 2550 3037 is
2585 2980 2680 3051 qui
2718 2978 2982 3041 imitatur,
3020 2991 3128 3028 non
3159 2983 3305 3029 esset
3337 2973 3388 3026 id
3418 2972 3567 3042 quod

1984 3078 2043 3132 fit
2078 3075 2439 3138 imitatio,sed
2470 3089 2559 3128 res
2587 3072 2800 3134 eadem,
2855 3078 2909 3123 et
2938 3083 2969 3122 a
2993 3075 3183 3121 nostra
3217 3074 3412 3119 natura
3448 3080 3564 3117 ma-

289 3164 320 3215 ὁ
367 3166 706 3232 Ἀπόστολος,
746 3171 834 3239 ἐφ’
874 3170 1022 3236 ἅπαξ
1053 3170 1298 3243 ἀποθάνῃ
1326 3174 1390 3243 τῇ
1418 3172 1681 3243 ἁμαρτίᾳ.
1730 3172 1877 3225 Ἐπεὶ

1988 3173 2098 3225 lum
2123 3169 2363 3240 perfecte
2391 3167 2690 3226 deleretur,
2749 3162 2887 3216 adeo
2922 3169 3001 3223 ut,
3049 3159 3195 3215 sicut
3229 3158 3365 3211 dicit
3404 3157 3552 3226 Apo-

287 3257 369 3322 δὲ,
420 3258 603 3322 καθὼς
656 3259 888 3331 εἴρηται,
922 3262 1172 3315 τοσοῦτον
1213 3262 1527 3333 μιμούμεθα
1559 3264 1659 3332 τῆς
1704 3262 1876 3331 ὑπερ-

287 3347 523 3419 εχούσης
556 3350 854 3421 δυνάμεως,
890 3353 1012 3407 ὅσον
1058 3355 1225 3425 χωρεῖ
1253 3354 1409 3424 ἡμῶν
1438 3356 1470 3423 ἡ
1509 3353 1745 3423 πτωχεία
1776 3333 1876 3422 τῆς

292 3438 508 3506 φύσεως
531 3457 544 3469 ·
570 3440 631 3491 τὸ
657 3439 800 3511 ὕδωρ
840 3441 961 3512 τρὶς
1013 3443 1385 3514 ἐπιχεάμενοι,
1416 3444 1510 3496 καὶ
1541 3444 1702 3496 πάλιν
1743 3445 1875 3497 ἀνα-

292 3529 488 3593 ϐάντες
514 3530 622 3583 ἀπὺ
645 3531 739 3583 τού
767 3531 978 3595 ὓδατος,
1009 3532 1107 3603 τὴν
1139 3534 1403 3605 σωτήριον
1430 3533 1607 3604 ταφὴν
1636 3533 1729 3586 καὶ
1750 3532 1879 3585 ἀνά-

292 3636 483 3673 στασιν
518 3621 618 3692 τὴν
661 3624 719 3675 ὲν
762 3624 1047 3695 τριημέρῳ
1080 3625 1378 3694 γενομένην
1418 3624 1494 3695 τῷ
1532 3625 1707 3695 χρόνῳ
1735 3626 1873 3677 ἀπο-

291 3713 611 3783 κρινόμεθα,
638 3714 797 3767 τοῦτο
823 3715 1079 3778 λαϐόντες
1096 3716 1235 3769 κατά
1260 3717 1519 3782 διάνοιαν,
1544 3718 1625 3769 ὅτι
1650 3718 1725 3780 ὼς
1744 3719 1875 3788 ἡμῖν

288 3805 354 3857 τὸ
387 3803 532 3875 ὕδωρ
554 3808 612 3859 ὲν
642 3807 860 3876 ἐξουσίᾳ
893 3808 1029 3871 ἐστὶ,
1061 3809 1155 3860 καὶ
1198 3810 1257 3861 ὲν
1290 3810 1437 3879 αὐτῷ
1464 3808 1741 3876 γενέσθαι,
1780 3811 1876 3863 καὶ

290 3898 352 3962 ἐξ
377 3896 542 3950 αὐτοῦ
572 3898 733 3952 πάλιν
752 3899 1032 3963 ἀναδῦναι,
1064 3902 1205 3954 κατὰ
1248 3902 1339 3955 τὸν
1376 3902 1538 3956 αὑτὸν
1560 3904 1760 3975 τρόπον
1787 3906 1875 3957 ἐπ’

292 3988 539 4053 ἐξουσίας
566 3985 635 4062 ἦν
680 3993 708 4044 ὁ
755 3991 849 4044 τοῦ
892 3994 1102 4073 ’παντὸς
1140 3993 1278 4065 ἔχων
1306 3994 1404 4065 τὴν
1430 3995 1764 4063 δεσποτείαν,
1800 3996 1878 4060 ὡς

291 4084 453 4151 ἡμεῖς
481 4083 538 4134 ὲν
559 4080 638 4151 τῷ
657 4081 831 4146 ὕδατι,
846 4082 1019 4147 οὕτως
1046 4086 1253 4148 ἐκεῖνος
1279 4087 1337 4138 ἐν
1361 4085 1438 4156 τῷ
1462 4087 1672 4157 θανάτῳ
1697 4105 1872 4142 κατα-

254 4168 265 4175 “
288 4175 454 4238 δυεὶς,
486 4174 647 4228 πάλιν
682 4175 775 4228 ἐπὶ
813 4175 911 4247 τὴν
949 4176 1085 4231 ίδίαν
1111 4176 1363 4230 ἀναλύειν
1400 4180 1795 4252 μακαριότητα.

363 4356 425 4406 Εἰ
459 4351 552 4409 οὖν
612 4373 695 4418 τις
722 4356 861 4427 πρὸς
892 4358 953 4409 τὸ
988 4359 1133 4420 εἰκὸς
1186 4357 1396 4428 βλέποι,
1459 4360 1554 4412 καὶ
1600 4362 1741 4415 κατά
1774 4362 1872 4433 τὴν

287 4442 556 4514 ἑκατέρου
596 4442 820 4515 δύναμιν
870 4447 939 4499 τὰ
987 4447 1247 4518 γινόμενα
1281 4450 1475 4519 κρίνοι,
1517 4451 1772 4522 οὐδεμίαν
1816 4455 1873 4505 ἐν

286 4536 400 4597 τοῖς
428 4534 733 4605 γινομένοις
767 4536 990 4608 εὑρήσει
1012 4538 1308 4609 διαφωνίαν
1340 4543 1621 4613 ἐκατέρου,
1647 4546 1790 4597 κατά
1814 4546 1874 4598 τὸ

1986 3263 2162 3333 stolus
2182 3264 2247 3324 “,
2279 3260 2506 3314 omnino
2537 3265 2844 3310 moreretur
2870 3258 3119 3322 peccato.
3155 3249 3427 3315 Quoniam
3464 3263 3565 3299 au-

1985 3366 2118 3418 tem,
2153 3355 2295 3411 sient
2320 3352 2530 3407 dictum
2581 3357 2686 3412 est,
2748 3360 3017 3415 supremae
3070 3343 3219 3397 illius
3272 3340 3565 3410 potestatis

1984 3455 2199 3501 tantum
2243 3443 2548 3500 imitamur,
2592 3445 2861 3508 quantum
2911 3434 3058 3503 capit
3092 3440 3295 3487 nostra:
3352 3440 3567 3485 natura:

1987 3534 2317 3591 mendicitas
2349 3552 2362 3587 :
2394 3545 2534 3601 aqua
2566 3537 2650 3582 ter
2681 3526 2887 3590 infusa,
2934 3542 2998 3579 ex
3022 3538 3086 3578 'ea
3124 3536 3320 3576 rursus
3365 3535 3566 3575 ascen-

1985 3629 2200 3690 dentes,
2264 3626 2559 3679 salutarem
2591 3619 2875 3673 imitamur
2921 3616 3257 3684 sepulturam
3295 3619 3347 3666 et
3378 3626 3566 3665 resur-

1984 3721 2279 3775 rectionem
2303 3730 2425 3785 qua:
2454 3712 2598 3766 facta
2630 3718 2713 3765 est
2744 3711 2797 3761 in
2833 3716 3080 3776 tempore
3120 3701 3562 3764 triduano,lianc

1983 3811 2345 3880 suscipientes
2376 3805 2782 3875 cogitationem,
2811 3798 2959 3869 quod
2994 3798 3137 3853 sicut
3170 3810 3312 3865 aqua
3357 3796 3411 3849 in
3459 3808 3559 3847 no-

1984 3917 2098 3959 stra
2117 3910 2202 3957 est
2227 3905 2518 3970 potestate,
2546 3903 2605 3949 ut
2634 3902 2686 3948 et
2711 3893 2763 3945 in
2798 3906 2861 3946 ea
2887 3890 3082 3951 simus,
3108 3895 3162 3941 et
3182 3902 3246 3941 ex
3282 3901 3345 3940 ca
3365 3899 3563 3939 rursus

1982 4007 2350 4064 emergamus,
2376 3989 2566 4044 eodem
2597 3986 2758 4040 modo
2788 3985 2841 4037 in
2866 3985 3010 4052 ejus,
3057 3981 3150 4048 qui
3188 3975 3563 4032 universitatis

1979 4086 2320 4141 dominatum
2378 4080 2613 4141 obtinet,
2681 4083 2768 4130 est
2815 4082 3104 4144 potestate,
3157 4078 3219 4125 ut
3261 4070 3405 4124 sicut
3458 4080 3563 4121 nos

1979 4193 2175 4248 aquas,
2208 4177 2281 4229 ita
2312 4174 2403 4226 ille
2435 4178 2664 4224 mortem
2696 4168 2941 4229 subiens,
2967 4179 3159 4219 rursus
3199 4160 3268 4216 ad
3284 4158 3565 4232 propriam

1974 4273 2203 4329 reducat
2226 4267 2647 4323 beatitudinem.
3302 4326 3314 4335 .

2047 4363 2104 4417 Si
2136 4363 2431 4432 quisquam
2461 4373 2592 4429 ergo
2628 4356 2861 4425 aspiciat
2894 4352 2959 4407 ad
2993 4348 3557 4407 verisiniilitudinem,

1974 4466 2028 4511 et
2051 4471 2114 4509 ex
2147 4453 2434 4521 utriusque
2464 4450 2664 4502 virtute
2694 4462 2758 4501 ea
2793 4460 2915 4515 quae
2967 4443 3106 4495 fiunt
3147 4440 3381 4509 judicet,
3433 4435 3561 4489 nul-

1974 4550 2081 4601 lam
2116 4548 2170 4599 in
2207 4546 2274 4599 iis
2303 4557 2424 4613 quae
2455 4540 2594 4593 tiunt
2621 4536 2864 4592 inveniet
2906 4534 3197 4601 utriusque
3235 4530 3559 4596 discrepan-

286 4628 387 4696 τῆς
413 4629 627 4698 φύσεως
659 4630 853 4701 μέτρον
881 4630 1322 4703 ἐξεργασαμένου
1352 4635 1419 4687 τὰ
1445 4635 1582 4688 κατὰ
1620 4637 1869 4707 δύναμιν.

1983 4640 2127 4702 liam,
2152 4644 2207 4690 ut
2239 4634 2331 4705 qui
2363 4638 2731 4703 congruenter
2766 4625 2930 4681 modo
2966 4640 3078 4680 suae
3110 4629 3320 4676 natura:
3376 4634 3439 4674 ea
3470 4616 3556 4673 ef-

300 4721 387 4781 Ὠς
419 4723 527 4792 γάρ
561 4722 707 4774 ἐστιν
733 4722 1009 4793 ἀνθρώπῳ
1050 4725 1110 4777 τὸ
1140 4724 1306 4796 ὕδωρ,
1329 4728 1464 4798 πρὸς
1492 4728 1554 4780 τὸ
1572 4729 1869 4794 ἀκινδύνως

286 4813 684 4880 ὲπιθιγγάνειν,
746 4816 795 4867 εἰ
842 4815 1104 4885 βούλοιτο,
1153 4819 1593 4888 ἀπειροπλασίως
1632 4826 1699 4894 τῇ
1751 4825 1871 4896 θείᾳ

284 4905 513 4973 δυνάμει
563 4905 683 4957 κατ’
737 4906 985 4959 εὐκολίαν
1050 4908 1277 4973 θάνατος
1323 4912 1628 4983 πρόκειται,
1678 4917 1772 4968 καὶ
1812 4918 1871 4970 ὲν

285 4996 435 5066 αὑτῷ
468 4997 743 5063 γενέσθαι,
796 4998 892 5051 καὶ
951 5000 1024 5069 μὴ
1067 5002 1341 5071 τραπῆναι
1378 5004 1514 5074 πρὸς
1543 5006 1732 5069 πάθος.
1770 5009 1869 5062 Διὰ

283 5082 444 5135 τοῦτο
470 5084 650 5137 τοίνυν
679 5086 977 5154 ἀναγκαῖον
998 5090 1129 5158 ἡμῖν
1171 5090 1233 5143 τό
1264 5093 1321 5144 ἐν
1357 5093 1436 5163 τῷ
1477 5094 1627 5147 ὕδατι
1664 5114 1870 5168 προμε-

284 5174 508 5245 λετῆσαι
534 5176 633 5245 τὴν
658 5179 757 5247 τῆς
789 5178 1139 5242 ἀναστάσεως
1164 5181 1342 5250 χάριν,
1377 5184 1453 5245 ὼς
1480 5184 1546 5237 ἂν
1576 5185 1866 5257 είδείημεν,

283 5266 449 5319 ὅτιτὸ
497 5261 612 5319 ἴσον
637 5268 767 5338 ἡμῖν
807 5270 886 5332 είς
919 5272 1169 5325 εὐκολίαν
1198 5274 1366 5338 ἐστὶν,
1400 5275 1552 5328 ὕδατί
1577 5295 1637 5330 τε
1669 5278 1865 5349 βαπτι-

287 5354 503 5424 σθῆναι,
544 5356 638 5408 καὶ
694 5359 758 5411 ὲκ
808 5359 904 5411 τοῦ
953 5361 1182 5415 θανάτου
1222 5364 1380 5418 πάλιν
1415 5367 1691 5423 ἀναδῦναι.
1731 5372 1869 5425 Ἀλλ’

284 5446 475 5519 ὥσπερ
507 5450 564 5501 έν
612 5452 725 5513 τοῖς
776 5452 917 5504 κατὰ
952 5454 1042 5506 τὸν
1081 5454 1192 5523 βίον
1218 5459 1529 5528 γενομένοις
1553 5462 1677 5515 τινά
1704 5461 1866 5515 τινών

284 5541 435 5593 ἐστιν
452 5542 893 5613 ἀρχηγικώτερα,
919 5539 995 5597 ὧν
1020 5546 1147 5600 ἄνευ
1182 5549 1282 5602 κᾶν
1297 5552 1357 5603 τὸ
1377 5553 1656 5621 γινόμενον
1680 5571 1865 5626 κατορ-

286 5629 505 5702 θωθείη,
557 5634 732 5688 καίτοι
785 5637 835 5688 εί
865 5638 1000 5704 πρὸς
1053 5641 1114 5693 τὸ
1151 5642 1384 5715 πέραςὴ
1427 5646 1569 5718 ἀρχὴ
1606 5648 1864 5717 κρίνοιτο,

400 5808 446 5840 ⁸⁸
474 5807 630 5865 llom.
664 5828 784 5876 vm,
823 5816 888 5869 12

1976 4730 2169 4785 fecerit
2214 4742 2335 4797 qua:
2362 4740 2477 4779 sum
2521 4731 2680 4778 erant
2729 4718 3038 4791 potestatis.
3086 4712 3372 4780 Quomodo
3410 4709 3558 4763 enim

1975 4832 2060 4878 est
2092 4824 2148 4876 in
2178 4828 2447 4891 potestate
2474 4816 2733 4877 hominis,
2758 4826 2981 4881 aquam,
3012 4809 3059 4865 si
3084 4808 3234 4869 velit,
3290 4805 3429 4859 citra
3468 4801 3558 4855 ul-

1979 4916 2090 4969 lum
2119 4922 2341 4982 tangere
2380 4909 2708 4979 periculum.
2752 4903 2982 4959 infinitis
3033 4899 3280 4971 partibus
3339 4894 3561 4949 facilius

1978 5022 2128 5060 mors
2158 5012 2242 5059 est
2284 5003 2563 5072 proposita
2604 4998 2807 5052 divina:
2840 4993 3054 5057 virtuti,
3110 4999 3168 5045 ut
3202 4998 3256 5044 et
3287 4989 3342 5042 in
3371 5003 3433 5041 ea
3461 4985 3555 5047 sit,

1974 5105 2030 5153 et
2069 5112 2176 5149 non
2203 5101 2560 5149 convertatur
2591 5092 2656 5145 ad
2689 5089 3036 5145 affectionem
3070 5100 3193 5155 quae
3228 5099 3295 5136 ex
3330 5081 3422 5134 illa
3458 5094 3553 5133 ac-

1974 5192 2196 5259 cipitur.
2220 5187 2517 5256 Pmpterea
2557 5199 2689 5255 ergo
2727 5182 2885 5236 nobis
2935 5194 3162 5234 necesse
3196 5183 3281 5231 est
3316 5176 3372 5227 in
3411 5187 3555 5241 aqua

1975 5282 2340 5353 przemeditari
2398 5283 2631 5349 gratiam
2681 5274 3134 5334 resurrectionis,
3191 5281 3248 5324 ut
3310 5270 3556 5323 sciamus

1972 5374 2119 5444 quod
2149 5389 2216 5428 ex
2249 5387 2406 5441 aequo
2431 5372 2592 5426 nobis
2638 5378 2725 5425 est
2750 5368 2908 5423 facile
2930 5376 2985 5422 et
3035 5380 3177 5435 aqua
3229 5362 3389 5431 tingi,
3429 5366 3485 5414 et
3521 5374 3554 5412 e

1974 5472 2150 5518 morte
2179 5479 2376 5519 rursus
2410 5477 2714 5531 emergere.
2751 5459 2857 5514 Sed
2884 5475 2995 5529 quo
3038 5456 3203 5512 modo
3242 5455 3299 5507 in
3335 5454 3403 5507 iis
3433 5466 3558 5521 qua:

1977 5555 2114 5609 fiunt
2158 5556 2213 5610 in
2240 5557 2370 5618 vita,
2418 5565 2547 5609 sunt
2591 5555 2772 5623 aliqua
2798 5550 3073 5621 aliquibus
3133 5545 3549 5618 principaliora,
3646 5558 3655 5613 ξ

1976 5650 2097 5707 sine
2132 5650 2330 5721 quibus
2359 5650 2524 5706 etiam
2573 5649 2625 5704 id
2682 5647 2829 5720 quod
2880 5645 2961 5711 fit,
3004 5657 3346 5714 nequaquam
3403 5648 3555 5696 recte
