4066 6374
442 385 507 439 Si
1690 387 1745 442 S.
1789 387 2118 446 GREGORII
2142 391 2436 448 NYSSENI

441 505 776 560 successerit
843 503 1202 573 (quanquam
1260 507 1305 558 si
1361 518 1485 557 eum
1545 504 1651 559 ﬁne
1698 506 2015 562 conferatur

2122 510 2231 563 ἀντ’
2260 509 2470 573 οὐδενὸς
2504 505 2641 561 εἶναι
2669 509 2808 575 δόξει
2850 510 2944 562 τοῦ
2986 520 3310 581 πραγματος
3342 508 3537 579 ἡάρχὴ
3569 526 3710 579 συγ-υ

446 595 798 664 principium,
852 611 951 663 pro
980 595 1149 648 nihilo
1178 611 1302 649 esse
1361 595 1635 649 videbitur
1687 597 1767 650 rei
1819 599 2017 665 princi-

444 687 589 754 pium
620 701 743 740 cum
779 688 882 740 line
915 696 1287 756 comparatum
1313 707 1324 739 :
1357 703 1518 756 quam
1545 688 1688 741 enim
1710 690 1912 744 habent
1939 707 2013 747 ze-

444 780 763 848 qualitatem
797 780 979 844 homo,
1016 789 1071 834 et
1096 781 1240 849 quod
1278 780 1343 833 ad
1377 781 1777 848 procreandum
1811 783 2015 837 animal

443 870 741 937 dejieitur?
769 871 861 924 sed
896 878 1075 925 tamen
1106 872 1212 924 nisi
1253 872 1383 923 illud
1428 872 1520 935 sit,
1569 870 1672 924 hoc
1713 887 1821 925 non
1859 872 2009 944 fiet):

444 963 518 1013 ita
544 963 706 1015 etiam
734 963 878 1031 quod
914 966 969 1015 in
998 978 1192 1031 magna
1228 964 1285 1015 lit
1317 964 1745 1023 resurrectione,
1781 979 1904 1016 cum
1943 971 2015 1017 snt

447 1054 625 1121 majus
656 1064 877 1113 natura,
934 1055 1062 1107 hinc
1096 1054 1257 1107 habet
1318 1055 1469 1107 initia
1530 1064 1583 1108 et
1635 1070 1854 1109 causas.
1894 1054 2013 1108 Non

445 1152 625 1213 potest
653 1147 795 1199 enim
828 1146 941 1198 fieri
971 1154 1027 1197 ut
1058 1145 1186 1197 illud
1223 1146 1335 1205 fiat.
1366 1145 1472 1197 nisi
1511 1145 1612 1197 hoc
1646 1146 2010 1213 praecesserit.

444 1236 575 1290 Dico
609 1244 787 1291 autem
820 1238 932 1290 lieri
981 1254 1087 1291 non
1121 1254 1281 1306 posse
1329 1246 1388 1290 ut
1422 1239 1584 1290 homo
1618 1240 1688 1291 sit
1733 1239 1785 1291 in
1828 1254 2014 1293 resur-

443 1328 687 1382 rectione
716 1330 923 1397 absque
968 1330 1167 1383 lavacri
1218 1332 1651 1397 regeneratione,
1711 1346 1817 1385 non
1873 1332 2017 1400 aspi-

442 1418 595 1472 ciens
626 1420 691 1471 ad
720 1435 913 1473 massze
944 1429 1145 1473 nostra:
1199 1423 1533 1475 relictionem
1576 1431 1630 1476 et
1670 1423 2017 1476 reformatio-

443 1527 591 1563 nem.
625 1511 703 1563 Ad
740 1514 841 1565 hoc
879 1514 1022 1566 enim
1058 1515 1281 1567 omnino
1312 1523 1523 1583 oportet
1555 1515 1812 1569 devenire
1854 1525 2017 1569 natu-

443 1618 583 1667 ram,
624 1604 837 1674 propria
859 1606 1182 1659 necessitate
1211 1608 1545 1675 compulsam
1587 1622 1649 1660 ex
1696 1608 2017 1677 pra’scripto

442 1695 868 1763 dispensationis
914 1696 1033 1763 ejus
1057 1697 1151 1764 qui
1194 1696 1483 1757 ordinavit,
1513 1696 1627 1749 sive
1663 1697 1865 1750 lavacri
1892 1714 2017 1767 gra-

442 1787 573 1837 tiam
604 1788 984 1855 assumpserit,
1032 1789 1146 1841 sive
1196 1787 1525 1842 initiationis
1572 1788 1885 1857 hujusmodi
1921 1805 2013 1842 exv

442 1891 569 1943 pers
600 1878 883 1939 manserit,
918 1878 1013 1931 sed
1066 1879 1467 1932 restitutionem
1516 1878 1895 1943 beatitudinis,
1927 1879 2009 1933 di.
2045 1858 2088 1914 Β

441 1968 685 2024 vinilatis
721 1978 774 2023 et
827 1971 893 2025 ab
953 1972 1101 2024 omni
1168 1986 1404 2025 mcerore
1456 1972 1837 2025 immunitatis.
1891 1971 2011 2025 Non

440 2059 585 2111 enim
616 2075 953 2129 quzecunque
992 2077 1089 2129 per
1122 2062 1586 2115 resurrectionem
1626 2062 1858 2116 reditum
1922 2078 2012 2116 ac-

441 2151 651 2219 cipiunt
680 2153 747 2205 ad
798 2156 1111 2217 essentiam,
1142 2156 1207 2209 ad
1260 2155 1506 2209 eamdem
1547 2154 1713 2207 vitam
1758 2157 2010 2209 redeunt.

443 2242 548 2296 Sed
580 2243 807 2296 multum
842 2244 1070 2299 interest
1099 2247 1242 2300 inter
1276 2262 1369 2300 eos
1400 2247 1490 2314 qui
1541 2254 1669 2300 sunt
1702 2248 2010 2317 expurgati,

439 2341 495 2383 et
527 2346 619 2385 eos
649 2333 741 2401 qui
782 2334 1024 2403 indigent
1046 2337 1462 2405 expurgatione.
1509 2338 1567 2389 ln
1617 2336 1819 2405 quibus
1863 2337 2011 2391 enim

442 2423 495 2494 in
553 2424 655 2477 hac
709 2425 814 2477 vita
847 2423 1127 2493 prmcessit
1181 2442 1278 2495 per
1339 2427 1617 2479 lavacrum
1666 2429 2010 2497 cxpurgatio,

441 2514 508 2567 iis
536 2516 639 2569 erit
668 2516 876 2569 reditus
918 2516 984 2568 ad
1027 2518 1076 2569 id
1114 2517 1259 2585 quod
1314 2527 1398 2571 est
1426 2519 1530 2571 sibi
1578 2529 1891 2586 cognatum.
1950 2518 2011 2573 Ei

441 2612 621 2659 autem
652 2606 795 2674 quod
826 2614 910 2660 est
944 2622 1140 2675 purum
1181 2614 1234 2659 et
1264 2607 1550 2668 mundum,
1605 2610 1885 2677 proprium
1930 2616 2014 2665 est

439 2707 493 2747 et
527 2694 901 2751 familiaritate
957 2698 1312 2761 coniunctum
1378 2698 1702 2766 impatibile.
1738 2698 1884 2765 Quin
1921 2716 2014 2753 au-

394 2834 399 2839 .
439 2795 546 2839 tem
582 2789 635 2841 in
675 2789 1076 2858 impatibilitate
1105 2790 1177 2844 sit
1222 2791 1443 2844 beatum
1475 2807 1618 2856 esse,
1647 2793 1870 2847 minime
1906 2795 2013 2848 du-

439 2876 665 2932 litatur.
690 2878 901 2943 Quibus
925 2890 1106 2934 autem
1151 2879 1417 2933 induratae
1447 2882 1825 2938 occalluerunt
1880 2883 2014 2939 alfe-

437 2970 670 3033 r.tiones,
697 2984 873 3039 neque
904 2970 1145 3024 sordium
1170 2982 1221 3024 et
1245 2973 1584 3024 macularum
1625 2974 1733 3026 ulla
1789 2973 1889 3027 fuit
1918 2976 2014 3028 ad-

440 3063 610 3115 hibita
642 3065 918 3132 purgatio,
942 3079 1048 3117 non
1082 3080 1223 3132 aqua
1252 3066 1507 3134 mystica,
1536 3080 1643 3118 non
1682 3064 1880 3119 divinae
1909 3067 2016 3119 vir-

439 3152 909 3214 tutisinvocatio.
960 3168 1066 3207 non
1124 3154 1463 3209 inconcinna:
1513 3155 1791 3223 pravitatis
1833 3171 2015 3211 corre-

439 3245 551 3298 (‘lio
578 3287 592 3311 ,
622 3260 851 3300 necesse
871 3254 957 3300 est
981 3256 1035 3299 ut
1066 3247 1100 3299 ii
1142 3263 1360 3317 quoque
1390 3247 1501 3301 sint
1532 3250 1585 3302 in
1616 3263 1681 3301 eo
1707 3248 1854 3317 quod
1890 3264 2015 3311 con:

439 3337 611 3390 venit.
647 3336 997 3393 Manifestum
1041 3348 1126 3393 est
1156 3347 1337 3392 autem
1378 3354 1515 3393 auro
1545 3340 1856 3394 adulterino
1883 3356 2018 3394 con-

438 3422 671 3493 fusoque
737 3433 791 3479 et
843 3442 949 3479 non
988 3427 1206 3481 sincero
1255 3428 1547 3482 convenire
1605 3428 1903 3490 fornacem,
1957 3436 2019 3482 ut

441 3527 564 3565 cum
595 3513 676 3567 eis
722 3514 941 3565 mistum
974 3515 1163 3567 vitium
1224 3514 1387 3568 fuerit
1418 3515 1790 3584 liquefactum,
1842 3516 2019 3585 longis

443 3611 627 3672 postea
656 3604 872 3658 smculis
918 3604 1025 3659 Deo
1057 3621 1188 3675 pura
1227 3614 1586 3661 conservetur
1619 3614 1837 3659 natura.
1865 3606 2018 3671 Quo-

442 3698 588 3751 niam
623 3699 825 3769 ergoin
866 3714 1006 3768 aqua
1040 3707 1092 3753 et
1124 3700 1246 3768 igne
1268 3710 1352 3754 est
1392 3700 1475 3753 vis
1507 3700 1755 3769 quaedam
1801 3701 2016 3754 abster-

443 3789 601 3857 gendi
630 3799 684 3842 et
712 3789 1035 3855 mundandi,
1086 3793 1178 3862 qui
1215 3806 1312 3860 per
1342 3806 1536 3859 aquam
1570 3793 1856 3860 mysticam
1898 3792 2013 3844 vitii

2117 599 2412 669 κρινομένη
2472 598 2549 667 τῷ
2593 598 2755 652 τέλει.
2788 598 2851 649 Τί
2874 597 2983 667 γὰρ
3020 594 3135 649 ἴσον
3168 596 3471 665 ἄνθρωπος,
3503 599 3597 651 καὶ
3636 598 3700 651 τὸ

2119 690 2255 760 πρὸς
2278 691 2376 759 τὴν
2409 689 2665 742 σύστασιν
2700 688 2790 741 τοῦ
2822 688 2960 752 ζὼου
2991 687 3463 756 καταϐαλλόμενον
3491 704 3505 753 ;
3556 690 3700 741 Ἀλλ’

2115 783 2263 851 ὅμως
2294 784 2342 834 εί
2367 783 2439 852 μὴ
2472 784 2645 834 ἐκεῖνο
2684 783 2789 849 εἴη,
2825 781 2934 833 οὐδ’
2967 780 3033 833 ἂν
3061 780 3219 833 τοῦτο
3251 780 3480 848 γένοιτο.
3512 780 3701 844 Οὕτως

2118 875 2209 926 καὶ
2229 873 2287 925 τὸ
2321 873 2462 926 κατὰ
2491 874 2590 943 τὴν
2622 875 2860 944 μεγάλην
2890 873 3183 926 ἀνάστασιν
3204 873 3387 943 μεῖζον
3417 874 3475 927 ὃν
3505 877 3569 945 τῇ
3599 874 3699 942 φύ-

2118 981 2219 1028 σει,
2255 965 2351 1023 τὰς
2400 965 2574 1034 ἀρχὰς
2597 964 2843 1016 ἐντεῦθεν
2872 964 3083 1025 καὶτὰς
3114 964 3291 1026 αἰτίας
3323 964 3456 1033 ἔχει.
3485 966 3557 1017 Οὐ
3589 966 3700 1035 γάρ

2116 1058 2230 1108 ἐστι
2266 1057 2487 1109 δυνατὸν
2529 1060 2703 1109 ἐκεῖνο
2734 1057 3006 1124 γενέσθαι,
3040 1059 3087 1108 εί
3120 1056 3192 1127 μὴ
3224 1056 3379 1108 τοῦτο
3419 1056 3697 1126 προκαθη-

2115 1148 2361 1217 γήσαιτο.
2389 1147 2479 1215 Μὴ
2510 1146 2768 1199 δύνασθαι
2804 1146 2859 1198 δέ
2880 1164 3023 1215 φημι
3049 1147 3168 1215 δίχα
3196 1146 3291 1215 τῆς
3318 1147 3459 1200 κατά
3493 1147 3554 1199 τὸ
3582 1146 3698 1199 λου-

2115 1237 2243 1307 τρδν
2278 1236 2683 1304 ἀναγεννήσεως
2700 1238 2756 1286 ἐν
2782 1236 3072 1287 ἀναστάσει
3103 1234 3353 1302 γενέσθαι
3376 1236 3466 1288 τὸν
3500 1235 3702 1306 ἇνθρω·

2118 1345 2238 1389 πον,
2270 1328 2330 1379 ού
2363 1327 2499 1397 πρὸς
2531 1328 2629 1395 τὴν
2660 1326 2751 1378 τοῦ
2806 1325 3176 1397 συγκρίματος
3203 1326 3357 1397 ἡμῶν
3395 1326 3701 1379 ἀνάπλασίν

2117 1435 2174 1469 τε
2203 1418 2295 1469 καὶ
2318 1417 2757 1485 ἀναστοιχείωσιν
2786 1416 3199 1479 ἀναϐλέποντες.
3232 1417 3373 1486 Πρὸς
3406 1416 3563 1470 τοῦτο
3591 1417 3698 1489 γὰρ

2116 1508 2195 1559 δεῖ
2226 1508 2437 1569 πάντως
2466 1507 2794 1577 πορευθῆναι
2849 1508 2948 1578 τὴν
2979 1508 3139 1574 φύσιν
3174 1508 3400 1570 οἰκείαις
3434 1509 3701 1576 ἀνάγκαις

2118 1600 2258 1653 κατά
2283 1601 2379 1669 τὴν
2400 1599 2494 1651 τοῦ
2526 1599 2784 1664 τάξαντος
2813 1600 3120 1669 οἰκονομίαν
3141 1598 3572 1669 συνωθουμένην,
3596 1600 3699 1651 xiv

2118 1688 2397 1758 προσλάϐῃ
2455 1691 2552 1757 τὴν
2609 1691 2671 1740 ἐκ
2730 1688 2823 1739 τοῦ
2855 1687 3077 1758 λουτροῦ
3125 1689 3307 1757 χάριν.
3340 1687 3443 1739 κᾶν
3474 1688 3700 1757 ἄμοιρος

2122 1780 2277 1850 μείνῃ
2309 1780 2407 1849 τῆς
2441 1779 2695 1849 τοιαύτης
2734 1780 3000 1848 μυήσεως,
3026 1779 3159 1831 ἀλλά
3192 1779 3289 1847 τὴν
3311 1779 3401 1830 ἐπὶ
3428 1779 3488 1830 τὸ
3522 1780 3700 1848 μακά-

2123 1874 2233 1943 ριόν
2261 1889 2321 1923 τε
2356 1872 2449 1923 καὶ
2478 1871 2619 1923 θεῖον
2667 1872 2759 1923 καὶ
2796 1871 2975 1938 πάσης
3016 1870 3315 1940 κατηφείας
3358 1870 3701 1940 κεχωρισμέ-

2121 1981 2208 2015 νον
2252 1963 2712 2017 ἀποκατάστασιν.
2764 1962 2837 2013 υύ
2881 1961 2987 2030 γὰρ
3019 1963 3116 2014 ὅσα
3146 1962 3211 2013 δι’
3233 1962 3579 2024 ἀναστάσεως
3603 1962 3703 2031 τὴν

2122 2056 2213 2108 ἐπὶ
2238 2056 2300 2106 τὸ
2322 2050 2461 2106 εἶναι
2514 2054 2674 2109 πάλιν
2720 2054 2974 2107 ἐπάνοδον
3003 2053 3234 2122 δέχεται,
3267 2054 3401 2124 πρὸς
3422 2053 3511 2106 τὸν
3540 2054 3699 2105 αὑτὸν

2122 2148 2366 2200 ἐπάνεισι
2392 2147 2521 2215 βίον.
2566 2146 2727 2198 Ἀλλά
2755 2145 2887 2198 πολὺ
2916 2146 2976 2197 τὸ
3013 2146 3175 2215 μέσον
3199 2145 3307 2197 τῶν
3341 2162 3398 2197 τε
3427 2145 3700 2214 κεκαθαρ-

2125 2241 2317 2310 μένων,
2346 2241 2438 2292 καὶ
2488 2239 2592 2291 τῶν
2622 2238 2716 2292 τοῦ
2762 2238 3055 2307 καθαρσίου
3094 2237 3503 2309 προσδεομένων
3529 2238 3694 2289 ἐστίν.

2134 2328 2250 2397 Ἐφ’
2275 2322 2349 2382 ὧν
2376 2328 2483 2398 γὰρ
2518 2327 2657 2380 κατά
2687 2328 2778 2379 τὸν
2806 2327 2918 2395 βίον
2942 2328 3128 2380 τοῦτον
3163 2329 3195 2397 ἠ
3223 2327 3308 2380 διὰ
3342 2326 3435 2380 τού
3474 2326 3698 2395 λουτροῦ

2122 2421 2583 2491 προκαθηγήσατο
2621 2420 2891 2490 κάθαρσις
2925 2420 3059 2488 πρὸς
3095 2419 3155 2471 τὸ
3204 2418 3464 2485 συγγενὲς
3492 2417 3700 2480 τούτοις

2120 2512 2463 2583 ἀναχώρησις
2521 2512 2692 2565 ἔσται.
2727 2512 2817 2582 Τῷ
2844 2512 2901 2564 δὲ
2955 2510 3176 2581 καθαρῷ
3213 2510 3274 2562 τὸ
3301 2510 3505 2571 ἀπαθὲς
3530 2526 3697 2580 προσ-

2121 2606 2408 2673 ῳκείωται.
2452 2606 2539 2657 Ἐν
2572 2605 2628 2656 δὲ
2667 2607 2732 2675 τῇ
2786 2604 3021 2673 ἀπαθείᾳ
3058 2604 3118 2655 τὸ
3150 2604 3414 2673 μακάριον
3434 2596 3571 2654 εἶναι
3601 2601 3701 2654 οὐκ

2120 2696 2538 2765 ἀμφιϐάλλεται.
2582 2691 2676 2754 Οἷς
2726 2697 2783 2750 δὲ
2833 2695 3243 2767 προσεπωρώθη
3296 2694 3363 2747 τά
3402 2694 3570 2764 πάθη,
3606 2695 3698 2745 καὶ

2120 2788 2269 2841 οὐδὲν
2295 2789 2539 2860 προήχθη
2572 2790 2668 2859 τῆς
2689 2789 2902 2859 κηλίδος
2925 2787 3221 2859 καθάρσιον
3241 2803 3254 2815 ·
3289 2787 3387 2856 οὐχ
3422 2786 3565 2855 ὕδωρ
3598 2803 3699 2855 μυ-

2124 2880 2328 2942 στικὸν,
2382 2880 2481 2931 οὐκ
2524 2880 2811 2948 ἐπίκλησις
2878 2879 3029 2943 θείας
3078 2880 3377 2948 δυνάμεως,
3411 2879 3509 2948 οὐχ
3557 2880 3589 2948 ἡ
3634 2877 3699 2930 ὲκ

2124 2970 2483 3040 μεταμελείας
2514 2970 2741 3041 ὄρθωσις
2768 2987 2782 3002 ⁶
2814 2971 3028 3040 ἀνάγκη
3074 2972 3241 3032 πᾶσα,
3266 2971 3361 3022 καὶ
3393 2970 3614 3032 τούτους
3640 2970 3705 3020 ὲνι

2120 3064 2198 3133 τῷ
2232 3062 2550 3133 καταλλήλῳ
2572 3063 2841 3131 γενέσθαι.
2881 3063 3226 3133 Κατάλληλον
3258 3062 3314 3115 δὲ
3342 3062 3419 3132 τῷ
3445 3060 3698 3131 κεκιϐδη-

2122 3151 2364 3222 λευμένῳ
2389 3152 2595 3222 χρυσίῳ
2622 3152 2682 3204 τὸ
2712 3153 3091 3224 χωνευτήριον,
3124 3152 3199 3215 ὡς
3218 3153 3313 3223 τῆς
3339 3151 3700 3223 ὲμμιχθείσης

2117 3244 2301 3305 αὐτοῖς
2354 3243 2552 3306 κακίας
2584 3244 2968 3313 ἀποτακείσης,
3023 3246 3251 3315 μακροῖς
3292 3242 3516 3314 ὕστερον
3540 3241 3699 3294 αἱῶσι

2118 3332 2362 3404 καθαρὰν
2412 3333 2761 3402 ἀποσωθῆναι
2810 3333 2885 3403 τῷ
2920 3334 3039 3404 Θεῷ
3071 3335 3167 3406 τὴν
3199 3334 3379 3405 φύσιν.
3421 3334 3572 3386 Ἐπεὶ
3608 3328 3703 3385 οὖν

2122 3425 2355 3494 ρυπτική
2389 3424 2472 3485 τίς
2502 3426 2617 3477 ἐστι
2666 3424 2894 3495 δύναμις
2923 3426 2981 3476 ὲν
3020 3426 3100 3492 τῷ
3134 3426 3264 3497 πυρὶ
3292 3427 3387 3477 καὶ
3415 3424 3492 3494 τῷ
3523 3424 3703 3487 ὕδατι,

2118 3514 2169 3565 οί
2197 3512 2285 3566 διὰ
2307 3514 2401 3565 τοῦ
2433 3514 2623 3577 ὓδατος
2645 3514 2739 3566 τοῦ
2771 3513 3032 3583 μυστικοῦ
3061 3515 3152 3567 τὸν
3174 3517 3273 3586 τῆς
3303 3514 3499 3576 κακίας
3533 3511 3707 3583 ῥύπον

2121 3604 2578 3674 ἀποκλυσάμενοι,
2630 3604 2724 3658 τοῦ
2783 3605 2968 3678 ἐτέρου
3022 3605 3130 3659 τῶν
3176 3605 3484 3677 καθαρσίων
3526 3602 3699 3665 εἴδους

2122 3699 2221 3750 οὐκ
2280 3698 2600 3750 ἐπιδέονται.
2642 3698 2704 3749 Oi
2740 3697 2795 3749 δὲ
2844 3696 3047 3767 ταύτης
3090 3697 3325 3768 ἀμύητοι
3367 3699 3466 3767 τῆς
3496 3695 3701 3763 καθάρ-

2126 3807 2281 3852 σεως,
2310 3788 2616 3857 ἀναγκαίως
2639 3787 2717 3858 τῷ
2741 3788 2873 3858 πυρὶ
2904 3787 3309 3859 καθαρίζονται.

443 3883 634 3936 sordes
716 3882 1050 3946 abluerunt,
1118 3899 1229 3937 non
1288 3897 1425 3952 Opus
1487 3882 1687 3937 habent
1756 3884 1929 3936 altero
1976 3897 2176 3952 genere
2242 3882 2605 3952 purgationis.
2665 3880 2769 3946 Qui
2830 3888 3011 3934 autem
3060 3895 3169 3934 non
3238 3880 3441 3934 fuerint
3501 3878 3701 3933 initiati

442 3975 702 4046 mysterio
747 3974 912 4043 hujus
964 3975 1329 4045 purgationis,
1379 3976 1503 4045 igne
1564 3982 1870 4045 purgantur
1918 3973 2246 4029 necessario.

972 4106 1202 4162 CAPUT
1241 4106 1483 4161 XXXVI.

508 4240 645 4294 Nam
679 4248 733 4295 et
762 4238 1072 4293 communis
1113 4239 1256 4291 ratio
1285 4246 1340 4292 et
1379 4236 1786 4305 Scripturarum
1831 4243 2015 4291 osten-

442 4334 521 4387 dit
544 4334 817 4397 doctrina,
880 4332 1125 4385 divinum
1157 4338 1382 4384 chorum
1430 4345 1539 4383 non
1570 4344 1732 4399 posse
1787 4327 2018 4397 ingredi,

441 4426 533 4493 qui
560 4440 749 4479 omnes
799 4442 862 4479 ex
910 4424 1041 4476 vitio
1081 4431 1393 4476 contractas
1440 4422 1632 4475 sordes
1671 4436 1734 4474 ac
1774 4420 2017 4473 maculas

2689 4106 2940 4159 ΚΕΦΑΛ.
2986 4106 3126 4173 Aq'.

2196 4241 2286 4310 Μὴ
2313 4240 2421 4311 γὰρ
2449 4235 2585 4293 εἶναι
2636 4239 2859 4292 δυνατὸν
2899 4239 2927 4291 ὃ
2972 4255 3031 4291 τε
3064 4238 3239 4302 κοινὸς
3261 4240 3496 4293 δείκνυσι
3524 4240 3697 4308 λόγος.

2125 4334 2217 4385 καὶ
2242 4334 2274 4401 ἡ
2312 4331 2419 4385 τῶν
2450 4329 2680 4401 Γραφῶν
2708 4329 3019 4383 διδασκαλία
3038 4372 3051 4392 ,
3084 4330 3230 4393 ὲντὺς
3256 4330 3347 4383 τοῦ
3385 4331 3526 4384 θείου
3550 4332 3700 4400 γενέ-

2126 4426 2248 4477 σθαι
2286 4422 2449 4494 χοροῦ
2476 4423 2568 4475 τὸν
2598 4424 2672 4493 μὴ
2706 4420 2960 4492 καθαρῶς
3008 4421 3215 4483 πάντας
3247 4425 3373 4486 τοὺς
3410 4425 3474 4476 ὲκ
3505 4425 3701 4487 κακίας

442 4532 552 4571 non
596 4518 809 4572 eluerit.
866 4515 979 4569 Hoc
1029 4515 1162 4569 illud
1195 4524 1300 4575 est.
1356 4515 1502 4585 quod
1545 4530 1666 4568 cum
1724 4514 1796 4569 sit
1848 4528 1914 4567 ex
1954 4527 2013 4566 se

2122 4517 2340 4578 σπίλους
2383 4513 2858 4585 ἀπορῥυψάμενον.
2916 4514 3085 4566 Τοῦτό
3130 4517 3279 4567 ἐστιν
3334 4516 3363 4567 ὃ
3404 4518 3597 4588 μικρὸν
3638 4516 3698 4569 ὃν

443 4622 692 4676 parvum,
740 4622 1060 4675 magnorum
1099 4615 1182 4659 est
1224 4605 1489 4658 bonorum
1534 4606 1747 4659 initium
1788 4615 1843 4659 et
1892 4603 2015 4657 fun-

443 4699 778 4751 damentum.
834 4698 1067 4749 Parvum
1106 4704 1287 4749 autem
1334 4696 1459 4750 dico
1509 4698 1579 4751 ob
1638 4708 1783 4752 recte
1822 4696 2013 4765 agendi

444 4785 779 4841 facilitatem.
811 4786 945 4853 Quis
970 4787 1114 4840 enim
1138 4794 1222 4841 est
1254 4789 1354 4839 hac
1389 4788 1441 4840 iu
1476 4804 1531 4841 re
1570 4788 1743 4854 labor,
1792 4788 2018 4842 credere

445 4878 611 4931 Deum
644 4894 766 4933 esse
814 4880 1057 4949 ubique:
1120 4895 1245 4932 cum
1267 4887 1446 4933 autem
1496 4880 1568 4934 sit
1626 4881 1677 4933 in
1734 4881 2013 4944 omnibus,

446 4967 637 5021 adesse
664 4970 829 5023 etiam
876 4971 1262 5024 invocantibus
1295 4972 1515 5025 vitalem
1566 4971 1687 5039 ejus
1736 4974 2014 5033 virtutem,

447 5068 766 5129 praesentem
794 5070 974 5116 autem
1011 5061 1191 5117 facere
1218 5062 1270 5115 id
1305 5063 1449 5131 quod
1476 5069 1560 5116 est
1594 5062 1697 5117 sibi
1733 5063 2015 5131 proprium

445 5161 499 5204 et
529 5153 895 5206 conveniens?
928 5152 1133 5207 Divina:
1164 5162 1346 5207 autem
1382 5154 1720 5222 operationis
1767 5160 1853 5206 est
1889 5168 2022 5222 pro-

445 5243 561 5311 pria
588 5244 739 5297 salus
769 5259 959 5297 eorum
1004 5246 1095 5314 qui
1140 5246 1407 5310 indigent.
1456 5245 1576 5314 ipsa
1600 5252 1781 5299 autem
1814 5246 1873 5299 ﬁt
1907 5246 2021 5300 elli-

446 5348 544 5386 eax
576 5344 629 5387 et
659 5334 725 5386 ad
756 5351 894 5403 opus
917 5334 1208 5389 deducitur
1244 5351 1339 5404 per
1369 5351 1489 5389 eam
1525 5351 1646 5405 qua:
1695 5336 1749 5388 in
1784 5352 1924 5406 aqua
1961 5338 2021 5391 fit

447 5426 915 5494 expurgationem.
936 5425 1037 5491 Qui
1061 5436 1147 5480 est
1173 5435 1355 5481 autem
1385 5436 1737 5495 expurgatus,
1760 5429 1865 5482 erit
1890 5444 2020 5498 par-

447 5517 622 5584 ticeps
652 5518 928 5584 puritatis.
953 5516 1107 5582 Quod
1148 5528 1327 5571 autem
1358 5534 1487 5572 vere
1534 5534 1728 5587 purum
1763 5527 1871 5585 est,
1933 5529 2019 5574 est

449 5606 729 5661 divinitas.
758 5607 923 5662 Vides
954 5624 1115 5678 quam
1146 5608 1217 5665 sit
1250 5625 1503 5680 parvum,
1554 5617 1609 5664 et
1644 5626 1809 5680 quam
1853 5612 2019 5667 facile

450 5702 601 5750 recte
630 5696 746 5752 tieri
776 5705 958 5766 potest
1011 5699 1065 5753 id
1097 5700 1241 5768 quod
1269 5708 1355 5755 est
1387 5702 1443 5754 in
1490 5701 1781 5769 principio,
1814 5716 2012 5771 nempe

449 5786 583 5843 fides
614 5794 668 5843 et
703 5804 841 5859 aqua
872 5806 886 5843 :
919 5790 1007 5843 illa
1039 5792 1258 5861 quidem
1308 5793 1411 5847 sita
1439 5793 1492 5846 in
1541 5793 1767 5848 arbitrio
1821 5794 2009 5849 libera:

2123 4608 2244 4662 καθ’
2278 4607 2439 4659 ἑαυτὸ
2487 4605 2735 4675 μεγάλων
2783 4605 3003 4673 ἀγαθῶν
3032 4607 3173 4677 ἀρχή
3209 4624 3269 4659 τε
3316 4609 3407 4660 καὶ
3451 4609 3701 4671 ὑπόθεσις

2124 4703 2349 4769 γίνεται.
2387 4698 2595 4767 Μικρὸν
2617 4698 2675 4750 δέ
2710 4714 2851 4767 φημι
2879 4700 2944 4768 τῇ
2978 4698 3199 4769 εὐκολία
3227 4698 3319 4751 τοῦ
3351 4699 3703 4769 κατορθώμα-

2123 4810 2234 4855 τος,
2260 4791 2354 4853 Τίς
2380 4789 2489 4859 γὰρ
2520 4789 2751 4857 πάρεστι
2780 4788 2941 4850 πόνος
2974 4787 3050 4857 τῷ
3078 4790 3382 4858 πράγματι,
3413 4788 3707 4841 πιστεῦσαι

2125 4882 2402 4951 πανταχοῦ
2440 4880 2531 4933 τὸν
2556 4880 2686 4933 Θεὸν
2710 4876 2848 4932 εἶναι
2872 4896 2885 4908 ·
2928 4881 2985 4931 ὲν
3020 4881 3153 4932 πᾶσι
3191 4878 3247 4931 δὲ
3273 4879 3423 4941 ὄντα,
3454 4883 3702 4949 παρεῖναι

2125 4977 2219 5027 καὶ
2246 4976 2353 5035 τοῖς
2380 4971 2826 5040 ἐπικαλουμένοις
2867 4972 2963 5041 τὴν
2994 4970 3227 5041 ζωτικὴν
3256 4971 3419 5024 αὑτοῦ
3453 4971 3701 5041 δύναμιν,

2127 5068 2368 5134 παρόντα
2415 5066 2473 5117 δὲ
2519 5065 2581 5117 τὸ
2639 5066 2835 5117 οίκεῖον
2884 5066 3091 5127 ποιεῖν;
3124 5064 3282 5116 Ἴδιον
3315 5064 3371 5116 δὲ
3414 5067 3512 5134 τῆς
3557 5065 3704 5127 θείας

2128 5158 2428 5227 ἐνεργείας,
2476 5159 2511 5227 ή
2559 5157 2666 5209 τῶν
2698 5156 2964 5226 δεομένων
3000 5158 3117 5209 ἐστὶ
3168 5156 3429 5225 σωτηρία.
3462 5155 3611 5225 Αὕτη
3651 5157 3704 5208 δὲ

2125 5248 2213 5300 διὰ
2250 5251 2346 5316 τῆς
2379 5252 2434 5300 ὲν
2461 5248 2615 5300 ὕδατι
2661 5246 2975 5315 καθάρσεως
3018 5246 3236 5315 ἐνεργὸς
3286 5246 3516 5313 γίνεται.
3560 5245 3619 5299 '0
3649 5246 3705 5298 δὲ

2129 5339 2481 5409 καθαρισθεὶς
2509 5341 2566 5390 ὲν
2606 5338 2861 5406 μετουσία
2891 5340 2990 5406 τῆς
3031 5337 3401 5407 καθαρότητος
3430 5336 3600 5390 ἔσται.
3634 5335 3705 5389 Τὸ

2126 5429 2183 5481 δὲ
2207 5426 2421 5494 ἀληθῶς
2444 5426 2682 5495 καθαρὸν
2715 5427 2747 5495 ἡ
2778 5426 2969 5494 θεότης
3009 5425 3176 5479 ἐστίν.
3220 5425 3381 5496 Ὁρᾷς
3434 5427 3581 5487 ὃπως
3617 5443 3699 5496 μι-

2128 5519 2258 5588 κρόν
2288 5536 2340 5570 τι
2379 5520 2440 5571 τὸ
2473 5519 2614 5570 κατά
2665 5516 2762 5586 τὴν
2790 5518 2962 5585 ἀρχήν
3000 5518 3113 5568 ἐστι
3157 5516 3250 5568 καὶ
3278 5516 3702 5585 εύκατόρθωτον,

2129 5611 2313 5671 πίστις
2336 5609 2427 5660 καὶ
2454 5607 2597 5678 ὕδωρ
2616 5624 2629 5636 ·
2655 5609 2688 5676 ἡ
2722 5607 2818 5676 μὲν
2846 5606 2995 5668 ἐντὸς
3024 5607 3120 5675 τῆς
3152 5608 3522 5676 προαιρέσεως
3550 5607 3703 5676 ἡμῶν

2130 5700 2499 5769 ἀποκειμένη·
2553 5700 2614 5751 τὸ
2645 5699 2703 5751 δὲ
2762 5698 3056 5768 σύντροφον
3096 5700 3162 5768 τῇ
3210 5698 3523 5769 ἀνθρωπίνη
3567 5700 3700 5772 ζωῇ.

2145 5794 2300 5849 ’Λλλά
2366 5795 2425 5848 τὸ
2490 5797 2552 5848 ὲκ
2612 5791 2814 5847 τούτων
2870 5793 3244 5863 ἀναφυόμενον
3319 5793 3524 5863 ἀγαθὸν
3584 5797 3703 5848 ὅσον
