4066 6374
361 396 430 449 93
1584 403 1842 459 ORATIO
1874 405 2379 461 CATECHETICA.
3543 400 3616 458 δι

360 508 455 560 καὶ
493 501 623 573 οἷον,
672 509 749 574 ὡς
786 512 923 582 πρὸς
965 513 1097 567 αὐτὸ
1146 514 1207 566 τὸ
1232 520 1387 574 Θεῖον
1423 510 1568 582 ἔχειν
1599 518 1699 588 τὴν
1737 520 1925 573 οἰκειό·

2041 530 2247 575 nostrae
2269 522 2586 585 electionis,
2630 523 2747 577 haec
2775 536 2908 576 vero
2941 534 3061 591 qua:
3103 518 3266 575 simul
3310 532 3436 571 cum
3492 517 3608 570 vita

356 612 495 666 τητα
516 614 531 661 ;

949 876 1196 929 ΚΕΦΛΛ.
1226 878 1345 930 AZ'.

440 962 579 1015 Ἀλλ’
606 964 790 1034 ἐπειδὴ
814 965 1031 1018 διπλοῦν
1075 968 1135 1019 τὸ
1165 969 1522 1039 ἀν’)ρώπινον,
1557 970 1701 1042 ψυχῇ
1742 990 1802 1025 τε
1839 976 1933 1027 καὶ

356 1053 569 1122 σώματι
622 1056 1082 1126 συγκεκραμένον,
1113 1060 1323 1130 ἀνάγκη
1355 1062 1431 1128 τῷ
1463 1062 1597 1131 πρὸς
1647 1065 1745 1132 τὴν
1789 1065 1935 1134 ζωὴν

354 1146 781 1215 καθηγουμένῳ,
811 1148 878 1199 δι’
907 1150 1229 1219 ἀμφοτέρων
1287 1152 1411 1211 τοὺς
1472 1154 1810 1223 σωζομένους
1839 1158 1934 1222 ἐφο

351 1235 598 1288 έπεσθαι.
641 1235 849 1289 Οὐκοῦν
889 1242 921 1305 ἡ
953 1239 1097 1309 ψυχὴ
1130 1242 1227 1309 μὲν
1266 1241 1354 1294 διὰ
1383 1243 1618 1306 πίστεως
1665 1245 1800 1311 πρὸς
1835 1247 1932 1297 αὐ-

350 1326 441 1378 τὸν
471 1328 837 1395 ἁνακραθεῖσα
858 1330 955 1392 τὰς
983 1332 1235 1401 ἀφορμάς
1264 1333 1512 1387 ἐντεῦθεν
1541 1337 1638 1404 τῆς
1663 1339 1933 1407 σωτηρίας

350 1418 464 1487 ἔχει
489 1436 502 1447 '
537 1421 569 1487 ἡ
608 1420 715 1490 γὰρ
772 1421 907 1491 πρὸς
937 1422 1035 1492 τὴν
1084 1422 1227 1493 ζωὴν
1263 1424 1475 1488 ἐνωσις,
1523 1427 1622 1495 τὴν
1654 1428 1753 1497 τῆς
1787 1427 1933 1497 ζωῆς

350 1512 635 1562 κοινωνίαν
665 1512 798 1580 ἕχει.
825 1513 898 1564 Τὸ
921 1513 977 1565 δὲ
1017 1514 1175 1581 σῶμα
1206 1516 1391 1586 ἕτερον
1418 1518 1616 1587 τρόπον
1649 1521 1706 1571 ἐν
1738 1536 1932 1588 μετου-

352 1601 443 1669 σίᾳ
474 1619 532 1653 τε
566 1604 659 1654 καὶ
688 1604 989 1675 ἀνακράσει
1032 1606 1126 1658 τοῦ
1174 1608 1436 1671 σώζοντος
1467 1610 1696 1676 γίνεται.
1723 1612 1931 1683 Ὥσπερ

350 1690 458 1759 γάρ
480 1693 526 1743 οἱ
559 1691 879 1764 δηλητήριον
904 1695 969 1747 δι’
997 1696 1287 1765 ἐπιϐουλῆς
1319 1698 1592 1763 λαϐόντες,
1625 1701 1769 1771 ἄλλῳ
1791 1720 1930 1772 φαρ-

354 1782 512 1850 μάκῳ
544 1782 642 1851 τὴν
674 1783 992 1853 φθοροποιὸν
1011 1786 1239 1855 δύναμιν
1266 1788 1493 1841 ἔσϐεσαν
1523 1806 1535 1817 ·
1574 1792 1677 1861 χρὴ
1717 1792 1771 1845 δὲ
1806 1793 1929 1845 καθ’

347 1871 639 1941 ὁμοιότητα
670 1873 760 1927 τοῦ
786 1875 1028 1945 ὀλεθρίου
1063 1878 1155 1930 καὶ
1185 1879 1246 1931 τὸ
1278 1880 1615 1951 ἀλεξιτήριον
1646 1885 1793 1945 ἐντὸς
1822 1884 1927 1937 τῶν
1962 1876 2000 1929 Β

348 1964 703 2034 ἀνθρωπίνων
731 1968 981 2037 γενέσθαι
1020 1970 1363 2041 σπλάγχνων,
1399 1972 1473 2035 ὡς
1507 1973 1573 2026 ἂν
1605 1974 1671 2027 δι’
1705 1976 1927 2029 ἐκείνων

347 2056 431 2121 ἐφ’
468 2057 614 2109 ἆπαν
670 2061 1098 2130 καταμερισθείη
1124 2063 1184 2114 τὸ
1212 2062 1368 2133 σῶμα
1410 2068 1442 2134 ἠ
1485 2065 1578 2117 τοῦ
1609 2065 1929 2136 βοηθοῦντος

346 2144 602 2216 δύναμιςο
632 2148 771 2202 οὓτω
810 2150 905 2202 τοῦ
933 2151 1243 2215 διαλύοντος
1285 2154 1383 2224 τὴν
1413 2155 1572 2223 φύσιν
1609 2158 1765 2227 μῶν
1795 2160 1931 2211 ἀπο-

347 2239 696 2309 γευσάμενοι,
732 2241 1220 2311 πάλινηάναγκαίον
1258 2245 1332 2307 ὼς
1363 2248 1455 2298 καὶ
1478 2247 1572 2299 τοῦ
1608 2250 1929 2317 συνάγοντος

345 2331 407 2383 τὸ
430 2332 809 2403 διαλελυμένον
849 2336 1220 2407 ἐπεδεήθημεν
1247 2356 1260 2368 ·
1302 2339 1375 2402 ὡς
1424 2340 1488 2393 ἂν
1522 2343 1579 2392 ἐν
1610 2343 1742 2412 ἡμῖν
1772 2344 1925 2410 γενόο

348 2440 507 2489 μενον
534 2424 596 2475 τὸ
620 2427 858 2479 τοιοῦτον
902 2428 1237 2499 ἀλεξιτήριον
1264 2431 1364 2502 τὴν
1407 2434 1824 2501 προεντεθεῖσαν
1850 2435 1928 2504 τῷ

347 2513 561 2584 σώματι
586 2514 678 2568 τοῦ
702 2516 1025 2589 δηλητηρίου
1068 2520 1271 2591 βλάϐην
1304 2522 1390 2575 διά
1422 2524 1520 2593 τῆς
1547 2526 1752 2587 οἰκείας
1782 2526 1928 2577 ἀντι-

346 2606 575 2670 παθείας
605 2607 895 2661 ἀπώσοιτο.
927 2609 990 2661 Τί
1023 2607 1115 2662 οῦν
1168 2614 1283 2663 ἐστι
1316 2613 1503 2677 τοῦτο;
1537 2614 1703 2666 Οὐδὲν
1743 2616 1927 2685 ἕτερον

345 2699 572 2767 ῆέκείνο
593 2701 652 2752 τὸ
684 2701 861 2771 σῶμα,
888 2702 915 2754 ὃ
946 2702 1039 2755 τοῦ
1071 2720 1129 2754 τε
1153 2704 1383 2756 θανάτου
1414 2708 1659 2774 κρεῖττον
1692 2706 1922 2777 ἐδείχθη,

345 2791 563 2859 καὶτῆς
593 2794 734 2861 ζωῆς
771 2794 927 2863 ήμῶν
960 2796 1285 2865 κατήρξατο.
1322 2796 1588 2866 Καθάπερ
1613 2798 1721 2866 γὰρ
1752 2798 1924 2868 μικρά

344 2879 513 2950 ζύμη,
573 2882 752 2946 καθώς
797 2903 959 2954 φησιν
998 2888 1026 2939 ὁ
1075 2886 1413 2951 ’Λπόστολος,
1456 2888 1576 2940 ὅλον
1602 2890 1661 2941 τὸ
1698 2888 1925 2961 φύραμα

345 2975 479 3043 πρὸς
504 2976 699 3046 ἑαυτὴν
754 2977 1108 3045 συνεξομοιοῖ,
1154 2976 1328 3040 οὕτως
1366 2979 1427 3030 τὸ
1466 2979 1787 3033 θανατισθὲν
1820 2980 1926 3031 ὑπὸ

342 3066 436 3118 τοῦ
477 3064 611 3118 Θεοῦ
638 3065 797 3135 σῶμα
822 3068 880 3118 ἐν
907 3066 984 3136 τῷ
1014 3068 1268 3138 ἡμετέρῳ
1304 3068 1616 3136 γενόμενον,
1647 3070 1766 3121 ὅλον
1788 3069 1925 3139 πρὸς

342 3157 505 3211 ἑαυτὸ
538 3161 822 3227 μεταποιεῖ
870 3160 964 3211 καὶ
997 3158 1371 3227 μετατίθησιν.
1416 3159 1500 3222 Ὠς
1536 3160 1645 3231 γὰρ
1671 3160 1764 3213 τοῦ
1794 3160 1921 3229 φθο-

348 3249 563 3318 ροποιοῦ
629 3250 766 3312 πρὸς
821 3251 882 3303 τὸ
938 3252 1175 3318 ὑγιαῖνον
1222 3251 1631 3321 ἀναμιχθέντος,
1673 3251 1819 3305 ἆπαν
1863 3253 1921 3305 τὸ

342 3339 649 3410 ἀιακραθὲν
706 3340 1136 3411 συνήχρείωται*
1195 3340 1368 3405 οὕτως
1419 3344 1513 3395 καὶ
1558 3342 1619 3395 τὸ
1657 3342 1921 3396 ἀθάνατον

344 3432 503 3500 σῶμα
568 3434 624 3483 ἐν
647 3432 725 3503 τῷ
756 3433 1073 3487 ἀναλαϐόντι
1118 3434 1249 3488 αὐτὸ
1293 3434 1602 3504 γενόμενον,
1652 3435 1785 3505 πρὸς
1823 3437 1922 3505 τὴν

345 3522 534 3574 ἑαυτοῦ
580 3522 740 3591 φύσιν
807 3524 901 3575 καὶ
946 3524 1006 3576 τὸ
1038 3526 1145 3576 πᾶν
1186 3524 1561 3594 μετεποίησεν.
1612 3524 1772 3577 Ἀλλά
1816 3526 1921 3595 μὴν

344 3614 443 3666 οὐκ
467 3614 612 3666 ἔστιν
642 3614 813 3677 ἄλλως
839 3616 988 3677 ἐντός
1010 3632 1062 3667 τι
1083 3615 1363 3683 γίγνεσθαι
1396 3615 1487 3667 τοῦ
1526 3615 1793 3684 σώματος,
1846 3616 1920 3686 μὴ

344 3703 431 3756 διὰ
461 3704 713 3775 βρώσεως
736 3707 830 3758 καὶ
857 3707 1066 3769 πόσεως
1094 3710 1205 3769 τοῖς
1233 3706 1556 3776 σπλάγχνοις
1585 3707 1919 3776 καταμιγνύ-

348 3813 528 3865 μενον.
565 3798 773 3850 Ούκοῦν
803 3798 1111 3865 ἐπάναγκες
1134 3803 1275 3852 κατά
1294 3799 1384 3851 τὸν
1413 3799 1633 3851 δυνατὸν
1666 3802 1733 3869 τῇ
1765 3799 1923 3867 φύσει

343 3886 543 3954 τρόπον
559 3887 655 3958 τὴν
672 3888 932 3951 ζωοποιὸν
952 3890 1177 3958 δύναμιν
1195 3887 1287 3939 τοῦ
1305 3888 1619 3958 Πνεύματος
1647 3889 1919 3953 δέξασθαι.

348 3977 521 4031 Μόνον
548 3977 603 4029 δὲ
627 3978 718 4032 τοῦ
750 3974 1011 4049 Θεοδὸχου
1031 3979 1282 4049 σώματος
1313 3980 1521 4033 ἐκείνου
1544 3981 1745 4051 ταύτην
1773 3982 1923 4045 δεξα-

350 4067 512 4136 μένου
540 4069 640 4137 τὴν
678 4072 856 4139 χάριν,
880 4070 1054 4133 ἄλλως
1083 4071 1138 4123 δέ
1165 4072 1463 4141 δειχθέντος
1496 4073 1569 4143 μὴ
1603 4071 1738 4125 εἶναι
1765 4073 1923 4125 δυνα-

344 4158 436 4211 τὸν
455 4162 512 4212 ἐν
536 4159 804 4231 ἀθανασίᾳ
858 4162 1109 4226 γενέσθαι
1161 4164 1220 4216 τὸ
1268 4164 1536 4235 ἡμέτερον
1561 4165 1740 4235 σῶμα,
1767 4166 1815 4217 εἰ
1847 4164 1921 4235 μὴ

342 4249 431 4301 διὰ
451 4253 550 4320 τῆς
580 4252 715 4319 πρὸς
739 4255 798 4303 τὸ
829 4253 1094 4306 ἀθάνατον
1127 4255 1406 4318 κοινωνίας
1439 4257 1496 4308 ἐν
1538 4256 1795 4326 μετουσίᾳ⁴
1823 4260 1921 4326 τῆς

346 4341 654 4413 ἀφθαρσίας
674 4344 963 4413 γενόμενον
984 4362 996 4373 ’
1039 4346 1307 4415 σκοπῆσαι
1336 4348 1621 4417 προσήκει,
1660 4348 1775 4409 πῶς
1802 4348 1923 4414 ἐγέ-

344 4450 466 4486 νετο
490 4436 711 4488 δυνατὸν
768 4438 828 4490 τὸ
876 4438 932 4489 ἓν
968 4441 1142 4490 ἐκεῖνο
1168 4441 1325 4510 σῶμα
1349 4442 1467 4501 ταῖς
1492 4444 1779 4501 τοσαύταις
1813 4440 1920 4492 τῶν

2038 620 2229 665 nostra
2280 612 2469 664 alitur.
2531 610 2639 667 Sed
2705 610 2851 682 quod
2906 626 2969 665 ex
3007 610 3089 664 his
3154 610 3358 661 bonum
3405 607 3609 669 oritur,

2036 710 2301 769 quantum
2326 710 2411 755 est
2440 710 2495 757 et
2530 703 2711 771 quale,
2767 711 2827 754 ut
2856 716 2980 756 cum
3013 702 3133 769 ipso
3172 698 3285 754 Deo
3334 698 3499 752 homo
3534 697 3615 752 fa-

2038 796 2408 849 miliaritatem
2440 795 2639 849 habeat
2668 804 2720 849 et
2758 795 3209 858 conjunctionem
3236 792 3259 845 ?

2556 885 2784 940 CAPUT
2828 884 3088 938 XXXVII.

2108 976 2213 1031 Sed
2247 978 2507 1047 quoniam
2550 978 2714 1030 homo
2756 986 2839 1030 est
2871 976 3093 1045 duplex,
3149 983 3207 1029 ut
3240 975 3333 1043 qui
3362 974 3433 1028 sit
3454 976 3615 1026 com~'

2036 1068 2249 1136 positus
2302 1082 2364 1121 ac
2401 1076 2845 1136 contemperatus
2895 1084 2957 1121 ex
3011 1067 3189 1119 anim
3245 1076 3298 1120 et
3352 1080 3607 1133 corpore,

2037 1174 2262 1213 necesse
2301 1166 2385 1213 est
2412 1168 2471 1212 ut
2500 1161 2591 1228 qui
2623 1168 2935 1220 servantur,
2985 1175 3079 1227 per
3111 1166 3405 1226 utrumque
3440 1158 3603 1209 attin-

2035 1257 2164 1319 gant
2186 1265 2309 1303 eum
2344 1250 2439 1319 qui
2466 1249 2616 1303 ducit
2651 1249 2717 1302 ad
2749 1251 2940 1302 vitam.
2975 1250 3116 1319 Ergo
3148 1250 3331 1302 anima
3378 1247 3606 1317 quidem

2035 1357 2157 1394 cum
2188 1342 2307 1410 ipso
2332 1349 2738 1411 contemperata
2772 1358 2865 1410 per
2931 1342 3086 1395 (idem
3122 1341 3250 1393 hinc
3282 1340 3476 1394 salutis
3502 1341 3608 1393 ha-

2035 1433 2121 1486 bet
2174 1433 2540 1486 occasionem.
2600 1432 2735 1485 Nam
2770 1432 2899 1485 unio
2929 1448 3051 1485 cum
3108 1433 3217 1485 vita
3264 1433 3386 1485 vita:
3445 1431 3609 1485 habet

2035 1524 2375 1577 societatem.
2413 1524 2626 1592 Corpus
2656 1531 2836 1577 autem
2870 1524 2977 1575 alio
3011 1523 3176 1577 modo
3213 1524 3363 1576 venit
3389 1523 3454 1575 ad
3489 1538 3608 1591 par-

2034 1614 2410 1681 ticipationem
2454 1620 2508 1666 et
2557 1612 3117 1681 contemperatioueni
3172 1611 3292 1678 ejus
3319 1610 3462 1678 quod
3512 1611 3607 1663 dat

2034 1705 2287 1757 salutem.
2331 1702 2451 1768 Quo
2475 1702 2637 1755 modo
2666 1704 2807 1755 enim
2842 1701 2933 1769 qui
2957 1716 3223 1754 venenum
3249 1707 3606 1768 sumpserunt

2032 1794 2159 1847 dolo
2203 1801 2257 1847 et
2284 1810 2349 1846 ex
2380 1793 2627 1851 insidiis.
2662 1792 2768 1844 alio
2805 1792 3201 1845 medicamento
3246 1792 3605 1859 cxstinguunt

2032 1888 2137 1939 vim
2178 1901 2298 1954 qum
2328 1885 2484 1938 adert
2536 1886 2850 1947 interitum,
2890 1893 3102 1953 oportet
3130 1894 3308 1937 autem
3343 1884 3483 1938 sicut
3507 1901 3605 1938 ex-

2031 1980 2200 2037 iliale.
2229 1979 2301 2032 ita
2354 1978 2520 2031 etiam
2588 1977 2829 2030 salutare
2882 1976 3341 2029 medicamentum
3385 1975 3600 2029 admitti

2031 2072 2173 2125 intra
2227 2070 2439 2123 viscera
2472 2067 2733 2132 hominis,
2779 2076 2836 2119 ut
2883 2081 2978 2135 per
3013 2066 3103 2119 illa
3139 2066 3503 2120 distribuatur
3547 2068 3603 2119 in

2031 2163 2347 2217 universum
2383 2175 2587 2229 corpus
2616 2160 2788 2211 virtus
2817 2158 2936 2225 ejus
2980 2159 3124 2224 quod
3175 2158 3279 2210 fert
3308 2173 3465 2225 opem
3492 2160 3603 2210 :ita

2029 2268 2152 2315 cum
2186 2253 2236 2304 id
2268 2250 2670 2320 gustaverimus
2698 2250 2844 2317 quod
2875 2258 3117 2301 nostram
3147 2249 3401 2301 dissolvit
3437 2258 3603 2301 natu-

2030 2360 2166 2405 ram,
2199 2359 2395 2397 rursus
2422 2358 2650 2396 necesse
2678 2350 2762 2395 est
2793 2352 2849 2394 ut
2870 2342 3325 2410 opushabcamus
3356 2357 3420 2395 eo
3443 2341 3592 2409 quod

2028 2433 2175 2501 cogit
2210 2447 2272 2486 ac
2298 2432 2556 2485 conciliat
2581 2432 2634 2485 id
2669 2432 2813 2500 quod
2852 2441 2968 2487 erat
2997 2432 3350 2498 dissolutum,
3377 2441 3437 2485 ut
3465 2448 3594 2486 cum

2028 2526 2171 2578 intra
2206 2541 2305 2579 nos
2336 2524 2497 2580 fuerit
2526 2525 2627 2578 hoc
2644 2524 3595 2586 salutaremedicamentum,veneni

2028 2616 2310 2680 damnum,
2364 2617 2508 2686 quod
2532 2619 2748 2689 corpori
2780 2617 2957 2671 fuerat
3011 2616 3265 2679 inditum,
3323 2632 3419 2685 per
3464 2632 3599 2671 con-

2027 2708 2254 2759 trariam
2289 2709 2519 2776 repellat
2558 2708 2925 2762 allectiouem.
2981 2706 3124 2772 Quid
3160 2707 3263 2760 hoc
3289 2722 3419 2775 ergo
3471 2707 3601 2761 est?

2026 2797 2167 2852 Nihil
2197 2798 2347 2852 aliud
2381 2814 2544 2867 quam
2574 2798 2706 2851 illud
2740 2813 2966 2867 corpus,
3009 2797 3159 2863 quod
3192 2808 3247 2851 et
3288 2804 3466 2852 morte
3502 2812 3599 2853 os-

2026 2897 2240 2943 tensum
2282 2890 2386 2944 fuit
2415 2906 2538 2945 esse
2585 2892 2887 2960 potentius,
2949 2897 3004 2945 et
3062 2898 3266 2945 nostrae
3319 2891 3445 2944 vitae
3496 2889 3601 2943 fuit

2026 2981 2265 3034 initium.
2297 2981 2581 3045 Quomodo
2613 2983 2760 3036 enim
2789 2998 2981 3051 parum
3023 2982 3302 3044 fermenti,
3364 2990 3423 3035 ut
3463 2982 3599 3036 dicit

2021 3069 2318 3138 Apostolus
2338 3072 2403 3135 ⁸³,
2423 3070 2526 3126 sibi
2544 3072 2812 3126 assimilat
2831 3079 3001 3126 totam
3024 3073 3496 3143 conspersionem.
3523 3073 3598 3126 ita

2027 3178 2227 3231 corpus
2250 3176 2280 3215 a
2313 3161 2421 3216 Deo
2445 3171 2617 3215 morte
2652 3160 2905 3216 affectum
2947 3178 3073 3216 cttm
3116 3162 3281 3217 fuerit
3324 3163 3465 3216 intra
3498 3178 3600 3217 no-

2030 3260 2229 3313 strum,
2259 3259 2432 3305 totum
2461 3252 2528 3305 ad
2554 3266 2613 3305 se
2645 3259 2978 3306 transmutat
3022 3263 3072 3307 et
3105 3252 3391 3307 transfert.
3440 3253 3593 3318 Quo-

2026 3344 2190 3398 modo
2228 3344 2372 3397 enim
2398 3358 2523 3397 cum
2560 3343 2706 3412 quod
2734 3350 2819 3397 est
2848 3343 3091 3406 exitiale,
3141 3344 3364 3398 mistum
3425 3342 3595 3399 fuerit

2025 3450 2150 3489 cum
2211 3450 2367 3499 sano,
2436 3434 2699 3503 quidquid
2756 3442 2840 3488 est
2898 3443 3387 3504 contemperatum,
3435 3436 3599 3490 simul

2026 3526 2276 3579 redditur
2307 3524 2526 3590 inutile,
2561 3523 2633 3577 ita
2666 3524 2829 3576 etiam
2875 3538 3077 3591 corpus
3127 3523 3437 3577 immortale
3464 3537 3591 3575 cum

2027 3613 2189 3667 fuerit
2221 3614 2362 3666 intra
2392 3628 2517 3666 eum
2572 3612 2664 3680 qui
2702 3612 2959 3679 sumpsit,
3010 3611 3327 3666 universum
3373 3626 3595 3681 quoque

2027 3714 2358 3760 transmutat
2407 3708 2460 3758 in
2495 3720 2649 3758 suam
2685 3713 2962 3758 naturam.
3031 3702 3138 3758 Sed
3196 3704 3314 3758 ﬁeri
3352 3720 3463 3758 non
3499 3720 3598 3774 po—

2024 3803 2135 3850 test
2167 3804 2226 3848 ut
2273 3797 2347 3849 sit
2394 3794 2601 3863 aliquid
2653 3794 2812 3847 aliter
2868 3794 3008 3845 intra
3061 3808 3284 3863 corpus,
3344 3794 3449 3848 nisi
3502 3809 3601 3863 per

2024 3902 2177 3942 esum
2223 3894 2278 3941 et
2314 3887 2590 3955 potionem
2642 3887 2941 3940 misceatur
2996 3886 3321 3941 visceribus.
3362 3884 3601 3941 Necesse

2024 3988 2108 4034 est
2130 3994 2282 4049 ergo,
2312 3995 2379 4033 eo
2414 3977 2577 4032 modo
2608 3992 2719 4046 quo
2753 3985 2948 4029 natura
2996 3984 3197 4045 potest,
3227 3974 3466 4046 Spiritus
3516 3980 3600 4031 vi-

2025 4072 2238 4124 viﬁcam
2286 4068 2569 4137 suscipere
2619 4069 2894 4120 virtutem.
2936 4065 3073 4119 Cum
3106 4073 3287 4119 autem
3320 4066 3495 4120 solum
3534 4066 3600 4118 il-

2024 4163 2116 4218 lud
2152 4178 2353 4228 corpus
2400 4159 2546 4230 quod
2608 4158 2775 4213 Deum
2836 4157 3100 4226 suscepit,
3153 4158 3297 4209 hanc
3360 4158 3593 4226 gratiam

2024 4256 2319 4325 acceperit,
2396 4262 2679 4307 ostensum
2736 4250 2809 4306 sit
2865 4258 3047 4303 autem
3090 4249 3252 4303 aliter
3302 4249 3418 4303 ﬁeri
3484 4263 3595 4302 non

2025 4363 2204 4418 posse,
2276 4353 2335 4399 ut
2375 4353 2625 4398 nostrum
2683 4357 2883 4411 corpus
2930 4342 3001 4395 sit
3058 4341 3114 4394 in
3156 4339 3594 4403 immortalitate,

2024 4441 2128 4494 nisi
2164 4455 2260 4510 per
2288 4437 2730 4492 communionem
2777 4450 2900 4487 cum
2946 4432 3234 4487 immortali
3278 4432 3477 4485 factum
3527 4433 3598 4486 sit

342 4526 548 4578 πιστῶν
590 4529 813 4597 μυριάσι
846 4530 986 4583 κατά
1024 4532 1201 4583 πᾶσαν
1244 4531 1339 4600 τὴν
1377 4531 1701 4601 οἰκουμένην
1730 4531 1920 4583 ,εἰσαεὶ

2028 4534 2294 4603 particeps
2322 4527 2786 4596 incorruptionis:
2818 4533 3029 4593 Oportet
3054 4524 3424 4590 considerare,
3456 4537 3599 4592 quo-

340 4618 856 4691 καταμεριζόμενον,
892 4622 1010 4674 ὅλον
1044 4624 1101 4674 ἐν
1131 4624 1342 4693 ἑκάστῳ
1374 4622 1462 4675 διὰ
1475 4622 1568 4675 τοῦ
1606 4622 1801 4692 μέρους
1830 4640 1921 4690 γε-

339 4710 547 4769 νέσθαι,
576 4713 669 4764 καὶ
718 4714 850 4766 αὐτὸ
893 4715 1071 4784 μένειν
1098 4717 1181 4784 ἐφ’
1211 4715 1403 4768 ἐαυτοῦ
1433 4715 1572 4768 ὅλον.
1607 4716 1814 4768 Οὐκοῦν
1844 4716 1920 4779 ὡς

340 4802 408 4855 ἂν
456 4803 593 4873 πρὸς
646 4804 707 4855 τὸ
738 4805 1025 4859 ἀκόλουθον
1059 4809 1188 4877 ἡμῖν
1217 4809 1251 4876 ἡ
1277 4807 1454 4870 πίστις
1483 4807 1773 4875 βλέπουσα,
1812 4826 1919 4878 μη-

338 4892 530 4963 δεμίαν
586 4896 914 4963 ἀμφιϐολίαν
957 4898 1084 4969 περὶ
1125 4897 1220 4950 τοῦ
1262 4897 1621 4969 προκειμένου
1650 4899 1920 4968 νοήματος

339 4987 473 5055 ἔχοι,
510 4989 700 5057 μικρόν
734 5006 782 5040 τι
804 4992 1070 5059 προσήκει
1102 4989 1515 5059 παρασχολῆσαι
1544 4990 1635 5041 τὸν
1663 4989 1818 5057 λόγον
1839 4992 1920 5051 είς

338 5077 437 5146 τὴν
466 5080 809 5146 φυσιολογίαν
848 5078 940 5132 τοῦ
987 5079 1256 5150 σώματος.
1286 5081 1381 5144 Τίς
1407 5082 1514 5151 γὰρ
1546 5082 1645 5134 οὐκ
1676 5080 1813 5135 οἶδεν
1836 5083 1918 5133 ὅτι

339 5173 371 5239 ἡ
402 5170 491 5222 τοῦ
522 5170 772 5240 σώματος
803 5174 834 5241 ἡ
846 5172 960 5241 μῶν
980 5172 1137 5242 φύσις
1172 5173 1308 5243 αὑτὴ
1345 5174 1465 5226 καθ’
1502 5175 1699 5243 ἐαυτὴν
1732 5176 1787 5225 ἐν
1815 5175 1919 5243 ἰδίᾳ

337 5261 442 5311 τινὶ
486 5262 777 5313 ὑποστάσει
816 5262 958 5331 ζωὴν
1015 5265 1115 5316 οὐκ
1156 5265 1303 5333 ἔχει’
1345 5265 1477 5318 ἀλλὰ
1504 5266 1590 5319 διά
1632 5270 1729 5336 τῆς
1761 5269 1918 5337 ἐπιρο

338 5351 570 5422 ῥεούσης
596 5354 731 5422 αὐτῇ
785 5355 1065 5423 δυνάμεως
1095 5357 1303 5427 συνέχει
1330 5375 1387 5409 τε
1417 5360 1613 5429 ἑαυτὴν
1639 5360 1733 5412 καὶ
1762 5362 1819 5411 ἐν
1842 5359 1920 5428 τῷ

336 5441 477 5498 εἶναι
508 5445 678 5515 μένει,
703 5448 967 5517 ἀπαύστῳ
988 5452 1194 5519 κινήσει
1214 5450 1274 5502 τὸ
1298 5450 1539 5503 ἐλλεῖπον
1568 5451 1701 5521 πρὸς
1723 5451 1920 5521 ἑαυτὴν

336 5536 696 5607 ἐφελκομένη,
754 5540 847 5591 καὶ
899 5540 958 5591 τὸ
1017 5540 1333 5610 περιττεῦον
1391 5542 1769 5610 ἀπωθουμένη.
1808 5543 1919 5595 Καὶ

337 5626 527 5699 ὥσπερ
559 5628 643 5692 τὶς
674 5630 840 5694 ἀσκὸς
864 5632 1029 5703 ὑγροῦ
1058 5650 1198 5697 τινος
1233 5635 1444 5706 πλήρης
1473 5634 1567 5698 ὢν,
1594 5638 1641 5687 εἰ
1668 5634 1807 5687 κατά
1827 5634 1919 5686 τὸν

447 5809 494 5842 ³⁸
523 5809 688 5865 lCor.
725 5828 776 5875 ν,
807 5812 860 5871 6,

2026 4624 2189 4678 modo
2237 4621 2352 4675 ﬁeri
2394 4619 2667 4689 poluerit,
2709 4627 2768 4670 ut
2815 4632 2982 4669 unum
3021 4614 3153 4669 illud
3187 4630 3417 4683 corpus,
3453 4613 3601 4683 quod

2026 4723 2136 4768 tam
2170 4712 2357 4766 multis
2386 4710 2623 4765 lidelium
2672 4708 2914 4763 millibus
2958 4708 3012 4760 in
3047 4708 3304 4760 universo
3335 4706 3466 4760 orbe
3499 4715 3603 4760 ter-

2024 4820 2209 4860 rarum
2242 4817 2452 4871 semper
2497 4799 2863 4863 distribuitur,
2914 4806 3087 4851 totum
3128 4812 3224 4866 per
3273 4804 3479 4867 partem
3530 4797 3601 4850 sit

2026 4898 2081 4950 in
2120 4908 2485 4964 unoquoque,
2530 4899 2583 4945 et
2624 4892 2801 4959 ipsum
2846 4888 2901 4941 in
2940 4904 2999 4944 se
3026 4896 3200 4941 totum
3252 4893 3489 4941 maneat.
3533 4885 3602 4941 Ut

2026 5007 2156 5062 ergo
2188 4990 2319 5043 ﬁdes
2365 4988 2434 5042 ad
2478 4988 2528 5042 id
2580 4986 2725 5056 quod
2779 4992 2863 5039 est
2906 4999 3250 5053 consequens
3299 4984 3598 5052 aspiciens,

2024 5082 2092 5135 de
2138 5095 2302 5135 sensu
2350 5078 2632 5147 proposito
2681 5074 2888 5128 nullam
2936 5074 3133 5128 habeat
3170 5074 3598 5138 dubitationem,

2021 5178 2236 5241 oportet
2269 5176 2511 5222 nostram
2550 5167 2853 5219 orationem
2901 5166 3177 5234 paulisper
3215 5164 3494 5217 immorari
3545 5165 3599 5217 in

2026 5261 2259 5315 naturali
2290 5258 2537 5327 corporis
2576 5258 3032 5312 consideratione.
3068 5255 3201 5321 Quis
3233 5257 3376 5311 enim
3425 5257 3601 5310 nescit

2025 5354 2170 5423 quod
2228 5351 2404 5406 nostri
2486 5350 2735 5419 corporis
2791 5357 2985 5403 natura
3057 5350 3172 5420 ipsa
3226 5365 3320 5419 per
3374 5364 3432 5403 se
3490 5364 3598 5401 non

2028 5445 2191 5500 habet
2228 5444 2395 5497 vitam
2433 5443 2487 5496 in
2530 5441 2764 5512 quadam
2806 5442 3026 5511 propria
3069 5441 3313 5511 corporis
3348 5442 3600 5494 substan-

2028 5543 2140 5606 tia,
2201 5540 2296 5595 sed
2349 5554 2445 5609 per
2513 5537 2805 5606 quamdam
2870 5536 3174 5589 allluentcm
3239 5534 3287 5587 ei
3340 5534 3598 5587 virtutem

2028 5642 2082 5687 et
2114 5633 2351 5701 seipsam
2391 5632 2667 5696 continet,
2699 5639 2751 5685 et
2784 5640 2964 5685 manet
2997 5630 3053 5683 in
3086 5627 3326 5683 essentia
3346 5666 3361 5690 ,
3406 5639 3599 5695 perpe-
