4066 6374
321 393 391 448 97
938 354 939 357 ὁ
1396 430 1397 433 γ
1523 392 1784 450 ORATIO
1811 389 2317 449 CATECIIETICA.
3524 389 3597 445 98

324 510 418 562 νῦν
452 508 510 561 τὸ
538 502 654 561 ἴσον
677 508 903 576 γίνεται.
945 511 1092 564 Ἑκεί
1116 528 1175 564 τε
1205 510 1314 581 γὰρ
1341 511 1374 581 ἡ
1407 510 1501 564 τοῦ
1533 512 1706 580 Λόγου
1735 511 1902 584 χάρις.

2020 508 2277 561 virtutem
2299 546 2315 570 ,
2352 521 2449 577 per
2480 506 2621 560 idem
2655 520 2804 558 nunc
2833 504 2892 558 ﬁt
2924 503 3199 559 similiter.
3230 501 3367 556 Nam
3401 511 3455 557 et
3484 503 3598 561 illic

323 600 475 668 ἅγιον
504 600 734 653 ἐποιεῖτο
764 603 944 673 σῶμα,
968 594 1012 670 ᾧ
1042 605 1108 657 ἐκ
1136 603 1227 656 τοῦ
1275 602 1440 674 ἄρτου
1470 604 1503 674 ὴ
1539 602 1794 664 σύστασις
1818 597 1908 671 ἦν,

322 692 412 743 καὶ
444 691 643 760 τρόπον
674 689 796 743 τινὰ
826 693 921 745 καὶ
964 692 1096 745 αὐτὸ
1123 692 1284 763 ἄρτος
1321 688 1417 763 ἦν·
1452 689 1685 744 ἐνταῦθά
1714 708 1772 744 τε
1803 691 1910 743 ὡσ-

314 782 497 845 αύτως
528 785 556 835 ὁ
584 782 767 854 ἄρτος,
816 783 1001 847 καθώς
1034 802 1200 856 φησιν
1247 787 1275 838 ὁ
1314 783 1654 847 Ἀπόστολος,
1688 782 1911 850 ἁγιάζε-

314 890 403 927 ται
435 873 524 927 διὰ
550 875 725 943 Λόγου
756 874 890 929 Θεοῦ
940 877 1032 929 καὶ
1074 876 1384 942 ἐντεύξεως,
1425 876 1486 929 ού
1529 875 1617 928 διὰ
1657 873 1910 944 βρώσεως

314 966 409 1016 καὶ
437 964 653 1028 πόσεως
679 965 883 1035 προῖὼν
914 969 993 1028 είς
1030 967 1091 1019 τὸ
1122 968 1277 1038 σῶμα
1304 966 1396 1020 τοῦ
1443 966 1635 1035 Λόγου,
1669 965 1784 1019 ἀλλ’
1816 965 1907 1018 εύ-

316 1053 412 1118 Ob;
437 1055 578 1125 πρὸς
602 1056 661 1108 τὸ
695 1056 852 1127 σῶμα
883 1055 976 1109 τοῦ
1007 1057 1180 1127 Λόγου
1213 1057 1691 1128 μεταποιούμενος,
1728 1055 1909 1118 καθὼς

313 1145 533 1216 εἴρηται
583 1146 689 1198 ὑπὸ
728 1148 821 1199 τοῦ
862 1148 1057 1217 Λόγου,
1088 1150 1169 1202 ὅτι
1221 1148 1408 1203 Τοῦτό
1449 1151 1579 1203 ἐστι
1631 1148 1698 1201 τὸ
1735 1146 1908 1216 σῶμά

308 1254 448 1305 μου.
492 1238 683 1309 Πάσης
717 1239 772 1292 δέ
807 1239 1007 1311 σαρκὸς
1043 1242 1135 1293 καὶ
1180 1240 1267 1294 διὰ
1312 1240 1406 1295 τοῦ
1440 1241 1606 1313 ὑγροῦ
1640 1240 1907 1311 τρεφομέ-

317 1329 517 1397 μένης·
559 1330 618 1381 ού
660 1331 767 1401 γὰρ
801 1332 867 1384 ἂν
896 1333 1018 1402 δίχα
1048 1333 1147 1402 τῆς
1192 1333 1328 1404 πρὸς
1358 1334 1513 1387 τοῦτο
1549 1333 1810 1401 συζυγίας
1845 1333 1907 1386 τὸ

309 1420 369 1470 ὲν
397 1420 531 1489 ἡμῖν
563 1421 764 1488 γεῶδες
804 1424 862 1474 ἐν
906 1421 982 1492 τῷ
1017 1423 1115 1493 ζῆν
1162 1423 1421 1494 διαμένοι.
1453 1426 1663 1494 ’Ὠσπερ
1693 1424 1780 1477 διὰ
1807 1423 1905 1493 τῆς

316 1514 549 1581 στερρᾶς
583 1514 676 1565 καὶ
712 1515 1005 1568 ἀντιτύπου
1050 1516 1253 1587 τροφῆς
1296 1517 1357 1569 τὸ
1396 1517 1620 1588 στερρὸν
1658 1515 1753 1569 τοῦ
1800 1521 1906 1569 σώ-

315 1618 484 1670 ματος
530 1602 1002 1674 ὑποστηρίζομενθ
1064 1606 1155 1658 τὸν
1210 1606 1371 1660 αὐτὸν
1417 1607 1619 1678 τρόπον
1673 1608 1767 1661 καὶ
1826 1607 1904 1679 τῷ

316 1693 465 1763 ὑγρῷ
493 1693 592 1764 τὴν
640 1697 956 1768 προσθήκην
1005 1700 1071 1750 ἐκ
1116 1699 1214 1767 τῆς
1261 1700 1567 1771 ὁμογενοῦς
1604 1701 1905 1773 ποιούμεθα

312 1784 547 1851 φύσεως.
581 1787 759 1858 Ὅπερ
792 1788 851 1839 ἐν
889 1789 1018 1858 ἡμῖν
1060 1789 1369 1860 γενόμενον,
1407 1791 1496 1845 διὰ
1526 1792 1628 1863 τῆς
1674 1792 1899 1846 ἀλλοιω-

309 1879 467 1948 τικῆς
500 1878 787 1947 δυνάμεως
815 1879 1223 1949 ἐξαιματοῦται,
1256 1884 1349 1937 καὶ
1378 1884 1613 1953 μάλιστά
1642 1901 1704 1953 γε
1739 1888 1786 1938 εί
1815 1884 1902 1938 διὰ

308 1967 404 2019 τοῦ
441 1967 587 2021 οἴνου
627 1968 779 2023 λάϐοι
805 1972 905 2042 τὴν
936 1972 1165 2044 δύναμιν
1204 1976 1340 2045 πρὸς
1367 1976 1465 2042 τὴν
1498 1979 1578 2040 είς
1609 1978 1669 2030 τὸ
1703 1979 1901 2048 θερμὸν

310 2060 693 2131 μεταποίησιν.
736 2062 889 2114 Ἐπεὶ
939 2060 1031 2118 οὖν
1070 2066 1165 2118 καὶ
1204 2067 1361 2119 τοῦτο
1392 2068 1555 2139 μέρος
1586 2071 1619 2139 ἡ
1660 2068 1903 2140 θεοδόχος

311 2150 520 2203 ἐκείνου
549 2152 689 2221 σὰρξ
718 2153 853 2224 πρὸς
885 2155 982 2225 τὴν
1017 2156 1274 2212 σύστασιν
1307 2160 1504 2231 ἐαυτῆς
1535 2161 1865 2231 παρεδέξατο
1884 2179 1897 2193 ·

310 2244 339 2296 ὁ
372 2243 429 2295 δὲ
470 2244 809 2315 φανερωθεὶς
849 2247 1021 2316 Λόγος
1052 2249 1137 2303 διὰ
1170 2251 1327 2304 τοῦτο
1379 2252 1667 2321 κατέμιξεν
1710 2255 1901 2309 ἑαυτὸν

310 2336 374 2405 τῇ
403 2336 657 2406 ἐπικήρῳ
680 2336 787 2389 τῶν
818 2338 1123 2409 ἀνθρώπων
1151 2341 1329 2410 φύσει,
1367 2342 1454 2396 ἵνα
1482 2348 1550 2415 τῇ
1578 2348 1675 2415 τῆς
1709 2345 1901 2417 θεότη-

308 2439 398 2485 τος
427 2425 684 2496 κοινωνίᾳ
719 2430 1176 2501 συναποθεωρηθῇ
1207 2432 1267 2485 τὸ
1309 2433 1649 2506 ἀνθρώπινον
1669 2454 1681 2467 ·
1710 2437 1898 2490 τούτου

311 2511 466 2581 Χάριν
509 2514 647 2566 πᾶσι
676 2518 789 2579 τοῖς
832 2522 1222 2574 πεπιστευκόσι
1249 2525 1314 2593 τῇ
1358 2525 1638 2597 οἶκονομίᾳ
1674 2527 1772 2598 τῆς
1803 2529 1901 2599 Χά⁴

314 2620 458 2672 ριτος
492 2605 687 2657 ἐαυτὸν
731 2608 1007 2681 ἐνσπείρει
1057 2611 1144 2665 διά
1198 2614 1299 2685 τῆς
1346 2617 1568 2686 σαρκὸς,
1615 2613 1762 2690 οἷςή
1806 2619 1901 2673 σύ·-

317 2711 504 2760 στασις
536 2696 599 2761 ἐξ
640 2697 782 2751 οἴνου
814 2716 870 2751 τε
921 2702 1015 2754 καὶ
1045 2703 1208 2773 ἄρτου
1237 2707 1373 2771 ἐστὶ,
1397 2711 1509 2772 τοῖς
1553 2708 1769 2780 σώμασι
1792 2711 1900 2763 τῶν

312 2790 752 2843 πεπιστευκότων
789 2796 1275 2866 κατακιρνάμενος,
1314 2800 1392 2863 ὡς
1435 2801 1500 2854 ἂν
1542 2804 1608 2872 τῇ
1660 2802 1796 2870 πρὸς
1840 2803 1900 2855 τὸ

310 2878 573 2933 ἀθάνατον
604 2880 816 2947 ἐνώσει,
846 2885 939 2937 καὶ
968 2885 1253 2958 ἄνθρωπος
1283 2891 1381 2961 τῆς
1401 2890 1710 2962 ἀφθαρσίας
1740 2892 1901 2962 μέτο-

308 2988 398 3039 χος
436 2974 668 3040 γένοιτο.
696 2974 879 3029 Ταῦτα
913 2977 968 3030 δὲ
1002 2978 1206 3045 δίδωσι,
1231 2985 1298 3054 τῇ
1327 2985 1427 3054 τῆς
1454 2985 1705 3053 εὐλογίας
1737 2986 1897 3040 δυνά-

314 3078 401 3128 μει
443 3065 581 3134 πρὸς
638 3066 814 3117 ἐκεῖνο
860 3069 1350 3140 μεταστοιχειώσας
1404 3071 1513 3125 τῶν
1562 3073 1901 3143 φαινομένων

310 3152 405 3225 τὴν
438 3154 625 3223 φύσιν.

894 3252 1149 3304 ΚΕΦΑΛ.
1186 3253 1312 3321 Λιιν.

380 3340 541 3392 Οὐδὲν
574 3336 724 3409 οἶμαι
765 3342 877 3404 τοῖς
912 3342 1224 3413 εἰρημένοις
1268 3345 1437 3398 ἐνδεῖν
1479 3346 1591 3401 τῶν
1635 3348 1765 3420 περί¹
1809 3347 1901 3401 τοῦ

313 3432 614 3501 μυστηρίου
663 3432 1041 3501 ζητουμένων,
1080 3434 1219 3505 πλὴν
1255 3435 1349 3489 τοῦ
1396 3437 1540 3491 κατὰ
1586 3438 1686 3510 τὴν
1720 3438 1903 3491 πίστιν

313 3520 487 3589 λόγου,
517 3524 579 3575 ὃν
614 3524 679 3575 δι’
709 3524 888 3591 ὀλίγου
924 3526 1022 3595 μὲν
1048 3528 1142 3580 καὶ
1177 3528 1268 3580 ἐπὶ
1301 3530 1399 3599 τῆς
1428 3530 1710 3602 παρούσης
1739 3532 1904 3602 ἐκθη-

316 3614 512 3683 σόμεθα
546 3616 951 3684 πραγματείας.
991 3617 1116 3680 Τοῖς
1144 3617 1199 3670 δέ
1224 3618 1316 3671 τὸν
1348 3620 1681 3693 τελειότερον
1710 3624 1901 3693 ἐπιζη-

313 3710 459 3763 τοῦσι
489 3711 670 3778 λόγον,
699 3710 799 3782 ἤδη
826 3710 1227 3781 προεξεθέμεθα
1258 3713 1316 3764 ἐν
1348 3713 1554 3783 ἑτέροις
1582 3714 1787 3779 πόνοις,
1817 3714 1905 3768 διὰ

313 3801 409 3870 τῆς
458 3803 695 3873 δυνατῆς
734 3804 865 3872 ἡμῖν
905 3804 1139 3873 σπουδῆς
1189 3806 1247 3857 ἐν
1300 3806 1556 3877 ἀκριϐείᾳ
1608 3806 1700 3860 τὸν
1748 3806 1903 3875 λόγον

316 3893 683 3959 ἀπλὼσαντες.
731 3895 819 3947 Ἐν
852 3889 931 3958 οἷς
960 3896 1095 3967 πρός
1130 3913 1190 3949 τε
1235 3897 1362 3961 τοὺς
1400 3898 1673 3962 ἐναντίους
1706 3901 1903 3970 ἀγωνι-

317 3988 508 4052 στικῶς
555 3987 991 4059 συνεπλάκημεν,
1036 3990 1128 4042 καὶ
1182 3989 1301 4043 καθ’
1357 3992 1583 4054 ἑαυτοὺς
1626 3993 1756 4063 περὶ
1793 3992 1902 4047 τῶν

317 4076 771 4154 προσφερομένων
802 4086 936 4154 ἡμῖν
965 4081 1295 4152 ζητημάτων
1330 4083 1772 4155 ἐπεσκεψάμεθα.
1813 4083 1903 4155 Τῷ

315 4171 618 4243 δὲπαρὸντι
660 4174 802 4244 λόγῳ
852 4173 1101 4226 τοσοῦτον
1133 4175 1308 4226 είπεῖν
1357 4175 1487 4244 περὶ
1532 4178 1630 4245 τῆς
1668 4176 1902 4241 πίστεως

316 4264 487 4326 καλῶς
520 4264 663 4333 ἔχειν
701 4266 981 4337 ᾠήθημεν,
1024 4268 1148 4319 ὅσον
1181 4267 1214 4336 ή
1243 4265 1339 4319 τοῦ
1378 4267 1711 4335 Εύαγγελίου
1747 4286 1903 4340 περι-

316 4354 423 4423 έχει
452 4358 625 4425 φωνὴ,
660 4358 870 4411 καὶτὸν
899 4356 1234 4428 γεννώμενον
1276 4358 1417 4411 κατά
1456 4358 1556 4428 τὴν
1602 4377 1900 4429 πνευματι-

316 4444 413 4513 κὴν
446 4446 819 4517 ἀναγέννησιν,
873 4447 1070 4499 εἰδέναι
1124 4447 1275 4517 παρά
1311 4448 1453 4510 τίνος
1495 4449 1771 4515 γεννᾶται,
1808 4453 1901 4505 καὶ

2017 598 2177 655 Verbi
2205 598 2380 665 gratia
2408 605 2658 652 sanctum
2687 597 2817 651 fecit
2842 610 3063 665 corpus,
3090 595 3179 647 cui
3205 609 3271 648 ex
3309 609 3450 664 pane
3478 602 3597 647 erat

2012 690 2320 746 substantia
2342 729 2358 753 ,
2384 697 2439 743 et.
2470 688 2872 756 quodammodo
2901 687 3078 757 ipsum
3109 701 3328 756 quoque
3354 694 3474 742 erat
3503 702 3600 753 pa-

2011 783 2100 838 nis
2126 802 2137 837 :
2176 792 2228 836 et
2256 782 2347 835 hic
2375 781 2627 835 similiter
2659 780 2814 847 panis
2834 817 2848 839 ,
2878 780 3021 833 sicut
3049 778 3179 832 dicit
3212 777 3593 848 Apostolus",

2011 874 2390 929 sanctiﬁcatur
2412 888 2509 941 per
2532 870 2770 926 Verbum
2807 870 2899 924 Dei
2930 878 2985 925 et
3010 872 3313 925 orationem
3337 909 3350 933 ,
3385 885 3495 923 non
3526 884 3594 924 eo

2008 966 2228 1035 quidem
2252 964 2396 1033 quod
2422 964 2545 1017 cibo
2568 963 2839 1015 mediante
2863 961 2917 1014 in
2942 960 3102 1015 Verbi
3129 976 3331 1030 corpus
3354 961 3591 1025 evadat,
3652 972 3670 1033 ελ

2010 1056 2106 1111 sed
2148 1056 2294 1125 quod
2331 1055 2515 1110 statim
2564 1068 2657 1123 per
2690 1052 2922 1107 Verbum
2974 1051 3027 1104 in
3070 1066 3272 1119 corpus
3318 1063 3596 1104 transum—

2010 1156 2177 1211 tetur,
2225 1148 2368 1202 sicut
2408 1148 2617 1201 dictum
2663 1155 2746 1200 est
2789 1160 2817 1199 a
2856 1144 3069 1208 Verbo,
3122 1144 3238 1198 Hoc
3281 1154 3357 1199 est
3400 1160 3590 1213 corpus

2008 1257 2181 1295 meum
2214 1241 2278 1293 ’⁵.
2308 1238 2443 1293 Cum
2475 1248 2657 1293 autem
2690 1238 2874 1293 omnis
2918 1254 3047 1292 caro
3092 1238 3271 1290 alatur
3299 1238 3461 1291 etiam
3494 1253 3592 1307 per

2008 1332 2329 1396 humorem;
2358 1346 2535 1400 neque
2563 1330 2707 1384 enim
2740 1328 2844 1383 nisi
2871 1345 2996 1383 cum
3027 1344 3093 1383 eo
3119 1331 3506 1399 conjungatur,
3536 1330 3591 1382 id

2006 1422 2152 1489 quod
2202 1432 2287 1476 est
2320 1423 2374 1474 in
2416 1421 2576 1475 nobis
2616 1428 2909 1484 terrestre,
2957 1419 3011 1473 in
3054 1420 3163 1473 vita
3207 1420 3587 1489 permanserit.

2006 1513 2297 1578 Quomodo
2320 1521 2502 1567 autem
2536 1528 2633 1581 per
2665 1512 2864 1566 durum
2902 1521 2960 1566 et
2990 1512 3224 1568 solidum
3269 1512 3589 1565 alimentum

2006 1606 2333 1660 soliditatem
2364 1604 2615 1673 corporis
2644 1601 2903 1659 fulcimus
2930 1618 2994 1657 ac
3021 1603 3332 1657 stabilimus
3356 1642 3371 1667 ,
3400 1601 3587 1656 eodem

2005 1697 2167 1751 m0do
2215 1697 2381 1751 etiam
2436 1696 2654 1750 humori
2708 1695 3059 1765 adjungimus
3108 1694 3478 1749 accessionem
3522 1708 3589 1746 ex

2006 1795 2203 1840 natura
2235 1786 2479 1855 ejusdem
2517 1785 2755 1856 generis.
2792 1786 2896 1851 Qui
2928 1785 3148 1854 quidem
3178 1800 3301 1838 cum
3336 1784 3502 1837 fuerit
3535 1784 3589 1835 in

2010 1878 2170 1934 nobis
2191 1918 2207 1942 ,
2234 1894 2329 1948 per
2357 1876 2627 1931 alterandi
2661 1877 2979 1931 facultatem
3011 1876 3072 1930 ﬁt
3103 1876 3327 1946 sanguis
3347 1915 3363 1939 ,
3394 1884 3447 1930 et
3473 1890 3592 1928 ma-

2009 1970 2154 2022 xime
2179 1968 2223 2022 si
2257 1982 2352 2037 per
2376 1968 2562 2021 vinum
2596 1968 2868 2037 acceperit
2896 1968 3152 2022 virtutem
3183 1967 3589 2021 transmutandi

2008 2061 2065 2115 in
2096 2060 2359 2114 calidum.
2391 2059 2661 2125 Quoniam
2697 2075 2826 2129 ergo
2850 2052 2992 2113 hanc
3018 2075 3237 2130 quoque
3268 2067 3479 2130 partem
3506 2074 3593 2115 ac-

2007 2152 2151 2221 cepit
2190 2165 2320 2205 caro
2352 2152 2444 2204 illa
2490 2150 2584 2206 Dei
2640 2152 2948 2219 susceptrix
3001 2150 3066 2203 ad
3117 2149 3208 2205 Dei
3243 2150 3592 2205 constitutio-

2006 2255 2173 2294 nem:
2228 2240 2643 2295 manifestatum
2697 2250 2879 2295 autem
2917 2240 3151 2294 Verbum
3200 2250 3486 2311 propterea
3532 2257 3592 2296 se

2008 2331 2304 2385 admiscuit
2354 2332 2597 2385 interitui
2652 2332 2904 2386 obnoxia:
2944 2331 3226 2386 hominum
3252 2341 3494 2399 natura},
3529 2341 3592 2387 ut

2007 2424 2397 2480 communione
2432 2424 2739 2478 divinitatis
2769 2424 2932 2479 simul
2963 2427 3127 2479 etiam
3174 2424 3460 2479 deilicetur
3490 2425 3593 2479 hu-

2008 2517 2245 2571 manitas
2275 2536 2286 2570 :
2321 2532 2386 2570 ea
2415 2516 2483 2572 de
2510 2531 2678 2571 causa
2714 2531 2809 2582 per
2839 2532 2951 2571 sum
2992 2516 3180 2584 gratiae
3226 2516 3593 2585 dispensatio-

2008 2626 2131 2665 nem
2162 2626 2222 2665 se
2251 2625 2350 2679 per
2401 2623 2623 2663 carnem
2676 2608 2873 2662 inserit
2918 2608 3175 2664 omnibus
3207 2608 3589 2672 credentibus,

2007 2702 2335 2757 commistns
2386 2710 2440 2756 et
2488 2708 2936 2770 contemperatus
2983 2699 3311 2769 corporibus
3361 2700 3593 2755 creden-

2006 2795 2175 2855 tium,
2210 2793 2412 2862 quibus
2444 2792 2757 2845 substantia
2787 2798 2873 2846 est
2926 2805 2993 2845 ex
3028 2805 3170 2860 pane
3219 2799 3273 2845 et
3321 2791 3487 2853 vino,
3532 2800 3593 2845 ιιι

2008 2885 2212 2939 unione
2236 2899 2362 2938 cum
2388 2899 2454 2938 eo
2478 2882 2622 2953 quod
2655 2890 2739 2937 est
2767 2883 3106 2946 immortale,
3135 2883 3205 2935 sit
3230 2882 3392 2937 etiam
3429 2883 3593 2939 homo

2008 2977 2280 3046 particeps
2326 2976 2778 3046 incorruptionis.
2830 2975 2956 3030 Haec
3000 2985 3182 3030 autem
3229 2976 3351 3042 dat,
3390 2977 3591 3030 virtute

2010 3069 2406 3123 benedictionis
2454 3069 2509 3122 in
2556 3069 2686 3123 illud
2721 3069 3204 3122 transelcmentata
3250 3083 3438 3122 eorum
3469 3085 3592 3138 quae

2008 3167 2273 3230 apparent
2307 3168 2524 3214 natura.

2518 3250 2747 3305 CAPUT
2783 3250 3077 3305 XXXVIII.

2078 3342 2147 3398 lis
2185 3358 2306 3412 quae
2333 3343 2478 3397 dicta
2527 3354 2655 3397 sunt
2706 3344 2965 3397 existimo
3009 3342 3146 3396 nihil
3177 3343 3372 3400 deesse
3396 3360 3588 3399 eorum

2005 3452 2126 3506 qua:
2151 3446 2473 3505 quaeruntur
2494 3435 2560 3489 de
2588 3435 2872 3506 mysterio,
2904 3443 3101 3505 praeter
3144 3436 3409 3489 rationem
3444 3437 3589 3496 ﬁdei.

2005 3542 2169 3597 quam
2208 3527 2396 3596 paucis
2449 3527 2671 3595 quidem
2702 3527 2867 3582 etiam
2911 3529 2967 3580 in
3014 3528 3119 3581 hoc
3153 3530 3407 3597 prmsenti
3447 3530 3591 3584 libro

2004 3634 2361 3688 exponemus.
2394 3616 2467 3673 Iis
2501 3628 2679 3672 autem
2720 3619 2813 3689 qui
2852 3620 3119 3675 rationem
3166 3631 3419 3690 quaerunt
3468 3637 3590 3691 per-

2006 3710 2312 3776 fectiorem,
2349 3711 2403 3765 in
2443 3711 2565 3766 aliis
2596 3711 2857 3779 operibus
2880 3711 2990 3780 jam
3022 3712 3177 3781 prius
3205 3700 3587 3781 exposuimus.

2004 3818 2168 3873 quam
2219 3803 2461 3857 maximo
2512 3806 2795 3871 potuimus
2848 3804 3030 3857 studio
3084 3820 3143 3858 re
3189 3804 3482 3874 explicata.
3531 3806 3589 3861 In

2004 3896 2206 3966 quibus
2258 3904 2314 3950 et
2366 3910 2491 3950 cum
2551 3895 2884 3951 adversariis
2939 3898 3302 3953 decernentes
3364 3913 3587 3951 manum

2004 3988 2425 4051 conseruimus,
2481 3995 2535 4042 et
2569 4004 2663 4058 per
2692 4003 2791 4042 nos
2839 3990 2988 4055 ipsos
3017 3989 3490 4044 consideravimus
3522 3991 3592 4044 de

2004 4080 2400 4151 qnmstionibus
2448 4094 2569 4149 qua:
2615 4081 2773 4135 nobis
2817 4081 3174 4149 objiciuntur.
3225 4080 3279 4134 In
3326 4082 3430 4137 hoc
3487 4098 3592 4138 au-

2006 4184 2112 4229 tem
2144 4173 2284 4227 libro
2315 4173 2750 4228 existimavimus
2784 4174 2922 4229 bene
2950 4190 3074 4229 esse
3119 4175 3164 4229 si
3199 4184 3409 4230 tantum
3440 4176 3590 4230 dicc-

2005 4283 2191 4322 remus
2240 4268 2307 4321 de
2359 4267 2482 4329 Iido,
2539 4275 2804 4335 quantum
2855 4267 3099 4321 continet
3147 4282 3246 4321 vox
3284 4267 3585 4338 Evangelii,

2004 4374 2201 4428 nempe
2226 4366 2284 4411 ιιι
2307 4360 2399 4428 qui
2432 4358 2702 4427 spirituali
2728 4358 2971 4427 gignitur
2994 4360 3426 4428 regeneratione,
3452 4362 3590 4416 sciat

2005 4468 2035 4506 a
2082 4467 2320 4521 quonam
2372 4452 2646 4521 gignatur,
2690 4458 2744 4504 et
2790 4451 2954 4519 quale
2992 4451 3083 4505 liat
3122 4452 3344 4506 animal.
3395 4451 3586 4507 Solum

316 4535 459 4583 ποῖον
490 4534 695 4601 γίνεται
725 4534 881 4599 ζῶον.
923 4536 1099 4589 Μόνον
1138 4535 1246 4607 γὰρ
1277 4537 1435 4589 τοῦτο
1464 4538 1562 4606 τῆς
1593 4541 1894 4610 γεννήσεως

2006 4541 2148 4595 enim
2184 4541 2285 4595 hoc
2335 4556 2506 4607 genus
2535 4539 2905 4609 generationis
2947 4540 3112 4594 habet
3144 4541 3195 4594 in
3232 4549 3501 4610 potestate
3528 4549 3588 4596 ut

314 4624 374 4675 τὸ
400 4619 535 4689 εἶδος
569 4628 688 4679 κατ’
720 4627 968 4692 ἐξουσίαν
1011 4628 1143 4699 ἔχει,
1178 4630 1369 4702 ὅτιπερ
1411 4629 1478 4685 ἂν
1511 4631 1698 4701 ἕληται
1737 4633 1896 4687 τοῦτο

316 4715 432 4781 γενέ
440 4716 581 4770 σθαι.

894 4811 1148 4865 ΚΕΦᾹΛ,
1192 4810 1314 4864 ΛΘ¹.

384 4895 461 4949 Τά
493 4897 591 4967 μὲν
623 4898 733 4969 γὰρ
762 4897 925 4951 λοιπὰ
957 4900 1064 4952 τῶν
1099 4900 1450 4968 τικτομένων,
1493 4904 1559 4973 τῇ
1600 4903 1742 4975 ὁρμῇ
1788 4903 1897 4956 τῶν

317 4985 730 5056 ἀπογεννῶντων
794 4990 1103 5060 ὑφίσταται.
1168 4993 1226 5045 '0
1272 4993 1328 5046 δὲ
1378 4996 1744 5063 πνευματικὸς
1797 4996 1900 5066 τῆς

320 5078 559 5145 ἐξουσίας
602 5083 832 5153 ἤρτηται
872 5083 967 5137 τοῦ
999 5083 1341 5154 τικτομένου.
1384 5085 1599 5157 Ἐπειδὴ
1629 5088 1810 5142 τοίνυν
1845 5091 1903 5141 ἐν

318 5170 483 5242 τούτῳ
527 5175 673 5226 ἐστὶν
719 5177 749 5228 ὁ
803 5176 1067 5239 κίνδυνος,
1112 5178 1169 5231 ἐν
1204 5176 1282 5247 τῷ
1326 5177 1398 5247 μὴ
1444 5178 1763 5251 διαμαρτεῖν
1808 5180 1901 5235 τοῦ

321 5264 701 5335 συμφέροντος,
736 5267 861 5326 κατ’
900 5266 1147 5332 ἐξουσίαν
1192 5268 1560 5339 προκειμένης
1594 5272 1757 5324 παντὶ
1802 5272 1905 5342 τῆς

320 5354 592 5424 αἱρέσεως,
631 5357 812 5421 καλῶς
850 5357 994 5429 ἔχειν
1024 5359 1165 5429 φημὶ
1215 5360 1306 5411 τὸν
1350 5358 1487 5430 πρὸς
1520 5360 1617 5431 τὴν
1648 5363 1898 5434 γέννησιν

320 5444 409 5513 τὴν
455 5447 588 5500 ἰδίαν
630 5448 885 5518 ὁρμῶντα
942 5450 1341 5519 προδιαγνῶναι
1392 5450 1472 5520 τῷ
1510 5453 1774 5525 λογισμῷ,
1814 5454 1896 5519 τίς

322 5537 460 5607 αύτῷ
483 5539 817 5609 λυσιτελήσει
844 5542 1046 5613 πατὴρ,
1074 5544 1168 5595 καὶ
1207 5545 1271 5596 ἐκ
1314 5542 1458 5606 τίνος
1484 5543 1646 5598 αὑτοῦ
1676 5547 1897 5617 ἄμεινον

326 5628 570 5699 συστῆναι
601 5630 701 5702 τὴν
733 5630 914 5699 φύσιν.
949 5632 1177 5705 Εἴρηται
1222 5632 1330 5704 γὰρ
1369 5633 1451 5686 ὅτι
1498 5636 1617 5687 κατ’
1648 5636 1895 5703 ἐξουσίαν

394 5803 434 5833 ’⁵
459 5803 474 5857 I
504 5803 743 5862 Timoth.
782 5822 855 5868 Iv,
904 5808 957 5862 5.

2000 4633 2053 4688 id
2081 4634 2174 4687 ﬁat
2202 4634 2347 4704 quod
2373 4633 2654 4703 delegerit.

2544 4812 2773 4869 CAPUT
2797 4813 3038 4868 XXXIX.

2072 4906 2279 4961 Caetera
2323 4921 2469 4959 enim
2501 4920 2625 4975 quae
2673 4914 2995 4971 nascuntur,
3048 4917 3358 4963 consistunt
3387 4926 3453 4965 ex
3500 4912 3586 4966 in-

2000 4996 2165 5052 citata
2196 4996 2549 5066 appetitione
2577 5012 2767 5051 eorum
2798 4998 2889 5067 qui
2922 5008 3203 5067 generant.
3242 4998 3440 5056 Partus
3486 5017 3586 5056 au-

2002 5096 2110 5143 tem
2143 5088 2450 5157 spiritualis
2486 5088 2685 5156 pendet
2732 5105 2796 5144 ex
2834 5098 3103 5159 potestate
3132 5092 3252 5161 ejus
3278 5095 3588 5164 qui‘nasci-

2003 5188 2112 5234 tur.
2148 5180 2418 5246 Quoniam
2451 5197 2583 5251 ergo
2617 5184 2667 5235 in
2714 5182 2817 5237 hoc
2851 5193 3103 5239 versatur
3135 5188 3462 5256 periculum,
3515 5205 3585 5244 ne

2002 5271 2289 5325 aberretur
2314 5271 2384 5326 ab
2413 5287 2479 5325 eo
2504 5272 2647 5340 quod
2684 5281 2771 5328 est
2800 5275 3169 5341 conducibile,
3203 5292 3331 5337 cum
3360 5280 3585 5334 cuilibet

2004 5362 2077 5416 sit
2104 5361 2274 5416 libera
2317 5363 2599 5431 proposita
2632 5364 2850 5427 electio,
2887 5365 3011 5419 dico
3047 5375 3194 5421 recte
3239 5368 3461 5432 habere,
3522 5379 3583 5424 ut

2004 5456 2096 5525 qui
2156 5456 2223 5509 ad
2270 5456 2547 5525 propriam
2596 5455 2857 5512 incitatur
2895 5460 3325 5528 generationem,
3374 5463 3577 5532 cogita.

2003 5548 2152 5600 tione
2205 5547 2357 5616 prius
2406 5547 2684 5601 discernat
2737 5549 2863 5619 quis
2911 5549 3013 5604 sibi
3061 5559 3216 5620 pater
3263 5553 3480 5607 futurus
3511 5555 3583 5608 iit

2005 5638 2388 5704 conducibilis,
2408 5646 2462 5694 et
2482 5655 2547 5694 ex
2575 5655 2811 5711 quonam
2836 5642 2910 5698 sit
2931 5624 3298 5714 praestabilius
3327 5646 3430 5703 sibi
3453 5662 3583 5705 con-

1039 5810 1082 5840 ¹⁵
1110 5808 1298 5863 Matth.
1336 5826 1482 5876 nrt,
1513 5809 1617 5877 26;
1656 5809 1819 5865 Marc.
1850 5827 1959 5877 xw,
1989 5810 2098 5879 29.;
2134 5811 2264 5868 Luc.
2305 5830 2437 5877 χχιι,
2475 5815 2559 5871 I9.
