4066 6374
434 344 512 402 99
1691 345 1749 401 S.
1779 345 2104 403 GREGORII
2131 346 2425 404 NYSSENI

3594 351 3693 407 lOO

440 471 592 517 stare
621 470 890 516 naturam.
923 459 1135 515 Dictum
1180 468 1266 514 est
1308 461 1455 514 enim
1483 461 1633 531 quod
1682 464 1753 518 sit
1787 464 1841 518 in
1892 464 2013 533 ejus

2130 467 2237 527 τοὺς
2265 470 2590 540 γεννήτορας
2623 470 2651 521 ὁ
2686 470 2923 532 τοιοῦτος
2961 472 3191 540 αἱρεῖται
3222 469 3396 533 τόκος.
3428 468 3559 540 Διχῆ
3588 471 3694 523 τοί-

444 562 714 623 potestate
736 553 938 622 eligere
966 552 1261 621 genitores.
1297 554 1431 608 Cum
1452 568 1587 623 ergo
1617 570 1679 608 ea
1714 571 1834 625 qua:
1863 564 2012 619 sunt,

444 646 729 713 dispertita
764 645 870 698 sint
900 641 1173 705 bifariam,
1224 658 1416 711 nempe
1462 644 1515 697 in
1546 654 1790 699 creatum
1830 656 1885 701 et
1932 648 2017 701 in-

444 744 711 799 creatum,
767 742 822 789 et
865 736 1105 789 increata
1140 735 1359 803 quidem
1410 744 1607 788 natura
1665 738 2017 793 stabilitatem

446 828 502 880 in
531 842 589 881 se
632 826 826 881 habeat
870 834 924 881 et
970 827 1497 894 inmutabilitatem,
1554 830 1620 882 ad
1660 831 2017 884 mutationem

446 929 627 974 autem
657 921 919 974 alteretur
948 928 1231 974 creatura:
1268 921 1363 989 qui
1393 922 1741 976 considerate
1773 923 1922 991 eligit
1963 921 2018 976 id

447 1014 594 1084 quod
624 1023 709 1069 est
755 1013 1120 1075 conducibile,
1152 1013 1439 1081 cujusnam
1477 1014 1640 1068 malet
1687 1030 1809 1069 esse
1852 1014 2016 1080 lilius,

446 1105 642 1173 ejusne
665 1120 786 1173 quae
815 1105 1269 1159 consideraturin
1305 1106 1626 1166 mutatione,
1658 1120 1726 1158 au
1756 1106 1876 1173 ejus
1895 1121 2020 1174 qua:

447 1199 662 1253 ﬁrmam
682 1206 736 1251 et
757 1197 1003 1251 stabilem
1028 1197 1534 1266 immutabilemque
1563 1197 1724 1251 habet
1745 1208 2017 1261 naturam,

447 1299 505 1345 et
549 1292 605 1344 in
632 1291 776 1344 bono
802 1304 1015 1356 semper
1049 1288 1309 1344 similiter
1336 1298 1392 1343 et
1425 1289 1612 1343 eodem
1644 1289 1805 1343 modo
1830 1304 1889 1343 se
1918 1288 2018 1341 ha-

446 1380 702 1436 bentem?
730 1380 996 1447 Quoniam
1018 1396 1148 1450 ergo
1178 1381 1230 1434 in
1259 1380 1555 1447 Evangelio
1587 1389 1700 1434 tres
1735 1388 1862 1434 sunt
1894 1395 2019 1448 per-

448 1489 597 1527 sonae
629 1481 682 1527 et
721 1474 963 1535 nomina,
1000 1487 1094 1542 per
1122 1487 1243 1541 qua:
1275 1472 1342 1526 iis
1375 1472 1467 1540 qui
1507 1472 1737 1525 credunt
1777 1472 1929 1541 origo
1959 1471 2020 1525 ﬁt

448 1582 514 1619 ac
549 1566 912 1635 generatio”.
968 1573 1261 1635 generatur
1308 1571 1488 1617 autem
1532 1580 1593 1617 ex
1642 1579 1799 1630 aequo
1831 1564 1920 1632 qui
1963 1564 2018 1617 in

447 1657 717 1710 Trinitate
763 1664 1055 1726 generatur
1112 1669 1141 1707 a
1197 1654 1357 1707 Patre
1409 1662 1463 1707 et
1517 1653 1655 1706 Filio
1702 1663 1757 1707 et
1814 1652 2018 1723 Spiritu

446 1758 659 1802 sancto.
696 1748 773 1800 Ita
801 1748 943 1801 enim
969 1746 1036 1800 de
1062 1744 1269 1814 Spiritu
1303 1743 1437 1797 dicit
1462 1743 1834 1814 Evangelium,
1872 1745 2017 1814 quod

449 1840 503 1894 id
538 1839 684 1908 quod
720 1846 805 1894 est
842 1845 1157 1907 generatum
1210 1852 1274 1891 ex
1310 1836 1541 1905 Spiritu,
1589 1804 1674 1891 est
1703 1804 1928 1906 spiritus
1955 1839 2017 1899 ¹⁷,
2056 1804 2097 1858 Β

448 1940 504 1986 et
532 1930 730 1984 Paulus
758 1929 929 2000 gignit
969 1930 1023 1982 in
1048 1928 1266 1982 Christo
1291 1928 1357 1991 η,
1404 1934 1458 1981 et
1487 1926 1648 1981 Pater
1669 1928 1911 1982 omnium
1938 1937 2024 1984 est

450 2034 606 2094 pater
631 2026 695 2077 ³⁸.

520 2113 619 2167 llic
647 2112 777 2166 mihi
805 2113 877 2169 sit
906 2111 1088 2165 sobria
1118 2125 1274 2165 mens
1307 2109 1595 2173 auditoris,
1640 2125 1709 2164 ne
1735 2124 1794 2165 se
1824 2108 2021 2164 efficiat

450 2206 658 2276 prolem
679 2211 887 2258 naturae
920 2202 1219 2263 instabilis,
1250 2216 1375 2255 cum
1407 2202 1658 2255 stabilem
1688 2209 1742 2255 et
1773 2201 2024 2253 inaltera-

450 2298 614 2352 bilem
672 2295 774 2349 sibi
822 2295 985 2347 liceat
1025 2308 1139 2347 suae
1183 2294 1309 2345 vitae
1362 2292 1665 2361 principem
1711 2289 1924 2345 edicere
1969 2297 2023 2345 et

449 2394 749 2440 auctorem.
795 2383 930 2436 Nam
980 2391 1141 2453 prout
1169 2384 1289 2451 ejus
1331 2382 1422 2452 qui
1456 2381 1521 2435 ad
1557 2382 2020 2451 dispensationem

448 2475 683 2537 accedit,
719 2488 815 2528 cor
844 2472 1097 2527 allectum
1124 2483 1229 2533 est,
1286 2470 1339 2525 id
1374 2471 1540 2526 etiam
1570 2473 1713 2539 quod
1761 2472 2020 2543 gignitur,

450 2569 593 2623 vires
624 2566 802 2621 habet.
834 2564 1095 2635 Quisquis
1122 2581 1252 2635 ergo
1298 2572 1545 2620 sanctam
1567 2565 1887 2621 Trinitatem
1936 2565 2023 2618 in-

446 2668 687 2717 creatam
714 2674 837 2713 esse
865 2658 1180 2722 conﬁtetur,
1210 2658 1514 2725 ingreditur
1554 2662 1720 2710 vitam
1762 2658 1990 2711 immuta
2010 2681 2022 2695 -

448 2752 613 2809 bilem
657 2759 712 2806 et
759 2749 1195 2815 inalterabilem;
1247 2758 1484 2803 creatam
1519 2756 1701 2802 autem
1750 2746 2023 2816 aspiciens

448 2852 702 2899 naturam
732 2841 787 2894 in
817 2838 1087 2894 Trinitate
1118 2840 1255 2893 falsa
1281 2838 1713 2899 existimatione,
1748 2847 1800 2891 et
1828 2836 2024 2892 deinde

449 2934 505 2988 in
530 2948 594 2989 ea
619 2933 950 3002 baptizatus,
982 2932 1332 3003 ingeneratur
1365 2945 1561 2984 rursus
1608 2930 1663 2983 in
1695 2929 1806 2982 vita
1840 2936 2015 2982 muta-

450 3027 548 3082 bili
573 3036 626 3081 et
645 3040 766 3096 quae
796 3026 1082 3078 alteratur.
1111 3020 1244 3074 Nam
1269 3022 1415 3091 quod
1440 3020 1703 3081 nascitur,
1729 3029 1811 3074 est
1835 3035 2025 3074 neces-

2118 577 2212 610 νυν
2258 558 2366 611 τῶν
2417 562 2584 612 ὄντων
2637 561 3072 632 μεμερισμένων,
3122 564 3200 625 είς
3244 561 3303 615 τὸ
3353 561 3567 613 κτιστὺν
3604 562 3695 614 καὶ

2114 649 2176 700 τὸ
2207 649 2478 712 ἀκτιστον,
2515 654 2607 704 καὶ
2640 652 2737 720 τῆς
2773 652 2870 722 μὲν
2906 651 3157 704 ἀκτίστου
3194 650 3406 718 φύσεως
3441 651 3501 703 τὸ
3533 651 3693 721 ἀτρε-

2117 740 2249 792 πτόν
2280 757 2339 792 τε
2391 743 2484 795 καὶ
2527 742 2858 811 ἀμετάθετον
2890 744 2947 795 ὲν
2981 744 3143 813 ἑαυτῇ
3197 742 3565 813 κεκτημένης·
3598 742 3695 809 τῆς

2116 829 2173 883 δὲ
2215 831 2441 894 κτίσεως
2476 834 2613 903 πρὸς
2666 834 2871 906 τροπὴν
2910 835 3325 905 ἀλλοιουμένης·
3360 836 3387 886 ὁ
3431 833 3569 887 κατά
3610 833 3691 886 λοε-

2118 923 2315 992 γισμὸν
2343 924 2403 977 τὸ
2434 925 2741 981 λυσιτελοῦν
2759 927 3203 997 προαιρούμενος,
3232 926 3374 989 τίνος
3405 927 3693 996 αἱρήσεται

2120 1014 2318 1083 μᾶλλον
2348 1016 2596 1083 γενέσθαι
2630 1019 2835 1079 τέκνον.
2870 1019 2967 1089 τῆς
2998 1021 3055 1071 ὲν
3084 1021 3257 1089 τροπῇ
3292 1016 3688 1087 θεωρουμένης,

2112 1097 2150 1168 ἦ
2181 1104 2278 1175 τῆς
2306 1106 2675 1175 ἀμετάστατόν
2700 1124 2759 1160 τε
2805 1107 2897 1159 καὶ
2941 1107 3141 1174 παγίαν
3188 1106 3279 1158 καὶ
3310 1108 3394 1159 ἀεὶ
3430 1105 3688 1167 ὡσαύτως

2116 1196 2344 1264 ἔχουσαν
2376 1198 2432 1249 ὲν
2464 1195 2539 1265 τῷ
2582 1196 2768 1267 ἀγαθῷ
2805 1196 3149 1267 κεκτημένης
3194 1197 3291 1265 τὴν
3322 1195 3500 1265 φύσιν.
3540 1196 3697 1248 Ἐπεὶ

2116 1282 2209 1340 οὖν
2237 1289 2295 1341 ὲν
2344 1288 2422 1358 τῷ
2465 1290 2777 1359 Εὐαγγελίῳ
2808 1290 2876 1343 τά
2899 1290 3024 1361 τρία
3050 1288 3404 1360 παραδέδοται
3434 1287 3699 1359 πρόσωπά

2118 1395 2178 1431 τε
2230 1381 2323 1432 καὶ
2373 1381 2630 1449 ὀνόματα,
2672 1380 2739 1433 δι’
2776 1373 2851 1433 ὧν
2899 1382 2933 1451 ἡ
2980 1380 3190 1447 γένεσις
3225 1382 3335 1442 τοῖς
3384 1380 3698 1433 πιστεύουσι

2118 1471 2347 1538 γίνεται,
2379 1473 2629 1539 γεννᾶται
2658 1471 2712 1523 δὲ
2739 1472 2878 1524 κατά
2909 1471 2969 1523 τὸ
2989 1468 3103 1523 ἴσον
3130 1472 3158 1523 ὁ
3182 1473 3239 1523 ἐν
3268 1474 3334 1541 τῇ
3355 1470 3543 1540 Τριάδι
3574 1486 3699 1537 γεν-

2118 1563 2357 1630 νώμενος
2394 1565 2543 1635 παρὰ
2574 1564 2669 1617 τοῦ
2700 1565 2909 1635 Πατρός
2944 1581 3002 1617 τε
3048 1564 3141 1617 καὶ
3180 1564 3273 1617 τοῦ
3316 1562 3444 1615 Υἱοῦ
3478 1564 3571 1615 καὶ
3603 1563 3696 1615 τοῦ

2120 1653 2434 1722 Πνεύματος
2465 1655 2638 1722 ἁγίου.
2672 1652 2830 1707 Οὕτω
2854 1654 2963 1724 γάρ
2997 1672 3130 1723 φησι
3165 1654 3290 1723 περὶ
3319 1653 3410 1706 τοῦ
3446 1641 3695 1722 Πνέύμα-

2120 1761 2209 1806 τος
2241 1745 2592 1813 Εὑαγγέλιον,
2625 1746 2706 1798 ὅτι
2730 1746 2802 1797 Tb
2823 1745 3217 1815 γεγεννημένον
3241 1748 3304 1798 ἐκ
3324 1745 3417 1797 τοῦ
3451 1747 3696 1815 Πνεύμα-

2123 1852 2212 1898 τος
2249 1835 2467 1902 πνεῦμά
2514 1836 2652 1899 ἐστι,
2703 1835 2798 1888 καὶ
2831 1838 2859 1888 ὁ
2893 1834 3106 1898 Παῦλος
3146 1838 3203 1888 ἐν
3246 1836 3467 1905 Χριστῷ
3509 1837 3696 1906 γεννᾷ,

2122 1928 2216 1981 καὶ
2239 1929 2268 1979 ὁ
2302 1928 2491 1999 Πατὴρ
2523 1928 2739 1980 πάντων
2772 1926 2886 1978 ἐστὶ
2919 1927 3124 1997 πατήρ.

2206 2109 2467 2165 Ἐνταῦθά
2502 2127 2593 2180 μοι
2630 2110 2846 2179 νηφέτω
2883 2109 2976 2162 τοῦ
3007 2108 3276 2181 ἀκροατοῦ
3304 2112 3337 2180 ἡ
3366 2108 3590 2172 διάνοια,
3622 2110 3695 2179 μὴ

2122 2207 2220 2274 τῆς
2247 2201 2583 2271 ἀστατούσης
2602 2201 2815 2269 φύσεως
2849 2199 3045 2270 ἑαυτὴν
3075 2199 3293 2268 ἔκγονον
3326 2201 3543 2269 ποιήσῃ,
3582 2198 3699 2262 ἐξὸν

2123 2294 2220 2362 τὴν
2250 2291 2515 2361 ἀτρεπτόν
2560 2307 2619 2342 τε
2668 2290 2761 2343 κα)⁸
2808 2289 3161 2342 ἀναλλοίωτον
3200 2290 3439 2360 ἀρχηγὸν
3473 2291 3699 2359 ποιήσι-

2126 2383 2248 2436 σθαι
2274 2384 2369 2453 τῆς
2422 2382 2575 2445 ἰδίας.
2613 2380 2768 2433 Κατά
2807 2381 2915 2450 γὰρ
2958 2379 3057 2451 τὴν
3086 2379 3322 2433 διάθεσιν
3354 2380 3450 2450 τῆς
3478 2380 3701 2448 καρδίας

2122 2475 2215 2527 τοῦ
2264 2474 2575 2544 προσιόντος
2613 2475 2679 2543 τῇ
2732 2472 3030 2542 οἰκονομίᾳ,
3062 2472 3156 2524 καὶ
3182 2471 3253 2524 τὸ
3278 2470 3557 2541 γινόμενον
3604 2472 3700 2540 τὴν

2123 2565 2349 2633 δύναμιν
2393 2563 2525 2631 ἔχει.
2563 2564 2723 2615 Ὥστε
2787 2562 2868 2613 σὸν
2915 2560 3014 2629 μὲν
3055 2560 3306 2613 ἀκτιστον
3341 2559 3701 2629 ὁμολογοῦντα

2123 2656 2222 2725 τὴν
2254 2656 2411 2723 ἁγίαν
2441 2653 2665 2725 Τριάδα,
2696 2655 2775 2717 είς
2805 2654 2902 2723 τὴν
2929 2652 3194 2722 ἄτρεπτον
3218 2668 3276 2704 τε
3300 2649 3703 2703 καὶ’ἀναλλοίω-

2122 2766 2214 2801 τον
2238 2748 2495 2801 εἰσελθεῖν
2522 2748 2687 2814 ζωὴν,
2706 2746 2806 2814 τὴν
2833 2745 2887 2798 δὲ
2911 2745 3134 2815 κτιστὴν
3155 2744 3313 2812 φύσιν
3340 2744 3397 2796 ὲν
3416 2746 3481 2813 τῇ
3512 2743 3698 2813 Τριάδι

2124 2838 2211 2891 διὰ
2238 2838 2336 2907 τῆς
2362 2837 2719 2907 ὴτςατημένης
2752 2834 3069 2904 ὑπολήψεως
3109 2833 3388 2902 βλέποντα,
3418 2833 3603 2885 ἔπειτα
3638 2832 3697 2884 ὲν

2124 2928 2262 2998 αὐτῇ
2296 2924 2705 2997 βαπτιζόμενον,
2734 2923 2895 2977 πάλιν
2918 2922 2995 2992 τῷ
3014 2922 3232 2992 τρεπτῷ
3257 2939 3313 2973 τε
3344 2921 3433 2973 καὶ
3457 2920 3665 2973 ἀλλοιοι-
3687 2948 3691 2952 ι

2129 3019 2273 3088 μένῳ
2305 3016 2660 3086 ἐγγενηθῆναι
2694 3014 2810 3083 βίῳ.
2844 3015 2921 3084 Τῇ
2954 3012 3060 3081 γὰρ
3082 3012 3187 3065 τῶν
3210 3011 3515 3080 γεννώντων
3544 3010 3700 3079 φύσει

451 3121 597 3177 sario
626 3117 870 3188 ejusdem
897 3116 1135 3187 generis,
1162 3115 1323 3184 cujus
1351 3122 1437 3168 est
1467 3122 1661 3167 natura
1686 3128 1874 3167 eorum
1902 3127 2022 3182 quae

2130 3110 2247 3163 κατ’
2276 3109 2521 3177 ἀνάγκην
2562 3107 2819 3177 ὁμογενές
2865 3107 2981 3158 ἐστι
3030 3107 3123 3158 καὶ
3164 3105 3224 3157 τὸ
3266 3106 3596 3174 τικτόμενον.
3640 3105 3705 3157 Τί

450 3219 735 3282 generant.
786 3208 929 3273 Quid
977 3220 1108 3275 ergo
1153 3204 1317 3258 fuerit
1355 3202 1779 3261 conducibilius,
1836 3203 1891 3255 in
1944 3202 2023 3254 vi-

451 3312 635 3356 tamne
676 3300 884 3371 ingredi
935 3296 1354 3357 immutabilem,
1399 3310 1466 3347 an
1518 3309 1711 3349 rursus
1761 3292 2026 3346 ﬂuctuare

452 3396 509 3449 in
532 3395 639 3447 vita
673 3390 917 3447 instabili
944 3397 997 3445 et
1029 3404 1150 3458 qua:
1182 3386 1489 3441 alteratur?
1527 3385 1661 3439 Cum
1692 3400 1823 3453 ergo
1851 3384 2026 3439 cuivis

451 3485 525 3538 sit
542 3482 907 3551 perspicuum,
934 3479 1025 3549 qui
1050 3478 1121 3532 sit
1146 3476 1324 3545 aliqua
1350 3474 1604 3543 praeditus
1625 3472 2017 3542 intelligentia,

452 3574 602 3644 quod
630 3574 682 3627 id
710 3572 854 3642 quod
885 3578 994 3625 stat
1021 3585 1129 3623 non
1155 3576 1335 3622 stante
1360 3576 1443 3621 est
1472 3565 1841 3636 praestantius,
1872 3572 1926 3617 et
1962 3578 2028 3617 eo

455 3667 603 3737 quod
655 3665 835 3720 deficit
887 3662 941 3716 id
995 3662 1139 3732 quod
1192 3671 1275 3716 est
1325 3659 1646 3729 perfectum,
1686 3666 1739 3711 et
1771 3671 1836 3710 eo
1882 3657 2029 3725 quod

458 3768 603 3831 eget,
658 3758 709 3812 id
754 3755 899 3827 quod
953 3772 1064 3808 non
1102 3762 1243 3822 eget,
1294 3760 1348 3808 et
1397 3768 1463 3806 eo
1515 3750 1658 3820 quod
1696 3748 2031 3818 proﬁciendo

458 3849 726 3911 ascendit,
764 3848 817 3902 id
851 3846 995 3917 quod
1026 3862 1135 3899 non
1169 3846 1330 3899 habet
1361 3860 1470 3915 quo
1499 3842 1902 3913 progrediatur,
1934 3843 2031 3896 sed

457 3959 673 4012 semper
701 3948 883 3995 manet
914 3941 969 3994 in
994 3939 1125 3995 boni
1171 3937 1541 4008 perfectione:
1601 3952 1826 3992 necesse
1870 3936 2033 3989 fuerit

460 4045 520 4090 ut
549 4035 641 4104 qui
674 4035 835 4103 sapit,
872 4048 1040 4087 unum
1071 4049 1138 4087 ex
1166 4031 1382 4085 duobus
1413 4029 1596 4099 eligat,
1629 4044 1823 4098 nempe
1853 4037 1913 4081 ut
1939 4033 2032 4081 aut

460 4127 720 4180 increalae
750 4133 960 4178 naturae
1013 4129 1258 4177 sanctam
1306 4118 1495 4173 credat
1537 4134 1659 4174 esse
1688 4117 2030 4181 Trinitatem,

460 4224 516 4272 et
546 4218 619 4271 ita
676 4231 771 4285 per
820 4214 1157 4283 spiritualem
1208 4212 1613 4282 generationem
1664 4224 1784 4263 eam
1840 4206 2037 4261 eﬂiciat

462 4307 763 4378 principem
817 4314 871 4359 et
922 4310 1204 4356 auctorem
1262 4316 1374 4355 sua:
1420 4302 1577 4354 vitm:
1626 4308 1720 4352 aut
1782 4298 1827 4351 si
1883 4305 2037 4351 extra

462 4400 626 4469 primi
653 4406 707 4452 et
736 4397 850 4452 veri
877 4405 930 4450 et
969 4398 1097 4450 boni
1123 4394 1221 4450 Dei
1251 4404 1524 4458 naturam,
1561 4393 1761 4457 Patris,
1791 4394 2035 4463 inquam,

2125 3197 2217 3254 οὖν
2255 3199 2320 3253 ἂν
2354 3200 2437 3269 εἴη
2487 3198 2944 3267 λυσιτελέστερον,
2990 3198 3069 3258 είς
3106 3198 3205 3267 τὴν
3256 3196 3521 3266 ἄτρεπτον
3564 3197 3706 3267 ζωὴν

2126 3291 2470 3361 εἰσελθεῖν,ῆ
2519 3290 2679 3342 πάλιν
2724 3289 2799 3359 τῷ
2839 3288 3156 3342 ἀστατοῦντι
3206 3291 3299 3341 καὶ
3344 3289 3703 3361 ἀλλοιουμένης

2128 3382 2564 3455 ὲγκυματοῦσθαι
2593 3383 2726 3453 βίῳ;
2769 3381 2920 3434 Ἐπεὶ
2953 3377 3045 3434 οῦν
3080 3383 3240 3435 παντὶ
3281 3380 3439 3450 δῆλόν
3467 3383 3601 3443 ἐστι,
3625 3381 3704 3452 τῷ

2129 3479 2223 3531 καὶ
2244 3475 2492 3529 ὁπωσοῦν
2514 3475 2746 3536 διανοίας
2773 3473 3070 3543 μετέχοντι,
3098 3473 3178 3525 ὅτι
3216 3472 3275 3523 τὸ
3309 3470 3477 3534 ἑστὼς
3508 3471 3599 3524 τοῦ
3633 3472 3707 3541 μὴ

2130 3570 2360 3631 ἑστῶτος
2383 3567 2513 3621 πολὺ
2563 3566 2904 3636 τιμιώτερον,
2948 3566 3041 3618 καὶ
3078 3564 3171 3617 τοῦ
3210 3564 3487 3626 ὲλλειποῦς
3524 3564 3583 3615 τὸ
3620 3568 3709 3613 τέ-

2130 3663 2290 3724 λειον,
2326 3660 2532 3714 καὶτοῦ
2564 3659 2816 3729 δεομένου
2846 3658 2907 3710 τὸ
2944 3657 3018 3728 μὴ
3057 3657 3327 3726 δεόμενον,
3362 3657 3453 3709 καὶ
3489 3655 3582 3707 τοῦ
3622 3654 3710 3707 διὰ

2134 3751 2418 3823 προκοπῆς
2449 3751 2687 3812 ἀνιόντος
2716 3750 2776 3800 τὸ
2816 3748 2890 3817 μὴ
2915 3746 3036 3817 ἕχον
3079 3749 3158 3809 είς
3184 3748 3212 3800 ὃ
3232 3763 3285 3799 τι
3318 3746 3572 3817 προέλθῃ,
3598 3744 3711 3796 ἀλλ’

2135 3843 2226 3895 ἐπὶ
2258 3842 2356 3909 τῆς
2387 3840 2716 3907 τελειότητος
2744 3838 2836 3890 τοῦ
2883 3836 3085 3905 ἀγαθοῦ
3136 3836 3291 3905 μένον
3329 3837 3432 3895 ἀεὶ,
3482 3836 3712 3902 ὲπάναγ·

2134 3949 2226 3994 κες
2269 3931 2335 3983 ἂν
2374 3930 2456 3999 εἴη
2499 3930 2556 3981 ἓν
2590 3927 2649 3993 ἐξ
2690 3928 3013 3997 ἀμφοτέρων
3056 3925 3325 3997 αἱρεῖσθαι
3364 3926 3454 3977 τόν
3486 3942 3549 3991 γε
3590 3926 3714 3977 νοῦν

2135 4023 2407 4095 ἔχοντα,ἢ
2450 4023 2547 4091 τῆς
2589 4020 2842 4074 ἀκτίστου
2882 4018 3093 4088 φύσεως
3142 4015 3277 4070 εἶναι
3317 4018 3591 4070 πιστεύειν
3616 4019 3714 4086 τὴν

2138 4118 2299 4185 ἁγίαν
2325 4115 2550 4186 Τριάδα,
2585 4114 2679 4166 καὶ
2715 4112 2884 4173 οὕτως
2918 4110 3156 4180 ἀρῃγὸν
3194 4110 3280 4161 διὰ
3323 4110 3421 4175 τῆς
3472 4124 3714 4175 πνευμα-

2137 4212 2296 4279 τικῆς
2318 4206 2579 4274 γενέσεως
2616 4203 2880 4257 ποιεῖσθαι
2929 4203 3027 4271 τῆς
3076 4201 3208 4262 ἰδίας
3246 4199 3478 4269 ζωῆς-ἦ
3518 4200 3565 4250 εί
3611 4197 3713 4262 ἔξω

2138 4302 2236 4371 τῆς
2273 4300 2366 4353 τοῦ
2404 4298 2620 4369 πρώτου
2662 4298 2755 4348 καὶ
2791 4293 3038 4363 ἀληθινοῦ
3080 4294 3172 4346 καὶ
3213 4290 3412 4359 ἀγαθοῦ
3455 4290 3590 4343 Θεοῦ
3618 4288 3717 4357 φύ-

2142 4407 2299 4452 σεως,
2335 4390 2431 4458 τῆς
2468 4387 2561 4439 τοῦ
2606 4371 2818 4455 Πατρὸς
2862 4384 3023 4451 λέγω,
3051 4382 3257 4452 νομίζοι
3297 4378 3432 4434 εἶναι
3472 4381 3562 4432 τὸν
3590 4380 3717 4432 Υἱὺν

464 4490 661 4545 Filium
692 4505 815 4544 esse
846 4488 1144 4551 existimat,
1189 4496 1282 4540 aut
1320 4486 1583 4557 Spiritum
1621 4494 1892 4549 sanctum,
1928 4500 2029 4539 non

2143 4481 2176 4552 ἢ
2200 4482 2259 4533 τὸ
2285 4479 2508 4549 Πνεῦμα
2535 4478 2595 4531 τὸ
2620 4479 2793 4543 ἅγιον,
2822 4476 2896 4546 μὴ
2924 4474 3476 4545 συμπαραλαμϐἀνων
3513 4472 3608 4543 τὴν
3641 4473 3718 4533 εἰς

466 4583 629 4638 simul
668 4597 953 4637 assumens
984 4596 1104 4635 eam
1130 4596 1253 4649 quae
1277 4591 1360 4634 est
1389 4580 1442 4633 in
1474 4579 1589 4632 hanc
1620 4578 1778 4632 ﬁdem
1814 4578 1867 4631 in
1900 4585 2039 4632 tem-

467 4690 601 4746 pore
655 4673 1043 4745 generationis,
1098 4686 1167 4725 ne
1206 4670 1522 4741 imprudens
1574 4670 1813 4738 seipsum
1859 4670 2040 4723 tradat

466 4781 676 4819 manca:
714 4764 1046 4832 derectaeque
1084 4770 1315 4823 naturae,
1374 4768 1427 4815 et
1459 4776 1578 4829 qua:
1616 4770 1731 4831 eget
1783 4775 1849 4815 eo
1895 4760 2036 4829 quod

471 4862 676 4915 bonum
711 4857 909 4919 reddit,
962 4867 1011 4910 et
1057 4870 1117 4910 se
1145 4854 1547 4924 quodammodo
1581 4869 1771 4908 rursus
1816 4852 2042 4907 reducat

469 4949 539 5003 ad
570 4948 623 5003 id
658 4946 804 5017 quod
840 4954 926 5001 est
958 4946 1204 5013 ejusdem
1238 4945 1471 5015 generis,
1498 4955 1557 4999 ut
1595 4946 1752 5014 cujus
1780 4944 1912 5000 lides
1945 4944 2040 4998 dc-

471 5041 661 5096 fecerit
682 5056 712 5094 a
733 5054 945 5095 summa
974 5046 1029 5093 et
1053 5038 1491 5107 supereminente
1526 5046 1742 5092 natura.
1768 5037 1871 5104 Qui
1898 5039 2042 5090 enim

470 5132 634 5187 alicui
663 5147 729 5187 ex
762 5131 925 5187 rebus
955 5131 1156 5184 creatis
1183 5130 1423 5199 seipsmn
1456 5130 1760 5197 subjunxit,
1794 5144 1901 5181 non
1933 5130 2046 5182 ani-

471 5224 787 5287 madvertit,
824 5237 884 5277 se
912 5221 966 5275 in
994 5220 1103 5276 Deo
1129 5237 1278 5291 spem
1310 5237 1415 5275 non
1451 5222 1651 5276 habere
1677 5221 1890 5275 salutis.
1916 5222 2044 5275 0m-

473 5317 561 5371 nis
587 5316 729 5369 enim
751 5325 1024 5377 creatura,
1060 5328 1127 5367 ex
1165 5329 1230 5367 eo
1255 5313 1399 5383 quod
1432 5328 1496 5367 ex
1526 5328 1682 5383 aequo
1706 5314 1775 5368 ab
1802 5328 1867 5367 eo
1902 5312 2047 5383 quod

474 5424 583 5463 non
620 5416 705 5463 est
740 5406 985 5477 procedit
1015 5406 1082 5459 ad
1108 5408 1428 5470 essentiam,
1461 5406 1565 5459 sibi
1593 5406 1696 5474 ipsi
1725 5416 1809 5460 est
1828 5406 2048 5475 propria

477 5497 884 5553 necessitudine
910 5495 1204 5565 conjuncta
1231 5513 1245 5561 ;
1288 5503 1342 5550 et
1371 5495 1648 5564 quomodo
1678 5495 1729 5548 in
1757 5508 2047 5561 corporum

477 5588 887 5642 constructione
964 5586 1145 5639 omnia
1207 5585 1447 5641 membra
1497 5594 1624 5639 sunt
1669 5584 1774 5640 sibi
1818 5583 2048 5637 invicem

590 5791 634 5821 “
666 5788 851 5841 Matth.
878 5803 1069 5852 sum,
1115 5788 1198 5842 19.
1280 5789 1319 5819 ι’
1347 5785 1502 5840 Joan.
1530 5799 1610 5851 In,
1642 5788 1696 5839 6.

1812 5786 1853 5816 ¹⁸
1885 5783 1900 5836 l
1930 5783 2057 5837 Cor.
2085 5800 2155 5846 tv,
2201 5782 2279 5836 l5.

2142 4573 2315 4626 ταῦτα
2342 4572 2522 4623 πίστιν
2544 4573 2601 4622 ἐν
2621 4569 2699 4639 τῷ
2722 4569 2897 4638 καιρῷ
2921 4568 3018 4637 τῆς
3036 4567 3317 4634 γενέσεως,
3355 4567 3561 4636 μήποτε
3584 4564 3719 4635 λάθῃ

2143 4665 2208 4732 τῇ
2241 4662 2476 4714 ἐλλειπεῖ
2503 4659 2661 4728 φύσει
2690 4659 2783 4711 καὶ
2823 4658 3052 4728 δεομένῃ
3083 4655 3176 4708 τοῦ
3213 4655 3571 4723 ἀγαθύνοντος
3597 4656 3721 4706 ἐαυ-

2144 4755 2233 4806 τὸν
2258 4750 2532 4814 εἰσποιῶν,
2556 4750 2653 4805 καὶ
2678 4749 2877 4820 τρόπον
2914 4747 3034 4801 τινὰ
3074 4746 3233 4800 πάλιν
3270 4748 3347 4809 εἰς
3381 4746 3439 4798 τὸ
3466 4746 3720 4815 ὁμογενὲς

2146 4844 2337 4897 ἑαυτὸν
2358 4842 2645 4913 εἰσαγάγῃ,
2669 4842 2766 4911 τῆς
2786 4840 3153 4913 ὑπερεχούσης
3177 4839 3390 4909 φύσεως
3411 4838 3722 4905 ἀποστήσας

2146 4937 2244 5005 τὴν
2270 4935 2474 4989 πίστιν.
2511 4934 2567 4987 Ὀ
2590 4933 2698 5003 γάρ
2722 4950 2825 4985 τινι
2859 4932 2966 4984 τῶν
3008 4930 3239 4984 κτιστῶν
3274 4929 3463 4982 ἑαυτὸν
3492 4925 3721 4991 ὑποζεύ-

2148 5028 2265 5093 ξας,
2289 5026 2510 5095 λέληθεν
2541 5026 2729 5078 ἑαυτὸν
2755 5026 2854 5078 οὐκ
2885 5026 2965 5086 είς
3004 5023 3066 5076 τὸ
3097 5014 3250 5079 Θέἶον
3278 5021 3377 5091 τὴν
3421 5019 3607 5073 ἐλπίδα
3627 5018 3726 5085 τῆς

2152 5118 2422 5189 σωτηρίας
2445 5117 2605 5186 ἔχων.
2644 5117 2799 5169 Πᾶσα
2827 5115 2935 5185 γὰρ
2961 5116 2993 5185 ἡ
3032 5112 3228 5176 κτίσις,
3255 5112 3332 5182 τῷ
3361 5110 3502 5164 κατά
3526 5108 3587 5162 τὸ
3612 5104 3728 5161 ἴσον

2151 5216 2215 5264 ὲκ
2238 5210 2331 5263 τοῦ
2367 5211 2439 5280 μὴ
2478 5211 2630 5271 ὄντος
2666 5211 2743 5271 εἰς
2775 5209 2836 5260 τὸ
2874 5202 3012 5260 εἶναι
3042 5206 3319 5275 προήκειν,
3350 5204 3563 5265 οίχείως
3593 5202 3728 5272 πρὸς

2156 5303 2353 5373 ἑαυτὴν
2388 5301 2497 5370 ἔχει
2518 5317 2533 5332 ·
2560 5301 2654 5353 καὶ
2680 5299 2865 5369 ὣσπερ
2888 5299 2979 5351 ἐπὶ
2998 5298 3098 5367 τῆς
3125 5296 3232 5348 τῶν
3261 5295 3526 5365 σωμάτων
3562 5308 3730 5345 κατα-

2158 5394 2356 5463 σκευῆς
2382 5393 2560 5445 πάντα
2584 5391 2652 5444 τὰ
2682 5391 2816 5461 μέλη
2838 5390 2974 5459 πρὸς
2995 5389 3162 5442 ἑαυτά
3193 5385 3453 5457 cunquth
3476 5384 3605 5454 ἔχει,
3628 5383 3732 5434 κᾶν

2156 5488 2224 5538 τὰ
2252 5485 2347 5555 μὲν
2371 5483 2768 5551 ὑποϐεὸήκότα.
2796 5481 2866 5534 τὰ
2907 5482 2963 5534 δὲ
2992 5478 3409 5550 ύπερανεστῶτα
3442 5475 3580 5544 τύχῃ
3601 5491 3613 5503 ·
3641 5471 3735 5525 οῦ-

2156 5595 2264 5640 τως
2290 5578 2323 5646 ἡ
2350 5576 2538 5645 κτιστὴ
2562 5575 2719 5643 φύσις
2744 5575 2943 5645 ἥνωται
2970 5573 3105 5644 πρὸς
3149 5569 3343 5641 ἑαυτὴν
3370 5567 3510 5621 κατά
3532 5566 3622 5619 τὸν
3648 5562 3723 5616 λό-

2384 5782 2425 5812 ¹⁹
2455 5776 2592 5831 Phil.
2636 5793 2673 5837 ι,
2703 5775 2757 5839 2,
