4066 6374
332 376 437 430 101

1554 380 1815 437 ORATIO
1853 376 2363 436 CATECIIETICA.

3492 374 3513 426 ί
3526 374 3595 427 0‘3

328 504 433 555 γον
463 489 569 559 ¹τῆς
594 490 838 553 κτίσεως,
874 494 966 545 καὶ
1006 494 1161 547 οὐδὲν
1189 497 1221 565 ή
1265 497 1403 550 κατὰ
1436 498 1495 552 τὸ
1525 500 1787 570 ὑπερέχον
1826 498 1908 550 καλ

2023 494 2317 561 conjuncta
2348 493 2689 555 naturaliter,
2716 490 2927 546 etiamsi
2964 490 3066 544 alia
3094 490 3313 560 quidem
3346 500 3472 545 sunt
3514 492 3595 545 in-

331 578 517 631 ὲνδέον
544 582 601 632 ἐν
629 582 758 650 ήμῖν
778 581 1011 653 διαφορά
1037 584 1301 655 διίστησιν
1323 589 1491 660 αὐτὴν
1514 591 1611 659 τῆς
1634 590 1767 659 πρὸς
1796 590 1920 640 ἐαυ-

322 670 434 737 τὴν
490 671 789 739 συμφυΐας.
840 665 940 725 Ὧν
993 674 1099 745 γὰρ
1148 677 1342 746 ἐπίσης
1406 684 1805 747 προεπινοεῖται
1883 680 1914 747 ἡ

325 759 668 831 άνυπαρξία,
703 763 805 815 κᾶν
849 765 907 816 ὲν
944 767 1055 827 τοῖς
1087 765 1265 829 ἄλλοις
1306 767 1367 819 τὸ
1403 768 1653 838 διάφορον
1682 763 1737 840 ᾗ,
1772 767 1919 819 οὐδε-

328 848 467 918 μίαν
499 853 645 904 κατὰ
676 852 737 905 τὸ
770 853 935 924 μέρος
977 854 1133 909 τοῦτο
1172 857 1272 926 τῆς
1312 857 1525 927 φύσεως
1567 857 1919 928 παραλλαγὴν

325 944 749 1016 ὲξευρίσκομεν.
793 949 857 999 Ei
912 944 1004 1001 οὖν
1053 951 1265 1014 κτιστὸς
1303 952 1401 1021 μὲν
1446 950 1519 1003 ὢν
1549 951 1578 1003 ὁ
1613 952 1916 1020 ἄνθρωπος.

327 1036 557 1088 κτιστὸν
593 1037 647 1089 δὲ
686 1039 779 1091 καὶ⁸
820 1040 879 1092 τὸ
930 1042 1175 1112 Πνεῦμα,
1219 1044 1430 1096 καὶτὸν
1481 1044 1740 1114 μονογενῆ
1789 1022 1924 1097 Θεὸν

327 1124 470 1178 εἶναι
518 1126 750 1197 νομίζοι,
784 1130 1010 1199 μάταιος
1063 1134 1129 1187 ἂν
1180 1136 1261 1206 εἴη
1311 1136 1552 1189 ἀνελπίδι
1591 1137 1689 1205 τῆς
1728 1138 1820 1191 ἐπὶ
1861 1136 1921 1189 τὸ

326 1221 585 1286 κρεῖττον
616 1224 998 1289 μεταστάσεως
1024 1226 1159 1295 πρὸς
1192 1228 1383 1281 ἑαυτὸν
1408 1228 1670 1282 ἀναλύων.
1697 1230 1921 1299 Ὅμοιον

325 1310 439 1379 γὰρ
473 1313 598 1373 ταῖς
630 1310 721 1363 τοῦ
770 1314 1073 1384 Νικοδήμου
1108 1317 1434 1389 ὑπολήψεσίν
1470 1324 1584 1373 ἐστι
1616 1320 1675 1373 τὸ
1707 1320 1923 1390 γινόμε-

324 1418 438 1462 νον,
468 1402 529 1465 ὃς
567 1405 695 1473 περὶ
742 1404 836 1456 τοῦ
872 1405 980 1458 δεῖν
1024 1406 1230 1460 ἄνωθεν
1263 1406 1589 1479 γεννηθῆναι
1623 1410 1776 1480 παρὰ
1824 1409 1919 1463 τοῦ

323 1489 537 1563 Κυρίου
576 1494 780 1564 μαθὼν,
816 1495 901 1548 διὰ
934 1496 994 1548 τὸ
1025 1498 1191 1567 μήπω
1218 1498 1464 1569 χωρῆσαι
1492 1499 1585 1553 τοῦ
1620 1503 1918 1572 μυστηρίου

322 1579 417 1632 τὺν
454 1580 638 1649 λόγον,
687 1584 777 1636 ἐπὶ
823 1585 913 1637 τὸν
966 1586 1215 1657 μητρῷον
1264 1589 1462 1641 κόλπον
1509 1594 1621 1652 τοῖς
1643 1590 1921 1662 λογισμοῖς

322 1672 686 1744 κατεσὺρετο.
724 1676 883 1727 Ὥστε
916 1678 961 1729 εἰ
997 1678 1069 1748 μὴ
1104 1679 1239 1748 πρὸς
1282 1682 1533 1733 ἄκτιστον
1573 1681 1752 1749 φύσιν,
1786 1682 1921 1735 ἀλλὰ

322 1762 467 1833 πρὸς
501 1765 604 1833 τὴν
640 1767 873 1836 συγγενῆ
907 1766 1002 1819 καὶ
1030 1768 1317 1837 ὁμόδουλον
1347 1770 1519 1823 κτίσιν
1559 1772 1749 1826 ἑαυτὸν
1774 1774 1919 1827 ἁπά-

2023 585 2242 647 feriora,
2276 583 2380 635 alia
2416 598 2544 635 vero
2578 582 2862 651 superiora
2888 600 2904 633 ;
2932 582 3005 634 ita
3041 589 3223 635 creata
3260 590 3456 634 natura
3489 582 3595 638 sibi

2019 684 2105 730 est
2139 675 2312 737 unita,
2356 675 2497 744 quod
2532 672 2596 727 ad
2629 675 2893 727 rationem
2939 674 3132 727 attinet
3162 684 3446 737 creaturae,
3495 689 3597 729 nec

2019 779 2140 835 qua:
2182 765 2235 817 in
2274 778 2341 818 eo
2388 761 2536 833 quod
2588 771 2879 829 exsuperat
2924 768 2978 815 et
3013 760 3191 815 deﬁcit
3219 768 3303 814 est
3342 760 3398 815 in
3437 761 3597 815 nobis

2018 856 2348 917 didereutia,
2397 871 2515 910 eam
2547 855 2833 923 disjungit,
2869 870 2934 907 ne
2966 854 3067 907 sibi
3117 855 3217 922 ipsi
3249 852 3321 907 sit
3355 852 3593 907 naturali

2018 951 2311 1018 conjuncta
2356 947 2764 1017 conjunctione.
2809 944 2863 997 In
2911 945 3111 1014 quibus
3153 945 3297 999 enim
3342 959 3407 998 ex
3438 956 3596 1011 arquo

2020 1042 2289 1111 cogitatur
2333 1040 2479 1109 quod
2522 1054 2628 1093 non
2660 1038 2770 1092 siut
2812 1052 2875 1090 ac
2913 1036 3237 1099 consistant,
3277 1036 3491 1090 etiamsi
3538 1036 3595 1088 in

2019 1133 2143 1187 aliis
2171 1131 2445 1193 diﬂeraut,
2494 1144 2682 1185 eorum
2723 1128 2777 1181 in
2813 1129 2915 1180 hac
2955 1136 3104 1195 parte
3143 1144 3250 1180 non
3289 1128 3595 1181 invenimus

2023 1228 2186 1280 ullam
2235 1233 2448 1280 naturae
2483 1226 2861 1279 mutationem.
2903 1223 2959 1277 Si
3004 1238 3133 1292 ergo
3166 1222 3327 1275 homo
3369 1235 3493 1272 cum
3522 1218 3597 1273 sit

2019 1326 2268 1381 creatus,
2312 1318 2573 1386 Spiritum
2622 1332 2841 1385 quoque
2891 1326 3131 1370 creatum
3162 1328 3303 1376 esse,
3359 1312 3596 1378 itemque

2021 1410 2359 1478 unigenitum
2406 1408 2572 1461 Deum
2611 1406 2861 1472 atlirmat,
2920 1407 2966 1460 is
3011 1420 3146 1458 vana
3196 1418 3293 1473 spe
3341 1402 3595 1463 ducetur,

2018 1501 2221 1569 quippe
2248 1499 2343 1568 qui
2390 1498 2630 1567 seipsum
2667 1498 2736 1549 ab
2782 1496 2872 1548 illa
2911 1494 2963 1547 iu
2998 1494 3195 1547 melius
3250 1489 3598 1545 restitutione

2020 1593 2260 1645 alienum
2310 1590 2496 1643 faciat.
2535 1588 2680 1642 Idem
2723 1587 2867 1640 enim
2897 1586 2950 1638 in
2998 1585 3100 1638 hac
3132 1599 3188 1637 re
3216 1580 3414 1636 accidit
3450 1578 3597 1650 quod

2018 1683 2347 1737 Nicodemus
2397 1680 2767 1739 existimabat,
2822 1679 2915 1747 qui
2961 1692 3083 1729 cum
3121 1692 3148 1728 a
3181 1674 3414 1728 Domino
3456 1672 3599 1726 didi-

2019 1776 2188 1829 cisset
2236 1789 2473 1843 superne
2520 1774 2671 1826 nasct
2710 1778 2985 1839 oportere,
3039 1766 3169 1837 quia
3203 1764 3445 1818 nondum
3483 1777 3601 1832 my-

319 1871 436 1921 γοι,
469 1859 575 1925 τῆς
620 1856 882 1917 κάτωθεν,
927 1860 988 1911 οὐ
1040 1863 1138 1930 τῆς
1187 1862 1391 1915 ἄνωθέν
1440 1864 1556 1916 ἐστι
1588 1866 1908 1937 γεννήσεως.

2022 1868 2174 1922 sterii
2204 1868 2470 1919 rationem
2501 1870 2748 1933 caperet,
2778 1863 2843 1914 ad
2877 1870 3186 1913 maternum
3213 1866 3427 1911 uterum
3455 1854 3600 1924 cogi-

316 1946 464 2016 Φησὶ
494 1947 554 1999 δὲ
582 1948 645 2001 τὸ
676 1950 1018 2018 Εὐαγγέλιον,
1045 1952 1250 2007 ἄνωθεν
1279 1951 1415 2007 εἶναι
1453 1955 1563 2009 τῶν
1594 1956 1914 2028 σωζομένων

319 2036 421 2107 τὴν
453 2038 621 2109 γέννη
630 2056 731 2092 σιν.

2024 1958 2327 2014 tationibus
2358 1957 2749 2011 devolvebatur
2772 1955 2839 2008 ⁸ο.
2878 1951 3239 2019 Quamobrem
3290 1948 3334 2003 si
3372 1962 3479 2001 non
3529 1944 3598 1998 ad

2022 2050 2321 2103 iucreatam
2354 2058 2629 2110 naturam,
2660 2044 2755 2099 sed
2781 2043 2846 2096 ad
2881 2050 3169 2110 cognatam
3192 2048 3246 2093 et
3272 2050 3596 2093 conservam

320 2136 642 2182 creaturam
684 2146 743 2185 se
771 2132 1026 2198 abducat,
1050 2143 1135 2189 est
1161 2138 1529 2205 generationis
1562 2154 1683 2208 quae
1708 2147 1792 2194 est
1824 2140 2059 2202 inferne,
2092 2154 2200 2194 nou
2230 2140 2351 2209 ejus
2379 2154 2502 2209 qua:
2519 2145 2600 2193 est
2656 2136 2910 2206 desuper.
2978 2133 3117 2187 Dicit
3180 2142 3359 2186 autem
3422 2128 3599 2184 Evan-

316 2218 554 2288 gelium,
594 2218 832 2290 desuper
859 2239 980 2279 esse
1033 2227 1442 2293 generationem
1474 2243 1665 2284 eorum
1700 2233 1792 2301 qui
1822 2232 1958 2285 salvi
1995 2231 2153 2285 ﬁunt.

923 2319 1175 2372 ΚΕΦΑΛ.
1215 2322 1307 2375 Μ’.

406 2406 550 2459 Ἀλλ’
576 2407 638 2461 οὗ
672 2426 761 2479 μοι
794 2409 939 2463 δοκεῖ
986 2411 1146 2482 μέχρι
1175 2412 1285 2465 τῶν
1323 2413 1629 2485 εἰρημένων
1658 2416 1907 2489 αὐτάρκη

318 2497 424 2566 τὴν
453 2498 806 2554 διδασκαλίαν
848 2504 881 2571 ή
927 2504 1230 2574 κατήχησις
1262 2506 1424 2575 ἔχειν.
1458 2510 1547 2559 Δεῖ
1570 2507 1699 2579 γάρ,
1734 2504 1908 2579 οἶμαι,

320 2590 419 2642 καὶ
450 2590 515 2642 τὸ
545 2594 686 2661 μετὰ
717 2593 872 2647 τοῦτο
901 2597 1143 2658 σκοπεῖν,
1175 2596 1202 2648 ὃ
1237 2597 1417 2649 πολλοὶ
1442 2597 1549 2650 τῶν
1576 2602 1907 2670 προσιόντων

321 2684 391 2753 τῇ
412 2682 508 2735 τοῦ
538 2684 917 2756 βαπτίσματος
938 2687 1117 2757 χάριτι
1135 2689 1434 2759 παρορῶσι,
1452 2690 1518 2743 δι’
1547 2692 1757 2761 ἀπάτης
1777 2694 1906 2746 ἑαυ-

320 2775 448 2837 τοὺς
480 2776 841 2847 παράγοντες,
875 2779 967 2831 καὶ
999 2778 1077 2849 τῷ
1107 2779 1282 2833 δοκεῖν
1324 2782 1504 2851 μόνον,
1531 2785 1649 2855 οὐχι
1690 2783 1768 2855 τῷ
1796 2787 1907 2841 ὄντι

322 2863 685 2937 γεννώμενοι.
723 2866 788 2921 Ἦ
807 2867 915 2938 γὰρ
933 2869 1022 2922 διὰ
1061 2870 1163 2941 τῆς
1190 2874 1597 2946 ἀναγεννήσεως
1648 2880 1905 2951 γινομένη

322 2959 423 3027 τῆς
450 2956 602 3040 ζωῆς
630 2959 785 3027 ήμῶν
807 2962 1185 3032 μεταποίησις,
1210 2966 1308 3017 οὐκ
1326 2965 1391 3019 ἂν
1417 2967 1499 3036 εῖη
1530 2970 1904 3040 μεταποίησις,

325 3047 374 3097 εἰ
407 3047 467 3098 ὲν
503 3039 549 3113 ᾧ
578 3049 745 3116 ὲσμεν
788 3048 1155 3120 δισμένοιμεν.
1202 3053 1307 3105 Τὸν
1336 3055 1444 3125 γὰρ
1479 3056 1535 3107 ἐν
1567 3059 1680 3120 τοῖς
1722 3039 1904 3124 αὐτοῖς

2613 2318 2844 2375 CAPUT
2876 2318 2986 2374 XL.

2088 2416 2193 2473 Sed
2213 2416 2345 2471 miln
2373 2430 2482 2471 non
2517 2415 2735 2468 videtur
2761 2413 3066 2468 catechesis
3092 2426 3266 2480 usque
3293 2410 3359 2463 ad
3390 2423 3454 2463 ea
3472 2423 3595 2478 quae

2016 2511 2166 2566 dicta
2204 2519 2334 2565 sunt
2366 2508 2671 2564 doctrinam
2704 2506 2905 2560 habere
2949 2503 3326 2559 suﬂicientem.
3368 2498 3595 2570 Oportet

2012 2601 2179 2665 enim,
2210 2601 2424 2673 Opinor,
2456 2600 2509 2652 id
2540 2613 2758 2669 quoque
2786 2595 2931 2666 quod
2966 2602 3154 2665 postea
3190 2593 3438 2663 sequitur
3460 2607 3594 2647 cou-

2013 2692 2275 2757 siderare,
2302 2691 2448 2763 quod
2484 2691 2641 2745 multi
2677 2690 2957 2760 negligunt
2984 2703 3051 2744 ex
3094 2688 3160 2742 iis
3189 2688 3281 2756 qui
3323 2687 3595 2741 accedunt

2010 2784 2078 2837 ad
2110 2784 2336 2854 gratiam
2382 2782 2749 2853 baptismatis,
2805 2780 3017 2849 seipsos
3048 2778 3101 2831 in
3144 2777 3387 2831 fraudem
3429 2776 3591 2829 indu.

2010 2885 2216 2940 centes,
2250 2876 2396 2944 quod
2427 2876 2716 2928 videantur
2744 2880 2977 2935 tantum,
3027 2880 3077 2925 et
3110 2886 3217 2923 non
3257 2870 3368 2924 sint
3401 2882 3589 2922 revera

2008 2966 2274 3035 generati.
2323 2964 2458 3017 Nam
2491 2952 2611 3032 qua:
2649 2978 2747 3032 per
2795 2960 3258 3029 regenerationem
3300 2966 3501 3012 nostra:
3533 2958 3592 3009 tit

2009 3057 2134 3109 vita:
2176 3054 2587 3115 transmutatio,
2641 3068 2750 3106 non
2783 3051 2945 3105 fuerit
2986 3049 3395 3111 transmutatio,
3454 3047 3499 3101 si
3534 3047 3590 3100 in

323 3138 485 3230 ὄντα,
515 3138 619 3191 οὐκ
657 3135 773 3230 οἶδα
810 3141 923 3203 πῶς
953 3139 1099 3195 ἐστιν
1139 3143 1294 3197 ἄλλον
1323 3144 1444 3200 τινά
1472 3148 1798 3218 γεγενῆσθαι
1822 3167 1905 3202 νο-

2010 3162 2073 3201 eo
2107 3149 2160 3200 in
2193 3164 2303 3216 quo
2334 3162 2546 3208 sumus,
2580 3159 2981 3214 permanemus.
3014 3141 3146 3194 Nam
3180 3140 3271 3209 qui
3310 3140 3363 3192 in
3396 3139 3588 3193 iisdem

328 3228 506 3299 μίσαι,
554 3233 641 3300 ἐφ’
674 3227 733 3286 οὗ
763 3234 928 3303 μηδὲν
963 3235 1071 3287 τῶν
1108 3238 1503 3307 γνωρισμάτων
1552 3242 1901 3314 μετεποιήθη.

325 3318 398 3371 Τὸ
430 3319 542 3390 γάρ
573 3322 666 3373 ἐπὶ
699 3322 1078 3393 ἀνακαινισμῷ
1110 3327 1203 3377 καὶ
1234 3329 1300 3397 τῇ
1351 3328 1619 3401 μεταϐολῇ
1666 3332 1765 3402 τῆς
1805 3334 1907 3400 φύ-

327 3426 464 3473 σεως
488 3412 649 3482 ήμῶν
676 3414 774 3483 τὴν
804 3415 1068 3485 σωτήριον
1092 3416 1608 3487 παραλαμϐάνεσθαι
1629 3422 1901 3493 γέννησιν,

327 3506 489 3557 παντὶ
526 3505 686 3575 δῆλόν
724 3509 892 3561 ἐστιν.
952 3508 1111 3561 Ἀλλὰ
1158 3510 1265 3578 μὴν
1310 3511 1725 3585 ήάνθρωπότης
1767 3516 1903 3587 αὐτὴ

327 3595 447 3646 καθ’
472 3596 676 3665 ἑαυτήν
709 3598 1010 3669 μεταϐολὴν
1038 3600 1103 3651 ἐκ
1130 3598 1222 3651 τοῦ
1248 3598 1623 3673 βαπτίσματος
1650 3606 1709 3656 οὺ
1739 3623 1905 3676 προσ-

330 3685 495 3748 ίεται,
525 3686 651 3739 οὔτε
685 3688 745 3740 τὸ
781 3689 1022 3757 λογικὸν,
1050 3691 1173 3743 οὔτε
1210 3690 1269 3743 τὸ
1302 3692 1659 3763 διανοητικδν,
1691 3697 1814 3748 οὔτε
1845 3697 1905 3749 τὸ

327 3778 639 3848 ἐπιστήμης
684 3780 959 3845 δεκτικὸν,
1008 3782 1127 3836 οὐδὲ
1177 3783 1303 3837 ἄλλο
1348 3802 1400 3837 τι
1430 3786 1537 3838 τῶν
1565 3804 1903 3858 χαρακτηρι-

327 3869 531 3932 ζὸντων
580 3871 723 3935 ἰδίως
763 3876 861 3942 τὴν
894 3875 1240 3945 ἀνθρωπίνην
1282 3876 1441 3943 φύσιν
1467 3877 1525 3929 ὲν
1552 3879 1904 3947 μεταποιήσει

327 3962 558 4028 γίνεται.
605 3964 713 4017 Καὶ
741 3965 849 4035 γὰρ
887 3966 951 4018 ἂν
990 3968 1126 4038 πρὸς
1164 3968 1225 4020 τὸ
1259 3972 1438 4039 χεῖρον
1472 3971 1503 4040 ή
1552 3970 1904 4039 μεταποίησις

328 4057 432 4126 είη,
463 4057 514 4107 εἰ
558 4073 600 4107 ιι
621 4056 826 4109 τούτων
849 4058 1214 4130 ὑπαμειφθείη
1244 4060 1354 4112 τῶν
1379 4060 1523 4113 ἰδίων
1546 4060 1646 4128 τῆς
1668 4060 1900 4128 φύσεως.

329 4148 388 4199 Εἰ
441 4143 534 4200 οὖν
569 4148 859 4217 ήᾶνωθεν
911 4149 1161 4219 γέννησις
1214 4151 1653 4220 άναστοιχείωσίς
1704 4169 1761 4204 τε
1808 4152 1902 4205 τοῦ

327 4240 615 4311 ἀνθρώπου
630 4240 863 4307 γίνεται,
884 4240 1057 4295 ταῦτα
1087 4242 1142 4295 δὲ
1170 4244 1266 4313 τὴν
1302 4244 1605 4314 μεταϐολὴν
1632 4246 1692 4296 οὑ
1730 4262 1897 4315 προσσ

329 4332 502 4397 ίεται,
534 4334 795 4386 σκεπτέον
842 4334 985 4397 τίνος
1028 4334 1511 4405 μεταποιηθέντος,
1557 4334 1773 4405 ἐντελὴς
1806 4339 1904 4407 τῆς

328 4423 736 4493 ἁναγεννήσεως
763 4427 796 4494 ή
828 4425 986 4495 χάρις
1030 4426 1165 4478 ἐστί.
1210 4426 1460 4495 Δηλονότι
1502 4425 1610 4480 τῶν
1651 4426 1903 4498 πονηρῶν

2006 3250 2281 3299 versatur,
2330 3252 2436 3290 non
2488 3235 2645 3289 video
2679 3234 3139 3304 quemadmodum
3188 3231 3590 3285 existimandus

2007 3329 2080 3382 sit
2113 3330 2289 3381 l'ai-tus
2328 3341 2451 3381 esse
2486 3327 2648 3390 alius,
2698 3327 2751 3378 iu
2793 3340 2903 3394 quo
2932 3324 3067 3376 nihil
3114 3330 3198 3375 est
3230 3329 3495 3374 mutatum
3521 3336 3589 3375 ex

2008 3420 2076 3473 iis
2100 3420 2300 3488 quibus
2328 3419 2698 3488 cognoscitur.
2731 3417 2884 3483 Quod
2908 3417 3052 3469 enim
3081 3414 3146 3467 ad
3183 3413 3587 3468 rcnovationem

2004 3520 2058 3564 ct
2099 3510 2453 3563 mutationem
2500 3517 2703 3562 nostrae
2738 3514 2946 3561 natura:
2982 3504 3238 3560 salutaris
3279 3511 3590 3557 assumatur

2006 3602 2304 3671 generatio,
2328 3600 2509 3654 cuivis
2532 3608 2615 3655 est
2646 3599 3020 3669 perspicuum.
3046 3599 3206 3665 Atqui
3242 3598 3359 3665 ipsa
3398 3596 3590 3649 huma-

2007 3692 2151 3745 nitas
2188 3707 2285 3761 per
2329 3707 2387 3745 se
2434 3690 2794 3743 mutationem
2830 3703 2936 3740 nou
2989 3686 3229 3739 admittit
3282 3686 3335 3738 in
3372 3684 3583 3753 baptis-

2007 3794 2170 3844 matc,
2228 3798 2406 3852 neque
2452 3783 2535 3835 vis
2593 3779 2956 3835 ratiocinandi
3011 3787 3066 3832 ct
3129 3777 3465 3846 intelligendi
3532 3784 3587 3829 et

2006 3874 2293 3928 scientiam
2344 3871 2703 3943 percipiendi,
2754 3886 2933 3940 neque
2982 3869 3187 3939 aliquid
3244 3868 3388 3921 aliud
3421 3882 3485 3921 ex
3521 3867 3587 3921 iis

2006 3979 2127 4034 qua:
2155 3963 2449 4027 humanam
2486 3970 2735 4015 naturam
2768 3960 2987 4031 proprie
3031 3959 3367 4028 exprimunt,
3406 3968 3560 4012 trans

2005 4064 2290 4119 mutatur;
2346 4064 2491 4108 esset
2522 4054 2665 4108 enim
2696 4054 2925 4105 mutatio
2954 4052 3008 4105 in
3055 4050 3318 4115 deterius,
3370 4049 3414 4103 si
3455 4048 3584 4118 quid

2005 4148 2281 4200 deleretur
2314 4161 2379 4200 ex
2414 4146 2477 4199 iis
2506 4160 2627 4212 qua:
2657 4152 2788 4197 sunt
2831 4142 3053 4212 propria
3104 4151 3330 4195 natura}.
3368 4139 3424 4193 Si
3455 4156 3587 4211 ergo

2004 4255 2126 4307 quze
2156 4241 2212 4292 tit
2245 4237 2480 4306 desuper
2515 4236 2819 4306 generatio,
2854 4234 3173 4289 reformatio
3203 4233 3449 4302 quaedam
3500 4242 3585 4285 est

2005 4330 2244 4384 hominis
2270 4371 2283 4393 ,
2336 4329 2450 4382 haec
2486 4338 2665 4382 autem
2719 4328 3070 4381 mutationem
3120 4342 3227 4379 non
3261 4327 3579 4387 admittunt,

2006 4422 2463 4477 considerandum
2495 4430 2580 4475 est
2599 4436 2836 4489 quanam
2868 4420 3082 4473 tandem
3110 4434 3168 4471 rc
3194 4427 3396 4473 mutata
3425 4433 3582 4488 rege-

328 4515 723 4584 γνωρισμάτων
774 4511 1195 4583 ὲξαλειφθέντων
1244 4516 1341 4585 τῆς
1388 4514 1604 4584 φύσεως
1646 4516 1903 4587 ήμῶν,ή

2011 4513 2317 4568 neralionis
2346 4515 2519 4583 gratia
2556 4513 2887 4582 perliciatur.
2920 4512 3074 4565 Malis
3106 4511 3315 4565 scilicet
3345 4511 3489 4566 notis
3529 4519 3585 4564 et

332 4603 467 4673 πρὸς
497 4604 556 4656 τὸ
582 4608 824 4675 κρεῖττον
855 4606 1181 4676 μετάστασις
1203 4608 1431 4674 γίνεται.
1462 4608 1670 4661 Οὐκοῦν
1702 4610 1772 4672 εί,
1804 4626 1905 4661 κα-

332 4694 438 4759 θὼς
489 4713 653 4767 φησιν
709 4697 737 4748 ὁ
795 4700 1108 4768 προφήτης,
1158 4699 1479 4769 λουσάμενοι
1529 4701 1607 4771 τῷ
1660 4702 1906 4772 μυστικῷ

331 4787 501 4857 τούτῳ
542 4786 781 4858 λουτρῷ,
814 4788 1042 4859 καθαροὶ
1078 4790 1177 4853 τὰς
1210 4792 1555 4863 προαιρέσεις
1592 4793 1901 4864 γινοίμεθα,

331 4877 425 4940 τὰς
473 4879 735 4949 πονηρίας
777 4880 885 4931 τῶν
929 4880 1115 4950 ψυχῶν
1153 4883 1585 4949 ἀποκλύσαντες,
1624 4886 1906 4956 κρείττους

330 4971 649 5040 γεγόναμεν,
678 4972 771 5024 καὶ
798 4971 932 5039 πρὸς
965 4972 1024 5024 τὸ
1048 4975 1291 5043 κρεῖττον
1313 4976 1815 5047 μεταπεποιήμεθα.
1841 4978 1904 5029 Εἰ

330 5057 385 5110 δὲ
413 5059 475 5112 τὸ
524 5060 747 5129 λουτρὸν
796 5062 895 5130 μὲν
927 5061 1188 5131 ὲπαχθείη
1232 5064 1308 5133 τῷ
1338 5064 1570 5133 σώματι,
1609 5068 1643 5136 ή
1675 5066 1731 5119 δὲ
1760 5066 1904 5138 ψυχὴ

330 5150 426 5213 τὰς
453 5151 719 5221 ἐμπαθεῖς
748 5150 972 5222 κηλίδας
1018 5153 1091 5224 μὴ
1119 5155 1506 5226 ἀποῤῥίψοιτο·
1554 5156 1670 5210 ἀλλ’
1706 5158 1735 5208 ὁ
1769 5158 1906 5227 μετὰ

329 5239 424 5310 τὴν
459 5241 658 5312 μύησιν
686 5242 798 5311 βίος
832 5244 1119 5313 συμϐαίνει
1147 5246 1225 5316 τῷ
1252 5248 1484 5318 ἀμυήτῳ
1510 5248 1629 5320 βίῳ,
1662 5249 1764 5303 κᾶν
1787 5250 1905 5303 τολ-

336 5334 503 5403 μηρὸν
537 5336 711 5387 εἰπεῖν
742 5331 797 5406 ᾖ,
823 5334 991 5399 λέξω,
1032 5338 1126 5390 καὶ
1159 5339 1259 5391 οὑκ
1289 5340 1779 5411 ἀποτραπήσομαι,
1814 5343 1897 5395 ὅτι

333 5424 421 5475 ἐπὶ
452 5428 655 5479 τούτων
674 5426 736 5478 τὸ
763 5425 925 5497 ὓδωρ,
947 5426 1090 5498 ὕδωρ
1110 5430 1255 5481 ἐστὶν
1270 5468 1286 5493 ,
1309 5429 1541 5501 οὐδαμοῦ
1564 5431 1662 5501 τῆς
1692 5431 1898 5501 δωρεᾶς

334 5513 421 5566 τοῦ
449 5516 600 5584 ἁγίου
630 5518 944 5588 Πνεύματος
974 5522 1329 5591 ἐπιφανείσης
1352 5520 1428 5591 τῷ
1459 5522 1747 5592 γινομένῳ,
1773 5523 1898 5577 ὃταν

338 5605 410 5677 μὴ
438 5608 593 5679 μόνον
619 5608 680 5662 τὸ
703 5610 844 5663 κατὰ
871 5612 962 5664 τὸν
997 5612 1166 5683 θυμὸν
1189 5610 1377 5684 αἶσχος
1404 5614 1597 5687 ὑϐρίζῃ
1618 5615 1717 5686 τῆν
1750 5615 1899 5669 θείαν

438 5788 479 5819 ⁸³
500 5786 655 5844 Joan.
689 5803 771 5855 ut,
803 5787 841 5842 2
872 5804 993 5861 sqq.

2001 4608 2174 4676 signis
2205 4621 2271 4660 ex
2302 4606 2485 4658 anima
2531 4615 2719 4659 nostra
2754 4605 2971 4666 deletis,
3028 4604 3085 4656 [ξι
3129 4605 3394 4657 transitus
3431 4603 3497 4656 ad
3528 4603 3581 4656 id

2003 4700 2149 4768 quod
2178 4709 2259 4755 est
2288 4699 2503 4752 melius.
2538 4696 2591 4751 Si
2619 4712 2768 4766 ergo,
2796 4706 2852 4750 ut
2878 4698 3009 4751 dicit
3033 4696 3318 4765 pmpheta,
3351 4696 3584 4765 mystico

2002 4793 2222 4847 lavacro
2253 4794 2369 4853 loti,
2408 4792 2594 4845 mundi
2623 4791 2944 4852 elliciamur,
2987 4804 3209 4859 pravam
3244 4789 3583 4843 Voluntatem

2002 4894 2054 4938 ct
2077 4886 2217 4937 mala
2243 4883 2423 4938 studia
2447 4898 2510 4935 ac
2535 4882 2785 4936 instituta
2805 4882 3051 4935 eluentes
3073 4895 3136 4932 ex
3162 4879 3383 4939 animis,
3408 4877 3581 4933 effecti

2005 4992 2197 5031 sumus
2240 4975 2514 5036 meliores,
2551 4984 2606 5028 ct
2634 4973 2983 5027 transmutati
3025 4987 3217 5025 sumus
3249 4972 3303 5024 in
3339 4970 3390 5025 id
3435 4971 3581 5039 quod

2003 5080 2086 5122 est
2117 5068 2333 5122 melius.
2362 5068 2459 5121 Sin
2490 5075 2671 5120 autem
2706 5067 2981 5119 lavacrum
3022 5063 3245 5135 quidem
3278 5063 3580 5117 adhibitum

2003 5159 2075 5213 sit
2093 5158 2333 5227 corpori,
2355 5157 2536 5211 anima
2561 5163 2740 5209 autem
2764 5163 3008 5207 motuum
3032 5165 3083 5208 et
3108 5154 3579 5224 perturbationum

2002 5251 2250 5304 maculas
2300 5265 2408 5302 non
2443 5248 2670 5311 eluerit,
2709 5248 2802 5302 sed
2846 5262 2967 5315 qua;
3008 5254 3129 5314 post
3180 5254 3579 5299 sacramentum

2004 5350 2320 5410 susceptum
2349 5341 2562 5411 degitur
2591 5342 2720 5403 vita,
2752 5338 3009 5393 convenit
3050 5338 3099 5391 ei
3133 5352 3254 5406 qua:
3285 5336 3582 5405 degebatur

2007 5435 2319 5503 priusquam
2348 5439 2689 5486 sacramento
2716 5431 3054 5484 initiaretur:
3084 5427 3296 5482 etiamsi
3327 5426 3378 5480 id
3399 5426 3579 5480 dicere

2007 5525 2081 5579 sit
2110 5524 2394 5586 audacius,
2426 5521 2604 5576 dicam
2639 5532 2842 5583 tamen,
2865 5535 2963 5574 nec
2988 5528 3237 5573 avertar:
3269 5517 3399 5582 Quae
3427 5516 3480 5569 in
3510 5515 3578 5568 iis

2007 5615 2249 5671 adhibita
2300 5622 2385 5670 cst
2436 5627 2599 5683 aqua,
2639 5627 2781 5681 aqua
2831 5618 2937 5675 est,
2983 5624 3107 5663 cum
3159 5607 3360 5662 domum
3404 5605 3580 5660 sancti
