4066 6374
451 408 551 463 105

1723 395 1784 452 S.
1826 396 1865 453 (ἶ
1879 395 2156 452 REGORH
2185 393 2484 450 NYSSENI

3605 387 3703 442 1οὶ

451 520 690 592 Spiritus
712 519 760 574 ei
791 518 886 588 qui
910 522 1203 589 generatur
1230 514 1457 569 minime
1484 511 1788 580 advenerit,
1811 513 2030 584 quando

2154 513 2373 584 ιορφὴν,
2407 511 2442 583 ἢ
2470 511 2532 564 τὸ
2562 507 2706 564 κατά
2749 507 3060 574 πλεονεξίαν
3095 507 3294 570 πάοος,
3325 505 3417 559 καὶ
3445 507 3477 576 ἡ
3513 505 3707 558 ἀκόλα-

449 631 558 669 non
589 613 764 668 solum
791 611 962 665 animi
1000 608 1282 680 turpitudo
1305 606 1535 661 formam
1563 606 1804 662 divinam
1831 607 2033 676 probro

448 705 634 767 aﬂicit,
673 711 768 756 aut
806 701 1000 754 vitium
1049 700 1309 764 avaritiae,
1343 697 1761 768 impudicusque
1795 705 1852 752 et
1880 698 2035 750 inho-

449 802 643 849 nestus
690 791 931 856 animus,
963 789 1271 858 fastusque,
1328 797 1379 842 et
1417 786 1639 851 invidia,
1672 795 1726 841 et
1751 787 2032 857 superbia,

449 885 546 942 sed
579 892 633 939 et
665 885 818 939 lucra
856 899 978 952 quae
1013 881 1142 935 fecit
1171 897 1236 935 ex
1266 879 1556 948 injustitia,
1591 881 1732 949 apud
1762 895 1884 933 eum
1921 895 2036 950 per-

449 987 697 1043 manent,
725 987 779 1031 et
802 992 922 1047 qua:
951 975 1224 1028 adulterio
1251 980 1333 1027 est
1356 971 1402 1026 ei
1433 980 1621 1040 parata
1652 972 1847 1024 mulier
1870 972 2034 1025 etiam

448 1078 640 1141 postea
664 1069 784 1138 ejus
813 1068 981 1121 servit
1006 1065 1402 1134 voluptatibus.
1431 1063 1486 1116 Si
1519 1064 1653 1125 haec,
1677 1070 1732 1116 et
1763 1078 1884 1133 qme
1908 1071 2038 1118 sunt.

452 1158 790 1230 hujusmodi,
827 1173 938 1210 non
995 1171 1157 1211 secus
1207 1162 1373 1223 atque
1427 1153 1600 1222 prius,
1656 1161 1783 1207 sunt
1829 1152 1884 1204 in
1927 1151 2038 1204 vita

452 1257 574 1324 ejus
597 1253 688 1324 qui
719 1253 927 1306 tinctus
957 1250 1059 1305 fuit
1088 1247 1436 1316 baptismate,
1468 1260 1574 1300 non
1605 1259 1828 1314 possum
1859 1242 2040 1297 videre

450 1349 506 1404 iu
525 1362 761 1418 quonam
795 1346 866 1400 sit
883 1351 1145 1407 mutatus,
1173 1358 1298 1396 cum
1324 1340 1575 1395 eumdem
1599 1338 1858 1407 aspiciam
1878 1351 2038 1406 quem

454 1436 630 1507 prius,
659 1434 752 1503 qui
785 1433 963 1487 fuerat
993 1430 1194 1500 injuria
1222 1428 1467 1490 affectus,
1501 1428 1591 1498 qui
1619 1426 1909 1482 calumniis
1943 1440 2042 1494 ap-

453 1531 679 1598 petitus,
709 1527 801 1596 qui
839 1525 997 1578 honis
1031 1522 1146 1578 suis
1174 1536 1399 1576 eversus
1431 1535 1494 1574 ac
1539 1518 1806 1588 dejectus,
1835 1516 2038 1570 nullam

454 1619 647 1673 videns
691 1618 1046 1670 mutationem
1103 1614 1224 1683 ejus
1275 1613 1366 1683 qui
1418 1620 1505 1667 est
1561 1619 1872 1681 generatus.
1921 1606 2040 1661 Non

459 1707 750 1761 audierunt
777 1706 843 1759 ab
871 1721 937 1760 eo
961 1721 1148 1759 vocem
1179 1703 1391 1758 Ζαριιωί
1417 1721 1428 1754 :
1461 1701 1521 1757 Si
1550 1717 1700 1772 quem
1729 1699 2041 1754 circumveni

455 1814 547 1869 per
577 1797 923 1857 calumniam,
959 1794 1120 1850 reddo
1152 1795 1506 1865 quadruplum
1530 1793 1596 1846 ²¹.
1625 1791 1756 1857 Quae
1787 1790 2041 1845 dicebant

459 1898 586 1944 ante
619 1889 980 1958 baptismum,
1017 1887 1208 1960 eadem
1249 1889 1414 1940 etiam
1445 1884 1513 1939 dc
1546 1899 1612 1938 eo
1649 1898 1796 1937 nunc
1825 1882 2036 1943 dicunt,
2075 1874 2112 1930 Β

460 1989 515 2035 et
574 1981 766 2036 iisdem
825 1981 990 2034 etiam
1049 1979 1366 2034 nominibus
1422 1977 1737 2047 appellant,
1791 1989 2036 2040 avarum,

460 2075 764 2129 alienorum
799 2073 1067 2128 bonorum
1107 2080 1472 2143 appetentem,
1513 2088 1578 2127 ex
1629 2071 1910 2124 hominum
1944 2085 2039 2123 ca-

460 2166 801 2220 lamitatibus
836 2165 1067 2219 delicias
1122 2165 1224 2218 sibi
1261 2173 1564 2233 parantem.
1600 2161 1702 2228 Qui
1747 2175 1878 2230 ergo
1918 2175 2043 2216 ver-

463 2267 619 2312 satur
654 2258 708 2312 in
741 2258 958 2322 iisdem,
1007 2265 1062 2311 et
1113 2255 1313 2310 deinde
1345 2255 1517 2324 jactat
1551 2254 1605 2307 in
1637 2254 1836 2318 vulgus
1884 2267 2042 2307 suam

462 2365 563 2420 per
597 2351 936 2418 baptismum
970 2349 1022 2402 in
1047 2349 1247 2402 melius
1270 2348 1648 2411 mutationem,
1678 2346 1865 2399 audiat
1888 2343 2043 2398 Pauli

461 2458 650 2497 vocem
681 2460 694 2496 :
729 2441 791 2496 Si
815 2442 932 2510 quis
960 2439 1162 2495 videtur
1193 2439 1296 2493 sibi
1347 2455 1458 2493 esse
1487 2437 1712 2507 aliquid,
1761 2453 1877 2490 cum
1912 2437 2046 2490 nihil

463 2531 558 2595 sit,
587 2532 812 2598 seipsum
841 2531 1034 2598 decipit
1058 2531 1125 2584 η.
1154 2527 1270 2583 Non
1301 2541 1360 2582 es
1389 2528 1532 2582 enim
1562 2528 1706 2597 quod
1730 2543 1838 2580 non
1868 2526 2046 2580 factus

463 2636 546 2676 es.
625 2619 934 2690 Quicunque
991 2636 1110 2674 eum
1171 2627 1519 2688 acceperunt,
1584 2617 1652 2672 de
1711 2617 2046 2686 regeneratis

466 2714 601 2767 dicit
631 2711 1008 2783 Evangelium,
1053 2712 1198 2766 dedit
1241 2713 1314 2766 eis
1357 2720 1672 2780 potestatem
1721 2721 1776 2763 ut
1813 2711 1914 2779 ﬁlii
1955 2709 2047 2763 Dei

465 2805 740 2875 ﬁerent".
788 2806 891 2872 Qui
937 2813 1117 2858 autem
1171 2803 1350 2859 factus
1387 2813 1471 2859 est
1519 2803 1754 2874 alicujus
1805 2806 1967 2867 lilius,
2003 2805 2048 2858 is

467 2906 553 2951 est
586 2897 814 2951 omnino
861 2895 1109 2966 ejusdem
1148 2898 1365 2967 generis
1399 2897 1560 2965 cujus
1605 2897 1652 2951 is
1697 2896 1789 2967 qtti
1841 2897 2047 2964 genuit.

472 2988 531 3043 Si
571 3005 704 3058 ergo
750 2988 920 3042 Deutn
972 2989 1254 3056 accepisti,
1301 2999 1356 3042 et
1407 2988 1583 3042 factus
1638 3003 1698 3043 es
1746 2987 1840 3040 Dei
1884 2987 2050 3052 lilius,

470 3078 698 3134 ostende
725 3079 891 3132 etiam
945 3078 1022 3132 tui
1077 3078 1243 3131 animi
1279 3079 1450 3133 libero
1500 3079 1787 3148 proposito
1832 3095 1896 3133 ac
1935 3080 2049 3133 ele-

479 3169 667 3223 ctione
696 3167 860 3221 Deum
892 3168 984 3237 qui
1027 3169 1079 3222 in
1137 3178 1187 3222 te
1222 3176 1328 3223 est.
1361 3171 1598 3224 Ostende
1649 3171 1702 3223 in
1730 3178 1781 3224 te
1806 3186 1930 3226 eum
1957 3172 2049 3239 qui

2136 625 2257 670 στος
2286 607 2380 659 καὶ
2405 607 2438 675 ὴ
2465 605 2728 674 ἀσχήμων
2760 601 2987 663 διάνοια,
3017 601 3110 653 καὶ
3133 599 3298 667 τῦφος
3317 640 3332 664 ,
3356 599 3452 652 καὶ
3480 597 3671 666 φθόνος
3690 636 3706 658 .

2133 701 2228 754 καὶ
2278 697 2660 770 ὑπερηφανία’
2712 694 2848 749 ἀλλά
2899 694 2993 747 καὶ
3051 692 3119 746 τὰ
3171 690 3229 757 ἐξ
3283 689 3494 752 ἀδικίας
3544 687 3708 757 κέρδη

2135 791 2430 865 παραμένῃ
2478 787 2626 858 αὐτῷ
2673 787 2766 840 καὶ
2811 786 2844 855 ἡ
2882 786 2944 836 ἐκ
2977 781 3221 853 μοιχείας
3264 780 3415 850 αὑτῷ
3451 777 3710 847 κτηθεῖσα

2135 884 2272 954 γυνὴ
2321 885 2442 945 ταῖς
2482 880 2700 950 ἡδοναῖς
2738 876 2902 931 αὑτοῦ
2935 875 3028 927 καὶ
3063 872 3200 944 μετὰ
3237 869 3394 925 τοῦτο
3425 870 3712 940 ὑπηρετεῖ-

2136 993 2224 1028 ται
2285 973 2409 1027 Ἐὰν
2437 972 2612 1026 ταῦτα
2639 971 2735 1024 καὶ
2763 967 2985 1022 τοιαῦτα
3015 964 3215 1035 ὁμοίως
3238 961 3499 1034 πρότερόν
3529 976 3590 1013 τε
3619 959 3710 1012 καὶ

2140 1070 2280 1136 μετά
2321 1065 2492 1119 ταῦτα
2540 1063 2669 1134 περὶ
2714 1062 2804 1114 τὸν
2853 1060 2962 1130 βίον
2998 1057 3090 1110 τοῦ
3129 1054 3514 1126 βαπτισθέντος
3549 1047 3606 1125 ᾗ,
3657 1052 3710 1103 τί

2143 1157 2574 1230 μεταπεποίηται
2627 1155 2754 1208 ἰδεῖν
2797 1153 2896 1206 οὐκ
2948 1150 3028 1204 ἐτι
3059 1159 3075 1172 ·
3102 1149 3193 1201 τὸν
3247 1147 3410 1204 αὐτὴν
3465 1145 3708 1216 βλέπων,

2139 1254 2307 1322 ὅνπερ
2339 1251 2434 1304 καὶ
2477 1249 2737 1320 πρότερον
2757 1287 2770 1310 ,
2801 1247 2830 1298 ό
2855 1240 3180 1314 ἠδικημένος
3199 1280 3213 1302 ,
3253 1241 3281 1291 ὁ
3313 1253 3708 1305 σεσυκοφαντησ

2143 1345 2335 1416 μένος,
2376 1345 2406 1396 ὁ
2432 1342 2540 1394 τῶν
2575 1340 2718 1393 ίδίων
2760 1335 3064 1398 ἀπωσθεὶς,
3100 1331 3353 1401 οὐδεμίαν
3401 1328 3600 1398 ὁρῶσιν
3629 1328 3711 1394 ἐφ’

2140 1437 2347 1490 ἑαυτῶν
2389 1436 2487 1504 τὴν
2517 1431 2611 1485 τοῦ
2656 1430 2946 1499 λεγομένου
2982 1424 3299 1497 μεταϐολήν.
3336 1422 3448 1474 Οὐκ
3477 1421 3713 1490 ἥκουσαν

2141 1530 2237 1583 καὶ
2265 1527 2415 1597 παρά
2439 1525 2626 1578 τούτου
2670 1523 2768 1594 τὴν
2801 1519 3068 1590 Ζακχαίου
3098 1517 3282 1586 φωνήν
3303 1555 3315 1574 ,
3355 1514 3436 1566 ὅτι
3461 1511 3532 1565 El
3556 1509 3715 1574 τινός

2141 1639 2197 1674 τι
2256 1615 2764 1686 ἐσυκοφάντησα,
2830 1609 3156 1678 ἀποδίδωμι
3214 1602 3710 1673 τετραπλασίυνα.

2149 1714 2216 1765 Ἃ
2267 1710 2371 1782 πρὸ
2404 1708 2496 1763 τοῦ
2533 1706 2900 1777 βαπτίσματος
2948 1702 3161 1768 ἔλεγον,
3191 1699 3262 1752 τά
3296 1697 3434 1750 αὒτά
3477 1695 3571 1747 καὶ
3622 1693 3715 1745 νῦν

2146 1823 2211 1856 πε
2220 1803 2274 1875 pi.
2304 1800 2398 1854 τοῦ
2431 1799 2593 1854 αὐτοῦ
2627 1795 3085 1868 διεξέρχονται,ἐκ
3106 1790 3213 1844 τῶν
3240 1788 3414 1843 αὐτῶν
3441 1786 3716 1855 ὀνομάτων

2143 1894 2592 1965 κατονομάζουσι,
2617 1889 2962 1955 πλεονέκτην,
2997 1884 3102 1936 τῶν
3126 1879 3417 1952 ἀλλοτρίων
3446 1877 3715 1947 ἐπιθυμη-

2143 1990 2266 2059 τὴν,
2300 1987 2409 2040 ἀπὸ
2444 1980 2736 2054 συμφορῶν
2780 1976 3130 2049 ἀνθρωπίνων
3159 1970 3466 2044 τρυφῶντα.
3512 1969 3573 2021 '0
3606 1967 3717 2020 τοί-

2142 2058 2239 2133 νυν
2271 2081 2328 2132 ἐν
2354 2079 2466 2140 τοῖς
2504 2076 2685 2136 αὐτοῖς
2714 2069 2808 2134 ὢν,
2840 2069 3030 2122 ἔπειτα
3059 2062 3394 2138 ἐπιθρυλλῶν
3427 2061 3603 2129 ἐαυτῷ
3629 2058 3718 2113 διὰ

2143 2171 2236 2225 τοῦ
2279 2170 2650 2241 βαπτίσματος
2689 2163 2788 2233 τὴν
2837 2160 2973 2232 πρὸς
3003 2158 3341 2236 τὸθκρεῖττον
3382 2152 3714 2225 μεταϐολὴν,

2145 2261 2428 2317 ἀκουσάτω
2456 2257 2552 2327 τῆς
2583 2254 2792 2309 Παύλου
2817 2251 3030 2322 φωνῆς·
3064 2249 3144 2302 ὃτι
3164 2247 3238 2299 ΕΖ
3264 2264 3354 2312 τις
3380 2243 3547 2298 δοκεῖ
3567 2239 3718 2296 εἷναι

2140 2354 2334 2426 μηδὲν
2386 2351 2490 2415 ὢν,
2536 2344 2883 2419 φρεναπατᾷ
2930 2341 3167 2398 ἑαυτόν.
3226 2342 3291 2394 Ὃ
3345 2338 3454 2408 γὰρ
3505 2339 3580 2406 μὴ
3629 2334 3720 2402 γέ-

2145 2465 2307 2516 γονας
2338 2446 2436 2499 οὐκ
2463 2439 2531 2499 εἴ.
2563 2442 2739 2495 Ὅσοι
2769 2439 2990 2492 ἔλαϐον
3029 2435 3237 2492 αὐτὸν.
3273 2432 3407 2500 φησι
3443 2428 3573 2500 περὶ
3613 2426 3720 2479 τῶν

2147 2535 2615 2607 ἀναγεννηθέντων
2690 2532 2751 2584 τὸ
2809 2526 3173 2597 Εὑαγγέλιον,
3241 2525 3462 2579 ἔδωκεν
3519 2518 3722 2584 αὐτοῖς

2147 2630 2442 2694 ἐξουσίαν
2464 2625 2645 2679 τέκνα
2675 2621 2822 2675 Θεοῦ
2851 2617 3145 2690 γενέσθαι.
3171 2617 3244 2670 Τὸ
3272 2616 3328 2668 δὲ
3353 2615 3542 2668 τέκνον
3569 2610 3722 2681 γενό-

2153 2721 2310 2792 μενόν
2340 2735 2512 2780 τινος,
2561 2714 2816 2786 ὁμογενὲς
2841 2708 3058 2772 πάντως
3095 2709 3212 2762 ἐστὶ⁸
3257 2707 3334 2777 τῷ
3377 2706 3719 2774 γεννήσαντι.

2150 2791 2214 2866 Εἰ
2266 2806 2358 2864 οὖν
2411 2808 2600 2871 ἔλαϐες
2645 2806 2734 2859 τὸν
2787 2803 2938 2865 Θεὸν,
2975 2801 3068 2854 καὶ
3117 2800 3306 2853 τέκνον
3340 2797 3526 2866 ἐγένου
3565 2791 3722 2854 Θεοῦ,

2150 2903 2320 2971 δεῖξον
2351 2901 2438 2956 διά
2462 2901 2560 2973 τῆς
2588 2896 2958 2971 προαιρέσεως
2975 2893 3069 2947 καὶ
3093 2892 3188 2945 τὸν
3217 2893 3272 2943 ἐν
3306 2890 3387 2942 σοὶ
3419 2889 3546 2941 ὄντα
3571 2885 3721 2938 Θεὸν.

2153 2996 2334 3062 Δεῖξον
2378 2997 2435 3047 ἐν
2484 2990 2695 3060 σεαυτῷ
2736 2988 2828 3041 τὸν
2861 2987 3215 3056 γεννήσαντα.
3247 2982 3337 3048 Ἐξ
3366 2975 3440 3034 ὧν
3475 2980 3564 3032 τὸν
3596 2977 3727 3030 Θεὸν

2153 3086 2490 3156 γνωρίζομεν
2514 3126 2525 3138 .
2560 3082 2625 3135 δι’
2662 3079 2884 3134 ἐκείνων
2908 3077 3175 3148 προσήκει
3199 3073 3473 3145 δειχθῆναι
3506 3069 3600 3123 τοῦ
3638 3087 3729 3136 γε-

2157 3180 2381 3250 νομένου
2420 3172 2539 3229 υἱοῦ
2589 3172 2722 3227 Θεοῦ
2765 3170 2862 3242 τὴν
2913 3169 3048 3240 πρὸς
3077 3168 3170 3221 τὸν
3223 3165 3356 3219 Θεὸν
3401 3163 3727 3229 οἰκειότητα.

475 3261 698 3330 genuit.
741 3259 845 3314 Per
901 3261 993 3313 illa
1051 3276 1116 3314 ex
1155 3259 1358 3329 quibus
1415 3259 1585 3315 Deum
1642 3261 2050 3331 cognoscimus,

2171 3243 2435 3335 ’έκεῖνος
2447 3267 2670 3334 ἀνοίγει
2686 3263 2802 3332 τὴν·
2825 3261 3014 3330 χεῖρα,
3042 3260 3138 3313 καὶ
3164 3253 3431 3327 summa
3450 3252 3571 3308 πᾶν
3588 3251 3734 3313 ζῶον

476 3361 696 3422 oportet
735 3352 949 3406 ostendi
985 3367 1108 3406 cum
1155 3351 1265 3407 Deo
1300 3353 1750 3422 conjunctionem
1782 3364 1834 3407 et
1866 3369 2056 3406 neces-

476 3445 775 3498 situdinem
805 3443 926 3512 ejus
973 3445 1066 3514 qui
1099 3444 1278 3500 factus
1311 3454 1395 3499 est
1433 3444 1578 3499 ﬁlius
1610 3445 1722 3499 Dei.
1756 3443 1859 3498 Ille
1886 3448 2053 3513 aperit

475 3552 712 3599 manum,
746 3546 794 3589 et
826 3537 1008 3605 implet
1066 3554 1217 3590 omne
1245 3538 1452 3591 animal
1481 3537 1618 3591 bona
1677 3537 1946 3592 voluntate
1967 3539 2014 3569 ’³
2042 3555 2056 3588 -.

475 3627 719 3682 transilit
763 3628 1118 3698 iniquitates.
1165 3631 1232 3684 de
1281 3630 1428 3684 malo
1484 3630 1594 3700 agit.
1651 3631 2052 3700 pteuitentiam.

479 3717 670 3771 Suavis
729 3717 990 3772 Dominus
1047 3720 1360 3785 universis,»
1395 3737 1500 3774 non
1554 3720 1716 3789 infert
1784 3722 1921 3774 iram
1965 3735 2058 3786 per

478 3807 714 3876 singulos
748 3807 858 3860 dies
885 3808 932 3839 ”
966 3825 985 3861 :
1042 3819 1214 3862 rectus
1264 3809 1519 3864 Dominus
1551 3809 1727 3876 Deus,
1755 3821 1804 3864 et
1835 3827 1940 3864 non
1980 3820 2058 3864 est

479 3901 537 3954 in
564 3917 625 3955 eo
665 3902 921 3971 iniquitas
957 3903 1025 3963 ",
1058 3912 1112 3955 et
1153 3918 1497 3973 quacunque
1547 3905 1860 3974 hujusmodi
1898 3922 2058 3975 spar-

481 3991 587 4047 sint
611 3993 875 4049 docemur
895 4011 924 4048 a
943 4010 1099 4049 sacra
1122 3993 1430 4065 Scriptura.
1460 3994 1516 4049 Si
1543 3997 1597 4050 in
1621 3996 1704 4050 his
1729 3998 2057 4059 versabat-is,

483 4087 666 4143 factus
703 4105 764 4144 es
813 4105 941 4144 vere
979 4089 1122 4144 ﬁlius
1184 4089 1300 4143 Dei.
1337 4087 1396 4144 Si
1449 4097 1631 4144 autem
1683 4107 1971 4160 permanes
2005 4093 2058 4145 in

483 4182 656 4250 signis
701 4183 956 4250 notisque
991 4183 1130 4242 vitii,
1163 4189 1367 4235 temere
1413 4189 1466 4235 te
1509 4183 1577 4236 de
1613 4199 1850 4252 superna
1881 4186 2060 4254 jactus

485 4273 856 4340 generatione.
893 4271 1014 4326 Tibi
1061 4272 1208 4326 dicet
1243 4273 1524 4342 prophetia
1557 4293 1570 4328 :
1607 4273 1679 4326 Es
1709 4275 1854 4343 fiiius
1889 4276 2061 4328 Immi-

485 4361 594 4423 nis,
629 4377 732 4413 non
760 4361 907 4428 ﬁlius
949 4361 1234 4414 Altissimi.
1287 4360 1480 4434 Diligis
1514 4366 1830 4429 vanitatem,
1865 4366 2061 4435 quwris

487 4451 821 4506 mendacium
861 4454 928 4505 ".
978 4451 1172 4508 Nescis
1231 4455 1374 4522 quod
1430 4455 1593 4510 homo
1645 4471 1752 4509 non
1813 4456 1974 4511 aliter
2005 4455 2060 4510 ﬁt

486 4543 582 4599 Dei
616 4545 781 4609 lilius,
811 4561 972 4615 quam
1004 4545 1050 4600 si
1090 4544 1182 4598 fiat
1215 4547 1490 4600 sanctus?

557 4635 794 4692 Necesse
820 4644 1000 4691 autem
1048 4637 1208 4692 fuerit
1260 4639 1423 4692 etiam
1467 4639 1552 4694 his
1590 4639 1794 4696 addere
1832 4641 1884 4695 id
1916 4641 2060 4711 quod

487 4736 682 4794 restat,
718 4745 914 4800 nempe
941 4728 1087 4798 quod
1142 4729 1284 4783 bona
1323 4746 1443 4799 quae
1495 4733 1549 4784 in
1603 4732 2066 4800 promissionihus

490 4828 624 4873 sunt
670 4822 954 4891 preposita
1008 4822 1077 4877 iis
1111 4821 1201 4891 qui
1257 4829 1406 4876 recte
1436 4822 1731 4889 vixerunt,
1793 4838 1898 4876 non
1938 4831 2068 4879 sunt

489 4911 784 4978 ejusmodi,
837 4922 890 4966 ut
944 4914 1128 4968 verbis
1185 4914 1399 4983 possint
1455 4913 1718 4968 describi.
1776 4913 2067 4980 Quomodo

492 5002 660 5068 enim,
692 5019 814 5073 qua!
854 5019 1029 5074 neque
1062 5006 1256 5059 oculus
1305 5005 1463 5067 vidit,
1498 5021 1600 5060 nec
1639 5006 1790 5061 auris
1835 5007 2067 5068 audivit,

493 5109 674 5164 neque
699 5095 755 5149 in
778 5110 874 5150 cor
896 5097 1137 5152 hominis
1156 5097 1526 5153 ascenderunt
1553 5099 1639 5151 "1?
1661 5097 1848 5169 Neque
1876 5101 2074 5155 tnisera

493 5200 547 5244 et
595 5191 786 5245 dolore
827 5192 986 5260 plena
1041 5192 1154 5245 vita
1213 5207 1402 5247 eorum
1443 5193 1535 5262 qui
1576 5207 1945 5262 peccaverunt
1998 5206 2082 5250 est

495 5281 694 5338 similis
729 5283 825 5336 ulli
870 5299 932 5336 ex
988 5283 1056 5337 iis
1086 5298 1207 5353 qua:
1258 5299 1481 5339 sensum
1519 5285 1609 5339 hic
1661 5285 1930 5341 cruciant.
1971 5285 2078 5341 Sed

498 5375 604 5429 etsi
639 5375 862 5444 aliquod
913 5392 974 5429 ex
1014 5375 1082 5430 iis
1111 5392 1232 5446 quas
1262 5376 1373 5430 illic
1396 5385 1524 5432 sunt
1554 5379 1863 5441 tormentis,
1900 5380 2081 5434 nomi-

499 5474 686 5520 natum
728 5467 891 5521 fuerit
925 5467 1241 5522 nominibus
1269 5483 1388 5537 quin
1413 5469 1500 5522 hic
1526 5479 1656 5523 sunt
1683 5470 1925 5539 cognita,
1961 5487 2066 5524 nou

498 5564 583 5610 est
648 5563 831 5611 tamen
886 5573 1111 5626 parvum
1163 5557 1483 5613 discrimen.
1541 5558 1674 5612 Nam
1735 5575 1857 5614 cum
1895 5561 2071 5631 ignem

2159 3363 2458 3427 εὐδοκίας,
2485 3357 2802 3429 ὑπερϐαίνει
2836 3354 3083 3424 ἀνομίας,
3109 3350 3357 3422 μετανοεῖ
3380 3347 3474 3399 ἐπὶ
3512 3339 3726 3401 κακίας.

2161 3453 2433 3524 Χρηστύς
2463 3453 2676 3518 Κύριος
2701 3447 2827 3513 τοῖς
2857 3447 3153 3513 σύμπασι,
3176 3441 3257 3511 μὴ
3282 3439 3470 3510 ὀργὴν
3500 3436 3737 3502 ἐπάγων

2162 3547 2291 3601 καθ’
2308 3541 2832 3611 ἐκάστηνήμέρανο
2854 3536 3035 3602 εὐθὺς
3054 3536 3264 3602 Κύριος
3280 3535 3312 3586 ό
3335 3530 3497 3594 Θεὸς,
3517 3528 3612 3581 καί
3627 3527 3737 3579 οὺκ

2163 3640 2335 3694 ἐστιν
2356 3637 2556 3692 ἀδικία
2579 3634 2648 3686 ἐν
2681 3627 2874 3695 αὐτῷ,
2925 3628 3020 3682 καὶ
3052 3627 3150 3680 ὅσα
3197 3624 3420 3678 τοιαῦτα
3465 3619 3736 3690 σποράδην

2165 3733 2316 3804 παρὰ
2345 3733 2443 3802 τῆς
2486 3728 2709 3801 Γραφῆς
2740 3721 3124 3794 διδασκόμεθα.
3169 3721 3294 3774 Ἕάν
3328 3721 3387 3772 ἐν
3416 3717 3622 3779 τούτοις
3647 3711 3735 3784 ἧς.

2164 3821 2380 3892 ἀληθῶς
2424 3820 2612 3891 ἐγένου
2677 3817 2866 3870 τέκνον
2894 3814 3053 3868 Θεοῦ.
3088 3813 3151 3865 El
3191 3811 3250 3864 δέ
3277 3812 3389 3873 τοῖς
3418 3808 3517 3879 τῆς
3544 3805 3738 3867 κακίας

2165 3915 2444 3985 ἐπιμένεις
2489 3911 2867 3983 γνωρίσμασι,
2924 3908 3098 3978 μάτην
3138 3902 3478 3975 ἐπιθρυλλεῖς
3530 3896 3741 3968 σεαυτῷ

2165 4009 2264 4077 τὴν
2309 4005 2515 4060 ἀνωθεν
2555 4002 2828 4072 γέννησιν.
2879 4000 3025 4067 Ἐρεῖ
3068 3997 3202 4068 πρὸς
3238 3995 3298 4047 σὲ
3327 3997 3360 4064 ἡ
3401 3990 3736 4063 προφητεία,

2166 4100 2248 4152 ὅτι
2262 4098 2390 4163 Υἱὸς
2404 4095 2715 4165 ἀνθρώπου
2731 4090 2951 4160 εῖ,οὑχί
2975 4091 3106 4154 υίὸς
3135 4088 3451 4156 Ὑψίστου.
3480 4079 3702 4150 Ἀττιπᾷ
3708 4100 3741 4146 ς

2162 4191 2559 4260 ματαιότητα,
2616 4185 2803 4254 ζητεῖς
2854 4183 3102 4254 ψεῦδος.
3143 4181 3257 4234 Οὐκ
3303 4179 3472 4248 ἔγνως
3517 4178 3599 4230 ὅτι
3650 4175 3742 4228 ἄν-

2170 4285 2386 4355 Ορωπος
2423 4283 2523 4336 οὐκ
2563 4279 2738 4343 ἄλλως
2780 4278 2896 4340 υἱὸς
2935 4274 3070 4330 Θεοῦ
3121 4275 3358 4344 γίνεται,
3403 4272 3452 4323 εἰ
3488 4270 3562 4340 μὴ
3599 4268 3742 4330 ὅσιος

2170 4375 2393 4446 γένηται
2411 4389 2427 4439 ;

2253 4645 2572 4713 Ἀναγκαῖον
2600 4642 2665 4696 ἂν
2707 4639 2792 4711 είη
2829 4639 3037 4701 τούτοις
3068 4638 3380 4710 προσθεῖναι
3420 4636 3513 4688 καὶ
3540 4635 3600 4688 τὸ
3633 4634 3744 4686 λει-

2174 4738 2434 4806 πόμενον,
2476 4736 2558 4788 ὅτι
2590 4733 2712 4786 οὔτε
2746 4733 2813 4784 τὰ
2849 4728 3028 4798 ἀγαθά
3055 4727 3123 4779 τά
3152 4729 3208 4778 ἐν
3252 4723 3604 4792 ἐπαγγελίαις
3636 4725 3748 4786 τοῖς

2172 4828 2231 4885 εὖ
2265 4829 2551 4900 βεϐιωκόσι
2584 4825 2919 4898 προκείμενα
2948 4823 3170 4875 τοιαῦτα
3197 4824 3363 4877 ἐστιν,
3392 4819 3466 4881 ὼς
3496 4819 3575 4881 είς
3612 4819 3748 4870 ὑπο·

2173 4921 2390 4994 γραφὴν
2415 4920 2571 4988 λόγου
2601 4918 2794 4972 ἐλθεῖν.
2817 4915 2941 4979 Πῶς
2965 4915 3090 4986 γὰρ,
3111 4912 3146 4966 ὃ.
3163 4911 3286 4966 οὕτε
3307 4903 3750 4981 όφθαλμδςεῖδεν,
3803 4962 3828 4982 ,

2174 5013 2298 5066 οῦτε
2322 5008 2412 5076 οῦς
2440 5013 2691 5082 ἤκουσεν,
2716 5007 2839 5062 οὔτε
2863 5008 2954 5061 ἐπὶ
2982 5006 3207 5077 καρδίαν
3229 5002 3514 5074 ἀνθρώπου
3544 4997 3710 5066 ἀνέϐη
3732 5013 3747 5060 ;

2176 5097 2313 5158 (ιῦτε
2344 5107 2450 5175 μην
2473 5101 2742 5172 ὴάλγεινὴ
2768 5100 2873 5154 τῶν
2905 5095 3441 5167 πεπλημμεληκότων
3473 5091 3586 5160 ζωὴ
3615 5088 3751 5159 πρός

2173 5214 2225 5248 τι
2257 5195 2363 5248 τῶν
2399 5195 2525 5264 τῇδε
2555 5192 2865 5246 λυπούντων
2895 5193 2993 5260 τὴν
3032 5188 3284 5258 αἴσθησιν
3309 5183 3584 5255 ὁμοτίμως
3618 5181 3750 5250 ἔχει.

2189 5287 2347 5340 Ἀλλά
2375 5286 2476 5339 κᾶν
2511 5283 2854 5355 ὲπονομασθῇ
2882 5299 2935 5335 τι
2967 5281 3072 5334 τῶν
3104 5281 3218 5332 ἐκεῖ
3240 5275 3613 5344 κολαστηρίων
3643 5275 3754 5334 τοῖς

2175 5372 2274 5430 ὧδε
2299 5377 2716 5447 γνωριζομένοις
2735 5375 3010 5446 ὀνόμασιν,
3032 5374 3133 5425 οὐκ
3157 5375 3212 5424 ἐν
3231 5368 3400 5440 ὀλίγῳ
3417 5366 3516 5437 τὴν
3546 5363 3759 5436 παραλ-

2178 5471 2349 5539 λαγὴν
2398 5470 2529 5538 ἔχει.
2581 5469 2693 5541 Πῦρ
2738 5467 2848 5538 γὰρ
2894 5463 3137 5525 ἁκούων,
3182 5460 3310 5514 ἄλλο
3339 5476 3394 5512 τι
3421 5456 3572 5528 παρὰ
3597 5451 3760 5507 τοῦτο

2182 5565 2321 5615 νοεῖν
2350 5561 2653 5632 ἐδιδάχθης,
2677 5563 2742 5614 ἐκ
2772 5558 2866 5613 τοῦ
2891 5553 3209 5630 προκεῖσθαί
3236 5570 3290 5607 τι
3309 5549 3387 5623 τῷ
3414 5548 3549 5620 πυρὶ
3568 5544 3761 5614 ἐκείνῳ

575 5754 617 5831 ‘_‘
649 5755 780 5810 Luc.
802 5775 916 5814 xm.
939 5759 991 5813 8.
1070 5761 1114 5792 ”
1147 5761 1321 5815 Galat.
1356 5777 1429 5823 vr,
1449 5761 1503 5815 '5.
1557 5761 1629 5831 7”
1668 5759 1826 5815 Joan.
1859 5778 1897 5823 ι,
1923 5762 1990 5816 12
2079 5762 2124 5795 ’⁵
2156 5761 2299 5820 Psal.
2331 5780 2509 5831 exuv,
2551 5765 2638 5820 16.
2709 5766 2754 5797 ’³
2785 5762 2911 5819 Psal
2967 5779 3067 5827 vn,
3096 5762 3183 5816 12.
3261 5758 3308 5792 ¹⁶
3337 5755 3482 5814 Psal.
3515 5768 3646 5820 xcu,
3668 5751 3761 5810 16.

502 5824 544 5855 ³⁷
584 5827 730 5882 Psal.
769 5845 842 5889 tv,
880 5833 932 5882 5.
1041 5831 1085 5861 ’⁸
1127 5833 1398 5895 lsa.t..xw,
1432 5833 1504 5895 ti;
1553 5830 1569 5883 Ι
1602 5832 1727 5885 Cor.
1764 5850 1822 5894 tt,
1858 5834 1910 5888 9.
