4066 6374
335 342 442 406 105

1569 331 1828 406 oumo
1847 343 2349 407 CATECHETICA.

3482 343 3580 405 106

334 465 363 515 ὃ
403 465 459 521 ἐν
486 461 658 531 τούτῳ
694 459 794 515 οὐκ
821 461 953 515 ἔστι.
990 464 1060 515 Τὸ
1089 464 1188 534 μὲν
1220 465 1328 536 γὰρ
1351 466 1411 518 οὐ
1441 457 1752 520 σϐέννυται·
1785 469 1901 519 τοὺ-

2010 465 2188 529 audis,
2215 466 2457 522 didicisti
2481 467 2716 537 aliquem
2739 468 2807 522 ab
2838 468 2932 524 illo
2952 470 3228 524 diversum
3254 466 3578 537 intelligere,

333 555 428 606 του
478 552 534 606 δὲ
575 552 745 605 πολλά
791 553 941 624 παρὰ
985 555 1084 624 τῆς
1117 556 1312 626 πείρας
1358 555 1642 629 ἐξεύρηται
1675 557 1742 611 τά
1783 559 1906 610 σϐε-

335 646 529 714 στήρια
548 661 559 674 ·
593 644 761 714 πολλὴ
791 645 846 697 δὲ
873 646 968 698 τοῦ
991 647 1349 717 σϐεννυμένου
1381 650 1518 720 πρὸς
1547 652 1610 704 τὸ
1637 651 1712 721 μὴ
1737 668 1909 721 παρα-

328 736 614 805 δεχόμενον
641 737 823 789 σϐέσιν
845 738 877 807 ἡ
899 737 1150 806 διαφορά.
1183 740 1390 794 Οὐκοῦν
1407 741 1544 809 Δἄλλο
1566 759 1640 804 τι.
1673 743 1768 796 καὶ
1789 743 1908 812 οὐχὶ

327 826 484 878 τοῦτό
523 827 658 879 ἐστι.
689 826 855 880 Πάλιν
896 827 1151 899 σκώληκά
1186 847 1269 893 τις
1295 831 1552 896 ἀκούσας,
1589 833 1664 905 μὴ
1693 834 1782 886 διὰ
1807 834 1906 904 τῆς

327 917 643 986 ὁμωνυμίας
692 918 830 986 πρὸς
869 918 931 970 τὸ
972 919 1209 988 ἐπίγειον
1270 921 1428 974 τοῦτο
1473 923 1658 994 θηρίον
1700 925 1906 992 ἀποφε-

329 1007 508 1078 ρέσθω
528 1011 593 1079 τῇ
623 1009 848 1079 διανοίᾳ.
879 1009 942 1060 Ἥ
975 1011 1082 1080 γὰρ
1109 1011 1393 1083 προσθήκη
1427 1013 1520 1065 τοῦ
1550 1013 1904 1084 άτελειῑτητον

325 1095 498 1165 εἶναι,
547 1101 711 1171 ἄλλην
760 1101 883 1155 τινὰ
928 1103 1088 1170 φύσιν
1137 1103 1289 1174 παρὰ
1340 1106 1440 1176 τὴν
1497 1108 1904 1177 γινωσκομένην

326 1197 469 1246 νοεῖν
513 1193 845 1247 ὑποτίθεται.
888 1185 1041 1247 Ἐπεὶ
1079 1191 1170 1248 οῦν
1201 1196 1374 1250 ταῦτα
1404 1183 1782 1270 πρόκειταιτῇ
1815 1200 1903 1252 ἑλ-

324 1284 440 1337 πίδι
469 1286 562 1337 τοῦ
605 1286 741 1354 μετὰ
781 1285 953 1338 ταῦτα
989 1285 1132 1355 βίου,
1164 1289 1508 1360 καταλλήλως
1541 1292 1603 1342 ὲκ
1637 1290 1736 1360 τῆς
1772 1292 1903 1344 ἐκά-

327 1393 451 1429 στου
485 1376 872 1448 προαιρέσεως,
902 1379 1042 1430 κατὰ
1081 1378 1178 1449 τὴν
1199 1379 1414 1433 δικαίαν
1436 1380 1531 1433 τοῦ
1561 1381 1695 1434 Θεοῦ
1723 1382 1902 1453 κρίσιν

326 1469 675 1538 ἀναφυόμενα
708 1468 785 1538 τῷ
819 1468 954 1538 βίῳ,
988 1471 1403 1538 σωφρονούντων
1431 1471 1496 1525 ἂν
1525 1473 1630 1543 εἴη,
1666 1472 1740 1543 μὴ
1769 1474 1901 1543 πρὸς

324 1557 387 1611 τὸ
421 1559 610 1628 παρὸν,
634 1559 770 1610 ἀλλὰ
801 1559 935 1630 πρὸς
959 1560 1019 1612 τὸ
1048 1561 1183 1630 μετὰ
1216 1561 1374 1614 τοῦτο
1405 1562 1643 1632 βλέπειν,
1679 1564 1770 1616 καὶ
1803 1565 1902 1634 τῆς

328 1651 612 1720 ἁφράστου
645 1652 1042 1722 μακαριότητος
1067 1654 1124 1704 ἐν
1149 1651 1216 1722 τῇ
1241 1653 1395 1724 ὀλίγῃ
1422 1654 1591 1726 ταύτῃ
1613 1655 1706 1708 καὶ
1736 1672 1902 1726 προσ-

325 1742 504 1814 καίρῳ
550 1744 660 1814 ζωῇ
698 1742 798 1806 τὰς
835 1744 1089 1816 ἀφορμὰς
1131 1745 1592 1810 καταϐάλλεσθαι,
1655 1748 1746 1800 καὶ
1799 1751 1900 1818 τῆς

322 1833 432 1885 τῶν
479 1835 665 1888 κακῶν
713 1836 908 1906 πείρας
949 1837 1017 1887 δι’
1074 1838 1286 1907 ἀγαθῆς
1327 1839 1698 1908 προαιρέσεως
1743 1838 1897 1891 ἀλλο·
1929 1824 1971 1878 Β

321 1922 601 1994 τριοῦσθαι
629 1941 644 1954 ·
691 1924 787 1980 νῦν
835 1927 932 1992 μὲν
965 1927 1106 1978 κατὰ
1142 1925 1232 1978 τὸν
1284 1925 1416 1995 βίον,
1449 1927 1585 1996 μετὰ
1623 1925 1800 1980 ταῦτα
1842 1928 1898 1981 δὲ

323 2017 464 2067 κατὰ
516 2015 612 2085 τὴν
669 2016 892 2069 αἰωνίαν
950 2017 1215 2070 ἀντίδοσιν
1269 2020 1298 2070 ό
1353 1997 1587 2087 Χριστος
1649 2017 1896 2087 βούλεται

322 2108 571 2178 θεωρεῖν,
606 2107 698 2161 δύο
736 2107 925 2179 φύσεις
949 2109 1220 2172 οὺσιωδῶς
1242 2110 1527 2180 ἡνωμένας
1561 2110 1896 2179 ὁμολογοῦσα

321 2202 431 2254 κάκ
463 2201 652 2254 τούτου
688 2201 1009 2272 παριστῶσα
1032 2201 1092 2254 τὸ
1125 2201 1408 2271 μεγαλεῖον
1434 2201 1528 2254 τοῦ
1561 2202 1772 2268 ἐλέους,
1804 2203 1897 2255 καὶ

318 2291 430 2343 τῶν
455 2293 749 2362 οἰκτιρμῶν
782 2292 875 2345 τοῦ
901 2292 1034 2345 Θεοῦ
1074 2294 1199 2362 περὶ
1240 2295 1420 2363 ἡμᾶς,
1453 2294 1894 2364 καταδεξαμένου

319 2383 407 2435 διὰ
439 2384 535 2454 τὴν
574 2385 710 2454 πρὸς
743 2386 891 2454 ἡμᾶς
931 2387 1197 2454 στοργὴν,
1242 2384 1478 2437 συνεῖναί
1523 2402 1582 2437 τε
1635 2386 1729 2438 καὶ
1775 2397 1898 2438 συνεί

319 2475 668 2546 αριθμεῖσθαι
726 2478 792 2546 τῇ
848 2477 1040 2528 ἑαυτοῦ
1095 2477 1254 2544 φύσει
1303 2478 1402 2548 τὴν
1459 2477 1752 2548 ἡμετέραν.
1793 2476 1898 2530 Καὶ

316 2570 478 2639 χάρις
521 2569 599 2636 τῷ
644 2567 762 2638 Θεῷ
808 2569 899 2621 ἐπὶ
941 2571 1006 2640 τῇ
1065 2569 1438 2640 ἀνεκδιηγήτῳ
1485 2569 1648 2622 αὑτοῦ
1696 2570 1894 2642 δωρεᾷδ

317 2662 431 2713 Καὶ
478 2661 649 2714 ταῦτα
684 2661 782 2731 μὲν
815 2662 896 2725 είς
921 2661 1194 2715 τοσοῦτον.
1250 2660 1467 2732 Ἐπειδὴ
1500 2661 1556 2714 δὲ
1589 2663 1617 2714 ὁ
1656 2663 1897 2734 Σευῆρος

315 2750 497 2820 ψιλαῖς
540 2751 932 2822 προκαθέζεται
978 2757 1207 2821 φωναῖς,
1259 2754 1316 2805 ὲν
1368 2752 1571 2824 ῥήμασί
1615 2770 1675 2804 τε
1716 2754 1894 2824 μόνοις

317 2845 413 2896 καὶ
455 2845 606 2913 ἤχοις
641 2845 740 2914 τὴν
784 2843 1066 2897 εὐσέϐειαν
1111 2845 1453 2909 ὑποτίθεται,
1487 2846 1663 2898 καίτοι
1707 2864 1770 2915 γε
1799 2846 1892 2899 τοῦ

329 2935 652 2988 Ἀποστόλου
678 2935 922 3003 λέγοντος
940 2953 955 2969 ο
987 2938 1069 2990 Οὐ
1099 2935 1209 3005 γὰρ
1237 2936 1308 2989 ἐν
1333 2937 1494 3005 λόγῳ
1537 2938 1576 3004 ἡ
1605 2939 1896 3000 ,βασιλεία

313 3027 422 3081 τοῦ
453 3028 600 3080 Θεοῦ
620 3068 634 3090 ,
669 3027 804 3081 ἀλλ’
843 3027 914 3078 ἐν
937 3025 1186 3096 δυνάμει
1216 3026 1315 3080 καὶ
1342 3027 1620 3095 ἀληθείᾳο
1657 3023 1809 3092 οὗτος
1837 3029 1892 3084 δὲ

315 3121 448 3192 παρ’
490 3119 640 3190 αὐτῷ
671 3121 891 3190 Σευήρῳ
924 3119 1213 3190 κράτιστος
1245 3119 1494 3188 θεολόγος
1535 3121 1889 3190 γνωρίζεται,
1924 3155 1966 3212 C

314 3214 376 3275 ὃς
409 3213 477 3266 ἂν
515 3212 615 3276 τὰς
649 3212 982 3283 κατηγορίας
1037 3211 1466 3282 Ἀριστοτέλους,
1506 3212 1601 3264 καὶ
1634 3213 1702 3265 τά
1733 3212 1894 3267 λοιπὰ

316 3304 424 3358 τῶν
481 3304 585 3368 ἔξω
631 3303 936 3372 φιλοσόφων
996 3301 1183 3373 κομψὰ
1233 3303 1544 3373 ἠσκημένος
1598 3303 1892 3372 τυγχάνοι,

315 3397 610 3463 ἀναγκαῖον
639 3397 787 3466 ἡμᾶς
806 3395 874 3448 τὰ
909 3395 1284 3465 σημαινόμενα
1303 3394 1539 3465 ἑκάστης
1563 3393 1759 3459 λέξεως
1785 3396 1894 3449 τῶν

315 3489 397 3550 εἰς
429 3487 500 3539 τὰ
538 3486 674 3556 πρὸς
710 3485 870 3539 αὑτὸν
891 3486 1129 3555 Σευῆρον
1159 3485 1427 3554 λεγόμενα
1456 3485 1732 3556 χρειωδῶς
1751 3486 1892 3556 λαμ-

315 3578 648 3647 ϐανομένων,
679 3579 771 3630 ἐπὶ
801 3577 993 3648 καιροῦ
1028 3578 1323 3648 σαφηνίσαι
1353 3575 1491 3629 κατὰ
1517 3575 1608 3630 τὸν
1631 3577 1753 3630 νοῦν
1785 3577 1893 3631 τῶν

315 3669 782 3739 ὲκκλησιαστικῶν
829 3668 1196 3734 διδασκάλων,
1251 3666 1372 3721 καθ’
1425 3666 1485 3720 ὃν
1535 3667 1709 3732 ταῦτα
1757 3668 1895 3735 eget.

313 3765 586 3834 λήφασινο
640 3764 726 3816 ἵνα
776 3762 946 3834 ἔχοιεν
989 3763 1037 3816 οί
1088 3762 1506 3831 ἐντυγχάνοντες
1550 3764 1662 3824 τοῖς
1691 3763 1893 3828 ὑπογε-

313 3856 654 3928 γραμμένοις
698 3857 910 3924 λόγοις,
941 3856 1006 3908 ἐκ
1037 3853 1260 3926 πρώτης
1293 3853 1581 3920 ἐντεύξεως
1621 3856 1759 3906 νοεῖν
1788 3853 1895 3906 τῶν

313 3950 622 4019 λεγομένων
669 3949 930 4020 δύναμινο
976 3949 1072 4002 καὶ
1124 3946 1198 4018 μὴ
1241 3946 1328 4001 διὰ
1379 3945 1478 4018 τὴν
1531 3945 1755 4014 ἄγνοιαν
1799 3944 1892 3998 τοῦ

314 4043 717 4114 σημαινομένου
755 4040 864 4094 τῶν
895 4039 1092 4105 λέξεων
1130 4037 1267 4109 πρὸς
1304 4038 1406 4106 τὴν
1451 4035 1756 4106 κατάληψιν
1784 4035 1894 4089 τῶν

316 4135 378 4187 ἐν
403 4134 585 4195 αὐτοῖς
615 4132 987 4202 θεωρημάτων
1013 4127 1509 4200 παραποόίζωνται.

2009 569 2076 609 ex
2122 569 2188 608 eo
2225 555 2372 624 quod
2404 555 2483 609 illi
2513 557 2624 626 igni
2658 555 2864 626 aliquid
2892 558 2964 612 sit
2993 557 3238 611 additum
3272 557 3416 626 quod
3471 571 3583 612 non

2009 650 2095 699 est
2127 645 2184 699 in
2235 646 2363 700 hoc.
2423 645 2559 700 Nam
2613 647 2705 702 ille
2757 647 2979 717 quidem
3033 663 3146 701 non
3191 650 3581 716 exstingmtur,

2009 735 2158 790 hunc
2191 746 2373 792 autem
2407 739 2578 792 multa
2615 739 2836 793 inventa
2872 749 3001 794 sunt
3033 754 3155 809 quae
3185 738 3536 808 exstinguant
3565 755 3582 804 ;

2007 841 2203 898 magna
2235 836 2320 883 est
2346 837 2527 883 autem
2562 829 2870 884 dill‘erentia
2900 830 3044 884 inter
3068 845 3193 884 eum
3242 829 3335 900 qui
3373 829 3584 883 exstin-

2007 919 2212 987 guitur,
2227 929 2280 972 et
2301 936 2424 974 eum
2447 921 2540 990 qui
2565 921 2771 975 nullam
2799 922 3040 976 admittit
3059 923 3484 977 exstinctionem
3510 922 3579 973 ’³.

2007 1008 2105 1064 Est
2150 1027 2281 1081 ergo
2329 1013 2530 1082 aliquis
2572 1013 2736 1078 alius,
2771 1022 2823 1069 et
2869 1029 2978 1067 non
3031 1013 3120 1067 hic
3165 1014 3328 1081 ignis.
3366 1011 3582 1067 Rursus

2005 1118 2131 1157 cum
2163 1117 2402 1157 vermem
2435 1105 2698 1165 audieris,
2722 1120 2792 1160 ne
2836 1113 3124 1175 propterea
3155 1104 3300 1174 quod
3334 1104 3476 1159 idem
3511 1104 3582 1158 sit

2005 1210 2227 1260 nomen,
2255 1195 2322 1248 ad
2377 1205 2642 1252 terrestre
2675 1197 2782 1252 hoc
2811 1196 3014 1250 animal
3068 1207 3159 1250 tua
3193 1195 3401 1250 feratur
3435 1195 3583 1265 cogi-

2005 1287 2161 1339 tatio.
2217 1286 2468 1356 Adjectio
2525 1288 2673 1342 enim
2732 1287 2854 1357 ejus
2916 1285 3227 1358 quodnon
3289 1287 3578 1352 moriatur,

2005 1377 2251 1448 suggerit
2285 1379 2443 1431 aliam
2473 1394 2596 1433 esse
2627 1378 3033 1448 intelligendam
3083 1387 3361 1440 naturam,
3412 1392 3578 1447 quam

2003 1485 2123 1524 eam
2175 1485 2296 1538 qua:
2352 1471 2725 1540 cognoscitur.
2780 1469 3053 1537 Quoniam
3103 1484 3234 1539 ergo
3286 1468 3402 1522 haec
3453 1475 3580 1522 sunt

2002 1563 2284 1631 proposita
2339 1564 2455 1635 Spei
2509 1563 2636 1617 vita;
2683 1571 2808 1631 post
2848 1562 2961 1616 haec
3009 1561 3229 1626 {mura},
3271 1573 3392 1630 quae
3445 1574 3581 1613 con-s

2001 1665 2262 1721 gruenter
2293 1669 2359 1708 ex
2395 1655 2568 1708 libero
2615 1655 3051 1725 uniuscujusque
3089 1653 3339 1716 arbitrio,
3375 1666 3578 1707 conve-

2002 1745 2217 1800 nienter
2264 1747 2418 1815 justo
2450 1745 2547 1802 Dei
2592 1747 2802 1818 judicio
2859 1747 2988 1801 vita:
3038 1746 3382 1810 exoriuntur,
3415 1745 3580 1799 fuerit

2000 1840 2334 1908 sapientum,
2383 1855 2491 1892 non
2537 1839 2602 1893 ad
2637 1855 2879 1910 praesens
2928 1839 3152 1905 intueri,
3184 1839 3280 1892 sed
3310 1837 3378 1892 ad
3425 1836 3577 1891 futui

1999 1946 2142 1995 rum,
2201 1939 2255 1984 et
2313 1930 2366 1984 iu
2423 1931 2526 1984 hac
2578 1931 2728 1986 brevi
2784 1932 2840 1985 et
2893 1930 3181 1999 temporali
3232 1930 3343 1982 vita
3390 1927 3577 1997 jacere

1999 2023 2282 2076 materiam
2311 2029 2366 2076 et
2404 2030 2706 2076 sementem
2748 2020 3109 2077 beatitudinis
3160 2019 3452 2074 ineﬂ‘abilis
3478 2036 3493 2085 ;
3523 2025 3577 2072 et

1999 2127 2100 2181 per
2130 2113 2334 2166 bonum
2368 2114 2711 2183 propositum
2741 2122 2796 2168 et
2827 2112 3152 2169 electionem
3207 2112 3417 2166 alienos
3457 2109 3574 2164 ﬁeri

1999 2219 2029 2257 a
2057 2205 2322 2257 malorum
2356 2205 2694 2272 experientia
2727 2223 2739 2256 :
2779 2220 2927 2258 nunc
2957 2203 3176 2274 quidem
3211 2203 3268 2258 in
3303 2202 3406 2256 hac
3435 2200 3572 2266 vita,

1999 2304 2121 2365 post
2157 2297 2270 2350 lucc
2303 2307 2482 2350 autem
2533 2297 2588 2349 in
2636 2305 2839 2351 :eterna
2871 2296 3336 2360 remuneratione,
3371 2293 3489 2347 vult
3521 2301 3574 2347 te

1999 2387 2254 2442 Christus
2307 2387 2667 2456 contemplari
2727 2387 2866 2441 duas
2926 2393 3152 2440 naturas
3201 2382 3574 2440 essentialiter‘

2001 2479 2204 2542 unitas,
2236 2478 2579 2542 conﬁtentes,
2637 2485 2692 2530 et
2728 2493 2792 2532 ex
2825 2492 2891 2532 eo
2926 2477 3248 2531 exhibentes
3293 2474 3572 2545 magnitu-t

1999 2569 2180 2623 dinem
2214 2568 2609 2623 misericordia:
2641 2577 2695 2622 et
2740 2567 3157 2621 miscrationum
3208 2565 3298 2621 Dei
3344 2565 3400 2620 in
3447 2579 3571 2630 nos,

1999 2663 2092 2733 qui
2145 2668 2366 2731 propter
2423 2661 2598 2715 nostri
2666 2675 2906 2712 amorem
2953 2659 3008 2713 in
3062 2659 3302 2712 animum
3356 2655 3575 2711 induxit

1998 2755 2286 2810 nobiscum
2318 2754 2546 2816 versari,
2575 2762 2628 2806 et
2657 2752 2829 2805 voluit
2868 2767 2992 2823 cum
3032 2765 3130 2805 sua
3183 2756 3384 2804 natura
3439 2762 3574 2802 nos;

1997 2854 2140 2900 tram
2205 2844 2614 2901 connumerari.
2676 2843 2787 2899 Deo
2845 2850 3026 2896 autem
3095 2842 3206 2894 sint
3263 2839 3453 2909 gratia:
3501 2838 3573 2891 ob

1998 2941 2203 2995 donum
2258 2939 2378 3008 ejus
2414 2937 2709 2992 ineffabile.
2761 2935 2829 2990 Et
2872 2935 2990 2990 haec
3024 2933 3242 3004 quidem
3283 2933 3571 2986 hactenus.-

1998 3033 2268 3099 Quoniam
2307 3041 2487 3086 autem
2531 3031 2768 3085 Severus
2805 3041 2829 3069 ο
2860 3029 3006 3083 solas
3036 3033 3279 3081 sectatur
3306 3037 3488 3086 voces,
3519 3026 3574 3074 et

1999 3126 2054 3180 in
2111 3125 2242 3178 solis
2295 3124 2475 3177 verbis
2536 3130 2591 3176 ct
2649 3122 2800 3176 sonis
2839 3120 3074 3173 collocat
3127 3117 3410 3186 pietatem,
3443 3113 3575 3168 licet

2000 3217 2145 3271 dicat
2175 3215 2494 3285 Apostolus,
2528 3212 2654 3267 Non
2687 3214 2827 3266 enim
2858 3213 2913 3264 in
2947 3225 3184 3264 sermone
3233 3214 3311 3261 est
3357 3217 3572 3276 regnum

2003 3306 2117 3364 Dei.
2151 3305 2240 3358 sed
2267 3305 2326 3358 in
2351 3304 2545 3360 virtute
2580 3315 2628 3356 et
2659 3303 2878 3356 veritate
2910 3299 2975 3365 ³ο,
3007 3299 3053 3352 is
3089 3301 3269 3352 autem
3305 3293 3448 3364 apud
3477 3289 3578 3347 Se-

1996 3414 2186 3453 verum
2221 3396 2461 3466 optimus
2487 3393 2801 3465 agnoscitur
2836 3391 3142 3459 theologus,
3175 3387 3268 3457 qui
3324 3385 3380 3437 in
3437 3399 3576 3466 pra'f

1997 3463 2326 3542 dicamentis
2358 3463 2732 3550 'Aristotelis,
2782 3481 2919 3535 etin
2979 3478 3193 3533 caeteris
3248 3489 3370 3544 quae
3427 3463 3573 3542 apud

1996 3584 2258 3631 externos
2286 3574 2645 3646 philosophos
2679 3581 2809 3627 sunt
2843 3569 3128 3642 praeclara,
3167 3566 3331 3621 fuerit
3359 3562 3574 3620 exercia

1999 3677 2167 3729 tatus.
2217 3682 2446 3722 necesse
2493 3677 2580 3721 est
2623 3680 2723 3720 nos
2778 3662 3085 3734 signiﬁcata
3133 3655 3576 3727 uniuscujusque

1998 3761 2257 3816 dictionis
2286 3774 2475 3815 eorum
2506 3773 2628 3828 quae
2659 3755 3024 3826 accipiuntur,
3057 3759 3318 3821 tanquam
3353 3754 3575 3804 senten~

1998 3854 2090 3907 tiae
2118 3852 2170 3905 in
2199 3852 2268 3906 iis
2293 3866 2414 3922 quae
2445 3850 2706 3904 dicuntur
2752 3844 2897 3916 apud
2933 3843 3221 3906 Severum,
3265 3847 3574 3911 opportune

1999 3943 2308 4006 declarare,
2331 3957 2395 3996 ex
2421 3939 2694 3996 sententia
2726 3937 3012 3991 doctorum
3044 3931 3572 3996 ecclesiasticarum,

2003 4036 2059 4090 in
2088 4051 2195 4105 qua
2224 4049 2287 4090 ea
2320 4038 2690 4104 acceperunt,
2721 4037 2782 4084 ut
2806 4029 2897 4100 qui
2927 4027 2981 4081 in
3028 4027 3198 4081 libros
3229 4022 3572 4092 subscriptos

2004 4127 2316 4194 inciderint,
2343 4125 2555 4197 possint
2580 4139 2704 4179 cum
2731 4123 2968 4193 primum
2993 4120 3243 4189 legerint,
3267 4115 3572 4186 intelligere

315 4228 428 4280 vim
461 4240 651 4280 eorum
687 4239 810 4293 quae
864 4223 1166 4283 dicuntur,
1233 4234 1412 4288 neque
1465 4227 1689 4288 promer
1743 4217 2142 4287 ignorationem
2225 4217 2643 4291 signiﬁcationis
2697 4213 2996 4270 dictionum
3047 4211 3436 4281 impediantur,
3501 4211 3572 4260 nd

315 4313 785 4386 comprehendant
813 4327 876 4366 ea
901 4326 1022 4380 quae
1049 4317 1175 4364 sunt
1205 4310 1260 4362 in
1293 4308 1428 4378 ipsis
1456 4307 1814 4362 theoremata.

387 4476 435 4507 ”
466 4473 656 4530 Matth.
691 4487 777 4539 Ill,
813 4471 914 4538 $2;
953 4469 1118 4523 Marc.
1150 4481 1226 4532 lx,
1249 4465 1355 4531 42;
1395 4461 1531 4517 Luc.
1572 4478 1655 4530 ιιι,
1697 4461 1785 4517 l7.
1863 4461 1901 4494 “

2001 4459 2122 4517 Cor.
2153 4472 2227 4525 tv,
2261 4461 2352 4515 20.

397 4643 421 4670 ³
448 4634 532 4692 Cf.
565 4635 725 4692 Fabr.
767 4631 1000 4698 Nomia,
1075 4640 1262 4700 supra,
1303 4627 1407 4682 col.
1448 4623 1538 4677 21.

643 5912 910 5973 PATBOL.
957 5907 1076 5971 Gn.
1124 5905 1315 5967 XLV.
