4066 6374
444 306 543 362 107
564 314 569 315 ⁷

450 496 2503 534 W

1669 287 1723 344 S.
1755 292 2079 355 anGonn
2104 290 2402 353 NYSSEN!

3599 293 3695 352 108

1394 656 1622 746 ΤΟΥ
1680 656 2061 746 ΑΥΤΟΥ
2132 661 2753 746 ΓΡΗΓΟΡΙΟΥ

1681 830 2093 888 ἘΠΙΣΚΟΠΟΥ
2134 832 2181 886 Ν
2186 833 2403 886 ΥΣΣΗΣ

794 1029 1233 1144 ΠΕΡΙ
1305 1028 1657 1140 ΤΗΣ
1750 1023 3321 1142 ΕΓΓΑΣΤΡΙΜΥΘΟΥ

1108 1270 1342 1321 ΠΡΟΣ
1391 1268 1913 1322 ’ΘΕΟΔΟΣΙὈΝ
1975 1267 2514 1320 ΕΠΙΣΚΟΠΟΝ
2564 1264 3009 1320 ΕΠῙΣἘΟΛΗ

1478 1582 1942 1665 EJUSDEM
2000 1582 2085 1659 S.
2139 1580 2631 1660 GBEGOBII

1733 1761 2045 1819 EPISCOPI
2092 1762 2385 1818 NYSSENI

1400 1947 1610 2059 DE
1696 1942 2756 2060 PYTHONISSA

1279 2165 1377 2222 AD
1442 2163 1940 2222 THEODOSIUM
2004 2162 2456 2232 EPISCOPUM,
2512 2159 2875 2217 EPISTULA

1650 2448 1889 2495 Frontone
1934 2446 2109 2497 Ducceo
2150 2442 2420 2508 interprete.

524 2776 629 2843 Qui
658 2774 939 2845 discipulis
967 2772 1085 2828 suis
1113 2771 1268 2837 dixit,
1288 2772 1519 2839 Quaerite
1537 2780 1585 2824 et
1602 2769 1873 2827 invenietis
1895 2772 2035 2835 3M“,
2060 2778 2111 2834 Α

2224 2775 2281 2823 '0
2325 2770 2494 2825 εἰπὼν
2524 2774 2636 2835 τοῖς
2675 2771 2865 2826 ἑαυτοῦ
2898 2773 3189 2844 μαθηταῖς,
3224 2771 3459 2840 Ζητεῒτε
3487 2771 3586 2827 καί
3615 2774 3718 2827 εὐ·-

460 2872 504 2923 is
532 2868 721 2940 procul
741 2866 907 2922 dubio
931 2865 1241 2919 facultatem
1270 2863 1435 2943 etiam
1463 2862 1770 2918 inveniendi
1790 2863 2033 2919 studiose

2151 2862 2357 2929 θήσετε
2376 2903 2391 2927 ,
2434 2860 2593 2914 δώσει
2635 2862 2850 2927 πάντως
2892 2865 2984 2917 καὶ
3030 2865 3128 2935 τὴν
3171 2864 3307 2936 πρὸς
3334 2863 3392 2917 τὸ
3426 2863 3603 2934 εὑρεῖν
3623 2863 3720 2917 δύ·-

459 2958 900 3030 perquirentibus
924 2994 936 3017 ,
976 2965 1030 3011 et
1071 2972 1135 3011 ex
1184 2963 1452 3025 praecepto
1491 2952 1705 3009 Domini
1753 2955 2034 3008 recondita

2148 2971 2307 3023 ναμιν
2350 2955 2460 3016 τοῖς
2498 2953 2810 3025 φιλομαθῶς
2839 2955 2979 3008 κατὰ
3015 2955 3113 3026 τὴν
3134 2955 3353 3026 ἐντολὴν
3384 2953 3478 3008 τοῦ
3509 2953 3719 3026 Κυρίου

462 3059 671 3107 secreta
714 3049 1098 3121 indagantibus
1131 3049 1413 3119 largietur.
1454 3046 1573 3103 Non
1609 3051 1753 3104 enim
1804 3050 2034 3105 mendax

2151 3044 2603 3117 διερευνωμένοις,
2650 3046 2744 3099 καὶ
2785 3045 3110 3116 ἀναζητοῦσι
3134 3045 3202 3099 τά
3234 3044 3588 3116 κεκρυμμένα
3612 3060 3721 3114 μυ-

461 3147 574 3204 est,
612 3139 705 3209 qui
740 3138 1012 3210 promisit,
1044 3138 1204 3207 cujus
1245 3136 1619 3192 muniﬁcentia
1662 3138 2039 3207 donorumque

458 3226 679 3299 largitio
723 3229 1007 3299 magniﬁca
1064 3227 1313 3298 petitioni
1360 3228 1706 3281 corollarium
1752 3236 1806 3281 et
1852 3238 2040 3280 aucta-

465 3320 609 3375 rium
626 3317 795 3372 addit.
832 3316 1018 3385 Itaque
1049 3314 1256 3369 attende
1294 3315 1527 3377 lectioni,
1555 3316 1637 3385 ﬁli
1674 3314 1941 3370 Timothee
1970 3317 2037 3382 ‘5,

464 3410 720 3466 convenit
750 3408 915 3473 enim,
944 3414 1000 3460 ut
1033 3406 1249 3476 Opinor,
1282 3414 1341 3459 ut
1365 3407 1540 3477 magni
1569 3406 1891 3462 illius‘Pauli
1922 3423 2042 3462 ver-

466 3504 552 3558 bis
580 3502 878 3556 bonitatem
922 3508 1071 3553 tuam
1113 3499 1378 3568 alloquar,
1422 3511 1476 3554 et
1505 3500 1594 3554 dct
1641 3500 1737 3554 tibi
1781 3500 2041 3556 Dominus

465 3594 802 3651 intellectum
851 3592 905 3647 in
937 3592 1213 3660 onmibus,
1260 3592 1333 3645 ita
1379 3599 1438 3645 ut
1468 3590 1619 3647 dives
1664 3593 1761 3647 tias
1791 3593 1845 3646 in
1894 3594 2042 3647 omni

467 3687 631 3743 verbo
664 3694 716 3739 et
752 3687 807 3740 in
855 3685 1001 3738 onmi
1034 3685 1281 3740 scientia.
1323 3682 1479 3738 Nunc
1518 3694 1696 3739 autem
1728 3685 1794 3741 de
1826 3687 1893 3742 iis
1923 3702 2043 3758 quae

408 3820 413 3826 .
463 3778 711 3847 jussisli,
752 3792 1091 3849 quaecunque
1152 3780 1483 3847 suggesserit
1525 3778 1807 3846 Dominus,
1867 3796 2043 3849 operae

2149 3139 2364 3208 στήρια.
2418 3136 2680 3206 Ἀψευδὴς
2720 3136 2828 3207 γὰρ
2864 3139 2891 3188 ὁ
2931 3136 3417 3207 ἐπαγγειλάμενος,
3454 3133 3592 3204 ὑπὲρ
3619 3131 3721 3202 τὴν

2147 3231 2359 3299 αἴτησιν
2410 3228 2721 3298 ὲπιδαψιλού
2732 3246 2889 3297 μενος
2912 3231 2976 3299 τῇ
3008 3229 3388 3300 μεγαλοδωρεᾷ
3417 3224 3523 3280 τῶν
3566 3242 3724 3296 χαρι-

2149 3322 2389 3393 σμάτων.
2435 3321 2644 3375 Οὐκοῦν
2680 3321 2941 3388 πρόσεχε
2977 3320 3051 3388 τῇ
3084 3318 3416 3388 ἀναγνώσει
3442 3358 3458 3383 ,
3509 3319 3724 3370 τέκνον

2153 3413 2389 3483 Τιμόθεε
2410 3432 2422 3444 ·
2452 3413 2652 3484 πρέπει
2696 3413 2822 3483 γὰρ,
2865 3408 3035 3483 οἶμαι,
3076 3414 3141 3482 τῇ
3177 3412 3270 3463 τοῦ
3301 3409 3537 3481 μεγάλου
3570 3410 3721 3480 φωνῇ

2149 3507 2283 3577 πρὸς
2332 3508 2427 3576 τὴν
2482 3506 2580 3576 σὴν
2635 3504 2946 3574 ἀγαθότητα
3006 3502 3344 3576 χρήσασθαι,
3378 3502 3470 3555 καὶ
3504 3500 3615 3571 δώῃ
3641 3517 3724 3553 σοι

2147 3599 2351 3671 Κύριος
2381 3597 2593 3651 σύνεσιν
2625 3600 2681 3650 ἐν
2732 3598 2917 3660 πᾶσιν,
2953 3596 3093 3649 ὥστε
3123 3613 3182 3648 σε
3230 3593 3616 3664 πλουτισθῆναι
3662 3594 3719 3645 ὲν

2149 3690 2312 3745 παντὶ
2332 3689 2472 3760 λόγῳ
2499 3690 2592 3743 καὶ⁴
2630 3689 2779 3763 πάσῃ
2806 3688 3024 3757 γνώσει.
3052 3687 3164 3741 Νῦν
3195 3687 3252 3740 δὲ
3288 3686 3414 3757 περὶ
3434 3679 3506 3739 ὧν
3530 3683 3727 3739 ἑπέτα-

2154 3782 2283 3847 ξας,
2344 3784 2551 3852 ὅσαπερ
2602 3781 2667 3834 ἂν
2722 3782 2751 3832 ὁ
2795 3780 2997 3853 Κύριος
3063 3779 3339 3851 ὑποϐάλῃ,
3391 3780 3458 3831 δι’
3530 3776 3723 3845 ὀλίγων

469 3871 701 3941 pretium
727 3886 816 3923 me
840 3869 1107 3923 facturum
1136 3869 1345 3939 putavi,
1375 3870 1420 3924 si
1444 3872 1632 3939 paucis
1659 3878 1753 3925 tuo
1775 3872 2047 3927 desiderio

2151 3870 2599 3942 ὑπηρετήσασθαί
2633 3886 2723 3924 σου
2760 3871 2823 3940 τῇ
2858 3868 3133 3941 προθυμίᾳ
3166 3868 3344 3931 καλῶς
3383 3867 3526 3940 ἔχειν
3554 3866 3724 3920 ἐδοκί-

468 3962 817 4033 obsequerer,
851 3969 909 4014 ut
940 3976 1003 4016 ex
1035 3960 1118 4014 his
1151 3961 1421 4031 intelligas
1442 4001 1457 4026 ,
1492 3962 1637 4032 quod
1664 3978 1764 4019 nos
1796 3971 2047 4033 oporteat

473 4056 705 4110 invicem
737 4070 834 4125 per
872 4053 1191 4108 charitatem
1225 4054 1467 4118 servire,
1503 4054 1633 4109 dum
1665 4055 1896 4111 aliorum
1928 4074 2047 4112 mu-

469 4158 561 4202 tuo
595 4144 861 4200 faciamus
898 4145 1251 4199 voluntatem.
1287 4144 1534 4199 Primum
1580 4146 1747 4216 igitur
1785 4149 2047 4218 quoniam

468 4244 523 4293 et
554 4237 646 4292 illa
676 4236 816 4290 inter
841 4245 1035 4289 caetera
1062 4236 1240 4304 capita
1274 4237 1446 4304 prima
1482 4238 1764 4307 proposita
1795 4248 1898 4308 est,
1927 4256 2051 4310 qua:

470 4330 776 4400 exquiritur
804 4328 871 4383 de
913 4326 1196 4391 Samuele,
1235 4329 1501 4381 sententia
1523 4371 1538 4395 ,
1574 4338 1838 4398 quantum
1877 4332 1933 4385 in
1964 4348 2050 4388 me

470 4422 634 4477 situm
666 4420 806 4487 erit,
838 4418 949 4474 Deo
982 4419 1176 4483 dante,
1211 4419 1402 4488 paucis
1426 4421 1610 4477 verbis
1643 4422 1774 4492 quid
1805 4423 2051 4478 videatur

470 4526 763 4584 eXponam.
795 4508 1132 4576 Quibusdam
1169 4518 1295 4565 ante
1327 4526 1429 4565 nos
1464 4513 1670 4581 placuit
1698 4528 1879 4568 veram
1905 4515 2050 4567 arbi-

472 4604 605 4657 trari
665 4601 1093 4673 prmstigiatricis
1140 4602 1287 4657 illius
1343 4603 1398 4656 in
1453 4602 1706 4659 Samuele
1744 4607 2048 4660 animarum

474 4692 844 4745 evocationem
867 4731 882 4757 ,
923 4698 1088 4759 atque
1131 4689 1200 4743 ad
1232 4690 1506 4759 opinionis
1546 4708 1657 4746 sure
1688 4694 2050 4763 patrocinium

472 4781 738 4850 ejusmodi
788 4781 1051 4835 rationem
1081 4782 1376 4852 quamdam
1420 4781 1687 4853 aﬂ‘erunt,
1731 4785 1876 4855 quod
1927 4801 2049 4840 cum

470 4882 692 4944 propter
728 4873 907 4929 Saulis
957 4874 1307 4943 rejectionem
1355 4877 1578 4932 tristitia
1644 4877 1869 4934 aﬂ‘ectus
1910 4891 2055 4934 esset

476 4965 719 5029 Samuel,
754 4980 1074 5035 semperque
1095 4964 1205 5021 Deo
1231 4982 1558 5037 proponeret
1590 4968 1808 5023 Saulem
1843 4972 2053 5040 praesti-

473 5056 591 5126 gias
636 5057 1126 5125 ventriloquorum,
1164 5060 1363 5128 quibus
1412 5060 1661 5115 homines
1710 5062 1765 5115 in
1805 5061 2053 5115 fraudem

473 5146 794 5216 illiciebant,
828 5148 895 5204 de
926 5151 1127 5220 populo
1160 5151 1417 5214 erasisse,
1456 5151 1686 5221 ideoque
1718 5167 1860 5221 aegre
1887 5152 2048 5208 ferret

474 5238 760 5308 propheta,
800 5240 945 5310 quod
985 5256 1015 5294 a
1066 5258 1125 5297 se
1157 5242 1359 5312 rcjecto
1386 5243 1589 5313 placari
1621 5244 1821 5308 nollet,
1850 5244 2048 5313 permi-

476 5332 618 5387 sisse
648 5330 816 5387 Deum
839 5332 1115 5405 inquiunt,
1144 5343 1205 5388 ut
1227 5350 1324 5404 per
1347 5334 1613 5403 ejusmodi
1638 5336 1879 5405 magicas
1906 5344 2053 5391 artes

478 5421 758 5493 prophetae
780 5424 962 5478 anima
985 5432 1324 5490 evocaretur,
1352 5433 1411 5478 ut
1437 5424 1645 5479 videret
1674 5423 1891 5481 Samuel
1916 5424 2051 5482 falsa

479 5529 539 5569 se
566 5512 679 5569 Deo
711 5515 767 5568 in
802 5515 977 5586 ipsius
1018 5515 1392 5571 defensionem
1442 5516 1725 5588 allegasse,
1768 5532 1891 5572 cum
1927 5534 2050 5574 eum

483 5605 687 5661 diceret
725 5605 1001 5662 infensum
1024 5607 1387 5679 ventriloquis
1422 5616 1584 5678 atque
1612 5613 1825 5667 hostem
1857 5609 2049 5679 fuisse,

573 5707 698 5745 eo.“
729 5714 911 5779 naut],
942 5732 1042 5785 vn,
1078 5718 1130 5775 7.
1236 5727 1279 5759 “
1316 5728 1334 5784 Ι
1369 5728 1507 5786 Tim.
1539 5749 1575 5793 ι.
1605 5735 1658 5790 4.

2151 3981 2299 4033 μασα
2320 3980 2333 3994 ’
2367 3964 2443 4026 ὡς
2478 3962 2542 4016 ἂν
2577 3962 2667 4015 διὰ
2697 3961 2901 4015 τούτων
2936 3960 3128 4031 μάθοις
3158 3961 3239 4013 ὃτι
3277 3959 3383 4031 χρὴ
3410 3958 3476 4012 δι’
3505 3957 3724 4028 ἀγάπης

2148 4053 2397 4124 ἀλλήλοις
2440 4052 2706 4106 δουλεύειν
2751 4053 2920 4122 ἡμᾶς,
2962 4053 3017 4102 ὲν
3061 4049 3139 4120 τῷ
3171 4053 3343 4103 ποιεῖν
3386 4048 3453 4102 τὰ
3478 4048 3724 4119 ἀλλήλων

2151 4146 2446 4218 θελήματα.
2480 4145 2701 4216 Πρῶτον
2729 4144 2907 4197 τοίνυν
2947 4143 3132 4212 ἐπειδὴ
3168 4145 3263 4196 καὶ
3290 4142 3397 4196 τῶν
3426 4141 3626 4197 λοιπῶν
3654 4136 3724 4214 ἦν

2150 4236 2458 4307 κεφαλαίων
2478 4234 2914 4306 προτεταγμένον
2932 4234 2993 4287 τὸ
3026 4233 3153 4304 περὶ
3191 4233 3284 4286 τοῦ
3316 4233 3568 4304 Σαμουὴλ
3604 4233 3725 4285 ἐπι-

2151 4328 2480 4399 ζητούμενον
2530 4327 2727 4397 νὸημα,
2781 4325 2868 4379 διὰ
2914 4325 3160 4396 βραχέων
3216 4325 3292 4387 ὡς
3343 4324 3455 4377 ἔστι
3504 4323 3725 4377 δυνατὸν

2150 4419 2284 4473 Θεοῦ
2315 4419 2543 4482 διδόντος
2570 4418 2893 4489 ἐκθήσομαι.
2929 4418 2997 4469 Ἥ
3007 4415 3131 4487 ρεσέ
3159 4432 3267 4467 τισι
3295 4414 3403 4467 τῶν
3436 4415 3542 4487 πρὸ
3570 4415 3726 4487 ἡμῶν

2152 4512 2326 4581 ἁληθῆ
2370 4510 2586 4582 νομίσαι
2619 4509 2719 4578 τῆς
2772 4507 3055 4579 γοητρίδος
3085 4508 3300 4579 ἐκείνης
3336 4506 3435 4579 τὴν
3489 4504 3582 4560 ἐπὶ
3632 4503 3724 4559 τοῦ

2152 4601 2401 4671 Σαμουὴλ
2449 4600 2823 4672 ψυχαγωγίαν,
2884 4600 2974 4656 καί
3016 4616 3139 4654 τινα
3185 4598 3341 4668 λόγον
3370 4595 3610 4652 τοιοῦτον
3648 4599 3728 4662 είς

2155 4692 2476 4764 συνηγορίαν
2521 4691 2620 4761 τῆς
2665 4690 2984 4763 ὑπολήψεως
3017 4688 3195 4745 αὐτῶν
3222 4689 3425 4761 ταύτης
3463 4688 3727 4759 παρέχον-

2151 4803 2275 4850 ται,
2324 4786 2401 4837 ὃτι
2447 4782 2783 4853 λυπουμένου
2835 4782 2927 4834 τοῦ
2961 4780 3213 4851 Σαμουὴλ
3263 4781 3355 4833 ἐπὶ
3386 4783 3450 4851 τῇ
3487 4778 3725 4851 ἀποδολῇ

2152 4877 2245 4930 τοῦ
2270 4877 2459 4941 Σαοὺλ,
2495 4876 2588 4928 καὶ
2613 4875 2845 4927 πάντοτε
2874 4872 2968 4925 τοῦ
2997 4872 3072 4942 τῷ
3099 4872 3289 4942 Κυρίῳ
3328 4871 3727 4942 προσφέροντος

2153 4970 2213 5022 τὸ
2251 4968 2331 5019 ὅτι
2364 4965 2505 5018 θέλει
2538 4966 2558 4988 ‘
2581 4965 2676 5035 τὴν
2707 4966 2771 5017 ὲκ
2799 4962 2903 5017 τῶν
2946 4961 3397 5033 ἐγγαστριμύθων
3436 4960 3729 5031 γινομένην

2154 5058 2408 5129 γοητείαν
2440 5057 2531 5109 ἐπὶ
2560 5056 2743 5127 ἀπάτῃ
2798 5053 2905 5108 τῶν
2948 5053 3251 5125 ἀνθρώπων
3295 5052 3622 5125 ὲξεκάθηρεν
3666 5054 3728 5105 ἐκ

2154 5151 2248 5204 τοῦ
2299 5149 2427 5203 λαοῦ
2474 5148 2681 5202 Σαούλσ
2733 5148 2825 5200 καὶ
2869 5146 2958 5200 διὰ
3005 5144 3164 5199 τοῦτο
3212 5143 3730 5215 δυσανασχετοῦντος

2156 5243 2249 5296 τοῦ
2298 5244 2577 5315 προφήτου
2632 5241 2723 5294 ἐπὶ
2750 5239 2829 5310 τῷ
2862 5238 2936 5310 μὴ
2967 5238 3189 5309 θελῆσαι
3224 5238 3316 5291 τὸν
3355 5238 3560 5308 Κύριον
3588 5235 3732 5288 διαλ-

2156 5337 2387 5407 λαγῆναι
2428 5334 2506 5405 τῷ
2548 5332 2868 5403 ἀποϐλήτῳ,
2920 5330 3267 5401 συγχωρῆσαί
3302 5346 3434 5397 φασι
3479 5327 3569 5380 τὸν
3600 5325 3731 5377 Θεὸν

2156 5427 2454 5497 ἀναχθῆναι
2494 5424 2587 5478 τοῦ
2637 5425 2917 5495 προφήτου
2974 5421 3151 5493 ψυχὴν
3190 5421 3276 5473 διὰ
3328 5423 3426 5491 τῆς
3480 5416 3732 5486 τοιαύτης

2159 5519 2528 5590 μαγγανείαςο
2578 5516 2665 5569 ἴνα
2710 5514 2822 5585 εἰδῇ
2878 5514 2906 5567 ὁ
2938 5510 3191 5583 Σαμουὴλ
3229 5511 3312 5564 ὅτι
3366 5509 3539 5580 ψευδῆ
3593 5506 3733 5577 ὑπὲρ

2156 5610 2319 5665 αὑτοῦ
2368 5609 2447 5681 τῷ
2478 5607 2596 5678 Θεῷ
2650 5604 3020 5677 προετείνετο,
3054 5604 3230 5673 λέγων
3266 5602 3428 5657 αὑτὸν
3476 5601 3733 5672 πολέμιον
