4066 6374
320 358 427 413 109

1670 358 1756 411 DE
1793 358 2245 417 PYTHONISSA.

3486 360 3586 417 “0

320 476 464 528 εἶναι
516 477 632 537 ταῖς
674 474 1166 545 ἐγγαστριμύοοις,
1208 475 1298 528 τὸν
1342 474 1641 546 τηνικαῦτα
1683 476 1769 529 διὰ
1804 480 1883 546 τῆ.

2006 479 2100 548 qui
2128 488 2241 533 tum
2268 482 2551 551 temporis,
2580 481 2711 537 dum
2738 480 3021 537 oraculum
3045 479 3305 544 consulit,
3334 496 3390 535 in
3418 495 3584 536 causa

318 564 501 615 αὑτῶν
546 563 797 631 γοητείας
835 562 932 635 τὴν
976 563 1159 617 ἄνοδον
1194 566 1292 633 τῆς
1336 565 1515 633 ψυχῆς
1561 565 1724 618 αὑτοῦ
1764 582 1903 634 μαν-

319 658 611 710 τεύσαντα.
656 655 797 724 Ἐγὼ
829 657 886 709 δὲ
920 656 1054 727 πρὸς
1081 655 1143 707 τὸ
1175 656 1528 723 εύαγγελικὸν
1562 656 1747 726 χάσμα
1780 654 1903 725 βλέ-

316 760 456 807 πων,
492 743 521 794 ὃ
549 742 634 796 διά
666 744 828 812 μέσον
855 744 961 795 τῶν
994 743 1179 796 κακῶν
1211 761 1270 795 τε
1312 744 1407 795 καὶ
1435 744 1654 811 ἀγαθῶν
1684 747 1901 815 ἐστήρι-

314 853 461 897 κται,
514 836 677 905 φησιν
718 836 747 885 ὁ
792 836 1167 904 πατριάρχης,
1230 836 1427 905 μᾶλλον
1477 835 1534 887 δέ
1581 838 1609 888 ὁ
1653 835 1746 888 τοῦ
1793 854 1899 887 πα-

311 931 579 1001 τριάρχου
627 931 828 1002 Κύριος
851 971 866 995 ,
907 932 981 994 ὡς
1014 933 1293 1002 ἀμήχανον
1320 929 1458 985 εἶναι
1488 936 1599 996 τοῖς
1628 951 1687 985 τε
1733 951 1901 986 κατα-

312 1023 527 1091 κρίτοις
554 1024 643 1074 ἐπὶ
666 1023 764 1092 τὴν
786 1023 893 1075 τῶν
914 1022 1136 1076 δικαίων
1165 1024 1346 1077 ἄνεσιν
1370 1024 1655 1093 ἀναϐῆναι,
1675 1024 1767 1076 καὶ
1791 1027 1900 1087 τοῖς

313 1115 491 1182 ἁγίοις
513 1114 648 1184 πρὸς
673 1114 763 1166 τὸν
793 1114 898 1165 τῶν
918 1114 1169 1183 πονηρῶν
1191 1115 1345 1185 χορὸν
1368 1115 1523 1167 διαπε
1533 1116 1710 1186 ράσαι·
1738 1115 1798 1167 οὐ
1824 1116 1901 1167 δέ-

226 1250 237 1269 ,
311 1224 479 1276 χομαι
500 1206 721 1276 ἀληθεῖς
736 1203 873 1261 εἷναι
901 1209 999 1271 τὰς
1021 1207 1273 1270 τοιαύτας
1296 1206 1609 1276 ὑπολήψεις,
1634 1207 1899 1277 διδαχθεὶς

314 1300 476 1369 μόνον
508 1298 708 1369 ἀληθὲς
735 1298 873 1353 εἶναι
918 1299 1191 1355 πιστεύειν
1219 1300 1278 1353 τὸ
1298 1300 1643 1368 Εὑαγγέλιον.
1681 1300 1897 1369 Ἐπειδὴ

308 1389 488 1442 τοίνυν
514 1391 688 1458 μέγας
720 1393 775 1442 ἐν
805 1392 980 1458 ἁγίοις
1001 1393 1029 1444 6
1056 1390 1326 1462 Σαμουὴλ,
1355 1391 1589 1461 πονηρὸν
1621 1390 1676 1443 δὲ
1712 1390 1897 1459 κτῆμα

309 1482 614 1551 ἡγοητεία,
645 1483 704 1534 ού
737 1483 991 1553 πείθομαι
1013 1484 1095 1537 ὅτι
1126 1486 1184 1536 ὲν
1212 1484 1451 1552 τοσούτῳ
1473 1483 1573 1551 τῆς
1603 1482 1737 1546 ἰδίας
1768 1484 1898 1535 ἀνα-

308 1572 570 1635 παύσεως
610 1576 638 1625 ὁ
671 1574 922 1643 Σαμουὴλ
960 1576 1256 1640 καταστάς,
1292 1576 1349 1627 τὸ
1396 1575 1693 1627 ἀδιόδευτον
1722 1576 1896 1627 ἐκεῖνο

307 1663 497 1732 χάσμα
537 1664 676 1734 πρὸς
722 1665 847 1727 τοὺς
888 1666 1213 1729 ἀσεϐοῦντας
1257 1667 1540 1737 διήρχετο,
1580 1666 1706 1720 οὔτε
1752 1666 1894 1719 ἑκὼν

306 1754 429 1808 οὔτε
464 1756 647 1808 ἄκων·
683 1756 833 1809 ἄκων
866 1756 963 1826 μὲν
989 1752 1080 1810 οῦν
1108 1759 1207 1810 οὐκ
1238 1758 1302 1810 ἂν
1326 1758 1405 1810 ἔτι
1436 1758 1697 1828 ὑπέμεινε
1722 1759 1782 1812 τὸ
1816 1759 1891 1830 μὴ

2006 565 2210 632 fuerat,
2265 575 2326 621 ut
2365 570 2485 637 ejus
2531 570 2715 624 anima
2751 580 3093 625 evocaretur.
3143 568 3256 640 Ego
3297 584 3427 625 vero
3451 571 3582 625 dum

2004 660 2138 713 mihi
2190 661 2245 714 in
2297 670 2531 716 mentem
2580 662 2727 716 venit
2785 662 3156 732 evangelicum
3201 661 3336 716 illud
3367 661 3578 727 chaos,

2005 750 2149 817 quod
2180 750 2233 803 in
2263 750 2443 804 medio
2473 752 2738 806 malorum
2768 752 3146 822 bonorumque
3176 750 3448 806 firmatum
3472 760 3579 816 est,

2004 840 2183 909 inquit
2216 841 2553 910 patriarcha,
2585 844 2670 898 vel
2704 845 2885 914 potius
2915 847 3235 915 patriarchae
3267 845 3533 903 Dominus
3560 886 3579 911 ,

2004 929 2075 983 ita
2102 940 2159 983 ut
2190 948 2367 1001 neque
2388 934 2599 1002 possint
2626 934 2866 989 damnati
2898 937 2964 1002 ad
2991 945 3304 992 sanctorum
3338 938 3579 1008 quietem

2002 1023 2331 1087 ascendere,
2378 1040 2554 1093 neque
2594 1028 2772 1081 sancti
2826 1026 2894 1081 ad
2944 1028 3317 1098 improborum
3373 1036 3577 1084 cretum

2000 1123 2325 1181 penetrare:
2359 1132 2517 1171 veras
2560 1133 2681 1172 esse
2715 1120 3015 1175 sententias
3041 1120 3313 1189 ejusmodi
3345 1137 3455 1176 non
3484 1122 3581 1177 ad-

2000 1203 2188 1267 mitto,
2217 1213 2403 1276 utpote
2424 1206 2517 1275 qui
2552 1206 2728 1260 solum
2761 1223 2945 1261 verum
2972 1210 3196 1264 credere
3223 1207 3577 1281 Evangelium

2000 1308 2119 1347 sum
2155 1294 2399 1348 edoctus.
2444 1296 2673 1361 Quando
2708 1298 2873 1368 igitur
2906 1314 3136 1368 magnus
3172 1299 3312 1354 inter
3348 1308 3572 1357 sanctos

1998 1394 2113 1438 erat
2146 1382 2397 1449 Samuel,
2451 1403 2540 1443 res
2573 1396 2753 1442 autem
2786 1391 2926 1443 mala
2968 1399 3053 1445 est
3082 1392 3259 1462 magia
3287 1400 3341 1447 et
3376 1394 3569 1448 incan-

1999 1476 2171 1538 tatio,
2218 1491 2341 1529 cum
2380 1479 2547 1533 tantis
2603 1478 2821 1534 Samuel
2877 1480 2930 1532 in
2969 1481 3181 1537 deliciis
3235 1492 3574 1551 versaretur,

1996 1582 2173 1636 neque
2221 1570 2491 1623 volentem
2540 1586 2665 1625 cum
2727 1587 2903 1642 neque
2956 1573 3183 1628 invitum
3241 1575 3573 1645 profundum

1996 1658 2149 1711 illum
2180 1659 2384 1713 hiatum
2414 1676 2606 1717 versus
2634 1664 2832 1731 impios
2860 1672 2915 1719 et
2943 1666 3114 1721 chaos
3143 1667 3464 1737 impervium
3492 1684 3577 1723 ar-

1995 1748 2170 1803 bitror
2194 1752 2495 1819 trajecisse.
2524 1757 2655 1807 Nam
2689 1756 2895 1810 invitus
2925 1757 3144 1828 quidem
3176 1758 3229 1813 id
3253 1775 3366 1814 non
3401 1760 3574 1815 susti-

303 1848 564 1902 δύνασθαι
598 1850 659 1902 τὸ
685 1850 956 1920 δαιμόνιον
992 1849 1242 1921 διαϐῆναι
1268 1850 1329 1903 τὸ
1359 1850 1544 1920 χάσμα
1565 1892 1579 1915 ,
1608 1852 1701 1904 καὶ
1728 1851 1784 1903 ἐν
1814 1848 1883 1920 τᾷ

1994 1841 2223 1906 nuisset,
2269 1844 2413 1912 quod
2449 1844 2660 1899 hiatum
2690 1845 2902 1901 daemon
2940 1850 3276 1919 pertransire
3303 1866 3413 1905 non
3448 1868 3576 1921 pos-

305 1941 451 2012 χορῷ
496 1941 606 1995 τῶν
640 1942 802 1996 όσίων
835 1944 1123 2012 γενόμενον
1182 1942 1539 2011 μετακινῆσαι
1582 1940 1671 1994 τὸν
1702 1941 1884 2010 ἆγιοψ

305 2034 447 2087 ἑκὼν
489 2034 548 2086 δέ
581 2034 682 2086 οὑκ
733 2034 798 2087 ἂν
846 2033 1002 2085 τοῦτο
1034 2033 1281 2102 ἐποίησε,
1326 2032 1403 2101 τῷ
1436 2035 1572 2102 μήτε
1602 2033 1885 2102 βούλεσθαι

302 2124 662 2195 ἐπιμιχθῆναι
698 2127 807 2186 τοῖς
841 2126 1061 2186 κακοῖς,
1096 2124 1233 2193 μήτε
1258 2122 1512 2175 δύνασθαι
1534 2140 1547 2152 ’
1574 2123 1653 2194 τῷ
1689 2125 1796 2195 γὰρ
1826 2128 1883 2175 ἐν

301 2216 526 2282 ἀγαθοῖς
558 2215 672 2267 ὄντι
719 2212 1014 2283 ἀϐούλητον
1050 2214 1157 2265 ἀπὸ
1187 2212 1295 2266 τῶν
1326 2216 1383 2267 ἐν
1410 2208 1491 2276 οἷς
1516 2215 1717 2284 ἐστινὴ
1742 2215 1879 2283 πρὸς

301 2307 367 2361 τά
397 2307 618 2359 ἐναντία
647 2307 993 2374 μετάστασις.
1028 2306 1090 2356 Ei
1117 2305 1173 2356 δέ
1212 2322 1292 2367 τις
1318 2305 1412 2356 καὶ
1439 2304 1719 2372 βούλεσθαι
1739 2304 1878 2374 δοίη,

302 2392 413 2445 ἀλλ’
442 2393 475 2460 ἡ
498 2390 594 2443 τοῦ
642 2391 917 2460 χάσματος
955 2388 1115 2457 φύσις
1144 2390 1242 2441 οὐκ
1281 2389 1565 2459 ἐπιτρέπει
1614 2389 1710 2459 τὴν
1740 2388 1881 2459 πάρ-

300 2475 435 2529 οδον.

369 2558 434 2609 Τί
484 2553 581 2611 οῦν
628 2558 775 2609 ἐστιν
816 2556 844 2607 ὃ
891 2556 1019 2626 περ)⁸
1064 2553 1266 2607 τούτων
1313 2556 1471 2624 ἡμεῖς
1515 2553 1875 2624 λογιζόμεθα;

312 2649 535 2719 Ἐχθρὸς
558 2650 657 2717 τῆς
688 2647 1035 2717 ἀνθρωπίνης
1078 2646 1291 2715 φύσεώς
1320 2648 1467 2698 ἐστιν
1492 2648 1518 2697 ὁ
1547 2646 1720 2707 κοινὸς
1743 2646 1877 2699 πάν-

300 2758 404 2792 των
438 2741 697 2811 πολέμιος
716 2780 731 2803 ,
756 2732 800 2805 ᾧ
829 2738 980 2791 πᾶσά
1019 2740 1163 2791 ἐστιν
1192 2738 1401 2789 ἐπίνοια
1428 2737 1523 2789 καὶ
1565 2736 1767 2807 σπουδὴ
1802 2738 1880 2799 είς

302 2831 438 2884 αὑτά
457 2833 526 2886 τὰ
544 2831 734 2901 καίρια
754 2830 1009 2899 βλάπτειν
1032 2830 1120 2882 τὸν
1136 2829 1437 2900 ἄνθρωπον.
1471 2829 1562 2890 Τίς
1579 2828 1633 2879 δὲ
1656 2827 1875 2897 τοιαύτη

301 2922 483 2991 καιρία
512 2921 657 2974 κατὰ
688 2920 792 2972 τῶν
820 2919 1121 2991 ἀνθρώπων
1154 2916 1287 2986 ἄλλη
1318 2917 1519 2987 πληγὴ.
1557 2916 1629 2977 ὡς
1661 2916 1719 2968 τὸ
1744 2917 1878 2968 ἀπο-

1997 1940 2110 1999 set,
2148 1943 2311 2005 atque
2332 1953 2395 1990 ex
2430 1938 2610 1993 medio
2642 1940 2920 1994 beatorum
2945 1949 3091 1996 caztu
3123 1943 3298 1996 virum
3322 1953 3573 1999 sanctum

1995 2025 2102 2080 alio
2132 2028 2461 2095 transferre;
2501 2031 2688 2086 volens
2721 2041 2900 2088 autem
2929 2034 2981 2087 id
3014 2048 3124 2088 non
3156 2036 3395 2097 fecisset,
3427 2036 3574 2105 quod

1994 2128 2170 2182 neque
2205 2130 2330 2169 cum
2382 2117 2642 2187 improbis
2666 2121 3011 2175 commisceri
3052 2122 3209 2176 vellet
3243 2138 3421 2193 neque
3454 2139 3576 2193 pos-

1995 2212 2097 2257 set.
2148 2204 2247 2269 Qui
2280 2207 2426 2259 enim
2477 2208 2530 2259 in
2570 2208 2728 2263 bonis
2760 2218 3031 2275 versatur,
3070 2212 3141 2264 ab
3171 2212 3240 2265 iis
3278 2212 3336 2265 in
3370 2213 3574 2283 quibus

1998 2305 2246 2349 versatur
2283 2297 2349 2349 ad
2403 2302 2676 2353 contraria
2718 2310 2913 2369 sponte
2942 2317 3049 2357 non
3087 2302 3303 2359 transit.
3332 2303 3489 2370 Quod
3524 2305 3574 2361 si

1994 2386 2119 2455 quis
2176 2388 2340 2441 etiam
2393 2388 2543 2442 illum
2604 2390 2841 2445 voluisse
2889 2392 3191 2457 concedat,
3229 2410 3339 2450 non
3390 2403 3573 2451 tamen

1997 2478 2169 2547 ipsius
2199 2479 2376 2534 hiatus
2402 2490 2595 2533 natura
2626 2483 2944 2536 transeundi
2977 2491 3301 2553 potestatem
3330 2485 3569 2544 fecisset.

2068 2572 2205 2636 Quid
2249 2588 2376 2641 ergo
2424 2581 2527 2633 est,
2584 2574 2727 2641 quod
2787 2574 2854 2629 de
2907 2576 2991 2629 his
3030 2576 3190 2631 nobis
3231 2577 3286 2631 in
3329 2586 3572 2645 mentem

2005 2660 2190 2714 venit?
2225 2660 2361 2714 Cum
2391 2670 2601 2715 natur:e
2633 2662 2883 2716 humanae
2911 2663 2983 2717 sit
3025 2662 3283 2721 inimicus
3316 2680 3570 2721 commu-

1993 2751 2081 2805 nis
2110 2752 2353 2804 omnium
2392 2752 2589 2812 hostis,
2627 2751 2682 2804 id
2720 2768 2886 2805 unum
2919 2752 3129 2823 cogitat
3158 2753 3471 2826 studelque,
3511 2768 3571 2811 ut

1993 2860 2101 2896 non
2153 2843 2385 2912 quodvis
2437 2844 2678 2907 homini,
2727 2845 2821 2900 sed
2876 2846 3034 2899 letale
3083 2848 3285 2903 vulnus
3335 2847 3565 2919 inﬂigat.

1989 2933 2271 2999 Quodnam
2310 2949 2469 3003 porro
2506 2934 2655 2989 aliud
2690 2937 2796 2989 tale
2824 2936 3022 2990 vulnus
3056 2936 3375 2993 hominibus
3407 2939 3569 2996 letale

302 3011 560 3081 ϐληθῆναι
611 3011 717 3063 ἀπὸ
760 3009 851 3062 τοῦ
881 3009 1014 3061 Θεοῦ
1061 3008 1466 3071 ζωοποιοῦντος,
1502 3008 1594 3059 καὶ
1621 3006 1754 3075 πρὸς
1784 3007 1879 3076 τὴν

1989 3024 2160 3092 possit
2196 3024 2385 3093 inlligi,
2419 3040 2582 3093 quam
2613 3025 2656 3079 si
2692 3040 2722 3077 a
2756 3025 2881 3079 vitae
2906 3035 3131 3080 auctore
3165 3025 3275 3082 Deo
3304 3027 3566 3097 rejician-

301 3103 575 3158 ἀπώλειαν
592 3103 684 3156 τοῦ
702 3102 928 3156 θανάτου
949 3102 1209 3163 ἑκουσίως
1231 3100 1629 3170 αὑτομολῆσαι;
1658 3098 1874 3167 Ἐπειδὴ

301 3197 474 3250 τοίνυν
504 3196 707 3265 σπουδή
736 3195 819 3258 τίς
848 3197 963 3248 ἐστι
1000 3195 1138 3248 κατά
1165 3194 1256 3248 τὸν
1286 3194 1398 3265 βίον
1419 3196 1530 3256 τοῖς
1562 3191 1874 3260 φιλοσωμά-

302 3307 409 3353 τοις
451 3289 655 3359 γνῶσίν
679 3306 801 3342 τινα
826 3288 935 3341 τῶν
968 3287 1269 3358 μελλόντων
1309 3287 1482 3355 ἔχειν’
1518 3286 1584 3339 δι’
1620 3280 1687 3356 ἦς
1721 3284 1872 3335 ἐλπί-

304 3380 480 3446 ζουσιν
501 3382 535 3452 ἢ
564 3382 674 3435 τῶν
702 3380 886 3435 κακῶν
908 3381 1213 3449 ἀποφυγὴν,
1241 3379 1273 3448 ἢ
1308 3378 1443 3449 πρὸς
1467 3378 1535 3430 τὰ
1565 3376 1874 3446 καταθύμια

304 3477 665 3545 χειραγωγίαν
689 3492 701 3505 ·
733 3473 922 3526 τούτου
954 3473 1131 3543 χάριν,
1167 3471 1239 3533 ὡς
1269 3470 1333 3522 ἂν
1372 3469 1446 3539 μὴ
1476 3468 1609 3539 πρὸς
1637 3469 1725 3519 τὸν
1747 3468 1877 3519 Θεὸν

305 3571 351 3621 οἱ.
376 3569 649 3640 ἅνθρωποι
681 3566 925 3637 βλέποιεν
947 3606 960 3628 ,
989 3565 1213 3626 πολλοὺς
1234 3562 1471 3633 τρόπους
1500 3562 1597 3629 τῆς
1621 3559 1714 3613 τοῦ
1749 3560 1876 3628 μὲλ-

307 3661 480 3724 λοντος
499 3658 754 3729 γνώσεως
784 3661 817 3728 ἡ
849 3655 1100 3727 ἀπατηλὴ
1124 3655 1231 3708 τῶν
1258 3654 1526 3724 δαιμόνων
1553 3653 1879 3723 ἐτεχνάσατο

308 3753 488 3820 φύσις,
518 3749 930 3811 οίωνοσκοπίας,
980 3744 1501 3817 συμϐολομαντείας,
1532 3743 1875 3815 χρηστήρια,

306 3841 995 3913 ήπατοσκοπίας,νεκυῖας,
1039 3838 1480 3907 ἐνθουσιασμοὺς,
1527 3836 1875 3906 κατακωχάς,

310 3936 650 4006 ἐμπνεύσεις,
700 3933 793 3986 καὶ
824 3932 959 3986 ἄλλα
1004 3930 1229 3985 τοιαῦτα
1267 3928 1470 3982 πολλά·
1513 3930 1606 3981 καὶ
1636 3929 1774 3998 ὅπερ
1813 3928 1877 3980 ἄν

308 4045 386 4091 τις
416 4025 550 4091 εἶδος
583 4024 941 4096 προγνώσεως
973 4023 1035 4076 ἐκ
1075 4040 1218 4085 τινος
1256 4022 1470 4090 ἀπάτης
1503 4020 1697 4089 ἀληθὲς
1734 4017 1872 4073 εἶναι

310 4122 591 4192 νομίσειεν,
624 4122 799 4172 ἐκεῖνο
829 4117 891 4170 τὸ
920 4115 1197 4186 ἀπατηλὸν
1229 4114 1498 4184 δαιμόνιον
1537 4113 1875 4182 παραφαίνε-

308 4230 393 4268 ται
430 4216 505 4277 είς
549 4211 831 4265 δικαίωσιν
876 4210 975 4278 τῆς
1008 4206 1367 4277 ὴπατημὲνης
1412 4204 1730 4274 ὑπολήψεως
1782 4203 1875 4256 τοῦ

310 4305 734 4377 πεπλανημένον.
765 4301 950 4364 Οὕτως
970 4301 1063 4353 καὶ
1084 4300 1181 4369 τὴν
1202 4299 1295 4352 τοῦ
1329 4297 1487 4351 ἀετοῦ
1521 4297 1715 4366 πτῆσιν
1741 4296 1877 4367 πρὸς

310 4397 401 4466 τὴν
424 4396 515 4450 τοῦ
580 4393 1089 4466 παρατετηρηκότος
1116 4391 1307 4444 ἐλπίδα
1347 4390 1669 4461 συνδραμεῖν
1703 4406 1875 4458 παρα-

313 4486 558 4549 σκευάζει
588 4488 616 4539 ὀ
651 4485 881 4555 δαίμων,
912 4485 1007 4535 καὶ
1032 4481 1125 4535 τοῦ
1156 4482 1365 4551 ἥπατος
1397 4480 1487 4532 τὸν
1515 4479 1749 4548 παλμὸν,
1782 4479 1875 4531 καὶ

311 4577 401 4648 τὴν
422 4580 484 4631 ἐκ
510 4578 604 4631 τοῦ
626 4575 900 4645 φυσώδους
930 4573 1216 4644 γινομένην
1238 4571 1347 4624 τῶν
1390 4571 1666 4641 μηνίγγων
1699 4588 1877 4638 παρα-

314 4669 495 4739 φορὰν,
531 4671 624 4723 καὶ
650 4668 756 4721 τῶν
796 4668 1056 4738 ὀμμάτων
1082 4664 1494 4735 παραστροιρὴν,
1525 4664 1619 4715 καὶ
1640 4663 1875 4732 ἑκάστην

315 4762 447 4815 κατά
464 4763 559 4832 τὴν
586 4761 981 4833 σημειωθεῖσαν
998 4762 1062 4813 ἐκ
1088 4760 1187 4829 τῆς
1200 4758 1416 4826 ἀπάτης
1441 4756 1821 4825 παρατήρησιν
1849 4756 1881 4824 ὴ

313 4845 399 4898 τοῦ
414 4846 661 4916 δαίμονος
676 4844 981 4914 πανουργία
995 4842 1339 4914 προδείκνυσι
1355 4842 1466 4901 τοῖς
1482 4838 1877 4907 ἀπατωμένοις·

315 4933 445 4988 ὥστε
482 4936 824 4997 ἀποστάντας
868 4934 995 4996 τοὺς
1035 4930 1352 5002 ἀνθρώπους
1379 4930 1471 4982 τοῦ
1506 4928 1673 4991 Θεοῦ,
1712 4944 1880 4998 προσ-

316 5026 451 5096 έχειν
474 5031 541 5099 τῇ
576 5026 841 5097 θεραπεία
883 5025 992 5078 τῶν
1021 5024 1308 5093 δαιμόνων,
1338 5021 1404 5074 δι’
1434 5013 1509 5073 ὧν
1542 5018 1877 5089 ἐνεργεῖσθαι

314 5117 380 5170 τὰ
403 5120 620 5173 τοιαῦτα
648 5119 1012 5172 πιστεύουσιν.
1048 5116 1143 5167 Ἓν
1170 5113 1350 5167 τοίνυν
1390 5112 1604 5181 ἀπάτης
1640 5106 1776 5173 εἶδος
1809 5105 1877 5177 ἦν

318 5211 478 5264 καὶτὸ
524 5212 631 5264 τῶν
670 5208 1149 5280 ἐγγαστριμύθων,
1196 5200 1270 5260 ὧν
1320 5208 1353 5277 ἡ
1406 5204 1708 5276 μαγγανεία
1755 5203 1875 5253 ἐπι-

320 5302 525 5356 στεύετο
544 5303 799 5355 δύνασθαι
836 5302 933 5364 τὰς
964 5301 1071 5352 τῶν
1096 5298 1492 5367 κατοιχομένων
1514 5295 1691 5364 ψυχὰς
1713 5294 1872 5346 πάλιν

321 5393 444 5463 πρὸς
478 5395 565 5449 τὸν
594 5394 704 5448 ἄνω
740 5393 851 5462 βίον
892 5392 1231 5461 ἐφέλκεσθαι.
1270 5388 1376 5442 Τοῦ
1407 5388 1585 5440 τοίνυν
1615 5386 1788 5440 Σαοὺλ
1821 5388 1878 5439 ἐν

319 5484 608 5553 ἀπογνώσει
657 5485 929 5557 σωτηρίας
974 5483 1288 5552 γεγονότος,
1322 5481 1412 5534 διά
1439 5480 1500 5532 τὸ
1543 5483 1885 5551 πανστρατιᾷ

325 5571 728 5641 συγκεκινῆσθαι
780 5569 899 5624 κατ’
951 5567 1113 5622 αὑτοῦ
1159 5568 1264 5619 πᾶν
1312 5567 1371 5618 τὸ
1411 5565 1736 5633 ἀλλόφυλον,
1790 5567 1885 5618 καὶ

327 5662 409 5713 ἐπὶ
429 5663 627 5734 ταύτην
652 5662 894 5724 ἐλθόντος
918 5660 1017 5731 τὴν
1039 5658 1278 5712 ἐπίνοιαν
1295 5697 1309 5721 ,
1340 5655 1478 5710 ὥστε
1510 5655 1601 5707 τὸν
1630 5654 1884 5724 Σαμουὴλ

328 5752 463 5825 αὑτῷ
497 5755 692 5825 τρόπον
726 5753 1019 5807 ὑποθέσθαι
1048 5750 1170 5805 τινὰ
1206 5749 1505 5820 σωτηρίας·
1534 5747 1593 5801 τὸ
1636 5748 1883 5819 παραμέ-

1986 3122 2093 3178 tur,
2146 3120 2205 3167 ut
2256 3114 2311 3168 in
2350 3112 2542 3167 mortis
2576 3114 2803 3167 exitium
2841 3115 3146 3185 praecipites
3181 3117 3326 3172 ultro
3384 3118 3567 3175 feran-

1985 3207 2110 3259 tur?
2152 3204 2417 3271 Quoniam
2465 3206 2629 3275 igitur
2677 3206 2926 3261 homines
2958 3208 3250 3279 voluptarii
3282 3211 3566 3282 corporis-

1981 3313 2086 3368 que
2120 3298 2243 3368 plus
2286 3311 2443 3365 aequo
2480 3304 2727 3352 amantes
2764 3297 2819 3352 in
2850 3299 2953 3354 hac
2988 3300 3101 3354 vita
3132 3300 3319 3356 studio
3348 3318 3439 3358 res
3473 3302 3563 3357 fu-

1983 3398 2135 3443 turas
2161 3390 2367 3443 sciendi
2395 3398 2651 3443 tenentur
2681 3430 2696 3453 ,
2730 3408 2837 3459 qua
2874 3392 3193 3461 cognitione
3224 3394 3310 3449 vel
3341 3396 3483 3450 mala
3504 3412 3566 3452 se

1981 3482 2283 3535 evitaturos
2319 3490 2564 3549 sperant,
2604 3482 2687 3534 vel
2725 3483 2775 3535 id
2807 3482 2954 3551 quod
2989 3483 3305 3540 desiderant
3338 3502 3565 3543 assecu-

1983 3581 2137 3625 turos
2176 3590 2188 3625 :
2236 3572 2447 3626 ideirco
2482 3589 2549 3627 ne
2583 3589 2614 3626 a
2647 3572 2755 3627 Deo
2794 3575 3067 3642 pendeant
3115 3574 3389 3639 homines,
3425 3593 3566 3648 prat-

1982 3664 2222 3717 notionis
2255 3679 2440 3718 rerum
2484 3664 2792 3718 futurarum
2834 3665 2982 3719 varia
3033 3681 3231 3735 genera
3260 3666 3419 3722 fallax
3451 3668 3565 3723 da:-

1982 3769 2203 3808 monum
2226 3762 2422 3807 natura
2448 3764 2758 3809 commenta
2786 3764 2890 3817 est,
2915 3756 3166 3824 auguria,
3195 3756 3563 3815 divinationes

1982 3863 2079 3918 per
2109 3846 2375 3917 symbola,
2408 3846 2653 3912 oracula,
2701 3846 2998 3915 aruspicia,
3043 3858 3381 3903 mortuorum
3432 3864 3563 3905 ενοι

1981 3941 2243 4003 cationes,
2284 3940 2491 3995 furoris
2533 3940 2770 4003 afﬂatus,
2822 3940 3068 3996 numinis
3108 3941 3429 4008 instinctus,
3477 3945 3563 3998 in-

1982 4033 2335 4101 spirationes,
2365 4032 2580 4100 aliaque
2614 4032 2849 4101 plurima
2898 4032 2950 4085 id
2986 4048 3158 4102 genus
3195 4052 3208 4087 :
3244 4041 3360 4087 tum
3410 4050 3563 4105 qua:-

1980 4139 2197 4192 cunque
2226 4123 2581 4192 pra-notionis
2612 4123 2822 4191 species
2859 4139 2925 4177 ex
2958 4124 3138 4193 aliqua
3176 4123 3390 4180 fallacia
3431 4141 3560 4182 vera

1980 4215 2215 4282 cuipiam
2248 4213 2520 4278 videatur,
2567 4213 2659 4266 illa
2704 4212 2968 4269 continuo
3011 4229 3041 4267 a
3087 4213 3270 4269 fallaci
3313 4215 3562 4273 daemone

1981 4314 2342 4370 monstratur,
2378 4311 2438 4358 ut
2484 4304 2588 4359 hoc
2624 4311 2883 4373 tanquam
2918 4306 3226 4376 patrocinio
3259 4305 3414 4376 ejus,
3462 4309 3560 4378 qui

1983 4397 2038 4449 in
2062 4396 2306 4449 fraudem
2338 4396 2551 4449 illectus
2579 4404 2683 4459 est,
2720 4396 2885 4450 fallax
2915 4396 3102 4465 opinio
3124 4396 3274 4466 justa
3305 4413 3562 4468 compro-

1984 4490 2161 4543 betur.
2219 4489 2310 4542 Sic
2357 4489 2521 4542 elﬁcit
2552 4488 2785 4553 daemon,
2836 4497 2897 4543 ut
2938 4490 3132 4558 aquilae
3176 4491 3391 4547 volatus
3432 4506 3560 4546 cum

1984 4580 2122 4649 ejus,
2164 4580 2256 4649 qui
2291 4577 2616 4641 observarit,
2655 4592 2751 4645 spe
2792 4586 2846 4630 et
2888 4577 3296 4647 exspectatione
3324 4592 3561 4633 concur-

1985 4680 2089 4734 rat,
2141 4680 2195 4724 et
2226 4676 2285 4723 ut
2314 4669 2517 4738 jecoris
2568 4668 2884 4735 palpitatio,
2930 4676 2985 4721 et
3021 4669 3459 4722 membranarum
3493 4681 3560 4722 ac

1983 4760 2360 4830 pellicularum
2388 4774 2451 4812 ex
2483 4758 2758 4811 inﬂatione
2786 4766 2905 4810 orta
2942 4758 3257 4823 titubantia,
3289 4765 3343 4812 et
3372 4758 3561 4811 oculo-

1984 4865 2103 4902 rum
2136 4849 2498 4911 inversioucs,
2528 4856 2581 4902 et
2643 4861 2982 4915 unaquaeque
3029 4853 3193 4916 prout
3225 4854 3414 4900 notata
3444 4844 3561 4902 fue-

1980 4941 2049 4993 rit
2098 4955 2162 4993 ex
2208 4939 2420 4992 fallacia
2470 4938 2822 4999 observatio,
2871 4938 3109 5007 deceptis
3160 4938 3475 4993 hominibus
3526 4952 3558 4991 a

1977 5029 2218 5082 versutia
2253 5028 2517 5083 damonis
2546 5036 3047 5092 commonstrctnr;
3084 5038 3143 5080 ut
3174 5042 3203 5080 a
3237 5027 3344 5082 Deo
3378 5026 3559 5082 disce-

1979 5120 2168 5175 dentes
2204 5121 2510 5175 daemonum
2542 5119 2712 5174 cultui
2746 5134 2805 5176 se
2830 5118 3107 5182 addicant,
3137 5134 3165 5169 a
3197 5118 3397 5188 quibus
3430 5118 3561 5173 talia

1978 5213 2166 5283 perﬁci
2195 5212 2443 5267 credunt.
2494 5210 2661 5266 Porro
2692 5228 2860 5265 unum
2908 5219 3027 5266 erat
3070 5226 3135 5265 ex
3182 5210 3290 5267 illis
3328 5210 3560 5267 fallacia

1979 5305 2269 5374 generibus
2300 5304 2401 5357 hoc
2435 5304 2927 5372 ventriloquorum,
2959 5317 3054 5357 seu
3106 5301 3407 5372 Pythonem
3459 5304 3558 5355 ha-

1984 5396 2249 5461 bentium,
2297 5411 2528 5464 quorum
2574 5396 2863 5466 praestigiae
2896 5410 3057 5464 posse
3089 5396 3301 5450 animas
3341 5409 3556 5459 eorum,

1982 5488 2075 5557 qui
2104 5487 2472 5551 decesserant,
2508 5504 2700 5543 rursus
2728 5488 2794 5542 ad
2826 5489 2965 5542 hanc
3000 5488 3357 5559 superstitum
3389 5487 3555 5541 vitam

1984 5581 2300 5647 protrahere
2329 5580 2709 5635 credebantur.
2746 5582 2879 5635 Cum
2930 5581 3113 5650 itaque
3162 5574 3293 5635 Saul
3346 5579 3425 5650 de_
3459 5592 3559 5632 sua

1983 5646 2159 5706 Salute
2188 5650 2523 5721 desperaret,
2563 5651 2707 5719 quod
2740 5660 2931 5705 omnes
2964 5646 3149 5720 copias
3196 5665 3325 5705 suas
3362 5646 3557 5703 adver-

1983 5757 2078 5800 sus
2110 5742 2287 5812 ipsum
2318 5742 2632 5815 alienigenae
2677 5757 2867 5799 omnes
2901 5743 3288 5815 collegissent,
3340 5741 3558 5812 sibique
