4066 6374
1715 368 1775 420 S.
1812 360 2133 421 GREGORII
2170 362 2212 415 N
2225 361 2459 415 YSSENI

3636 362 3731 416 ΗΞ

476 483 857 551 persuasisset,
884 495 942 534 se
974 494 1002 531 a
1042 478 1291 533 Samuelo
1323 480 1460 533 viam
1498 481 1732 549 aliquam
1769 489 1932 550 atque
1960 496 2051 533 ra-

2163 499 2246 534 νον
2286 486 2352 553 τῇ
2392 477 2813 549 ὲγγαστριμόθιε)
2860 477 3152 544 δαιμόνιον,
3197 477 3263 529 δι’
3303 494 3363 527 ου
3398 475 3641 545 ἠπατᾶτο
3670 482 3731 531 ὲκ

477 577 677 628 tionem
726 572 941 625 edoceri
994 586 1197 640 posse,
1249 586 1357 640 qua
1405 572 1697 627 incolumis
1743 572 2043 635 evaderet;

475 662 620 732 quod
667 660 1023 730 ventriloqua:
1068 660 1339 715 insidebat
1368 661 1716 722 daunonium,
1762 677 1790 714 a
1836 678 1946 731 quo
1983 663 2051 716 de

478 770 628 809 more
674 753 992 807 muliercula
1038 752 1431 822 decipiebatur,
1483 754 1662 807 varias
1695 754 1796 807 sibi
1848 754 2051 809 formas

479 846 797 901 umbratiles
828 845 882 898 in
912 845 1247 898 mulierculae
1276 845 1452 898 oculis
1482 845 1786 913 etlingebat.
1814 860 1937 897 cum
1970 846 2053 898 in-

478 938 636 990 terim
687 937 825 991 nihil
872 952 1087 1002 eorum,
1129 952 1250 1006 quae
1290 938 1662 1006 conspiciebat
1708 938 2049 999 muliercula,

481 1029 631 1081 Sauli
659 1040 967 1098 appareret.
1018 1026 1086 1080 [ι
1122 1028 1264 1081 enim
1297 1028 1724 1081 incantationem
1780 1043 1931 1082 suam
1958 1043 2051 1095 ag-

476 1135 662 1189 gressa
710 1128 827 1183 est,
874 1118 1094 1187 jamque
1144 1119 1479 1172 muliercula:
1529 1120 1599 1173 ob
1644 1120 1833 1173 oculos
1882 1120 2054 1189 pban-

480 1219 712 1266 tasmata
740 1220 795 1266 et
829 1219 1042 1280 spectra
1078 1211 1454 1271 versabantur,
1502 1227 1566 1265 ex
1616 1227 1681 1265 eo
1730 1212 1885 1265 tidem
1936 1212 2053 1265 suis

481 1305 914 1375 apparitionibus
943 1306 1239 1359 conciliare
1272 1305 1443 1360 voluit
1488 1305 1720 1367 daemon,
1757 1305 1901 1373 quod
1933 1305 2053 1369 ejus

482 1410 791 1465 personam,
832 1396 924 1464 qui
956 1395 1304 1451 dissimulato
1335 1396 1520 1449 habitu
1558 1396 1779 1458 latebat,
1811 1396 2056 1455 declara-

480 1490 569 1549 rit,
600 1502 721 1554 qua:
749 1502 838 1541 res
865 1486 1121 1555 majorem
1158 1487 1210 1540 in
1253 1486 1665 1540 admirationem
1696 1486 1911 1539 Saulem
1944 1496 2054 1539 tra-

480 1577 668 1637 duxit,
706 1586 761 1628 nt
786 1577 1125 1630 existimaret
1154 1593 1262 1629 non
1294 1577 1666 1630 aberraturam
1694 1576 1950 1644 deinceps
1985 1576 2054 1629 ab

481 1670 645 1723 ullius
678 1670 751 1723 rei
783 1671 1091 1740 cognitione
1121 1671 1422 1733 mulierem,
1459 1683 1583 1723 cum
1619 1670 1811 1738 privati
1839 1669 2054 1723 habitus

483 1762 704 1829 magicae
737 1762 977 1813 facultati
1029 1776 1135 1814 non
1172 1762 1541 1830 imposuisset.
1585 1760 1875 1829 Postquam
1923 1775 2055 1829 ergo

480 1851 618 1904 dixit
647 1853 734 1905 illa
761 1868 819 1906 se
850 1852 979 1905 deos
1008 1852 1362 1907 ascendentes
1384 1853 1586 1916 videre,
1608 1862 1662 1906 et
1691 1852 1866 1905 virum
1899 1868 2050 1906 erec-

480 1952 594 1997 tum
630 1945 887 1998 amictum
926 1946 1105 2013 pallio,
1145 1960 1253 2014 quo
1289 1952 1450 2013 parto
1482 1945 1760 1998 stabilient
1792 1944 1940 2013 quod
1990 1945 2056 1998 ad

484 2036 768 2090 historiam
834 2037 1046 2099 attinet,
1088 2036 1181 2106 qui
1222 2038 1363 2090 servi
1396 2044 1523 2088 sunt
1558 2035 1790 2087 litterte?
1824 2036 1879 2087 Si
1909 2036 2053 2087 enim

482 2142 607 2180 vere
636 2126 855 2181 Samuel
885 2134 966 2181 est
1000 2126 1088 2179 ille
1142 2126 1232 2195 qui
1260 2125 1411 2179 visus
1441 2125 1717 2194 esttplane
1746 2125 1913 2195 igitur
1940 2125 2055 2178 veri

482 2227 609 2273 sunt
651 2222 815 2274 etiam
867 2218 975 2280 dii,
1024 2219 1116 2287 qui
1154 2233 1181 2271 a
1216 2219 1454 2271 veneﬁca
1497 2226 1622 2272 sunt
1652 2218 1791 2283 visi;
1847 2232 1971 2270 nam
2002 2225 2056 2271 et

481 2312 744 2364 daemonia
767 2311 899 2364 deos
929 2309 1062 2362 dicit
1092 2308 1372 2377 Scriptura
1400 2325 1411 2360 :
1452 2307 1642 2361 Omnes
1668 2309 1804 2362 enim
1830 2308 1906 2360 dii
1932 2325 2057 2377 gen-

482 2404 612 2454 tium
634 2401 996 2464 daemonia“;
1051 2416 1179 2453 num
1216 2401 1379 2468 igitur
1410 2416 1533 2453 cum
1564 2400 1904 2454 dtemonibus
1953 2401 2060 2453 erit

480 2503 531 2543 et
563 2492 742 2545 anima
778 2491 1086 2545 Samuelis?
1114 2493 1286 2544 Absit.
1324 2490 1521 2544 Verum
1556 2491 1707 2554 illud,
1741 2491 1883 2560 quod
1914 2506 2060 2547 sem-

480 2599 577 2651 per
600 2582 852 2637 venclicm
875 2583 1297 2651 obsequebatur,
1325 2583 1650 2636 dmuionium
1680 2583 1977 2651 assumpsit
2007 2591 2062 2636 et

482 2678 587 2727 alia
638 2689 821 2728 secum
870 2673 1173 2733 damenia.
1231 2682 1285 2726 ut
1340 2690 1460 2727 cum
1513 2675 1792 2729 mulierem
1830 2674 2058 2736 falleret,

483 2774 592 2817 tmn
624 2780 746 2819 eum
778 2766 871 2834 qui
902 2766 971 2817 ab
1001 2766 1117 2833 ipsa
1148 2764 1433 2819 fallebatur
1468 2765 1685 2819 Saulem
1720 2783 1733 2831 ;
1781 2775 1945 2833 atque
1972 2766 2053 2821 ef-

484 2856 609 2907 [ιιυίι
643 2856 861 2925 quidem
896 2866 953 2908 ut
993 2857 1257 2909 daemonia
1288 2856 1361 2909 dii
1396 2871 1427 2909 a
1482 2857 1822 2925 ventriloqua
1869 2873 2058 2912 cense-

484 2954 690 3005 rentur,
723 2944 902 3013 ipsutn
948 2955 1127 2997 autem
1164 2944 1252 2995 illa
1298 2960 1355 2997 se
1404 2945 1586 3013 specie
1612 2945 1791 2998 induit
1822 2961 1942 3014 qua:
1971 2961 2058 3000 re-

482 3037 819 3104 quirebatur,
850 3045 903 3090 et
947 3052 1109 3091 voces
1158 3038 1303 3090 illius
1353 3037 1649 3099 simulavit,
1701 3046 1753 3090 et
1791 3047 2055 3108 quantum

2160 574 2443 644 συνηθείας
2482 573 2541 624 τὸ
2562 571 2804 638 γύναιον,
2830 571 2909 631 είς
2932 569 3219 639 διαφόρους
3254 569 3467 639 μορφὰς
3494 569 3732 633 σκιωδῶς

2157 666 2215 718 ἐν
2246 669 2358 728 τοῖς
2385 664 2679 733 ὀφθαλμοῖς
2709 662 2802 715 τοῦ
2826 661 3053 728 γυναίου
3078 663 3207 730 ὲσχη
3220 661 3493 730 ματίζετο,
3523 662 3732 725 οὺδενὸς

2155 756 2233 826 τῷ
2274 757 2442 809 Σαοὺλ
2487 754 2922 826 προφαινομένου
2945 794 2958 809 .
3001 747 3075 805 ὧν
3107 752 3361 823 καθεώρα
3398 754 3458 806 τὸ
3491 754 3727 820 γύναιον.

2168 846 2255 909 Ὠς
2278 848 2386 917 γὰρ
2420 847 2595 916 ἥψατο
2622 847 2719 915 τῆς
2749 846 3019 915 γοητείας,
3052 848 3145 896 καὶ
3198 844 3299 913 ἥδη
3325 844 3401 915 τῷ
3431 845 3634 914 γυναίῳ
3666 841 3731 915 ἦν

2156 939 2213 991 ὲν
2253 937 2548 1005 ὀφθαλμοῖς
2582 936 2649 988 τὰ
2692 938 3070 1005 φαντάσματα,
3116 936 3299 989 πίστιν
3339 936 3430 990 τοῦ
3460 937 3635 1006 ἀληθῆ
3664 939 3731 989 τὰ

2158 1033 2454 1103 φαινόμενα
2497 1025 2635 1087 εἶναι
2672 1027 2876 1097 ταύτην
2914 1030 2941 1079 6
2980 1026 3188 1097 δαίμων
3221 1028 3636 1097 ἐμηχανήσατο,
3674 1027 3734 1079 τὸ

2158 1123 2373 1193 πρῶτον
2402 1120 2568 1175 αὑτοῦ
2594 1119 2979 1190 κεκρυμμένου
3008 1119 3066 1169 ὲν
3094 1118 3171 1187 τῷ
3206 1119 3335 1171 εῖδει
3363 1119 3457 1171 τοῦ
3498 1121 3735 1189 προσχή-

2161 1230 2327 1282 ματος
2358 1212 2709 1280 διασαφῆσαι,
2743 1209 2810 1261 δι’
2834 1204 2894 1263 οὗ
2919 1208 3115 1279 μᾶλλον
3138 1211 3166 1260 6
3188 1208 3359 1261 Σαοὺλ
3394 1209 3731 1277 κατεπλάγη,

2156 1302 2232 1367 ὡς
2283 1305 2433 1357 οὐδὲν
2484 1304 2564 1355 ἔτι
2613 1304 2711 1373 τῆς
2759 1300 3016 1370 γυναικὸς
3063 1301 3516 1371 σφαλησομένης,
3561 1300 3638 1371 τῷ
3681 1300 3735 1353 τὸ

2160 1397 2423 1449 ἰδιωτικὸν
2449 1396 2631 1468 σχῆμα
2656 1394 2754 1463 τὴν
2786 1392 3049 1463 γοητικὴν
3076 1392 3303 1463 δύναμιν
3340 1393 3413 1463 μὴ
3444 1394 3729 1462 ἀγνοῆσαι.

2157 1485 2431 1547 Είπούσης
2464 1486 2642 1537 τοίνυν
2674 1484 2846 1553 αὐτῆς
2890 1484 3044 1545 θεοὺς
3087 1482 3387 1552 ἑωρακέναι
3427 1483 3737 1535 ἀναϐαίνοι-

2157 1596 2254 1641 τας
2274 1618 2288 1641 ,
2318 1579 2409 1631 καὶ
2444 1577 2729 1647 ἄνθρωπον
2755 1576 2937 1647 ὄρθιον
2963 1577 3021 1627 ἐν
3049 1573 3297 1636 διπλιῖδι,
3334 1576 3447 1637 πῶς
3480 1580 3734 1644 στήσουσι

2157 1668 2217 1721 τὸ
2259 1668 2379 1719 καθ’
2429 1666 2668 1736 ἱστορίαν
2697 1667 2748 1719 οἰ
2792 1664 2967 1717 δοῦλοι
3001 1666 3095 1718 τοῦ
3130 1666 3484 1734 γραμματοςς
3524 1667 3585 1717 Εἰ
3628 1667 3735 1734 γὰρ

2166 1762 2381 1831 ἀληθῶς
2428 1762 2455 1813 6
2514 1758 2769 1829 Σαμουήλ
2830 1762 2975 1811 ἐστιν
3024 1759 3052 1810 6
3106 1758 3322 1827 ὀφθεὶς,
3380 1758 3574 1811 οὐκοῦν
3618 1754 3739 1811 κατ⁴

2159 1853 2411 1923 ἀλήθειαν
2433 1853 2524 1905 καὶ
2548 1852 2657 1903 θεοί
2686 1852 2821 1903 εἰσιν
2844 1852 2892 1902 οἱ
2925 1849 3179 1919 ὀφθέντες
3211 1849 3360 1919 παρὰ
3388 1851 3485 1920 τῆς
3517 1867 3736 1921 φαρμα-

2168 1947 2311 2009 κίδος
2330 1962 2342 1974 ·
2391 1944 2543 2008 θεοὺς
2565 1944 2621 1997 δὲ
2654 1946 2687 2015 ὴ
2716 1942 2905 2014 Γραφὴ
2939 1942 3007 1994 τὰ
3034 1941 3281 2011 δαιμόνια
3307 1942 3453 2009 λέγει
3473 1959 3485 1970 ·
3512 1941 3738 2006 Πάντες

2172 2039 2281 2106 γὰρ
2314 2041 2367 2091 οἱ
2392 2038 2513 2091 θεοὶ
2551 2037 2671 2090 τῶν
2694 2034 2884 2089 ἐθνῶν
2904 2034 3177 2102 δαιμόνια
3198 2049 3213 2063 ⁸
3244 2030 3332 2103 ἆρ’
3367 2029 3458 2085 οὗν
3477 2034 3614 2103 μετά
3631 2034 3740 2084 τῶν

2162 2128 2430 2198 δαιμόνων
2452 2130 2545 2182 καὶ
2569 2130 2601 2199 ἡ
2626 2126 2771 2197 ψυχὴ
2800 2124 2895 2178 τοῦ
2922 2124 3193 2195 Σαμουήλ;
3225 2126 3313 2194 Μὴ
3342 2124 3549 2191 γένοιτο
3568 2140 3581 2151 ·
3605 2123 3739 2176 ἁλλά

2161 2220 2222 2271 τὸ
2252 2221 2480 2273 πάντοτε
2511 2217 2786 2271 ὑπακοῦον
2824 2219 2895 2286 τῇ
2936 2214 3239 2284 φαρμακίδι
3274 2214 3546 2283 δαιμόνιον
3595 2230 3738 2284 παρα

2164 2312 2324 2364 ἐλαϐε
2381 2312 2474 2363 καὶ
2518 2310 2650 2363 ἀλλα
2691 2308 2976 2378 πνεύματα
3020 2305 3155 2377 πρὸς
3212 2306 3428 2374 ἀπάτην
3473 2306 3640 2375 αὐτῆς
3679 2321 3738 2357 τε

2164 2403 2329 2475 [καὶ]
2354 2404 2453 2473 τῆς
2480 2403 2757 2472 γυναικὸς,
2790 2402 2884 2455 καὶ
2914 2400 3006 2452 τοῦ
3030 2399 3096 2452 δι’
3126 2400 3343 2469 ἐκείνης
3374 2400 3739 2468 ἀπατωμένου

2158 2496 2329 2547 Σαούλ
2352 2512 2364 2525 ·
2416 2496 2509 2548 καὶ
2536 2495 2604 2547 τά
2638 2494 2733 2565 μὲν
2766 2494 3015 2563 δαιμόνια
3049 2490 3202 2553 θεοὺς
3243 2492 3556 2561 νομίζεσθαι
3591 2491 3741 2561 παρά

2156 2587 2254 2657 τῆς
2301 2584 2742 2657 ἐγγαστριμύθου
2777 2585 3049 2654 ἐποίησεν,
3096 2585 3226 2637 αὐτὸ
3270 2584 3325 2634 δὲ
3375 2582 3504 2651 πρὸς
3536 2582 3596 2633 τὸ
3622 2582 3740 2632 ὲπι-

2159 2674 2488 2746 ζητούμενον
2544 2672 2681 2739 εἶδος
2740 2677 3148 2748 ἐσχηματίσθη,
3220 2675 3313 2727 καὶ
3369 2677 3467 2734 τὰς
3531 2672 3739 2724 ἐκείνου

2166 2767 2347 2835 φωνὰς
2373 2767 2726 2837 ὑπεκρίνατο,
2767 2768 2858 2820 καὶ
2882 2768 3018 2837 ὅπερ
3051 2768 3196 2829 εἰκὸς
3222 2762 3289 2836 ἦν
3322 2766 3385 2817 ἐκ
3407 2764 3514 2816 τῶν
3554 2781 3741 2832 φαινο-

2166 2859 2343 2929 μένων
2371 2858 2707 2926 λογίσασθαι,
2743 2859 2840 2928 τὴν
2870 2861 2932 2911 ὲκ
2956 2859 3049 2911 τοῦ
3085 2857 3376 2911 ἀκολούθου
3414 2854 3740 2924 ὲκϐήσεσθαι

2165 2949 2623 3019 προσδοκηθεῖσαν
2666 2950 2961 3017 ἀπόφασιν,
3004 2950 3078 3013 ὼς
3123 2952 3178 3002 ἐν
3219 2948 3348 3001 εἴδει
3401 2946 3735 3016 προφητείας

2164 3040 2481 3108 ἐφθέγξατο.
2518 3040 2741 3107 ’Ἡλεγξε
2793 3040 2849 3093 δὲ
2899 3041 2992 3093 καὶ
3022 3040 3094 3103 ὡς
3139 3041 3237 3093 οὐκ
3273 3040 3518 3092 ἐϐούλετο
3552 3038 3747 3090 ἑαυτὸν

486 3128 679 3181 licebat
709 3128 985 3181 verisimili
1017 3129 1233 3197 assequi
1276 3127 1591 3197 conjectura
1623 3146 1687 3183 ex
1718 3130 1784 3183 iis
1815 3145 1935 3198 qua:
1964 3146 2057 3197 ap-

2164 3132 2191 3182 6
2223 3130 2429 3199 δαίμων
2474 3129 2642 3182 εἰπὼν
2690 3130 2785 3199 τὴν
2827 3130 3118 3200 ἀλήθειαν,
3157 3131 3237 3182 ὅτι
3272 3130 3492 3196 Αὔριον
3524 3128 3604 3179 σὺ
3642 3126 3741 3180 καὶ

486 3222 790 3290 parebant,
845 3219 1183 3274 conformato
1242 3222 1296 3274 in
1346 3221 1581 3291 speciem
1629 3223 1929 3292 prophetia).
1978 3238 2063 3276 re-

487 3327 709 3381 sponso,
746 3326 867 3380 quae
898 3327 965 3366 ex
994 3312 1388 3381 consequentia
1414 3320 1673 3365 eventura
1706 3313 2059 3381 putabantur,

486 3403 848 3457 denuntiavit.
904 3403 1073 3455 Porro
1128 3406 1367 3472 seipsutn
1414 3405 1603 3457 volens
1651 3406 1842 3459 nolens
1888 3406 2064 3473 arguit

486 3496 697 3548 daemon
726 3496 954 3548 veritate
984 3496 1212 3563 prolata,
1247 3497 1375 3549 dum
1412 3496 1548 3549 dixit
1579 3518 1589 3549 :
1624 3494 1757 3549 Cras
1793 3509 1848 3548 tu
1882 3508 1930 3550 et
1960 3495 2062 3551 Jo-

488 3585 687 3638 nathan
723 3585 1019 3649 mecum";
1072 3588 1115 3640 si
1151 3587 1294 3639 enim
1328 3602 1452 3641 vere
1492 3586 1710 3642 Samuel
1753 3598 1890 3652 erat,
1927 3606 2063 3659 quo-

489 3677 648 3729 modo
678 3676 790 3729 ﬁeri
822 3688 1059 3745 poterat,
1097 3686 1154 3730 ut
1181 3679 1227 3731 is
1258 3679 1348 3747 qui
1374 3680 1614 3732 omnium
1641 3681 1904 3734 scelerum
1937 3697 2063 3736 reus

487 3779 622 3833 erat,
662 3784 785 3821 cum
817 3770 909 3820 illo
937 3769 1121 3823 esset?
1164 3768 1364 3823 Verum
1416 3770 1541 3823 hinc
1586 3772 1755 3841 liquet
1794 3772 2063 3829 Samuelis

490 3862 608 3913 loco
637 3861 962 3914 dzemonium
995 3861 1125 3915 illud
1162 3862 1465 3931 improbum
1494 3864 1693 3924 visum,
1719 3879 1843 3918 cum
1875 3881 2062 3919 secum

490 3953 731 4004 l'uturum
760 3952 976 4005 Saulem
1014 3953 1169 4015 dixit,
1202 3955 1486 4008 mentitum
1519 3972 1625 4009 non
1652 3973 1790 4011 esse.
1828 3960 1936 4012 Etsi
1966 3975 2062 4012 au-

490 4049 595 4093 tem
632 4040 912 4110 Scriptura
958 4041 1105 4096 dicat
1152 4043 1337 4107 etiam,
1387 4042 1608 4099 Samuel
1651 4046 1755 4100 hoc
1788 4046 1947 4112 dixit,
1997 4062 2063 4103 ne

487 4141 867 4186 commoveant
912 4131 1027 4187 haec
1061 4133 1225 4187 verba
1254 4134 1489 4202 peritum
1523 4135 1801 4201 lectorem,
1835 4138 1928 4191 sed
1966 4139 2063 4192 ad-

488 4222 661 4274 ditum
739 4222 1035 4285 existimet,
1098 4223 1189 4292 qui
1268 4226 1560 4293 putabatur
1619 4242 1743 4279 esse
1817 4227 2059 4282 Samuel.

490 4312 643 4365 Hanc
710 4315 853 4367 enim
888 4315 1341 4368 consuetudinem
1396 4332 1518 4370 esse
1546 4316 2064 4389 Scripturtecompe-

490 4427 502 4458 ι
523 4406 683 4468 imus,
702 4414 759 4459 ut
776 4422 917 4474 stepe
938 4408 1012 4459 rei
1040 4422 1180 4461 vera:
1207 4409 1325 4460 loco
1347 4409 1397 4461 id
1413 4409 1555 4477 quod
1577 4420 1801 4479 apparet
1820 4423 2058 4475 enarret,

2176 3221 2458 3276 Ἰωνάθην
2482 3223 2607 3291 μετ’
2641 3222 2807 3289 ἐμοῦ.
2842 3224 2903 3274 Εἰ
2942 3222 3050 3292 γὰρ
3082 3221 3299 3292 ἀληθῶς
3322 3216 3388 3290 ἦν
3414 3221 3441 3271 ό
3467 3218 3739 3288 Σαμουὴλ,

2164 3312 2282 3375 πῶς
2310 3313 2583 3383 ἐνεδέχετο
2602 3313 2690 3365 τὸν
2722 3315 2779 3365 ὲν
2803 3314 2949 3385 πάσῃ
2972 3313 3137 3383 κακίᾳ
3157 3311 3602 3381 κατεγνωσμένον
3625 3310 3742 3379 μετ’

2165 3404 2373 3457 ἐκείνου
2418 3402 2705 3471 γενέσθαι;
2776 3404 2935 3455 Ἀλλὰ
2986 3403 3143 3472 δῆλον
3194 3404 3274 3455 ὅτι
3327 3402 3445 3455 ἀντὶ
3496 3401 3591 3452 τοῦ
3637 3402 3742 3452 Σα-

2167 3500 2338 3570 μουὴλ
2368 3499 2528 3567 όφθὲν
2557 3499 2619 3553 τὸ
2650 3499 2880 3569 πονηρὸν
2916 3501 3091 3551 ἐκεῖνο
3125 3498 3418 3567 δαιμόνιον,
3469 3496 3584 3565 μεθ’
3619 3496 3745 3546 ὲαυ-

2163 3591 2254 3644 τοῦ
2290 3591 2503 3645 ἔσεσθαι
2549 3591 2638 3644 τὸν
2689 3592 2861 3643 Σαοὺλ
2902 3590 3089 3653 εἰπὼν,
3138 3590 3236 3642 οὐκ
3270 3588 3551 3657 ἐψεύσατο.
3598 3587 3660 3638 Εἰ
3688 3585 3745 3637 δὲ

2162 3681 2308 3749 λέγει
2345 3683 2377 3752 ἡ
2410 3681 2715 3752 Γραφὴ,ὃτι
2753 3681 2861 3733 Καὶ
2886 3676 3039 3732 εἶπεν
3070 3682 3097 3732 6
3126 3678 3401 3748 Σαμουὴλ,
3434 3679 3506 3747 μὴ
3541 3693 3744 3745 ταρασ-

2165 3774 2303 3825 σέτω
2331 3772 2421 3825 τὸν
2466 3774 2804 3841 ἐπιστήμονα
2838 3774 2866 3824 6
2908 3772 3147 3830 τοιοῦτος
3188 3770 3345 3837 λόγος
3367 3786 3379 3798 ·
3410 3768 3544 3821 ἀλλὰ
3574 3783 3742 3837 ’προσ⁴

2164 3863 2373 3916 κεῖσθαι
2401 3861 2684 3932 νομιζέτω,
2748 3864 2830 3914 ὅτι
2882 3864 2909 3914 6
2964 3861 3235 3932 νομισθεὶς
3284 3856 3420 3912 εἶναι
3472 3857 3741 3927 Σαμουὴλ.

2164 3953 2502 4024 Εὑρίσκομεν
2548 3953 2657 4021 γὰρ
2709 3952 2808 4022 τὴν
2853 3954 3133 4023 Γραφικὴν
3172 3951 3454 4022 συνήθειαν
3480 3948 3745 4017 πολλαχοῦ

2160 4044 2219 4097 τὸ
2274 4044 2461 4097 δοκοῦν
2510 4044 2630 4096 ἀντὶ
2682 4042 2775 4095 τοῦ
2825 4043 2975 4105 ὄντος
3027 4042 3360 4108 διεξιοῦσαν,
3413 4042 3488 4101 ὡς
3521 4040 3613 4093 ἐπὶ
3651 4037 3752 4091 τοῦ

2163 4135 2520 4204 Βαλαὰμ,νῦν
2556 4136 2652 4205 μὲν
2684 4135 2933 4202 λέγοντος
2964 4134 3151 4199 αὑτοῦ,
3183 4136 3264 4187 ὅτι
3306 4135 3651 4203 Ἂκούσομαι
3690 4131 3748 4183 τι

2163 4226 2421 4294 λαλήσει
2450 4227 2521 4277 ἐν
2560 4226 2687 4294 ἐμοὶ
2716 4230 2747 4279 ὁ
2772 4228 2915 4291 Θεός
2933 4242 2946 4254 ’
2979 4226 3116 4295 μετά
3146 4225 3316 4278 ταῦτα
3344 4224 3433 4289 δὲ,
3460 4225 3542 4277 ὅτι
3586 4223 3747 4291 γνοὺς

2163 4319 2216 4370 δὲ
2250 4320 2278 4371 6
2308 4317 2558 4386 Βαλαὰμ,
2605 4319 2686 4369 ὅτι
2712 4318 2937 4386 ἀρεστὸν
2961 4313 3029 4387 ἦν
3054 4318 3130 4387 τῷ
3160 4316 3278 4386 Θεῷ
3310 4315 3381 4385 μὴ
3406 4314 3746 4385 καταρᾶσθαι

2164 4411 2289 4473 τοὺς
2334 4411 2701 4482 Ἰσραηλίτας,
2757 4410 2939 4462 οὐκέτι
2974 4409 3114 4461 κατά
3158 4408 3218 4461 τὸ
3265 4408 3453 4470 εἰωθὸς
3508 4407 3750 4476 ἀπῆλθεν

490 4503 548 4548 ιιι
573 4496 625 4547 in
675 4495 898 4549 historia
939 4496 1149 4548 Balaam
1187 4512 1333 4551 nunc
1364 4497 1581 4566 quidem
1622 4501 1836 4553 dicente
1887 4501 2005 4569 ipso
2046 4518 2058 4553 :

2166 4502 2244 4563 εἰς
2289 4502 2609 4570 συνάντησιν
2666 4503 2776 4562 τοῖς
2824 4503 3057 4561 οἰωνοῖς·
3105 4502 3132 4552 6
3171 4500 3277 4570 γὰρ
3353 4499 3749 4561 ἁνεπίσκεπτοςα

488 4588 720 4640 Audiam
778 4587 902 4652 quid
948 4585 1187 4656 loquetur
1242 4589 1298 4640 in
1339 4606 1419 4642 me
1462 4588 1647 4652 Deus;
1696 4592 1890 4646 deinde
1937 4609 2064 4647 vero

490 4694 629 4730 cum
653 4680 891 4732 novisset
927 4678 1143 4730 Balaam
1168 4678 1234 4743 ⁸⁸,
1286 4680 1427 4748 quod
1460 4682 1694 4750 placeret
1727 4682 1835 4736 Deo
1864 4692 1920 4736 ιιι
1957 4702 2063 4738 non

491 4770 907 4824 malediceretur
954 4771 1160 4832 Israeli,
1192 4786 1534 4841 nequaquam
1571 4775 1721 4837 abiit,
1763 4777 1903 4829 sicut
1935 4792 2067 4830 con-

492 4871 705 4915 suetum
737 4863 784 4914 ei
831 4870 969 4924 erat,
1004 4864 1054 4915 in
1102 4878 1392 4919 occursum
1444 4866 1705 4935 auspiciis
1740 4886 1751 4919 :
1786 4869 1878 4937 qui
1918 4870 2062 4922 enim

491 4952 929 5007 inconsideratus
961 4954 1144 5019 fuerit,
1178 4956 1249 5010 ibi
1273 4971 1491 5026 quoque
1522 4974 1707 5012 verum
1741 4958 1907 5013 Deum
1940 4976 2062 5015 cmn

490 5043 709 5098 Balaam
762 5046 997 5115 colloqui
1048 5048 1424 5102 arbitra-bitur.
1471 5050 1613 5103 Sane
1646 5053 1861 5121 quidem
1921 5056 2064 5122 quod

492 5134 784 5202 subjicitur
810 5147 1129 5202 argumento
1164 5145 1266 5199 est,
1308 5154 1431 5190 eum
1466 5141 1557 5207 qui
1592 5139 1809 5193 Balaam
1844 5144 2069 5210 putaba-

496 5218 604 5288 tur,
632 5226 791 5278 deum
830 5227 909 5279 sic
942 5228 1245 5295 appellasse
1271 5227 1628 5298 Scripturam,
1660 5248 1765 5284 non
1797 5249 1941 5291 etim,
1971 5235 2064 5301 qui

490 5332 619 5371 vere
652 5316 793 5371 Deus
827 5326 992 5371 esset.
1037 5316 1127 5371 Sic
1162 5319 1327 5388 igitur
1360 5321 1445 5373 hic
1476 5336 1691 5390 quoque
1733 5324 1798 5386 is,
1839 5329 1928 5392 qui
1963 5326 2065 5378 Sa-

493 5410 636 5463 muel
666 5424 790 5463 esse
818 5409 1125 5475 videbatur,
1158 5412 1321 5466 verba
1359 5414 1469 5466 veri
1526 5412 1791 5467 Samuelis
1840 5417 2067 5471 simula-

494 5501 609 5567 bat,
650 5499 776 5552 dum
814 5501 1091 5569 ingeniose
1122 5502 1333 5555 daemon
1356 5545 1368 5567 ,
1420 5520 1485 5555 ex
1522 5506 1586 5557 iis
1616 5520 1735 5572 qua:
1788 5508 2068 5575 probabile

493 5600 609 5644 erat
636 5592 915 5657 eventura,
956 5594 1296 5662 prophetiam
1327 5597 1650 5650 imitaretur.
1694 5597 1848 5663 Quod
1884 5611 2064 5655 autem

493 5681 559 5731 de
593 5679 706 5732 lilia
737 5682 1103 5751 interrogasti.
1136 5685 1331 5753 majori
1357 5687 1559 5756 indiget
1584 5690 2061 5748 consideratione:

494 5787 600 5823 non
640 5772 766 5824 item
795 5773 847 5825 in
870 5776 1147 5842 proposita
1181 5778 1495 5843 quaestione.
1530 5778 1733 5832 Etenim
1766 5783 2066 5851 quijussus

567 5885 615 5914 “
646 5882 792 5939 Psal.
824 5902 943 5945 xcv.
980 5887 1031 5942 5.
1140 5884 1183 5917 ⁸⁷
1226 5882 1244 5936 ι
1276 5886 1405 5955 Reg.
1457 5898 1644 5949 xxvm,
1684 5886 1771 5942 19.

2166 4595 2325 4647 κάκεῖ
2350 4594 2439 4646 τὸν
2470 4593 2719 4662 ἀληθινὸν
2756 4593 2886 4644 Θεὸν
2914 4593 3122 4663 νομίσει
3156 4590 3499 4659 διαλέγεσθαι
3532 4589 3613 4659 τῷ
3639 4591 3747 4643 Βα-

2166 4685 2333 4755 λαάμ.
2384 4685 2447 4736 Ἢ
2491 4684 2673 4753 μέντοι
2718 4683 2981 4753 ἐπαγωγὴ
3030 4683 3336 4747 δείκνυσιν,
3386 4684 3468 4735 ὅτι
3509 4682 3600 4734 τὸν
3643 4683 3747 4736 ὑπὸ

2165 4779 2258 4832 τοῦ
2304 4780 2531 4848 Βαλαὰμ
2571 4779 2924 4849 νομιζόμενον
2985 4777 3105 4829 θεὸν
3150 4778 3322 4839 οὕτως
3388 4776 3673 4846 ὠνόμασεν
3710 4777 3743 4846 ἡ

2166 4874 2206 4925 Γ
2214 4874 2377 4943 ραφη,
2429 4873 2547 4942 ουχὶ
2582 4873 2671 4925 τὸν
2718 4871 2884 4935 ὅντως
2929 4872 3053 4924 ὄντα
3100 4870 3251 4922 Θεόν.
3286 4869 3492 4922 Οὐκοῦν
3524 4869 3615 4921 καὶ
3658 4869 3745 4920 ὲν-

2167 4962 2339 5015 ταῦθα
2366 4964 2393 5014 ὁ
2421 4962 2576 5025 δόξας
2610 4958 2747 5013 εἶναι
2774 4959 3026 5030 Σαμουὴλ
3054 4961 3180 5022 τοὺς
3218 4959 3309 5012 τοῦ
3350 4956 3603 5026 ἀληθινοῦ
3646 4958 3749 5009 Σαο

2172 5054 2341 5125 μουὴλ
2386 5054 2714 5123 ὑπεκρίνατο
2755 5052 2977 5119 λόγους,
3011 5048 3223 5118 εὐφυῶς
3254 5048 3348 5101 τοῦ
3387 5050 3639 5118 δαίμονος
3682 5050 3746 5099 ἐκ

2166 5149 2275 5197 των
2300 5146 2521 5209 εἰκότων
2547 5145 2881 5215 μιμουμένου
2910 5142 3007 5213 τὴν
3038 5142 3395 5212 προφητείαν.
3425 5141 3499 5194 Τὸ
3525 5142 3581 5194 δὲ
3604 5143 3745 5195 κατά

2166 5236 2257 5290 τὸν
2298 5236 2486 5288 Ἠλίαν
2512 5235 2754 5297 πλείονος
2789 5235 2886 5303 μὲν
2915 5233 3107 5305 χρῄζει
3136 5234 3235 5303 τῆς
3263 5233 3523 5303 θεωρίας·
3555 5235 3613 5285 οὐ
3642 5233 3747 5302 μὴν

2169 5331 2225 5379 ὲν
2252 5327 2328 5397 τῷ
2365 5326 2679 5397 προτεθέντι
2708 5327 3001 5396 ζητήματι.
3038 5326 3147 5377 Καὶ
3168 5324 3276 5393 γὰρ
3302 5328 3365 5377 ἐκ
3389 5324 3482 5376 τοῦ
3509 5325 3745 5395 χειμάρ-

2171 5422 2265 5489 ρου
2298 5417 2442 5487 ὕδωρ
2475 5417 2648 5469 πίνειν
2693 5418 3086 5487 προσταχθεὶς,
3129 5416 3269 5468 κατὰ
3304 5416 3363 5468 τὸ
3400 5415 3620 5484 λεληθὸς
3651 5413 3753 5468 τοῦ-

2169 5510 2301 5562 Θεοῦ
2338 5508 2781 5570 συνεϐουλεύετο,
2828 5506 2966 5558 ὥστε
3007 5508 3105 5576 τὴν
3151 5506 3297 5575 παρὰ
3339 5506 3431 5557 τοῦ
3462 5508 3743 5575 προεξήτου

2170 5600 2573 5670 ὲκερωνηθεῖσαν
2635 5597 2779 5651 κατά
2839 5597 2946 5650 τῶν
3018 5595 3364 5666 Ἰσραηλιτῶν
3436 5596 3743 5664 ἀνομϐρίας

2168 5696 2460 5763 ἀπόφασιν,
2500 5691 2566 5744 δι’
2591 5689 2753 5743 αὐτοῦ
2781 5689 2942 5742 πάλιν
2971 5688 3321 5757 ἀναλυθῆναι.
3347 5681 3417 5756 ’ᾫ
3446 5687 3551 5756 γὰρ
3587 5686 3743 5755 ἐδόθη

2175 5792 2238 5842 ὲκ
2263 5789 2422 5859 μόνου
2451 5785 2544 5839 τοῦ
2572 5785 2869 5857 χειμάρρου
2902 5783 3098 5847 πίνειν,
3135 5781 3226 5835 τοῦ
3258 5781 3314 5834 δὲ
3344 5780 3486 5834 κατὰ
3512 5782 3573 5833 τὸ
3601 5780 3746 5843 εἰκὸς

1846 5888 1891 5920 ⁸⁸
1924 5887 2079 5944 Num.
2115 5905 2249 5961 ml,
2287 5894 2350 5949 17
2382 5912 2501 5959 sua.
