4066 6374
345 452 453 508 “3

1662 442 1749 496 DE
1786 442 2243 498 PYTHONISSA.

3511 448 3617 504 114

343 565 403 617 ὲν
430 564 540 622 τοῖς
591 559 818 625 αὐχμοῖς
876 554 1412 625 ἀποξηραινομένου,
1454 554 1621 624 ἄλλης
1669 555 1746 624 τῷ
1788 573 1921 626 προ-

2030 562 2109 610 est
2140 568 2336 622 aquam
2373 553 2558 608 bibere
2592 571 2656 607 ex
2691 561 2952 619 torrente,
3005 556 3232 610 latenter
3285 571 3312 609 a
3364 555 3471 610 Deo
3511 559 3611 608 atl-

344 655 490 723 φήτῃ
521 649 595 720 μὴ
626 646 1020 718 εὑρισκομένης
1060 645 1192 714 πρὸς
1217 646 1317 715 τὴν
1347 645 1505 714 δίψαν
1533 646 1884 716 παραμυθίας
1904 686 1921 710 ,

339 744 428 797 διὰ
448 742 506 794 τὸ
530 738 857 810 ἀπειρῆσθαι
891 735 1038 806 αὐτῷ
1065 736 1358 806 ἀλλαχόθεν
1407 739 1546 789 πιεῖν
1567 778 1580 800 ,
1623 739 1933 805 ἐπάναγκες

337 832 407 907 ἢν
459 834 678 903 αἰτῆσαι
725 831 814 882 τὸν
863 829 1102 899 ὄμϐρον,
1132 830 1218 882 ἵνα
1266 829 1339 899 μὴ
1381 829 1632 901 ἐπιλείπῃ
1684 831 1744 882 τὸ
1790 829 1933 898 ὕδωρ

335 928 430 980 τὸν
473 923 801 995 χείμαρρονσ
847 921 1055 988 γίνεται
1082 919 1139 972 δὲ
1195 920 1273 989 τῷ
1313 923 1568 991 προφήτῃ
1622 920 1778 989 παρὰ
1821 919 1931 972 τῶν

337 1017 591 1088 κοράκων
651 1016 685 1084 ἡ
733 1011 840 1066 τῶν
896 1011 1030 1082 πρὸς
1080 1013 1180 1082 τὴν
1235 1011 1379 1082 ζωὴν
1454 1013 1763 1080 ἀναγκαίων
1815 1011 1933 1066 δια-

338 1107 528 1170 κονία,
581 1102 886 1166 δεικνύντος
935 1101 1024 1154 διὰ
1065 1101 1270 1154 τούτων
1318 1101 1413 1154 τοῦ
1466 1101 1601 1154 Θεοῦ
1667 1101 1745 1172 τῷ
1802 1118 1933 1172 προ-

339 1201 505 1269 φήτῃ,
550 1197 630 1248 ὅτι
663 1193 844 1246 πολλοί
899 1193 1035 1244 εἰσιν
1068 1193 1116 1244 οἱ
1162 1192 1686 1263 παραμεμενηκότες
1728 1195 1794 1262 τῇ
1838 1190 1931 1244 τοῦ

339 1289 476 1344 Θεοῦ
528 1284 780 1358 ἀληθινοῦ
849 1283 1089 1355 λατρεία,
1141 1283 1262 1336 ὅθεν
1311 1274 1626 1355 ἐχορηγεῖτο
1685 1283 1774 1336 διὰ
1826 1283 1932 1336 τῶν

340 1380 592 1452 κοράκων
626 1380 660 1448 ἡ
704 1375 876 1448 τροφὴ
918 1375 996 1446 τῷ
1030 1377 1316 1447 προφήτῃ·
1348 1376 1408 1427 οὐ
1433 1377 1541 1446 γὰρ
1576 1375 1642 1428 ἂν
1687 1375 1794 1428 τῶν
1834 1392 1932 1446 με-

345 1474 660 1548 μιασμένων
707 1471 857 1541 αὐτῷ
908 1472 1148 1542 προῆγον
1177 1470 1379 1541 ἄρτων,
1425 1471 1458 1540 ἢ
1494 1469 1556 1523 τὸ
1588 1469 1932 1523 εἰδωλόθυτον

340 1566 528 1636 κρέας.
557 1563 720 1614 Ὥστε
755 1560 849 1613 καὶ
878 1559 966 1612 διὰ
1002 1557 1202 1611 τούτων
1253 1559 1547 1629 ὲναχθῆναι
1581 1559 1672 1612 τὸν
1722 1559 1928 1626 Ἠλίαν,

339 1654 660 1724 καθυφεῖναι
691 1670 744 1704 τι
765 1651 858 1704 τοῦ
893 1651 1035 1704 κατά
1063 1649 1172 1704 τῶν
1204 1650 1553 1720 ἠσεϐηκότων
1583 1651 1781 1721 θυμοῦ,
1818 1669 1922 1720 μα-

339 1749 502 1803 θόντα
527 1747 614 1800 διὰ
656 1745 764 1798 τῶν
812 1744 1132 1813 γινομένων,
1164 1743 1244 1795 ὅτι
1295 1742 1478 1796 πολλοί
1521 1744 1660 1797 εἰσιν
1688 1745 1736 1796 οἱ
1787 1741 1924 1813 πρὸς

335 1841 428 1892 ’ὡν
449 1839 581 1891 Θεὸν
608 1836 866 1906 ὁρῶντες,
910 1833 1001 1897 οὓς
1031 1834 1131 1887 οὐκ
1157 1833 1272 1886 ἔστι
1299 1833 1505 1887 δίκαιον
1533 1832 1929 1902 συγκαταδικα-

338 1927 531 1997 σθῆναι
571 1929 680 1988 τοῖς
720 1923 1007 1985 ὑπαιτίοις.
1057 1923 1150 1984 Εἰς
1172 1923 1228 1975 δὲ
1274 1921 1418 1992 πρωῒ
1451 1923 1548 1993 μὲν
1583 1925 1612 1976 ὁ
1645 1923 1840 1994 ἄρτος,
1868 1925 1926 1976 ὲν

335 2019 395 2072 δὲ
421 2020 487 2088 τῇ
516 2016 724 2086 ἑσπέρᾳ
747 2015 807 2067 τὸ
833 2016 999 2085 κρέας
1023 2012 1168 2083 αὐτῷ
1201 2015 1544 2068 διακονεῖται.
1569 2015 1726 2078 Ἴσως
1755 2014 1820 2066 δι’
1845 2017 1927 2067 αἱ·

338 2109 599 2178 νίγματος
651 2106 788 2176 πρὸς
825 2105 1080 2176 ἐνάρετον
1117 2104 1229 2174 βίον
1275 2104 1510 2174 σπουδὴν
1539 2105 1600 2158 τὸ
1643 2104 1927 2174 γινόμενον

338 2201 475 2270 ἔχει,
504 2200 586 2252 ὃτι
616 2197 721 2269 χρὴ
752 2195 1072 2267 ἀρχομένοις
1101 2194 1209 2247 τῶν
1241 2195 1607 2265 τελειοτέρων,
1637 2197 1780 2250 κατά
1828 2197 1927 2268 τὴν

337 2291 432 2343 τοῦ
459 2289 671 2343 Παύλου
698 2286 899 2357 φωνὴν,
926 2287 986 2348 ὃς
1017 2302 1177 2356 φησιν
1202 2324 1217 2348 ,
1247 2285 1328 2337 ὃτι
1380 2286 1628 2340 Τελείων
1649 2286 1715 2339 δέ
1758 2287 1930 2339 ἐστιν

339 2383 377 2451 ἠ
407 2380 618 2447 στερεὰ
653 2377 866 2447 τροφὴ,
897 2376 1018 2430 τῶν
1041 2375 1138 2430 διὰ
1167 2375 1282 2444 τὴν
1311 2376 1441 2441 ἕξιν
1470 2380 1542 2430 τὰ
1570 2376 1953 2455 αἰσθητήρια

339 2471 798 2544 γεγυμνασμένα
818 2470 1103 2539 ἐχόντων.
1135 2468 1206 2520 Τὸ
1244 2468 1300 2520 δὲ
1351 2468 1609 2539 κάλυμμα
1637 2468 1728 2522 τοῦ
1754 2471 1923 2523 Maii)-

341 2570 481 2630 σέως
498 2568 597 2620 οὐκ
624 2568 910 2636 ἀγνοήσεις
940 2565 1076 2637 πρὸς
1108 2564 1136 2616 ὃ
1165 2581 1217 2615 τι
1251 2561 1457 2632 βλέπει,
1482 2565 1546 2632 τῇ
1576 2562 1710 2632 πρὸς
1739 2563 1926 2632 Κορινι

340 2660 487 2724 θίους
529 2659 810 2730 Ἐπιστολῇ
846 2657 1058 2714 Παύλου
1095 2655 1484 2725 καθομιλήσας.
1527 2655 1667 2718 Ὅσα
1709 2653 1764 2706 δὲ
1799 2655 1926 2725 περὶ

336 2757 449 2810 τῶν
498 2754 696 2809 θυσιῶν
732 2753 1110 2825 ὲπεζήτησας,
1151 2752 1329 2814 καλῶς
1387 2752 1634 2819 ποιήσεις
1693 2749 1810 2804 ὅλον
1864 2750 1925 2802 τὸ

343 2847 626 2900 Λευῖτικὸν
675 2843 1103 2915 φιλοπονώτερον
1134 2843 1414 2908 ἐξετάσας.
1445 2840 1538 2892 καὶ
1571 2839 1708 2910 μετά
1751 2840 1923 2892 πλείου

339 2956 430 2998 νος
455 2938 552 3008 τῆς
573 2936 896 3007 προσεδρὶας
942 2933 1242 2996 καθολικῶς
1266 2932 1357 2985 τὸν
1383 2934 1440 2983 ἐν
1474 2929 1680 2993 τούτοις
1710 2930 1921 3000 θεωρή-

343 3044 461 3091 σας-
489 3029 668 3098 νόμον.
690 3028 844 3080 Οὕτω
867 3026 976 3097 γὰρ
998 3025 1562 3094 συγκατανοηθήεεται
1585 3023 1664 3093 τῷ
1689 3023 1792 3093 ὅλῳ
1826 3021 1918 3093 μέ“

345 3137 468 3190 ροςο
499 3121 584 3188 ἐφ’
611 3118 802 3172 ἑαυτοῦ
844 3118 950 3188 γὰρ
994 3117 1152 3170 τοῦτο
1186 3117 1342 3188 μόνον
1379 3117 1478 3168 οὐκ
1519 3115 1585 3168 ἂν
1618 3115 1922 3186 διευκρινη-

342 3211 462 3282 θείη
498 3211 604 3282 πρὸ
642 3212 742 3280 τῆς
782 3209 877 3263 τοῦ
910 3210 1110 3272 παντὸς
1144 3209 1396 3279 θεωρίας.
1435 3209 1520 3260 Ἐν
1552 3206 1608 3259 δὲ
1656 3208 1766 3267 τοῖς
1793 3207 1920 3277 περὶ
1950 3235 1992 3292 C

342 3302 445 3371 τῆς
473 3301 852 3371 ἀντικειμένης
879 3300 1159 3372 δυνάμεως
1183 3297 1623 3369 ἐπηπορημένοις
1653 3295 1918 3368 πρόδηλός

343 3395 490 3447 ἐστιν
519 3397 554 3464 ἡ
579 3394 749 3458 λύσις,
797 3394 878 3448 ὅτι
907 3395 1004 3462 οὐχ
1025 3390 1213 3455 ἁπλῶς
1249 3391 1509 3460 ἄγγελος,
1546 3389 1660 3442 ἀλλ’
1687 3391 1746 3441 ὲν
1779 3391 1907 3460 ἀρχο

343 3485 594 3553 αγγέλοις
617 3480 684 3554 ἦν
718 3482 1046 3552 τεταγμένος
1070 3484 1097 3534 ὁ
1136 3481 1446 3550 ἀποστάτης
1475 3479 1782 3549 γενόμενος.
1815 3479 1918 3548 Δῆ-

341 3575 432 3628 λον
452 3572 542 3629 οὖν
566 3576 648 3628 ὅτι
671 3578 736 3645 τῇ
776 3576 914 3646 ἀρχῇ
959 3571 1388 3625 συνενδείκνυται
1418 3571 1512 3623 καὶ
1542 3570 1602 3622 τὸ
1615 3565 1918 3637 ὑποχείριον

343 3665 548 3736 τάγμα,
582 3666 722 3719 ὣστε
752 3662 1002 3717 λελύσθαι
1031 3661 1130 3731 τὴν
1165 3661 1388 3730 ζήτησιν
1427 3658 1668 3731 περὶτοῦ
1701 3657 1816 3720 πῶς
1836 3652 1917 3720 εἷς

343 3752 411 3826 ἦν
432 3757 526 3809 καὶ
557 3755 693 3825 μετὰ
723 3752 957 3822 πλήθους
989 3751 1104 3804 ἐστί
1124 3767 1137 3781 ⁸
1159 3751 1258 3819 τῆς
1283 3750 1391 3820 γὰρ
1421 3748 1732 3818 ὑποχειρίου
1756 3764 1921 3816 στρα-

340 3849 462 3910 τιᾶς
495 3847 642 3917 αὐτῷ
674 3843 1106 3912 συναποστάσης,
1140 3843 1529 3910 σεσαφήνισται
1560 3839 1618 3891 τὸ
1654 3836 1921 3908 ζητούμεο

344 3953 448 3988 νον.
488 3935 561 3988 Τὸ
585 3935 641 3988 δὲ
673 3936 978 3986 τελευταῖον
1006 3931 1115 3984 τῶν
1137 3928 1573 4000 ἐπιζητηθέντων
1603 3928 1916 3996 κεφάλαιον,

343 4027 488 4096 λέγω
510 4028 572 4098 δὴ
594 4028 673 4093 τὺ,
706 4027 823 4090 πῶς
849 4024 1208 4094 παραγίνεται
1234 4023 1295 4076 τὸ
1323 4022 1545 4093 Πνεῦμα
1563 4023 1669 4093 πρὸ
1698 4021 1792 4075 τοῦ
1821 4022 1918 4092 βα-

345 4123 668 4190 πτίσματος,
718 4118 1056 4190 πλατυτέρας
1101 4115 1397 4180 ἑξετάσεώς
1429 4133 1488 4168 τε
1543 4116 1635 4170 καὶ
1687 4115 1919 4186 θεωρίας

343 4213 616 4280 δεόμενον,
668 4210 784 4280 ἰδίῳ
823 4208 1259 4281 περιγράψαντες
1291 4207 1464 4278 λόγῳ,
1496 4205 1630 4260 Θεοῦ
1656 4206 1915 4268 διδόντος,

343 4301 746 4372 ἀποστελοῦμέν
778 4319 869 4354 σου
892 4303 957 4371 τῇ
991 4299 1282 4370 τιμιότητι.

2038 644 2366 698 monebatur
2389 643 2524 706 fore,
2560 654 2616 697 ιιι
2643 662 2674 698 a
2705 648 2964 714 propheta
2992 648 3201 716 prolata
3227 658 3416 702 contra
3445 648 3618 704 Israe-

2036 735 2161 789 litas
2197 736 2466 790 sententia
2500 737 2759 790 siccitatis
2788 747 2842 791 et
2877 739 3115 806 penuriae
3159 739 3349 794 imbris
3402 743 3468 795 ab
3496 741 3616 810 ipso

2036 843 2231 882 rursus
2278 828 2704 882 reseinderetur.
2753 829 2852 882 Cui
2897 831 3040 884 enim
3075 829 3261 884 datum
3299 841 3402 893 est,
3455 843 3512 885 ut
3545 851 3615 887 ex.

2037 921 2154 975 solo
2179 929 2418 975 torrente
2443 921 2670 985 biberet,
2702 923 2792 976 illo
2813 922 3053 991 quidem,
3082 933 3142 976 ut
3162 925 3454 978 verisimile
3475 935 3612 988 erat,

2035 1011 2260 1066 aestibus
2315 1010 2614 1072 exsiccato,
2665 1027 2788 1065 cum
2831 1013 3051 1068 aliunde
3109 1013 3243 1067 nihil
3300 1023 3613 1083 suppeteret

2037 1103 2336 1172 prophetze,
2365 1117 2474 1171 quo
2498 1103 2642 1157 sitim
2667 1103 2891 1166 levaret,
2918 1104 3354 1174 quandoquidem
3384 1109 3608 1162 vetitum

2038 1194 2115 1247 illi
2149 1192 2346 1258 fuerat,
2382 1210 2450 1249 ne
2497 1194 2719 1249 aliunde
2751 1203 2936 1265 potum
2984 1204 3258 1261 sumeret,
3315 1202 3611 1256 necessitas

2039 1289 2406 1350 incumbebat,
2441 1299 2500 1341 ut
2522 1288 2757 1357 pluviam
2784 1288 3104 1356 postularet,
3139 1304 3208 1342 ne
3236 1297 3449 1345 torrens
3471 1306 3611 1360 aqua

2037 1378 2445 1434 destitueretur.
2477 1380 2644 1432 Porro
2683 1395 2712 1431 a
2745 1382 2927 1433 corvis
2959 1381 3255 1448 pruphelm,
3287 1398 3406 1450 qua:
3435 1382 3502 1436 ad
3529 1385 3611 1437 vi-

2035 1475 2182 1521 ctum
2214 1478 2370 1522 erant
2416 1469 2748 1531 necessaria,
2783 1468 3272 1522 subministrantur
3302 1512 3317 1536 ,
3380 1471 3488 1526 Deo
3515 1489 3613 1542 per

2035 1562 2152 1616 haec
2184 1564 2457 1633 propheta:
2502 1563 2834 1627 deelarante,
2882 1562 3084 1616 multos
3113 1577 3237 1616 esse
3283 1562 3376 1631 qui
3425 1563 3478 1615 in
3515 1562 3606 1616 Dei

2033 1654 2148 1708 veri
2193 1656 2341 1709 cultu
2392 1662 2824 1723 perseverarent,
2876 1670 2942 1710 ex
2992 1670 3102 1724 quo
3141 1655 3294 1708 cibus
3331 1655 3608 1723 propheta:

2035 1747 2484 1814 suppeditabatur
2516 1765 2529 1800 :
2572 1760 2748 1815 neque
2778 1745 2922 1799 enim
2953 1746 3191 1814 pollutos
3219 1745 3266 1799 ei
3297 1761 3485 1814 panes,
3509 1753 3605 1799 aut

2037 1836 2200 1892 idolis
2233 1839 2540 1893 immolatas
2567 1853 2760 1893 carnes
2790 1837 3153 1909 porrigerent.
3189 1839 3366 1907 Atque
3395 1839 3472 1892 ita
3513 1854 3609 1908 per

2032 1925 2147 1980 haec
2173 1927 2502 1982 incitabatur
2529 1927 2699 1988 Elias,
2734 1934 2794 1981 ut
2815 1927 3024 1996 aliquid
3057 1929 3124 1981 de
3154 1942 3253 1982 sua
3285 1928 3340 1980 in
3369 1943 3485 1991 eos,
3513 1929 3607 1995 qui

2031 2015 2182 2085 impii
2221 2017 2274 2069 in
2318 2015 2487 2071 Deum
2537 2015 2772 2080 fuerant,
2803 2014 2885 2068 ira
2912 2016 3234 2079 remitteret,
3266 2032 3388 2070 cum
3435 2033 3501 2071 ex
3540 2019 3608 2073 iis

2031 2122 2151 2175 quae
2176 2106 2372 2160 fiebant
2402 2107 2746 2176 intelligeret,
2779 2106 2980 2161 multos
3018 2122 3142 2161 esse
3172 2109 3265 2178 qui
3312 2108 3479 2164 Deum
3515 2125 3609 2166 co-

2030 2201 2229 2264 lerent,
2259 2215 2397 2267 quos
2423 2215 2638 2268 reqnum
2671 2216 2778 2253 non
2812 2198 2882 2253 sit
2911 2214 3033 2253 cum
3067 2200 3176 2255 reis
3211 2201 3412 2270 puniri.
3449 2200 3606 2266 Quod

2030 2306 2160 2344 vero
2189 2305 2348 2344 mane
2379 2292 2598 2358 quidem
2636 2292 2813 2360 panis,
2845 2306 3074 2361 vespere
3100 2300 3278 2346 autem
3311 2308 3508 2348 carnes
3530 2294 3606 2346 illi

2029 2383 2539 2446 subministrantur,
2588 2381 2821 2437 fortasse
2850 2397 2947 2452 per
2987 2384 3217 2454 aenigma
3267 2383 3420 2448 illud,
3462 2385 3607 2453 quod

2030 2472 2122 2536 sit,
2154 2470 2417 2536 studium,
2451 2487 2544 2524 seu
2575 2470 2906 2541 diligentiam
2958 2473 3025 2525 ad
3061 2473 3224 2526 vitam
3252 2488 3376 2525 eum
3411 2475 3608 2529 virtute

2031 2563 2438 2632 transigendam
2482 2577 2592 2633 prae
2627 2578 2686 2618 se
2718 2561 2843 2628 fert,
2889 2563 3037 2633 quod
3087 2565 3155 2618 iis
3204 2565 3295 2633 qui
3339 2566 3608 2634 incipiunt

2029 2670 2168 2724 opus
2207 2658 2278 2710 sit
2310 2655 2452 2717 cibo,
2487 2657 2578 2724 qui
2612 2663 2694 2708 est
2729 2654 3134 2724 perfectiorum,
3158 2655 3312 2724 juxta
3339 2654 3492 2710 Pauli
3522 2657 3609 2711 di-

2028 2753 2178 2798 ctum
2206 2763 2219 2798 :
2253 2743 2620 2812 Perfectorum
2660 2753 2834 2798 autem
2869 2754 2946 2798 est
2980 2745 3185 2800 solidus
3225 2746 3396 2805 cibus.
3424 2762 3608 2800 eorum

2028 2836 2118 2906 qui
2168 2852 2264 2905 pro
2315 2836 2691 2890 consuetudine
2735 2838 3052 2891 exercitatos
3099 2854 3281 2891 sensus
3327 2837 3514 2891 habent
3537 2838 3604 2889 ‘9.

2031 2926 2234 2995 Moysis
2259 2934 2437 2980 autem
2470 2926 2736 2989 velamen,
2771 2942 2880 2995 quo
2909 2934 3138 2996 spectet,
3170 2944 3278 2981 non
3311 2928 3606 2997 ignei-abis,

2028 3019 2073 3074 si
2110 3016 2405 3087 Epistolam
2433 3017 2497 3072 ad
2528 3017 2840 3073 Corinthios
2880 3018 3142 3074 lectitaris
3165 3021 3255 3072 ⁸⁸⁸.
3281 3018 3434 3084 Quod
3475 3033 3607 3072 vero

2027 3111 2220 3165 attinet
2248 3110 2314 3164 ad
2337 3125 2400 3165 ea
2429 3125 2552 3179 quae
2585 3111 2652 3164 de
2694 3110 2980 3166 sacrificiis
3016 3119 3370 3180 percontatus
3405 3126 3488 3173 es,
3520 3127 3608 3165 re-

2027 3210 2111 3256 cte
2134 3201 2346 3268 feceris,
2381 3202 2425 3254 si
2460 3200 2762 3254 Levitieum
2780 3201 3084 3259 studiosius
3105 3211 3384 3257 scrutatus
3411 3201 3604 3266 fueris,

2029 3290 2332 3360 majorique
2377 3290 2702 3345 assiduitate
2741 3293 3042 3362 generatim
3074 3307 3168 3347 eas
3199 3307 3319 3361 qua:
3351 3291 3417 3346 ad
3472 3292 3608 3346 istas

2026 3383 2298 3452 pertinent
2353 3382 2498 3452 leges
2546 3381 3000 3436 consideraveris.
3056 3382 3150 3436 Sic
3205 3383 3349 3437 enim
3399 3383 3508 3446 fiet,
3549 3392 3608 3436 ut

2030 3487 2154 3524 eum
2184 3478 2302 3524 toto
2334 3479 2544 3541 partem
2578 3471 2891 3541 intelligas;
2922 3471 3212 3540 separatim
3241 3487 3478 3540 namque
3503 3472 3608 3526 hoc

2026 3563 2203 3615 solum
2237 3576 2346 3615 non
2370 3560 2528 3616 facile
2563 3561 2727 3616 fuerit
2759 3563 3075 3618 discernere
3099 3580 3161 3618 ac
3185 3565 3459 3618 discutere
3482 3575 3609 3619 ante

2025 3653 2195 3708 totius
2226 3657 2439 3724 generis
2470 3654 2934 3724 disquisitionem.
2980 3654 3041 3710 In
3077 3655 3162 3709 his
3194 3672 3322 3710 vero
3352 3659 3608 3726 qumstio-

2022 3745 2220 3811 nibus,
2267 3762 2388 3816 qua:
2439 3747 2504 3801 ad
2553 3749 2885 3802 contrariam
2939 3747 3214 3818 pertinent.
3260 3759 3604 3818 potestatem,

2022 3835 2310 3892 manifesta
2338 3846 2421 3893 est
2451 3839 2674 3902 solutio,
2702 3854 2812 3893 non
2843 3839 3165 3909 simpliciter
3194 3845 3444 3912 angelum
3474 3842 3602 3896 fuis-

2023 3943 2101 3992 se,
2119 3928 2213 3982 sed
2233 3931 2371 3984 inter
2387 3931 2742 4001 archangelos
2765 3933 3124 3987 constitutum
3154 3933 3324 3989 fuisse
3349 3951 3494 4000 eum,
3511 3935 3605 4004 qni

2020 4019 2270 4076 desertor
2305 4031 2389 4077 est
2422 4023 2622 4079 factus.
2672 4023 2866 4095 Liquet
2912 4041 3042 4097 ergo
3077 4042 3183 4080 una
3217 4044 3340 4081 cum
3373 4028 3604 4098 imperio

2021 4115 2292 4170 subditam
2342 4116 2420 4170 illi
2474 4124 2712 4172 turmam
2761 4118 2989 4173 indicari
3045 4120 3147 4182 sic,
3203 4129 3260 4173 ut
3308 4121 3484 4174 soluta
3535 4123 3607 4175 sit

2021 4208 2250 4276 quaestio
2289 4209 2401 4274 illa,
2433 4226 2542 4280 quo
2571 4220 2732 4278 pacto
2765 4226 2906 4265 unus
2946 4211 3133 4274 fuerit,
3174 4220 3228 4265 et
3266 4227 3390 4265 cum
3461 4215 3602 4266 mul-

2023 4299 2256 4354 liwtline
2285 4302 2390 4355 sit:
2429 4318 2555 4362 cum
2587 4302 2732 4360 enim
2766 4301 2839 4368 id,
2875 4304 3019 4372 quod
3047 4304 3353 4371 subjectum
3385 4304 3458 4358 illi
3491 4313 3627 4385 ιιι-ιιι⁴

343 4413 562 4469 agmen,
593 4412 717 4451 eum
750 4412 814 4451 eo
842 4395 1120 4460 defecerit,
1145 4393 1450 4465 expositum
1483 4401 1565 4447 est
1596 4390 1743 4462 quod
1805 4392 2173 4462 quaerebatur.
2221 4393 2566 4451 Postremum
2631 4411 2764 4451 vero
2808 4403 2974 4467 caput
3044 4397 3406 4467 qumstionum
3477 4412 3628 4466 pro-_

343 4493 668 4564 positarum,
701 4489 994 4562 quomodo,
1024 4489 1271 4559 inquam,
1299 4486 1540 4557 Spiritus
1584 4491 1710 4539 ante
1792 4484 2125 4554 baptismum
2169 4488 2441 4553 adveniat,
2504 4488 2752 4558 ampliori
2778 4488 2982 4559 indiget
3004 4488 3389 4558 disquisitione
3443 4499 3605 4559 atque

345 4587 806 4651 consideratione.
833 4585 976 4658 quod
1015 4598 1141 4640 cum
1187 4582 1409 4654 proprio
1451 4581 1591 4638 libro
1638 4579 1906 4650 complexi
1947 4579 2248 4650 fuerimus,
2303 4585 2408 4640 Deo
2451 4585 2634 4651 dante,
2671 4585 2734 4639 ad
2802 4594 2960 4638 tuam
2992 4587 3351 4639 reverentiam
3421 4594 3624 4646 transs

347 4681 645 4736 mittemus.

416 4819 458 4850 ⁸³
499 4819 660 4876 Hebr.
688 4841 742 4880 ν.
781 4824 867 4879 ⁴5.
946 4828 1012 4859 ⁸³·
1052 4827 1095 4882 ll
1123 4830 1250 4886 Cor.
1284 4847 1364 4897 ιιι,
1404 4833 1488 4888 l5.
