4066 6374
430 425 540 481 “5

446 564 3441 601 mw:

1252 799 1480 885 ΤΟΥ
1560 801 1704 884 ΕΝ
1791 798 2158 884 ΑΓΙΟΙΣ

1642 416 1701 471 S.
1757 414 2083 471 GREGORll
2124 411 2417 468 NYSSENI

3600 404 3707 459 “6

3459 578 3706 590 ..ν-..ψ

2257 796 2883 883 ΓΡΗΓΟΡΙΟΥ

1729 1047 2125 1104 ΕΠΙΣΚΟΠΟΥ
2156 1047 2432 1101 ΝΥΣΣΗΣ

593 1298 986 1428 ΠΕΡΙ
1135 1292 1487 1427 ΤΟΥ
1557 1294 1816 1426 ΜΗ
1892 1293 2062 1420 EI.

2130 1286 2332 1421 iAI
2405 1291 2883 1419 ΤΡΕΙΣ
2984 1287 3554 1421 ΘΕΟΥΣ

1758 1574 1956 1626 ΠΡῸΣ
2002 1571 2380 1628 ABAA-BION.

1532 1988 1626 2074 S.
1687 1987 1792 2072 P.
1868 1985 1985 2071 Ν.
2038 1980 2622 2073 GREGORII

1748 2244 2065 2302 EPISCOPI
2105 2242 2416 2301 NYSSENI.

1075 2482 1465 2618 QUOD
1550 2478 1849 2595 NON
1995 2478 2331 2592 SINT
2421 2429 2785 2591 TBES
2868 2478 3075 2590 Dll

1809 2727 1908 2781 AD
1938 2725 2346 2783 ABLABIUM.

1274 2914 1569 2981 (Laurentio
1589 2914 1758 2967 Sifano
1790 2903 2089 2964 interprete.
2112 2939 2177 2951 —
2203 2912 2465 2972 Ed..l658,
2493 2918 2528 2964 t.
2552 2913 2641 2975 Ill,
2665 2911 2846 2974 p.15.)

438 3277 706 3346 Ostendit,
750 3288 855 3331 tres
886 3276 1152 3331 Personas
1188 3275 1395 3330 divinas
1453 3293 1554 3331 non
1598 3291 1750 3344 posse
1805 3277 1912 3329 dici
1944 3286 2051 3330 tros
2093 3277 2237 3339 deos,
2291 3276 2500 3330 sedeas
2536 3293 2701 3329 unum
2754 3276 2921 3330 Deum
2950 3294 3080 3332 esse.
3136 3278 3460 3347 Opusculum
3492 3282 3589 3336 hoc
3620 3283 3725 3337 sub

505 3375 719 3430 nomine
750 3393 765 3421 ι
814 3370 1076 3440 Ερίεεοιω
1110 3369 1180 3424 ad
1201 3370 1486 3423 Ablabnun
1522 3372 1586 3425 de
1616 3370 1674 3424 S‘.
1713 3372 1968 3426 Trinitate
2005 3373 2163 3441 rjam
2203 3374 2329 3425 olim
2363 3372 2628 3441 Gregorio.
2651 3372 2892 3443 Nysscno
2942 3374 3149 3440 tribuit,
3192 3377 3305 3429 loco
3344 3376 3464 3431 inde
3482 3379 3721 3446 prolato,

507 3479 654 3521 conc.
688 3461 944 3517 Lateran.
1000 3462 1130 3515 anni
1160 3458 1285 3527 6&9,
1312 3460 1454 3515 decr.
1486 3478 1537 3514 v.
1571 3461 1792 3528 (Μαηδὶ,
1832 3473 1870 3516 r.
1913 3463 1983 3528 Χ,
2016 3464 2119 3519 col.
2156 3463 2351 3531 1075).

507 3839 621 3899 Vos
658 3840 905 3913 quidem,
936 3842 1030 3913 qui
1051 3841 1208 3912 juxta
1243 3844 1522 3898 internum
1559 3843 1837 3899 hominem
1868 3844 2019 3905 omni
2052 3867 2062 3896 ι

2209 3841 2386 3912 ’Υμᾶς
2419 3843 2517 3914 μὲν
2545 3843 2751 3897 δίκαιόν
2778 3843 2907 3895 ἐστι·
2928 3842 3055 3904 τοὺς
3100 3842 3449 3911 ἀκμάζοντας
3483 3844 3540 3895 ὲν
3568 3845 3717 3915 πάσῃ

435 3934 638 3991 robore
659 3934 879 4007 vigetis,
916 3950 1139 4005 aequum
1188 3942 1309 3990 erat
1341 3951 1466 3991 cum
1520 3934 1854 3991 adversariis
1885 3936 2025 3991 veri-

436 4026 572 4081 tatis
602 4025 907 4090 decertare,
946 4041 1186 4097 eumque
1237 4025 1387 4081 haud
1423 4029 1691 4097 gravatim
1742 4027 2025 4091 suscipere

437 4118 709 4187 laborem,
741 4126 801 4173 ut
825 4134 928 4175 nos
958 4126 1146 4188 patres
1175 4118 1458 4189 prieclaris
1514 4119 1752 4175 lilioru‘m
1808 4121 2026 4175 sudori-

438 4211 543 4268 bus
567 4211 976 4267 oblectaremur
1005 4212 1135 4281 (hoc
1177 4211 1324 4267 enim
1360 4212 1605 4281 suggerit
1629 4211 1716 4266 lex
1748 4218 1980 4280 naturae)
2007 4229 2022 4277 ;

437 4303 536 4361 sed
564 4303 827 4374 quoniam
881 4303 1101 4359 inverso
1130 4304 1327 4359 ordine
1354 4304 1420 4358 ad
1453 4319 1556 4360 nos
1582 4304 1759 4360 mittis
1789 4304 2027 4375 inipetus

434 4394 775 4467 cuspidum,
824 4393 1030 4465 quibus
1086 4394 1389 4451 adversarii
1446 4396 1733 4450 veritatem
1790 4403 2024 4465 petunt,

438 4487 798 4559 postulasque
824 4502 857 4542 a
896 4486 1059 4543 nobis
1092 4487 1319 4544 senibus
1358 4488 1551 4559 clypeo
1586 4486 1712 4543 ﬁdei
1746 4487 2025 4558 exstingui

437 4578 711 4634 carbones
766 4580 1159 4644 desolatorios,
1190 4591 1244 4636 et
1289 4579 1512 4635 retundi
1561 4580 1665 4634 tela
1693 4595 1790 4650 per
1835 4579 2025 4634 falsam

438 4668 729 4724 scientiam
781 4680 968 4736 acuta,
1015 4672 1354 4741 suscipimus
1408 4687 1551 4727 onus
1597 4672 1928 4741 injunctum,
1964 4686 2029 4726 ac

438 4761 542 4817 tibi
586 4762 655 4817 ad
714 4778 1048 4834 propensam
1101 4763 1471 4819 obedientiam
1520 4764 1774 4835 exemplo
1810 4780 2025 4828 sumus,

439 4860 502 4910 ut
530 4855 696 4911 etiam
730 4856 849 4926 ipse
898 4855 1062 4911 nobis
1093 4855 1328 4911 invicem
1363 4870 1550 4925 parem
1581 4856 1830 4923 praebeas
1859 4856 1914 4910 in
1947 4855 2028 4912 si-

438 4945 668 5001 milibus
692 4945 869 5015 jussis
893 4946 1338 5009 retributionem,
1385 4946 1433 5001 si
1471 4947 1696 5017 quando
1723 4956 1775 5001 te
1804 4948 1869 5001 ad
1895 4947 2027 5001 talia

439 5037 744 5093 certamina
774 5036 1226 5101 excitaverimus,
1263 5052 1296 5092 0
1331 5045 1555 5093 strenue
1608 5038 1817 5092 Christi
1869 5038 2029 5094 miles

437 5129 686 5187 Ahlabie.
717 5130 814 5186 Est
844 5139 1026 5185 autem
1054 5130 1202 5185 haud
1234 5146 1400 5199 parva
1430 5131 1664 5201 quaestio
1697 5131 1831 5196 haec,
1863 5145 2027 5201 quam

2124 3931 2351 4001 δυνάμει
2378 3933 2520 3986 κατὰ
2547 3933 2638 3986 τὸν
2664 3931 2772 3986 ἔσω
2798 3932 3085 4003 ἄνθρωπον
3119 3932 3256 4002 πρὸς
3287 3932 3414 3995 τοὺς
3441 3934 3716 3997 ἐναντίους

2124 4024 2224 4093 τῆς
2270 4024 2527 4095 ἀληθείας
2558 4024 2997 4093 διαγωνίζεσθαι,
3040 4023 3133 4077 καὶ
3164 4024 3238 4094 μὴ
3275 4028 3555 4077 κατοκνεῖν
3580 4025 3718 4095 πρὸς

2127 4116 2254 4178 τοὺς
2276 4115 2492 4179 πόνους,
2519 4116 2667 4179 ὅπως
2694 4115 2759 4169 ἂν
2782 4119 2941 4186 ἡμεῖς
2970 4117 3017 4168 οἱ
3054 4116 3287 4187 πατέρες
3317 4120 3429 4180 τοῖς
3448 4119 3716 4186 γενναίοις

2129 4206 2314 4278 ἱδρῶσι
2338 4208 2448 4261 τῶν
2474 4208 2678 4261 τέκνων
2706 4208 3198 4279 ὲπευφραινώμεθα
3227 4208 3405 4278 (τοῦτο
3436 4209 3539 4280 γὰρ
3563 4212 3591 4263 ὁ
3616 4211 3718 4279 τῆς

2129 4300 2346 4371 φύσεως
2371 4300 2686 4355 ὑποτίθεται
2713 4301 2919 4372 νόμος)·
2954 4301 3141 4373 ἐπειδὴ
3173 4302 3229 4355 δὲ
3258 4303 3599 4375 ἀναστρέψας
3618 4304 3718 4375 τὴν

2130 4392 2282 4457 τάξιν
2313 4393 2397 4462 ἐφ’
2426 4394 2575 4464 ἡμᾶς
2627 4393 2869 4465 πέμπεις
2896 4394 2994 4458 τὰς
3024 4394 3328 4465 προσϐολὰς
3356 4395 3465 4449 τῶν
3492 4396 3712 4461 ἀκίδων,

2132 4480 2219 4549 αἷς
2239 4487 2286 4538 οί
2316 4487 2680 4556 ἀντικείμενοι
2701 4488 2766 4556 τῇ
2792 4486 3020 4557 ἀληθείᾳ
3050 4486 3323 4556 βάλλουσι,
3353 4489 3447 4541 καὶ
3476 4488 3717 4552 κελεύεις

2128 4578 2207 4646 τῷ
2236 4576 2414 4646 θυρεῷ
2442 4577 2539 4647 τῆς
2565 4577 2800 4638 πίστεως
2840 4578 2969 4648 παρ’
2995 4579 3026 4647 ἡ
3037 4578 3151 4648 μῶν
3177 4578 3286 4631 τῶν
3316 4579 3583 4649 γερόντων
3617 4597 3716 4633 κα-

2128 4668 2516 4722 τασϐέννυσθαι
2575 4670 2702 4731 τοὺς
2774 4670 3076 4740 ὲρημικοὺς
3138 4669 3454 4741 ἄνθρακας,
3507 4672 3600 4725 καὶ
3646 4672 3715 4724 τὰ

2130 4760 2446 4831 ἠκονημένα
2476 4759 2565 4813 διὰ
2596 4763 2693 4831 τῆς
2717 4758 3069 4831 ψευδωνύμου
3099 4762 3353 4828 γνώσεως
3384 4762 3534 4833 βέλη,
3568 4763 3715 4832 δεχό-

2135 4854 2273 4922 μεθα
2316 4852 2378 4904 τὸ
2420 4851 2732 4922 ἐπίταγμα,
2784 4852 2867 4904 σοὶ
2900 4853 3069 4916 τύπος
3098 4854 3196 4924 τῆς
3230 4856 3537 4922 εὐπειθείας
3570 4858 3713 4926 γινό-

2134 4963 2303 5014 μενοι,
2344 4945 2416 5009 ὡς
2450 4944 2516 4998 ἂν
2550 4946 2642 4999 καὶ
2675 4944 2836 5008 αὐτὸς
2869 4947 2997 5017 ἡμῖν
3023 4948 3404 5020 ἀντιπαρέχοις
3448 4950 3547 5022 τὴν
3591 4951 3713 5020 ἴσην

2131 5037 2362 5089 ἐπὶτῶν
2405 5036 2605 5107 ὁμοίων
2656 5038 3048 5108 ἐπιταγμάτων
3090 5040 3378 5103 ἀντίδοσιν,
3427 5042 3609 5095 εἵποτέ
3652 5061 3713 5095 σε
3759 5100 3764 5109 ,

2134 5126 2268 5196 πρὸς
2294 5127 2422 5189 τοὺς
2451 5125 2727 5191 τοιούτους
2758 5128 2951 5193 ἄθλους
2987 5130 3464 5202 διαναστήσαιμεν,
3507 5128 3552 5187 ὦ
3586 5152 3711 5203 γεν-
3760 5129 3764 5134 ’

438 5221 781 5294 proposuisti
829 5224 1010 5289 nobis,
1066 5239 1246 5295 neque
1296 5224 1589 5293 ejusmodi,
1641 5240 1763 5294 quae
1810 5226 1857 5279 si
1915 5204 2062 5279 noni

2132 5221 2245 5273 ναῖε
2293 5218 2387 5273 τοῦ
2417 5220 2655 5291 Χριστοῦ
2688 5223 2993 5294 στρατιῶτα
3036 5224 3301 5279 ’Λὸλάὸιε.
3361 5228 3515 5281 Ἔστι
3562 5228 3617 5281 δὲ
3649 5231 3711 5282 οὐ

438 5316 837 5372 convenienter
873 5331 936 5371 ac
966 5316 1129 5386 digne
1169 5324 1407 5372 tractata
1466 5325 1521 5371 et
1553 5318 1863 5372 examinata
1905 5316 2024 5372 l‘ue-

437 5406 534 5472 rit,
567 5424 677 5463 non
714 5424 910 5480 parum
943 5409 1259 5464 detrimenti
1282 5410 1516 5463 allatura
1552 5408 1652 5462 sit.
1673 5406 1909 5463 Necesse
1940 5415 2032 5465 est‘

437 5499 585 5554 enim
619 5515 685 5554 ex
718 5500 768 5554 vi
809 5500 1186 5564 theorematis,
1223 5500 1525 5554 secundum
1565 5515 1689 5553 eum
1720 5499 1813 5566 qui
1848 5500 2021 5568 prima

438 5585 622 5644 fronte
653 5603 713 5645 se
746 5588 907 5645 oﬂ'ert
942 5589 1315 5651 intellectum,
1350 5589 1415 5643 in-
1442 5590 1766 5643 alterutrum
1796 5604 2025 5659 prorsus

438 5678 794 5737 dissimilium
831 5680 1066 5737 duorum
1110 5681 1358 5737 incidere
1391 5696 1657 5747 errorem,
1701 5687 1757 5735 et
1799 5681 1880 5736 vel
1910 5688 2024 5737 tres

438 5772 624 5832 dicere
650 5774 786 5831 deos
816 5774 987 5845 (quod
1016 5773 1174 5830 nefas
1200 5771 1329 5841 est).
1360 5773 1442 5829 vel
1474 5772 1792 5829 testimonio
1832 5779 2023 5827 nostro

441 5880 553 5923 non
605 5867 991 5939 comprobare,
1051 5866 1196 5938 quod
1240 5865 1377 5921 Filio
1434 5865 1777 5937 Spirituique
1830 5873 2021 5920 sancto

2136 5313 2330 5383 μικρὸς
2360 5304 2515 5377 οὗτος
2539 5316 2568 5367 ὁ
2595 5313 2749 5383 λόγος
2774 5315 2833 5367 ὃν
2860 5318 3177 5387 προέτεινας
3204 5321 3356 5389 ἡμῖν,
3382 5321 3503 5374 οὐδὲ
3540 5320 3713 5375 τοιοῦ-

2131 5422 2219 5467 τος
2245 5404 2320 5467 ὡς
2344 5404 2529 5474 ὀλίγην
2556 5406 2741 5477 φέρειν
2776 5406 2998 5478 ζημίαν,
3022 5411 3067 5462 εί
3099 5411 3174 5480 μὴ
3203 5412 3301 5480 τῆς
3329 5411 3721 5483 προσηκούσης

2130 5497 2429 5564 ἐξετάσεως
2463 5497 2631 5567 τύχοι.
2681 5499 2915 5571 Ἀνάγκη
2958 5502 3065 5572 γὰρ
3097 5503 3161 5554 ἐκ
3184 5503 3280 5570 τῆς
3310 5502 3429 5573 βίας
3453 5504 3547 5557 τοῦ
3573 5504 3714 5557 Osco-

2136 5587 2201 5657 ρή
2210 5604 2400 5659 ματος,
2440 5586 2498 5641 ἓν
2525 5588 2743 5652 πάντως
2770 5590 2879 5643 τῶν
2906 5592 3361 5660 ἀπεμφαινόντων
3390 5596 3713 5666 συνενεχθῆ-

2131 5697 2219 5732 ναι
2264 5678 2406 5733 κατά
2454 5680 2547 5734 τὸν
2588 5681 2877 5752 πρόχειρον
2925 5683 3070 5745 νοῦν,
3122 5687 3215 5739 καὶ
3264 5686 3295 5756 ἦ
3335 5690 3483 5758 τρεῖς
3534 5688 3713 5756 λέγειν

2133 5771 2300 5834 Θεοὺς
2335 5772 2493 5844 (ὅπερ
2524 5773 2821 5843 ἀθέμιτον),
2852 5775 2884 5845 ἣ
2922 5776 2995 5849 μὴ
3023 5783 3464 5851 προσμαρτυρεῖν
3495 5780 3571 5849 τῷ
3600 5780 3719 5850 Υίῴ

2136 5866 2227 5919 καί
2252 5864 2327 5936 τῷ
2373 5866 2511 5937 ἁγίῳ
2538 5866 2811 5939 [Ινεύματι
2850 5869 2946 5940 τὴν
2975 5869 3202 5941 θεότητα
3225 5889 3237 5903 ·
3268 5874 3403 5945 ὅπερ
3431 5874 3621 5936 ἀσεϐές
3652 5890 3719 5925 τε
