4066 6374
323 429 428 484 H7

1477 433 1663 500 QUOD
1705 434 1843 488 NON
1885 434 2040 490 SINT
2084 438 2266 493 TRES
2305 439 2417 494 Dll.

3512 451 3615 508 “8

317 553 419 607 καὶ
447 551 671 606 ἄτοπον.
714 552 788 606 Τὸ
817 553 873 607 δὲ
906 553 1192 627 λεγόμενον
1215 557 1364 630 παρὰ
1387 557 1482 611 σοῦ
1503 559 1740 612 τοιοῦτόν
1765 560 1882 613 ἐστι

2022 562 2200 619 deitas
2252 565 2396 620 adsit
2433 586 2446 620 :
2485 568 2633 638 quod
2671 579 2725 624 ει
2770 571 3000 644 impium
3047 583 3132 628 est
3183 582 3238 630 et
3282 575 3622 634 absurdum.

315 645 559 716 Πέτρος,
583 647 676 700 καὶ
712 646 984 712 Ἰάκωϐος,
1015 651 1108 704 καὶ
1149 650 1421 724 Ἰωάννης,
1459 654 1517 705 ἐν
1549 655 1648 725 μιᾷ
1674 653 1824 718 ὅντες
1846 657 1913 726 τῇ

313 735 706 808 ἀνθρωπότητι
730 777 746 802 ,
795 742 946 809 τρεῖς
975 741 1250 813 ἄνθρωποι
1283 742 1553 812 λέγονται.
1609 746 1720 798 Καὶ
1759 746 1910 800 οὐδὲν

316 827 520 881 ὶτοπον
548 830 675 894 τοὺς
704 831 1083 902 συνημμένους
1107 835 1251 889 κατὰ
1283 835 1381 908 τὴν
1408 836 1589 905 φύσιν,
1622 841 1669 892 εἰ
1702 838 1918 903 πλείους

305 913 447 987 εἷεν,
495 921 563 976 ἐκ
587 922 683 976 τοῦ
709 923 1050 994 τῆςφόσεως
1084 928 1348 999 ὀνόματος
1382 929 1762 1000 πληθυντικῶς
1794 934 1916 1003 ἀρι-

304 1013 596 1085 θμεῖσθαι.
633 1018 695 1070 Εἰ
727 1014 986 1074 οὖνιέκεῖ·
1001 1019 1160 1074 τοῦτο
1189 1022 1467 1094 δίδωσινή
1506 1025 1780 1095 συνήθεια,
1821 1027 1916 1081 καὶ

301 1108 333 1160 ό
361 1109 745 1181 ἀπαγορεύων
767 1112 868 1165 οὐκ
890 1112 1006 1166 ἔστι
1037 1113 1132 1167 δύο
1151 1114 1332 1183 λέγειν
1361 1118 1488 1180 τοὺς
1509 1117 1622 1180 δύο,
1651 1118 1744 1175 καὶ
1768 1121 1916 1190 τρεῖς

301 1199 440 1264 τοὺς
486 1200 632 1272 ὑπὲρ
677 1201 806 1255 δύο·
851 1204 968 1270 πῶς
1017 1207 1110 1259 ἐπὶ
1152 1207 1262 1261 τῶν
1307 1209 1586 1279 μυστικῶν
1625 1210 1914 1280 δογμάτων

300 1291 406 1354 τὰς
452 1294 608 1363 τρεῖς
661 1295 992 1360 ὑποστάσεις
1041 1299 1464 1369 ὁμολογοῦντες,
1511 1301 1606 1354 καὶ
1656 1302 1914 1373 οὐδεμίαν

300 1383 392 1437 ἐπ’
419 1384 610 1438 αὐτῶν
639 1385 738 1458 τὴν
771 1388 910 1442 κατὰ
940 1389 1101 1457 φύσιν
1126 1391 1391 1464 διαφορὰν
1428 1394 1755 1464 ἐννοοῦντες,
1804 1412 1912 1465 μα-

297 1475 521 1547 χόμεθα
552 1478 757 1550 τρόπον
788 1479 913 1534 τινὰ
943 1485 1009 1554 τῇ
1047 1483 1330 1558 ὁμολογίᾳ,
1376 1486 1506 1556 μίαν
1535 1488 1633 1558 μὲν
1658 1488 1759 1559 τὴν
1791 1488 1909 1542 θεόέ

297 1582 444 1636 τητα
489 1565 592 1620 τοῦ
642 1569 860 1642 Πατρὺς
906 1573 1000 1625 καὶ
1025 1573 1120 1626 τοῦ
1151 1573 1281 1628 Υίοῦ
1309 1577 1404 1629 καὶ
1428 1577 1523 1630 τοῢ
1552 1577 1710 1646 ἁγίου
1738 1579 1912 1634 Πνεύ-

299 1675 480 1728 ματος
507 1659 782 1729 λέγοντες,
808 1667 957 1735 τρεῖς
975 1665 1031 1718 δὲ
1056 1665 1212 1731 θεοὺς
1232 1667 1414 1737 λέγειν
1437 1670 1907 1740 ἀπαγορεύοντες;

307 1749 368 1804 '0
401 1751 507 1821 μὲν
541 1747 636 1805 οὖν
661 1752 838 1821 λόγος,
871 1755 1054 1820 καθὼς
1078 1757 1348 1830 προέφην,
1385 1760 1521 1814 πολὺ
1546 1761 1604 1814 τὸ
1631 1761 1904 1832 δυσμετα-

293 1843 584 1916 χείριστον
614 1863 628 1876 ’
677 1847 841 1917 ἡμεῖς
885 1846 941 1900 δὲ
974 1851 1022 1901 εί
1074 1849 1174 1919 μέν
1202 1867 1254 1902 τι
1288 1851 1530 1904 τοιοῦτον
1556 1850 1813 1926 εὕροιμεν
1839 1854 1905 1906 δι’

292 1931 355 1991 οὗ
380 1935 444 1989 τὸ
464 1916 772 2008 ἀμφίϐολον
799 1940 900 2010 τῆς
928 1916 1166 2005 διανοίας
1195 1942 1354 2012 ήμῶν
1380 1916 1676 2014 ἐρεισθείη,
1706 1916 1904 2016 μηκέτι
1938 1916 1982 1971 Β

291 2026 436 2096 πρὸς
464 2027 537 2080 τὺ
577 2027 864 2100 διάλημμα
909 2031 984 2084 τὸ·
1017 2032 1117 2103 τῆς
1161 2032 1394 2098 ἀτοπίας
1429 2034 1775 2098 ἐπιδιστάζον
1809 2041 1903 2091 καὶ

292 2117 766 2190 κραδαινόμενον,
817 2117 877 2174 εὖ
932 2120 998 2176 ἂν
1051 2121 1204 2192 ἔχοιο
1262 2124 1310 2176 εἰ
1354 2123 1536 2177 δὲ’καὶ
1569 2126 1903 2197 ἀτονώτερος

289 2210 587 2284 ἐλεγχθείη
635 2211 730 2266 τοῦ
776 2203 1162 2285 προϐλήματος
1211 2216 1240 2267 6
1274 2215 1538 2286 ἡμέτερος
1568 2216 1760 2285 λόγος,
1802 2218 1901 2289 τὴν

291 2303 395 2374 μὲν
430 2305 740 2374 παράδοσιν
781 2307 848 2377 ἣν
897 2306 1049 2376 παρὰ
1081 2307 1190 2360 τῶν
1223 2309 1480 2378 πατέρων
1522 2308 1897 2380 διεδεξάμεθα,

289 2395 613 2468 φυλάξομεν
655 2398 736 2462 εἰς
766 2398 852 2451 ἀεὶ
881 2398 1104 2470 βεϐαίαν
1147 2417 1206 2452 τε
1249 2402 1342 2454 καὶ
1374 2401 1629 2470 ἀκίνητον
1659 2418 1674 2432 ·
1725 2402 1817 2455 τὸν
1845 2403 1910 2456 δὲ·

290 2493 600 2564 συνήγορον
625 2491 746 2561 -τῆς
796 2493 1032 2556 πίστεως
1079 2493 1237 2562 λόγον
1265 2536 1280 2560 ,
1347 2495 1498 2566 παρὰ
1545 2493 1639 2548 τοῦ
1691 2494 1898 2566 Κυρίου

289 2585 670 2656 ζητήσωμεν·
723 2585 782 2650 ὃς
833 2586 882 2638 εί
939 2586 1040 2657 μὲν
1095 2587 1346 2658 εὑρεθείη
1393 2587 1546 2658 παρά
1596 2605 1742 2651 τινος
1788 2586 1898 2640 τῶν

289 2677 530 2750 ἐχόντων
560 2679 662 2751 τὴν
687 2679 868 2751 χάριν,
911 2679 1380 2751 εὑχαριστήσομεν
1409 2679 1488 2751 τῷ
1520 2679 1772 2732 δεδωκότι
1799 2679 1898 2748 τὴν

288 2770 452 2842 χάριν
478 2786 492 2800 ·
547 2771 601 2823 εἰ
644 2769 702 2823 δὲ
741 2769 836 2841 μὴ,
883 2769 1035 2824 οὐδὲν
1067 2765 1230 2843 ἦττον
1261 2771 1358 2822 ἐπὶ
1394 2769 1504 2822 τῶν
1535 2769 1897 2842 ἐγνωσμένων

289 2865 394 2934 τὴν
429 2863 622 2918 πίστιν
650 2863 990 2935 ἀμετάθετον
1020 2864 1236 2935 ἕξομεν.

287 2959 615 3031 contigerit,
655 2959 850 3014 nihilo
876 2959 1060 3015 secius
1097 2962 1152 3013 in
1206 2959 1277 3014 iis
1321 2974 1444 3029 quae
1470 2959 1691 3015 decreta
1733 2966 1901 3030 atque

286 3070 415 3110 IIIIS

357 3152 426 3207 Τί
456 3153 665 3224 δήποτε
702 3149 884 3207 τοίνυν
928 3152 989 3206 ἐν
1020 3149 1244 3222 τῇ’καθ’
1271 3151 1419 3221 ἡμᾶς
1469 3147 1729 3220 συνηθείᾳ
1771 3147 1894 3203 καθ’

287 3246 382 3305 ἕνα
411 3249 542 3312 τοὺς
575 3248 635 3300 ἐν
675 3247 744 3318 τῇ
777 3245 938 3316 φύσει
986 3247 1054 3316 τῇ
1103 3245 1241 3314 αὐτῇ
1281 3241 1663 3312 δεικνυμένους
1690 3243 1894 3314 ἀπαρι-

288 3340 605 3411 θμήσαντες
629 3337 1007 3409 πληθυντικῶς
1032 3337 1392 3409 ὀνομάζομεν,
1419 3336 1608 3398 τόσους
1637 3335 1896 3404 λέγοντες»

285 3433 412 3498 τοὺς
433 3428 788 3504 ἀνθρώπους,
832 3431 927 3485 καὶ
974 3429 1096 3501 οὐχὶ
1129 3429 1226 3483 ἕνα
1269 3430 1395 3492 τοὺς
1443 3428 1673 3492 πάντας,
1711 3429 1803 3482 ἐπὶ
1825 3427 1896 3481 δὲ·

285 3524 388 3594 τῆς
417 3523 573 3588 Θείας
594 3521 810 3594 φύσεως
838 3521 1092 3575 ἐκϐάλλει
1119 3521 1180 3575 τὸ
1208 3521 1414 3590 πλῆθος
1442 3519 1552 3573 τῶν
1582 3519 1721 3573 θεῶν
1741 3523 1768 3574 6
1788 3519 1880 3574 τοῦ

285 3617 558 3689 δόγματος
597 3615 788 3684 λόγος,
836 3613 944 3668 καὶ
981 3612 1231 3684 ἀριθμῶν
1258 3612 1360 3676 τὰς
1392 3612 1740 3676 ὑποστάσεις,
1787 3613 1883 3665 καὶ

284 3709 385 3779 τὴν
411 3705 787 3780 πληθυντικὴν
818 3704 1095 3777 σημασίαν
1122 3705 1181 3757 οὐ
1215 3703 1645 3774 προσδεχόμενος
1674 3721 1690 3770 ;
1724 3703 1881 3756 Ἔστι

289 3799 390 3874 μὲν
421 3795 516 3853 οὖν
549 3798 693 3853 κατὰ
723 3797 783 3851 τὺ
808 3797 1120 3870 πρόχειρον,
1153 3795 1315 3849 τοῦτο
1345 3798 1460 3858 τοῖς
1488 3795 1881 3868 ἁπλουστέροις

285 3890 532 3954 εἰπόντα,
585 3887 734 3954 δόξαι
776 3905 830 3940 τι
863 3887 1077 3957 λέγειν,
1124 3887 1205 3940 ὅτι
1240 3885 1459 3959 φεύγων
1505 3889 1533 3940 6
1576 3886 1734 3954 λόγος
1781 3887 1882 3957 τῆς

294 3980 622 4052 Ἑλληνικῆς
645 3979 942 4043 πολυθεῖας
964 3978 1062 4051 τὴν
1080 3979 1396 4050 ὁμοιότητα,
1419 3977 1576 4042 θεοὺς
1601 3979 1661 4031 ἐν
1685 3978 1879 4050 πλήθει

285 4074 542 4146 ἀριθμεῖν
574 4074 954 4150 παρῃτήσατο,
985 4072 1062 4136 ὡς
1090 4071 1158 4126 ἂν
1189 4072 1264 4142 μή
1300 4088 1384 4134 τις
1411 4071 1641 4124 καὶτῶν
1671 4071 1879 4142 δογμά-

283 4184 392 4222 των
417 4167 1006 4240 νομισθείηκοινότης,
1029 4168 1079 4220 εί
1114 4167 1190 4239 μὴ
1229 4168 1549 4238 μοναδικῶς,
1581 4168 1718 4222 ἀλλὰ
1745 4170 1881 4240 πλη-

286 4260 559 4323 θυντικῶς
592 4261 686 4314 καὶ
723 4261 850 4332 παρ’
888 4259 1046 4331 ἡμῶν
1095 4259 1382 4331 ἀριθμοίτο
1423 4260 1495 4313 τὸ·
1530 4260 1704 4323 θεῖον,
1756 4263 1878 4315 καθ’

284 4353 584 4422 ὁμοιότητα
615 4352 717 4422 τῆς
753 4351 884 4423 παρ’
911 4350 1091 4404 αὐτῶν
1122 4351 1414 4421 συνηθείας
1440 4367 1454 4382 ·
1472 4351 1657 4431 ι.τοῦτο
1679 4353 1737 4406 δὲ
1766 4356 1880 4417 τοῖς

288 4445 388 4516 μὲν
415 4443 829 4516 άκεραιοτέροις
857 4442 1175 4511 λεγόμενον,
1224 4441 1356 4504 ἴσως
1398 4441 1464 4496 ἄν
1492 4460 1545 4495 τι
1583 4443 1754 4510 δόξειε
1789 4444 1877 4498 λέ-

285 4510 501 4604 γεσθαι,
531 4510 632 4588 ἐπὶ
685 4510 742 4587 δέ
782 4551 843 4603 γε
887 4510 1000 4587 τῶν
1038 4532 1216 4588 ἄλλων
1242 4534 1302 4587 τὺ
1339 4534 1528 4607 ἓτερον
1563 4536 1746 4600 αὐτοῖς
1776 4537 1877 4607 τῆς

2025 653 2199 710 Porro
2233 657 2379 727 quod
2403 658 2502 715 abs
2529 667 2582 715 te
2610 661 2837 730 dicitur,
2881 671 2992 721 tale
3017 676 3105 722 est
3151 684 3165 720 :
3193 666 3412 735 Petrus,
3441 675 3498 724 et
3520 667 3616 724 Ja-

2027 749 2203 804 cobus
2227 761 2279 805 et
2314 748 2582 819 Joannes,
2607 769 2731 810 cum
2764 758 2819 811 in
2853 774 2959 812 una
2984 760 3096 816 sint
3117 761 3359 816 humana
3385 770 3609 829 natura,

2020 845 2134 895 tres
2164 841 2418 899 homines
2472 845 2755 901 dicuntur.
2789 849 2869 904 Ac
2905 851 3056 906 nullo
3095 853 3260 908 modo
3307 855 3614 911 absurdum

2018 941 2124 998 est,
2159 943 2352 989 natura
2403 937 2752 1007 conjunctos,
2791 941 2838 996 si
2885 944 3074 1012 plures
3109 945 3242 1012 sint,
3291 961 3358 1002 ex
3388 949 3614 1004 nomine

2019 1029 2546 1099 naturae-pluraliter
2567 1035 2871 1089 numerari.
2911 1034 2969 1090 Si
3002 1036 3175 1108 igitur
3207 1039 3321 1096 illic
3349 1040 3454 1096 hoc
3479 1056 3613 1096 con-

2019 1120 2255 1174 suetudo
2281 1121 2562 1188 concedit,
2594 1140 2658 1177 ac
2714 1142 2876 1181 nemo
2911 1135 3058 1182 vetat
3089 1128 3231 1185 duos
3276 1131 3482 1197 dicere,
3514 1133 3608 1204 qui

2017 1209 2126 1264 duo
2165 1220 2318 1276 sunt,
2364 1223 2436 1268 ει·
2478 1225 2590 1270 tres
2629 1231 2726 1270 eos
2756 1219 2851 1288 qui
2889 1235 3057 1290 supra
3096 1221 3236 1278 duos
3285 1231 3458 1280 sunt:
3497 1241 3609 1295 quo

2017 1312 2184 1372 pacto
2211 1304 2267 1358 in
2318 1307 2570 1376 mysticis
2609 1308 2850 1364 decretis
2903 1318 3019 1367 tres
3075 1312 3403 1384 hypostases
3434 1319 3610 1372 conﬁ-

2017 1397 2216 1459 tentes,
2249 1401 2304 1449 et
2335 1396 2542 1449 nullam
2573 1397 2630 1451 in
2663 1397 2734 1454 iis
2759 1399 2910 1456 circa
2953 1409 3206 1484 naturam
3241 1403 3607 1462 diﬁ‘erentiam

2015 1493 2401 1553 agnoscentes,
2423 1489 2784 1546 adversamur
2808 1495 3217 1562 quodammodo
3240 1497 3601 1564 confessioni,

2015 1590 2179 1628 unam
2215 1577 2445 1646 quidem
2473 1581 2732 1636 deitatem
2772 1583 2954 1640 Patris
2985 1593 3038 1640 et
3083 1585 3207 1642 Filii
3246 1597 3302 1643 et
3364 1589 3606 1659 Spiritus

2013 1668 2190 1720 sancti
2236 1669 2508 1733 dicentes,
2544 1680 2658 1727 tres
2711 1683 2891 1730 autem
2936 1677 3070 1732 deos
3108 1678 3290 1734 dicere
3315 1684 3608 1738 velantes?

2013 1756 2182 1826 Igitur
2213 1760 2447 1827 quaestio
2473 1761 2718 1830 quidem,
2749 1766 3213 1833 quemadmodum
3256 1769 3423 1824 modo
3452 1771 3605 1827 dice-

2012 1849 2158 1914 bam,
2210 1859 2452 1904 tractatu
2514 1854 2747 1907 multum
2803 1855 3041 1910 difﬁcilis
3107 1866 3247 1912 est:
3311 1860 3602 1916 nobiscum

2012 1956 2164 2003 vero,
2199 1943 2246 1996 si
2305 1944 2528 2013 quidem
2568 1945 2778 2016 aliquid
2835 1949 2943 2002 tale
2993 1951 3273 2018 possimus
3332 1953 3601 2019 invenire,

2011 2049 2109 2103 per
2137 2034 2286 2105 quod
2315 2036 2514 2092 mentis
2557 2047 2762 2094 nostra:
2807 2041 3140 2112 ambiguitas
3183 2037 3516 2111 ﬁrmaretur,
3549 2056 3604 2100 et

2012 2141 2122 2181 non
2156 2128 2390 2198 amplius
2418 2128 2487 2183 ad
2516 2130 2819 2185 absurdum
2846 2132 3104 2188 dilemma
3128 2135 3293 2189 dubia
3319 2136 3603 2193 vacillarct

2009 2226 2174 2290 atque
2194 2222 2477 2291 penderet,
2493 2224 2759 2292 praeclare
2780 2236 3036 2297 ageretur
3057 2246 3069 2279 :
3091 2229 3176 2282 sin
3200 2237 3383 2284 autem
3411 2241 3600 2286 nostra

2009 2312 2186 2366 oratio
2211 2315 2494 2384 proposita
2522 2316 2828 2387 quaestione
2858 2319 3132 2374 inﬁrmior
3163 2331 3452 2394 arguatur,
3486 2333 3601 2379 tra-

2009 2405 2272 2462 ditionem
2297 2407 2546 2476 quidem,
2568 2425 2732 2479 quam
2755 2426 2784 2464 a
2803 2413 3054 2481 patribus
3077 2431 3173 2484 per
3189 2418 3598 2473 successionem

2009 2499 2349 2568 accepimus,
2389 2501 2736 2557 servabimus
2799 2504 2856 2558 in
2891 2515 3218 2576 perpetuum
3287 2507 3498 2563 ﬁrmam
3544 2518 3600 2566 et

2008 2589 2288 2644 immotam
2317 2609 2331 2645 :
2368 2593 2676 2648 orationem
2702 2610 2856 2660 vero,
2891 2613 3014 2668 qua:
3045 2599 3168 2654 ﬁdei
3200 2602 3596 2670 patrocinetur,

2006 2695 2034 2732 a
2067 2679 2302 2736 Domino
2360 2685 2710 2754 requiremus
2751 2706 2764 2742 :
2798 2705 2922 2758 qua:
2969 2690 3015 2744 si
3061 2691 3132 2746 ab
3162 2694 3350 2763 aliquo
3379 2709 3594 2760 eorum,

2003 2773 2095 2841 qui
2131 2777 2304 2844 gratia
2328 2778 2538 2846 praediti
2577 2787 2726 2845 sunt,
2760 2780 2983 2837 inventa
3013 2783 3198 2847 fuerit,
3232 2787 3596 2862 gratiasage-

2003 2880 2126 2920 lllllS
2153 2868 2226 2931 ei,
2257 2870 2353 2938 qui
2393 2871 2627 2940 gratiam
2672 2871 2885 2928 dederit
2920 2893 2934 2928 :
2987 2875 3071 2930 sin
3115 2877 3298 2934 minus
3348 2879 3402 2932 id
3437 2879 3597 2936 nobis

1971 2967 2178 3016 statuta
2255 2974 2410 3034 sunt,
2469 2966 2630 3022 ﬁdem
2675 2969 2928 3025 stabilem
2961 2979 3014 3025 et
3063 2971 3278 3028 ﬁrmam
3329 2974 3596 3031 retinebi-

2075 3145 2187 3201 Cur
2222 3147 2392 3217 igitur
2436 3150 2655 3205 tandem
2714 3151 2771 3206 in
2810 3162 3000 3210 nostra
3034 3157 3436 3215 consuetudine
3469 3175 3594 3216 cum

2004 3241 2284 3312 sigillatim
2316 3243 2794 3301 numeraverimus
2833 3261 2949 3310 eos,
2997 3249 3094 3318 qui
3155 3251 3209 3304 in
3256 3267 3364 3306 una
3396 3260 3594 3308 natura

1999 3333 2477 3397 demonstrantur,
2521 3334 2723 3403 plurali
2754 3338 2980 3393 nomine
3029 3341 3256 3406 utimur,
3288 3351 3372 3398 tot
3413 3343 3595 3399 homi-

1995 3440 2120 3487 nes,
2158 3431 2214 3479 et
2252 3438 2358 3477 non
2388 3440 2560 3478 unum
2612 3442 2807 3483 omnes
2851 3445 2976 3485 esse
3016 3431 3285 3498 dicentes,
3323 3434 3376 3489 in
3407 3435 3594 3491 divina

1996 3531 2130 3570 vero
2181 3523 2378 3569 natura
2436 3517 2580 3570 ratio
2634 3518 2840 3573 decreti
2894 3519 3126 3576 deorum
3185 3524 3592 3582 multitudinem

1987 3606 2234 3676 expellit,
2257 3615 2313 3661 et
2344 3607 2673 3678 hypostases
2694 3626 3019 3677 numerans,
3047 3620 3103 3667 et
3121 3614 3390 3684 pluralem
3421 3616 3595 3688 signi-

1987 3699 2299 3753 ﬁcationem
2361 3714 2473 3754 non
2507 3700 2937 3757 admittensH‘h
2999 3705 3224 3776 quidem
3266 3705 3472 3776 aliquid
3507 3707 3592 3762 di-

1984 3807 2110 3846 cere
2152 3791 2429 3853 videatur,
2464 3793 2511 3848 si
2566 3794 2690 3864 quis
2732 3795 3173 3865 simplicioribus
3233 3799 3288 3853 id
3346 3800 3496 3870 quod
3534 3801 3589 3854 in

1981 3885 2243 3948 promptu
2272 3886 2377 3944 est,
2399 3878 2568 3945 dicat,
2609 3883 2757 3952 quod
2799 3883 2944 3939 ratio
2991 3885 3202 3942 decreti
3236 3887 3466 3944 deorum
3494 3892 3588 3961 qui

1983 3984 2016 4025 a
2045 3969 2253 4027 Graecis
2305 3972 2690 4039 celebrantur,
2725 3977 3102 4037 multitudinis
3161 3981 3583 4040 similitudinem

1983 4063 2189 4127 vitans,
2247 4063 2380 4121 deos
2437 4067 2625 4136 plures
2678 4085 2970 4128 numerare
3031 4075 3291 4140 noluerit,
3347 4093 3417 4133 ne
3470 4094 3581 4150 qua

1983 4156 2334 4212 decretorum
2369 4175 2589 4231 quoque
2621 4163 2970 4220 existimetur
2993 4183 3116 4224 esse
3161 4172 3500 4238 communio,
3535 4174 3582 4228 si

1983 4263 2094 4301 non
2124 4248 2498 4317 singulariter,
2531 4254 2627 4308 sed
2663 4256 2951 4326 pluraliter
2999 4261 3164 4316 etiam
3201 4277 3232 4316 a
3286 4264 3448 4322 nobis
3478 4281 3583 4321 nu-

1983 4355 2106 4395 men
2159 4354 2549 4400 numeraretur
2576 4347 2645 4401 ad
2680 4349 3106 4407 similitudinem
3160 4358 3582 4416 consuetudinis

1981 4428 2127 4499 apud
2157 4431 2284 4488 illos
2324 4433 2868 4509 obtinentis;--atque
2920 4441 3049 4508 hoc,
3094 4444 3366 4516 siquidem
3434 4449 3579 4506 inte-

1981 4522 2261 4592 grior-ibus
2305 4541 2370 4580 ac
2402 4528 2810 4589 sincerioribus
2836 4535 3073 4602 dicatur,
3110 4538 3344 4596 forsitan
3371 4543 3578 4614 aliquid

287 4627 611 4696 προτάσεως
650 4625 842 4695 στῆναι
895 4623 1224 4695 ζητούντων,
1273 4624 1306 4695 ἢ
1342 4625 1419 4697 μὴ
1463 4626 1746 4697 ὁμολογεῖν
1785 4628 1879 4681 ἐπὶ

1997 4616 2096 4672 1ἱεί
2141 4619 2414 4684 videatur,
2452 4623 2598 4693 apud
2651 4626 2789 4681 alios
2840 4637 3044 4696 autem,
3099 4633 3193 4702 qui
3243 4635 3476 4691 alterum
3509 4655 3578 4694 ex

285 4716 393 4769 τῶν
422 4715 592 4787 τριῶν
629 4717 728 4787 τὴν
759 4714 1010 4786 θεότητα,
1058 4713 1092 4786 ἢ
1134 4718 1283 4786 τρεῖς
1328 4716 1548 4782 πάντως
1592 4718 1880 4790 ὀνομάζειν

285 4804 410 4867 τοὺς
449 4803 549 4873 τῆς
587 4803 758 4874 αὐτῆς
788 4803 1180 4868 κοινωνοῦντας
1202 4803 1476 4877 θεότητος,
1511 4805 1666 4861 οὔπω
1699 4809 1878 4863 τοιοῦ-

285 4895 377 4948 τόν
401 4895 518 4948 ἐστι
541 4895 602 4948 τὸ
629 4895 936 4968 εἰρημένον,
963 4889 1074 4949 οἷον
1101 4897 1401 4968 ἐμποιῆσαί
1430 4916 1552 4953 τινα
1584 4900 1738 4954 λύσειν
1776 4903 1872 4956 τοῦ

289 4985 622 5058 ζητήματος.

360 5257 566 5313 Οὐκοῦν
602 5259 914 5327 ἐπάναγκες
960 5258 1048 5314 διὰ
1096 5261 1359 5315 πλειόνων
1417 5263 1748 5333 ποιήσασθαι
1777 5264 1876 5337 τὴν

292 5351 602 5424 ἀπόκρισιν,
625 5353 773 5416 ὅπως
788 5351 857 5407 ἂν
878 5347 991 5405 οἷόν
1005 5370 1064 5405 τε
1089 5349 1148 5426 ᾖ,
1172 5353 1232 5407 τὸ
1254 5354 1452 5425 ἀληθὲς
1471 5355 1874 5427 ἁνιχνεύοντας.

291 5445 363 5496 Οὐ
394 5444 501 5514 γὰρ
531 5446 660 5516 περὶ
691 5445 801 5499 τῶν
843 5445 1115 5516 τυχόντων
1161 5447 1190 5500 6
1237 5446 1412 5515 λόγος.
1461 5449 1647 5519 Φαμὲν
1696 5451 1875 5504 τοίνυν

294 5535 504 5604 πρῶτον
535 5536 876 5608 κατάχρησίν
899 5554 1022 5590 τινα
1056 5535 1344 5607 συνηθείας
1375 5533 1511 5592 εἶναι
1547 5538 1607 5592 τὸ
1635 5541 1764 5604 τοὺς
1799 5542 1873 5610 μὴ

294 5626 648 5699 διῃρημένους
671 5631 738 5700 τῇ
761 5627 920 5698 φύσει
947 5631 1072 5681 κατ’
1100 5628 1234 5683 αὐτὸ·
1252 5629 1314 5682 τὸ
1342 5630 1440 5700 τῆς
1460 5630 1674 5698 φύσεως
1703 5632 1876 5702 ὄνομα

297 5716 664 5787 πληθυντικῶς
699 5718 988 5790 ὀνομάζειν
1019 5721 1112 5773 καὶ
1154 5719 1354 5789 λέγειν,
1409 5722 1490 5775 ὅτι
1541 5722 1736 5776 Πολλοὶ
1780 5723 1874 5778 ἇν-

297 5805 532 5875 θρωποι·
583 5804 736 5884 ᾧπερ
782 5811 966 5881 ὅμοιόν
1010 5814 1126 5866 ἐστι
1174 5813 1237 5867 τὸ
1287 5812 1498 5882 λέγειν,
1551 5815 1633 5868 ὅτι
1681 5815 1873 5870 πολλαὶ

298 5896 478 5967 (ἑ-ᾶσεις
503 5903 856 5976 ἀνθρώπιναι.
885 5903 995 5960 Καὶ
1028 5905 1110 5959 ὅτι
1151 5904 1321 5960 ταῦτα
1345 5906 1517 5971 οὕτως
1544 5907 1676 5978 ἔχει,
1716 5907 1874 5980 δῆλον

1983 4711 2366 4780 propositione
2399 4713 2506 4769 sibi
2567 4716 2785 4772 ﬁrmum
2839 4736 2906 4775 ac
2939 4723 3140 4780 stabile
3174 4742 3400 4784 manere
3427 4731 3576 4788 desi-

1983 4799 2206 4867 derant;
2240 4812 2466 4860 autnon
2514 4807 2767 4864 conﬁteri
2803 4811 3060 4868 videlicet
3091 4816 3349 4874 deitatem
3386 4822 3442 4877 in
3476 4824 3576 4878 tri-

1988 4892 2115 4960 bus,
2143 4905 2386 4952 aut'tres
2435 4915 2665 4967 prorsus
2704 4905 2994 4963 nominare
3045 4925 3162 4973 eos,
3200 4913 3293 4982 qui
3327 4914 3574 4984 ejusdem

1984 4986 2284 5056 participes
2331 4997 2386 5043 et
2438 4991 2575 5044 socii
2610 4994 2723 5046 sint
2753 4994 2994 5061 deitalis,
3050 5002 3295 5057 nomium
3346 5007 3456 5061 tale
3490 5017 3575 5064 est

1983 5079 2060 5139 id,
2093 5079 2241 5148 quod
2273 5080 2544 5149 diximus,
2570 5093 2628 5139 ut
2663 5101 2927 5156 generare
2985 5100 3038 5146 et
3084 5093 3345 5152 inducere
3400 5103 3575 5168 possit

1980 5172 2222 5244 aliquam
2255 5176 2582 5242 qtrazstionis
2612 5180 2966 5236 solutionem.

2051 5267 2326 5334 Quocirca
2359 5284 2588 5326 necesse
2619 5283 2705 5328 est
2748 5275 3000 5343 pluribus
3048 5285 3406 5351 respondere,
3435 5303 3573 5357 quo-

1979 5359 2368 5431 modocunque
2401 5364 2704 5432 poterimus
2728 5368 3114 5438 investigando
3145 5375 3220 5428 rei
3259 5380 3568 5437 veritatem.

1977 5450 2094 5506 Non
2132 5455 2277 5508 enim
2313 5453 2382 5509 de
2416 5457 2583 5512 rebus
2629 5459 2840 5516 frivolis
2877 5477 2943 5516 ac
2990 5467 3309 5536 vulgaribus
3338 5477 3571 5542 quazstio

1986 5557 2091 5600 est.
2121 5544 2363 5602 Dicimus
2395 5548 2560 5619 igitur
2585 5553 2824 5622 primum
2854 5557 3087 5612 abusum
3121 5565 3412 5631 quemdam
3445 5585 3570 5628 esse

1977 5641 2418 5708 consuetudinis,
2441 5651 2607 5700 uteos
2635 5648 2728 5717 qui
2747 5659 2943 5706 natura
2965 5669 3074 5708 non
3106 5654 3267 5711 divisi
3300 5667 3452 5726 sunt,
3470 5678 3569 5733 per

1978 5730 2159 5802 ipsum
2209 5742 2426 5791 natura:
2484 5753 2687 5795 nomen
2742 5742 3032 5813 pluraliter
3097 5730 3568 5812 nominemus-ac

1976 5824 2248 5893 dicamus,
2300 5827 2456 5884 Multi
2517 5807 2820 5890 hominesf':
2858 5839 2947 5894 cui
2989 5839 3172 5898 simile
3209 5852 3312 5909 est,
3349 5846 3396 5901 si
3440 5849 3567 5917 quis

1975 5915 2142 5985 dicat,
2177 5919 2385 6005 multa:
2435 5931 2646 5981 natura:
2697 5925 2972 5986 humanae.
3027 5929 3183 5999 Quod
3223 5945 3406 5993 autem
3450 5915 3568 5996 llaec
