4066 6374
336 403 440 468 M9

1567 403 1642 458 ε.
1688 401 2015 473 caecouu
2070 403 2364 479 missam

3509 403 3613 459 4'20

338 526 414 580 ita
451 523 789 588 seltalieant,
815 524 946 583 hinc
989 525 1148 582 nobis
1177 527 1396 597 planum
1429 526 1540 580 ﬁeri
1571 529 1760 596 possit.
1787 526 1921 593 Cum

2030 527 2095 582 ἂν
2122 530 2252 599 ἡμῖν
2278 527 2524 582 ἐντεῦθεν
2553 528 2781 598 γένοιτο.
2817 525 3293 600 Προσκαλούμενοι
3323 525 3431 595 γάρ
3466 541 3609 587 τινα,
3644 511 3646 514 ’

336 620 482 667 enim
516 616 854 685 appellamus
881 614 1142 686 aliquem,
1175 632 1282 670 non
1310 633 1378 672 ex
1409 625 1608 670 natura
1632 633 1759 678 eum
1819 632 1921 671 no-

340 707 638 771 minamus,
687 722 756 763 ne
815 706 956 764 forte
1009 724 1256 763 errorem
1307 708 1627 764 communio
1684 709 1925 766 nominis

339 796 583 858 inducat,
620 814 953 870 unoquoque
981 800 1076 870 qui
1113 800 1300 856 audiat
1322 802 1562 872 seipsum
1591 801 1928 872 appellatum,

337 905 460 944 esse
510 892 887 958 existimante,
931 894 1074 964 quod
1108 909 1217 948 non
1251 895 1471 963 propria
1535 894 1922 962 appellatione,

337 985 433 1041 sed
461 1001 527 1040 ex
581 988 860 1042 communi
915 987 1135 1042 nomine
1187 997 1398 1050 natura:
1441 989 1657 1041 voeatio
1683 986 1796 1050 ﬁat,
1829 985 1924 1040 sed

337 1077 616 1147 propriam
646 1079 696 1133 ei
714 1078 1018 1147 impositam
1046 1078 1505 1150 (signiﬁcatricem
1529 1078 1651 1136 dico
1669 1076 1925 1146 subjecti)

339 1182 528 1226 vacem
558 1170 923 1241 proferentes,
946 1172 1019 1232 ita
1065 1187 1188 1224 cum
1219 1187 1247 1222 a
1283 1171 1445 1240 vulgo,
1473 1185 1538 1225 ac
1573 1172 1925 1225 multitudine

337 1276 683 1332 separamus.
720 1261 788 1317 Ut
847 1262 1002 1318 multi
1046 1262 1266 1332 quidem
1322 1263 1432 1318 sint
1463 1263 1710 1318 eamdem
1743 1264 1924 1317 sortiti

337 1364 619 1415 naturam.
665 1356 818 1410 verbi
880 1356 1075 1426 gratia,
1105 1354 1384 1424 discipuli,
1433 1356 1514 1418 vel
1547 1357 1802 1424 apostoli,
1841 1358 1924 1409 vel

336 1458 631 1519 martyres,
668 1466 809 1504 unus
851 1465 978 1504 vero
1035 1450 1087 1503 in
1113 1449 1373 1503 oumibus
1436 1450 1507 1503 sit
1557 1449 1744 1502 homo.
1777 1447 1922 1513 Quo-

335 1539 504 1608 niam,
538 1548 597 1593 ut
637 1540 844 1594 dictmn
885 1549 988 1599 est.
1017 1557 1124 1594 non
1162 1540 1459 1609 singularis
1492 1538 1797 1607 (alicujus),
1829 1556 1854 1590 s
1877 1540 1922 1587 -ιΙ

334 1632 749 1688 communitatis
769 1642 980 1688 naturae
1014 1642 1100 1688 est
1127 1634 1310 1686 homo.
1348 1632 1524 1687 Homo
1556 1634 1704 1687 enim
1729 1642 1814 1688 est
1841 1634 1924 1686 vel

332 1723 538 1788 Lucas,
563 1726 648 1779 vel
686 1727 999 1796 Stephanus
1052 1742 1210 1781 :non
1269 1735 1450 1782 tamen
1504 1728 1550 1782 si
1587 1727 1713 1797 quis
1764 1727 1926 1781 homo

332 1823 452 1876 est,
518 1831 749 1886 prorsus
819 1819 984 1872 etiam
1048 1815 1226 1870 Lucas
1292 1816 1376 1870 vel
1433 1814 1749 1886 Stephanus
1817 1823 1923 1870 est.

335 1906 442 1962 Sed
511 1908 876 1978 hypustaseon
939 1910 1158 1978 quidem
1222 1910 1363 1978 ratio
1445 1925 1541 1978 per
1604 1925 1738 1974 eas,
1805 1926 1927 1979 quae

333 2003 390 2054 iu
425 2017 756 2072 unoquoque
785 2003 1236 2067 considerantur,
1275 2003 1664 2072 proprietates,
1711 2003 1926 2072 disper-

332 2094 586 2150 titionem
628 2095 892 2160 admittit,
925 2105 981 2151 et
1024 2095 1182 2165 juxta
1227 2095 1686 2166 compositionem
1714 2095 1769 2149 in
1817 2111 1928 2161 nu-

334 2199 489 2238 mero
529 2186 936 2240 consideratur.
986 2184 1194 2247 Natura
1225 2201 1356 2240 vero
1393 2201 1501 2240 una
1532 2196 1635 2249 est,
1670 2185 1789 2256 ipsa
1840 2201 1929 2241 se-

334 2292 462 2330 cum
503 2277 678 2336 unita.
714 2277 1044 2347 penitusque
1077 2293 1141 2331 ac
1175 2293 1402 2349 prorsus
1432 2278 1620 2341 unitas
1645 2277 1926 2332 individua

333 2374 587 2436 est,qu;e
643 2383 824 2438 neque
874 2367 1182 2436 adiectione
1238 2377 1470 2438 augetur
1502 2384 1681 2438 neque
1711 2369 1927 2422 subtra-

335 2459 519 2515 ctioue
575 2460 921 2525 diminuitur,
988 2463 1084 2515 sed
1133 2461 1280 2530 quod
1329 2469 1436 2525 est,
1497 2477 1667 2514 unum
1717 2477 1818 2515 ens
1873 2469 1927 2515 et

336 2565 508 2604 untnn
539 2565 894 2620 permanens,
941 2550 1158 2606 etiamsi
1212 2550 1265 2604 in
1306 2549 1658 2614 multitudine
1689 2566 1811 2605 esse
1850 2553 1928 2604 ri-

335 2643 550 2706 deatur,
590 2643 855 2698 sectionis
903 2658 1125 2711 expers,
1161 2643 1448 2703 continua,
1513 2642 1726 2712 integra
1763 2652 1927 2709 atque

335 2733 576 2804 perfecta
605 2745 711 2796 est,
745 2750 868 2805 quae
911 2751 1020 2789 non
1081 2750 1189 2788 una
1245 2749 1369 2788 cum
1409 2735 1784 2804 singularibus
1831 2735 1924 2803 qui

333 2828 454 2896 ejus
479 2828 778 2898 participes
829 2834 961 2882 sunt
1012 2826 1298 2882 dividitur.
1327 2826 1406 2880 Ac
1454 2826 1922 2894 quemadmodum

333 2919 510 2991 plebs,
548 2920 804 2989 populus,
830 2918 1127 2979 exercitus.
1164 2919 1381 2983 concio,
1415 2917 1772 2988 singulariter
1807 2936 1925 2971 om-

333 3010 423 3064 :tia
451 3010 738 3074 dicuntur,
777 3009 1211 3079 unumquodque
1242 3019 1424 3063 autem
1456 3009 1654 3069 horum
1688 3010 1740 3061 in
1784 3011 1926 3062 mul—

333 3102 568 3157 titudine
598 3118 724 3157 esse
752 3102 1080 3172 intelligitur
1112 3121 1124 3156 :
1166 3101 1358 3155 eodem
1415 3101 1578 3154 modo
1621 3101 1924 3155 secundum

2027 622 2128 678 οὐκ
2157 623 2222 674 ἐκ
2245 623 2343 692 τῆς
2363 619 2576 690 φύσεως
2607 621 2769 675 αὐτὸν
2796 619 3155 692 ὀνομάζομεν,
3192 619 3269 681 ὡς
3297 618 3362 671 ἂν
3397 617 3469 688 μή
3489 632 3612 668 τινα

2031 712 2239 782 πλάνην
2271 714 2302 782 ἡ
2338 714 2585 784 κοινότης
2624 713 2718 766 τοῦ
2751 713 3014 784 ὀνόματος
3059 711 3444 782 ὲμποιὴσειεν,
3484 708 3614 762 ἐκάη

2032 822 2156 859 στου
2185 805 2293 859 τῶν
2334 807 2640 860 ἀκουόντων
2683 806 2872 859 ἑαυτὸν
2911 801 3050 858 εἶναι
3081 805 3173 857 τὸν
3201 801 3614 875 προσκληθέντα

2030 897 2362 966 νομίζοντος,
2389 900 2470 952 ὅτι
2507 897 2581 967 μὴ
2607 899 2672 968 τῇ
2707 895 2983 969 ἰδιαζούσῃ
3010 894 3373 970 προσηγορίᾳ,
3401 892 3513 944 ἀλλ’
3549 892 3614 942 ἐκ

2029 989 2121 1041 τοῦ
2153 990 2333 1043 κοινοῦ
2379 993 2478 1060 τῆς
2527 989 2741 1058 φύσεως
2780 990 3044 1058 ὀνόματος
3086 989 3118 1058 ἡ
3162 986 3353 1056 κλῆσις
3385 983 3610 1061 γίνεται,

2029 1077 2166 1139 ἁλλὰ
2192 1079 2291 1152 τὴν
2323 1079 2458 1132 ἰδίαν
2508 1079 2866 1150 ἐπικειμένην
2909 1076 3058 1148 αὑτῷ
3115 1077 3247 1147 (τὴν
3275 1072 3614 1145 σημαντικὴν

2028 1169 2175 1238 λέγω
2205 1169 2298 1223 τοῦ
2329 1171 2714 1242 ὑποκειμένου)
2750 1168 2932 1240 φωνὴν
2966 1169 3231 1230 εἰπόντες,
3259 1165 3429 1228 οὕτως
3454 1162 3614 1216 αὐτὸν

2028 1262 2136 1314 τῶν
2177 1261 2388 1314 πολλῶν
2435 1261 2822 1333 ἁποκρίνομεν.
2857 1263 3020 1314 Ὥστε
3055 1259 3283 1318 πολλοὺς
3336 1259 3432 1327 μὲν
3473 1252 3613 1307 εἶναι

2029 1354 2154 1417 τοὺς
2189 1357 2593 1425 μετεσχηκότας
2629 1355 2728 1425 τῆς
2770 1354 3004 1423 φύσεως,
3053 1353 3184 1424 φέρε
3230 1353 3403 1404 εἰπεῖν
3437 1347 3616 1418 μαθη-

2030 1445 2147 1511 τὰς,
2183 1448 2216 1516 ἧ
2249 1446 2603 1509 ἀποστόλους.
2645 1445 2678 1517 ἦ
2713 1446 3020 1517 μάρτυρας,
3058 1446 3156 1498 ἕνα
3183 1443 3240 1495 δὲ
3274 1443 3329 1494 ἐν
3359 1442 3490 1494 πᾶσι
3523 1437 3614 1489 τὸν

2029 1541 2331 1612 ἄνθρωπον..
2398 1539 2692 1610 Ἐπείπερ,
2741 1538 2924 1595 καθὼς
2950 1538 3187 1609 εἴρηται,
3219 1533 3340 1605 οὐχὶ
3367 1532 3460 1586 τοῦ
3494 1531 3618 1586 καθ’-

2029 1634 2258 1690 ἓκαστον
2287 1675 2300 1696 ,
2355 1633 2490 1687 ἀλλὰ
2539 1631 2632 1685 τοῦ
2663 1631 2844 1685 κοινοῦ
2889 1630 2991 1700 τῆς
3037 1627 3251 1700 φύσεώς
3280 1628 3426 1678 ἐστιν
3459 1625 3485 1675 ὁ
3519 1623 3612 1676 ἄν·

2031 1724 2266 1796 θρωπος.
2301 1724 2620 1794 Ἀνθρωπος
2659 1723 2766 1794 γὰρ
2813 1724 2841 1774 ὁ
2872 1723 3119 1783 Λουκᾶς,
3177 1719 3211 1790 ἢ
3241 1721 3269 1771 ὁ
3304 1717 3573 1784 Στέφανος
3596 1730 3617 1771 ⁸,

2030 1817 2088 1869 οὐ
2127 1815 2232 1887 μὴν
2263 1815 2421 1879 εἴτις
2449 1815 2756 1888 ἅνθρωπος,
2787 1815 3004 1877 πάντως
3047 1813 3140 1865 καὶ
3166 1812 3378 1870 Λουκᾶς
3408 1810 3554 1858 ἐστιν
3581 1805 3614 1875 ἢ

1962 1893 2002 1948 Β
2031 1909 2319 1975 Στέφανος.
2378 1906 2514 1960 Ἀλλ’
2561 1909 2589 1959 ὁ
2645 1908 2741 1976 μὲν
2774 1905 2881 1959 τῶν
2913 1902 3264 1957 ὑποστάσεων
3318 1898 3473 1964 λόγος
3528 1894 3616 1946 διὰ

2027 2003 2125 2064 τὰς
2149 2001 2414 2072 ὲνθεῳρου
2425 2000 2590 2072 μένας
2616 1998 2883 2070 ἰδιότητας
2910 1996 3125 2065 ἑκάστῳ
3144 1993 3233 2045 τὸν
3258 1989 3618 2060 διαμερισμὸν

2029 2093 2356 2162 ἐπιδέχεται,
2389 2092 2482 2159 καὶ
2510 2092 2651 2145 κατὰ
2685 2090 2933 2144 σύνθεσιν
2977 2091 3035 2141 ὲν
3060 2083 3278 2156 ἀριθμῷ
3309 2082 3613 2150 θεωρεῖται.

2041 2185 2106 2239 Ἦ
2132 2185 2188 2239 δὲ
2215 2185 2376 2253 φύσις
2409 2169 2507 2255 μία
2536 2182 2685 2236 ἐστὶν
2707 2221 2721 2245 ,
2767 2180 2904 2252 αὐτὴ
2940 2180 3074 2251 πρὸς
3105 2174 3302 2245 ἑαυτὴν
3336 2170 3618 2254 ἡνωμένη,

2028 2278 2121 2330 καὶ
2149 2276 2478 2347 ἀδιὰτμητος
2517 2274 2760 2348 ἀκριϐῶς
2790 2273 2981 2344 μονὰς,
3026 2270 3127 2324 οὐκ
3155 2265 3490 2334 αὐξανομένη
3527 2263 3615 2314 διὰ

2030 2370 2369 2440 προσθήκης,
2415 2371 2474 2422 οὺ
2511 2367 2806 2439 μειουμένη
2839 2366 2905 2420 δι’
2940 2363 3303 2434 ὑφαιρέσεως,
3337 2358 3448 2411 ἀλλ’
3476 2359 3625 2424 ὅπερ,

2027 2464 2176 2516 ἐστὶν
2205 2462 2262 2515 ἓν
2284 2460 2441 2528 οὖσα,
2487 2462 2590 2514 κᾶν
2617 2464 2674 2514 ὲν
2702 2458 2897 2531 πλήθει
2927 2458 3187 2527 φαίνηται
3219 2452 3494 2526 ἄσχιστος,
3524 2449 3618 2500 καὶ

2031 2557 2280 2627 συνεχὴς,
2313 2556 2409 2609 καὶ
2453 2555 2767 2626 ὁλόκληρος,
2811 2553 2906 2606 καὶ
2945 2554 3060 2613 τοῖς
3105 2548 3418 2619 μετέχουσιν
3447 2543 3619 2612 αὐτῆς

2028 2652 2138 2712 τοῖς
2167 2649 2289 2702 καθ’
2316 2649 2545 2710 ἕκαστον
2575 2648 2636 2700 οὐ
2669 2644 3141 2716 συνδιαιρουμένη.
3181 2641 3285 2694 Καὶ
3317 2638 3506 2708 ὥσπερ
3535 2635 3629 2707 λετ

2027 2755 2200 2807 γεται,
2232 2738 2380 2802 λαὸς,
2431 2737 2744 2807 καὶδῆμος,
2774 2736 2866 2788 καὶ
2901 2734 3238 2805 στράτευμα,
3288 2729 3383 2783 καὶ
3418 2727 3618 2795 ἐκκλη-

2030 2831 2138 2892 σία,
2199 2829 2448 2900 μοναχῶς
2495 2829 2692 2887 πάντα,
2745 2828 2976 2880 ἕκαστον
3007 2826 3063 2877 δὲ
3095 2823 3299 2877 τούτων
3335 2824 3393 2874 ὲν
3428 2819 3618 2889 πλήθει

2027 2926 2226 2988 νπῖται
2250 2937 2261 2950 ·
2309 2921 2451 2974 οὕτω
2487 2922 2628 2975 κατὰ
2659 2921 2744 2974 τὸν
2784 2918 3176 2990 ἀκριϐέστερον
3209 2916 3364 2984 λόγον
3397 2913 3489 2967 καὶ
3524 2913 3627 2984 ἔιν-⁶

2030 3017 2246 3086 θρωπος
2282 3011 2360 3078 εἷς
2394 3015 2597 3085 κυρίως
2626 3014 2690 3067 ἂν
2724 3013 2917 3086 ῥηθείη
2945 3053 2960 3074 ,
3016 3013 3122 3066 κᾶν
3158 3012 3205 3062 οἱ
3257 3012 3314 3062 ἐν
3358 3010 3424 3078 τῇ
3459 3005 3618 3076 φύσει

2028 3110 2259 3180 ἐῇαύτῇ
2294 3109 2632 3180 δεικνύμενοι
2675 3109 2877 3179 πλῆθος
2919 3101 3052 3168 ὦσιν
3077 3147 3090 3170 ,
3143 3106 3219 3168 ὡς
3253 3104 3382 3157 πολῦ
3420 3101 3619 3173 μᾶλλον

332 3195 669 3249 exactiorem
703 3202 757 3247 et
788 3194 1204 3264 exquisitiorem
1263 3193 1533 3246 rationem
1593 3191 1755 3245 homo
1786 3208 1926 3273 quo-

2032 3202 2213 3266 καλῶς
2262 3203 2406 3272 ἔχειν
2440 3204 2538 3273 τὴν
2587 3201 2935 3273 ἐσφαλμένην
2983 3200 3068 3269 ἐφ’
3096 3197 3252 3269 ἡμῶν
3291 3192 3641 3264 ἐπαειορθοῦε

333 3301 441 3356 que
492 3301 636 3340 unus
672 3287 891 3355 proprie
922 3286 1031 3339 dici
1081 3293 1291 3355 posset,
1324 3283 1540 3350 etiamsi
1604 3282 1680 3348 hi,
1733 3286 1826 3353 qui
1869 3285 1925 3336 in

2033 3295 2157 3347 σθαι
2190 3295 2476 3366 συνήθειαν
2511 3297 2590 3358 εἰς
2621 3295 2682 3348 τὸ
2720 3293 2916 3364 μηκέτι
2954 3293 3015 3346 τὸ
3057 3295 3154 3360 τῆς
3199 3289 3412 3360 φύσεως
3450 3287 3629 3355 ὄνομα,

334 3380 526 3436 eadem
581 3388 782 3432 natura
833 3379 1309 3438 demonstrantur,
1345 3375 1641 3430 multitudo
1706 3377 1836 3438 sint,
1876 3384 1933 3428 ut

335 3473 508 3527 multo
539 3472 748 3526 rectius
804 3471 999 3533 fuerit,
1050 3471 1256 3539 lapsam
1317 3470 1370 3522 in
1428 3468 1592 3524 nobis
1647 3468 1932 3538 corrigere

334 3565 820 3626 consuetudinem,
862 3575 915 3617 et
964 3577 1072 3615 non
1105 3561 1344 3633 amplius
1377 3571 1590 3615 natura:
1629 3577 1828 3614 nomen
1858 3561 1924 3614 ad

334 3653 748 3709 multitudinem
781 3653 1098 3715 extendere,
1157 3667 1326 3722 quam
1375 3650 1768 3707 consuetudini
1815 3667 1930 3706 ser-

333 3747 567 3811 vientes,
605 3759 850 3799 errorem
898 3744 991 3812 qui
1021 3743 1110 3796 hic
1150 3743 1305 3805 latet,
1349 3743 1514 3805 etiam
1569 3741 1635 3796 ad
1679 3742 1928 3796 divinum

333 3839 532 3908 dogma
556 3837 878 3893 transferre.
918 3835 1024 3891 Sed
1046 3837 1307 3906 quoniam
1341 3835 1764 3890 consuetudinis
1802 3851 1930 3891 cor-

334 3932 506 3984 rectio
533 3929 771 3990 dilIicilis
794 3938 880 3987 est
902 3931 1018 4001 (qui
1062 3931 1207 3994 enim
1241 3930 1405 3983 alicui
1447 3929 1768 3999 persuaderi
1802 3944 1928 4000 pos—

335 4025 428 4089 sit,
456 4032 516 4077 ut
550 4039 658 4078 non
696 4025 898 4078 multos
927 4025 1078 4078 dicat
1120 4023 1371 4090 homines
1392 4023 1485 4093 qui
1521 4023 1576 4076 in
1614 4023 1805 4077 eadem
1831 4039 1929 4096 na-

336 4126 462 4170 tura
495 4116 991 4171 demonstrantur?
1020 4117 1224 4169 etcnim
1279 4115 1333 4168 in
1363 4115 1514 4169 omni
1565 4131 1626 4170 re
1690 4130 1928 4172 consue-

337 4210 471 4265 tudo
505 4217 718 4265 mutatu
744 4209 986 4264 difﬁcilis
1007 4209 1143 4277 est),
1175 4217 1442 4280 quantum
1479 4209 1670 4274 attinet
1703 4209 1771 4263 ad
1792 4210 1934 4264 hanc

338 4310 610 4362 internam
649 4303 870 4374 quidem
909 4310 1186 4366 naturam,
1211 4297 1270 4356 ἐἰ
1299 4302 1571 4367 obtinenti
1635 4311 1935 4358 consuetu-

338 4396 454 4451 dini
477 4411 585 4449 non
619 4396 994 4456 adversamur,
1017 4409 1359 4462 nequaquam
1386 4400 1598 4459 tantum
1627 4394 1938 4463 peccaveri-

2032 3387 2167 3457 πρὸς
2194 3387 2397 3457 πλῆθος
2423 3388 2705 3449 ἐκτείνειν,
2749 3387 2781 3458 ἢ
2809 3385 2979 3457 ταύτῃ
3010 3383 3359 3444 δουλεύοντας
3388 3380 3483 3450 τὴν
3517 3372 3618 3432 ὦδε

2031 3477 2244 3548 πλάνην
2291 3480 2386 3534 καὶ
2437 3479 2531 3531 ἐπὶ
2583 3478 2644 3537 τὸ
2695 3477 2836 3531 θεῖον
2883 3476 3061 3547 δόγμα
3096 3475 3170 3546 μὴ
3214 3469 3617 3544 μεταϐιϐάζειν.

2041 3571 2180 3623 Ἀλλ’
2213 3571 2399 3642 ἐπειδὴ
2436 3572 2714 3643 ἀμήχανος
2742 3571 2840 3640 τῆς
2870 3569 3159 3640 συνηθείας
3188 3570 3222 3638 ἠ
3249 3564 3622 3636 ἐπανόρθωσις

2029 3663 2168 3730 (πῶς
2200 3664 2309 3735 γὰρ
2349 3665 2413 3718 ἄν
2438 3682 2522 3728 τις
2565 3664 2844 3736 πεισθείη,
2890 3665 2938 3716 εἰ
2984 3662 3058 3733 μὴ
3092 3661 3317 3721 πολλοὺς
3349 3660 3496 3726 λέγει
3527 3659 3622 3710 ἁν-

2029 3754 2278 3824 θρώπους
2343 3757 2469 3819 τοὺς
2535 3757 2592 3809 ἐν
2664 3757 2824 3825 φύσει
2883 3757 2949 3825 τῇ
3013 3756 3148 3822 αὐτῇ
3203 3751 3624 3827 δεικνυμένονςζ¹

2027 3847 2423 3916 δυσμετάθετον
2455 3847 2563 3919 γὰρ
2596 3850 2690 3901 ἐπὶ
2719 3847 2921 3910 παντὸς
2953 3849 2987 3918 ἡ
3038 3845 3354 3916 συνήθεια),
3381 3844 3474 3894 ἐπὶ
3523 3841 3622 3910 μὲν

2033 3942 2130 4009 τῆς
2177 3941 2327 3994 κάτω
2361 3940 2576 4011 φύσεως
2619 3944 2686 4012 τῇ
2722 3939 3001 4013 κρατούσῃ
3059 3937 3316 4009 συνηθείᾳ
3368 3935 3442 4006 μὴ
3476 3935 3622 3985 ἀντι-

2035 4028 2333 4093 ϐαίνοντες,
2371 4032 2493 4084 οὐδὲ
2548 4031 2615 4085 ἂν
2645 4030 2900 4084 τοσοῦτον
2944 4030 3311 4100 ἁμάρτοιμεν,
3352 4025 3629 4095 μηδεμιᾶς,

2033 4122 2200 4194 οὔσης
2247 4123 2450 4194 ζημίας
2498 4125 2563 4177 ἐκ
2608 4124 2706 4190 τῆς
2751 4121 3150 4193 ἡμαρτημένης
3193 4119 3301 4172 τῶν
3344 4115 3623 4186 ὀνομάτων

2036 4214 2306 4286 χρήσεως.
2349 4213 2473 4280 Ἐπὶ
2498 4215 2554 4268 δὲ
2583 4215 2676 4267 τοῦ
2707 4214 2851 4266 θείου
2882 4213 3167 4283 δόγματος,
3199 4210 3383 4264 οὐκέτι
3423 4207 3623 4278 ὁμοίως

2037 4305 2319 4369 ἀκίνδυνος
2411 4307 2666 4378 διάφορος
2696 4307 2891 4377 χρῆσις
2916 4305 3023 4357 τῶν
3056 4304 3357 4374 ὀνομάτων.
3411 4300 3485 4351 Οὐ
3515 4299 3624 4370 γὰρ

2041 4398 2234 4468 μικρὸν
2265 4398 2497 4459 ἐνταῦθα
2521 4399 2582 4451 τὸ
2617 4398 2767 4468 παρὰ
2797 4398 3010 4470 μικρόν.

338 4510 482 4556 mus,
512 4508 637 4545 cum
664 4491 873 4544 nullum
896 4489 1126 4544 exsistat
1164 4487 1548 4542 detrimentum
1583 4504 1653 4569 ex
1682 4505 1853 4559 pravo
1893 4492 2176 4546 nominum
2205 4511 2327 4550 ustt.
2359 4494 2417 4548 In
2441 4495 2626 4550 divino
2661 4510 2790 4550 vero
2811 4495 3032 4550 decreto
3054 4510 3160 4547 non
3195 4495 3430 4564 amplius
3469 4507 3625 4561 aeque

339 4598 492 4645 tutus
524 4596 576 4642 et
593 4604 618 4640 a
642 4587 884 4657 periculo
907 4601 1134 4648 vacuus,
1155 4586 1504 4654 promiscuus
1525 4593 1579 4639 et
1603 4585 1922 4643 indiﬂ'erens
1945 4591 2225 4647 nominum
2246 4608 2380 4647 usus
2396 4600 2498 4647 est.
2519 4591 2638 4647 Non
2662 4592 2805 4646 enim
2831 4605 3054 4660 parvum
3092 4589 3179 4644 hic
3210 4589 3355 4660 quod
3402 4603 3621 4657 perpar-

337 4701 466 4740 γυιιι
507 4691 613 4736 εει.

411 4777 584 4846 Igitur
609 4791 750 4829 unus
771 4773 932 4829 nobis
956 4772 1304 4828 conﬁtendus
1328 4779 1412 4826 est
1435 4770 1576 4833 Deus
1594 4771 1750 4840 juxta
1786 4771 1927 4826 Scri-

2109 4768 2317 4844 Οὐκοῦν
2346 4761 2426 4831 εἷς
2455 4767 2586 4840 ἡμῖν
2617 4764 2976 4840 ὁμολογητὲος
3008 4763 3138 4826 Θεὸς
3183 4762 3323 4816 κατὰ
3351 4761 3450 4832 τὴν
3484 4777 3624 4834 γραέ

339 4879 514 4940 plura:
546 4865 924 4922 testimonium
956 4883 972 4921 :
1009 4884 1028 4917 ι
1051 4865 1215 4929 Audi,
1255 4864 1441 4930 Israel,
1473 4863 1738 4936 Dominus
1790 4863 1932 4920 heus

340 4971 470 5016 tuus
526 4960 790 5014 Dominus
822 4973 965 5012 unus
1006 4966 1090 5013 est
1129 4958 1150 5013 ‘._
1185 4977 1199 5012 :
1245 4976 1264 5009 ι
1295 4957 1513 5012 etiamsi
1554 4973 1658 5010 vox
1710 4957 1934 5029 deitatis.

339 5060 585 5125 permeat
608 5059 856 5106 sanctam
900 5049 1246 5105 Trinitatem.
1309 5049 1432 5104 Haec
1469 5060 1650 5104 autem
1685 5050 1809 5104 dico
1838 5066 1928 5105 se-

340 5146 582 5202 cundum
615 5144 884 5198 rationem
940 5142 1208 5198 redditam
1249 5130 1323 5195 lin
1378 5142 1618 5195 humana
1683 5149 1927 5196 natura:

340 5255 448 5308 qua
506 5235 803 5291 didicimus
856 5252 964 5290 non
1024 5242 1277 5304 oportere
1310 5233 1504 5304 plurali
1539 5225 1938 5303 designatione

340 5332 574 5388 dilatare
604 5329 1026 5399 appellationem
1056 5340 1285 5382 naturzc.
1342 5325 1449 5381 Sed
1481 5331 1734 5406 exactius
1769 5327 1939 5403 nobis

341 5421 726 5481 excutiendum
783 5429 868 5476 est
933 5422 1112 5490 ipsum
1163 5437 1362 5474 nomen
1421 5419 1665 5484 deitatis,
1718 5429 1777 5474 ut
1833 5435 1931 5489 per

341 5532 483 5575 eam,
521 5530 642 5584 qua:
692 5514 835 5568 inest
865 5507 1010 5572 voci.
1048 5511 1507 5584 signiﬁcationem
1573 5510 1794 5581 aliquod
1829 5527 1928 5564 no-

341 5610 429 5672 bis
460 5609 837 5678 adiumentum
875 5607 1101 5663 accedat
1127 5606 1196 5661 ad
1244 5606 1673 5662 declarationem
1729 5620 1930 5675 propo-

345 5700 466 5765 sitae
493 5700 835 5770 quaestionis.
874 5698 992 5774 Vox
1052 5699 1218 5772 igitur
1251 5697 1475 5778 deitatis
1529 5695 1674 5772 vulgi
1706 5695 1926 5776 quidem

417 5879 435 5924 ἦ
477 5879 632 5946 Deut.
670 5897 740 5946 VI,
765 5881 812 5940 ι.

2038 4862 2203 4938 φικὴν
2238 4860 2545 4932 μαρτυρίαν
2572 4875 2585 4888 ·
2644 4857 2898 4918 «Ἀκουε,
2938 4854 3175 4926 Ἰσραὴλ,
3213 4853 3466 4924 Κύριοςό
3492 4853 3625 4915 Θεὸς

2038 4975 2132 5010 σου
2182 4955 2386 5026 Κύριος
2436 4946 2517 5014 εἷς
2561 4952 2710 5004 ἐστι·
2757 4970 2775 5000 ι
2834 4948 2936 5001 κᾶν
2985 4946 3199 5018 ήφωνὴ
3233 4947 3332 5015 τῆς
3372 4945 3623 5017 θεότητος

2034 5050 2211 5120 διήκει
2240 5027 2328 5100 δια
2352 5045 2452 5111 τῆς
2489 5044 2648 5112 ἁγίας
2691 5041 2939 5112 Τριάδος.
2988 5040 3173 5092 Ταῦτα
3203 5039 3259 5091 δὲ
3293 5038 3436 5106 λέγω
3482 5038 3624 5090 κατὰ

2035 5142 2125 5195 τὸν
2148 5139 2479 5194 ἀποδοθέντα
2512 5126 2643 5208 ἡμῖν
2673 5134 2762 5186 ἐπὶ
2785 5134 2882 5203 τῆς
2916 5131 3260 5202 ἀνθρωπίνης
3290 5130 3504 5199 φύσεως
3532 5129 3621 5182 λὸο

2035 5222 2130 5304 γον
2157 5251 2171 5265 ⁸
2221 5235 2278 5284 ὲν
2389 5227 2791 5300 μεμαθήκαμεν
2826 5225 2900 5297 μὴ
2930 5226 3038 5278 δεῖν
3072 5223 3419 5294 πληθυντικῷ
3446 5241 3619 5292 χαρα-

2034 5326 2197 5397 κτῆρι
2218 5323 2316 5396 τὴν
2337 5321 2710 5394 προσηγορίαν.
2735 5318 3023 5371 πλατύνειν
3051 5317 3151 5396 τῆς
3178 5315 3411 5384 φύσεως.
3448 5318 3626 5385 Ἄχρι-

2037 5417 2290 5488 ϐέστερον
2323 5413 2380 5466 δὲ
2407 5415 2539 5484 ἡμῖν
2570 5411 2704 5464 αὐτὸ
2737 5410 2798 5462 τὸ
2833 5409 3004 5478 ὄνομα
3034 5407 3132 5478 τῆς
3159 5407 3410 5478 θεότητος
3437 5407 3620 5470 ἐξετα-

2040 5508 2215 5569 στέον,
2250 5509 2398 5569 ὅπως
2433 5507 2499 5558 ἂν
2527 5504 2615 5557 διὰ
2645 5503 2741 5572 τῆς
2781 5501 3106 5570 ἐγκειμένης
3153 5501 3218 5568 τῇ
3251 5500 3399 5568 φωνῇ
3442 5514 3622 5566 σημα-

2039 5602 2179 5663 σίας,
2205 5598 2413 5668 γένοιτό
2441 5614 2525 5660 τις
2557 5595 2815 5666 συνεργία
2841 5593 2975 5665 πρὸς
3010 5592 3107 5663 τὴν
3133 5591 3227 5644 τοῦ
3260 5590 3621 5664 προκειμένου

2039 5694 2357 5764 σαφήνειαν.
2410 5691 2568 5743 Δοκεῖ
2602 5689 2697 5760 μὲν
2745 5683 2838 5741 οὗν
2891 5689 3002 5750 τοῖς
3053 5685 3263 5748 πολλοῖς
3312 5681 3622 5747 ἰδιαζόντως
