4066 6374
427 395 521 448 l'2l

1594 403 1784 472 QUOD
1820 405 1961 462 NON
1995 405 2150 462 SINT
2202 404 2384 460 TBES
2413 403 2522 458 Dll.

3591 398 3696 455 129.

423 506 568 560 atat-:5:
595 509 694 578 τῆς
727 507 943 576 φύσεως
987 513 1022 582 ἡ
1053 515 1204 586 φωνὴ
1248 516 1347 588 τῆς
1374 516 1625 588 θεότητος
1652 520 1884 583 κεῖσθαι,
1919 521 2006 572 καὶ

2121 519 2381 589 opinione
2410 528 2623 571 naturae
2648 515 3004 588 peculiariter
3062 515 3237 570 indita
3288 529 3414 571 esse
3457 515 3693 573 videtur.

424 600 671 671 ὥσπερῆ
705 602 1068 677 ὁοὺρανὸς,ἦ
1111 608 1140 660 ὁ
1187 608 1358 678 ἣλιος,
1406 609 1438 679 ἢ
1491 609 1618 662 ἄλλο
1667 627 1720 662 τ..
1763 611 1871 664 τῶν
1914 609 2008 663 τοῦ

425 691 632 766 κόσμου
664 694 942 763 στοιχείων
992 696 1151 760 ἰδίαις
1197 701 1401 768 φωναῖς
1440 700 1854 771 διασημαίνεται
1883 705 2004 766 ταῖς

425 782 534 835 τῶν
567 784 940 855 ὑποκειμένων
971 793 1330 858 σημαντικαῖς
1358 807 1372 820 °
1409 791 1550 845 οὕτω
1595 792 1728 861 φασὶ
1775 793 1869 846 xui.
1911 793 2006 845 ἐπὶ

423 875 521 944 τῆς
563 876 825 929 ἀνωτάτω
870 881 966 932 καὶ
1013 880 1161 944 Θείας
1197 883 1432 950 φύσεως,
1485 884 1674 956 ὥσπερ
1714 903 1768 937 τι
1823 884 2010 956 κύριον

421 966 591 1036 ὄνομα
608 970 903 1038 προσφυῶς
927 969 1268 1044 ὲφηρμόσθαι
1289 973 1364 1044 τῷ
1379 975 1693 1046 δηλουμένῳ
1711 976 1808 1047 τὴν
1827 957 2010 1045 φωνὴν

421 1059 520 1128 τῆς
556 1059 829 1131 Θεότητος.
878 1060 1068 1132 ⁹Ημείς
1099 1065 1155 1117 δὲ
1183 1069 1302 1130 ταῖς
1331 1068 1429 1138 τῆς
1456 1068 1679 1138 Γραφῆς
1703 1067 2010 1139 ὑποθήκαις

423 1151 697 1220 ἑπόμενοι,
728 1153 1182 1226 άκατωνόμαστόν
1213 1175 1270 1210 τε
1297 1159 1388 1214 καὶ
1411 1159 1686 1231 ἄφραστον
1717 1159 1886 1231 αὑτὴν
1914 1177 2011 1230 με-

426 1240 752 1312 μαθήκαμεν
777 1260 790 1273 ⁸
845 1246 940 1306 καὶ
988 1249 1096 1300 πᾶν
1145 1247 1314 1319 ὄνομα
1343 1249 1453 1302 εἴτε
1487 1251 1638 1323 παρά
1669 1252 1768 1322 τῆς
1795 1250 2009 1322 ιΞινθρω-⁸

422 1332 585 1402 πίνης
637 1333 824 1400 οὐσίας
887 1337 1215 1408 ἐξεύρηται,
1269 1340 1379 1393 εἴτε
1431 1343 1581 1413 παρὰ
1625 1342 1734 1395 τῶν
1776 1343 2008 1413 Γραφῶν

423 1425 781 1495 παραδέδοται
801 1468 817 1492 ,
863 1428 970 1481 τῶν
999 1447 1052 1482 τι
1084 1433 1212 1502 περὶ
1241 1433 1340 1502 τὴν
1366 1433 1514 1486 Θείαν
1545 1433 1706 1503 φύσιν
1730 1436 2008 1506 νοουμένῳ

423 1517 811 1587 ἑρμηνευτικὸν
831 1517 971 1576 εἶναι
997 1523 1244 1596 λέγομεν,
1277 1525 1376 1579 οὑκ
1406 1527 1575 1597 αὐτῆς
1597 1526 1652 1579 δὲ
1672 1527 1771 1596 τῆς
1792 1527 2008 1596 φύσεως

422 1611 697 1680 περιέχειν
717 1613 815 1682 τὴν
841 1630 905 1682 ση
917 1604 1137 1683 μασίαν.¹
1161 1616 1272 1669 Καὶ
1290 1617 1350 1679 οὑ
1380 1618 1577 1686 πολλῆς
1601 1619 1666 1672 ἄν
1684 1636 1768 1680 τις
1788 1619 2003 1690 δεηθείη

421 1702 804 1770 πραγματείας
836 1705 972 1774 πρὸς
1001 1705 1100 1774 τὴν
1130 1707 1398 1771 ἀπόδειξιν
1427 1708 1520 1761 τοῦ
1545 1709 1614 1762 τὰ
1643 1708 1816 1773 οὕτως
1841 1709 2003 1779 ἔχειν.

423 1787 501 1840 Τὰ
526 1790 623 1858 μὲν
652 1792 756 1862 γὰρ
776 1792 939 1845 λοιπὰ
966 1794 1072 1848 τῶν
1094 1795 1394 1865 ὀνομάτων,
1417 1797 1516 1850 ὅσα
1539 1798 1630 1850 ἐπὶ
1657 1802 1754 1870 τῆς
1776 1800 2006 1862 κτίσεως

2112 625 2177 664 ac
2215 608 2676 680 quemadmodum
2715 608 2796 663 vel
2846 609 3072 673 caelum,
3125 608 3211 664 vel
3266 609 3370 672 sol,
3411 609 3496 663 vcl
3548 609 3695 663 aliud

2113 700 2391 771 quidpiam
2417 716 2484 755 ex
2517 701 2705 755 mundi
2739 701 3028 757 clementis
3056 702 3434 772 peculiaribus
3467 703 3697 756 vocibus

2123 792 2498 861 subjectorum
2529 791 3016 860 signiﬁcatricibus
3046 792 3340 846 denotatur
3375 811 3386 846 :
3418 790 3492 844 ita
3537 791 3694 844 aiunt

2112 885 2168 938 in
2199 899 2453 953 suprema
2490 900 2709 953 quoque
2761 893 2925 954 atque
2955 884 3146 940 divina
3189 891 3392 940 natura
3430 892 3695 952 tanquam

2110 979 2392 1048 proprium
2431 978 2708 1047 quoddam
2763 992 2962 1032 nomen
2995 993 3183 1032 vocem
3218 976 3406 1030 deitati
3449 984 3574 1045 apte
3603 991 3697 1029 ac-

2111 1069 2513 1122 commodatam
2570 1083 2693 1123 esse
2727 1068 2799 1131 ei,
2837 1068 2982 1137 quod
3023 1069 3143 1137 (per
3185 1071 3326 1137 eam)
3359 1068 3696 1121 declaratur.

2109 1159 2222 1216 Nos
2252 1176 2381 1215 vero
2416 1160 2715 1230 Scriptura:
2749 1161 3076 1216 documenta
3116 1167 3409 1229 sequentes
3453 1160 3697 1213 innomi-

2110 1250 2348 1305 nabilem
2379 1256 2433 1304 et
2480 1249 2915 1318 inexplicabilem
2956 1264 3075 1303 eam
3115 1263 3240 1302 esse
3264 1246 3557 1300 didicimus
3593 1265 3607 1300 :
3644 1253 3699 1300 et

2109 1357 2270 1396 omne
2307 1357 2503 1396 nomen
2537 1342 2651 1396 sive
2680 1341 2749 1396 ab
2792 1341 3030 1395 humana
3085 1339 3486 1395 consuetudine
3535 1339 3696 1391 adin-

2110 1442 2358 1495 ventum,
2422 1433 2536 1487 sive
2583 1447 2613 1484 a
2651 1431 2958 1503 Scripturis
2982 1433 3245 1487 traditum
3276 1430 3465 1490 fuerit,
3489 1430 3696 1499 aliquid

2110 1523 2408 1578 denotandi
2446 1524 2555 1577 vim
2603 1524 2806 1579 habere
2842 1524 3077 1579 dicimus
3115 1539 3330 1589 eorum,
3390 1538 3512 1592 quae
3546 1523 3696 1576 circa

2109 1613 2349 1667 divinam
2385 1622 2638 1667 naturam
2705 1629 2830 1669 esse
2882 1615 3290 1682 intelliguntur,
3346 1614 3522 1683 ipsius
3562 1628 3693 1667 vero

2109 1713 2322 1758 naturae
2360 1720 2470 1758 non
2505 1705 2791 1760 continere
2839 1706 3324 1776 signiﬁcationem.
3371 1705 3551 1774 Atque
3579 1704 3695 1757 haec

2110 1798 2183 1851 ita
2214 1813 2357 1862 esse,
2401 1797 2546 1858 haud
2575 1813 2772 1864 magno
2814 1799 3034 1871 negotio
3080 1797 3447 1852 demonstrari
3491 1801 3689 1865 potest.

423 1885 620 1942 κεῖται,
649 1885 739 1935 καὶ
767 1884 889 1954 δίχα
917 1887 1060 1950 τινὸς
1095 1888 1446 1957 ἐτυμολογίας
1475 1889 1623 1960 εὖροι
1651 1903 1747 1954 τις
1768 1891 1834 1944 ἂν
1863 1892 2006 1946 κατὰ

2108 1888 2241 1942 Nam
2275 1897 2473 1944 caetera
2510 1890 2730 1958 quidem
2792 1891 3016 1944 nomina
3049 1906 3170 1960 quae
3217 1889 3487 1944 creaturis
3518 1889 3696 1958 impo-

421 1971 480 2028 τὸ
511 1989 573 2023 συ
584 1974 725 2042 μῦάν
765 1977 1156 2047 ὲφηρμοσμένα
1183 1983 1294 2042 τοῖς
1322 1981 1719 2051 ὑποκειμένοις,
1748 1984 2008 2052 ἀγαπών-

418 2081 528 2142 των
554 2068 586 2136 ἡ
597 2065 714 2136 μῶν
742 2069 990 2121 ὁπωσοῦν
1018 2070 1086 2122 τὰ
1135 2072 1440 2142 πράγματα
1465 2073 1553 2127 διὰ
1581 2076 1680 2143 τῆς
1714 2077 1801 2128 ἐπ’
1826 2077 2006 2131 αὐτῶν

420 2158 606 2226 φωνῆς
645 2160 1088 2228 σημειώσασθαι,
1135 2163 1272 2232 πρὸς
1305 2163 1365 2215 τὸ
1397 2164 1702 2234 ἁσύγχυτον
1744 2168 1876 2236 ἡμῖν
1923 2167 2007 2236 γί-

418 2247 606 2301 νεσθαι
632 2251 739 2303 τῶν
771 2254 1229 2322 σεσημειωμένων
1256 2254 1355 2326 τὴν
1378 2255 1596 2323 γνῶσιν.
1633 2258 1770 2310 Ὅσα
1793 2259 1849 2311 δὲ
1872 2260 2008 2330 πρὸς

419 2340 641 2411 δδηγίαν
669 2344 766 2414 τῆς
794 2344 943 2408 Θείας
977 2347 1358 2417 κατανοήσεώς
1405 2350 1550 2400 ἐστιν
1580 2349 1836 2420 ὀνόματα,
1873 2353 2008 2405 ἰδίαν

418 2432 531 2503 ἔχει
566 2435 794 2489 ἕκαστον
824 2438 1366 2509 ἐμπεριειλημμένην
1399 2439 1659 2507 διάνοιαν,
1695 2442 1787 2496 καὶ
1811 2442 1911 2496 οὐκ
1941 2442 2008 2499 ἂν

418 2526 589 2600 χωρὶς
620 2529 888 2599 νοήματός
922 2547 1066 2593 τινος
1098 2529 1352 2601 οὐδεμίαν
1387 2530 1570 2602 εὕροις
1601 2533 1784 2604 φωνὴν
1807 2537 1864 2588 ἐν
1895 2539 2008 2599 τοῖς

420 2611 905 2691 θεοπρεπεστέροις
956 2622 1064 2674 τῶν
1096 2622 1394 2692 ὀνομάτων.
1448 2625 1535 2689 Ὠς
1569 2626 1634 2678 ὲκ
1666 2625 1856 2680 τούτου
1897 2628 2006 2680 δεί-

420 2709 645 2763 κνυσθαι
700 2712 774 2782 μὴ
829 2715 998 2785 αὐτὴν
1040 2715 1138 2788 τὴν
1186 2716 1337 2771 Θείαν
1386 2717 1548 2786 φύσιν
1578 2718 1682 2770 ὑπό
1723 2735 1867 2782 τινος
1899 2720 2007 2775 τῶν

419 2800 695 2868 ὀνομάτων
730 2805 1153 2874 σεσημειώσθαι,
1192 2805 1328 2862 ἀλλά
1355 2824 1408 2859 τι
1441 2807 1549 2860 τῶν
1575 2809 1703 2878 περὶ
1727 2809 1892 2881 αὑτὴν
1920 2810 2010 2866 διὰ

417 2892 525 2946 τῶν
553 2893 858 2963 λεγομένων
884 2897 1268 2968 γνωρίζεσθαι.
1316 2898 1562 2970 Λέγομεν
1612 2900 1723 2971 γὰρ
1765 2897 1903 2955 εἶναι
1947 2901 2008 2954 τὸ

420 2981 561 3036 Θείον
589 2985 882 3058 ἄφθαρτον,
918 2991 966 3042 εἰ
997 2989 1138 3043 οὕτω
1157 2991 1330 3061 τύχοι,
1356 2991 1650 3063 ἢδυνατὸν,
1680 2993 1713 3064 ἢ
1742 2995 1842 3047 ὅσα
1874 2993 2007 3048 ἄλλα

421 3075 649 3146 σύνηθές
679 3079 790 3131 ἐστι
833 3080 1032 3150 λέγειν.
1080 3081 1216 3135 Ἀλλ’
1247 3083 1577 3154 εὑρίσκομεν
1619 3085 1850 3138 ἑκάστου
1895 3085 2005 3140 τῶν

417 3169 700 3238 ὀνομάτων
734 3171 1040 3237 ἰδιάζουσαν
1090 3173 1348 3245 ἔμφασιν,
1381 3175 1696 3248 πρέπουσαν
1743 3179 1871 3248 περὶ
1905 3178 1972 3247 τῆ

421 3262 569 3326 Θείας
609 3265 820 3331 φύσεως
849 3265 1085 3320 νοεῖσθαι
1124 3267 1218 3320 καὶ
1252 3266 1542 3335 λέγεσθαι·
1598 3270 1658 3321 οὑ
1695 3269 1801 3340 μὴν
1830 3273 2004 3322 ἐκεῖνο

422 3357 812 3426 σημαίνουσαν,
843 3361 870 3412 ὅ
902 3363 1015 3414 ἐστι
1046 3364 1165 3415 κατ’
1197 3361 1386 3414 οὐσίαν
1420 3362 1452 3431 ἠ
1493 3361 1672 3428 φύσις.
1727 3363 1868 3416 Αὑτὸ
1894 3363 2015 3436 γάρ¹

417 3447 445 3500 ὃ
469 3465 520 3498 τι
556 3449 684 3500 ποτέ
714 3449 889 3513 ἐστιν,
921 3452 1198 3524 ἄφθαρτὸν
1241 3455 1408 3505 ἐστιν·
1452 3455 1484 3522 ἠ
1517 3453 1574 3506 δὲ
1602 3455 1696 3506 τοῦ
1726 3454 2003 3526 ἀφθάρτου

420 3540 594 3593 ἔννοια
637 3541 775 3613 αὕτη
806 3583 819 3604 ,
868 3544 929 3596 τὸ
980 3546 1054 3614 μὴ
1099 3546 1178 3606 εἰς
1228 3543 1433 3614 φθορὰν
1474 3545 1533 3598 τὸ
1577 3543 1637 3598 ὃν
1668 3545 2000 3600 διαλύεσθαι.

418 3633 624 3686 Οὐκοῦν
669 3634 942 3706 ἄφθαρτον
992 3636 1271 3698 εἰπόντες,
1317 3636 1345 3688 ὃ
1399 3636 1473 3707 μὴ
1522 3637 1720 3706 πάσχει
1765 3639 1797 3707 ἡ
1846 3636 2037 3715 φύσις.

418 3723 660 3794 εἴπομεν.
715 3725 780 3778 Τί
827 3726 885 3778 δέ
931 3728 1045 3780 ἑστι
1094 3727 1156 3780 τὸ
1200 3727 1300 3800 τὴν
1339 3725 1543 3797 φθορὰν
1577 3727 1652 3798 μὴ
1683 3727 1909 3798 πάσχον,
1944 3728 2003 3783 ού

419 3819 864 3888 παρεστήσαμεν.

1977 3195 2078 3278 gc

2106 1983 2211 2036 sita
2261 1991 2410 2048 sunt,
2457 1983 2546 2037 vel
2600 1983 2809 2053 absque
2867 1983 3051 2053 aliqua
3103 1981 3357 2052 originali
3387 1983 3691 2043 notatione,

2106 2088 2270 2143 quam
2320 2075 2704 2146 etymologiam
2747 2074 3006 2136 dicimus,
3050 2075 3290 2144 reperiat
3328 2073 3528 2140 aliquis
3585 2072 3699 2126 foro.

2105 2167 2246 2221 tuito
2275 2167 2685 2220 accommodata
2709 2183 2832 2222 esse
2866 2167 3152 2236 subjectis,
3183 2181 3307 2219 cum
3334 2164 3579 2220 contenti
3603 2179 3696 2219 es-

2108 2271 2293 2312 senius
2319 2271 2646 2326 quocunque
2676 2255 2839 2310 modo
2870 2272 2964 2326 per
2998 2257 3067 2311 iis
3093 2256 3380 2326 impositas
3408 2269 3572 2310 voces
3601 2268 3694 2308 res

2107 2349 2434 2418 signiﬁcare,
2489 2365 2559 2404 ne
2597 2349 2827 2402 confusa
2883 2348 3042 2403 nobis
3081 2356 3227 2403 esset
3256 2362 3439 2401 rerum
3475 2345 3692 2416 signiﬁ-

2107 2451 2354 2494 catarum
2387 2441 2647 2511 cognitio.
2679 2439 2884 2494 Eorum
2943 2447 3126 2494 autem
3163 2455 3283 2508 quae
3319 2437 3525 2493 idcirco
3569 2452 3698 2506 pro-

2107 2533 2221 2586 dita
2254 2540 2470 2587 suntut
2505 2549 2608 2588 nos
2660 2532 2997 2588 deducerent
3046 2531 3112 2584 ad
3159 2532 3254 2584 Dei
3301 2531 3694 2600 cognitionem,

2107 2625 2438 2694 peculiarem
2469 2624 2897 2694 unumquodque
2927 2625 3172 2678 continet
3197 2623 3251 2676 in
3279 2637 3338 2676 se
3366 2622 3695 2677 sententiam

2108 2718 2602 2788 comprehensam:
2643 2734 2743 2772 nec
2799 2718 2966 2772 ullam
3023 2717 3079 2771 in
3136 2716 3342 2771 divinis
3375 2714 3697 2770 nominibus

2108 2823 2298 2863 vocem
2325 2811 2567 2879 reperias
2601 2809 2787 2878 aliquo
2817 2816 3094 2861 carentem
3138 2806 3443 2860 intellectu.
3473 2802 3554 2858 Ex
3591 2803 3697 2858 hoc

2109 2901 2294 2971 itaque
2321 2900 2751 2962 demonstratur,
2805 2900 2950 2969 quod
2979 2914 3087 2952 non
3117 2901 3234 2968 ipsa
3264 2898 3447 2952 divina
3499 2902 3696 2950 natura

2109 3010 2206 3064 per
2235 2993 2456 3062 aliquod
2508 3009 2698 3045 eorum
2742 2994 3026 3046 nominum
3077 2992 3394 3052 denotetul‘,
3457 2989 3553 3044 sed
3591 2989 3696 3042 ali-

2109 3085 2238 3154 quid
2280 3101 2492 3146 eorum,
2535 3101 2658 3153 quae
2711 3085 2758 3137 ci
2817 3083 3074 3152 adjuncta
3123 3091 3274 3149 sunt,
3333 3097 3428 3152 per
3477 3097 3541 3136 ea
3572 3096 3696 3150 quae

2113 3177 2392 3239 dicuntur,
2427 3177 2718 3230 indicetur.
2782 3175 3025 3231 Dicimus
3083 3177 3251 3241 enim,
3303 3175 3455 3230 verbi
3496 3176 3695 3246 gratia,

2113 3270 2159 3321 si
2191 3283 2281 3321 res
2305 3270 2376 3320 ita
2415 3267 2570 3329 ferat,
2605 3281 2806 3320 numen
2836 3281 2960 3321 esse
3002 3267 3445 3336 incorruptibile,
3475 3266 3557 3321 vel
3593 3280 3694 3335 po-

2112 3367 2254 3426 tens,
2280 3359 2363 3413 vel
2390 3373 2728 3428 quascunque
2752 3359 2858 3412 alia
2881 3358 3065 3413 dicere
3095 3373 3214 3413 mos
3249 3366 3354 3412 est.
3404 3357 3511 3413 Sed
3540 3373 3697 3428 repe-

2113 3448 2288 3502 rimus
2326 3448 2596 3518 cujusque
2625 3448 2866 3503 nominis
2898 3448 3230 3517 peculiarem
3258 3464 3382 3504 esse
3416 3449 3696 3520 signiﬁca-

2114 3540 2340 3600 tionem,
2372 3556 2533 3609 quam
2582 3539 2774 3594 deceat
2843 3541 3072 3611 intelligi
3130 3555 3194 3594 ac
3229 3540 3340 3594 dici
3383 3540 3450 3594 de
3509 3541 3697 3595 divina

2114 3643 2332 3695 natura,
2366 3649 2486 3702 qua:
2521 3633 2848 3700 signiﬁcatio
2876 3641 3056 3687 tamen
3093 3649 3199 3687 non
3246 3632 3380 3685 illud
3405 3633 3696 3703 signiﬁcet,

2113 3726 2258 3794 quod
2279 3731 2476 3778 natura
2505 3724 2656 3793 juxta
2681 3726 2975 3778 essentiam
3007 3732 3110 3778 cst.
3133 3723 3267 3777 Nam
3297 3724 3498 3794 ipsum,
3522 3724 3698 3792 quod-

2115 3831 2333 3886 cunque
2370 3815 2590 3871 tandem
2644 3826 2750 3880 est,
2809 3817 3226 3887 incorruptibile
3274 3825 3360 3871 est
3392 3833 3406 3870 :
3435 3817 3698 3872 dictionis

420 3920 600 3984 autem
626 3911 1078 3990 .iucorruptibilis
1134 3913 1288 3967 notio
1335 3920 1500 3982 atque
1576 3911 1888 3968 intellectus
1911 3911 2001 3967 hic
2027 3920 2130 3978 est,
2174 3910 2318 3980 quod
2361 3911 2412 3964 id
2438 3910 2582 3980 quod
2612 3920 2692 3964 est
2722 3908 2788 3962 ad
2813 3911 3220 3979 corruptionem
3254 3924 3360 3963 non
3391 3908 3694 3990 redigatur.

420 4000 660 4064 Proinde
693 4019 817 4056 cum
855 4003 1268 4073 incorruptibile
1323 4004 1586 4067 diximus,
1642 4004 1697 4058 id
1747 4004 1894 4075 quod
1945 4005 1996 4058 in
2034 4011 2290 4058 naturam
2326 4019 2434 4058 non
2465 4003 2633 4067 cadit,
2676 4003 2916 4058 diximus
2955 4021 2967 4057 :
3004 4003 3136 4073 quid
3171 4013 3350 4057 autem
3391 4003 3464 4058 sit
3523 4001 3678 4068 illud,

419 4095 564 4166 quod
599 4097 944 4166 corruptioui
993 4097 1295 4152 obnoxium
1336 4114 1446 4153 non
1481 4101 1574 4164 sit,
1608 4113 1717 4152 non
1776 4097 2176 4169 expressimus.

510 4279 666 4334 Οὕτω
709 4279 812 4333 κᾶν
863 4278 1121 4345 ζωοποιὺν
1176 4277 1452 4347 εἴπωμεν,
1499 4278 1528 4331 ὃ
1584 4279 1726 4338 ποιεῖ
1769 4276 1857 4330 διὰ
1905 4279 2006 4346 τῆς

419 4374 791 4444 προσηγορίας
842 4374 1182 4444 σημάναντες
1209 4411 1225 4436 ,
1273 4373 1332 4425 τὸ
1371 4372 1556 4426 ποιοῦν
1605 4373 1683 4442 τῷ
1730 4372 1873 4442 λόγῳ
1903 4373 2003 4424 οὑκ

420 4465 816 4536 ἐγνωρίσαμεν.
869 4465 978 4516 Καὶ
1014 4465 1082 4518 τά
1127 4465 1260 4518 ἄλλα
1298 4462 1474 4517 πάντα
1521 4465 1661 4518 κατὰ
1709 4465 1799 4516 τὸν
1842 4463 2002 4517 αὑτὸν

2185 4274 2387 4330 Eodem
2430 4273 2593 4330 modo
2627 4277 2673 4330 si
2701 4277 2788 4331 vel
2819 4275 3093 4332 viviﬁcum
3132 4277 3458 4342 dixerimus,
3483 4293 3609 4332 cum
3641 4277 3694 4332 id

2111 4367 2256 4437 quod
2287 4367 2450 4422 cﬁicit
2479 4384 2577 4438 per
2607 4369 3026 4439 appellationem
3061 4369 3582 4439 signiﬁcaverimus,
3616 4369 3697 4438 ip-

2087 4476 2232 4514 sum
2266 4460 2529 4526 eﬂiciens,
2585 4477 2649 4515 ac
2698 4468 2950 4515 naturam
2986 4460 3317 4515 eﬁectricem
3361 4461 3470 4531 (eo)
3530 4460 3698 4515 verbo

419 4557 575 4625 λόγον
599 4558 661 4609 ἐκ
684 4557 780 4627 τῆς
803 4555 1127 4626 ἐγκειμένης
1149 4557 1268 4617 ταῖς
1288 4555 1651 4625 θεοπρεπεστέ
1661 4573 1778 4624 ραις
1799 4558 2002 4624 φωναῖς

2111 4566 2219 4604 non
2265 4549 2652 4604 indicavimus.
2688 4549 2819 4606 Item
2859 4551 2911 4603 in
2955 4552 3168 4604 caeteris
3198 4550 3456 4604 omnibus
3503 4550 3694 4606 eadem

423 4645 700 4716 σημασίας
747 4645 1102 4715 εὑρίσκομεν,
1149 4644 1182 4714 ἢ
1228 4645 1288 4697 τὸ
1325 4644 1398 4714 μὴ
1431 4644 1548 4696 δέον
1580 4646 1672 4697 ἐπὶ
1713 4646 1812 4714 τῆς
1856 4644 2006 4706 Θείας

420 4736 633 4808 φύσεως
673 4737 960 4806 γινώσκειν
1009 4737 1461 4814 ἀπαγορεύοντα,
1507 4737 1540 4807 ἢ
1591 4737 1652 4790 τὸ
1699 4737 1814 4790 δέον
1864 4737 2007 4790 διδά-

423 4848 655 4897 σκοντα,
698 4832 866 4900 αὐτῆς
914 4830 970 4883 δὲ
1019 4831 1118 4898 τῆς
1163 4829 1376 4897 φύσεως
1423 4829 1720 4900 ἑρμηνείαν
1759 4829 1818 4881 οὑ
1851 4845 2006 4898 περι-

422 4925 632 4995 έχοντα.
683 4923 834 4975 Ἐπεὶ
858 4923 1033 4974 τοίνυν
1068 4923 1164 4984 τὰς
1190 4921 1438 4983 ποικίλας
1470 4922 1569 4992 τῆς
1601 4921 2004 4992 ὑπερκειμένης

418 5014 700 5084 δυνάμεως
733 5013 1012 5083 ἐνεργείας
1041 5012 1428 5074 κατανοοῦντες
1471 5013 1564 5080 ἀφ’
1615 5013 1850 5083 ἑκάστης
1896 5013 2005 5066 τῶν

419 5106 551 5176 ἡμῖν
581 5105 874 5175 γνωρίμων
904 5105 1193 5175 ἐνεργειῶν
1237 5105 1334 5168 τὰς
1365 5103 1734 5176 προσηγορίας
1765 5103 2002 5176 ἁρμόζο-

423 5214 562 5267 μενο
621 5197 750 5267 μίαν
792 5196 848 5249 δὲ
894 5198 988 5249 καὶ
1034 5198 1239 5268 ταύτην
1275 5193 1410 5250 εἶναι
1459 5197 1558 5268 τὴν
1592 5196 1872 5266 ἐνέργειαν
1906 5197 2006 5266 τὴν

419 5289 719 5360 ἑποπτικὴν
753 5290 847 5341 καὶ
872 5287 1133 5360 ὁρατικὴν
1155 5328 1170 5352 ,
1217 5289 1311 5342 καὶ
1341 5289 1416 5352 ὡς
1448 5289 1512 5343 ἄν
1540 5305 1622 5350 τις
1651 5287 1793 5340 εἴποι
1829 5288 2005 5342 Θεατι-

421 5384 542 5455 κὴν,
580 5383 700 5436 καθ’
736 5383 802 5454 ἢν
835 5383 904 5435 τὰ
933 5383 1110 5436 πάντα
1148 5385 1321 5454 ἐφορᾷ
1350 5384 1445 5435 καὶ
1477 5382 1656 5435 πάντα
1693 5383 2000 5446 ἐπισκοπεῖ,

416 5478 515 5539 τάς
548 5475 873 5545 ἐνθυμήσεις
921 5473 1134 5544 βλέπων
1176 5475 1268 5528 καὶ
1312 5475 1403 5527 ἐπὶ
1430 5473 1499 5526 τὰ
1542 5474 1748 5528 ἀθέατα
1776 5477 1841 5544 τῇ
1873 5473 2004 5526 Θεω-

421 5568 618 5636 ρητικῇ
647 5566 874 5635 δυνάμει
919 5566 1300 5636 διαδυόμενος,
1335 5567 1746 5636 ὑπειλήφαμεν,
1795 5568 1860 5619 ὲκ
1907 5565 2005 5635 τῆς

419 5658 544 5720 Θέας
571 5702 586 5722 ,
640 5659 739 5728 τὴν
791 5659 1023 5730 θεότητα
1056 5659 1512 5730 παρωνομάσθαι,
1565 5662 1657 5712 καὶ
1685 5659 1776 5712 τὸν
1807 5659 2004 5730 Θεατὴν

420 5749 576 5819 ἡμῶν
605 5749 757 5811 Θεὸν,
792 5749 898 5802 ὑπό
923 5767 984 5802 τε
1021 5750 1120 5820 τῆς
1156 5751 1440 5820 συνηθείας
1475 5752 1570 5804 καὶ
1596 5752 1694 5820 τῆς
1723 5749 1831 5802 τῶν
1861 5751 2002 5822 Γρα-

421 5839 537 5912 φῶν
579 5840 923 5906 διδασκαλίας
956 5842 1471 5915 προσαγορεύεσθαι.
1521 5843 1580 5895 Εἰ
1629 5841 1686 5894 δὲ
1733 5845 2006 5912 συγχωρεῖ

2111 4643 2326 4698 ratione
2350 4659 2416 4698 ex
2445 4659 2532 4706 ea,
2565 4659 2686 4712 quae
2714 4644 2880 4698 insita
2902 4651 2988 4697 est
3011 4643 3423 4714 augustioribus
3441 4645 3692 4709 vocibus,

2109 4734 2532 4805 signiﬁcatione,
2563 4735 2865 4804 reperimus
2891 4743 2986 4788 aut
3015 4751 3100 4797 ea,
3143 4750 3263 4804 quae
3292 4735 3369 4800 id,
3403 4737 3551 4805 quod
3583 4751 3694 4790 non

2107 4836 2340 4894 0p0rtet,
2368 4826 2436 4881 de
2485 4826 2669 4881 divina
2703 4835 2897 4880 natura
2941 4826 3145 4880 sentire
3194 4825 3546 4893 interdicant,
3600 4835 3694 4882 aut

2108 4936 2230 4990 quae
2284 4920 2491 4974 sentire
2530 4921 2742 4983 deccat,
2802 4935 2904 4975 nos
2933 4919 3189 4984 doceant,
3241 4935 3352 4974 non
3381 4929 3565 4976 autem
3600 4937 3689 4985 ea,

2106 5027 2228 5081 quae
2275 5012 2596 5066 contineant
2661 5012 2835 5080 ipsius
2918 5017 3131 5064 natura:
3206 5010 3689 5080 signiﬁcationem.

2107 5104 2377 5171 Quoniam
2411 5104 2577 5174 igitur
2603 5107 2790 5159 varias
2849 5119 3102 5172 superine
3130 5104 3389 5175 potentiae
3417 5103 3694 5160 eﬂicacias

2107 5197 2609 5253 animadvertentes
2647 5213 2676 5250 a
2702 5198 2946 5267 qualibet
2976 5197 3136 5252 nobis
3166 5205 3294 5252 nota
3329 5195 3568 5252 ellicacia
3597 5213 3693 5265 ap—

2109 5291 2427 5361 pellationes
2462 5291 2805 5360 adaptamus,
2841 5299 3005 5360 atque
3035 5305 3199 5344 unam
3232 5289 3489 5342 nimirum
3527 5290 3694 5343 etiam

2105 5388 2252 5442 hanc
2279 5387 2582 5442 efﬁcaciam
2645 5387 3030 5458 inspectriccm
3063 5393 3117 5440 et
3167 5384 3525 5439 visitatricem
3555 5391 3691 5436 etut

2107 5480 2304 5549 aliquis
2337 5479 2522 5533 dicere
2547 5479 2741 5548 possit.
2787 5478 3066 5547 Οεατικήν,
3110 5476 3162 5531 id
3195 5486 3300 5538 est,
3323 5476 3691 5544 spectatricem

2105 5586 2228 5626 esse
2246 5571 2631 5640 cognoscimus
2653 5589 2665 5622 :
2682 5586 2787 5640 qua
2801 5570 2984 5624 omnia
3000 5567 3431 5638 inspicit,omnia
3450 5568 3695 5621 intuetur

2107 5662 2474 5735 cogitationes
2498 5662 2712 5726 videns,
2744 5670 2796 5716 et
2831 5677 3006 5731 usque
3041 5660 3108 5716 ad
3150 5676 3237 5722 ca,
3267 5675 3390 5729 qua:
3447 5661 3689 5728 spectari

2107 5769 2216 5806 non
2247 5760 2504 5819 possunt.
2531 5752 2982 5820 contemplatrice
3028 5749 3229 5805 virtute
3253 5759 3545 5818 penetrans
3577 5766 3590 5801 :
3625 5750 3692 5801 ἐκ

2105 5843 2204 5912 τῆς
2220 5844 2366 5908 θέας,
2404 5844 2454 5899 id
2481 5850 2565 5898 cst
2595 5843 2793 5897 uisione
2816 5852 2864 5896 et
2886 5841 3226 5912 inspectione,
3258 5838 3505 5909 θεότητα,
3527 5839 3578 5892 id
3607 5849 3690 5893 (ξι-ι
