4066 6374
452 327 554 383 125

1706 329 1773 385 8η.
1815 327 2144 385 οιιΕεοιιιι
2181 328 2478 386 NYSSEM

3607 331 3710 387 ιει

443 447 694 500 deitatem
727 443 1135 500 denominatam
1175 459 1298 500 esse
1346 443 1751 513 existimamus,
1778 451 1868 503 τὸν
1897 450 2023 503 θεα-

2139 469 2212 514 εις
2247 451 2440 504 ταύτὸν
2470 448 2628 516 εἶναι,
2664 451 2725 503 τὸ
2764 449 3077 515 θεάσασθαι,
3113 451 3206 505 καὶ
3248 451 3307 504 τὸ
3337 451 3573 521 βλέπειν,
3617 451 3710 504 καὶ

443 537 543 607 τὴν
565 536 722 608 ἡμῶν
752 536 806 590 id
834 544 916 591 est
939 538 1285 604 inspectorem
1305 537 1767 606 contemplatorem
1789 551 2028 594 nostrum

444 640 493 682 et
533 638 851 690 curatorem,
881 627 1034 694 Θεόν,
1069 629 1120 681 id
1149 635 1234 683 est
1265 627 1454 694 Deum,
1480 638 1536 682 et
1572 645 1612 682 a-
1633 633 2032 686 consuetudine

444 731 499 781 et
532 735 562 774 a
592 720 1000 792 Scripturarum
1053 721 1303 774 doctrina
1354 722 1614 790 appellari
1666 724 2024 778 arbitramur.

441 811 602 877 Quod
653 813 702 868 si
762 813 888 882 quis
932 812 1222 876 concedit,
1286 814 1444 868 idem
1486 829 1639 879 esse,
1705 815 1768 868 τὸ
1829 815 2029 869 Θεάσα-

442 903 588 968 σθαι,
624 903 680 958 id
741 913 826 959 est
881 914 1137 973 spectare,
1169 911 1226 959 et
1291 904 1351 956 τὸ
1387 905 1626 974 βλέπειν,
1681 906 1787 960 hoc
1817 915 1893 962 est
1953 907 2031 959 vi-

439 995 564 1048 dere
597 1008 616 1046 :
651 1003 814 1064 atque
842 994 1024 1049 omnia
1057 993 1360 1064 ἐφορῶντα,
1393 996 1496 1049 hoc
1542 1006 1623 1049 est
1666 996 2032 1064 inspicientem

441 1084 595 1150 Θεόν,
631 1085 684 1138 id
734 1093 821 1139 est
855 1083 1040 1146 Deum,
1095 1084 1288 1156 ἔφορον
1315 1085 1419 1140 hoc
1467 1093 1552 1141 est
1608 1088 2030 1155 inspectorem-et

438 1177 752 1247 praefectum
773 1193 999 1231 summa:
1020 1194 1198 1232 rerum
1256 1186 1310 1232 et
1340 1194 1464 1234 esse
1504 1189 1558 1233 et
1587 1178 1697 1234 dici
1731 1203 1745 1234 ;
1779 1180 2033 1236 conside-

438 1279 525 1325 ret
554 1270 697 1324 hanc
723 1268 1048 1333 efﬁcaciam,
1071 1279 1257 1324 utrum
1291 1271 1383 1324 uni
1421 1269 1566 1326 adsit
1594 1287 1660 1324 ex
1691 1271 1783 1332 iis,
1814 1287 1936 1341 quae
1975 1271 2029 1325 in

397 1371 635 1437 isancta
687 1360 962 1416 Trinitate
1014 1361 1234 1416 creditae
1300 1369 1450 1426 sunt,
1504 1364 1777 1432 personis,
1839 1379 1907 1416 an
1963 1364 2032 1417 ad

438 1468 631 1508 omnes
683 1469 749 1508 ea
787 1453 963 1509 virtus
992 1454 1290 1522 pertineat.
1354 1452 1488 1506 Nam
1532 1455 1578 1508 si
1609 1469 1741 1508 vera
1797 1462 1905 1518 est,
1933 1454 2033 1523 τῆς

439 1544 723 1616 θεότητος,
766 1545 820 1600 id
854 1555 937 1602 est
973 1545 1188 1599 deitatis
1224 1545 1517 1614 explicatio
1540 1586 1554 1609 ,
1584 1556 1638 1600 et
1668 1563 1754 1608 ea,
1783 1562 1904 1615 qua:
1949 1547 2032 1598 vi-

439 1637 642 1691 dentur
698 1636 883 1702 θεατὰ,
936 1637 989 1692 id
1047 1648 1130 1692 est
1186 1639 1417 1692 visibitia
1446 1654 1542 1693 seu
1596 1639 1930 1706 spectabilia,
1981 1649 2034 1692 et

438 1727 500 1780 τὸ
559 1726 864 1798 θεώμενον,
925 1727 1030 1782 hoc
1082 1738 1166 1784 est
1212 1728 1266 1782 id
1311 1728 1451 1799 quod
1501 1729 1640 1783 videt
1690 1739 1738 1782 et
1795 1739 2030 1798 spectat.

2132 545 2220 597 τὸν
2269 543 2563 614 ἐφορῶντα.
2601 543 2777 596 πάντα
2827 543 2980 607 Θεὸν,
3028 543 3221 614 ἔφορον
3259 543 3356 596 τοῦ
3386 541 3588 606 παντὸς
3615 543 3712 595 καὶ

2133 630 2273 689 εἶναι
2302 635 2395 688 καὶ
2421 635 2697 703 λέγεσθαι,
2722 634 3029 703 λογισάσθω
3055 635 3151 706 τὴν
3177 634 3456 706 ἐνέργειαν
3482 635 3709 702 ταύτην,

2133 725 2361 796 πότερον
2410 726 2490 777 ἐνὶ
2537 725 2797 794 πρόσεστι
2823 724 2932 776 τῶν
2963 726 3030 777 ἐν·
3062 727 3127 794 τῇ
3167 724 3297 794 ἁγίᾳ
3328 724 3519 794 Τρίαδι
3549 741 3712 778 πεπι-

2135 815 2444 883 στευμένων
2477 813 2804 885 προσώπων,
2839 814 2871 884 ἢ
2915 814 3003 868 διὰ
3032 815 3140 867 τῶν
3170 813 3336 884 τριῶν
3380 815 3646 885 προσήκει
3674 816 3708 884 ή

2132 905 2491 976 δύναμιςιΕί
2532 906 2640 977 γὰρ
2669 905 2872 978 ἀληθὴς
2917 909 2950 978 ή
2997 907 3095 977 τῆς
3129 906 3380 978 θεότητος
3421 906 3711 978 ἑρμηνεία,

2133 997 2225 1048 καὶ
2258 998 2324 1050 τὰ
2355 995 2610 1068 ὁρώμενα
2655 996 2843 1060 θεατὰ,
2872 999 2966 1052 καὶ
2993 997 3054 1050 τὸ
3087 997 3360 1068 θεώμενον
3393 997 3524 1060 Θεὸς
3556 996 3712 1064 λέγε-

2131 1104 2252 1150 ται,
2303 1087 2484 1140 οὐκέτι
2537 1088 2603 1141 ἂν
2651 1088 2891 1156 εὐλόγως
2935 1087 3258 1160 ἀποκριθείη
3303 1107 3354 1141 τι
3401 1087 3510 1141 τῶν
3559 1091 3616 1141 ὲν
3648 1091 3714 1159 τῇ

2135 1176 2323 1248 Τριάδι
2353 1178 2659 1247 προσώπων
2683 1177 2792 1247 τῆς
2810 1179 3070 1248 τοιαύτης
3100 1178 3474 1250 προσηγορίας
3504 1178 3592 1231 διὰ
3618 1178 3718 1247 τὴν

2133 1269 2458 1340 ἐγκειμένην
2484 1272 2552 1341 τῇ
2583 1272 2733 1340 φωνῇ
2768 1271 3062 1340 σημασίαν.
3112 1271 3185 1322 Τὸ
3215 1269 3322 1339 γὰρ
3348 1270 3568 1339 βλέπειν
3595 1269 3716 1322 ὲπί-

2136 1379 2236 1431 σης
2266 1365 2534 1433 μαρτυρεῖ
2564 1364 2598 1434 ἡ
2632 1364 2821 1434 Γραφὴ
2847 1364 2942 1416 καὶ
2976 1363 3150 1434 Πατρὶ
3178 1363 3270 1416 καὶ
3298 1361 3413 1432 Υἱῷ
3456 1363 3551 1414 καὶ
3577 1363 3719 1431 ἁγίῳ

2135 1455 2431 1525 Πνεύματι.
2473 1473 2492 1507 ε
2516 1454 2928 1526 ’Υπερασπιστὰ
2957 1456 3134 1526 ἡμῶν,
3165 1455 3262 1517 ἴδε,
3287 1457 3315 1508 6
3342 1455 3527 1519 Θεὸς,ι
3556 1455 3718 1525 φησὶν

2136 1550 2171 1603 ὀ¹
2190 1547 2372 1602 Δαϐίδ.
2411 1548 2505 1600 Ἐκ
2528 1548 2585 1600 δὲ
2611 1547 2803 1601 τούτου
2839 1548 3204 1618 μανθάνομεν,
3232 1548 3372 1601 ἰδέαν
3402 1548 3559 1610 Θεοῦ,
3585 1548 3720 1601 καθὸ

2137 1637 2268 1701 Θεὸς
2294 1639 2515 1700 νοεῖται,
2551 1637 2690 1690 ἰδίαν
2713 1638 2992 1708 ἐνέργειαν
3020 1637 3114 1690 τοῦ
3136 1640 3287 1709 όρᾷν,
3318 1640 3382 1690 ἐκ
3406 1637 3500 1691 τοῦ
3523 1639 3718 1704 εἰπεῖν,

2145 1731 2304 1795 «Ἴδε,
2335 1733 2364 1785 6
2391 1728 2774 1797 ΘεόςδμἌλλά
2809 1730 2903 1782 καὶ
2931 1731 2958 1781 6
2999 1729 3204 1798 Ἰησοῦς
3231 1730 3332 1799 ὁρᾷ
3362 1727 3460 1792 τὰς
3487 1726 3722 1798 ἐνθυμή-

439 1817 594 1882 Θεός,
621 1817 674 1873 id
703 1828 788 1874 est
814 1818 956 1872 Deus
992 1819 1218 1884 dicitur,
1243 1821 1392 1874 nulla
1423 1821 1535 1888 jam
1567 1821 1833 1890 probabili
1866 1821 2031 1875 ratio-

2139 1840 2254 1886 σεις
2280 1821 2386 1875 τῶν
2421 1821 2942 1890 καταγινωσκόντων
2972 1821 3105 1874 διότι
3135 1823 3404 1891 συγχωρεῖ
3429 1819 3527 1883 τὰς
3547 1821 3721 1890 ἁμαρ-

438 1924 510 1964 ηε
531 1908 714 1980 aliqua
736 1923 1115 1980 personarum,
1152 1925 1272 1980 quae
1294 1910 1348 1963 in
1390 1909 1660 1964 Trinitate
1693 1920 1850 1977 sunt,
1883 1926 1914 1963 a
1936 1911 2034 1982 tali.

437 2000 806 2072 appellatione
833 2002 1202 2070 separabitur,
1268 2011 1488 2072 propter
1540 2004 1758 2058 insitam
1796 2004 1920 2058 voci
1967 2004 2037 2057 si-

437 2091 872 2164 gniﬁcationem.
930 2091 1064 2148 Nam
1116 2093 1262 2163 quod
1299 2093 1519 2148 videant
1574 2105 1628 2149 et
1683 2096 2030 2159 intueantur,

442 2186 730 2257 Scriptura
761 2201 860 2241 suo
892 2187 1214 2242 testimonio
1242 2203 1306 2239 ex
1340 2202 1498 2256 aequo
1536 2188 1788 2241 attribuit
1826 2196 1880 2241 et
1930 2186 2030 2239 Pa-

437 2277 509 2333 tiri
529 2286 585 2334 et
613 2276 752 2333 Filio
781 2285 837 2333 et
871 2277 1100 2348 Spiritui
1153 2285 1368 2333 sancto.
1426 2297 1444 2329 ι
1489 2279 1774 2332 Protector
1823 2289 2030 2344 noster,

439 2370 651 2442 aspice,
686 2368 852 2434 Deus,
895 2389 914 2420 ›
944 2371 1120 2440 inquit
1150 2369 1321 2425 David
1354 2373 1396 2423 ³.
1439 2369 1577 2423 Nam
1624 2385 1692 2424 ex
1729 2371 1834 2424 hoc
1859 2369 2031 2424 disci-

437 2479 564 2519 mus
582 2464 820 2534 speciem
847 2462 962 2527 Dei,
984 2473 1256 2532 quatenus
1280 2462 1426 2518 Deus
1455 2462 1801 2533 intelligitur,
1829 2461 2034 2516 habere

439 2555 770 2627 peculiarem
821 2554 1128 2609 efficaciam
1159 2555 1398 2618 videndi,
1434 2571 1500 2608 ex
1557 2569 1623 2609 eo
1658 2552 1805 2623 quod
1859 2554 2032 2618 dixit,

444 2668 465 2701 ι
515 2649 736 2719 Aspice,
765 2647 927 2703 Deus.
973 2648 1185 2714 i'Quin
1213 2649 1378 2703 etiam
1436 2646 1603 2703 Jesus
1638 2647 1786 2700 videt
1819 2647 2032 2717 cogita.-

438 2743 619 2799 tiones
646 2743 1068 2806 damnantium,
1102 2742 1246 2812 quod
1312 2757 1412 2810 pro
1483 2748 1751 2812 potestate
1806 2747 2032 2810 peccata

439 2833 725 2890 hominum
763 2834 1121 2888 condonaret.
1163 2852 1185 2884 ι
1211 2831 1414 2887 Videtis
1442 2833 1610 2894 enim,
1635 2831 1834 2900 inquit,
1871 2829 2031 2885 .Iesus

439 2925 800 2996 cogitationes
823 2940 1013 2979 eorum
1049 2925 1092 2979 ³.
1132 2922 1320 2978 ι-Ιιεηι
1359 2924 1425 2978 de
1478 2923 1684 2992 Spiritu
1717 2921 1911 2977 Petrus
1964 2923 2033 2976 ad

437 3018 708 3072 Ananiam
739 3017 871 3072 dicit
905 3037 918 3072 :
952 3036 970 3069 ‹
1008 3016 1122 3071 Cur
1173 3016 1683 3086 implevitSatanas.
1718 3029 1814 3068 cor
1846 3024 2028 3076 tuum,

441 3118 504 3164 ut
534 3109 850 3165 mentireris
883 3107 1112 3178 Spiritui
1138 3119 1332 3162 sancto
1361 3109 1382 3139 ³
1420 3110 1442 3159 ?
1477 3125 1493 3156 ι
1531 3105 2029 3174 ostendens,_quod

438 3215 654 3266 eorum,
704 3216 826 3270 quae
872 3201 927 3254 in
956 3200 1173 3254 occulto
1196 3215 1365 3254 ausus
1410 3207 1529 3254 erat
1559 3197 1826 3264 Ananias,
1877 3199 2035 3252 testis

2138 1913 2259 1976 τίας
2282 1913 2341 1979 ἐξ
2369 1913 2656 1976 αὐθεντίας
2681 1912 2788 1966 τῶν
2811 1911 3135 1984 ἀνθρώπων.
3161 1931 3178 1964 ι
3209 1911 3353 1965 Ἰδὼν
3379 1912 3506 1982 γὰρ,
3532 1913 3719 1981 φησὶν,

2135 2008 2164 2059 ὁ
2204 2004 2409 2076 Ἰησοῦς
2427 2005 2526 2068 τὰς
2553 2005 2878 2075 ἐνθυμήσεις
2907 2005 3106 2059 αὐτῶν.
3123 2024 3142 2057 ι
3165 2005 3277 2058 Καὶ
3291 1998 3422 2076 περὶ
3435 2002 3530 2057 τοῦ
3553 2002 3721 2056 Πνεύ-

2140 2111 2308 2164 ματος
2355 2094 2501 2162 λέγει
2552 2094 2686 2164 πρὸς
2731 2095 2823 2146 τὸν
2884 2096 3133 2149 Ἀνανίαν
3175 2097 3204 2148 6
3246 2095 3450 2166 Πέτρος
3474 2111 3489 2125 °
3539 2095 3624 2148 ἵνα
3667 2093 3721 2146 τί

2136 2188 2455 2259 ἐπλήρωσεν
2479 2189 2508 2240 ό
2543 2189 2786 2252 Σατανᾶς
2810 2191 2909 2258 τὴν
2953 2188 3181 2260 καρδίαν
3209 2205 3302 2240 σου
3331 2187 3634 2257 ψεύσασθαί
3661 2203 3720 2238 σε

2134 2280 2199 2334 τὸ
2230 2279 2456 2350 Πνεῦμα
2485 2279 2545 2332 τὸ
2575 2280 2770 2348 άγιονς
2822 2281 3067 2343 Δεικνὺς,
3115 2280 3200 2334 ὅτι
3239 2279 3350 2332 τῶν
3393 2281 3451 2332 ὲν
3496 2276 3722 2350 κρυπτῷ

2135 2373 2556 2444 τετολμημένων
2589 2372 2741 2443 παρὰ
2771 2371 2866 2426 τοῦ
2910 2371 3175 2436 Ἀνανίου,
3215 2372 3424 2442 μάρτυς
3457 2366 3526 2442 ἦν
3555 2371 3724 2441 ἀψευ-

2134 2465 2231 2536 δὴς
2266 2466 2526 2535 ἐπιίστωρ
2554 2465 2616 2517 τὸ
2642 2463 2867 2534 Πνεῦμα
2893 2464 2954 2516 τὸ
2984 2463 3160 2532 διγιον,
3192 2463 3258 2516 δι’
3284 2457 3346 2517 οὗ
3375 2463 3470 2516 καὶ
3498 2462 3578 2534 τῷ
3617 2463 3720 2515 Πέο

2134 2575 2249 2629 τρῳ
2279 2558 2386 2612 τῶν
2420 2558 2791 2612 λανθανόντων
2817 2559 2851 2627 ὴ
2895 2557 3200 2627 φανέρωσις
3241 2552 3330 2627 ἦν.
3376 2557 3434 2609 '0
3468 2556 3565 2626 μὲν
3615 2556 3724 2626 γὰρ

2135 2650 2356 2717 ἐγένετο
2395 2650 2635 2717 κλέπτης
2667 2650 2830 2713 αὐτὸς
2877 2649 3068 2703 ἑαυτοῦ
3102 2649 3401 2711 λανθάνων,
3447 2649 3524 2712 ὡς
3563 2647 3721 2718 ᾤετο,

2136 2744 2373 2807 πάντας,
2422 2743 2516 2796 καὶ
2549 2743 2649 2812 τὴν
2691 2741 2969 2812 ἁμαρτίαν
3012 2741 3503 2814 ἐπικρυπτόμενος.
3555 2742 3628 2794 Τὸ
3665 2740 3724 2794 δὲ

2136 2834 2363 2904 Πνεῦμα
2395 2834 2456 2886 τὸ
2484 2834 2658 2902 ἆγιον,
2691 2834 2826 2904 ὁμοῦ
2858 2851 2920 2886 τε
2937 2837 2997 2886 ἐν
3024 2834 3216 2903 Πέτρῳ
3239 2829 3327 2903 ἦν,
3346 2834 3440 2885 καὶ
3455 2832 3724 2903 τὴν-ὲκεί-

2137 2943 2228 2978 νου
2268 2924 2502 2978 διάνοιαν
2536 2925 2672 2995 πρὸς
2709 2925 2807 2995 τὴν
2855 2923 3289 2994 φιλοχρηματίαν
3325 2926 3724 2993 κατασυρεῖσαν

2137 3015 2415 3087 ἐφώρασε,
2464 3018 2558 3070 καὶ
2599 3017 2668 3070 δι’
2692 3016 2890 3070 ἑαυτοῦ
2921 3015 3103 3068 δίδωσι
3154 3014 3232 3084 τῷ
3282 3014 3473 3086 Πέτρῳ
3505 3015 3632 3068 ἰδεῖν
3655 3014 3724 3069 τά

2137 3107 2471 3162 λανθάνοντα
2496 3125 2512 3140 ο
2563 3107 2664 3160 οὐκ
2689 3107 2757 3162 ἂν
2786 3105 3030 3178 δηλονότι
3056 3104 3212 3158 τοῦτο
3240 3105 3447 3173 ποιοῦν,
3479 3105 3637 3178 εἴπερ
3657 3101 3725 3176 ἦν

2142 3197 2250 3250 τῶν
2275 3197 2526 3268 κρυφίων
2555 3198 2803 3252 ἀθέατον.

441 3308 611 3349 verax
643 3303 699 3349 et
755 3295 966 3348 arbiter
994 3303 1140 3349 esset
1175 3293 1414 3364 Spiritus
1453 3299 1704 3356 sanctus,
1727 3309 1828 3364 per
1849 3307 2014 3363 quem
2071 3294 2236 3349 etiam
2267 3291 2430 3348 Petro
2460 3294 2834 3364 prodebantur
2859 3291 3099 3349 occulta.
3147 3291 3343 3363 Alque-
3366 3291 3458 3346 ille
3495 3293 3718 3362 quidem

439 3386 529 3442 sui
559 3387 731 3456 ipsius
783 3385 872 3440 fur
905 3394 1040 3451 erat,
1091 3386 1283 3442 fallens
1333 3403 1546 3448 omnes.
1589 3397 1650 3440 ut
1713 3388 1963 3458 putabat,
2013 3395 2069 3442 et
2105 3395 2392 3458 peccatum
2419 3388 2697 3442 occultum
2739 3387 2967 3443 habens.
2993 3385 3244 3458 Spiritus.
3275 3394 3457 3440 autem
3497 3395 3724 3442 sanctus

443 3479 612 3536 simul
643 3487 699 3533 et
729 3479 782 3532 in
815 3477 977 3533 Petro
1005 3491 1143 3542 erat,
1191 3490 1245 3535 et
1291 3481 1438 3534 illius
1472 3489 1710 3535 mentem
1741 3481 1809 3535 ad
1865 3481 2150 3534 avaritiam
2217 3481 2526 3550 prnjectam-
2571 3481 2969 3550 deprehendit,
3005 3489 3060 3536 et
3107 3497 3204 3551 per
3274 3495 3395 3535 sese
3444 3478 3606 3534 Petro
3645 3479 3725 3532 la-

441 3573 614 3629 tentia
644 3570 863 3626 videndi
904 3571 1220 3627 facultatem
1250 3572 1344 3626 dat
1371 3591 1384 3626 :
1407 3574 1512 3626 hoc
1537 3571 1921 3626 videlicetnon
1950 3572 2217 3636 facturus,
2256 3573 2302 3628 si
2329 3574 2547 3627 occulta
2580 3573 2804 3628 videndi
2828 3574 3048 3628 virtutis
3075 3588 3272 3643 expers
3302 3581 3469 3627 esset.

513 3763 584 3816 At
625 3759 870 3815 nondum
912 3759 1124 3829 inquiet
1164 3759 1364 3827 aliquis
1409 3758 1479 3811 ad
1507 3758 1558 3812 id
1577 3760 1720 3827 quod
1749 3757 2035 3828 quaeritur.

441 3851 713 3911 orationis
741 3860 990 3922 spectare
1009 3859 1373 3906 structuram.
1392 3849 1578 3920 Neque
1597 3851 1742 3905 enim
1767 3851 1814 3906 si
1848 3851 2034 3905 datum

444 3945 610 4002 fuerit
655 3957 948 3999 commune
991 3948 1205 3998 naturae
1252 3941 1582 3996 vocabulum
1615 3956 1738 3996 esse
1782 3937 2029 4007 deitatis,

443 4039 558 4110 jam
592 4035 890 4110 (protinus)
931 4051 1029 4106 per
1065 4035 1172 4089 hoc
1201 4033 1490 4104 probatum
1515 4031 1703 4097 fuerit,
1741 4033 1888 4103 quod
1921 4048 2033 4087 non

445 4137 696 4203 oporteat
722 4130 906 4186 dicere
931 4129 1063 4185 deos
1096 4147 1109 4184 :
1136 4129 1386 4199 quinimo
1419 4137 1614 4183 contra
1648 4143 1712 4183 ex
1750 4129 1836 4184 his
1863 4129 2038 4196 magis

445 4226 698 4296 cogimur
729 4223 911 4279 dicere
942 4222 1099 4277 deos.
1139 4221 1498 4292 Reperiemus
1529 4222 1676 4276 enim
1716 4220 1772 4274 in
1804 4235 2041 4276 consue-

447 4318 640 4375 tudine
661 4315 967 4374 hominum.
997 4329 1104 4369 non
1133 4315 1309 4370 solum
1339 4329 1454 4377 eos,
1488 4314 1580 4382 qui
1613 4312 1860 4366 eamdem
1889 4319 2040 4365 natu-

447 4424 567 4465 ram
593 4420 938 4461 communem
957 4403 1180 4470 habent,
1196 4418 1384 4459 verum
1403 4404 1565 4458 etiam
1583 4402 1628 4458 si
1647 4403 1741 4472 qui
1761 4403 1870 4456 sint
1887 4402 2039 4471 ejus-

450 4501 575 4555 dem
614 4497 804 4562 studii,
836 4504 893 4551 et
922 4495 1113 4562 officii,
1137 4495 1492 4566 singulariter
1515 4495 1720 4548 multos
1741 4495 2036 4549 nominari.

2234 3756 2374 3810 Ἀλλ’
2419 3755 2572 3810 οῦπω
2619 3773 2702 3820 τις
2731 3757 2850 3830 ἐρεῖ
2895 3755 3032 3827 πρὸς
3059 3756 3121 3810 τὸ
3148 3755 3479 3828 ζητούμενον
3509 3755 3727 3826 βλέπειν

2140 3853 2240 3924 τὴν
2270 3849 2616 3919 κατασκευὴν
2645 3848 2740 3902 τοῦ
2766 3847 2949 3918 λόγου.
2991 3848 3128 3902 ῢύδὲ
3156 3849 3264 3918 γὰρ
3289 3849 3338 3900 εἰ
3365 3847 3543 3919 δοθείη
3572 3847 3725 3919 κοινὴ

2138 3942 2239 4013 τῆς
2271 3941 2485 4010 φύσεως
2508 3941 2542 4011 ἠ
2575 3938 2766 4010 κλῆσις
2791 3940 2891 4010 τῆς
2918 3939 3169 4012 θεότητος
3201 3937 3358 4004 εἶναι,
3407 3941 3510 4012 ἤδη
3549 3941 3612 3994 τὸ
3651 3942 3726 4013 μὴ

2136 4033 2251 4086 δεῖν
2276 4032 2456 4102 λέγειν
2483 4031 2640 4095 θεοὺς
2672 4031 2759 4084 διὰ
2781 4031 2970 4084 τούτου
3009 4032 3419 4102 κατεσκευάσθη
3441 4047 3455 4061 ⁸
3505 4032 3727 4085 τούναν-

2138 4126 2252 4179 τίον
2283 4126 2381 4196 μὲν
2409 4121 2500 4179 οῦν
2531 4127 2595 4177 ἐκ
2619 4123 2825 4178 τούτων
2851 4123 3274 4194 ἀναγκαζόμεθα
3306 4125 3506 4195 μᾶλλον
3547 4123 3726 4193 λέγειν

2142 4217 2316 4280 θεούς.
2333 4217 2670 4288 Εὑρίσκομεν
2694 4216 2803 4286 γὰρ
2823 4217 2914 4269 ἐπὶ
2933 4217 3031 4285 τῆς
3052 4215 3399 4287 ἀνθρωπίνης
3418 4215 3724 4288 συνηθείας,

2140 4311 2201 4364 οὐ
2251 4310 2410 4380 μόνον
2456 4310 2582 4372 τοὺς
2623 4308 2724 4379 τῆς
2767 4309 2937 4380 αὐτῆς
2968 4307 3182 4378 φύσεως
3219 4308 3538 4373 κοινωνίας,
3590 4309 3728 4362 ἀλλὰ

2143 4403 2245 4457 κᾶν
2272 4419 2418 4460 τινες
2442 4401 2537 4454 τοῦ
2568 4401 2731 4454 αὐτοῦ
2759 4394 2892 4455 ὦσιν
2927 4402 3382 4473 ἐπιτηδεύματος,
3407 4403 3505 4472 οὐχ
3531 4401 3727 4466 ἑνικῶς

2143 4495 2270 4558 τοὺς
2297 4495 2526 4558 πολλοὺς
2560 4493 3083 4565 μνημονευομένους.
3116 4493 3266 4547 Καθό
3293 4486 3729 4566 φαμεν-ῥήτοράς

451 4591 572 4658 Qua
596 4589 810 4646 ratione
852 4596 1102 4643 oratores
1128 4588 1329 4642 multos
1381 4595 1435 4642 et
1464 4595 1770 4656 geometras
1804 4587 2034 4643 dicimus

2143 4605 2203 4641 τε
2237 4587 2460 4650 πολλοὺς
2485 4586 2579 4639 καὶ
2609 4584 2945 4656 γεωμέτρας,
2971 4585 3248 4657 γεωργούς
3274 4603 3335 4639 τε
3358 4587 3451 4640 καὶ
3477 4587 3729 4640 σκυτοτό-

451 4683 834 4756 agricolasque
882 4687 936 4736 et
983 4688 1202 4736 sutores
1256 4687 1359 4737 :ct
1409 4679 1466 4732 in
1515 4679 1731 4734 caeteris
1779 4679 2038 4733 omnibus

453 4775 647 4832 eodem
668 4773 855 4831 modo.
887 4775 962 4826 Ac
982 4773 1028 4825 si
1049 4771 1270 4840 quidem
1295 4779 1506 4824 naturae
1520 4770 1845 4824 vocabulum
1863 4769 2040 4824 deitas

454 4874 626 4934 esset,
670 4865 850 4937 magis
911 4870 1240 4935 congrueret
1289 4869 1451 4929 atque
1504 4863 1825 4918 conveniret
1887 4863 2044 4930 juxta

455 4966 585 5016 ante
608 4957 874 5014 redditam
900 4956 1164 5012 rationem
1191 4955 1427 5022 (omnes)
1446 4963 1555 5010 tres
1580 4956 1900 5026 hypostases
1931 4955 2045 5008 sin-

456 5051 724 5124 gulariter
760 5047 1246 5120 comprehendere,
1288 5055 1343 5102 et
1385 5063 1551 5102 unum
1608 5047 1778 5102 Deum
1832 5047 2038 5111 dicere,

456 5144 662 5215 quippe
694 5156 819 5197 cum
842 5149 1034 5195 natura
1060 5140 1187 5195 talis
1217 5140 1311 5204 sit,
1371 5147 1431 5192 ut
1467 5139 1520 5193 in
1556 5146 1740 5208 partes
1771 5139 1945 5194 secari
1976 5154 2040 5192 ac

455 5235 629 5292 dividi
655 5249 766 5290 non
807 5232 1008 5304 possit.
1040 5231 1147 5287 Sed
1182 5233 1441 5302 quoniam
1494 5247 1591 5300 per
1625 5247 1709 5293 ea,
1737 5248 1857 5301 quae
1894 5231 2040 5285 dicta

458 5332 613 5388 sunt,
647 5324 980 5379 affirmatum
1006 5329 1112 5384 est,
1165 5321 1312 5391 quod
1353 5318 1600 5375 officium
1626 5319 2042 5390 efficaciamque

458 5427 649 5476 etnon
678 5422 932 5471 naturam
966 5413 1237 5484 significet
1273 5427 1468 5467 nomen
1503 5411 1742 5475 deitatis,
1804 5413 1870 5465 ad
1907 5428 2044 5467 con-

461 5510 694 5565 trarium
721 5506 1128 5580 quodammodo
1153 5520 1376 5561 sensum
1407 5520 1471 5558 ex
1495 5504 1561 5564 iis
1596 5521 1718 5574 qua:
1745 5504 2041 5569 affirmant,

460 5602 644 5657 oratio
667 5600 950 5674 redigitur,
999 5607 1058 5654 ut
1102 5597 1310 5655 idcirco
1362 5595 1538 5667 magis
1579 5605 1827 5666 oporteat
1861 5596 2044 5652 dicere

572 5779 594 5808 ³
635 5776 772 5833 l’sal.
843 5780 1181 5843 LXXXIII,10.
1272 5779 1292 5809 ³
1333 5776 1468 5833 Luc.
1511 5793 1585 5845 tv,
1623 5777 1710 5833 47.

2149 4695 2302 4748 μους,
2347 4677 2440 4729 καὶ
2466 4675 2536 4728 τὰ
2565 4675 2698 4730 ἄλλα
2723 4675 2900 4728 πάντα
2928 4676 3207 4740 ὡσαύτως.
3251 4676 3359 4731 Καὶ
3400 4679 3448 4730 εί
3488 4678 3586 4747 μὲν
3630 4678 3730 4747 φύ-

2148 4788 2284 4834 σεως
2312 4766 2379 4840 ἦν
2400 4772 2433 4840 ἡ
2466 4768 2657 4840 θεότης
2687 4770 3051 4841 προσηγορία,
3083 4768 3282 4840 μᾶλλον
3313 4768 3380 4822 ἂν
3404 4763 3520 4839 εἶχε
3538 4767 3730 4839 καιρὸν

2151 4862 2292 4916 κατὰ
2325 4861 2413 4915 τὸν
2449 4862 2822 4932 προαποδέντα
2864 4862 3019 4931 λόγον
3062 4862 3255 4925 ἑνικῶς
3285 4862 3385 4926 τὰς
3417 4865 3565 4933 τρεῖς
3598 4863 3730 4914 ὑπο-

2151 4956 2370 5017 στάσεις
2396 4955 2846 5027 περιλαμϐάνειν,
2881 4954 2975 5009 καὶ
3015 4955 3112 5009 ἕνα
3139 4954 3271 5008 Θεὸν
3309 4955 3510 5023 λέγειν,
3552 4954 3642 5009 διὰ
3669 4955 3730 5008 τὸ

2149 5047 2247 5116 τῆς
2277 5046 2490 5115 φύσεως
2521 5047 2762 5118 ἄτμητόν
2793 5065 2852 5100 τε
2885 5048 2978 5100 καὶ
3021 5047 3344 5118 ἀδιαίρετον.
3406 5046 3624 5119 Ἐπειδὴ
3671 5046 3729 5100 δὲ

2147 5139 2556 5211 κατεσκευάσθη
2589 5139 2677 5192 διὰ
2720 5139 2827 5194 τῶν
2873 5141 3176 5212 εἰρημένων
3220 5139 3500 5211 ἐνέργειαν
3532 5139 3730 5210 σημαί-

2147 5247 2277 5295 νειν,
2304 5232 2397 5285 καὶ
2419 5233 2540 5302 οὐχὶ
2563 5232 2724 5302 φύσιν
2754 5232 2816 5286 τὸ
2843 5234 2942 5304 τῆς
2968 5232 3221 5303 θεότητος
3250 5232 3443 5302 ὄνομα,
3476 5232 3730 5304 περιτρέ-

2149 5323 2309 5382 πεταί
2341 5341 2458 5387 πως
2493 5325 2630 5394 πρὸς
2675 5325 2980 5378 τούναντίον
3008 5328 3072 5378 ὲκ
3097 5325 3220 5377 τῶν-
3251 5324 3728 5394 κατασκευαζομέ-

2149 5433 2254 5468 νων
2286 5416 2314 5467 ό
2346 5416 2560 5484 λόγος,”
2593 5417 2668 5480 ὡς
2711 5418 2821 5470 δεῖν
2884 5417 3054 5490 ταύτῃ
3110 5417 3311 5488 μᾶλλον
3356 5418 3532 5486 λέγειν
3575 5419 3729 5488 τρεῖς

2150 5508 2324 5571 θεοὺς,
2352 5509 2479 5573 τοὺς
2510 5510 2567 5561 ὲν
2597 5513 2662 5580 τῇ
2701 5512 2838 5582 αὐτῇ
2872 5511 3121 5581 ἐνεργείᾳ
3161 5511 3568 5582 θεωρουμένους
3589 5527 3605 5541 ο
3651 5508 3728 5572 ὥς

2151 5617 2279 5668 φασι
2321 5601 2574 5670 λέγεσθαι
2612 5606 2758 5676 τρεῖς
2803 5605 3140 5675 φιλοσόφους,
3175 5605 3207 5675 ἣ
3249 5605 3504 5676 ῥήτορας,
3536 5603 3569 5673 ἢ
3599 5602 3654 5657 εί
3677 5601 3740 5655 τί.

1793 5777 1809 5808 "
1847 5778 1967 5832 Αρι.
2009 5792 2062 5844 ν,
