4066 6374
378 391 480 448 423

1538 410 1727 476 QUOD
1764 411 1905 469 NON
1945 414 2101 472 SINT
2143 417 2323 475 TRES
2364 418 2475 478 [ΙΙΙ.

3544 419 3646 475 126

377 509 520 604 ἐστιν
554 509 737 581 ἕτερον
781 512 839 578 ἐξ
884 516 1310 589 ἐπιτηδεύματος
1341 520 1532 593 ὄνομα,
1570 527 1696 580 ὅταν
1740 531 1961 595 πλείους

2068 540 2180 589 tres
2207 534 2360 599 deos,
2407 549 2504 589 eos
2547 535 2645 604 qui
2687 534 2741 588 in
2781 533 2971 590 eadem
3037 533 3284 589 efficacia
3328 533 3533 589 versari
3567 536 3645 588 vi-

377 592 511 654 ὦσιν
545 603 592 653 οἰ
623 602 715 655 τοῦ
748 605 912 658 αὑτοῦ
946 610 1288 679 μετέχοντες.
1337 614 1523 669 Ταῦτα
1567 618 1623 670 δέ
1661 621 1959 686 φιλοπονώ-

377 708 533 763 τερον
566 694 1003 769 ἐξειργασάμην,
1054 702 1143 754 τὸν
1186 704 1295 757 τῶν
1340 706 1675 763 ὑπεναντίων
1718 713 1956 767 ἀνθυπο-

376 784 560 875 φέρων
610 786 807 855 λόγον,
855 789 929 853 ὡς
975 791 1041 847 ἂν
1090 794 1431 867 βεϐαιότερον
1476 801 1608 870 ἡμῖν
1662 805 1863 875 παγείη
1899 809 1960 859 τὸ

377 874 553 945 δόγμα
595 879 716 941 ταῖς
762 880 1157 953 εὑπονωτέραις
1187 886 1295 939 τῶν
1338 890 1666 947 ἀντιθέσεων
1696 874 1959 965 κρατυνό-

379 983 559 1036 μενον.
591 970 798 1026 Οὑκοῦν
831 975 1237 1046 ἐπαναληπτέος
1264 981 1423 1034 πάλιν
1451 984 1479 1034 ὁ
1511 984 1685 1053 λόγος.
1741 988 1957 1059 Ἐπειδὴ

381 1061 614 1130 μετρίως
656 1064 787 1133 ἡμῖν
816 1066 879 1119 ἐκ
904 1068 1005 1137 τῆς
1043 1074 1390 1143 κατασκευῆς
1419 1076 1733 1149 ἀπεδείχθη,
1774 1080 1834 1132 οὑ
1863 1081 1962 1149 φύ-

380 1165 537 1216 σεως,
568 1152 683 1206 ἀλλ’
714 1157 994 1226 ἐνεργείας
1030 1155 1169 1213 εἶναι
1211 1162 1311 1234 τὴν
1360 1167 1542 1237 φωνὴν
1582 1169 1680 1238 τῆς
1713 1168 1963 1239 θεότητος

376 1240 569 1310 λέγων,
606 1244 742 1314 τάχα
773 1248 976 1319 ταύτην
1005 1250 1069 1304 ἄν
1090 1270 1175 1315 τις
1206 1255 1385 1309 αἰτίαν
1411 1258 1645 1327 εὐλόγως
1682 1260 1842 1323 εἴποι,
1869 1262 1963 1314 τοῦ

376 1332 758 1403 πληθυντικῶς
785 1339 883 1409 μὲν
912 1342 999 1393 ἐπ’
1027 1344 1331 1413 ἀνθρώπων
1352 1348 1478 1411 τοὺς
1501 1350 1609 1402 τῶν
1641 1351 1818 1405 αὑτῶν
1846 1353 1965 1404 ἐπι-

374 1424 732 1495 τηδευμάτων
771 1432 1165 1497 κοινωνοῦντας
1198 1436 1447 1508 ἀλλήλοις
1480 1440 1831 1512 ἀριθμεῖσθαι
1872 1445 1966 1496 καὶ

376 1515 741 1587 ὀνομάζεσθαι
766 1538 778 1549 ·
823 1523 1134 1591 μοναδικῶς
1155 1526 1213 1578 δέ
1240 1528 1299 1579 τὺ
1323 1529 1465 1582 θεῖον
1496 1531 1570 1594 ὠς
1598 1532 1696 1585 ἕνα
1720 1533 1850 1585 Θεὸν
1871 1535 1966 1587 καὶ

383 1609 514 1678 μίαν
541 1610 771 1683 θεότητα
795 1613 1069 1682 λέγεσθαι,
1101 1619 1206 1673 κᾶν
1238 1623 1293 1673 αἰ
1320 1624 1464 1691 τρεῖς
1504 1624 1831 1689 ὑποστάσεις
1865 1628 1964 1696 τῆς

378 1701 784 1775 ἐμφαινομένης
814 1709 881 1777 τῇ
919 1707 1130 1778 θεότητι
1156 1713 1431 1782 σημασίας
1457 1714 1531 1785 μὴ
1566 1716 1962 1787 ἀποκρίνοιντο.

381 1790 503 1845 Ὀτι
541 1788 816 1865 ἄνθρωποι
865 1798 1002 1867 μὲν,
1060 1801 1161 1853 κᾶν
1215 1805 1345 1872 μιᾶς
1398 1798 1531 1857 ὦσιν
1586 1808 1865 1877 ἐνεργείας
1913 1809 1963 1860 οἱ

2063 628 2263 682 dentur
2284 644 2302 680 :
2326 627 2787 697 quemadmodum
2821 628 2979 681 aiunt
2997 626 3103 681 dici
3128 637 3239 682 tres
3267 625 3643 697 philosophos,

2063 727 2157 771 aut
2184 727 2457 784 oratores,
2495 728 2589 773 aut
2606 719 2653 773 si
2679 723 2827 788 quod
2856 727 2942 774 est
2993 717 3140 772 aliud
3162 734 3229 774 ex
3264 718 3447 773 studio
3483 726 3648 788 atque

2062 810 2249 865 officio
2282 826 2504 876 nomen,
2537 826 2663 865 cum
2709 812 2898 880 plures
2952 810 3161 866 fuerint
3213 811 3346 866 socii
3398 812 3647 881 ejusdem

2063 907 2186 960 vita:
2212 906 2468 961 instituti.
2520 906 2697 975 Atque
2725 906 2839 960 hinc
2897 906 3213 977 diligentius
3256 922 3320 961 ac
3361 909 3533 977 magis
3564 909 3648 962 in-

2064 996 2275 1050 dustrie
2299 997 2644 1067 amplificavi,
2675 996 3119 1053 adversariorum
3170 1014 3236 1053 ex
3284 1000 3539 1068 opposito
3565 1001 3649 1053 in-

2068 1091 2253 1146 ferens
2279 1093 2607 1153 orationem,
2658 1100 2717 1146 ut
2753 1092 2965 1147 firmius
3016 1107 3079 1147 ac
3123 1094 3329 1148 certius
3372 1094 3527 1147 nobis
3561 1092 3651 1147 de-

2066 1190 2278 1237 cretum
2337 1183 2756 1238 constabiliatur
2794 1182 3152 1238 validioribus
3208 1183 3649 1253 appositionibus

2066 1277 2360 1331 munitum.
2428 1276 2665 1333 Proinde
2722 1294 2786 1333 ex
2826 1280 3043 1347 integro
3086 1277 3244 1330 nobis
3283 1276 3459 1330 oratio
3492 1293 3649 1347 repe—

2066 1369 2227 1421 tenda
2254 1376 2358 1421 est.
2388 1368 2657 1434 Quoniam
2684 1369 2844 1425 nobis
2891 1386 2988 1440 per
3010 1371 3274 1425 orationis
3314 1378 3647 1423 structuram

2067 1460 2869 1515 mediocriterdemonstratum
2921 1470 3026 1529 est,
3075 1462 3363 1533 quodnon
3413 1470 3645 1521 naturae,

2066 1544 2161 1600 sed
2181 1546 2487 1601 efficientia:
2514 1549 2841 1602 vocabulum
2869 1551 3088 1605 deitatis
3139 1553 3231 1615 sit,
3267 1554 3313 1605 si
3346 1552 3472 1621 quis
3509 1550 3652 1606 forte

2068 1635 2211 1690 hanc
2232 1636 2349 1704 ejus
2372 1638 2452 1692 rei
2482 1652 2707 1693 causam
2743 1638 2955 1703 afferat,
2991 1650 3085 1693 aut
3135 1639 3373 1693 absurde
3424 1638 3648 1703 dixerit,

2065 1728 2287 1799 quodin
2325 1729 2636 1785 hominibus
2671 1732 2887 1799 quidem
2941 1732 3224 1801 pluraliter
3255 1748 3371 1793 eos.
3410 1733 3501 1802 qui
3556 1746 3652 1785 eo-

2067 1822 2317 1876 rumdem
2352 1822 2659 1877 studiorum
2682 1831 2733 1876 et
2768 1823 3077 1877 officiorum
3103 1825 3244 1878 inter
3273 1839 3331 1877 se
3359 1822 3653 1892 participes

377 1882 648 1983 ⁸ιτλείονες,
675 1888 797 1942 καθ’
816 1890 1009 1945 ἑαυτὸν
1034 1892 1264 1958 ἕκαστος
1290 1897 1729 1969 ἀποτεταγμένος
1750 1903 1961 1971 ἐνεργεῖ

2068 1929 2131 1968 ac
2156 1914 2288 1970 socii
2316 1915 2446 1976 sint,
2470 1923 2824 1969 inniterentur
2850 1924 2903 1969 et
2929 1916 3281 1970 nominentur
3315 1934 3327 1969 :
3364 1914 3653 1983 singulari-

378 1974 439 2027 τὸ
468 1978 850 2049 προκείμενον,
884 1984 1037 2037 οὐδὲν
1086 1986 1455 2043 ἐπικοινωνῶν
1486 1991 1543 2043 ἐν
1576 1994 1640 2060 τῇ
1683 1992 1803 2044 καθ’
1833 1993 1961 2045 ἐαυ-

376 2066 468 2121 τὸν
498 2066 762 2144 ἐνεργείεει⁶
802 2074 938 2145 πρὸς
986 2076 1114 2140 τοὺς
1158 2079 1219 2131 τὸ
1252 2074 1367 2132 ἴσον
1410 2081 1846 2152 ἐπιτηδεύοντας.
1897 2085 1959 2137 Εἰ

377 2159 487 2230 γὰρ
509 2163 602 2215 καὶ
632 2164 872 2231 πλείονες
896 2162 1007 2222 εἷεν
1035 2171 1083 2223 οἰ
1119 2173 1370 2243 ῥήτορες,
1404 2173 1465 2226 τὸ
1499 2175 1595 2244 μὲν
1624 2177 1959 2249 ἐπιτήδευμα

377 2252 437 2305 ἓν
481 2253 562 2318 ὃν,
609 2257 669 2310 τὸ
714 2260 849 2314 αὐτὸ
892 2263 951 2315 ἐν
982 2266 1096 2328 τοῖς
1129 2265 1369 2319 πλείοσιν
1398 2268 1568 2338 ὄνομα
1619 2268 1772 2340 ἔχει·
1820 2272 1869 2323 οἰ
1904 2271 1960 2325 δέ

382 2346 655 2413 μετιόντες
683 2351 803 2404 καθ’
831 2354 1021 2407 ἑαυτὸν
1041 2339 1271 2421 ἕκαστος
1298 2359 1611 2429 ἐνεργοῦσιν
1639 2339 1656 2392 ’ί
1689 2361 1831 2424 ἰδίως
1864 2365 1959 2431 ρη-

376 2438 614 2508 τορεύων
644 2443 673 2494 6
702 2442 871 2511 δεῖνα,
900 2447 995 2500 καὶ
1027 2448 1171 2512 ἰδίως
1203 2452 1232 2503 6
1263 2450 1467 2522 ἕτερος.

2069 2012 2152 2058 ter
2202 2020 2331 2058 vero
2371 2020 2573 2059 numen
2611 2005 2854 2059 divinum
2908 2015 3167 2076 tanquam
3224 2022 3368 2060 unus
3414 2006 3555 2061 Deus
3591 2017 3647 2060 et

2071 2110 2178 2148 una
2213 2096 2388 2149 deitas
2423 2096 2662 2161 dicatur,
2719 2099 2934 2151 etiamsi
2968 2107 3078 2153 tres
3123 2099 3447 2169 bypostases
3474 2098 3544 2152 ab
3564 2112 3650 2159 ea,

2067 2202 2191 2257 quae
2217 2187 2271 2240 in
2298 2187 2503 2242 deitate
2530 2196 2774 2257 apparet,
2801 2189 3199 2260 significatione
3221 2206 3329 2245 non
3356 2204 3651 2245 secernan-

2069 2280 2178 2325 tur.
2208 2272 2418 2340 Quippe
2464 2286 2590 2325 cum
2644 2272 2897 2328 homines
2931 2274 3174 2344 quidem,
3226 2275 3441 2330 etiamsi
3469 2274 3654 2345 plures

2068 2364 2314 2433 ejusdem
2337 2365 2448 2419 sint
2475 2362 2666 2428 officii,
2695 2365 2975 2435 sigillatim
3009 2368 3246 2438 quisque
3298 2369 3524 2435 (tamen)
3563 2382 3651 2421 sc-

2068 2453 2296 2521 junctus
2349 2451 2460 2521 agit
2511 2460 2565 2505 et
2620 2461 2880 2521 operatur
2917 2456 2970 2509 id
3018 2458 3163 2526 quod
3204 2456 3305 2513 sibi
3360 2457 3655 2526 sumpserit

376 2533 1353 2604 efﬁciendum,nihilcemmunicans
1386 2549 1441 2602 in
1476 2564 1575 2603 sua
1600 2550 1815 2605 actione
1837 2566 1961 2605 cum
2003 2549 2093 2611 iis,
2149 2547 2242 2617 qui
2299 2546 2549 2616 ejusdem
2590 2555 2721 2601 sunt
2775 2548 2942 2604 officii
2982 2560 3143 2622 atque
3200 2551 3458 2606 instituti.
3517 2548 3654 2603 Nam

374 2631 476 2686 etsi
509 2633 693 2702 plures
758 2638 961 2694 fuerint
1020 2650 1289 2706 oratores.
1350 2646 1589 2701 studium
1639 2646 1858 2716 quidem
1918 2656 1971 2699 et
2008 2644 2249 2698 officium
2308 2659 2430 2698 cum
2484 2644 2556 2697 sit
2583 2660 2772 2709 unum,
2808 2645 2947 2700 idem
2978 2648 3029 2701 in
3066 2647 3313 2717 pluribus
3332 2662 3528 2702 nomen
3558 2644 3657 2698 ba-

379 2725 508 2791 bet;
541 2729 635 2798 qui
660 2741 845 2788 autem
878 2736 930 2790 id
956 2747 1210 2803 tractant,
1242 2740 1520 2810 sigillatim
1553 2742 1786 2810 quisque
1810 2742 1961 2795 solus
2001 2755 2160 2796 suum
2186 2740 2461 2810 negotium
2495 2748 2663 2809 agunt
2692 2758 2705 2793 :
2730 2755 2981 2795 seorsum
3055 2740 3164 2803 ille,
3212 2740 3450 2809 itemque
3517 2738 3657 2791 alter

376 2823 670 2890 separatim
709 2831 1003 2884 oratoriam
1034 2843 1378 2888 exercentes.

450 2956 662 3009 Οὑκοῦν
694 2959 751 3011 ἐν
800 2960 902 3029 μὲν
938 2965 1053 3025 τοῖς
1085 2962 1423 3033 ἀνθρώποις,
1456 2964 1645 3033 ἐπειδὴ
1683 2964 1955 3036 διακεκρι-

380 3046 514 3118 μένη
554 3048 702 3103 ἐστὶν
738 3052 771 3121 ἡ
808 3052 864 3103 ἐν
890 3056 1002 3114 τοῖς
1043 3054 1225 3118 αὑτοῖς
1264 3055 1693 3126 ἐπιτηδεύμασιν
1724 3057 1955 3110 ἑκάστου

376 3139 645 3209 ἐνέργεια,
676 3143 878 3213 κυρίως
903 3146 1085 3199 πολλοὶ
1112 3146 1487 3217 ὀνομάζονται,
1510 3149 1741 3202 ἑκάστου
1774 3149 1953 3201 αὐτῶν

2139 2958 2308 3031 Igitur
2332 2959 2389 3014 in
2439 2960 2755 3018 hominibus
2784 2965 3031 3033 quidem,
3073 2965 3516 3036 quandoquidem
3553 2967 3659 3022 dis-

2065 3062 2215 3108 creta
2272 3054 2546 3125 cujusque
2585 3058 2758 3111 estin
2802 3058 2996 3114 iisdem
3049 3059 3241 3115 ofliciis
3284 3070 3337 3115 et
3389 3061 3658 3118 institutis

2063 3147 2209 3200 actio
2257 3155 2423 3216 atque
2462 3150 2747 3217 operatio,
2799 3152 3019 3222 proprie
3073 3154 3230 3207 multi
3276 3153 3655 3218 nominantur,

377 3233 457 3294 εἰς
491 3231 626 3286 ἰδίαν
655 3235 999 3307 περιγραφὴν
1043 3239 1183 3291 κατὰ
1225 3239 1285 3291 τὸ
1318 3240 1615 3311 ἰδιότροπον
1658 3241 1756 3310 τῆς
1804 3244 1953 3311 ἐνερ-

2066 3252 2186 3291 cum
2211 3238 2438 3308 quilibet
2459 3254 2652 3294 eorum
2685 3241 2830 3296 intra
2860 3258 2992 3297 suos
3021 3244 3290 3300 terminos
3313 3260 3412 3315 pro
3445 3246 3659 3301 ratione

377 3324 531 3392 γείας
560 3325 999 3397 ἁποτεμνομένου
1036 3330 1146 3384 τῶν
1178 3332 1374 3387 ἄλλων.
1420 3335 1542 3387 Ἐπὶ
1578 3334 1633 3386 δὲ
1673 3335 1770 3404 τῆς
1804 3334 1953 3396 θείας

380 3415 595 3485 φύσεως
616 3457 631 3482 ,
662 3418 760 3489 οὑχ
787 3419 958 3485 οὕτως
990 3422 1288 3493 ἐμάθομεν,
1326 3426 1408 3479 ὅτι
1438 3428 1467 3479 6
1514 3428 1704 3497 Πατὴρ
1735 3429 1879 3479 ποιεῖ
1907 3444 1958 3479 τι

380 3508 503 3562 καθ’
530 3511 739 3576 ἑαυτὸν,
765 3506 827 3567 οὗ
856 3513 931 3585 μὴ
959 3517 1362 3584 συνεφάπτεται
1396 3520 1424 3572 6
1460 3519 1606 3583 Υίός.
1640 3521 1711 3572 Ἢ
1750 3519 1910 3573 πάλιν
1933 3522 1960 3573 6

380 3598 509 3664 Υἱὸς
550 3601 859 3667 ἰδιαζόντως
896 3607 1109 3678 ἐνεργεῖ
1153 3627 1208 3661 τι
1252 3610 1421 3681 χωρὶς
1471 3612 1565 3664 τοῦ
1620 3611 1956 3683 Πνεύματος.

394 3690 556 3744 Ἀλλὰ
596 3694 744 3745 πᾶσα
782 3695 1035 3768 ἐνέργεια
1078 3700 1111 3769 ἡ
1146 3698 1329 3753 θεόθεν
1380 3702 1472 3754 ἐπὶ
1510 3702 1607 3772 τὴν
1640 3704 1819 3756 κτίσιν
1851 3703 1961 3773 διή-

381 3798 573 3848 κουσα,
614 3785 875 3839 καὶκατὰ
906 3786 1007 3851 τὰς
1041 3788 1411 3860 πολυτρόπους
1450 3792 1659 3852 ἐννοίας
1696 3794 1961 3863 ὀνομαζο-

384 3874 540 3946 μένη,
567 3876 631 3930 ἐκ
656 3879 866 3948 Πατρὸς
883 3880 1195 3951 άφορμᾶται
1222 3884 1315 3935 καὶ
1340 3883 1428 3936 διὰ
1450 3883 1542 3937 τοῦ
1567 3884 1697 3938 Υἱοῦ
1720 3886 1956 3955 πρόεισι,

379 3968 475 4021 καὶ
507 3971 565 4022 ἐν
602 3969 680 4040 τῷ
724 3970 1001 4041 Πνεύματι
1039 3972 1116 4043 τῷ
1151 3975 1291 4045 ἁγίῳ
1322 3973 1638 4029 τελειοῦται.
1681 3976 1779 4029 Διὰ
1806 3977 1961 4031 τοῦτο

380 4062 461 4124 εἰς
495 4060 702 4132 πλῆθος
734 4061 843 4116 τῶν
869 4065 1235 4134 ἐνεργούντων
1262 4066 1323 4120 τὸ
1355 4067 1526 4138 ὄνομα
1557 4068 1655 4138 τῆς
1684 4069 1962 4140 ἐνεργείας

380 4154 441 4205 οὑ
475 4154 844 4225 διασχίζεται,
872 4159 953 4212 ὅτι
982 4160 1081 4213 οὑκ
1131 4160 1548 4230 ἀποτεταγμένη
1583 4161 1814 4214 ἑκάστου
1865 4164 1961 4216 καὶ

384 4247 661 4313 ῐδιάζουσά
686 4252 834 4305 ἐστιν
866 4253 899 4323 ἡ
938 4254 1065 4325 περί
1098 4271 1150 4305 τι
1179 4254 1383 4325 σπουδή
1406 4271 1419 4284 ’
1450 4254 1567 4307 ἀλλ’
1606 4255 1742 4327 ὅπερ
1772 4255 1837 4308 ἂν
1868 4255 1958 4323 γί-

378 4359 527 4395 νεται
560 4341 671 4395 τῶν
711 4345 818 4397 εἴτε
864 4345 942 4408 εἰς
997 4346 1093 4415 τὴν
1133 4346 1407 4415 ἡμετέραν
1442 4346 1699 4415 πρόνοιαν
1732 4346 1960 4415 φθανόν-

379 4452 505 4500 των,
535 4436 643 4487 εῖτε
670 4436 805 4507 πρὸς
833 4436 932 4507 τὴν
964 4437 1056 4489 τοῦ
1086 4437 1285 4501 παντὸς
1307 4440 1617 4508 οἰκονομίαν
1647 4440 1741 4492 καὶ
1767 4438 1964 4492 σύστα-

382 4542 486 4590 σιν,
516 4524 604 4578 διὰ
630 4526 739 4578 τῶν
768 4526 937 4596 τριῶν
966 4528 1061 4597 μὲν
1098 4528 1327 4595 γίνεται,
1363 4530 1422 4582 οὑ
1455 4529 1559 4599 μὴν
1592 4531 1718 4600 τρία
1750 4532 1866 4585 ἐστὶ
1893 4531 1964 4585 τά

379 4615 657 4686 γινόμενα.
697 4616 998 4689 Νοήσωμεν
1038 4618 1093 4670 δὲ
1128 4618 1188 4671 τὸ
1220 4618 1532 4690 λεγόμενον,
1565 4622 1649 4690 ἐφ’
1680 4623 1797 4685 ἐνός
1817 4640 1961 4688 τινος

378 4706 703 4775 πράγματος
723 4723 737 4736 ο
775 4706 868 4759 ἀπ’
904 4704 1068 4760 αὑτοῦ
1093 4705 1238 4774 λέγω
1265 4706 1359 4759 τοῦ
1390 4708 1684 4776 κεφαλαίου
1720 4706 1829 4761 τῶν
1860 4725 1961 4779 χα-

386 4797 665 4867 ρισμάτων
699 4798 843 4867 ζωῆς
880 4796 1200 4867 τετύχηκεν,
1230 4799 1329 4851 ὅσα
1362 4798 1653 4868 μετείληφε
1682 4802 1781 4870 τῆς
1818 4800 1967 4872 χάρι-

381 4905 473 4953 τος
511 4888 737 4961 ταύτης.
789 4888 1164 4954 Ἐξετάζοντες
1198 4884 1289 4941 οὖν
1326 4888 1488 4941 πόθεν
1526 4891 1656 4958 ἡμῖν
1693 4890 1882 4958 γέγονε
1906 4891 1967 4943 τὸ

380 4979 620 5033 τοιοῦτον
671 4980 897 5049 ἀγαθὸν,
941 4980 1266 5051 εὑρίσκομεν
1310 4979 1397 5032 διά
1436 4980 1535 5048 τῆς
1574 4979 1682 5031 τῶν
1735 4980 1968 5050 Γραφῶν

382 5072 624 5143 ὁδηγίας,
642 5073 724 5125 ὅτι
743 5074 806 5124 ἐκ
827 5073 1042 5144 Πατρὸς
1062 5073 1154 5125 καὶ
1176 5071 1305 5124 Υἱοῦ
1327 5072 1421 5124 καὶ
1445 5070 1757 5141 Πνεύμανος
1786 5073 1963 5139 ἁγίου.

394 5163 534 5215 Ἀλλ’
563 5163 663 5216 οὑκ
695 5162 883 5233 ἐπειδὴ
916 5161 1043 5233 τρία
1075 5160 1444 5231 ὑποτιθέμεθα
1476 5161 1751 5232 πρόσωπά
1773 5178 1832 5213 τε
1874 5161 1969 5213 καὶ

383 5254 657 5325 ὀνόματα,
694 5255 844 5324 τρεῖς
876 5254 969 5307 καὶ
1018 5252 1162 5317 ζωὰς
1208 5252 1353 5315 ἰδίως
1387 5253 1515 5321 μίαν
1561 5254 1689 5323 παρ’
1737 5254 1968 5306 ἑκάστου

384 5346 563 5399 αὑτῶν
611 5345 951 5416 δεδωρῆσθαι
996 5346 1128 5416 ⁴ἡμῖν
1179 5343 1505 5414 λογιζόμεθα
1532 5360 1545 5373 ·
1577 5344 1695 5397 ἀλλ’
1742 5345 1775 5415 ή
1817 5344 1954 5415 αὑτὴ

384 5442 499 5513 ζωὴ
542 5443 637 5495 καὶ
672 5442 823 5514 παρὰ
852 5440 945 5496 τοῦ
972 5441 1186 5513 Πατρὸς
1212 5442 1535 5512 ἐνεργεῖται,
1572 5441 1667 5495 καὶ
1696 5442 1846 5513 παρὰ
1876 5441 1968 5495 τοῦ

388 5530 519 5585 Υίοῦ
555 5533 905 5604 ἐτοιμάςεται
929 5572 945 5599 ,
995 5532 1089 5584 καὶ
1124 5532 1223 5602 τῆς
1252 5531 1347 5584 τοῦ
1388 5529 1705 5601 Πνεύματος
1735 5532 1967 5602 ἐξῆπται

389 5623 715 5695 βουλήσεως.

473 5772 689 5842 Ἐπειδὴ
731 5772 914 5826 τοίνυν
947 5771 1067 5825 καθ’
1097 5771 1392 5842 ὁμοιότητα
1418 5767 1512 5822 τοὺ
1541 5769 1831 5841 εἰρημένου
1868 5775 1975 5824 πᾶ-

392 5882 490 5917 σαν
530 5862 809 5934 ἐνέργειαν
840 5863 901 5916 οὐ
935 5862 1274 5934 διῃρημένως
1313 5864 1526 5933 ἐνεργεῖ
1567 5861 1706 5916 κατὰ
1745 5864 1832 5917 τὸν
1870 5863 1976 5921 τῶν

1994 4582 2041 4641 D

2065 3328 2150 3382 sui
2178 3328 2476 3398 peculiaris
2506 3332 2717 3401 negotii
2746 3333 2815 3386 ab
2866 3334 2992 3387 aliis
3021 3343 3328 3406 separetur.
3364 3337 3435 3390 At
3490 3337 3545 3391 in
3571 3337 3661 3392 di-

2062 3419 2192 3472 vina
2247 3426 2446 3473 natura
2489 3435 2600 3474 non
2650 3422 2727 3475 ita
2773 3420 3067 3477 didicimus
3116 3425 3264 3494 quod
3297 3425 3457 3481 Pater
3497 3426 3662 3481 faciat

2062 3509 2263 3579 aliquid
2297 3526 2389 3579 per
2428 3526 2487 3565 sc
2519 3512 2691 3577 solus,
2726 3513 2871 3582 quod
2904 3513 3073 3569 Filius
3126 3531 3237 3570 non
3284 3534 3391 3571 una
3426 3532 3549 3572 cum
3594 3534 3662 3573 eo

2063 3607 2333 3669 capessat.
2349 3601 2454 3654 Aut
2470 3599 2641 3657 Filius
2660 3618 2851 3656 rursus
2872 3605 3224 3671 peculiariter
3250 3607 3452 3676 aliquid
3472 3612 3661 3679 opere-

2060 3699 2151 3744 tur
2179 3692 2385 3761 absque
2415 3691 2643 3761 Spiritu.
2684 3690 2791 3747 Sed
2815 3694 2995 3746 omnis
3032 3696 3174 3748 actio
3191 3694 3260 3749 ad
3285 3704 3592 3751 creaturam
3630 3714 3661 3751 a

2063 3781 2174 3837 Deo
2197 3784 2540 3852 perveniens,
2574 3800 2696 3853 qua:
2714 3784 3014 3838 secundum
3038 3787 3213 3842 varias
3231 3788 3481 3842 notiones
3499 3796 3663 3858 atque

2062 3877 2534 3932 eonsiderationes
2560 3892 2760 3931 nomen
2782 3878 2999 3948 accipit.
3026 3895 3056 3932 a
3086 3877 3247 3934 Patre
3268 3880 3659 3948 proficiscitur,

2062 3962 2116 4022 ι⁵ι
2139 3984 2233 4038 per
2260 3967 2453 4023 Filitnn
2491 3969 2988 4039 progreditur,etin
3008 3968 3211 4040 Spiritu
3238 3979 3429 4025 sancto
3446 3971 3661 4041 perfici-

2064 4068 2176 4113 tur.
2228 4060 2441 4115 ldcirco
2492 4061 2546 4115 in
2608 4060 3009 4116 multitudinem
3057 4062 3401 4132 operantium
3456 4077 3659 4117 nomen

2063 4154 2327 4209 efficacia:
2365 4170 2478 4209 non
2533 4154 2825 4217 scinditur,
2858 4156 3117 4223 quoniam
3169 4172 3278 4210 non
3341 4163 3661 4226 separatum

2064 4247 2332 4318 cujusque
2360 4254 2523 4317 atque
2546 4247 2823 4316 peculiare
2848 4248 2994 4302 circa
3013 4249 3254 4317 aliquam
3279 4264 3393 4303 rem
3418 4248 3660 4303 studium

2064 4348 2149 4395 est
2179 4358 2191 4393 :
2228 4340 2322 4396 sed
2354 4339 2621 4410 quidquid
2651 4340 2732 4403 fit,
2774 4341 2919 4410 quod
2945 4341 3029 4396 vel
3059 4340 3127 4395 ad
3154 4340 3332 4396 nostri
3371 4342 3662 4412 providen-

2065 4432 2221 4495 tiam,
2273 4430 2356 4485 vel
2385 4429 2452 4484 ad
2504 4445 2731 4485 summa:
2786 4447 2971 4486 rerum
3020 4431 3559 4488 administrationem
3606 4441 3663 4487 et

2068 4524 2518 4579 constitutionem
2562 4523 2855 4593 pertineat,
2900 4539 2995 4593 per
3034 4534 3145 4578 tres
3191 4524 3410 4595 quidem
3442 4526 3523 4587 lit,
3552 4540 3661 4580 non

2067 4624 2247 4669 tamen
2276 4615 2380 4668 tria
2419 4622 2568 4680 sunt,
2596 4630 2717 4685 qua:
2772 4615 2928 4671 fiunt.
2975 4614 3345 4685 Intelligenius
3395 4624 3576 4669 autem
3607 4615 3660 4670 id

2066 4706 2211 4777 quod
2240 4706 2442 4761 dicitur
2476 4724 2571 4778 per
2607 4723 2771 4762 unam
2804 4708 3044 4777 aliquam
3073 4724 3186 4762 rem
3214 4726 3227 4761 :
3271 4707 3339 4761 ab
3376 4707 3517 4777 ipso,
3574 4706 3663 4762 in-

2076 4813 2265 4866 quam,
2301 4798 2479 4867 capite
2526 4799 2938 4867 beneficiorum,
2970 4801 3138 4855 vitam
3172 4809 3474 4855 consecuta
3492 4808 3661 4864 'sunt,

2069 4906 2410 4962 quacunque
2440 4892 2494 4946 in
2521 4892 2685 4962 hujus
2717 4892 2968 4948 beneficii
3008 4892 3327 4948 societatem
3372 4902 3659 4948 venerunt.

2072 4981 2127 5035 Si
2164 4990 2476 5036 scrutemur
2530 4983 2714 5051 igitur,
2741 4985 2888 5037 unde
2913 4983 3073 5038 nobis
3103 4982 3208 5037 tale
3238 4983 3440 5037 bonum
3488 4984 3666 5037 couti-

2071 5076 2231 5144 gerit,
2258 5091 2324 5129 ex
2345 5078 2868 5131 commonstratione
2893 5075 3303 5145 Scripturarum
3335 5076 3659 5144 reperimus,

2072 5167 2127 5221 id
2160 5167 2324 5223 nobis
2357 5169 2656 5239 contigisse
2686 5184 2715 5222 a
2766 5168 2927 5222 Patre
2957 5177 3011 5222 et
3039 5165 3177 5221 Filio
3203 5176 3257 5222 et
3292 5166 3497 5238 Spiritu
3530 5183 3657 5223 san-

2072 5267 2181 5313 cto.
2216 5259 2284 5311 At
2315 5273 2422 5312 non
2447 5261 2706 5329 quoniam
2748 5268 2861 5316 tres
2903 5275 3167 5329 personas
3190 5275 3253 5314 ac
3284 5260 3389 5315 tria
3436 5261 3661 5314 nomina

2071 5350 2453 5421 proponimus,
2482 5360 2595 5407 tres
2650 5353 2814 5407 etiam
2860 5354 3024 5416 vitas,
3062 5354 3355 5423 separatim
3407 5367 3569 5407 unam
3595 5353 3666 5408 ab

2073 5458 2408 5514 unoquoque
2436 5458 2627 5499 eorum
2660 5445 2911 5516 largitam
2939 5445 3096 5501 nobis
3128 5460 3253 5501 esse
3285 5444 3617 5500 arbitramur
3644 5462 3662 5511 ;

2081 5535 2174 5589 sed
2213 5534 2405 5590 eadem
2447 5535 2559 5589 vita
2589 5543 2643 5590 et
2709 5552 2738 5590 a
2810 5536 2970 5592 Patre
3011 5544 3324 5607 prastatur,
3377 5545 3431 5593 et
3464 5553 3495 5591 a
3524 5535 3665 5591 Filio

2075 5628 2383 5699 expeditur,
2407 5635 2461 5684 et
2486 5644 2515 5683 a
2538 5626 2779 5699 Spiritus
2810 5629 3010 5699 pendet
3040 5629 3342 5685 voluntate.

2153 5774 2423 5838 Quoniam
2482 5774 2649 5845 igitur
2703 5775 2769 5829 ad
2842 5774 3257 5830 similitudinem
3313 5773 3455 5843 ejus.
3515 5771 3665 5843 quod

2082 5866 2246 5921 modo
2272 5865 2480 5921 dictum
2507 5874 2612 5933 est,
2638 5882 2745 5923 non
2769 5868 2986 5924 divisim
3009 5883 3107 5940 pro
3143 5882 3372 5924 numero
3407 5866 3666 5939 lsyposta-
