4066 6374
450 404 553 459 127

1655 403 1714 459 S.
1750 399 2078 458 GliEGORll
2112 400 2158 454 ,Ν
2173 400 2408 488 YSSE‘NI

3619 405 3718 460 4‘28

450 531 580 569 scon
636 520 827 569 sancta
901 513 1145 578 Trinitas
1180 529 1398 570 omnem
1425 518 1698 573 actionem
1747 525 2030 589 operatur,

2161 520 2486 572 ιποστάσεων
2539 519 2768 591 ἀριθμὸν
2797 523 2851 592 ’ἡ
2894 521 3022 589 ἁγία
3064 518 3262 587 Τριὰς,
3317 519 3452 572 ἀλλὰ
3494 517 3590 588 μία
3637 535 3720 578 τις

449 612 545 662 ενα
575 623 716 662 unus
749 607 966 677 quidem
1005 609 1158 664 bona:
1188 610 1486 664 voluntatis
1522 623 1726 675 motus,
1789 627 1895 664 una
1927 612 2042 666 dis-

449 703 654 772 positio
716 709 823 765 est,
889 717 1011 770 qua:
1039 717 1069 756 a
1104 701 1262 756 Patre
1311 718 1409 772 per
1447 700 1648 769 Filium
1680 703 1746 756 ad
1775 701 2041 772 Spiritum

454 810 626 862 usque
687 793 977 848 deducitur
1020 802 1181 864 atque
1225 794 1525 865 dirigitur:
1578 795 2040 864 quemadmodum

454 901 562 939 non
591 887 827 941 dicimus
857 894 968 941 tres
999 888 1344 942 viviticantes
1371 904 1488 953 eos,
1548 889 1643 958 qui
1679 903 1843 941 unam
1871 888 2042 941 vitam

454 986 734 1047 praestant,
760 995 934 1048 neque
960 989 1070 1034 tres
1117 980 1309 1045 bonos,
1342 980 1435 1050 qui
1489 979 1542 1033 in
1582 980 1769 1035 eadem
1803 979 2044 1033 bonitate

455 1068 898 1130 considerantur,
929 1083 1030 1122 nec
1056 1069 1264 1138 reliqua
1321 1070 1505 1124 omnia
1541 1071 1829 1138 pluraliter
1869 1087 2046 1124 enun—

455 1165 699 1218 tiamus:
757 1163 947 1217 eodem
998 1163 1160 1218 modo
1191 1181 1369 1233 neque
1401 1172 1514 1219 tres
1565 1165 1700 1220 deos
1756 1167 2047 1219 nominare

453 1271 749 1326 possumus
771 1271 888 1318 eos,
914 1256 1006 1326 qui
1044 1256 1184 1310 hanc
1205 1256 1414 1328 θεικήν,
1451 1258 1504 1311 id
1535 1268 1639 1320 est,
1665 1257 1900 1311 divinam
1935 1260 2049 1312 sive

453 1347 815 1414 inspeclricem
862 1349 1121 1401 virtutem
1171 1356 1224 1403 et
1259 1350 1533 1403 actionem
1595 1359 1711 1402 tum
1775 1351 1828 1403 in
1865 1350 2046 1412 nobis,

453 1447 568 1491 tum
603 1439 676 1496 in,
709 1439 858 1492 omni
889 1448 1163 1506 creatura,
1195 1441 1534 1508 coniunctim
1578 1449 1631 1494 et
1670 1456 1778 1494 non
1825 1455 2051 1510 separa-

408 1522 552 1596 ftim
614 1547 711 1601 per
753 1547 874 1586 sese
926 1533 1160 1585 invicem
1216 1544 1494 1589 exercent.
1543 1531 1608 1588 Ut
1638 1533 1782 1588 enim
1819 1533 1886 1586 de
1941 1531 2052 1586 Deo

404 1601 412 1611 ’
455 1636 684 1675 summa:
715 1636 896 1675 rerum
937 1621 1084 1675 docti
1121 1620 1407 1692 Scriptura
1455 1622 1690 1685 dicente,
1726 1622 1873 1692 quod
1904 1621 2052 1690 judi—

455 1721 540 1764 cet
559 1727 773 1766 omnem
807 1720 1029 1773 terram,
1051 1711 1294 1780 judicem
1316 1729 1438 1768 eum
1466 1713 1846 1768 universarum
1869 1728 2052 1768 rerum

459 1817 556 1870 per
593 1801 790 1856 Filium
825 1819 946 1857 esse
996 1803 1232 1858 dicimus
1275 1822 1287 1857 :
1324 1819 1388 1857 ac
1425 1819 1618 1858 rursus
1652 1806 1742 1859 ubi
1775 1803 2054 1859 audiveri-

459 1909 602 1959 mus,
630 1894 774 1963 quod
801 1893 963 1949 Pater
986 1897 1260 1950 neminem
1279 1895 1512 1964 judicet,
1533 1913 1639 1950 non
1670 1899 2050 1953 existimamus

461 2001 701 2055 pugnare
734 2003 918 2042 secum
951 1987 1314 2056 Scripturam.
1349 1987 2050 2058 Namquijudicatomnem

460 2087 683 2146 terram,
720 2096 814 2150 per
845 2080 1066 2143 Filium,
1110 2081 1198 2136 cui
1228 2097 1390 2135 omne
1415 2082 1908 2151 deditjudieium',
1949 2085 2050 2139 hoc

461 2171 592 2226 facit
624 2192 636 2226 :
666 2188 732 2226 ac
773 2174 1038 2243 quidquid
1073 2189 1169 2243 per
1207 2173 1562 2244 Unigenitum
1624 2177 1701 2239 (it,
1731 2176 1797 2229 ad
1832 2175 2049 2230 Patrem

459 2265 784 2320 relationem
813 2265 995 2327 habet,
1032 2275 1091 2319 ut
1122 2273 1177 2320 et
1208 2267 1321 2335 ipse
1345 2266 1512 2334 judex
1541 2267 1923 2322 universarum
1963 2283 2052 2321 re-

459 2373 580 2409 rum
608 2357 700 2421 sit,
736 2365 791 2411 et
840 2357 1112 2411 neminem
1138 2357 1372 2426 judicet,
1422 2359 1622 2427 quippe
1679 2375 1828 2422 cum,
1879 2367 1938 2412 ttt
1971 2359 2054 2412 di-

461 2457 609 2503 ctum
651 2458 757 2512 est,
804 2448 1074 2517 judicium
1103 2465 1265 2503 mune
1322 2447 1464 2503 Filio
1504 2450 1739 2514 dederit,
1774 2461 1826 2504 et
1891 2466 2054 2504 omne

459 2540 727 2610 judicium
761 2541 886 2609 Filii
916 2557 946 2594 a
967 2540 1148 2596 Patris
1177 2545 1458 2600 voluntate
1485 2544 1762 2599 diversum
1797 2561 1905 2598 non
1936 2547 2007 2598 sit
2037 2563 2050 2598 :

463 2647 566 2688 nec
606 2641 751 2686 recte
781 2633 906 2702 quis
937 2633 1160 2692 dixerit,
1207 2635 1290 2687 vel
1319 2635 1461 2690 duos
1511 2634 1754 2702 jmliees,
1806 2636 1888 2688 vel
1919 2637 2054 2689 alte-

463 2740 584 2777 rum
613 2725 882 2794 privatum
911 2739 973 2776 ac
997 2725 1293 2794 spoliatum
1320 2743 1440 2780 esse
1467 2728 1666 2781 virtute
1693 2744 1755 2781 ac
1785 2738 2053 2798 potestate

459 2814 744 2883 iudicandi
780 2833 792 2869 :
827 2817 898 2876 ita
927 2816 1090 2868 etiam
1127 2817 1178 2868 in
1204 2817 1505 2871 divinitatis
1538 2820 1765 2879 ratione,
1799 2819 2052 2874 Christus

468 2906 558 2958 Dei
592 2909 787 2971 virtus,
819 2916 873 2962 et
901 2906 992 2961 Dei
1021 2909 1290 2978 sapientia
1315 2919 1400 2962 est
1438 2927 1450 2962 :
1482 2919 1644 2980 atque
1669 2911 2051 2980 inspectricem

467 3014 530 3051 ac
564 2999 840 3070 θεατικήν,
883 2999 936 3053 id
978 3009 1081 3061 est,
1151 3001 1516 3068 spectatricem
1586 3005 1850 3062 virtutem.
1891 3018 2052 3070 quam

468 3091 731 3144 nimirum
773 3090 1003 3159 θεότητα
1046 3091 1097 3144 id
1128 3101 1214 3144 est
1269 3092 1521 3146 deitatem
1556 3093 1672 3148 sive
1723 3095 2054 3146 divinitatem

467 3187 725 3252 dicimus,
754 3202 850 3256 per
881 3187 1235 3254 Unigenitum
1271 3185 1435 3242 Pater
1469 3197 1748 3258 operatur,
1801 3187 1936 3242 Filio
1965 3207 2056 3243 au-

469 3289 578 3333 tem
603 3294 819 3333 omnem
849 3280 1103 3332 virtutem
1136 3280 1190 3333 in
1223 3279 1430 3349 Spiritu
1494 3289 1685 3336 sancto
1717 3283 2052 3350 pertit-iente,

470 3384 532 3425 ac
560 3370 847 3439 judicante
871 3371 1091 3438 quidem
1122 3411 1135 3434 ,
1167 3379 1229 3426 ut
1263 3371 1431 3427 Isaias
1459 3373 1612 3437 dicit,
1659 3374 1712 3426 in
1748 3375 1943 3443 spiritu
1965 3374 2056 3442 ju-

471 3465 625 3530 dicii,
661 3473 714 3518 et
743 3465 944 3534 spiritu
978 3466 1329 3521 adustionis“
1357 3485 1369 3521 :
1410 3475 1672 3536 operante
1706 3469 1832 3520 item
1859 3483 2058 3520 secun-

473 3556 602 3608 dum
636 3555 913 3626 Evangelii
956 3571 1164 3620 vocem,
1195 3572 1355 3626 quam
1385 3557 1448 3610 ad
1481 3555 1698 3611 Judaaos
1743 3557 1930 3610 edidit.
1969 3558 2060 3609 Di—

473 3651 548 3700 cit
564 3647 711 3700 enim
737 3647 757 3676 '
783 3663 795 3698 :
823 3664 840 3696 ι
875 3643 929 3698 Si
965 3655 1145 3699 autem
1176 3662 1276 3716 ego
1307 3649 1358 3699 in
1395 3646 1600 3716 Spiritu
1627 3647 1717 3701 Dei
1750 3649 1910 3716 ejicio
1950 3649 2061 3700 da:-

474 3739 656 3791 utonia
693 3755 706 3791 :
754 3755 772 3788 ›
806 3752 836 3790 a
861 3747 1014 3807 parte
1051 3743 1217 3790 totam
1247 3738 1483 3806 speciem
1518 3739 1767 3791 beneﬁcii
1803 3755 2059 3807 compre-

474 3828 721 3884 liendens
738 3843 835 3898 per
853 3843 971 3883 eam
987 3844 1108 3899 qua:
1126 3829 1272 3883 circa
1290 3829 1641 3883 efﬁcientiam
1660 3839 1742 3883 est
1759 3831 2054 3884 unitatem:

475 3937 572 3990 per
606 3937 771 3990 quam
797 3921 1064 3975 unitatem
1096 3931 1285 3974 mutua
1317 3938 1481 3989 opera
1522 3921 1807 3976 eilicientia
1842 3937 2064 3975 exerce-

475 4022 585 4073 tur,
616 4026 786 4065 unum
816 4027 1013 4064 nomen
1048 4012 1351 4066 efﬁcientia:
1379 4014 1430 4065 in
1466 4013 1638 4064 multo
1684 4013 1964 4081 dispertiri
2002 4029 2065 4067 ac

475 4103 646 4158 dividi
695 4118 805 4158 non
836 4112 1040 4174 potest.
1080 4104 1350 4167 Quoniam
1399 4104 1545 4158 enim
1583 4120 1686 4157 una
1719 4105 2064 4174 inspectricis

474 4205 529 4248 ct
557 4193 906 4262 spectatricis
935 4195 1155 4249 virtutis
1214 4196 1354 4248 ratio
1400 4196 1525 4262 (est)
1559 4195 1614 4248 in
1647 4193 1808 4250 Patre
1848 4205 1899 4250 et
1927 4195 2067 4249 Filio

477 4293 532 4337 et
567 4283 776 4352 Spiritu
829 4293 1043 4351 sancto,
1081 4285 1542 4354 quemadmodum
1582 4287 1634 4338 in
1688 4287 2066 4356 superioribus

480 4378 686 4430 dictum
717 4384 825 4442 est,
853 4393 975 4448 quae
1007 4393 1074 4432 ex
1104 4376 1269 4432 Patre
1299 4377 1522 4448 quidem
1555 4386 1816 4448 tanquam
1861 4393 1892 4431 a
1919 4379 2068 4434 {mite

479 4467 719 4534 quodam
765 4466 1157 4538 proficiscitur,
1194 4484 1222 4520 a
1249 4465 1388 4521 Filio
1413 4483 1542 4521 vero
1569 4467 1636 4521 ad
1664 4468 1938 4522 actionem
1975 4468 2070 4521 de.-

480 4561 723 4626 ducitur,
751 4569 805 4616 et
848 4561 905 4615 in
940 4562 1141 4616 virtute
1192 4560 1432 4632 Spiritus
1462 4562 1696 4631 gratiam
1743 4561 1959 4629 perficit
2015 4569 2068 4615 et

481 4661 837 4708 consummat
879 4671 893 4707 :
963 4669 1026 4709 ac
1062 4669 1169 4707 non
1204 4665 1492 4721 separatur
1548 4651 1705 4718 juxta
1739 4651 2068 4722 hypostases

486 4745 593 4798 ulla
630 4744 951 4811 efﬁcientia,
986 4761 1108 4816 qua:
1158 4745 1512 4815 peculiariter
1555 4759 1618 4798 ac
1655 4744 1974 4814 disjunctim
2004 4745 2073 4799 ab

487 4823 816 4907 unaquaque
845 4837 1128 4908 hypostasi
1161 4839 1370 4907 absque
1405 4851 1489 4899 ea,
1530 4852 1653 4908 qua:
1687 4851 1795 4890 una
1829 4837 2074 4892 conside-

487 4939 664 4994 ratur,
692 4929 1007 5001 perﬁciatur
1036 4949 1049 4985 :
1083 4931 1177 4984 sed
1207 4931 1388 4984 omnis
1412 4934 1568 4984 "cura
1601 4929 2070 4999 providentiaque,

487 5031 544 5076 et
573 5023 953 5077 universarum
985 5038 1167 5077 rerum
1200 5023 1526 5082 moderatio,
1556 5031 1666 5074 tam
1695 5037 1908 5087 earum,
1949 5036 2073 5090 qua:

490 5116 639 5168 circa
667 5114 980 5170 sensibilem
1001 5125 1515 5184 creaturam.quam
1546 5131 1666 5184 qua:
1697 5115 1843 5168 circa
1877 5129 2074 5183 supra-

492 5204 827 5259 ntundanam
866 5213 1120 5259 naturam
1148 5212 1469 5274 spectantur
1499 5223 1512 5258 :
1547 5221 1721 5274 eaque
1757 5206 1930 5260 virtus
1953 5221 2074 5274 quac

489 5306 546 5352 et
573 5312 659 5352 res
687 5307 999 5359 conservat,
1022 5305 1076 5352 et
1109 5298 1311 5352 delicta
1363 5297 1611 5367 corrigit,
1665 5304 1718 5351 et
1756 5305 1902 5352 ret-te
1934 5297 2078 5351 facta

491 5387 673 5450 docet,
705 5402 814 5441 una
841 5395 927 5443 est
961 5397 1137 5442 etnon
1169 5399 1301 5454 tres,
1365 5403 1486 5458 quae
1547 5387 1767 5457 quidem
1797 5405 1825 5442 a
1885 5400 2078 5444 sancta

493 5478 764 5534 Trinitate
795 5479 1094 5550 peragitur,
1127 5496 1235 5534 non
1279 5487 1461 5532 tamen
1501 5494 1597 5548 pro
1627 5495 1857 5534 numero
1891 5497 2077 5550 perso-

494 5586 712 5640 narum,
756 5588 876 5643 qua!
907 5573 961 5626 in
999 5573 1103 5628 ﬁde
1153 5572 1598 5634 considerantur,
1637 5572 1900 5624 trifariam
1936 5575 2078 5628 divi-

567 5841 590 5875 ³
627 5839 784 5897 JOan.
824 5857 872 5905 v,
907 5842 996 5894 2-2.
1075 5841 1094 5872 ‘
1133 5841 1230 5896 lsa.
1263 5856 1346 5906 tv,
1392 5840 1442 5893 .i.
1522 5842 1540 5871 ⁷
1582 5838 1771 5892 Matth.
1806 5839 2008 5901 xu,25.

2143 612 2346 678 γίνεται
2385 612 2476 665 τοῦ
2523 613 2729 680 ἀγαθοῦ
2775 613 3076 682 θελήματος
3120 610 3330 682 κίνησίς
3364 627 3423 663 τε
3468 611 3564 663 καὶ
3603 609 3719 662 δια-

2144 703 2412 774 κόσμησις
2432 742 2446 767 ,
2491 707 2555 758 ἐκ
2595 705 2805 775 [lat-cpe;
2835 704 2923 756 διὰ
2945 702 3037 756 τοῦ
3069 702 3197 756 Υἰοῦ
3237 702 3374 772 πρὸς
3409 701 3468 754 τὸ
3495 699 3723 772 Πνεῦμα

2144 794 2501 864 διεξαγομένη
2526 811 2540 824 ⁸
2585 795 2662 858 ὡς
2702 795 2808 865 γὰρ
2846 795 2907 847 οὐ
2945 794 3193 864 ιλὲγομεν
3235 795 3389 864 τρεῖς
3425 792 3723 857 ζωοποιοὺς

2145 885 2270 948 τοὺς
2290 883 2386 956 τὴν
2413 885 2540 958 μίαν
2571 883 2926 956 ἐνεργοῦντας
2959 883 3129 955 ζωὴν,
3159 883 3279 936 οὐδέ
3311 885 3462 953 τρεῖς
3485 881 3724 951 ἀγαθοὺς

2145 975 2272 1039 τοὺς
2319 977 2378 1028 ἐν
2427 977 2563 1048 αὐτῇ
2596 979 2663 1048 τῇ
2701 977 2996 1047 ἁγαθότητι
3031 975 3440 1046 θεωρουμένους
3461 1014 3474 1034 ,
3509 974 3628 1028 οὐδὲ
3657 974 3724 1026 τὰ

2147 1066 2281 1126 ἄλλα
2318 1068 2492 1121 πάντα
2529 1067 2906 1137 πληθυντικῶς
2936 1066 3334 1136 ἐξαγγέλλομεν
3358 1086 3371 1097 ·
3403 1067 3578 1129 οὕτως
3607 1066 3726 1118 οὐδέ

2147 1162 2296 1230 τρεῖς
2337 1161 2505 1223 Θεοὺς
2553 1161 2840 1231 ὀνομάζειν
2885 1159 3196 1229 δυνάμεθα,
3235 1159 3361 1221 τοὺς
3405 1160 3506 1227 τὴν
3545 1156 3728 1227 θεῖκὴν

2148 1252 2374 1322 ταύτην,
2425 1253 2544 1323 ἦτοι
2595 1253 2900 1324 ἐποπτικὴν
2946 1251 3174 1322 δύναμίν
3215 1268 3274 1303 τε
3322 1250 3416 1303 καὶ
3452 1251 3728 1321 ἐνέργειαν

2153 1345 2513 1416 συνημμένως
2539 1347 2633 1398 καὶ
2662 1345 2991 1416 ἀδιακρίτως
3016 1344 3082 1398 δι’
3108 1343 3349 1414 ἀλλήλων
3378 1343 3461 1412 ἐφ’
3486 1345 3517 1412 ἡ
3528 1343 3642 1412 μῶν
3671 1359 3730 1395 τε

2153 1438 2247 1490 καὶ
2292 1438 2474 1509 πάσης
2521 1441 2620 1509 τῆς
2654 1439 2888 1500 κτίσεως
2939 1436 3316 1508 ἐνεργοῦντας.
3372 1436 3582 1506 ’Ὠσπερ
3625 1434 3732 1507 γὰρ

2157 1529 2416 1598 μαθόντες
2449 1531 2576 1601 περὶ
2609 1529 2703 1582 τοῦ
2734 1529 2868 1582 Θεοῦ
2896 1528 3003 1582 τῶν
3023 1529 3159 1582 ὅλων
3181 1529 3277 1599 τῆς
3300 1527 3518 1598 Γραφῆς
3549 1527 3734 1596 λεγού-

2157 1638 2275 1690 σης,
2309 1621 2512 1692 κρίνειν
2549 1622 2711 1674 αὐτὸν
2742 1623 2920 1675 πᾶσαν
2955 1621 3052 1691 τὴν
3081 1621 3205 1690 γῆν,
3250 1620 3441 1691 κριτὴν
3470 1619 3564 1673 τοῦ
3598 1637 3735 1673 παν.

2155 1715 2245 1777 τὸς
2266 1714 2430 1768 αὑτὸν
2455 1710 2595 1768 εἶναι
2623 1714 2709 1768 διὰ
2733 1714 2826 1768 τοῦ
2854 1714 2985 1767 Υἱοῦ
3015 1714 3216 1784 φαμέν.
3243 1715 3353 1766 Καὶ
3377 1715 3541 1767 πάλιν
3571 1713 3735 1766 ἁκού-

2159 1824 2379 1871 σαντες,
2423 1807 2504 1860 ὅτι
2546 1809 2574 1860 ό
2609 1807 2798 1878 Πατὴρ
2834 1808 3010 1877 κρίνει
3051 1807 3243 1861 οὐδένα
3268 1847 3281 1870 ,
3315 1809 3413 1876 οὐχ
3457 1807 3737 1877 ἡγούμεθα

2163 1898 2430 1968 μάχεσθαι
2463 1899 2600 1968 πρὸς
2635 1899 2832 1968 ἑαυτὴν
2873 1898 2968 1969 τὴν
3011 1899 3256 1972 Γραφήν.
3301 1901 3358 1951 ’0
3393 1901 3501 1970 γὰρ
3537 1900 3736 1970 κρίνων

2162 1992 2341 2043 πᾶσαν
2383 1989 2479 2061 τὴν
2522 1990 2625 2059 γῆν
2665 1990 2753 2042 διὰ
2790 1990 2885 2042 τοῦ
2922 1992 3050 2044 Υίοῦ
3073 2033 3088 2057 ,
3130 1987 3173 2059 ᾧ
3202 1995 3381 2060 πᾶσαν
3413 1992 3612 2045 δέδωκε
3643 1993 3739 2064 τὴν

2160 2081 2364 2152 κρίσιν,
2399 2081 2557 2133 τοῦτο
2590 2083 2771 2134 ποιεῖ·
2803 2081 2899 2134 καὶ
2949 2084 3056 2134 πᾶν
3085 2083 3147 2134 τὸ
3179 2083 3332 2152 παρὰ
3367 2082 3462 2135 τοῦ
3509 2083 3740 2150 Μονογε-

2159 2174 2283 2238 νοῦς
2311 2175 2614 2244 γινόμενον,
2653 2177 2730 2238 εἰς
2763 2175 2854 2228 τὸν
2893 2176 3112 2244 Πατέρα
3140 2175 3238 2245 τὴν
3293 2175 3573 2245 ἀναφορὰν
3605 2174 3738 2244 ἔχει,

2160 2263 2299 2316 ὥστε
2325 2265 2415 2316 καὶ
2441 2263 2634 2334 κριτὴν
2665 2264 2826 2316 αὑτὸν
2859 2264 2953 2317 τοῦ
2981 2266 3181 2327 παντὸς
3215 2261 3375 2329 εἶναι,
3415 2264 3508 2317 καὶ
3534 2265 3747 2334 κρίνειν,

2165 2357 2366 2426 μηδένα
2391 2357 2476 2409 διὰ
2504 2357 2564 2408 τὸ
2589 2358 2789 2418 πᾶσαν,
2815 2356 2890 2420 ὡς
2921 2346 3170 2428 εἴρηται,
3187 2355 3285 2427 τὴν
3315 2357 3496 2428 κρίσιν
3522 2355 3600 2426 τῷ
3630 2355 3742 2426 Υἱῷ

2160 2449 2483 2509 δεδωκέναι,
2516 2450 2606 2501 καὶ
2647 2450 2828 2500 πᾶσαν
2866 2447 2963 2518 τὴν
2997 2447 3091 2500 τοῦ
3126 2446 3257 2499 Υἱοῦ
3290 2448 3469 2517 κρίσιν
3513 2446 3606 2499 τοῦ
3641 2463 3744 2500 πα-

2159 2540 2348 2610 τρικοῦ
2390 2539 2462 2610 μὴ
2492 2537 2966 2608 ἁπηλλοτριῶσθαι
3010 2537 3346 2607 βουλήματος
3367 2553 3379 2566 °
3413 2536 3506 2588 καὶ
3548 2537 3648 2589 οὐκ
3677 2535 3743 2589 ἄν

2159 2652 2243 2696 τις
2277 2632 2592 2702 εὐλόγως,
2623 2631 2715 2683 δύο
2745 2631 2938 2701 κριτὰς
2967 2629 3132 2692 εἴποι,
3173 2630 3205 2700 ἢ
3241 2630 3332 2682 τὸν
3367 2629 3554 2700 ἓτερον
3588 2628 3746 2698 ἠλλο-

2160 2724 2424 2795 τριῶσθαι
2454 2725 2552 2791 τῆς
2587 2725 2729 2776 κατὰ
2760 2723 3066 2794 τὴνικρίσιν
3097 2722 3347 2786 ἐξουσίας
3379 2738 3437 2773 τε
3471 2721 3564 2773 καὶ
3590 2721 3744 2774 δυνά-

2165 2834 2308 2886 μεως
2329 2833 2340 2843 ·
2372 2814 2544 2878 οὕτως
2583 2815 2677 2868 καὶ
2705 2815 2798 2868 ἐπὶ
2833 2813 2927 2867 τοῦ
2963 2815 3060 2884 τῆς
3090 2814 3344 2884 θεότητος
3382 2813 3573 2882 λόγου,
3613 2814 3748 2884 Χρι-

2164 2908 2285 2970 στὸς
2317 2907 2450 2959 Θεοῦ
2496 2906 2758 2977 δύναμις,
2809 2907 2901 2959 καὶ
2943 2905 3077 2958 Θεοῦ
3121 2905 3309 2975 σοφία·
3354 2906 3447 2957 καὶ
3488 2904 3585 2974 τὴν
3619 2906 3746 2957 ἐπο-

2161 3000 2359 3070 πτικήν
2397 3015 2454 3051 τε
2489 2999 2583 3052 καὶ
2626 2999 2881 3068 θεατικὴν
2929 2996 3178 3066 δύναμιν,
3204 2997 3380 3068 ἥνπερ
3411 2995 3475 3066 δὴ
3520 2996 3749 3064 θεότητα

2161 3093 2411 3161 λέγομεν,
2442 3091 2530 3143 διὰ
2559 3091 2652 3143 τοῦ
2678 3090 3017 3158 Μονογενοῦς
3041 3091 3067 3141 ό
3092 3088 3280 3160 Πατὴρ
3312 3090 3545 3158 ἐνεργεῖ,
3575 3087 3666 3140 τοῦ
3691 3087 3748 3140 δὲ

2163 3181 2294 3234 Υίοῦ
2327 3181 2507 3233 πᾶσαν
2545 3179 2785 3249 δύναμιν
2820 3180 2877 3231 ἐν
2904 3177 2983 3250 τῷ
3013 3178 3151 3248 ἁγίῳ
3182 3177 3458 3247 Πνεύματι
3489 3177 3750 3230 τελειοῦνο

2158 3293 2282 3340 τος,
2333 3277 2427 3326 καὶ
2469 3273 2745 3342 κρίνοντος
2786 3272 2923 3342 μὲν,
2976 3269 3154 3333 καθὼς
3203 3269 3430 3334 Ἡσαΐας
3466 3270 3654 3339 φησὶν,
3691 3269 3748 3319 ἐν

2161 3367 2431 3437 πνεύματι
2459 3367 2714 3436 κρίσεως,
2746 3365 2840 3417 καὶ
2866 3363 3135 3432 πνεύματι
3162 3361 3430 3425 καύσεως·
3465 3360 3750 3431 ἐνεργοῦν-

2161 3476 2251 3520 τος
2281 3459 2338 3510 δέ
2384 3457 2527 3511 κατὰ
2571 3456 2668 3527 τὴν
2700 3455 3032 3522 Εὑαγγελίου
3075 3453 3276 3525 φωνὴν,
3323 3454 3390 3526 ἢν
3434 3454 3570 3524 πρὸς
3624 3455 3749 3516 τοὺς

2177 3549 2461 3612 Ἰουδαίους
2493 3549 2806 3617 πεποίηται.
2840 3547 3151 3617 Λέγειγὰρ·
3185 3546 3248 3599 Ei
3271 3546 3326 3598 δέ
3353 3543 3462 3614 ἐγὼ
3489 3547 3546 3599 ἐν
3582 3544 3752 3597 Πνεύο

2166 3661 2298 3714 ματι
2338 3641 2472 3695 Θεοῦ
2509 3640 2756 3693 ἐκϐάλλω
2798 3639 2866 3692 τὰ
2915 3639 3169 3709 δαιμόνια
3194 3654 3207 3668 ⁸
3254 3637 3360 3690 ἀπὸ
3398 3637 3596 3708 μέρους
3637 3637 3748 3689 πᾶν

2164 3732 2301 3797 εἶδος
2341 3733 2658 3806 εὐεργεσίας
2706 3731 3152 3802 περιλαμϐάνων,
3207 3729 3294 3781 διὰ
3328 3730 3426 3798 τῆς
3470 3728 3611 3781 κατὰ
3652 3729 3750 3799 τὴν

2164 3827 2443 3898 ἐνέργειαν
2468 3825 2716 3894 ἐνότητος
2737 3842 2748 3854 ·
2775 3817 2856 3885 οἷς
2876 3823 2984 3893 γὰρ
3009 3822 3074 3874 δι’
3101 3821 3343 3892 ἀλλήλων
3372 3822 3672 3890 ἐνεργεῖται
3691 3819 3751 3873 τὸ

2165 3919 2244 3980 ἓν,
2280 3920 2358 3981 εἰς
2391 3917 2617 3980 πολλοὺς
2646 3914 3122 3986 καταμεμερίσθαι
3155 3913 3214 3966 τὸ
3242 3913 3413 3984 ὄνομα
3457 3913 3556 3983 τῆς
3594 3915 3749 3983 ἐνερ-

2165 4009 2317 4078 γείας
2354 4008 2414 4060 οὐ
2454 4007 2696 4061 δύναται.
2740 4006 2960 4076 Ἐπειδὴ
2995 4005 3104 4074 γάρ
3139 3999 3220 4066 εἷς
3255 4005 3282 4056 ὁ
3309 4003 3410 4074 τῆς
3445 4004 3750 4074 ἐποπτικῆς

2165 4118 2224 4156 τε
2257 4103 2350 4154 καὶ
2381 4099 2638 4170 θεατικῆς
2684 4097 2965 4168 δυνάμεως
2993 4097 3151 4166 λόγος
3195 4099 3250 4150 ἐν
3282 4097 3461 4167 Πατρὶ
3503 4097 3597 4148 καὶ
3634 4094 3748 4166 Υίῷ

2169 4195 2263 4247 καὶ⁸
2301 4194 2578 4262 Πνεύματι
2614 4191 2773 4260 ἁγίῳ,
2810 4189 2992 4250 καθὼς
3027 4190 3082 4240 ἐν
3111 4191 3222 4250 τοῖς
3262 4187 3573 4258 ἔμπροσθεν
3609 4187 3754 4258 εἴρη-

2167 4307 2257 4342 ται
2278 4329 2294 4353 ,
2325 4288 2388 4340 ἐκ
2417 4287 2515 4358 μέν
2551 4286 2643 4340 τοῦ
2676 4285 2886 4355 Πατρός
2906 4324 2920 4343 ,
2951 4277 3061 4336 οἷον
3091 4286 3154 4336 ἐκ
3180 4284 3360 4356 πηγῆς
3392 4299 3538 4344 τινος
3583 4281 3752 4351 ἀφορ-

2174 4380 2445 4451 μώμενος,
2488 4379 2593 4431 ὑπὸ
2638 4379 2694 4430 δέ
2734 4377 2828 4429 τοῦ
2874 4376 3006 4430 Υἱοῦ
3047 4375 3474 4448 ἐνεργούμενος,
3503 4375 3560 4426 ἐν
3593 4373 3648 4427 δέ
3687 4375 3752 4444 τῇ

2170 4469 2398 4539 δυνάμει
2438 4467 2533 4521 τοῦ
2577 4468 2896 4538 Πνεύματος
2934 4467 3156 4520 τελειῶν
3189 4466 3288 4536 τὴν
3335 4467 3516 4537 χάριν,
3563 4465 3657 4518 καὶ
3693 4465 3753 4517 οὐ

2097 4585 2147 4645 ι)
2172 4561 2511 4631 διακρίνεται
2551 4560 2687 4631 πρὸς
2716 4560 2816 4621 τὰς
2850 4558 3177 4622 ὑποστάσεις
3206 4557 3433 4629 οὐδεμία
3469 4557 3717 4629 ἐνέργεια
3737 4600 3752 4622 ,

2175 4653 2486 4718 ἰδιαζόντως
2535 4653 2666 4724 παρ’
2704 4651 2943 4722 ἑκάστης
2996 4651 3092 4705 καὶ
3140 4649 3600 4722 ἀποτεταγμένως
3635 4649 3758 4720 δίχα

2168 4747 2268 4816 τῆς
2303 4743 2782 4816 συνθεωρουμένης
2811 4743 3202 4815 ἐπιτελουμένη
3227 4760 3241 4774 ο
3279 4741 3419 4796 ἀλλὰ
3457 4744 3606 4796 πᾶσα
3634 4743 3758 4812 πρό-

2170 4858 2290 4895 νοια
2315 4841 2409 4893 καὶ
2439 4838 2735 4910 κηδεμονία
2761 4879 2774 4899 ,
2813 4840 2906 4891 καὶ
2935 4838 3029 4899 τοῦ
3067 4839 3269 4901 παντὸς
3300 4838 3590 4890 ἐπιστασία
3611 4878 3626 4899 ,
3653 4836 3759 4890 τῶν

2172 4951 2232 4986 τε
2263 4931 2406 4986 κατὰ
2432 4931 2530 5002 τὴν
2551 4930 2816 5001 αἰσθητὴν
2839 4931 3037 4993 κτίσιν,
3064 4932 3155 4984 καὶ
3178 4929 3286 4983 τῶν
3307 4929 3446 4984 κατὰ
3472 4928 3570 4999 τὴν
3595 4929 3749 4997 ὑπερ-

2174 5029 2400 5094 κόσμιον
2427 5025 2606 5092 φύσιν,
2629 5023 2726 5092 ἦτε
2757 5023 3124 5094 συντηρητικὴ
3151 5021 3260 5074 τῶν
3287 5021 3479 5084 όντων,
3497 5023 3592 5074 καὶ
3613 5021 3760 5091 διορ-

2177 5119 2380 5190 θωτικὴ
2420 5117 2528 5169 τῶν
2595 5116 3140 5187 πλημμελουμένων,
3192 5117 3285 5169 καὶ
3327 5113 3606 5184 διδακτικὴ
3654 5112 3762 5166 τῶν

2180 5208 2656 5280 κατορθουμένων,
2694 5209 2794 5277 μία
2831 5207 2946 5259 ἐστὶ
2981 5207 3075 5259 καὶ
3113 5206 3233 5276 οὐχὶ
3261 5208 3431 5276 τρεῖς,
3466 5203 3620 5274 παρὰ
3662 5202 3761 5271 μὲν

2176 5303 2276 5371 τῆς
2310 5301 2469 5369 ἁγίας
2508 5298 2740 5371 Τριάδος
2770 5299 3204 5370 κατορθουμένη,
3249 5299 3309 5352 οὐ
3344 5298 3450 5369 μὴν
3489 5295 3632 5350 κατὰ
3669 5294 3760 5346 τὸν

2183 5391 2413 5463 ἀριθμὸν
2439 5392 2548 5444 τῶν
2597 5393 2653 5443 ἐν
2700 5392 2764 5460 τῇ
2811 5391 2993 5443 πίστει
3029 5389 3419 5461 θεωρουμένων
3454 5384 3762 5457 προσώπων

2183 5487 2343 5555 τριχῇ
2378 5484 2684 5557 τεμνομένη
2708 5527 2723 5549 ,
2765 5485 2840 5548 ὡς
2867 5484 3096 5536 ἕκαστον
3124 5481 3231 5534 τῶν
3260 5479 3648 5551 ἐνεργημάτων
3671 5475 3762 5542 ἀφ’

2185 5575 2377 5628 ἐαυτοῦ
2404 5575 2794 5647 θεωρούμενον,
2829 5576 2861 5646 ἢ
2889 5574 2981 5628 τοῦ
3002 5575 3214 5646 Πατρὸς
3241 5570 3379 5628 εἶναι
3407 5573 3590 5643 μόνου,
3613 5570 3648 5642 ἢ
3670 5567 3762 5624 τοῦ
