4066 6374
333 376 434 428 τις)
1500 378 1689 444 QUOD
1719 376 1859 433 MN
1894 376 1939 430 ε

2033 376 2258 432 i‘TllES
2285 375 2392 431 Dll.
3496 384 3602 438 130
3635 411 3639 416 -

340 485 678 554 Μονογενοῦς
712 487 1020 552 ἰδιαζόντως
1041 532 1054 552 ,
1083 491 1115 560 ἢ
1152 491 1239 544 διὰ
1266 490 1358 543 τοῦ
1406 491 1562 559 ἁγίου
1597 488 1912 560 Πνεύματος
1942 541 1946 550 ,

2015 489 2182 553 ditur,
2212 499 2270 542 ut
2303 491 2682 560 unusquisque
2703 497 2880 552 actus,
2912 499 2964 544 et
3000 494 3427 562 unumquodque
3459 511 3599 566 opus

335 577 774 648 κεχωρισμένως
789 581 922 633 ἁλλά
939 581 1136 651 διαιρεῖ
1155 583 1250 650 μὲν
1271 582 1375 652 ἰδίᾳ
1387 583 1601 651 ἑκάστῳ
1618 581 1683 633 τὰ
1707 581 1908 648 ἀγαθὰ.

2048 581 2179 650 iper
2208 581 2446 649 seipsum
2481 582 2878 645 consideretur,
2919 593 3013 636 aut
3040 581 3217 638 Patris
3264 587 3456 651 solius,
3505 597 3600 641 aut

334 665 514 727 καθώς
533 683 696 736 φησιν
715 669 744 718 ὁ
777 670 1116 734 Ἀπόστολος,
1137 673 1197 724 τὸ
1221 671 1278 724 ἒν
1294 671 1389 723 καὶ
1408 671 1468 724 τὸ
1494 670 1625 724 αὐτὸ
1647 671 1872 740 Πνεῦμα
1893 690 1906 702 ·

2017 670 2291 740 Unigeniti
2320 671 2695 740 peculiariter,
2715 680 2808 724 aut
2839 670 3082 741 Spiritus
3103 674 3280 727 sancti
3306 679 3598 744 separatim

333 757 434 808 οὐκ
472 757 707 828 ἄναρχος
733 759 790 811 δὲ
823 761 855 829 ἡ
889 759 983 812 τοῦ
1015 761 1222 828 ἀγαθοῦ
1264 761 1477 830 κίνησις
1512 763 1577 814 ἐκ
1613 761 1706 814 τοῦ
1741 761 1911 814 Πνεύ-

2017 765 2090 816 sit
2119 782 2132 816 :
2171 763 2266 818 sed
2291 761 2486 816 dividit
2514 764 2735 832 quidem
2767 765 2967 835 cuique
2998 765 3314 836 singulatim
3351 767 3516 831 bona,
3543 774 3601 822 ut

336 864 521 918 ματος·
551 849 666 901 ἀλλ’
690 850 1014 921 εὑρίσκομεν
1043 854 1125 905 ὅτι
1154 855 1185 923 ἡ
1216 853 1680 924 προεπινοουμένη
1710 853 1914 922 ταύτης

2015 851 2194 922 inquit
2251 851 2550 921 Apostolus
2575 853 2618 919 ⁸,
2672 870 2814 910 unus
2864 863 2918 908 et
2956 855 3099 910 idem
3149 856 3433 926 Spiritus:
3490 875 3600 915 non

333 940 583 1010 δύναμις,
613 941 648 1011 ἦ
677 941 759 1005 τίς
795 943 943 996 ἐστιν
971 947 1000 997 ὁ
1036 944 1327 1015 μονογενὴς
1355 943 1508 1009 Θεὸς,
1540 945 1715 998 πάντα
1744 947 1908 1006 ποιεῖ,

2015 952 2199 997 autem
2222 942 2429 1012 absque
2453 945 2728 1013 principio
2763 945 2892 1000 boni
2921 955 3103 1002 motus
3131 956 3215 1001 est
3243 964 3309 1004 ex
3343 949 3552 1019 Spiritu
3587 968 3599 1006 :

332 1026 394 1083 οὗ
426 1034 592 1101 χωρὶς
629 1033 781 1086 οὐδὲν
806 1031 896 1098 εἰς’
918 1037 1130 1104 γένεσιν
1154 1036 1262 1090 τῶν
1298 1036 1470 1089 ὄντων
1496 1036 1715 1106 ἔρχεται
1737 1054 1751 1067 ο
1779 1037 1915 1090 ἀλλὰ

2026 1032 2113 1087 sed
2143 1034 2444 1103 reperimus
2474 1035 2620 1103 quod
2653 1051 2739 1098 ea,
2773 1051 2934 1106 quam
2963 1045 3090 1091 ante
3121 1036 3225 1091 hac
3268 1048 3449 1094 mente
3472 1056 3600 1110 per-
3622 1023 3632 1112 "

334 1124 428 1176 καὶ
453 1125 587 1195 αὐτὴ
619 1124 780 1178 πάλιν
806 1127 913 1179 τῶν
933 1127 1153 1195 ἀγαθῶν
1173 1131 1206 1199 ὴ
1233 1127 1405 1198 πηγὴ,
1435 1129 1499 1180 ἐκ
1525 1128 1618 1180 τοῦ
1645 1128 1912 1199 πατρικοῦ

2030 1123 2250 1192 :ipimus
2272 1131 2326 1177 et
2358 1125 2869 1187 animadvertimus,
2908 1128 3102 1191 virtus,
3148 1144 3268 1196 qua:
3292 1138 3377 1184 est
3421 1133 3636 1202 unige-I

333 1217 670 1287 βουλήματος
701 1219 1042 1290 ἀφορμᾶται.

2023 1215 2166 1268 nitus
2198 1213 2374 1280 Deus,
2413 1216 2596 1268 omnia
2630 1213 2777 1281 facit,
2799 1219 2916 1272 sine
2955 1232 3065 1288 quo
3088 1218 3224 1272 nihil
3251 1236 3439 1276 eorum
3485 1237 3629 1293 quati

2017 1314 2146 1360 sunt
2184 1306 2253 1360 ad
2286 1308 2694 1375 generationem
2726 1310 3004 1378 provenit:
3026 1311 3160 1380 quin
3192 1323 3246 1366 et
3269 1314 3385 1383 ipse
3410 1311 3627 1370 rursus'

2014 1396 2283 1450 honorum
2318 1396 2439 1452 fons
2485 1412 2550 1452 ex
2590 1396 2770 1452 Patris
2808 1399 3175 1457 destinatione
3219 1418 3283 1458 ac
3332 1405 3608 1460 voluntate

2023 1489 2257 1542 exsistit.

397 1619 460 1670 Et
495 1617 558 1687 δὴ
593 1619 698 1670 πᾶν
729 1617 933 1684 ἀγαθὸν
966 1617 1201 1685 πρᾶγμα
1240 1615 1336 1667 καὶ
1366 1615 1575 1684 ὄνομα.
1617 1615 1717 1684 τῆς
1749 1614 1916 1685 ἀνάρ-

2090 1612 2147 1666 Si
2188 1615 2354 1684 igitur
2377 1615 2558 1668 omnis
2593 1631 2681 1670 res
2703 1617 2866 1681 bona,
2898 1627 2952 1671 et
2981 1636 3141 1674 omne
3180 1620 3382 1673 bonum
3405 1635 3607 1675 nomen

331 1727 426 1778 κου
457 1708 740 1777 δυνάμεώς
762 1726 818 1760 τε
845 1708 938 1759 καὶ
972 1707 1167 1777 βουλῆς
1196 1706 1505 1776 ἐξημμένον
1530 1709 1586 1759 ἐν
1606 1709 1670 1776 τῇ
1691 1706 1915 1775 δυνάμει

2018 1708 2086 1760 ab
2109 1723 2194 1770 ca,
2232 1723 2356 1777 qua:
2399 1709 2660 1778 principii
2697 1726 2894 1779 expers
2927 1721 3032 1776 est,
3084 1723 3355 1781 potestate
3379 1729 3442 1768 ac
3469 1729 3605 1768 con-

332 1801 425 1854 τοῦ
460 1800 602 1852 Πνεύ
612 1818 777 1871 ματος
806 1800 894 1852 διά
916 1799 1008 1852 τοῦ
1040 1799 1361 1869 μονογενοῦς
1389 1799 1524 1852 Θεοῦ
1556 1798 1799 1868 ἀχρόνως
1823 1799 1915 1850 καὶ

2019 1800 2143 1854 silio
2181 1801 2450 1869 pendens,
2496 1801 2551 1853 in
2605 1803 2807 1856 virtute
2841 1803 3069 1871 spiritus
3124 1820 3222 1873 per
3265 1807 3604 1876 unigenitum

331 1895 666 1956 ἀδιαστᾶτως
702 1896 780 1957 είς
821 1893 1100 1945 τελείωσιν
1133 1891 1358 1959 ἄγεται,
1388 1893 1643 1961 οὐδεμιᾶς
1672 1891 1918 1960 παρατάο

2024 1892 2193 1947 Deum
2222 1894 2341 1947 sine
2371 1895 2728 1948 dis-tinctione
2758 1909 2824 1948 ac
2859 1897 3036 1965 spatio
3067 1899 3333 1967 temporis
3360 1899 3428 1954 ad
3476 1915 3605 1968 per—

334 2005 468 2050 σεως
502 1989 558 2038 ἐν
607 1989 671 2056 τῇ
706 1985 798 2037 τοῦ
847 1984 988 2036 θείου
1029 1983 1366 2054 βουλήματος
1418 1984 1631 2053 κινήσει
1675 1981 1784 2034 ἀπὸ
1821 1982 1916 2034 τοῦ

2024 1985 2314 2039 factionem
2347 1997 2398 2040 et
2431 1988 2966 2041 consummationem
3001 1988 3315 2054 deducitur,
3363 2009 3463 2046 nec
3495 1995 3606 2048 ulla

331 2077 543 2149 [ἰατρὸς
575 2075 664 2128 διὰ
711 2075 804 2128 τοῦ
841 2073 971 2127 Υἱοῦ
999 2115 1011 2136 ,
1052 2074 1145 2126 ἐπὶ
1187 2074 1249 2126 τὸ
1281 2073 1508 2144 Πνεῦμα
1553 2073 1843 2143 γινομένης
1881 2073 1914 2142 ἢ

2023 2091 2178 2129 mora
2205 2077 2258 2130 in
2320 2077 2490 2131 divini
2532 2079 2800 2147 propositi
2851 2079 3352 2152 destinationisque
3395 2093 3543 2138 motu
3579 2102 3607 2139 a

330 2170 626 2240 νοουμένης
645 2187 657 2200 ·
698 2168 755 2220 ἓν
790 2168 845 2220 δέ
873 2167 979 2220 τῶν
1017 2166 1239 2236 ἀγαθῶν
1279 2167 1556 2238 ὀνομάτων
1583 2183 1643 2218 τε
1671 2167 1766 2219 καὶ
1791 2182 1916 2234 νοη-

2023 2167 2183 2224 Patre
2218 2185 2314 2239 per
2352 2167 2550 2223 Filium
2583 2172 2650 2224 ad
2699 2169 2964 2240 Spiritum
2997 2173 3287 2230 intercedit
3327 2185 3420 2231 aut
3447 2178 3609 2231 intel-

334 2263 516 2332 μάτων
549 2261 642 2314 καὶ
670 2261 702 2327 ή
753 2260 940 2330 θεότης
967 2273 982 2287 ο
1018 2259 1117 2310 ούκ
1162 2257 1227 2311 ἂν
1257 2257 1481 2320 εἰκότως
1511 2259 1591 2321 είς
1624 2257 1826 2329 πλῆθος
1857 2256 1916 2308 τὸ

2023 2261 2256 2331 ligitur:
2299 2270 2460 2330 atque
2498 2278 2667 2315 unum
2700 2263 2967 2317 bonorum
3023 2274 3134 2318 tum
3183 2270 3464 2323 nominum
3493 2277 3610 2324 tum

320 2330 500 2424 ’θνομα
548 2351 841 2421 διαχέοιτο,
873 2352 972 2421 τῆς
1011 2351 1154 2404 κατὰ
1199 2351 1299 2421 τὴν
1331 2351 1612 2420 ἐνέργειαν
1664 2347 1916 2418 ἐνὸτητος

2023 2330 2401 2406 intellectuum
2433 2355 2597 2406 etiam
2631 2353 2804 2409 deitas
2833 2364 2917 2409 est
2951 2356 3130 2418 ;haud
3157 2369 3305 2414 recte
3339 2361 3396 2414 in
3425 2362 3613 2415 multi-

333 2445 671 2514 xm).uod¢q¢'
687 2444 784 2516 τὴν
824 2443 1190 2515 πληθυντικὴν
1237 2442 1554 2513 ἀρίθμησιν.
1585 2444 1694 2494 Καὶ
1726 2440 1914 2511 ὥσπερ

2023 2444 2270 2497 tudinem
2325 2443 2377 2497 id
2415 2459 2614 2499 nomen
2647 2445 3020 2501 diﬂ'unditur:
3079 2449 3282 2519 quippe
3339 2466 3425 2514 ea,
3491 2467 3614 2522 quae

332 2531 411 2598 εἷς
448 2538 475 2589 ὁ
524 2536 713 2609 Σωτὴρ
763 2536 980 2588 πάντων
1033 2534 1355 2605 ἀνθρώπων,
1407 2533 1643 2604 μάλιστα
1686 2533 1912 2599 πιστῶν,

2025 2536 2174 2590 circa
2199 2535 2553 2591 efﬁcientiam
2578 2546 2684 2600 est,
2709 2541 2918 2594 unitate
2955 2541 3218 2609 pluralem
3272 2544 3614 2598 numeratio-

333 2627 436 2680 ὑπὸ
474 2626 568 2680 τοῦ
617 2626 938 2680 ’Λποστὸλου
973 2625 1328 2694 ὠνόμασται,
1364 2627 1460 2679 καὶ
1485 2625 1664 2689 οὐδεὶς
1708 2627 1775 2679 ὲκ
1817 2628 1914 2693 τῆς

2021 2647 2145 2686 nem
2174 2631 2522 2700 prohibente.
2555 2633 2632 2686 Ac
2687 2632 3151 2702 quemadmodum
3197 2651 3339 2691 unus
3368 2645 3616 2691 servator

332 2718 514 2788 φωνῆς
545 2717 750 2787 ταύτης
782 2718 814 2788 ἦ
844 2718 935 2770 τὸν
962 2717 1093 2770 Υί-ὸν
1125 2715 1272 2786 λέγει
1306 2717 1379 2788 μὴ
1415 2715 1608 2781 σώζειν
1629 2718 1756 2780 τοὺς
1784 2734 1913 2771 πισ-

2021 2725 2266 2778 omnium
2294 2725 2578 2778 hominum
2601 2727 2840 2778 maxime
2865 2724 3102 2780 ﬁdelium
3127 2728 3196 2782 ab
3223 2728 3484 2797 Apostolo
3514 2745 3615 2784 no-

331 2809 604 2874 τεύοντας,
645 2809 678 2882 ἢ
710 2810 834 2880 δίχα
875 2807 970 2862 τοῦ
1010 2807 1330 2880 Πνεύματος
1357 2807 1456 2879 τὴν
1487 2809 1762 2879 σωτηρίαν
1801 2810 1913 2870 τοῖς

2021 2815 2262 2869 minatus
2289 2823 2373 2870 est
2401 2817 2447 2880 θ,
2471 2822 2526 2869 et
2557 2816 2741 2869 nullus
2768 2831 2833 2871 ex
2866 2817 2967 2872 hac
3001 2833 3135 2872 voce
3175 2820 3258 2874 vel
3293 2819 3492 2874 Filium
3530 2822 3621 2874 di-'

337 2899 618 2970 μετέχουσι
657 2899 940 2968 γίνεσθαι·
976 2899 1114 2952 ἀλλά
1146 2898 1354 2968 γίνεται
1392 2898 1611 2952 πάντων
1652 2899 1844 2970 Σωτὴρ
1885 2899 1914 2950 ὁ

2032 2909 2098 2962 cit
2126 2924 2236 2962 non
2267 2922 2490 2963 servare
2520 2907 2808 2963 credentes
2836 2950 2851 2974 ,
2899 2911 2984 2965 vel
3023 2911 3232 2980 absque
3289 2911 3488 2980 spiritu
3526 2929 3638 2967 sa--

333 2993 425 3045 ἐπὶ
471 2992 687 3045 πάντων
724 2991 856 3053 Θεὸς
876 3035 890 3059 ,
935 2991 1282 3060 ἐνεργοῦντος
1310 2990 1404 3044 τοῦ
1445 2990 1578 3044 Υἱοῦ
1606 2990 1704 3063 τὴν
1736 3009 1912 3063 σωτη-

2021 3003 2190 3056 lutem
2227 3000 2698 3070 consequentibus
2736 3003 3008 3058 exsistere
3040 3023 3052 3058 :
3120 3005 3217 3058 sed
3249 3015 3335 3060 est
3367 3017 3619 3062 servator

337 3083 454 3153 ρίαν
483 3085 539 3135 ἐν
568 3086 631 3154 τῇ
665 3083 761 3136 τοῦ
802 3081 1120 3153 Πνεύματος
1161 3081 1366 3153 χάριτι,
1401 3082 1496 3136 καὶ
1526 3082 1678 3135 οὐδὲν
1714 3083 1913 3152 μᾶλλον

2021 3094 2290 3160 omnium,
2318 3094 2411 3163 qui
2451 3109 2621 3163 super
2647 3110 2840 3149 onmes
2871 3103 2957 3149 est
2985 3094 3149 3161 Deus,
3174 3106 3443 3167 operante
3478 3097 3625 3154 Filio‘

334 3177 419 3229 διά
457 3175 617 3229 τοῦτο
645 3179 791 3247 τρεῖς
822 3176 1063 3245 σωτῆρες
1090 3174 1194 3227 ὑπὸ
1223 3174 1326 3244 τῆς
1359 3175 1582 3244 Γραφῆς
1618 3174 1914 3244 ὀνομάζον-

2022 3187 2254 3241 salutem
2305 3201 2402 3255 per
2433 3187 2666 3256 gratiam
2701 3186 2880 3240 sancti
2931 3185 3171 3255 Spiritus
3216 3206 3228 3242 :
3277 3196 3446 3260 atque
3497 3191 3620 3244 ideo

334 3283 450 3329 ται,
483 3268 530 3318 εἰ
574 3266 669 3318 καὶ
709 3265 1050 3335 ὁμολογεῖται
1090 3263 1242 3336 παρά
1269 3264 1370 3334 τῆς
1406 3264 1568 3333 ἁγίας
1612 3264 1841 3335 Τριάδος
1879 3265 1913 3334 ἡ

2019 3279 2194 3333 nihilo
2234 3279 2408 3348 magis
2471 3288 2583 3333 tres
2646 3285 3019 3333 servatoresa
3088 3277 3379 3349 Scriptura
3438 3281 3621 3348 nomi-

335 3358 605 3428 σωτηρία·
645 3355 818 3419 οὕτως
857 3355 978 3408 οὐδὲ
1005 3357 1154 3426 τρεῖς
1195 3356 1308 3408 θεοὶ
1341 3356 1485 3410 κατὰ
1526 3357 1626 3425 τὴν
1658 3356 1916 3409 ἀποδεδο-

2023 3381 2254 3437 nantur,
2309 3372 2525 3425 etiamsi
2581 3371 2790 3440 absque
2842 3373 3218 3428 controversia
3268 3373 3420 3428 salus
3475 3373 3629 3428 εκεῖ-εί

339 3451 503 3522 μένην
550 3448 649 3519 τῆς
707 3448 960 3519 θεότητος
1017 3447 1319 3518 σημασίαν,
1376 3449 1484 3503 κᾶν
1533 3447 1836 3520 ἐφαρμόζει
1881 3450 1912 3520 ὴ

2023 3471 2129 3520 stat
2193 3480 2222 3517 a
2288 3473 2477 3518 sancta
2549 3461 2819 3520 Trinitate
2876 3483 2890 3519 :
2962 3465 3155 3521 eodem
3219 3467 3383 3521 modo
3442 3482 3629 3537 neque

334 3541 556 3605 τοιαύτη
599 3539 794 3609 κλῆσις
831 3540 897 3610 τῇ
933 3538 1069 3610 ἁγίᾳ
1102 3539 1313 3610 Τριάδι.
1363 3539 1649 3610 Μάχεσθαι
1677 3540 1744 3624 ’δὲ
1779 3539 1917 3610 πρὸς

2019 3567 2133 3611 tres
2178 3557 2251 3610 dii
2289 3556 2461 3627 (sunt)
2507 3557 2812 3611 secundum
2860 3556 3132 3612 redditam
3179 3558 3401 3614 deitatis
3449 3558 3623 3629 signi-

335 3633 458 3694 τοὺς
487 3629 865 3697 ἀντιλέγοντας
885 3668 900 3693 ,
933 3629 1006 3700 μὴ
1038 3629 1148 3682 δεῖν
1177 3629 1460 3699 ἐνέργειαν
1499 3631 1642 3681 νοεῖν
1673 3627 1770 3698 τὴν
1801 3626 1917 3679 θεό-

2021 3647 2334 3701 iicationetn
2387 3666 2400 3702 :
2448 3663 2765 3716 quanquam
2823 3648 3084 3702 convenit
3145 3649 3270 3704 talis
3328 3626 3627 3720 appellatio

335 3741 492 3793 τητα,
533 3723 594 3774 οὐ
630 3722 768 3774 πάνυ
799 3737 850 3774 τι
877 3719 986 3773 τῶν
1008 3720 1319 3789 ἀναγκαίων
1353 3737 1440 3790 μοι
1469 3720 1635 3783 δοκεῖ,
1668 3719 1744 3782 ὡς
1781 3718 1918 3789 πρὸς

2021 3746 2227 3793 sanctae
2282 3734 2558 3792 Trinitati.
2622 3737 2878 3816 Pugnare
2911 3748 3091 3794 autem
3121 3755 3246 3794 cum
3287 3740 3627 3797 adversariis-

335 3813 432 3884 τὴν
463 3812 746 3883 παροῦσαν
765 3811 862 3864 τοῦ
891 3811 1050 3880 λόγου
1081 3813 1446 3882 κατασκευήν.
1465 3812 1655 3881 Ἡμεῖς
1686 3812 1782 3880 μὲν
1807 3813 1916 3884 γὰρ

2020 3829 2335 3883 dicentibus
2362 3845 2470 3882 non
2509 3811 3125 3898 oportere'efﬁcaciam
3180 3831 3486 3903 intelligere
3527 3848 3623 3903 per

335 3903 708 3974 ἀόριστον-και
739 3902 1112 3973 ἀπερίληπτον
1136 3902 1235 3972 τὴν
1263 3901 1413 3954 θείαν
1453 3901 1616 3971 φύσιν
1655 3899 1794 3956 εἶναι
1825 3917 1914 3956 πι-

2021 3920 2306 3983 deitatem,
2331 3934 2440 3973 non
2476 3920 2771 3974 admodum
2798 3921 2932 3974 mihi
2970 3925 3348 3978 necessarium
3381 3940 3506 3980 esse
3543 3927 3622 3978 vi-

337 4011 423 4046 στε
433 3995 637 4059 ύοντες,
647 3993 764 4046 οὐδε
775 3994 902 4064 μίαν
923 3993 1092 4064 αὐτῆς
1108 3992 1426 4063 ἐπινοοῦμεν
1450 3993 1761 4063 περίληψιν,
1785 3993 1919 4046 ἀλλὰ

2021 4011 2205 4075 detur,
2259 4019 2526 4080 quantum
2568 4011 2633 4065 ad
2695 4020 3018 4081 praesentem
3076 4015 3351 4069 sermonis
3429 4017 3623 4072 attinet

335 4086 476 4139 κατά
525 4085 702 4138 πάντα
732 4085 932 4156 τρόπον
968 4086 1024 4138 ἐν
1071 4086 1298 4156 ἀπειρίᾳ
1344 4085 1580 4138 νοεῖσθαι
1620 4085 1718 4156 τὴν
1756 4085 1918 4155 φύσιν

2022 4099 2431 4169 probationem.
2485 4098 2618 4154 Nam
2651 4117 2752 4156 nos
2803 4102 3026 4170 quidem
3072 4103 3415 4159 indeﬁnitam
3451 4114 3505 4160 et
3537 4107 3622 4160 in-

335 4177 702 4247 διοριζὸμεθα.
729 4176 802 4227 Τὸ
829 4175 886 4228 δὲ
914 4174 1140 4228 καθόλου
1169 4175 1417 4246 ἄπειρον,
1445 4176 1506 4234 ού
1535 4176 1642 4228 τινὶ⁸
1679 4176 1778 4246 μὲν
1810 4175 1920 4248 ὁρί-

2021 4192 2577 4262 comprehensibilem
2599 4193 2842 4248 divinam
2873 4206 3128 4249 naturam
3161 4211 3285 4253 esse
3306 4197 3619 4264 credentes,

335 4267 507 4334 ζεται,
537 4269 648 4320 τινὶ
677 4267 734 4320 δέ
769 4266 887 4336 οὐχί
911 4281 925 4296 ⁶
961 4267 1097 4320 ἀλλά
1135 4268 1276 4320 κατά
1315 4268 1492 4320 πάντα
1525 4268 1684 4336 λόγον
1710 4267 1914 4337 ἐκφεύ-

2020 4284 2228 4340 nullam
2279 4283 2402 4352 ejus
2449 4285 2941 4342 animadvertimus
3000 4289 3548 4359 comprehensionem
3603 4312 3618 4348 :

334 4378 420 4429 γει
446 4361 538 4413 τὸν
574 4361 696 4430 ὅρον
727 4361 760 4429 ή
790 4357 1036 4429 ἀπειρία.
1065 4358 1273 4412 Οὐκοῦν
1319 4358 1380 4411 τὸ
1422 4360 1578 4423 ἐκτὸς
1609 4361 1758 4432 ὅρου,
1793 4361 1916 4414 οὐδὲ

2022 4373 2118 4428 sed
2149 4374 2468 4429 omnimodo
2496 4374 2552 4428 in
2575 4374 2848 4432 inﬁnitate
2893 4357 3143 4449 intelligi:
3169 4379 3338 4449 (eam)
3369 4389 3623 4437 naturam

335 4453 557 4521 ὀνόματι
602 4453 818 4514 πάντως
846 4451 1108 4522 ὁρίζεται.
1154 4451 1242 4515 Ὠς
1273 4450 1340 4504 ἂν
1384 4447 1482 4504 οὖν
1508 4452 1751 4516 διαμένοι
1780 4493 1795 4517 ,
1825 4454 1918 4507 ἐπὶ

2023 4481 2316 4522 censemus
2348 4476 2402 4522 et
2437 4467 2800 4525 afﬁrmamus.
2847 4469 3001 4536 Quod
3039 4483 3221 4527 autem
3262 4489 3492 4543 prorsus
3540 4487 3627 4531 est

336 4545 434 4614 τῆς
467 4544 619 4608 θείας
657 4542 871 4614 φύσεως
907 4543 1001 4596 τοῦ
1028 4544 1282 4614 ἀορίστου
1310 4545 1342 4616 ἡ
1371 4543 1572 4607 ἔννοια,
1613 4546 1754 4617 ὑπὲρ
1804 4548 1916 4600 πᾶν

2029 4557 2329 4623 inﬁnitum,
2386 4574 2496 4614 non
2532 4560 2714 4629 aliqua
2745 4563 2965 4630 quidem
3023 4579 3082 4617 re
3131 4542 3413 4629 delinitur,
3440 4567 3625 4637 aliqua

339 4635 511 4706 ὄνομά
536 4651 718 4706 φαμεν
741 4631 882 4688 εἶναι
911 4635 973 4687 τὸ
1002 4635 1164 4698 θεῖον,
1195 4636 1228 4705 ἡ
1257 4635 1314 4686 δέ
1347 4634 1538 4706 θεότης
1571 4636 1628 4689 ἓν
1654 4637 1767 4691 τῶν·
1800 4637 1920 4692 ὀνο-

2026 4663 2159 4703 vero
2190 4665 2297 4703 non
2325 4667 2339 4714 ;
2373 4651 2464 4704 sed
2495 4654 2646 4704 omni
2684 4653 2899 4706 ratione
2934 4652 3177 4710 inﬁnitas
3213 4653 3404 4726 eﬁ'ugit
3431 4631 3626 4712 deli-ni-

344 4729 527 4798 μὰτων
566 4728 733 4782 ἐστίν.
766 4725 976 4780 Οὐκοῦν
1005 4727 1064 4779 οὐ
1106 4725 1327 4779 δύναται
1358 4727 1419 4778 τὸ
1452 4727 1583 4780 αὐτὸ
1614 4729 1706 4782 καὶ
1747 4730 1921 4800 ὄνομα

2029 4741 2257 4795 tionem.
2286 4741 2441 4808 Quod
2482 4744 2646 4812 igitur
2695 4759 2891 4813 expers
2922 4753 3007 4800 est
3037 4746 3395 4808 deﬁnitionis.
3429 4765 3498 4803 ne
3524 4765 3625 4804 no-

341 4817 498 4883 εἶναι,
524 4820 618 4874 καὶ
649 4821 786 4891 ὑπὲρ
811 4821 919 4873 πᾶν
945 4819 1114 4888 ὄνομα
1139 4818 1475 4889 νομίζεσθαι.

2029 4833 2177 4887 mine
2207 4834 2426 4902 quidem
2455 4851 2687 4904 prorsus
2708 4835 2990 4891 deﬁnitur.
3021 4836 3091 4892 Ut
3129 4853 3259 4908 ergo
3281 4851 3620 4909 permaneat.

341 4929 396 4980 in
425 4910 611 4964 divina
653 4918 849 4963 natura
895 4909 1161 4964 indeﬁniti
1204 4909 1540 4974 intellectus,
1590 4927 1757 4981 super
1790 4929 1952 4974 omne
1990 4937 2188 4977 nomen
2257 4925 2491 4982 dicimus
2543 4944 2669 4983 esse
2723 4928 2970 4984 divinum
3018 4945 3268 4987 nomen:
3337 4943 3392 4987 at
3445 4935 3624 4992 deitas

343 5019 508 5055 unum
549 5003 616 5057 de
653 5002 968 5056 nominibus
1000 5009 1105 5056 est.
1138 5000 1258 5056 Non
1293 5011 1471 5072 potest
1502 5005 1668 5075 igitur
1693 5005 1835 5062 idem
1874 5027 2072 5069 nomen
2109 5025 2164 5071 et
2186 5031 2332 5082 esse,
2355 5026 2410 5074 et
2433 5035 2600 5091 super
2625 5037 2790 5076 omne
2811 5037 3011 5079 nomen
3043 5039 3168 5082 esse
3192 5027 3517 5083 existimari.

414 5158 558 5228 Πλὴν
590 5161 638 5210 εἰ
656 5155 818 5211 τοῦτο
840 5161 955 5221 τοῖς
977 5157 1242 5222 ἐναντίοις
1261 5160 1511 5231 ἀρέσκοι,
1536 5162 1611 5232 μὴ
1633 5164 1920 5234 ἐνεργείας

2100 5165 2499 5226 Verumtamen
2557 5171 2606 5226 si
2658 5174 2994 5230 adversariis
3057 5174 3164 5230 hoc
3226 5176 3424 5245 placet,
3479 5177 3627 5246 quod-

344 5249 480 5302 ἀλλά
515 5248 728 5318 φύσεως
759 5245 898 5301 εἷναι
928 5250 1028 5320 τὴν
1062 5250 1358 5321 σημασίαν,
1392 5251 1927 5324 ἐπαναδραμούμεθα

2035 5274 2144 5314 non
2169 5259 2494 5326 cllicientiae,
2527 5263 2624 5318 sed
2655 5272 2867 5320 natura:
2898 5266 3232 5336 signiﬁcatio
3256 5267 3350 5330 sit,
3379 5283 3627 5324 recurre-

345 5340 482 5410 πρὸς
518 5340 610 5393 τὸν
649 5339 711 5404 ἐξ
742 5340 920 5412 ἀρχῆς
952 5339 1131 5409 λόγον,
1160 5341 1241 5395 δτι
1274 5341 1335 5394 τὸ
1365 5342 1464 5413 τῆς
1509 5342 1724 5412 φύσεως
1759 5346 1931 5418 ὄνομα

2035 5369 2160 5407 mus
2192 5352 2259 5406 ad
2299 5369 2442 5416 eam,
2485 5371 2647 5424 quam
2681 5357 2737 5410 in
2766 5357 2922 5411 initio
2957 5358 3248 5428 posuimus
3295 5358 3629 5423 orationem,

347 5431 750 5503 ἡμαρτημένως
772 5433 806 5504 ἡ
834 5433 1094 5504 συνήθεια
1120 5435 1199 5497 εἰς
1225 5433 1464 5506 πλήθους
1496 5436 1766 5506 σημασίαν
1788 5438 1931 5506 ἄγει,

2038 5443 2186 5512 quod
2214 5447 2562 5500 consuetudo
2585 5463 2875 5518 perperam
2908 5461 3120 5504 natura:
3152 5465 3350 5505 nomen
3386 5450 3455 5506 ad
3484 5452 3625 5504 mul-

349 5523 473 5578 οὕτε
507 5523 809 5594 μειώσεως,
834 5525 958 5579 οὔτε
981 5527 1265 5598 αὐξήσεως
1295 5528 1439 5581 κατὰ
1459 5529 1550 5583 τὸν
1575 5530 1746 5602 ἀληθῆ
1776 5531 1934 5600 λόγον

2038 5536 2298 5592 titudinis
2321 5538 2784 5609 signiﬁcationem
2827 5541 3032 5608 trahat,
3069 5558 3245 5613 neque
3283 5542 3632 5598 incremento

347 5619 784 5690 προσγινομένης
807 5623 872 5692 τῇ
903 5619 1086 5690 φύσει,
1113 5622 1239 5674 ὅταν
1265 5623 1322 5674 ἐν
1355 5621 1590 5676 πλείοσιν
1623 5624 1656 5695 ἢ
1690 5624 1934 5679 ἐλάττοσι

2039 5627 2174 5694 ullo,
2208 5644 2389 5701 neque
2439 5629 2828 5702 diminutione,
2868 5634 3168 5690 secundum
3215 5649 3398 5690 veram
3461 5635 3629 5689 ratio-

421 5797 442 5827 ⁸
475 5795 497 5850 ι
525 5795 653 5853 Cor.
683 5799 902 5868 1",“.
979 5801 1000 5831 θ
1032 5799 1046 5852 Ι
1084 5798 1224 5854 Tim.
1252 5815 1324 5864 IV,
1366 5799 1453 5854 to.
