4066 6374
434 371 532 428 151

1670 363 1726 418 :5.
1776 360 2106 418 GREGURII
2159 360 2247 415 ΝΥ
2260 361 2452 416 SSEN‘I

3589 366 3692 420 132

430 505 580 554 nem,
611 487 905 544 accedente
953 486 1019 540 ad
1056 493 1335 547 naturam,
1367 500 1492 538 cum
1544 485 1628 539 vel
1673 487 1730 538 in
1761 484 2008 554 pluribus

2119 481 2406 555 θεωρῆται.
2443 485 2593 538 Movet
2635 485 2742 556 γάρ
2779 486 2920 540 κατὰ
2952 483 3200 540 σύνθεσιν
3227 483 3562 556 ἀριθμεῖται,
3589 485 3694 537 ὅσα

426 583 516 639 vel
541 581 895 651 paucioribus
924 585 1222 642 spectetur.
1268 575 1342 630 Ea
1375 591 1616 646 namque
1659 576 1777 631 sola
1814 591 2013 630 secun-

431 673 560 730 dum
602 671 1063 742 compositionem
1108 677 1494 732 numerantur,
1542 681 1668 736 qua:
1709 664 2010 721 secundum

430 762 709 836 propriam
765 758 1336 828 circumscriptionem
1389 755 1840 812 considerantur.
1890 755 2012 809 Cir-

429 853 796 923 cumscriptio
831 858 1014 904 autem
1049 850 1105 902 in
1154 847 1447 918 superﬁcie
1494 847 1763 917 corporis,
1795 846 1851 898 in
1893 860 2011 898 ma-

431 944 740 1018 gnitudine,
777 941 834 995 in
869 942 1012 1003 loco,
1049 940 1105 992 in
1144 937 1460 993 'diﬁ'crentia
1503 937 1690 1008 ﬁgura:
1722 944 1776 990 et
1809 936 2011 990 coloris

432 1034 939 1107 comprehenditur.
964 1033 1034 1085 At
1065 1028 1211 1102 quod
1244 1039 1401 1086 extra
1449 1031 1564 1085 haec
1600 1031 2010 1094 consideratur,

431 1128 621 1197 eﬁ'ugit
641 1142 788 1193 eam,
830 1141 952 1195 quae
987 1139 1083 1194 per
1114 1124 1246 1177 talia
1293 1123 1374 1188 ﬁt,
1407 1121 2008 1191 circumscriptionem.

431 1217 588 1285 Quod
621 1225 803 1270 autem
841 1231 947 1269 non
984 1213 1481 1278 circumscribitur,
1503 1228 1618 1267 non
1655 1222 2012 1276 numeratur;

427 1319 485 1367 et
511 1309 657 1382 quod
694 1324 803 1363 non
835 1314 1180 1370 numeratur,
1205 1306 1261 1360 in
1286 1305 1638 1360 multitudine
1671 1304 2011 1360 considerari

428 1418 539 1457 non
572 1409 772 1472 potest.
797 1399 933 1453 Nam
964 1407 1024 1454 et
1054 1412 1272 1462 aurum,
1303 1396 1520 1452 etiamsi
1567 1396 1623 1450 in
1665 1397 1868 1452 multas
1898 1395 2011 1450 for-

429 1510 548 1552 mas
577 1502 632 1549 et
678 1493 886 1565 ﬁguras
937 1492 1246 1554 scindatur,
1281 1503 1451 1543 unum
1481 1496 1537 1543 et
1565 1502 1690 1543 esse
1712 1495 1767 1542 et
1792 1487 1898 1542 dici
1931 1487 2012 1540 ar—

430 1586 748 1643 ﬁrmamus:
775 1599 1032 1640 nummos
1056 1596 1186 1636 vero
1209 1580 1411 1635 multos
1444 1594 1510 1634 ac
1541 1579 1744 1633 multos
1777 1585 2011 1632 stateres

429 1679 809 1742 nominamus,
841 1676 1049 1729 nullam
1087 1672 1205 1726 auri
1243 1679 1458 1726 naturae
1488 1668 1908 1726 redundantiam
1955 1667 2012 1720 in

428 1769 786 1826 multitudine
839 1774 1108 1822 staterum
1162 1763 1524 1833 reperientes.
1569 1759 1726 1816 Unde
1775 1758 2009 1812 multum

427 1878 649 1934 quoque
689 1876 885 1914 aurum
912 1857 1138 1918 dicitur,
1171 1871 1296 1909 cum
1335 1853 1531 1923 majori
1561 1851 1805 1923 pondere
1835 1850 1924 1904 vel
1952 1850 2007 1904 in

425 1956 574 2011 vasis
599 1953 681 2008 vel
721 1949 965 2007 nummis
997 1955 1297 2018 spectatur,
1325 1947 1494 1999 multa
1520 1957 1700 1999 autem
1720 1958 1852 1997 aura
1878 1957 2008 2013 pro-

427 2055 548 2118 pter
573 2043 983 2100 multitudinem
1024 2038 1267 2094 materiae
1315 2053 1425 2092 non
1465 2036 1826 2091 nominantur
1859 2053 1872 2088 :
1900 2034 2009 2090 nisi

425 2139 554 2211 quis
589 2139 664 2192 ita
694 2137 862 2201 dicat,
897 2149 1098 2188 aureos
1145 2131 1376 2194 multos,
1427 2129 1599 2185 veluti
1630 2128 1881 2190 Daricos,
1911 2137 2010 2180 aut

427 2240 662 2287 stateres
704 2248 718 2286 ;
746 2229 803 2282 in
834 2228 1038 2298 quibus
1060 2240 1168 2280 non
1190 2223 1440 2285 materia,
1475 2222 1567 2278 sed
1592 2229 1808 2275 moneta
1847 2236 2006 2274 num-

425 2323 616 2393 mique
689 2319 1065 2375 multitudinis
1145 2313 1603 2387 signiﬁcationem
1684 2311 2005 2366 admittunt.

423 2412 562 2468 Nam
592 2413 816 2483 proprie
860 2411 961 2465 hos
1017 2424 1126 2464 non
1179 2406 1435 2477 χρυσούς,
1489 2404 1545 2458 id
1598 2414 1682 2459 est
1709 2418 1864 2467 aura,
1915 2400 2008 2456 sed

423 2507 739 2578 χρυσείους,
773 2503 827 2558 id
862 2513 951 2558 est
997 2517 1208 2566 aureos,
1239 2500 1427 2553 dicere
1467 2498 1611 2553 licet.
1644 2493 2012 2562 Quemadmo-

426 2599 556 2653 dum
587 2597 754 2667 igitur
788 2593 949 2649 multi
981 2592 1202 2662 quidem
1262 2590 1416 2644 aurci
1471 2598 1600 2644 sunt
1628 2597 1885 2652 statercs,
1916 2602 2010 2639 au-

425 2701 552 2743 rum
579 2701 710 2743 vero
755 2699 926 2738 unum
959 2691 1043 2737 est
1077 2701 1090 2736 :
1124 2682 1315 2736 eodem
1365 2680 1527 2734 modo
1579 2680 1737 2733 multi
1786 2678 2007 2748 quidem

427 2779 742 2851 singulares
772 2778 828 2831 in
878 2783 1077 2830 natura
1117 2773 1359 2830 hominis
1388 2763 1777 2836 ostenduntur,
1814 2781 1873 2824 ut
1906 2769 2010 2824 Pc-

425 2881 567 2939 trus,
619 2871 884 2935 Jacobus,
936 2869 1177 2924 Joannes
1212 2883 1225 2919 :
1256 2883 1402 2921 unus
1432 2881 1563 2919 vero
1612 2866 1664 2918 in
1722 2863 1811 2917 his
1847 2863 2010 2915 homo

425 2973 532 3020 est.
575 2964 730 3030 Quod
764 2964 809 3019 si
843 2961 1130 3032 Scriptura
1187 2975 1383 3014 nomen
1415 2958 1611 3011 dilatat
1659 2963 1713 3009 et
1765 2955 2011 3009 extendit

426 3055 496 3110 ad
537 3054 804 3125 pluralem
841 3049 1324 3122 signiﬁcationem,
1365 3047 1497 3100 dum
1569 3044 1725 3106 dicit,
1762 3061 1780 3092 ι
1815 3041 2008 3095 Homi-

429 3160 526 3200 nes
550 3161 646 3214 per
676 3144 943 3214 majorem
961 3141 1235 3211 jurant”,
1262 3159 1280 3190 ι
1303 3146 1359 3193 et
1385 3155 1403 3187 ι
1434 3135 1556 3189 Filii
1597 3135 1879 3187 hominum
1899 3135 1962 3198 ιι,
1988 3152 2005 3182 ι

425 3245 482 3293 et
512 3245 712 3292 cmtera
747 3236 970 3299 similia,
1014 3230 1374 3302 judicandum
1428 3238 1536 3290 est,
1589 3226 1738 3296 quod
1777 3240 2013 3279 consue-

426 3328 619 3383 tudine
665 3327 966 3383 obtinentis
1003 3324 1206 3393 lingua:
1260 3319 1639 3391 proprietatis,
1677 3332 1842 3387 quam
1891 3314 2010 3368 διά-

425 3417 616 3472 λεκτον
670 3429 954 3480 vocamus,
1009 3421 1218 3476 utatur,
1278 3426 1384 3463 non
1437 3410 1610 3480 legem
1666 3407 2010 3477 praescribat,

425 3525 533 3580 qua
566 3510 648 3564 sic
673 3515 927 3577 oporteat
959 3505 1146 3575 potius
1171 3518 1333 3573 quam
1363 3502 1528 3555 aliter
1557 3499 1740 3555 verbis
1772 3500 1852 3553 uti
1876 3517 1888 3552 :
1912 3515 2012 3554 nec

426 3601 784 3656 artiﬁciosam
803 3599 1042 3668 aliquam
1071 3597 1138 3651 de
1165 3596 1347 3650 verbis
1376 3593 1684 3647 doctrinam
1718 3591 2010 3646 instituens

425 3696 542 3751 haec
563 3695 730 3761 dicat,
764 3693 861 3750 scd
917 3692 1220 3750 secundum
1272 3690 1611 3744 obtinentem
1657 3689 2010 3742 consuetudi—

2115 577 2234 629 κατ’
2274 576 2408 631 ἰδίαν
2443 579 2789 653 περιγραφὴν
2813 579 3137 660 θεωρεῖται;
3175 579 3208 648 ἡ
3249 576 3306 628 δὲ
3335 577 3690 648 περιγραφὴ,

2113 665 2171 718 ὲν
2189 666 2478 737 ὲπιφανεῖᾳ
2499 667 2746 738 σώματος
2763 669 2855 722 καὶ
2875 667 3091 738 μεγέθει
3108 667 3202 719 καὶ
3219 667 3370 735 τόπῳ
3390 666 3483 719 καὶ
3498 668 3564 736 τῇ
3579 665 3697 720 δια-

2115 759 2255 828 φορᾷ
2272 759 2335 828 τῇ
2355 758 2562 811 κατὰτὸ
2578 762 2765 830 σχῆμα
2786 762 2879 812 καὶ
2899 759 3094 830 χρῶμα
3111 757 3693 828 καταλαμϐάνεται.Τὸ

2114 847 2171 901 δὲ
2204 848 2308 913 ἔξω
2341 848 2544 904 τούτων
2565 849 2958 922 θεωρούμενον,
3008 850 3268 918 ἐκφεύγει
3309 850 3408 920 τὴν
3448 849 3538 902 διὰ
3582 849 3692 903 τῶν

2113 941 2366 994 τοιούτων
2378 942 2746 1014 περιγραφήν.
2758 943 2824 995 Ὃ
2838 943 2895 996 δὲ
2919 943 2993 1014 μὴ
3011 943 3412 1014 περιγράφεται
3429 941 3528 995 οὐκ
3545 941 3693 1012 ἀριθ-

2119 1034 2317 1101 μεῖται,
2335 1031 2395 1084 τὸ
2421 1033 2476 1084 δὲ
2502 1032 2576 1103 μὴ
2600 1032 3020 1104 ἀριθμούμενον,
3051 1034 3108 1085 ὲν
3131 1032 3322 1101 πλήθει
3351 1032 3689 1102 θεωρηθῆναι

2113 1123 2439 1178 ούδύναται.
2474 1125 2626 1177 Ἐπεὶ
2656 1126 2749 1178 καὶ
2774 1125 2864 1178 τὸν
2883 1125 3082 1196 χρυσόν
3106 1141 3304 1194 φαμεν,
3333 1122 3433 1176 κᾶν
3461 1125 3540 1186 εἰς
3561 1123 3691 1175 πολ-

2114 1212 2238 1276 λοὺς
2267 1214 2753 1287 διακερματίζηται
2786 1215 2988 1278 τύπους
3010 1254 3026 1278 ,
3062 1215 3156 1268 ἕνα
3189 1215 3282 1267 καὶ
3315 1211 3451 1267 εἶναι
3486 1214 3579 1267 καὶ
3611 1213 3694 1266 λέ-

2114 1309 2306 1376 γεσθαι.
2330 1325 2344 1339 ·
2383 1310 2552 1363 πολλὰ
2584 1311 2641 1364 δὲ
2681 1311 2993 1382 νομίσματα
3031 1311 3127 1365 καὶ
3163 1311 3387 1371 πολλοὺς
3415 1311 3692 1380 στατῆρας

2113 1399 2471 1472 ὀνομάζομεν,
2512 1402 2700 1457 οὐδένα
2731 1405 2831 1473 τῆς
2861 1403 3076 1472 φύσεως
3106 1403 3200 1457 τοῦ
3230 1399 3430 1473 χρυσοῦ
3465 1402 3691 1455 πλεονα-

2115 1489 2252 1560 σμὸν
2284 1492 2342 1544 ἐν
2372 1491 2450 1562 τῷ
2480 1492 2674 1563 πλήθει
2714 1493 2822 1546 τῶν
2867 1495 3154 1565 στατήρων
3191 1493 3559 1564 εὑρίσκοντες.
3601 1494 3692 1546 Διὸ

2114 1581 2209 1635 καὶ
2238 1582 2407 1646 πολὺς
2434 1583 2462 1634 ὁ
2507 1584 2708 1653 χρυσὸς
2737 1583 2987 1652 λέγεται,
3031 1585 3160 1638 ὅταν
3196 1583 3353 1654 {Symp
3396 1584 3622 1648 πλείονι,
3655 1584 3688 1656 ἢ

2119 1673 2395 1737 σκεύεσιν,
2423 1673 2458 1746 ἢ
2489 1675 2788 1745 νομίσμασι
2821 1675 3114 1745 θεωρῆται,
3144 1675 3328 1728 πολλοὶ
3347 1675 3403 1728 δὲ
3429 1677 3477 1728 οἱ
3502 1677 3692 1746 χρυσοῖ

2116 1764 2205 1818 διὰ
2237 1765 2297 1818 τὸ
2332 1765 2534 1836 πλῆθος
2563 1766 2663 1837 τῆς
2687 1765 2825 1837 ὕλης
2859 1768 2959 1819 οὐκ
2987 1767 3380 1835 ὀνομάζονται·
3412 1769 3463 1820 εί
3502 1768 3575 1838 μή
3609 1786 3694 1832 τις

2116 1851 2260 1905 οὕτω
2290 1852 2468 1921 λέγοι,
2503 1854 2737 1924 χρυσοὺς
2774 1853 3032 1919 πολλοὺς,
3068 1855 3143 1918 ὡς
3177 1855 3302 1917 τοὺς
3331 1857 3621 1926 Δαρεικοὺς
3659 1855 3692 1926 ἢ

2115 1946 2244 2009 τοὺς
2277 1945 2574 2016 στατῆρας,
2603 1945 2687 2013 ἐφ’
2725 1939 2800 1998 ὧν
2833 1945 2931 2016 οὐχ
3025 1945 3157 2016 ὕλη,
3189 1945 3326 1999 ἀλλὰ
3348 1946 3418 2000 τὰ
3441 1947 3693 2016 κέρματα

2115 2035 2215 2108 τὴν
2259 2036 2353 2090 τοῦ
2403 2037 2644 2109 πλήθους
2688 2038 2962 2110 σημασίαν
3004 2040 3274 2105 ἐδέξαντο.
3323 2039 3542 2109 Κυρίως
3584 2041 3693 2112 γάρ

2117 2130 2264 2183 ἐστιν
2313 2131 2433 2200 ούχὶ
2461 2133 2726 2202 χρυσοῦς,
2762 2132 2896 2186 ἀλλὰ
2934 2134 3200 2204 χρυσέους
3232 2134 3456 2196 τούτους
3499 2136 3692 2187 εἰπεῖν.

2119 2222 2330 2295 Ὥσπερ
2355 2224 2533 2277 τοίνυν
2564 2219 2749 2278 πολλοὶ
2782 2225 2880 2296 μὲν
2906 2227 2953 2278 οἱ
2983 2226 3204 2296 χρύσεοι
3237 2229 3526 2297 στατῆρες,
3562 2243 3698 2297 χρυ-

2120 2314 2212 2378 σός
2235 2316 2294 2369 δὲ
2319 2311 2419 2381 εἷς,
2451 2316 2594 2370 οὕτω
2619 2319 2714 2371 καὶ
2741 2318 2924 2372 πολλοὶ
2944 2319 3041 2390 μὲν
3067 2321 3114 2372 οἱ
3141 2319 3264 2372 καθ’
3290 2319 3519 2374 ἕκαστον
3549 2322 3605 2374 ἐν
3628 2322 3694 2392 τῇ

2120 2406 2279 2476 φύσει
2323 2407 2419 2461 τοῦ
2463 2408 2752 2480 ἀνθρώπου
2791 2410 3160 2480 δεικνύμενοι,
3207 2407 3317 2464 οἷον
3361 2412 3566 2484 Πέτρος
3604 2413 3700 2467 καὶ

2131 2499 2386 2565 Ἰάκωϐος
2419 2501 2514 2554 καὶ
2549 2501 2802 2572 Ἰωάννης
2821 2545 2833 2562 ,
2871 2497 2951 2565 εἷς
2979 2503 3036 2556 δὲ
3071 2504 3128 2555 ἐν
3158 2504 3366 2567 τούτοις
3390 2504 3694 2575 ἄνθρωπος.

2119 2593 2240 2645 Κᾶν
2271 2594 2304 2665 ἡ
2339 2593 2528 2665 Γραφὴ
2558 2592 2800 2665 πλατύνῃ
2829 2593 2889 2646 τὸ
2915 2594 3083 2665 ὄνομα
3113 2595 3256 2649 κατὰ
3281 2597 3378 2666 τὴν
3408 2596 3698 2667 πληθυντι-

2119 2685 2221 2756 κὴν
2255 2686 2530 2756 σημασίαν
2559 2687 2616 2740 έν
2646 2685 2722 2756 τῷ
2756 2687 2956 2755 λέγειν,
3000 2707 3019 2738 ι
3060 2687 3371 2758 ’Ἄνθρωποι
3415 2688 3557 2742 κατὰ
3599 2689 3693 2742 τοῦ

2123 2778 2366 2846 μείζονος
2413 2777 2724 2849 ὀμνύουσιν,
2763 2797 2782 2828 ι
2819 2778 2932 2845 καὶ,
2975 2796 2994 2831 ‹
3031 2780 3150 2833 Υἱοὶ
3173 2780 3498 2851 ἀνθρώπων,
3546 2799 3567 2835 ι
3602 2782 3695 2835 καὶ

2119 2868 2219 2921 ὅσα
2247 2868 2501 2932 τοιαῦτα,
2538 2869 2808 2938 γνωστέον
2839 2871 2922 2923 ὅτι
2946 2872 3011 2941 τῇ
3046 2870 3305 2942 συνηθείᾳ
3332 2871 3427 2942 τῆς
3466 2873 3699 2942 ἐπικρα-

2119 2957 2319 3029 τούσης
2347 2959 2622 3012 διαλέκτου
2648 2959 2982 3030 κεχρημένη,
3015 2959 3135 3030 ούχὶ
3179 2961 3458 3031 νομοθετεῖ
3490 2959 3550 3015 τὸ
3589 2963 3698 3014 δεῖν

2120 3049 2357 3121 οὓτωςῆ
2398 3052 2470 3114 ὡς
2508 3052 2708 3122 ἑτέρως
2754 3050 3052 3122 κεχρῆσθαι
3095 3053 3207 3115 τόῖς
3254 3053 3493 3123 ῥήμασιν
3519 3070 3532 3084 °
3579 3052 3701 3106 ούδὲ

2119 3160 2241 3196 τινα
2265 3144 2521 3213 τεχνικὴν
2555 3143 2685 3214 περὶ
2716 3144 2978 3214 ῥημάτων
3014 3144 3364 3198 διδασκαλίαν
3401 3145 3697 3216 ποιουμένη

2119 3233 2294 3288 ταῦτα
2324 3232 2600 3297 διέξεισιν,
2628 3233 2765 3288 ἀλλὰ
2795 3235 2939 3288 κατὰ
2982 3235 3080 3306 τὴν
3113 3236 3518 3305 ἐπικρατοῦσαν
3577 3252 3702 3288 συν-

2119 3324 2312 3395 ήθειαν
2346 3325 2541 3396 χρῆται
2573 3324 2652 3395 τῷ
2680 3325 2842 3394 λόγῳ,
2867 3326 3003 3396 πρὸς
3026 3327 3183 3379 τοῦτο
3210 3326 3480 3397 βλέπουσα
3515 3328 3694 3399 μόνον,

2119 3418 2267 3479 ὅπως
2292 3416 2358 3470 ἂν
2388 3417 2674 3488 ὲπωφελὴς
2701 3417 2911 3486 γένοιτο
2953 3419 3064 3482 τοῖς
3110 3419 3420 3490 δεχομένοις
3451 3421 3479 3473 ὁ
3509 3421 3695 3488 λόγος,

2119 3504 2273 3558 οὐδὲν
2306 3504 2805 3577 ἀκριϐολογουμένη
2846 3507 2986 3560 κατά
3013 3507 3110 3577 τὴν
3139 3508 3306 3574 λέξιν,
3346 3511 3403 3563 ὲν
3442 3503 3523 3573 οἷς
3547 3511 3696 3563 οῦδε-

2123 3597 2221 3666 μία
2276 3596 2448 3668 βλάϐη
2496 3597 2638 3651 κατὰ
2681 3598 2916 3652 διάνοιαν
2965 3601 3030 3651 ἐκ
3092 3600 3198 3653 τῶν
3252 3603 3513 3672 ῥημάτων
3575 3619 3670 3656 συν

2122 3691 2356 3742 ίσταται.

425 3807 550 3848 nem
600 3793 766 3848 verbo
817 3799 1026 3855 utatur,
1060 3788 1114 3843 id
1162 3788 1342 3844 solum
1391 3795 1673 3854 spectans,
1709 3793 1770 3839 ut
1810 3785 2216 3854 accipientibus
2257 3787 2408 3843 utilis
2461 3787 2532 3842 sit
2586 3788 2785 3853 oratio,
2844 3788 2977 3842 nihil
3042 3789 3335 3844 admodum
3381 3790 3697 3861 disquirens

425 3887 574 3943 circa
599 3884 922 3948 dictionem,
959 3881 1016 3935 in
1047 3879 1253 3952 quibus
1294 3878 1433 3933 locis
1481 3878 1694 3931 nullum
1750 3877 2013 3930 damnum
2053 3878 2203 3932 circa
2236 3881 2561 3934 sententiam
2595 3895 2659 3935 ex
2687 3879 2870 3935 verbis
2901 3879 3191 3934 conﬂatur.

493 4076 574 4128 Ac
625 4071 850 4142 longum
899 4069 1064 4125 fuerit
1111 4067 1179 4122 ad
1234 4066 1504 4121 dictormn
1542 4064 1914 4134 probationem
1947 4080 2014 4119 ex

425 4165 714 4236 Scriptura
752 4164 1013 4234 colligere
1061 4160 1506 4216 constructiones
1549 4158 1852 4212 solmcismi
1887 4172 2011 4227 spe-

423 4264 562 4315 ciem
594 4258 855 4313 habentes
897 4271 912 4307 :
962 4257 1018 4308 in
1069 4253 1271 4324 quibus
1331 4261 1511 4306 autem
1547 4250 1851 4320 periculum
1902 4256 2008 4312 est,

422 4366 495 4406 ne
524 4349 915 4405 detrimentum
948 4346 1194 4415 patiatur
1217 4343 1465 4398 veritatis
1499 4341 1683 4410 aliqua
1720 4355 1867 4410 pars,
1898 4355 2008 4393 non

2190 4067 2302 4120 Καὶ
2343 4067 2552 4137 μακρὸν
2593 4065 2659 4121 ἂν
2695 4065 2780 4136 είη
2812 4066 2910 4130 τὰς
2955 4066 3361 4135 σολοικοφανεῖς
3402 4066 3496 4120 τοῦ
3535 4067 3693 4136 λόγου

2118 4156 2397 4222 συντάξεις
2434 4160 2497 4211 ὲκ
2536 4159 2637 4228 τῆς
2687 4159 2913 4228 Γραφῆς
2955 4159 3276 4228 καταλέγειν
3329 4160 3409 4224 εἰς
3446 4160 3542 4231 τὴν
3586 4161 3695 4215 τῶν

2115 4251 2420 4321 εἰρημένων
2466 4251 2768 4316 ἀπόδειξιν·
2815 4253 2871 4304 ἐν
2917 4247 3000 4315 οἷς
3029 4252 3085 4305 δὲ
3117 4252 3361 4316 κίνδυνός
3397 4253 3513 4307 ἐστι
3561 4255 3689 4325 βλα-

2114 4343 2274 4413 ϐῆναί
2309 4361 2357 4395 τι
2384 4344 2482 4414 τῆς
2507 4343 2784 4412 ἀληθείας,
2812 4343 2994 4396 οὐκέτι
3028 4344 3088 4396 τὸ
3120 4344 3482 4399 ἀϐασάνιστόν
3509 4363 3567 4398 τε
3595 4345 3690 4399 καὶ

423 4443 551 4498 item
582 4441 937 4512 promiscuus
994 4447 1048 4494 et
1095 4437 1412 4492 indill'crens
1456 4449 1614 4499 usus,
1667 4448 1768 4486 nec
1824 4431 2007 4486 indili-

2115 4437 2403 4506 ἀδιάφορον
2434 4436 2492 4488 ὲν
2522 4440 2633 4499 τοῖς
2664 4439 2955 4506 γραφικοῖς
2982 4435 3295 4508 εὑρίσκεται
3333 4439 3561 4509 ῥήμασι.
3594 4439 3692 4491 Διὰ

423 4533 611 4604 gentia
649 4529 986 4585 discutiendi
1041 4536 1097 4583 et
1144 4525 1500 4583 examinandi
1552 4525 1607 4578 in
1645 4524 1826 4578 verbis
1859 4521 2001 4575 Seri-

424 4639 600 4698 pturaz
641 4625 938 4694 reperitur.
972 4620 1190 4675 Idcirco
1235 4621 1485 4673 homines
1519 4617 1740 4687 quidem
1775 4616 2004 4686 plurali.

422 4726 508 4772 ter
537 4717 826 4771 nominare
864 4714 1141 4780 concedit,
1184 4712 1387 4783 quippe
1425 4727 1550 4766 cum
1586 4726 1748 4765 nemo
1782 4718 2007 4780 propter

423 4805 738 4876 bujusmodi
763 4805 988 4875 ﬁguram
1019 4804 1172 4858 vocis
1202 4803 1268 4856 ad
1306 4800 1713 4856 multitudinem
1752 4800 2003 4854 Immani-

423 4906 594 4954 tatum
627 4898 942 4967 suspicione
968 4897 1307 4966 prolabatur,
1346 4909 1448 4949 nec
1476 4895 1680 4949 multas
1730 4893 2002 4947 humanas

423 5000 648 5047 naturas
676 4988 975 5059 signiﬁcari
997 4989 1293 5052 existimet,
1319 4995 1602 5057 propterea
1637 4987 1784 5057 quod
1808 5001 2005 5040 nomen

421 5090 632 5139 natura:
669 5079 955 5150 pluraliter
998 5079 1343 5132 enuntiatum
1375 5080 1467 5132 sit.
1497 5077 1566 5130 At
1627 5093 1814 5131 vocem
1865 5076 2006 5131 Deus

421 5157 840 5230 cutn'cautione
871 5180 926 5226 et
987 5169 1372 5226 observatione
1434 5185 1531 5238 per
1573 5169 1908 5240 singularem
1946 5169 2004 5222 ﬁ-

420 5281 609 5336 guram
633 5264 900 5327 enuntiat,
925 5263 1029 5316 hoc
1067 5263 1410 5332 prospiciens
1457 5273 1509 5316 et
1541 5277 1762 5329 cavens,
1800 5277 1867 5316 ne
1916 5261 2004 5315 di-

420 5372 591 5414 versae
619 5365 827 5410 natura?
858 5355 1052 5426 plurali
1078 5355 1477 5425 signiﬁcatione
1511 5354 1735 5409 deortun
1774 5355 1828 5409 in
1864 5353 2004 5409 divi-

417 5465 489 5505 na
517 5448 755 5506 essentia
784 5445 1312 5503 subintroducantur
1349 5464 1362 5499 :
1400 5446 1779 5514 quamobrem,
1821 5462 1840 5496 ι
1898 5443 2003 5498 Do-

421 5541 604 5597 minus
654 5539 822 5606 Deus,
861 5559 879 5590 ι
918 5538 1116 5608 inquit,
1164 5555 1182 5586 ι
1220 5535 1485 5591 Dominus
1519 5553 1662 5591 unus
1713 5546 1799 5590 est
1825 5538 1866 5566 ¹²
1919 5556 1930 5590 :
1979 5556 1997 5588 ι

416 5635 549 5705 quin
579 5632 742 5688 etiam
779 5630 1119 5704 unigenitum
1149 5627 1318 5684 Deum
1348 5644 1484 5685 voce
1507 5627 1727 5684 deitatis
1756 5643 2004 5699 pronun-

489 5815 536 5847 ⁸⁸
571 5813 735 5871 Hebr.
767 5830 842 5882 vt,
881 5814 944 5869 12
1037 5814 1080 5846 ¹¹
1123 5811 1272 5871 Psal.
1310 5827 1385 5880 tv,
1412 5813 1465 5868 3.
1539 5813 1588 5894 ἠ
1625 5809 1779 5867 Deut.
1824 5824 1901 5874 vn,
1934 5809 1987 5863 4.

2113 4527 2273 4582 τούτο
2305 4526 2638 4598 ἀνθρώπους.
2667 4529 2940 4597 συγχωρεῖ
2969 4527 3341 4598 πληθυντικῶς
3380 4529 3689 4600 ὀνομάζειν,

2112 4617 2199 4670 δια
2231 4617 2293 4669 τὸ
2340 4619 2542 4688 μηδένα
2579 4616 2656 4687 τῷ
2684 4617 2908 4688 τοιούτῳ
2957 4619 3197 4688 σχήματι
3241 4618 3342 4688 τῆς
3386 4618 3570 4688 φωνῆς
3615 4621 3696 4682 εἰς

2112 4709 2314 4781 πλῆθος
2366 4709 2799 4781 ἁνθρωποτήτων
2869 4710 2989 4773 ταῖς
3048 4710 3325 4773 ὑπονοίαις
3381 4710 3689 4774 ἐκπίπτειν,

2115 4799 2248 4870 μηδὲ
2295 4798 2534 4869 νομίζειν
2579 4797 2778 4860 πολλὰς
2813 4797 3160 4869 ἀνθρωπίνας
3201 4797 3390 4866 φύσεις
3436 4799 3692 4869 σημαίνε-

2113 4894 2256 4955 σθαι,
2284 4892 2369 4946 διὰ
2389 4894 2449 4946 τὸ
2477 4891 2850 4955 πληθυντικῶς
2873 4891 3261 4961 ὲξαγγελθῆναι
3281 4890 3342 4944 τὸ
3367 4892 3467 4961 τῆς
3480 4892 3692 4960 φύσεως

2109 4988 2297 5056 ὄνομα.
2356 4986 2428 5038 Τὸ
2468 4986 2525 5038 δὲ
2568 4985 2700 5048 Θεὸς
2747 4985 2927 5055 φωνὴν
2978 4985 3514 5055 παρατετηρημένως
3548 4984 3690 5037 κατὰ
3743 5017 3746 5022 -

2107 5079 2198 5132 τὸν
2226 5079 2402 5131 ἑνικὸν
2425 5077 2738 5146 ἐξαγγέλλει
2759 5079 2940 5141 τόπον,
2965 5076 3122 5129 τοῦτο
3149 5073 3601 5148 προμηθουμένη,
3629 5077 3688 5128 τὸ
3740 5137 3744 5158 Ι

2111 5171 2185 5242 μὴ
2235 5170 2522 5241 διαφόρους
2567 5169 2758 5237 φύσεις
2804 5169 2894 5221 ἐπὶ
2944 5173 3045 5237 τῆς
3097 5168 3246 5231 θείας
3293 5168 3479 5228 οὐσίας
3521 5170 3577 5220 ὲν
3621 5171 3686 5238 τῇ

2108 5263 2443 5334 πληθυντικῇ
2493 5261 2736 5333 σημασίᾳ
2763 5260 2869 5314 τῶν
2906 5259 3042 5314 θεῶν
3075 5257 3527 5328 παρεισάγεσθαι.
3561 5258 3652 5309 Διὸ
3675 5299 3689 5322 ,

2113 5355 2266 5424 φησι,
2291 5373 2310 5404 ‹
2339 5353 2540 5423 Κύριος
2557 5355 2584 5406 ὁ
2601 5353 2750 5416 Θεὸς,
2768 5351 2971 5424 Κύριος
2995 5347 3073 5415 εἷς
3098 5355 3264 5404 ἐστιν·
3299 5369 3317 5401 ι
3335 5349 3470 5403 ἀλλὰ
3488 5349 3578 5402 καὶ
3600 5348 3690 5401 τὸν

2115 5446 2374 5516 μονογενῆ
2407 5445 2538 5497 Θεὸν
2585 5448 2651 5516 τῇ
2677 5443 2780 5514 τῆς
2814 5442 3066 5513 θεότητος
3108 5441 3480 5513 ἀνακηρύσσει
3516 5443 3688 5510 φωνῇ,

2112 5538 2206 5588 καὶ
2239 5537 2300 5588 ού
2336 5535 2541 5588 διαλύει
2583 5537 2644 5588 τὸ
2674 5535 2732 5587 ἓν
2755 5536 2836 5598 είς
2864 5534 3052 5606 δυῖκὴν
3088 5534 3389 5605 σημασὶαν,
3423 5533 3564 5585 ὥστε
3598 5531 3691 5583 δύο

2113 5627 2268 5691 θεοὺς
2298 5627 2389 5682 τὸν
2427 5627 2648 5698 Πατέρα
2678 5627 2771 5682 καὶ
2800 5626 2889 5682 τὸν
2922 5626 3049 5682 Υίὸν
3078 5627 3344 5699 ὀνομάσαι
3369 5643 3382 5656 ·
3427 5623 3532 5677 κᾶν
3563 5621 3692 5676 ἑκά-
