4066 6374
322 335 424 390 155

1496 335 1688 402 QUOD
1724 335 1864 392 NON
1898 337 2056 394 SINT
2083 338 2263 395 TRES
2283 339 2392 397 Dll.

3467 341 3572 397 151

315 472 474 526 τερος
501 454 630 519 Θεὸς
667 453 815 526 παρὰ
847 455 952 507 τῶν
973 454 1142 522 ἁγίων
1174 453 1536 523 κηρύσστδται.
1581 453 1740 506 Ἀλλὰ
1765 453 1898 516 Θεὸς
1925 491 1937 516 Α

2040 459 2106 510 iat
2135 472 2151 511 :
2184 473 2247 512 ac
2284 474 2391 512 non
2423 458 2673 514 dissolvit
2697 458 2748 513 id
2780 457 2923 527 quod
2953 474 3120 512 unum
3155 467 3238 512 est
3269 459 3320 511 in
3357 456 3573 514 dualem

325 548 422 618 μὲν
453 547 482 600 6
525 546 724 617 «Πατήρ
746 563 761 576 ·
791 546 935 608 ⁹Θεὸς
959 546 1015 599 δὲ
1059 547 1088 598 ὁ
1137 545 1295 612 Υἰὸςξ·
1333 540 1414 608 εἷς
1449 545 1507 598 δὲ
1536 547 1593 598 ἑν
1631 545 1709 615 τῷ
1751 545 1898 617 αὐτῷ

322 639 638 711 κηρύγματι
667 639 695 690 ὁ
727 637 892 701 Θεόςο
933 635 1020 690 διὰ
1042 636 1103 689 τὸ
1132 637 1270 708 μήτε
1299 635 1536 706 φύσεως,
1571 637 1710 707 μήτε
1743 639 1890 707 ὲνερι

322 729 475 798 γείας
498 725 882 798 ἑνθεωρεῖσθαί
908 744 1029 781 τινα
1052 726 1314 798 διαφορὰν
1337 729 1402 798 τῇ
1439 727 1674 797 θεότητι.
1700 729 1765 780 Εἰ
1793 727 1903 799 γὰρ

323 819 678 890 παρήλλακτο
707 818 846 872 κατὰ
864 818 962 890 τὴν
993 819 1100 872 τῶν
1123 820 1490 890 ἠπατημένων
1524 819 1780 873 ὑπόνοιαν
1809 821 1905 873 ἐπὶ

325 912 422 982 τῆς
467 910 629 980 ἁγίας
657 911 884 982 Τριάδος
915 913 949 982 ἡ
991 910 1152 980 φύσις
1173 951 1188 976 ,
1217 910 1528 974 ἀκολούθως
1565 912 1646 974 είς
1705 910 1908 982 πλῆθος

324 1003 471 1057 Θεῶν
495 1005 524 1055 6
545 1002 772 1074 ἀριθμὸς
793 1001 1140 1064 ἐπλατύνετο,
1173 1003 1239 1072 τῇ
1273 1001 1550 1072 ἑτερότητι
1576 1002 1676 1069 τῆς
1719 1002 1907 1064 οὐσίας

325 1094 435 1146 τῶν
477 1095 848 1164 ὑποκειμένων
883 1093 1374 1165 συνδιαιρούμενος.
1438 1095 1592 1148 Ἐπεὶ
1628 1094 1684 1146 δὲ
1725 1095 1908 1146 πᾶσαν

327 1186 624 1238 ἀπωθεῖται
659 1186 758 1256 τὴν
796 1184 913 1238 κατ’
941 1185 1127 1240 οὐσίαν
1166 1185 1456 1258 ἑτερότητα
1492 1187 1525 1256 ή
1554 1185 1673 1237 θεία
1714 1202 1773 1237 τε
1817 1183 1911 1238 καὶ

331 1276 474 1345 ἁπλῆ
501 1277 595 1330 καὶ
623 1275 978 1339 ἀναλλοίωτος
1006 1276 1190 1345 φύσις,
1242 1276 1318 1339 ὡς
1352 1276 1416 1330 ἂν
1449 1277 1546 1347 μία
1571 1271 1629 1349 ᾗ,
1672 1275 1909 1346 πλήθους

335 1367 605 1436 σημασίαν
632 1367 716 1435 ἐφ’
749 1367 945 1436 ἑαυτῆς
975 1367 1035 1419 ού
1072 1365 1377 1436 προσίεται.
1420 1366 1558 1420 Ἀλλ’
1589 1366 1774 1438 ὥσπερ
1813 1367 1910 1435 μία

333 1458 547 1528 λέγεται
579 1458 762 1526 φύσις,
803 1457 944 1510 οὕτω
976 1457 1070 1511 καὶ
1097 1459 1165 1511 τὰ
1192 1457 1326 1511 ἄλλα
1363 1458 1541 1512 πάντα
1576 1458 1771 1520 ἑνικῶς
1795 1458 1916 1509 ὀνοο

340 1547 590 1618 μάζεται,
623 1547 753 1611 Θεὸς
775 1589 789 1612 ,
822 1546 1046 1616 ἀγαθὸς,
1073 1548 1226 1614 ἅγιος
1247 1587 1263 1612 ,
1289 1548 1492 1617 σωτὴρ,
1523 1547 1753 1612 δίκαιος,
1787 1565 1909 1618 κρι-

336 1639 454 1711 τὴς,
477 1639 572 1692 καὶ
595 1639 649 1691 εἴ
671 1657 725 1693 τι
753 1639 880 1693 ἄλλο
908 1640 1018 1692 τῶν
1043 1637 1360 1710 θεοπρεπῶν
1383 1639 1663 1708 ὀνομάτων
1688 1641 1911 1703 νοεῖται,

338 1733 446 1786 εἴτε
469 1731 605 1804 πρὸς
623 1732 804 1801 φύσιν,
827 1733 938 1786 εἴτε
958 1730 1094 1804 πρὸς
1108 1731 1386 1802 ἐνέργειαν
1411 1730 1629 1801 βλέπειν
1647 1747 1732 1794 τις
1755 1729 1909 1801 λέγῃ,

337 1823 397 1876 ού
429 1823 762 1894 διοισόμεθα.

2008 549 2487 619 signiﬁcationem,
2526 559 2582 601 ut
2607 549 2745 603 duos
2775 549 2909 604 deos
2939 547 3152 602 Patrem
3175 556 3227 602 et
3256 545 3450 601 Filium
3472 562 3575 600 no-

2009 641 2178 696 minet
2203 659 2216 695 ι
2243 641 2470 695 'tametsi
2497 650 2725 710 uterque
2753 639 2896 694 Deus
2929 655 2959 692 a
2999 639 3205 693 sanctis
3233 638 3574 708 praedicetur.

2011 733 2118 787 Sed
2143 732 2287 788 Deus
2312 733 2531 802 quidem
2577 733 2770 792 Pater:
2799 732 2942 787 Deus
2984 733 3113 786 item
3159 730 3339 785 Fiiius
3373 750 3384 784 :
3434 746 3578 786 unus

2009 838 2137 876 vero
2170 823 2225 876 in
2245 823 2437 878 eadem
2463 821 2850 892 praedicatione
2871 821 3014 875 Deus
3042 829 3126 875 est
3157 838 3170 874 :
3223 821 3424 891 quippe
3453 835 3578 873 cum

2009 929 2188 983 neque
2217 924 2444 978 natura},
2479 930 2656 983 neque
2692 913 2952 967 efﬁcacia:
2974 913 3157 980 aliqua
3200 910 3504 966 differentia
3525 912 3581 966 in

2013 1004 2214 1060 dei-tate
2263 1006 2665 1060 consideretur.
2715 1003 2850 1057 Nam
2904 1005 2951 1058 si
2986 1005 3222 1058 variaret
3273 1011 3328 1058 ct
3363 1003 3580 1059 diversa

2010 1105 2155 1152 esset
2189 1097 2245 1151 in
2275 1106 2466 1152 sancta
2489 1096 2760 1151 Triuitate
2804 1105 3020 1158 natura,
3047 1102 3210 1165 prout
3233 1096 3586 1164 suspicantur

2013 1189 2260 1243 nonnulli
2290 1201 2479 1243 errore
2519 1188 2751 1258 decepti,
2775 1198 3173 1257 consequenter
3191 1189 3246 1241 in
3280 1187 3588 1240 multitudi-

2015 1293 2137 1331 nem
2168 1277 2395 1332 deorum
2436 1293 2698 1332 numerus
2729 1277 3073 1342 dilataretur,
3126 1286 3290 1345 atque
3319 1289 3427 1330 una
3460 1290 3587 1329 cum

1998 1366 2330 1422 diversitate
2373 1367 2626 1422 essentia:
2655 1367 3026 1434 subjectorum
3059 1365 3416 1421 divideretur.
3480 1363 3589 1418 Sed

2013 1461 2272 1530 quoniam
2305 1475 2520 1515 onmem
2565 1461 2709 1514 circa
2741 1459 3039 1514 essentiam
3078 1459 3453 1514 diversitatem
3504 1472 3591 1511 re-

2010 1551 2359 1620 jicit‘divina,
2418 1553 2670 1621 simplex,
2707 1562 2760 1606 et
2805 1552 3031 1610 variare,
3061 1550 3352 1606 alterarive
3404 1549 3591 1605 nescia

2016 1651 2235 1712 natura,
2267 1653 2325 1697 ut
2355 1660 2461 1697 una
2491 1647 2584 1707 sit,
2616 1644 2983 1698 multitudinis
3024 1643 3482 1714 significationem
3533 1641 3592 1696 in

2019 1749 2139 1789 sese
2172 1750 2281 1789 non
2310 1722 2568 1790 admittit.
2619 1735 2725 1791 Sed
2763 1743 2820 1788 ut
2848 1751 2957 1789 una
3005 1735 3210 1790 dicitur
3264 1743 3482 1797 natura,
3515 1733 3591 1788 ita

1944 1823 1987 1878 Β
2017 1836 2215 1881 οιιξῑεντι
2264 1843 2483 1897 quoque
2529 1827 2715 1883 omnia
2759 1828 3114 1897 singulariter
3167 1827 3526 1881 nominantur
3575 1843 3590 1879 :

339 1915 506 1982 Deus,
534 1917 735 1982 bonus,
767 1924 1012 1978 sanctus,
1046 1922 1315 1979 servator,
1340 1915 1546 1984 justus,
1602 1914 1791 1984 judex,
1824 1916 1941 1972 etsi
1981 1920 2126 1987 quod
2161 1921 2304 1975 aliud
2328 1934 2617 1992 augustum
2655 1937 2719 1977 ac
2743 1922 2853 1976 Deo
2883 1921 3218 1976 conveniens
3248 1935 3446 1975 nomen
3513 1919 3596 1972 in-

340 2009 621 2080 telligitur,
657 2007 804 2079 quod
831 2006 946 2062 sive
977 2007 1044 2060 ad
1091 2017 1343 2060 naturam
1371 2007 1486 2062 sive
1509 2004 1574 2060 ad
1618 2006 1920 2062 efﬁcaciam
1961 2018 2211 2079 Spectare
2240 2012 2362 2080 quis
2391 2012 2563 2079 dicat,
2591 2027 2699 2067 non
2737 2010 3154 2065 contendemus.

290 2260 314 2296 ‘
414 2200 476 2252 Εἰ
509 2198 566 2252 δέ
591 2214 672 2260 τις
698 2195 1056 2266 συκοφαντοίη
1084 2193 1174 2248 τὸν
1199 2195 1377 2263 λόγον,
1413 2193 1490 2258 ὡς
1518 2197 1582 2247 ὲκ
1609 2195 1702 2248 τοῦ
1722 2195 1806 2266 μὴ
1835 2195 1918 2248 δέ-

342 2290 532 2362 χεσθαι
577 2289 675 2358 τὴν
725 2285 868 2341 κατὰ
913 2285 1072 2354 φύσιν
1122 2285 1408 2356 διαφορὰν,
1461 2285 1605 2356 μίξιν
1652 2285 1774 2339 τινα
1809 2284 1918 2338 τῶν

347 2379 695 2434 ὑποστάσεων
721 2377 818 2430 καὶ
838 2374 1206 2445 ἀνακύκλησιν
1228 2374 1707 2438 κατασκευάζοντα
1725 2392 1738 2406 ο
1762 2376 1920 2428 τοῦτο

346 2472 475 2543 περὶ
520 2470 618 2540 τῆς
655 2467 910 2540 τοιαύτης
943 2465 1394 2537 ἀπολογησόμεθα
1423 2465 1683 2536 μέμψεως
1708 2506 1722 2528 ,
1756 2466 1922 2519 ὅτιτὸ

346 2561 761 2634 ἀπαράλλακτον
793 2560 892 2631 τῆς
935 2558 1149 2629 φύσεως
1186 2558 1592 2631 ὁμολογοῦντες,
1639 2560 1739 2629 τὴν
1784 2558 1925 2612 κατὰ

346 2655 407 2708 τὸ
436 2655 604 2708 αἴτιον
638 2654 732 2707 καὶ
755 2653 995 2706 αἰτιατὸν
1016 2651 1279 2722 διαφορὰν
1300 2652 1398 2704 ούκ
1421 2651 1752 2722 ἀρνούμεθα,
1789 2653 1845 2702 ὲν

352 2746 498 2816 μόνῳ
526 2744 898 2816 διακρίνεσθαι
927 2743 987 2796 τὸ
1007 2743 1190 2813 ἓτερον
1219 2742 1312 2796 τοῦ
1342 2743 1532 2812 ἑτέρου
1566 2740 1925 2812 καταλαμϐά-

350 2853 532 2907 νομεν,
557 2834 632 2906 τῷ
663 2834 725 2887 τὸ
756 2834 854 2906 μὲν
872 2834 1043 2887 αἴτιον
1080 2833 1357 2887 πιστεύειν
1390 2830 1546 2898 εἶναι,
1581 2836 1642 2887 τὸ
1665 2835 1721 2886 δὲ
1747 2836 1810 2887 ἑκ
1830 2831 1923 2886 τοῦ

349 2929 523 2982 αἰτίου
544 2944 558 2956 ’
590 2926 685 2980 καὶ
721 2925 813 2980 τοῦ
854 2926 914 2991 ἑξ
941 2926 1118 2987 αἰτίας
1143 2926 1314 2990 ὄντος,
1343 2925 1504 2979 πάλιν
1542 2925 1707 2994 ἄλλην
1746 2926 1927 2994 διαφο-

356 3018 455 3091 ρὰν
479 3016 783 3086 ἐννοοῦμεν.
808 3016 881 3068 Τὸ
910 3015 1007 3086 μὲν
1028 3017 1136 3086 γὰρ
1167 3017 1448 3087 προσεχῶς
1481 3018 1544 3069 ἑκ
1566 3017 1660 3070 τοῦ
1686 3015 1925 3088 πρώτου,

352 3111 416 3165 τὸ
445 3111 503 3164 δὲ
533 3109 622 3164 διὰ
640 3109 731 3163 τοῦ
764 3110 1042 3180 προσεχῶς
1075 3112 1141 3164 ὲκ
1177 3108 1270 3162 τοῦ
1303 3109 1541 3182 πρώτου,
1578 3110 1718 3163 ὥστε
1752 3109 1930 3162 καὶτὸ

355 3203 660 3270 Μονογενὲς
681 3201 1047 3273 ἁναμφίϐολον
1071 3203 1164 3255 ἐπὶ
1179 3202 1272 3255 τοῦ
1293 3202 1424 3255 Υίοῦ
1451 3203 1651 3273 μένειν,
1675 3202 1845 3255 καὶτὸ
1867 3203 1932 3254 ἑκ

356 3295 451 3348 τοῦ
481 3262 692 3366 Πατρὸς
713 3262 854 3347 εἶναί
869 3293 930 3347 τὸ
950 3293 1175 3364 Πνεῦμα
1209 3295 1282 3365 μὴ
1313 3262 1692 3364 ἀμφίϐαλὶειν,
1721 3295 1820 3364 τῆς
1843 3293 1936 3345 τοῦ
1965 3262 2006 3319 C

359 3387 490 3441 Υἰοῦ
531 3385 801 3458 μεσιτείας
826 3386 920 3439 καὶ
944 3385 1092 3456 αὐτῷ
1118 3386 1179 3440 τὸ
1215 3385 1510 3454 Μονογενὲς
1545 3385 1938 3455 φυλαττούσης,

361 3481 458 3534 καὶ
481 3479 542 3532 τὸ
558 3476 782 3538 Πνεῦμα
799 3478 897 3550 τῆς
915 3478 1150 3548 φυσικῆς
1170 3479 1307 3550 πρὸς
1335 3477 1424 3530 τὸν
1455 3477 1673 3548 Πατέρα
1705 3476 1941 3547 σχέσεως

366 3569 442 3642 μὴ
466 3569 852 3640 ἁπειργούσης.
884 3570 1064 3623 Αἴτιον
1093 3570 1149 3622 δὲ
1181 3570 1275 3622 καί¹
1297 3569 1356 3621 τὸ
1381 3568 1440 3633 ἐξ
1464 3569 1644 3622 αἰτίου
1673 3568 1964 3636 λέγοντες,.

359 3661 486 3731 οὐχὶ
507 3659 665 3729 φύσιν
678 3659 774 3713 διὰ
791 3657 994 3713 τούτων
1015 3660 1122 3712 τῶν
1147 3660 1426 3728 ὀνομάτων
1452 3656 1945 3728 σημαίνομεν.οὑδὲ

365 3755 476 3826 γὰρ
504 3754 594 3806 τὸν
627 3753 789 3807 αὐτὸν
818 3753 882 3807 ἄν
909 3769 993 3817 τις
1031 3753 1208 3816 αἰτίας
1235 3753 1329 3805 καὶ
1363 3751 1579 3821 φύσεως
1603 3750 1830 3819 ἀποδοίη
1856 3749 1946 3801 λό-

367 3860 486 3913 γον,
517 3844 654 3899 ἀλλὰ
682 3844 782 3915 τὴν
805 3843 948 3898 κατὰ
975 3843 1034 3898 τὸ
1063 3845 1179 3907 πῶς
1206 3840 1345 3898 εἶναι
1387 3841 1650 3914 διαφορὰν
1682 3840 1941 3894 ἑνδεικνύ·

373 3935 532 4008 μεθα.
566 3935 824 3998 Εἰπόντες
843 3935 952 4006 γὰρ
984 3935 1074 3989 τὸν
1108 3935 1204 4005 μὲν
1231 3935 1490 4000 αἱτιατὸν,
1518 3933 1608 3985 τὸν
1631 3932 1686 3985 δὲ
1708 3931 1834 3984 ἄνευ
1865 3933 1950 3984 αἰ-

368 4029 510 4092 τίας,
539 4028 660 4098 οὐχὶ
688 4026 785 4099 τὴν
815 4027 976 4096 φύσιν
1002 4027 1080 4097 τῷ
1105 4027 1245 4080 κατὰ
1265 4027 1324 4079 τὸ
1349 4026 1491 4094 λόγῳ
1517 4024 1911 4095 διεχωρίσαμεν
1931 4039 1946 4055 ·

371 4119 510 4174 ἀλλὰ
546 4119 704 4190 μόνον
730 4118 792 4172 τὸ
821 4119 960 4190 μήτε
989 4118 1080 4172 τὸν
1113 4119 1241 4172 Υῐὸν
1268 4119 1578 4188 ἁγεννήτως
1610 4114 1770 4181 εἶναι,
1812 4119 1952 4188 μήτε

374 4212 466 4265 τὸν
499 4213 720 4283 Πατέρα
750 4211 838 4264 διὰ
878 4212 1185 4282 γεννήσεως
1231 4210 1636 4278 ἐνεδειξάμεθα.
1678 4209 1950 4281 Πρότερον

375 4306 434 4360 δὲ
462 4307 607 4376 ἡμᾶς
631 4301 768 4358 εἶναι
799 4304 1075 4358 πιστεύειν
1103 4321 1154 4356 τι
1188 4303 1527 4370 ἐπάναγκες·
1560 4302 1654 4355 καὶ
1677 4302 1797 4354 τότε
1837 4302 1955 4365 πῶς

377 4401 492 4452 ἑστι
517 4397 579 4450 τὸ
603 4395 1034 4464 πεπιστευμένον
1063 4393 1547 4465 περιεργάσασθαι.
1585 4391 1778 4455 ’Ἄλλος
1810 4387 1901 4445 οὖν
1928 4395 1956 4446 6

375 4488 471 4543 τοῦ
501 4489 552 4542 τί
580 4489 730 4551 ἑστι,
759 4486 852 4540 καὶ
890 4486 1048 4549 ἄλλος
1080 4487 1109 4538 ὁ
1145 4484 1236 4538 τοῦ
1260 4485 1376 4548 πῶς
1404 4485 1519 4536 ἐστι
1541 4482 1697 4550 λόγος
1718 4498 1730 4510 ·
1766 4482 1827 4534 τὸ
1860 4478 1954 4534 οὖν

2099 2194 2255 2260 Quod
2299 2195 2343 2248 si
2377 2195 2500 2264 quis
2540 2195 2903 2250 calumnietur
2944 2194 3274 2256 orationem,
3330 2193 3486 2262 quasi
3529 2207 3599 2245 ex

2028 2305 2092 2344 eo
2113 2288 2256 2358 quod
2287 2304 2396 2343 non
2433 2287 2686 2341 admittat
2723 2286 3084 2342 diﬁ‘erentiam
3117 2287 3265 2340 circa
3320 2293 3597 2345 naturam,

2029 2381 2337 2435 mistionem
2369 2380 2662 2449 quamdam
2707 2388 2758 2433 et
2799 2377 3182 2433 confusionem
3233 2374 3602 2444 hypostaseon

2029 2474 2350 2529 facientem:
2414 2473 2516 2526 hoc
2539 2472 2606 2525 ad
2635 2472 2795 2525 talem
2831 2469 3243 2524 accusationem
3297 2465 3603 2535 responde-

2030 2567 2234 2627 bimus.
2270 2564 2415 2635 quod
2447 2579 2547 2618 nos
2576 2564 2668 2634 qui
2699 2561 2936 2616 divinam
2981 2569 3234 2614 naturam
3282 2556 3604 2612 differentia:

2031 2657 2423 2712 variationisve
2446 2662 2722 2725 expertem
2768 2669 2894 2708 esse
2943 2653 3290 2707 confitemur.
3319 2664 3436 2704 eam
3483 2662 3609 2718 qua:

2034 2746 2183 2799 circa
2218 2759 2443 2798 causam
2477 2749 2533 2796 et
2571 2747 2860 2795 causatum
2917 2739 3303 2795 consideratur
3347 2736 3607 2791 diﬂ'eren-

2035 2838 2185 2900 tiam,
2220 2852 2328 2889 non
2365 2849 2648 2903 negamus,
2674 2847 2770 2902 per
2791 2831 2938 2902 quod
2971 2833 3150 2886 solum
3199 2830 3439 2886 discerni
3471 2829 3610 2884 alte-

2034 2944 2153 2984 rum
2203 2929 2270 2981 ab
2315 2928 2487 2980 altero
2519 2924 3003 2994 deprehendimus,
3052 2923 3312 2977 nimirum
3340 2936 3407 2976 eo
3461 2918 3610 2990 quod

2036 3020 2312 3074 credimus
2340 3019 2484 3071 aliud
2515 3015 2732 3086 quidem
2761 3029 2985 3069 causam
3019 3029 3162 3079 csse,
3211 3013 3358 3066 aliud
3391 3025 3613 3067 veroex

2037 3127 2241 3166 causa:
2283 3118 2335 3162 ct
2368 3109 2488 3176 ejus
2518 3108 2662 3178 quod
2698 3123 2762 3162 ex
2807 3122 2973 3160 causa
3037 3115 3144 3171 est,
3203 3119 3400 3159 rursus
3447 3103 3613 3156 aliam

2037 3203 2405 3272 differentiam
2472 3200 2908 3256 consideramus.
2980 3197 3115 3252 Nam
3178 3198 3326 3252 aliud
3391 3196 3615 3267 quidem

2043 3295 2390 3348 continenter
2441 3293 2516 3359 (et
2563 3289 2681 3344 sine
2735 3288 2936 3359 medio)
2959 3304 3022 3341 ex
3074 3287 3254 3358 primo
3307 3294 3412 3349 est,
3468 3283 3616 3338 aliud

2043 3401 2176 3438 vero
2209 3399 2305 3454 per
2336 3381 2386 3435 id
2420 3380 2566 3451 quod
2603 3378 2917 3434 immediate
2955 3388 3000 3432 et
3027 3393 3094 3432 ex
3139 3378 3448 3432 continenti
3509 3383 3618 3439 est,

2047 3481 2107 3529 ut
2136 3482 2191 3528 et
2228 3472 2500 3543 Unigeniti
2548 3473 2860 3542 proprietas
2907 3471 3114 3539 absque
3146 3467 3508 3538 ambiguitate
3563 3465 3618 3519 in

2045 3562 2184 3617 Filio
2220 3569 2456 3624 maneat,
2489 3571 2543 3616 et
2569 3577 2636 3616 ex
2667 3562 2826 3614 Patre
2861 3558 3129 3628 Spiritum
3159 3573 3282 3614 esse
3315 3572 3427 3612 non
3459 3555 3619 3611 dubi-

2050 3663 2227 3710 tetur:
2263 3654 2423 3718 Filio,
2455 3655 2546 3724 qui
2580 3653 2795 3709 medius
2830 3650 3146 3718 intercedit,
3177 3657 3231 3704 et
3284 3649 3388 3705 sibi
3431 3649 3619 3718 unige-

2049 3749 2147 3803 niti
2177 3748 2564 3818 proprietatem
2600 3753 2874 3810 servante,
2926 3753 2980 3798 et
3009 3741 3277 3812 Spiritum
3317 3755 3348 3794 a
3382 3737 3622 3794 naturali

2049 3843 2114 3895 ad
2143 3841 2356 3894 Patrem
2396 3838 2581 3891 habitu
2615 3853 2723 3891 non
2761 3845 3006 3890 arcente.
3045 3835 3280 3890 Causam
3331 3840 3535 3896 autem,
3571 3837 3622 3885 et

2054 3935 2107 3990 id
2136 3932 2281 4003 quod
2325 3946 2584 3985 excausa
2619 3937 2704 3984 est
2753 3929 3021 3993 dicentes,
3069 3941 3179 3980 non
3226 3933 3480 3978 naturain
3530 3936 3623 3991 pet

2053 4027 2168 4081 haec
2187 4022 2404 4077 nomina
2435 4020 2830 4091 signiﬁcamus.
2857 4017 3044 4087 Neque
3072 4016 3218 4071 enim
3251 4013 3451 4084 aliquis
3479 4027 3626 4067 eam-

2053 4120 2174 4174 dem
2203 4130 2385 4170 causae
2415 4123 2468 4169 et
2495 4120 2704 4168 natura:
2729 4112 2995 4165 rationem
3018 4107 3338 4172 reddiderit,
3371 4105 3465 4162 sed
3484 4121 3627 4172 eam,

2053 4227 2176 4282 quae
2206 4220 2289 4264 est
2320 4206 2618 4262 secundum
2651 4203 2964 4274 aliqualiter
2992 4217 3115 4257 esse
3144 4200 3511 4256 diﬁ'ereutiam
3549 4198 3627 4252 in-

2055 4303 2322 4357 dicamus.
2376 4297 2628 4352 Dicentes
2676 4298 2822 4352 enim
2881 4296 3049 4350 alium
3078 4294 3295 4364 quidem
3338 4298 3628 4348 causatum

2061 4402 2116 4450 et
2147 4409 2214 4449 ex
2243 4407 2410 4446 causa
2448 4398 2651 4454 ortum,
2698 4390 2866 4444 alium
2915 4405 3048 4445 vero
3097 4390 3218 4446 sine
3271 4403 3439 4444 causa
3489 4402 3630 4452 esse,

2064 4501 2170 4540 non
2208 4495 2456 4538 naturam
2492 4481 2660 4536 verbo
2689 4497 2872 4536 causae
2893 4497 3251 4552 separamus:
3286 4481 3383 4536 sed
3425 4481 3630 4536 solum-

379 4581 686 4651 ἀγεννήτως
715 4574 855 4632 εἷναί
879 4595 932 4630 τι
954 4577 1152 4644 λέγειν,
1177 4577 1295 4638 πῶς
1323 4575 1422 4645 μέν
1444 4576 1588 4627 ἐστιν
1606 4573 1918 4626 ὑποτίθεται

2065 4577 2226 4631 modo
2253 4594 2430 4647 neque
2463 4576 2661 4632 Filium
2697 4578 2772 4632 ita
2805 4593 2863 4634 se
2914 4578 3139 4642 habere,
3207 4578 3368 4649 quasi
3420 4578 3632 4647 genitus

380 4672 446 4725 Τί
465 4671 521 4725 δέ
535 4671 652 4723 ἑστι
670 4673 736 4741 τῇ
759 4672 908 4741 φωνῇ
925 4668 1099 4740 ταύτῃ
1114 4669 1174 4721 ού
1193 4667 1642 4720 συνενδείκνυται.
1655 4664 1754 4718 Καὶ
1770 4665 1818 4717 εἰ
1834 4665 1960 4735 περὶ

382 4762 598 4832 δένδρου
628 4760 773 4825 τινὸς
795 4761 1088 4833 ἠρώτησας
1119 4760 1209 4813 τὸν
1240 4759 1505 4830 γεωργὸν,
1530 4759 1640 4812 εἴτε
1675 4760 1956 4829 φυτευτὸν,

382 4854 492 4908 εἴτε
523 4854 840 4924 αὐτομάτως
868 4852 1044 4906 ἐστίν’
1067 4853 1096 4905 6
1128 4853 1185 4906 δὲ
1212 4851 1567 4922 ἀπεκρίνατο,
1595 4851 1626 4922 ἢ
1658 4851 1959 4921 ἀφύτευτον

385 4941 524 5000 εἶναι
561 4945 622 4998 τὸ
651 4943 899 5016 δένδρον,
931 4943 964 5015 ἢ
1000 4945 1064 4995 ἑκ
1095 4942 1318 5012 φυτείας
1339 4960 1352 4973 ο
1389 4939 1499 5015 ἆρα
1531 4945 1630 5015 τὴν
1680 4947 1841 5013 φύσιν
1873 4945 1960 4999 διὰ

385 5035 483 5106 τῆς
532 5034 874 5106 ἀποκρίσεως
903 5033 1236 5102 ἑνεδείξᾳτος
1271 5033 1332 5086 ού
1366 5034 1463 5105 μὲν
1491 5029 1605 5088 οὖν.
1648 5035 1810 5088 Ἀλλὰ
1846 5035 1962 5098 πῶς

387 5128 533 5181 ἐστιν
552 5126 742 5193 εἰπὼν,
759 5126 950 5196 ἄδηλον
977 5128 1072 5180 καὶ
1090 5128 1496 5198 ἀνερμήνευτον
1511 5126 1601 5180 τὸν
1619 5127 1718 5195 τῆς
1749 5127 1963 5194 φύσεως

388 5219 622 5274 ἀπέλιπε
646 5219 821 5288 λόγον.
855 5217 1042 5281 Οὕτως
1069 5219 1164 5272 καὶ
1187 5217 1422 5272 ἐνταῦθα
1451 5217 1741 5288 ἀγέννητον
1774 5217 1966 5286 μαθόν-

386 5330 504 5377 τες,
533 5314 680 5375 ὅπως
712 5311 810 5383 μὲν
834 5312 996 5366 αὐτὸν
1028 5307 1162 5366 εἶναι
1204 5313 1299 5365 καὶ
1331 5312 1598 5383 προσήκει
1621 5313 1760 5363 νοεῖν
1793 5309 1964 5363 ἐδιδά-

389 5404 599 5476 χθημεν
627 5422 641 5436 ’
669 5405 732 5458 τὸ
763 5405 821 5458 δὲ
843 5404 1007 5459 τίδιὰ
1037 5406 1136 5476 τῆς
1162 5405 1346 5476 φωνῆς
1370 5405 1468 5457 οὐκ
1491 5403 1824 5474 ἠκούσαμεν.
1854 5401 1964 5473 Τὴν

390 5493 483 5553 οὖν
506 5496 761 5568 τοιαύτην
786 5497 1049 5570 διαφορὰν
1077 5498 1170 5551 ἐπὶ
1202 5499 1300 5568 τῆς
1337 5496 1499 5564 ἁγίας
1521 5496 1751 5566 Τριάδος
1779 5495 1968 5561 λέγον-

389 5605 502 5654 τες,
531 5588 608 5652 ὡς
624 5589 686 5642 τὸ
707 5591 805 5660 μὲν
832 5589 1026 5655 αἴτιον,
1053 5589 1115 5642 τὸ
1143 5589 1199 5643 δὲ
1221 5589 1279 5653 ἑξ
1308 5589 1483 5642 αἰτίου
1504 5584 1644 5641 εἶναι
1668 5587 1962 5646 πιστεύειν,

391 5682 572 5736 οὐκέτ’
604 5683 671 5738 ἂν
705 5684 762 5738 ἑν
780 5681 860 5753 τῷ
893 5682 1056 5753 κοινῷ
1084 5683 1184 5752 τῆς
1216 5681 1430 5752 φύσεως
1456 5682 1548 5735 τὸν
1579 5681 1687 5734 τῶν
1726 5681 1966 5734 ὑποστά-

394 5791 533 5828 σεων
571 5774 730 5843 λόγον
760 5775 1062 5829 συντίκτειν
1102 5773 1501 5844 αἰτιαθείημεν.
1539 5772 1755 5844 Ἐπειδὴ
1787 5773 1968 5825 τοίνυν

392 5866 493 5930 τὰς
521 5867 619 5937 μὲν
663 5868 990 5932 ὑποστάσεις
1021 5867 1120 5934 τῆς
1160 5867 1324 5934 ἁγίας
1351 5865 1580 5936 Τριάδος
1616 5868 1644 5920 6
1672 5865 1767 5922 τοῦ
1795 5864 1966 5925 αἰτίου

2067 4685 2174 4724 non
2200 4670 2293 4732 sit,
2333 4685 2508 4738 neque
2539 4678 2746 4739 partem
2789 4685 2886 4740 per
2919 4671 3266 4726 nativitatem
3309 4677 3363 4726 et
3408 4685 3633 4742 genera-

2065 4764 2266 4816 tionem
2304 4777 2429 4817 esse
2457 4761 2787 4817 indicamus.
2839 4761 3001 4819 Prius
3041 4773 3225 4818 autem
3281 4778 3512 4819 necesse
3557 4772 3637 4818 est

2069 4870 2169 4910 nos
2201 4853 2426 4909 credere
2447 4852 2590 4923 quod
2627 4854 2833 4922 aliquid
2862 4855 2972 4908 sit:
3007 4862 3060 4909 et
3091 4864 3223 4910 tunc
3271 4855 3546 4925 quomodo
3588 4855 3639 4909 id

2069 4946 2214 5017 quod
2247 4944 2517 5000 creditum
2549 4954 2658 5011 est,
2691 4947 2784 5013 sit,
2814 4947 3074 5002 scrutari.
3108 4947 3231 5001 Alia
3280 4947 3447 5018 igitur
3502 4948 3640 5002 ratio

2069 5049 2154 5095 est
2177 5039 2318 5108 ejus,
2343 5038 2488 5109 quod
2519 5039 2648 5107 quid
2679 5049 2802 5105 est;
2839 5040 2944 5092 alia
2981 5040 3107 5093 item
3136 5038 3278 5109 ejus,
3319 5039 3465 5110 quod
3511 5056 3641 5110 quo-

2069 5133 2231 5187 modo
2257 5140 2361 5188 est.
2403 5131 2674 5197 Quocirca
2701 5133 2745 5186 si
2775 5133 2900 5201 quis
2931 5131 3080 5184 dicat
3127 5131 3336 5201 aliquid
3380 5132 3456 5186 ita
3499 5147 3643 5197 esse,

2069 5225 2228 5293 quasi
2256 5238 2364 5277 non
2398 5225 2666 5294 genitum,
2691 5221 2969 5293 quomodo
3000 5223 3093 5284 sit,
3129 5222 3323 5292 ponit:
3380 5223 3512 5292 quid
3552 5238 3642 5276 au-

2073 5323 2178 5368 tem
2213 5315 2302 5379 sit,
2337 5315 2439 5367 hac
2471 5329 2604 5369 voce
2631 5315 2794 5370 simul
2824 5329 2933 5369 non
2963 5313 3190 5368 indicat.
3252 5313 3466 5368 Etenim
3506 5314 3554 5367 si
3584 5314 3644 5368 de

2072 5408 2268 5461 arbore
2302 5407 2483 5475 aliqua
2508 5406 2940 5476 interrogaveris
2975 5405 3296 5476 agricolam,
3328 5412 3516 5458 utrum
3559 5419 3644 5458 sa-
3694 5414 3697 5417 '

2073 5497 2184 5551 tiva
2212 5497 2305 5558 sit,
2351 5512 2418 5551 an
2465 5508 2661 5568 sponte
2714 5496 3066 5566 provenerit;
3115 5496 3206 5549 ille
3245 5509 3376 5550 vero
3428 5509 3644 5563 respon-

2073 5588 2238 5650 derit,
2271 5588 2356 5641 vel
2381 5603 2487 5641 non
2523 5588 2755 5644 salivam
2790 5602 2938 5650 esse,
2964 5588 3049 5640 vel
3080 5587 3381 5656 plantatam
3421 5599 3646 5640 succre-

2073 5682 2253 5736 visse:
2283 5678 2534 5750 nunquid
2561 5689 2812 5734 naturam
2837 5694 2934 5749 per
2959 5693 3078 5733 eam
3107 5677 3526 5747 responsionem
3567 5677 3647 5728 in-
3683 5677 3685 5680 ’

2075 5769 2318 5825 dicavit?
2352 5768 2592 5825 Minime.
2625 5769 2730 5826 Sed
2761 5769 2854 5825 ubi
2886 5768 3107 5834 dixerit,
3141 5767 3420 5838 quomodo
3451 5767 3543 5825 sit.
3568 5766 3647 5820 in-

2077 5872 2281 5918 certam
2314 5869 2368 5916 et
2396 5861 2782 5934 inexplicatam
2827 5869 3036 5916 naturae
3083 5860 3356 5916 rationem
3403 5859 3643 5929 reliquit.
