4066 6374
433 369 538 426 155

432 486 508 540 lla
542 489 703 540 etiam
733 485 841 548 hic,
876 493 1002 538 cum
1032 469 1392 538 didicerimus
1425 498 1531 537 non
1565 484 1835 553 genitum,
1883 500 2023 554 quo-

434 577 595 631 n.odo
643 575 864 646 quidem
899 576 1078 645 ipsum
1112 590 1237 630 esse
1275 583 1440 645 atque
1488 575 1792 646 intelligere
1823 591 2024 630 conve-

434 670 570 734 niat,
608 669 788 724 cdocti
837 685 1065 724 sumus:
1106 668 1160 722 id
1208 675 1392 722 autem
1429 667 1557 737 quid
1603 676 1710 730 est,
1766 681 1864 736 per
1900 681 2021 721 eam

436 770 626 810 vocem
649 771 758 810 non
791 757 1120 810 audivimus.
1161 754 1442 824 Ejusmodi
1471 757 1636 824 igitur
1659 755 2026 810 diﬁ'erentiam

436 847 493 902 in
521 855 708 901 sancta
737 847 1008 903 Trinitate
1046 847 1294 908 edentes.
1341 856 1401 901 ιιι
1430 848 1579 902 aliud
1614 848 1837 919 quidem
1883 862 2022 902 cau-

438 954 579 1005 sam,
613 940 758 994 aliud
790 956 854 995 ex
889 955 1053 994 causa
1083 956 1205 995 esse
1237 941 1552 1008 credamus,
1583 959 1691 997 non
1745 944 1857 1012 jam
1898 959 2018 998 am-

1653 352 1714 419 ‘s.
1749 361 2075 421 GnEGonu
2111 345 2403 418 Nrssm

3600 359 3705 414 156

2124 481 2392 552 διακρίνει
2418 480 2597 548 λόγος,
2631 478 2692 532 τὸ
2729 479 2828 548 μὲν
2858 472 3115 542 ἀναιτίως
3143 472 3306 542 εἶναι,
3335 475 3395 529 τὸ
3420 475 3477 529 δὲ
3511 474 3575 528 ὲκ
3613 473 3707 527 τοῦ

2125 573 2299 627 αίτίου
2333 570 2652 644 πρεσϐεύων
2674 589 2688 601 ο
2722 573 2756 642 ή
2776 571 2830 624 δὲ
2856 571 2977 625 θεία
3009 571 3171 642 φύσις
3198 567 3621 638 ἀπαράλλακτός
3649 583 3708 618 τε
3800 605 3806 611 .

2126 671 2222 724 καὶ
2271 669 2573 738 ἀδιαίρετος
2610 667 2699 721 διὰ
2739 668 2919 739 πάσης
2948 668 3156 730 ἐννοίας
3183 663 3667 735 καταλαμϐάνεται
3692 677 3706 690 °

2127 761 2217 814 διὰ
2243 760 2400 814 τοῦτο
2440 759 2644 831 κυρίως
2706 761 2806 830 μία
2834 761 3045 832 (νεότης,
3085 765 3180 814 καὶ
3205 754 3283 823 εἷς
3307 757 3442 820 Θεὸς
3466 797 3480 819 ,
3515 756 3611 809 καὶ
3639 754 3712 807 τὰ

2129 855 2264 909 ἄλλα
2306 854 2484 907 πάντα
2530 852 2639 906 τῶν
2680 853 3005 922 Θεοπρειπῶν
3063 851 3345 924 ὀνομάτων
3411 845 3715 920 μοναδικῶς

2127 945 2528 1014 ἐξαγγέλλεται.

438 1031 584 1099 plius
618 1031 865 1085 accusari
931 1031 1229 1100 possimus,
1279 1033 1426 1102 quod
1476 1048 1574 1102 per
1617 1036 2062 1092 communionem
2105 1047 2317 1090 natura:
2350 1038 2617 1090 rationem
2656 1035 3030 1106 hypostaseoh
3089 1033 3518 1089 confumlamus.
3570 1028 3720 1095 Quo-

439 1127 586 1179 niam
619 1127 784 1196 igitur
840 1127 1164 1198 liypostases
1207 1129 1429 1199 quidem
1473 1137 1682 1185 sanctae
1727 1129 2015 1186 Trinitatis
2055 1147 2239 1187 causae
2275 1133 2413 1186 ratio
2448 1131 2733 1194 discernit,
2790 1129 2937 1184 aliud
2981 1130 3199 1201 quidem
3260 1129 3468 1198 absque
3527 1138 3716 1185 causa,

443 1217 586 1269 aliud
639 1233 766 1271 vero
809 1234 877 1272 ex
936 1234 1102 1273 causa
1149 1236 1272 1275 esse
1317 1221 1602 1290 postulans
1645 1238 1657 1273 :
1703 1221 1887 1276 divina
1956 1226 2137 1278 autem
2196 1233 2391 1278 natura
2434 1234 2488 1280 et
2535 1223 2862 1277 Variationis
2905 1228 2959 1276 et
3005 1221 3296 1276 divisionis
3357 1231 3454 1289 per
3499 1231 3720 1272 omnem

443 1307 936 1363 considerationem
989 1321 1188 1378 expers
1240 1325 1364 1366 esse
1411 1312 1838 1381 deprehenditur
1881 1331 1892 1366 :
1938 1313 2144 1367 idcirco
2174 1315 2394 1386 preprie
2461 1329 2569 1369 una
2632 1313 2831 1378 deitas,
2868 1320 2930 1368 et
2993 1321 3136 1369 linus
3183 1310 3326 1366 Deus
3370 1320 3474 1377 est,
3503 1317 3558 1365 et
3615 1308 3722 1363 alia

446 1403 627 1454 omnia
655 1401 763 1457 Deo
787 1404 1170 1458 convenientia
1210 1403 1432 1459 nomina
1467 1405 1825 1478 singulariter
1859 1407 2181 1465 eﬂeruntur.

457 1628 3700 1686 Μ

1222 2025 1226 2029 .
1292 1896 1521 1984 ΤΟΥ
1591 1883 1740 1984 EN
1809 1882 2175 1986 ΑΓΙΟΙΣ
2247 1885 2872 1991 ΓΡΗΓοΡΙοΥ

1518 2145 1881 2260 ΠΕΡΙ
2029 2145 2678 2262 ΠΙΣΤΕΩΣ

1726 2410 1926 2462 ΠΡΟΣ
1977 2410 2025 2462 Σ
2036 2409 2354 2463 ΥΜΠΛΙΚΙ
2358 2409 2472 2462 ΟΝ.

1471 2783 1566 2871 S.
1693 2784 1800 2870 P.
1908 2783 2029 2871 N.

2161 2777 2743 2878 GREGORII

1758 3017 1958 3131 DE
2055 3017 2456 3131 FIDE

1811 3262 1908 3318 AD
1941 3260 2405 3321 SIMPLICIUM

2052 3463 2153 3502 SEU

739 3643 885 3738 DE
987 3647 1368 3736 PATRE
1441 3645 1593 3735 ET
1660 3643 1991 3735 FILIO
2091 3644 2243 3733 ET
2364 3630 2856 3734 SPIRITU
2967 3642 3463 3736 SAN-CTO.

1709 4015 1976 4066 Laurentio
2019 4014 2184 4065 Sil'ano
2222 4013 2517 4079 interprete.

567 4340 708 4395 Deus
736 4352 830 4408 per
857 4335 1183 4406 Propliclam
1211 4333 1454 4405 prmcipit
1485 4349 1551 4389 ne
1583 4334 1749 4388 ullum
1776 4335 1938 4389 deum
1969 4351 2066 4390 no-
2099 4393 2100 4397 η

2242 4332 2470 4388 Κελεύει
2495 4335 2523 4388 6
2547 4333 2679 4396 Θεὸς
2706 4331 2796 4387 διὰ
2827 4331 2920 4386 τοῦ
2952 4333 3238 4405 Προφήτου
3282 4333 3484 4404 μηδένα
3507 4335 3757 4405 πρόσφα-

493 4447 617 4486 vum
656 4429 824 4483 Deum
874 4442 998 4482 esse
1033 4426 1432 4490 existimemus,
1479 4440 1654 4493 neque
1684 4425 1843 4479 deum
1879 4426 2074 4481 adore-

473 4538 616 4576 mus
643 4520 879 4573 alienum
909 4520 948 4572 ί.
993 4516 1343 4571 Manifestum
1370 4523 1454 4572 est
1483 4525 1662 4571 autem
1693 4516 1840 4586 quod
1863 4532 2069 4572 novum

494 4615 693 4668 dicitur
727 4612 779 4666 id
816 4612 958 4680 quod
994 4625 1024 4664 a
1057 4614 1390 4680 sempiterno
1419 4623 1529 4662 non
1552 4618 1671 4674 est;
1698 4624 1762 4663 ac
1788 4625 1983 4664 rursus
2006 4624 2074 4664 ex

495 4703 793 4766 contrario,
839 4701 1231 4769 sempiternum
1264 4698 1466 4752 dicitur
1513 4696 1659 4767 quod
1707 4713 1909 4752 novum
1962 4714 2073 4752 non

496 4803 599 4848 est.
653 4793 821 4864 lgitur
875 4793 968 4861 qui
1024 4806 1130 4843 non
1191 4806 1255 4846 ex
1322 4791 1655 4859 sempiterno
1721 4789 2075 4860 Unigeuitum

501 4887 667 4940 Deum
703 4901 767 4940 ex
800 4883 961 4936 Patre
997 4898 1120 4937 esse
1157 4882 1354 4946 credit,
1401 4897 1600 4937 novum
1643 4897 1766 4937 eum
1804 4898 1928 4938 esse
1962 4897 2072 4937 non

498 4986 693 5046 negat;
728 4976 868 5045 quod
900 4975 1044 5028 enim
1079 4989 1188 5028 non
1223 4973 1637 5044 sempiternum.
1683 4989 1882 5028 novum
1921 4989 2077 5043 pror—

501 5086 597 5124 sus
629 5076 752 5134 est;
788 5066 1153 5136 quodcunque
1187 5076 1367 5121 autem
1402 5082 1604 5120 novum
1638 5075 1744 5130 est,
1793 5065 1938 5121 Deus
1971 5081 2078 5120 non

501 5165 607 5222 est,
640 5156 1100 5228 quemadmodum
1148 5156 1279 5210 dicit
1320 5156 1599 5226 Scriptura
1636 5175 1647 5210 :
1685 5177 1702 5207 ι
1729 5155 1849 5211 Non
1887 5157 1992 5212 erit
2027 5158 2080 5210 in

505 5257 557 5304 te
583 5247 729 5304 Deus
766 5263 961 5303 novus.
999 5248 1019 5277 '
1059 5265 1078 5298 ›
1119 5245 1263 5318 Ergo
1289 5248 1381 5317 qui
1414 5248 1566 5312 dicit,
1610 5248 1755 5316 quod
1789 5248 2083 5318 aliquando

506 5339 676 5395 Filius
708 5355 817 5394 non
870 5348 1008 5406 erat,
1061 5339 1109 5394 is
1156 5349 1319 5409 negat
1359 5339 1479 5409 ejus
1526 5339 1803 5394 deitatem.
1868 5338 2083 5396 Rursus

506 5432 745 5486 alienum
775 5429 946 5485 Deum
975 5438 1122 5484 vetat
1149 5431 1396 5495 adorare,
1420 5432 1516 5501 qui
1547 5432 1680 5487 dicit
1707 5452 1720 5488 :
1751 5451 1770 5484 ι
1793 5432 2083 5504 Nunquam

507 5521 763 5580 adorabis
789 5523 950 5579 deum
981 5523 1219 5578 alienum
1251 5522 1271 5554 ³
1302 5541 1316 5578 :
1353 5542 1372 5574 ι
1411 5523 1638 5578 Alienus
1664 5535 1848 5581 autem
1886 5527 2084 5581 collata

2174 4441 2264 4479 τον
2296 4426 2417 4478 θεὸν
2446 4425 2576 4478 Θεὸν
2607 4419 2744 4477 εἶναι
2793 4424 3065 4494 νομίζειν,
3123 4423 3260 4496 μηδὲ
3297 4429 3621 4493 προσκυνεῖν
3659 4428 3756 4480 ἀλ-

2175 4518 2372 4589 λοτρίῳ
2405 4516 2532 4587 θεῷ.
2584 4515 2794 4570 Οὐκοῦν
2829 4516 2984 4586 δῆλόν
3019 4518 3187 4582 ἐστιν,
3228 4517 3310 4570 ὃτι
3335 4518 3648 4589 πρόσφατον
3669 4520 3757 4572 λέ-

2175 4625 2327 4676 γεται
2346 4605 2375 4658 ὃ
2400 4607 2473 4678 μὴ
2497 4604 2556 4670 ἐξ
2586 4606 2756 4658 ἀϊδίου
2780 4605 2892 4658 ἐστί
2919 4620 2933 4632 '
2979 4606 3074 4659 καὶ
3103 4609 3168 4659 ἐκ
3201 4607 3298 4660 τοῦ
3322 4608 3565 4661 ἐναντίου
3594 4610 3758 4663 πάλιν

2177 4701 2343 4754 ἀΐδιον
2373 4700 2588 4768 λέγεται
2629 4699 2656 4751 ὃ
2699 4699 2774 4770 μὴ
2805 4699 3118 4769 πρόσφατόν
3159 4701 3328 4754 ἐστιν.
3374 4701 3434 4753 '0
3469 4703 3650 4756 τοίνυν
3682 4704 3758 4775 μὴ

2178 4793 2236 4860 ἐξ
2260 4793 2426 4846 ἀϊδίου
2455 4792 2544 4845 τὸν
2567 4792 2843 4862 Μονογενῆ
2871 4791 3003 4844 Θεὸν
3035 4793 3099 4844 ἐκ
3131 4791 3226 4844 τοῦ
3256 4794 3468 4864 Πατρὸς
3501 4790 3638 4850 εἶναι
3665 4812 3756 4849 πι-

2181 4887 2404 4950 στεύων,
2429 4886 2738 4958 πρόσφατον
2768 4885 2928 4939 αὐτὸν
2957 4883 3096 4939 εἶναι
3120 4887 3219 4939 οὐκ
3249 4888 3493 4956 ἀρνεῖται
3519 4905 3533 4919 ·
3562 4888 3622 4941 τὸ
3646 4890 3752 4960 γὰρ

2184 4981 2256 5052 μὴ
2281 4979 2466 5041 ἀΐδιον,
2502 4980 2808 5049 πρόσφατον
2833 4977 3049 5041 πάντως
3074 4994 3089 5008 ·
3120 4979 3227 5031 πᾶν
3247 4977 3304 5030 δὲ
3329 4977 3389 5030 τὸ
3423 4979 3753 5049 πρόσφατον,

2180 5073 2312 5136 Θεὸς
2360 5072 2459 5125 οὐκ
2503 5070 2684 5134 ἔστιν,
2729 5069 2910 5133 καθὼς
2943 5066 3096 5123 εἶπεν
3126 5070 3418 5141 ἡΓραφὴ,
3469 5072 3548 5124 ὅτι
3598 5090 3616 5122 ι
3646 5073 3758 5125 υύκ

2183 5165 2335 5218 ἔσται
2365 5165 2422 5217 ἐν
2467 5164 2550 5216 σοὶ
2582 5163 2714 5226 Θεὸς
2758 5164 3084 5233 πρόσφατος.
3114 5181 3132 5214 ι
3193 5165 3334 5233 ’Ἄρα
3361 5167 3388 5216 6
3417 5163 3589 5231 λέγων
3608 5205 3621 5223 .
3678 5165 3760 5216 ὅτι

2183 5256 2312 5311 ποτὲ
2343 5256 2443 5308 οὐκ
2475 5249 2560 5326 ἦν,
2597 5249 2749 5318 οὗτος
2771 5255 3011 5324 ἀρνεῖται
3039 5253 3203 5307 αὐτοῦ
3229 5255 3326 5323 τὴν
3353 5253 3600 5322 Θεότητα.
3653 5255 3763 5308 Πά-

2183 5348 2264 5401 λιν
2289 5349 2566 5420 ἀλλότριον
2591 5347 2724 5400 Θεὸν
2749 5349 3074 5419 προσκυνεῖν
3100 5346 3296 5400 κωλύει
3320 5350 3347 5399 ό
3380 5346 3582 5414 λέγων,
3623 5365 3640 5398 ι
3665 5347 3762 5400 06-

2183 5442 2372 5494 δέποτε
2396 5441 2798 5513 προσκυνήσεις
2820 5439 2926 5511 Θεῷ
2947 5439 3241 5510 ἀλλοτρίῳ·
3274 5458 3293 5490 ι
3328 5439 3386 5492 '0
3404 5438 3461 5490 δὲ
3485 5437 3764 5509 ἀλλότριος

2185 5536 2252 5603 τῇ
2287 5532 2422 5604 πρὸς
2448 5534 2538 5588 τὸν
2568 5533 2700 5588 ἴδιον
2723 5532 2882 5604 ήμῶν
2906 5533 3037 5587 Θεὸν
3059 5530 3427 5603 ἀντιδιαστολῇ
3454 5529 3761 5601 Θεωρεῖται.

614 5790 796 5850 ‘Psal.
849 5807 1012 5872 uss,
1044 5792 1128 5849 10.
1184 5750 1227 5826 ’³
1265 5789 1437 5848 Exod.
1465 5805 1627 5845 χχχιιι
1653 5829 1668 5844 .
1699 5791 1786 5844 14.
1867 5791 1885 5822 ³
1928 5790 2098 5846 Exod.
2133 5807 2200 5845 xx
2223 5829 2239 5858 ,
2273 5789 2324 5844 '5.
