4066 6374
371 313 472 370 139

1619 317 1676 372 S.
1713 313 2042 372 GREGORII
2083 314 2376 374 NYSSENI

3553 324 3654 380 Ιόθ

369 441 472 492 est,
504 430 596 486 sed
627 431 790 486 homo
823 453 834 488 :
871 434 925 488 in
949 449 1056 505 quo
1082 435 1242 490 nobis
1271 435 1412 491 Dens
1442 436 1827 493 manifestatns
1847 446 1954 501 est,

2085 439 2154 491 ῐύο
2187 443 2316 512 περὶ
2352 442 2446 496 τοῦ
2489 444 2725 516 Χριστοῦ
2758 445 3124 518 γινώσκομεν,
3153 447 3215 500 τὸ
3266 446 3366 520 μὲν
3400 447 3566 507 θεῖον,
3592 447 3653 500 τὸ

373 533 430 577 ιιι
468 531 727 593 corrupta
759 539 822 578 ac
866 526 1188 580 labefactata
1226 527 1310 581 via
1343 528 1538 583 salutis
1581 528 1832 583 humana:
1861 530 1958 582 itc-

371 606 494 668 rnm
561 624 935 670 renovaretur.
994 615 1177 686 Itaque
1228 617 1491 687 quoniam
1556 633 1644 672 res
1707 618 1847 672 duas
1893 618 1960 672 de

371 707 594 763 Christo
627 707 924 762 statuimus
955 718 1010 762 et
1041 710 1330 774 sentimus,
1372 725 1540 764 unum
1577 710 1799 779 quidem
1820 711 1962 764 divi-

373 815 528 862 num,
585 800 814 854 alterum
856 816 983 854 vero
1029 801 1351 868 humanum,
1395 803 1448 856 in
1491 811 1687 856 natura
1741 801 1959 874 quidem

374 893 648 958 divinum,
699 894 754 947 in
799 894 1284 950 administratione
1337 911 1401 952 ac
1450 896 1864 968 dispensatione
1905 897 1960 953 id

375 985 520 1054 quod
555 985 856 1040 secundum
894 986 1167 1042 hominem
1202 995 1285 1043 est
1320 1006 1335 1044 :
1375 997 1780 1059 consequenter
1813 1005 1961 1045 sem-

378 1080 649 1147 piternum
684 1079 872 1132 deitati
898 1087 1244 1143 attestamur,
1284 1087 1528 1133 creatum
1551 1095 1682 1135 vero
1714 1081 1966 1137 humana:

376 1179 585 1223 naturae
634 1171 998 1239 assignamus.
1049 1169 1520 1237 Quemadmodum
1570 1173 1717 1228 enim
1769 1188 1968 1229 secun-

375 1261 505 1313 dum
540 1261 862 1330 prophetam
902 1262 956 1316 in
1007 1270 1197 1317 ventre
1231 1261 1500 1318 formatus
1522 1273 1609 1320 est
1643 1280 1858 1327 servus,
1892 1266 1967 1319 ita

377 1353 540 1407 etiam
582 1351 884 1406 secundum
932 1352 1309 1418 Salomonem,
1362 1371 1456 1425 per
1506 1356 1650 1412 hanc
1714 1358 1966 1412 servilem

384 1452 697 1497 creaturam
740 1445 794 1498 in
838 1461 1011 1500 carne
1058 1446 1445 1504 manifestatus
1490 1461 1591 1504 est.
1629 1448 1802 1504 Porro
1843 1465 1967 1504 cum

378 1536 568 1588 dicunt
601 1553 613 1588 :
645 1535 700 1589 Si
732 1549 868 1597 erat,
904 1553 1015 1592 non
1046 1547 1130 1592 est
1176 1539 1434 1608 genitus;
1460 1547 1535 1603 et,
1579 1540 1633 1595 Si
1668 1551 1831 1596 natus
1865 1550 1968 1608 est,

381 1641 490 1679 non
527 1637 645 1679 erat
693 1646 705 1682 :
753 1628 1060 1683 doceantur
1095 1630 1242 1700 quod
1283 1647 1393 1684 non
1437 1642 1686 1702 oporteat
1733 1634 1972 1688 carnalis

381 1718 692 1772 nativitatis
745 1720 1110 1790 proprietates
1163 1725 1586 1780 accommodare
1630 1726 1831 1779 divinae
1869 1741 1970 1778 na-

382 1816 538 1861 turae.
596 1807 731 1862 Nam
789 1827 1022 1880 corpora
1073 1813 1296 1883 quidem
1349 1830 1474 1884 qua‘
1509 1831 1615 1868 non
1651 1824 1829 1879 erant,
1882 1816 1969 1884 gi-

383 1907 632 1968 gnuntur
671 1919 683 1954 :
721 1901 866 1958 Deus
901 1911 1084 1958 autem
1121 1903 1284 1960 efficit
1319 1915 1377 1960 ιιι
1420 1921 1482 1960 ea
1521 1922 1644 1977 quae
1685 1923 1794 1961 non
1845 1917 1974 1963 sunt

383 1994 660 2047 exsistant
697 2012 709 2047 :
740 2010 850 2049 non
886 1996 1007 2066 ipse
1050 2012 1114 2051 ex
1141 2013 1206 2052 eo
1240 1999 1387 2068 quod
1436 2013 1546 2053 non
1592 2006 1678 2054 est
1731 2000 1971 2055 exsistit.

384 2083 594 2140 Idcirco
653 2085 858 2141 Paulus
914 2105 1134 2159 quoque
1191 2106 1316 2144 eum
1376 2091 1728 2160 splendorem
1785 2093 1976 2163 gloriae

384 2180 693 2238 nominat'.
748 2189 806 2234 nt
864 2181 1184 2247 doceamur,
1215 2182 1362 2253 quod
1403 2184 1546 2238 sicut
1570 2184 1753 2237 lumen
1789 2184 1857 2239 de
1893 2185 1978 2238 lu-

385 2285 550 2325 cerua
583 2279 638 2326 et
671 2287 734 2326 ex
771 2282 968 2326 natura
1006 2274 1188 2328 lumen
1227 2274 1446 2330 edentis
1487 2285 1591 2341 est,
1625 2284 1678 2330 et
1711 2291 1817 2330 una
1849 2291 1974 2334 cum

388 2347 480 2413 illa
521 2368 605 2415 est
640 2362 826 2432 (simul
858 2363 1004 2416 enim
1047 2371 1212 2432 atque
1241 2365 1470 2418 emicuit
1506 2367 1755 2429 lucerna,
1793 2366 1978 2421 lumen

388 2470 610 2524 quoque
658 2455 806 2523 quod
841 2456 908 2508 ab
940 2470 1004 2509 ea
1045 2456 1265 2510 exsistit
1321 2455 1526 2526 pariter
1576 2455 1846 2527 effulget),
1905 2458 1979 2511 ita
2041 2476 2044 2479 '

390 2547 480 2603 hic
510 2563 730 2617 quoque
760 2547 916 2616 jubet
951 2550 1250 2616 Apostolus
1293 2549 1601 2618 intelligere
1634 2555 1781 2620 quod
1829 2559 1884 2604 et
1911 2565 1978 2604 ex

389 2638 550 2694 Patre
581 2643 653 2695 sit
679 2639 872 2702 Filius,
898 2648 951 2694 et
975 2641 1185 2710 absque
1209 2639 1348 2694 Filio
1373 2657 1652 2711 nunquam
1686 2644 1757 2697 sit
1782 2640 1977 2696 Pater:

391 2749 516 2786 nam
539 2734 655 2788 fieri
685 2749 791 2786 non
821 2740 1022 2803 potest,
1049 2741 1106 2787 nt
1130 2733 1302 2802 gloria
1332 2733 1405 2787 sit
1427 2733 1637 2803 absque
1664 2734 1979 2804 splendore,

392 2825 856 2897 quemadmodum
908 2824 1023 2878 fieri
1073 2840 1182 2878 non
1216 2835 1417 2895 potest,
1458 2834 1517 2880 ιιι
1551 2828 1761 2896 absque
1797 2828 1983 2896 splen-

394 2917 529 2972 dore
560 2918 784 2971 lucerna
813 2916 903 2970 sit.
940 2914 1289 2972 Manifestum
1313 2925 1399 2971 est
1429 2925 1610 2973 autem
1637 2918 1782 2987 quod
1817 2920 1984 2974 sicuti

396 3008 747 3079 splendorem
806 3023 952 3070 esse,
1006 3007 1384 3061 testimonium
1433 3017 1521 3063 est
1554 3010 1676 3078 ejus
1727 3011 1873 3079 quod
1930 3011 1984 3064 in

2059 533 2117 586 δὲ
2149 535 2525 606 ἀνθρώπινον,
2576 539 2634 590 ἐν
2669 538 2768 608 μὲν
2796 541 2862 609 τῇ
2906 538 3066 608 φύσει
3094 539 3156 592 τὸ
3187 539 3351 600 θεῖον,
3388 542 3446 593 ἐν
3492 539 3548 591 δὲ
3582 541 3650 610 τῇ

2061 626 2340 699 οἰκονομίᾳ
2355 628 2416 681 τὺ
2436 628 2578 682 κατὰ
2614 628 2919 700 ἄνθρωπον,
2939 630 3248 695 ἀκολούθως
3278 631 3340 684 τὸ
3366 632 3464 702 μὲν
3483 631 3653 684 ἀΐδιον

2061 719 2129 786 τῇ
2162 716 2376 788 θεότητι
2410 719 2966 793 προσμαρτυροῢμεν,
3000 721 3062 774 τὸ
3101 722 3156 774 δὲ
3208 721 3428 774 κτιστὸν
3465 723 3530 790 τῇ
3559 721 3653 773 ἀν-

2065 804 2313 880 θρωπίνῃ
2344 808 2676 880 λογιζόμεθα
2713 809 2893 878 φύσει.
2951 809 3179 881 Ὠς,γάρ
3209 810 3352 862 κατά
3378 809 3470 862 τδν
3515 825 3654 880 προ·

2066 900 2243 968 φήτην
2277 901 2335 952 ἐν
2361 902 2428 970 τῇ
2463 900 2640 973 κοιλίᾳ
2669 901 2912 972 ὲπλάσθη
2943 899 3146 966 δοῦλος,
3189 899 3362 965 οὕτως
3393 897 3656 954 καὶκατὰ

2067 989 2159 1042 τὸν
2184 989 2526 1062 Σολομῶντα,
2559 993 2647 1046 διὰ
2673 995 2772 1064 τῆς
2813 994 3066 1063 δουλικῆς
3105 993 3310 1062 ταύτης
3338 992 3566 1056 κτίσεως
3593 995 3653 1045 ὲν

2070 1082 2234 1152 σαρκὶ
2260 1081 2599 1154 ἐφανερώθη.
2635 1085 2803 1137 Ὅταν
2824 1085 2880 1137 δὲ
2907 1084 3136 1152 λέγωσιν
3163 1102 3176 1118 ο
3204 1084 3265 1136 Εἰ
3288 1079 3356 1153 ἦν
3385 1085 3485 1136 οὐκ
3511 1085 3657 1150 ἐγεν-

2068 1173 2204 1244 νήθη
2231 1189 2246 1203 ο
2285 1172 2416 1239 Καὶ,
2466 1174 2530 1226 Εἰ
2557 1173 2842 1246 ἐγεννήθη,
2875 1172 2973 1226 οὑκ
3014 1169 3102 1244 ἦν,
3136 1171 3540 1243 διδαχθήτωσαν
3573 1173 3655 1225 ὅτι

2069 1265 2130 1319 οὐ
2156 1264 2262 1336 χρὴ
2289 1264 2359 1318 τὰ
2385 1264 2487 1336 τῆς
2511 1267 2778 1337 σαρκικῆς
2795 1268 3102 1334 γεννήσεως
3129 1263 3394 1336 ἰδιώματα
3412 1264 3657 1336 ἐφαρμό-

2073 1357 2185 1422 ζειν
2218 1360 2282 1429 τῇ
2323 1357 2443 1427 θείᾳ
2479 1358 2659 1427 φύσει.
2724 1357 2959 1428 Σὼματα
2996 1359 3095 1428 μὲν
3134 1358 3245 1430 γὰρ
3279 1358 3354 1429 μὴ
3381 1357 3512 1411 ὄντα
3537 1374 3660 1426 γεν-

2073 1452 2232 1505 νᾶται
2260 1467 2274 1482 ⁶
2314 1451 2342 1504 6
2367 1451 2422 1505 δὲ
2448 1451 2582 1516 Θεὸς
2613 1452 2680 1504 τὰ
2708 1452 2782 1523 μὴ
2814 1451 2942 1506 ὄντα
2973 1447 3113 1504 εἷναι
3145 1454 3288 1504 ποιεῖ
3315 1469 3328 1483 ·
3371 1451 3470 1504 οὐκ
3498 1449 3661 1514 αὐτὸς

2074 1545 2138 1598 ἐκ
2172 1543 2267 1597 τοῦ
2305 1544 2379 1616 μὴ
2403 1545 2556 1608 ὄντος
2580 1545 2811 1612 γίνεται.
2862 1544 2954 1598 Διὸ
2976 1544 3071 1598 καὶ
3103 1546 3130 1598 6
3163 1543 3377 1606 Παῦλος
3408 1543 3661 1610 ἀπαύγα-

2076 1653 2187 1705 σμα
2207 1635 2365 1705 δόξης
2389 1636 2552 1688 αὐτὸν
2573 1636 2848 1706 ὀνομάζει,
2875 1637 2960 1688 ἵνα
2981 1635 3339 1707 διδαχθῶμεν,
3365 1637 3449 1690 ὅτι
3472 1635 3661 1707 ὥσπερ

2075 1728 2136 1780 τὸ
2175 1729 2238 1781 ἐκ
2267 1727 2358 1780 τοῦ
2386 1727 2580 1798 λύχνου
2614 1727 2729 1797 φῶς
2757 1729 2850 1781 καὶ
2907 1729 2972 1782 ἐκ
3002 1731 3100 1799 τῆς
3135 1726 3349 1798 φύσεώς
3394 1729 3513 1781 ἐστι
3565 1725 3660 1779 τοῦ

2074 1817 2502 1886 ἀπαυγάζοντος,
2535 1819 2629 1872 καὶ
2662 1820 2778 1890 μετ’
2815 1819 3022 1872 ἐκείνου
3051 1819 3198 1872 ἐστίν
3243 1818 3400 1890 (ὁμοῦ
3453 1836 3513 1872 τε
3553 1817 3663 1889 γὰρ

2075 1909 2307 1981 ἐξεφάνη
2340 1913 2368 1962 6
2392 1909 2602 1980 λύχνος,
2631 1912 2726 1964 καὶ
2755 1911 2814 1964 τὸ
2838 1911 2954 1980 φῶς
2982 1911 3040 1963 τὺ
3066 1911 3124 1977 ἐξ
3149 1911 3314 1964 αὑτοῦ
3335 1910 3663 1981 συνεξέλαμ-

2075 2000 2218 2072 ψεν),
2251 2003 2393 2056 οὕτω
2422 2002 2632 2056 κελεύει
2669 2002 2761 2056 καὶ
2809 2003 3043 2056 ἐνταῦθα
3074 2005 3215 2055 νοεῖν
3254 2003 3282 2055 6
3317 2002 3663 2066 ’Λπόστολος,

2077 2095 2156 2148 ὃτι
2179 2097 2273 2149 καὶ
2293 2097 2356 2149 ὲκ
2383 2095 2477 2149 τοῦ
2495 2094 2707 2166 Πατρὸς
2733 2096 2761 2148 6
2787 2094 2933 2159 Υἱὸς,
2964 2096 3056 2148 καὶ
3083 2095 3339 2149 οὐδέποτε
3370 2096 3542 2166 χωρὶς
3567 2093 3665 2148 τοῦ

2081 2188 2212 2241 Υἱοῦ
2262 2190 2291 2241 6
2331 2189 2556 2258 Πατήρ·
2613 2188 2713 2240 οὐκ
2763 2189 3000 2258 ἐγχωρεῖ
3051 2187 3158 2259 γὰρ
3224 2187 3452 2257 ἀλαμπῆ
3501 2181 3663 2250 εἶναι,

2079 2280 2180 2351 τὴν
2227 2279 2424 2343 δόξαν,
2497 2278 2573 2342 ὡς
2625 2278 2726 2330 οὐκ
2767 2279 3004 2348 ἐγχωρεῖ
3055 2279 3182 2332 ἄνευ
3239 2277 3667 2347 ἀπαυγάσματος

2081 2369 2218 2425 εἶναι
2243 2371 2334 2424 τὸν
2357 2370 2568 2442 λύχνον.
2600 2370 2772 2440 Δῆλον
2808 2371 2864 2422 δὲ
2897 2372 2978 2424 ὅτι
3001 2369 3190 2440 ὥσπερ
3224 2369 3284 2422 τὸ
3309 2365 3448 2421 εἶναι
3479 2368 3667 2422 ἀπαύ-

2081 2481 2271 2536 γασμα
2309 2463 2583 2535 μαρτυρία
2613 2463 2730 2516 ἐστὶ
2766 2463 2862 2516 τοῦ
2901 2461 3043 2515 κατὰ
3082 2463 3180 2532 τὴν
3209 2460 3364 2526 δόξαν
3391 2455 3529 2515 εἶναι
3555 2461 3573 2513 ί
3592 2460 3670 2532 μὴ

2083 2555 2194 2626 γὰρ
2222 2552 2390 2624 οὔσης
2417 2553 2514 2624 τῆς
2547 2552 2705 2622 δόξης
2733 2553 2833 2605 οὐκ
2862 2551 2927 2604 ἂν
2962 2550 3046 2622 εἴη
3076 2551 3138 2604 τὸ
3164 2554 3226 2604 ἐκ
3255 2550 3460 2620 ταύτης
3487 2551 3667 2602 ἀπαυ-

2083 2645 2428 2716 γαζόμενον),
2457 2644 2626 2709 οὕτως
2657 2647 2717 2697 τὸ
2743 2645 2925 2714 λέγειν
2955 2645 3029 2716 μὴ
3055 2640 3192 2698 εἷναί
3223 2662 3282 2697 τε
3304 2643 3668 2714 ἀπαύγασμα,

2086 2737 2360 2804 ἀπόδειξίς
2387 2741 2504 2791 ἐστι
2542 2737 2637 2791 τοῦ
2677 2738 2810 2808 μηδὲ
2839 2737 2935 2808 τὴν
2966 2736 3124 2803 δόξαν
3161 2730 3319 2802 εἶναι,
3351 2737 3439 2789 ὅτε
3472 2737 3573 2789 οὐκ
3604 2730 3673 2807 ἣν

2085 2832 2146 2885 τὸ
2177 2832 2519 2902 ἀπαύγασμα
2545 2847 2558 2861 ⁸
2609 2830 2706 2901 τὴν
2735 2831 2842 2902 γὰρ
2869 2830 3024 2897 δόξαν
3068 2830 3195 2885 ἄνευ
3241 2830 3675 2900 άπαυγάσματος

2088 2920 2228 2977 εἶναι
2255 2925 2560 2995 ἀμήχανον.
2589 2924 2800 2995 ’Ὠσπερ
2837 2919 2929 2976 οὖν
2958 2924 3057 2976 οὐκ
3082 2922 3228 2976 ἐστιν
3256 2921 3348 2976 ἐπὶ
3373 2919 3467 2975 τοῦ
3499 2923 3677 2974 ἀπαυ-

2089 3019 2372 3089 γάσματος
2402 3019 2580 3087 λέγειν
2607 3020 2708 3082 ὃτι,
2731 3018 2792 3071 Εἰ
2816 3013 2884 3090 ἦν
2909 3019 3008 3072 οὐκ
3037 3018 3274 3087 ἐγένετο,
3310 3020 3424 3082 καὶ,
3455 3019 3518 3071 Εἰ
3557 3017 3680 3084 ὲγέ-

396 3103 569 3171 gloria
608 3108 694 3155 est
722 3101 790 3169 (si
817 3100 963 3167 enim
1001 3114 1108 3153 non
1142 3099 1214 3154 sit
1239 3101 1436 3170 gloria,
1469 3116 1579 3155 non
1611 3101 1777 3156 fuerit
1818 3103 1865 3157 is
1892 3104 1982 3172 qui

2090 3128 2212 3166 νετο
2230 3113 2329 3166 οὐκ
2357 3109 2445 3183 ἦν,
2477 3111 2647 3175 οὕτως
2677 3111 2905 3182 μάταιόν
2931 3116 3045 3166 ἐστι
3074 3114 3203 3186 περὶ
3222 3113 3316 3167 τοῦ
3348 3113 3479 3167 Υἱοῦ
3504 3111 3682 3166 ταῦτα

398 3195 468 3249 ab
503 3194 608 3249 hac
641 3194 823 3248 editur
879 3195 1182 3265 splendor),
1236 3197 1312 3249 ita
1362 3196 1409 3250 si
1462 3195 1588 3265 quis
1633 3197 1780 3251 dicat
1834 3198 1981 3266 quod

2093 3204 2292 3272 λέγειν,
2323 3204 2457 3258 διότι
2486 3206 2514 3256 6
2544 3205 2673 3270 Υἱός
2706 3206 2823 3258 ἐστι
2856 3205 2918 3258 τὸ
2939 3207 3298 3276 ἀπαύγασμα.

399 3303 681 3357 nunquam
729 3294 850 3341 erat
900 3286 1182 3356 splendor,
1219 3286 1562 3342 demonstrat
1610 3289 1757 3358 quod
1841 3307 2022 3360 neque
2061 3296 2233 3364 gloria
2307 3306 2473 3359 esset,
2528 3310 2653 3348 cum
2708 3311 2818 3348 non
2860 3305 3008 3350 esset
3044 3297 3335 3366 splendor;
3377 3296 3492 3350 fieri
3537 3293 3684 3348 enim

398 3399 510 3438 non
551 3391 752 3452 potest,
806 3393 863 3435 ιιι
923 3382 1096 3452 gloria
1155 3383 1229 3436 sit
1288 3381 1498 3452 absque
1540 3383 1853 3453 splendore.
1922 3385 1991 3442 Ut
2032 3389 2202 3460 igitur
2267 3391 2337 3446 de
2402 3390 2698 3460 Splendorc
2728 3391 2837 3445 dici
2883 3407 2992 3446 non
3043 3400 3228 3462 potest
3262 3411 3275 3446 :
3309 3393 3367 3446 Si
3398 3399 3538 3455 erat,
3575 3405 3688 3444 non

400 3479 584 3534 editus
615 3485 722 3542 est,
756 3486 830 3544 et,
856 3477 910 3531 Si
959 3478 1144 3533 editus
1179 3488 1286 3544 est,
1318 3493 1427 3532 non
1460 3487 1615 3547 erat;
1654 3479 1731 3534 ita
1763 3495 1966 3537 vanum
1997 3495 2050 3540 et
2090 3487 2390 3542 absurdum
2443 3497 2526 3541 est
2575 3487 2689 3540 haec
2733 3484 2803 3541 de
2863 3485 3004 3540 Filio
3051 3488 3255 3549 dicere,
3309 3487 3514 3556 quippe
3561 3497 3687 3540 cum

400 3568 574 3625 Filius
597 3571 667 3625 sit
702 3570 979 3640 splendor.

479 3730 752 3785 Caeterum
794 3731 887 3800 qui
919 3731 1102 3785 minus
1137 3741 1192 3784 et
1229 3731 1409 3801 majus
1449 3724 1515 3787 de
1564 3731 1706 3788 Filio
1739 3741 1794 3788 et
1840 3733 1982 3789 Patre

2171 3735 2234 3788 υἱ
2256 3734 2310 3786 δὲ
2343 3735 2404 3786 τὸ
2428 3732 2748 3804 μικρότερον
2782 3735 2877 3788 καὶ
2909 3735 2969 3788 τὸ
2996 3734 3180 3805 μεῖζον
3205 3733 3297 3787 ἐπὶ
3326 3732 3421 3788 τοῦ
3445 3734 3575 3788 Υῐοῦ
3599 3736 3692 3788 καὶ

409 3820 621 3885 dicunt,
654 3821 875 3875 discant
897 3836 927 3874 a
967 3819 1138 3875 Paulo
1170 3839 1236 3876 ne
1269 3824 1568 3878 metiantur
1601 3839 1664 3878 ea
1692 3841 1813 3895 qua:
1840 3841 1982 3880 nemt

2101 3825 2196 3879 τοῦ
2227 3827 2438 3898 Πατρὸς
2464 3821 2737 3894 λέγοντες,
2771 3827 3182 3897 διδαχθήτωσαν
3225 3826 3379 3896 παρὰ
3425 3827 3518 3880 τοῦ
3547 3825 3693 3880 ﬂati-

406 3920 585 3982 potest
627 3914 807 3968 metiri
851 3915 927 3980 ¹⁰;
961 3929 1084 3968 nam
1128 3915 1428 3984 Apostolus
1465 3913 1663 3971 Filium
1714 3916 1850 3972 dicit
1889 3917 1982 3972 cili

2101 3918 2193 3972 λου
2229 3919 2303 3990 μὴ
2332 3921 2551 3991 μετρεῖν
2581 3921 2649 3974 τὰ
2675 3919 2962 3992 ἀμέτρητα
2982 3936 2996 3950 °
3043 3921 3070 3972 6
3100 3921 3209 3991 γὰρ
3250 3919 3574 3985 Ἀπόστολος
3601 3919 3693 3973 τὸν

407 4005 546 4075 giem
579 4021 703 4062 esse
735 4005 912 4060 Patris
937 4007 1277 4062 substantiae.
1300 4007 1530 4062 Planum
1560 4018 1644 4064 est
1663 4009 1828 4080 igitur
1856 4011 2002 4082 quod

410 4103 620 4165 quanta
672 4095 836 4150 fuerit
879 4097 1193 4150 substantia
1235 4097 1435 4161 Patris,
1499 4105 1654 4152 tanta
1710 4106 1796 4154 est
1835 4101 2003 4155 etiam

407 4187 624 4258 efﬁgies
665 4187 990 4243 substantiae
1021 4206 1033 4241 :
1075 4187 1190 4242 fieri
1225 4189 1370 4242 enim
1417 4203 1526 4243 non
1562 4198 1766 4260 potest,
1808 4200 1868 4245 ut
1898 4192 2000 4246 mi-

410 4295 512 4335 nor
539 4282 610 4334 sit
648 4280 858 4351 effigies
903 4298 1068 4351 quam
1106 4283 1417 4337 substantia
1448 4300 1570 4354 quae
1600 4300 1696 4354 per
1723 4301 1843 4340 eam
1869 4301 2003 4341 con-

413 4371 704 4428 sideratur.
731 4370 874 4436 Quin
898 4373 1062 4426 etiam
1093 4388 1328 4443 magnus
1347 4371 1589 4430 Joannes
1620 4375 1810 4431 eadem
1841 4377 2002 4431 docet

2105 4013 2233 4066 Υἱὺν
2263 4013 2592 4084 χαρακτῆρα
2617 4011 2768 4081 λέγει
2815 4012 2913 4083 τῆς
2941 4011 3036 4065 τοῦ
3068 4011 3280 4084 Πατρὸς
3321 4013 3692 4076 ὑποστάσεως.

2105 4105 2273 4176 Δῆλον
2301 4101 2394 4159 οὖν
2422 4106 2504 4158 ὅτι
2528 4105 2602 4176 (Ξ)
2633 4107 2732 4176 ὅση
2761 4105 2827 4159 ἂν
2855 4105 2890 4176 ἡ
2923 4105 3217 4168 ὑπόστασις
3328 4103 3421 4157 τοῦ
3459 4105 3695 4178 Πατρὸς,

2108 4195 2363 4258 τοσοῦτος
2392 4197 2482 4249 καὶ
2506 4197 2534 4248 6
2559 4198 2806 4267 χαρακτή
2815 4215 2846 4266 ρ
2863 4197 2976 4249 ἐστι
2997 4196 3093 4266 τῆς
3113 4196 3482 4262 ὑποστάσεως·
3506 4196 3568 4248 οὐ
3591 4196 3698 4267 γὰρ

2111 4288 2384 4358 ἐνδέχεται
2418 4283 2556 4341 εἷναι
2593 4287 2916 4360 μικρότερον
2958 4285 3048 4341 τὸν
3089 4291 3413 4360 χαρακτῆρα
3446 4291 3547 4359 τῆς
3568 4287 3701 4341 θεω-

2113 4379 2383 4450 ρουμένης
2414 4380 2472 4431 ὲν
2499 4377 2648 4450 αὐτῷ
2678 4378 3049 4441 ὑποστάσεως.
3113 4378 3274 4431 Ἀλλά
3319 4379 3411 4431 καὶ
3457 4381 3485 4431 6
3526 4378 3700 4449 μέγας

409 4478 535 4518 cum
568 4463 724 4526 dicit,
764 4483 782 4515 ι
820 4463 880 4518 ln
919 4465 1195 4536 principio
1224 4473 1343 4520 erat
1373 4465 1638 4535 Verbum,
1668 4475 1725 4523 et
1756 4465 1982 4523 Verbnn

2123 4470 2376 4541 Ἰωάννης
2425 4469 2598 4524 ταῦτα
2651 4468 2890 4523 διδάσκει
2947 4467 3142 4537 λέγων,
3215 4486 3232 4518 ι
3270 4467 3358 4521 Ἐν
3385 4469 3526 4540 ἀρχῇ
3556 4463 3625 4538 ἦν
3669 4467 3700 4519 6

408 4565 530 4610 erat
583 4555 728 4626 apud
780 4556 949 4610 Deum
987 4558 1047 4611 “.
1091 4575 1110 4608 ι
1163 4558 1240 4611 Ex
1274 4573 1341 4612 eo
1376 4573 1613 4630 namque
1649 4561 1797 4630 quod
1839 4560 1998 4625 dixit,

408 4647 557 4718 quod
608 4647 662 4701 in
709 4646 984 4718 principio
1020 4654 1162 4713 erat,
1213 4659 1267 4702 et
1310 4664 1418 4704 non
1473 4659 1598 4720 post
1641 4650 2000 4721 principium,

409 4743 651 4796 ostendit
701 4741 848 4812 quod
878 4757 1158 4812 nunquam
1189 4742 1398 4813 absque
1447 4742 1624 4799 Verbo
1671 4744 2001 4815 principium

410 4844 550 4889 erat.
617 4833 693 4886 Ex
738 4849 807 4889 eo
863 4850 992 4888 vero
1031 4836 1178 4905 quod
1244 4837 1516 4902 ostendit,
1569 4839 1716 4908 quod
1766 4837 2002 4893 Verbum

2110 4563 2305 4630 Λόγος,
2340 4561 2433 4616 καὶ
2465 4564 2494 4615 6
2523 4561 2694 4628 Λόγος
2718 4556 2786 4632 ἦν
2822 4560 2958 4632 πρὸς
2991 4560 3081 4614 τὸν
3107 4558 3260 4613 Θεόν.
3293 4579 3311 4611 ι
3353 4560 3445 4613 Ἐκ
3470 4560 3578 4631 γὰρ
3603 4557 3698 4611 τοῦ

2111 4655 2307 4716 εἰπεῖν,
2339 4654 2421 4706 ὅτι
2457 4672 2475 4704 ι
2504 4655 2562 4706 ὲν
2601 4655 2742 4725 ἀρχῇ
2772 4648 2860 4724 ἦν,
2883 4673 2901 4704 ›
2949 4653 3042 4706 καὶ
3074 4653 3134 4706 οὐ
3189 4653 3329 4725 μετὰ
3366 4653 3463 4723 τὴν
3499 4652 3698 4721 ἀρχὴν,

2112 4745 2312 4811 ἔδειξεν
2350 4745 2432 4799 ὄτι
2473 4746 2732 4799 οὐδέποτε
2780 4747 2972 4814 ἄλογος
3012 4742 3080 4818 ἦν
3112 4748 3144 4818 ὴ
3191 4747 3354 4818 ἀρχή.
3399 4746 3494 4798 Ἐκ
3521 4745 3578 4798 δὲ
3601 4744 3700 4798 τοῦ

2111 4837 2390 4902 ἀποδεῖξαι
2411 4839 2492 4891 ὅτι
2523 4840 2617 4892 καὶ
2643 4841 2671 4892 6
2696 4839 2867 4908 Λόγος
2893 4834 2958 4908 ἦν
2985 4838 3119 4910 πρὸς
3155 4839 3246 4892 τὸν
3271 4839 3426 4900 Θεὸν,
3453 4838 3513 4891 τὸ
3549 4837 3704 4891 ἀνελ-

485 5081 563 5150 (‘2)
597 5080 810 5154 Δῆλρν
837 5077 951 5154 οὖν
985 5083 1095 5137 ὅτι.
1128 5083 1280 5139 lianc
1315 5084 1598 5154 periodum
1632 5099 1737 5137 non
1767 5083 1993 5154 exhibe-

413 5153 507 5225 bat
544 5153 710 5206 editio
733 5151 1112 5225 Rapbelengii,
1147 5151 1329 5223 neque
1373 5156 1512 5210 liber
1550 5170 1662 5222 quo
1714 5170 1848 5210 usus
1897 5153 1998 5207 fuit

415 5223 762 5293 Enthymins,
790 5224 883 5278 sed
909 5240 973 5278 ex
1007 5223 1111 5279 ms.
1139 5226 1358 5280 (lanteri
1388 5241 1648 5294 expressa
1673 5234 1756 5279 est
1783 5241 1796 5277 :
1824 5239 1999 5294 neque

414 5295 559 5348 enim
615 5295 822 5364 absque
875 5297 1158 5350 sententiae
1213 5295 1381 5350 totius
1434 5297 1765 5350 detrimento
1806 5297 2000 5352 abesse

416 5375 647 5434 poterat.
675 5364 853 5436 Locus
909 5372 994 5436 est
1027 5366 1166 5436 apud
1194 5364 1422 5420 Paulum
1460 5367 1527 5420 ad
1561 5365 1816 5422 Hebraeos
1840 5382 1877 5432 ι,
1916 5369 1949 5422 ’5
1983 5386 1997 5421 :

418 5437 524 5500 Qui
541 5435 740 5508 cumsit
757 5435 1006 5508 splendor
1027 5435 1211 5505 gloriae
1237 5445 1286 5490 et
1317 5437 1492 5508 ﬁgura
1524 5436 1840 5492 substantiae
1859 5441 1997 5508 ejus.

416 5508 537 5574 Quo
565 5506 728 5562 etiam
754 5505 927 5560 utitur
966 5505 1325 5564 Athanasius
1349 5507 1613 5564 adversus
1643 5505 1892 5568 Arianos
1931 5512 1999 5566 ad

2100 5083 2366 5139 tuendum
2397 5083 2772 5155 τδὸμοούσιον
2795 5087 2914 5142 Filii
2951 5089 3067 5151 Dei,
3095 5095 3236 5143 orat.
3269 5087 3324 5149 4.
3377 5086 3488 5139 Καὶ
3537 5085 3647 5155 γὰρ
3674 5084 3705 5136 6

2101 5155 2401 5220 ἀπόστολος
2419 5153 2490 5230 οὐ
2515 5153 2824 5230 βουλήσεως
2849 5175 2866 5193 ’
2901 5159 3018 5213 ἀλλ’
3049 5159 3220 5229 αὐτῆς
3251 5157 3349 5227 τῆς
3387 5153 3578 5230 otio-ia;
3605 5153 3705 5224 τῆς

2102 5230 2380 5302 πατρικῆς
2404 5227 2533 5302 [διον
2552 5226 2895 5302 ἀπαύγασμα
2918 5231 3013 5284 καὶ
3039 5226 3362 5302 χαρακτῆρα
3383 5229 3476 5282 τὸν
3494 5226 3704 5302 μύριοις

2105 5293 2388 5371 κηρύττει.
2449 5293 2729 5370 δὶᾳιιίάειιί
2761 5293 3069 5370 Apostolus
3100 5293 3202 5354 non
3241 5293 3553 5371 uoluntatis,
3581 5293 3704 5371 ξεεά

2106 5368 2276 5441 ipsius
2305 5368 2540 5453 paterna}
2565 5368 2817 5427 essentia
2832 5375 3104 5454 proprium
3137 5369 3464 5452 splendorem
3495 5377 3542 5421 et
3562 5368 3704 5450 ᾕρει-

2107 5457 2224 5496 ram
2270 5437 2472 5495 Filium
2517 5444 2797 5512 praedicat,
2831 5453 2886 5499 et
2941 5442 3131 5498 honnl.
3163 5442 3230 5498 de
3265 5439 3496 5512 Detpara
3529 5454 3543 5490 :
3581 5443 3705 5500 υιος

2109 5461 2224 5496 ram
2270 5461 2472 5495 rmum
2517 5461 2797 5512 praedicat,
2831 5461 2886 5499 et
2941 5461 3130 5498 nomn.

2109 5515 2220 5586 γάρ
2247 5512 2534 5571 δακτυλίου
2569 5515 2879 5587 χαρακτήρ,
2914 5523 3020 5572 etc.
3056 5513 3130 5570 In.

489 5752 512 5784 ’
550 5751 715 5807 Hebr.
751 5770 788 5809 ι.
817 5757 869 5810 '5.
950 5755 994 5787 '°
1026 5754 1184 5810 Rom.
1224 5771 1300 5823 xt,
1337 5757 1426 5814 '54.
1506 5759 1548 5792 ¹¹
1581 5757 1738 5817 Joan.
1764 5777 1806 5830 ι,
1844 5763 1895 5819 l.
