4066 6374
382 305 483 362 H3

1628 309 1682 365 S'.
1727 310 2051 370 GREGORII
2088 312 2130 367 Ν
2143 313 2382 370 ¥SSENI

3543 318 3644 375 ιιι

376 427 580 482 ctionis
624 427 889 497 largitur;
933 436 1185 483 creatura
1232 430 1448 485 subdita
1474 431 1549 503 (6)
1574 440 1679 498 est,
1725 435 1958 506 Spiritus

2070 436 2326 507 μονεύει’
2394 439 2428 509 ή
2480 437 2655 501 κτίσις
2691 436 3125 508 παρακαλεῖται,
3188 437 3250 492 τὸ
3314 438 3371 491 δὲ
3416 437 3645 508 Πνεῦμα

378 533 506 573 vero
529 527 743 588 praeest,
768 526 961 572 natura
986 519 1421 574 consolationem
1446 531 1501 577 et
1520 522 1959 581 exhortationem

378 610 601 679 accipit,
630 610 870 680 Spiritus
889 626 1021 666 vero
1044 614 1363 667 consolatur
1393 623 1448 669 et
1471 615 1832 684 exhortatur;
1859 634 1959 672 na—

376 708 501 755 tura
536 700 726 766 servit,
758 698 997 772 Spiritus
1042 717 1173 759 vero
1206 703 1434 773 liberat;
1483 714 1680 761 natura
1740 709 1961 779 sapien-

377 793 509 847 tiam
545 792 797 858 docetur,
852 791 1094 864 Spiritus
1132 810 1263 850 rero
1297 796 1583 866 sapientia:
1631 798 1958 856 beneﬁcium

375 883 614 956 largitur
648 904 662 941 :
696 896 897 940 natura
928 887 1321 943 beneliciorum
1354 905 1418 944 ac
1446 890 1716 946 donorum
1748 904 1959 963 partem

375 976 546 1046 capit,
597 974 838 1048 Spiritus
868 993 999 1034 vero
1052 981 1118 1035 ad
1168 982 1456 1037 arbitrium
1508 999 1667 1039 suum
1709 985 1956 1057 largitur.

376 1071 570 1125 Omnia
618 1086 856 1143 namque
904 1072 1021 1129 haec
1070 1085 1330 1143 operatur
1369 1092 1512 1131 unus
1554 1087 1606 1133 et
1655 1076 1799 1133 idem
1836 1076 1961 1148 Spi-

375 1161 538 1224 ritus,
572 1161 905 1220 distribuens
927 1164 1126 1236 cuique
1148 1166 1466 1236 singulatim
1495 1168 1958 1239 quemadmodum

374 1254 491 1307 vult
520 1256 586 1307 ¹².
626 1255 707 1309 Ac
763 1266 1020 1311 sexcenta
1064 1257 1171 1311 alia
1204 1256 1615 1328 Scripturarum
1668 1260 1787 1315 loca
1834 1260 1960 1316 licet

374 1345 643 1409 invenire,
686 1347 891 1416 quibus
925 1347 1342 1403 demonstratur
1373 1349 1522 1420 quod
1567 1349 1753 1404 omnia
1785 1350 1960 1406 subli-

374 1437 483 1489 mia
516 1435 799 1507 Deumque
832 1436 1083 1493 decentia
1125 1440 1371 1505 nomina,
1414 1455 1756 1512 quaecunque
1809 1439 1957 1495 Patri

373 1536 427 1582 et
464 1527 602 1584 Filio
631 1545 661 1582 a
697 1530 989 1599 Scriptura
1026 1532 1534 1601 accommodantur,
1571 1548 1634 1588 ea
1664 1534 1811 1589 circa
1844 1533 1962 1603 Spi-

372 1618 538 1671 ritum
577 1634 797 1689 quuque
825 1631 1079 1674 sanctum
1112 1623 1540 1677 considerantur
1578 1643 1591 1679 :
1627 1625 1958 1695 incorrupti-

374 1707 561 1766 bilitas
613 1720 667 1766 et
720 1712 1035 1783 integritas,
1080 1713 1387 1781 beatitudo,
1446 1717 1674 1782 bonum,
1713 1718 1956 1788 sapiens,

2063 527 2407 597 παρακαλεῖ’
2448 528 2481 598 ἡ
2510 528 2686 591 κτίσις
2722 528 2983 593 δουλεύει,
3006 529 3067 583 τὸ
3092 529 3149 582 δὲ
3176 529 3401 602 Πνεῦμα
3432 530 3646 583 ἐλευθε-

2067 624 2150 692 ροῖ
2170 638 2183 651 °
2210 622 2244 692 ή
2272 621 2449 685 κτίσις
2476 621 2772 690 σοφίζεται,
2803 620 2865 675 τὸ
2892 621 2950 675 δὲ
2973 620 3191 693 πνεῦμα
3208 621 3306 693 τὴν
3328 623 3431 694 τῆς
3453 622 3645 691 σοφίας

2061 713 2244 767 δίδωσι
2277 713 2437 785 χάριν
2462 731 2476 745 ·
2517 717 2551 787 ἡ
2585 715 2762 777 κτίσις
2798 715 3203 786 μεταλαμϐάνει
3241 715 3352 768 τῶν
3373 715 3644 787 χαρισμά-

2060 805 2254 869 των,τὸ
2269 806 2327 861 δὲ
2350 804 2574 877 Πνεῦμα
2597 806 2951 871 κατεξουσίαν
2969 807 3275 878 χαρίζεται.
3303 810 3517 862 «Πάντα
3534 808 3646 880 γάρ

2060 896 2235 952 ταῦτα
2259 900 2472 969 ἐνεργεῖ
2498 898 2555 952 τὸ
2573 898 2630 952 ἓν
2651 900 2746 953 καὶ
2773 900 2832 953 τὸ
2852 900 2982 953 αὐτὸ
3009 900 3255 971 Πνεῦμα,
3272 900 3513 974 διαιροῦν
3540 902 3646 973 ἰδία

2062 990 2279 1060 ἑκάστῳ
2306 989 2485 1054 καθὼς
2519 990 2764 1061 βούλεται
2786 1008 2799 1021 ⁸
2834 1010 2853 1043 ι
2883 992 2974 1046 καὶ
3029 992 3225 1064 μυρίας
3257 993 3419 1056 ἄλλας
3450 994 3514 1045 ὲκ
3535 993 3645 1046 τῶν

2061 1083 2293 1156 Γραφῶν
2328 1082 2475 1137 ἔστιν
2510 1084 2810 1150 ἀποδείξεις
2830 1087 3033 1157 εὑρεῖν,
3054 1087 3135 1140 ὅτι
3164 1086 3342 1140 πάντα
3370 1086 3439 1140 τὰ
3466 1086 3646 1157 ὑψηλὰ

2061 1175 2155 1228 καὶ
2198 1175 2475 1247 θεοπρεπῆ
2507 1176 2769 1247 ὀνόματα,
2817 1177 2917 1230 ὅσα
2959 1177 3036 1249 τῷ
3065 1179 3242 1249 Πατρὶ
3280 1179 3375 1232 καὶ
3418 1178 3496 1249 τῷ
3529 1178 3646 1249 Υἱῷ

2061 1267 2213 1338 παρὰ
2236 1268 2338 1337 τῆς
2375 1268 2595 1339 Γραφῆς
2628 1269 3018 1339 ὲφαρμόζεται,
3062 1269 3238 1324 ταῦτα
3273 1270 3367 1324 καὶ
3408 1271 3534 1341 περὶ
3582 1270 3647 1324 τὸ

2062 1361 2216 1429 ἅγιον
2242 1359 2525 1433 θεωρεῖται
2554 1361 2781 1432 Πνεῦμα
2805 1379 2818 1392 ·
2854 1363 2886 1433 ἡ
2923 1362 3178 1435 ὰφθορία,
3215 1365 3248 1434 ἡ
3284 1363 3640 1435 μακαριότης,

2060 1451 2121 1506 τὸ
2141 1451 2365 1521 ἀγαθὸν,
2404 1451 2465 1505 τὸ
2494 1450 2676 1521 σοφὸν,
2714 1452 2774 1505 τὸ
2802 1452 3045 1518 δυνατὸν,
3079 1453 3140 1525 το
3172 1453 3395 1521 δίκαιον,
3431 1454 3461 1525 ἡ
3489 1453 3644 1521 άγιὸ-

2060 1561 2159 1613 της
2184 1561 2199 1577 ο
2246 1546 2355 1598 πᾶν
2385 1544 2567 1614 τίμιον
2594 1543 2766 1613 ὄνομα
2796 1542 2970 1608 οὕτως
2999 1524 3216 1612 λέγεται
3249 1545 3345 1598 ἐπὶ
3364 1524 3459 1597 τοῦ
3486 1544 3643 1612 ἁγίου

2061 1635 2401 1705 Πνεύματος,
2433 1634 2509 1699 ὡς
2539 1634 2634 1689 καὶ
2664 1634 2755 1687 ἐπὶ
2789 1634 2883 1688 τοῦ
2911 1635 3124 1706 Πατρὸς
3165 1637 3259 1689 καὶ
3285 1635 3377 1689 ἐπὶ
3400 1635 3493 1689 τοῦ
3511 1633 3643 1688 Υίοῦ

2061 1727 2299 1796 λέγεται,
2335 1726 2475 1797 πλὴν
2504 1726 2707 1780 τούτων
2747 1726 2813 1780 δι’
2842 1720 2917 1780 ὧν
2972 1730 3028 1781 αἱ
3067 1727 3395 1791 ὑποστάσεις
3431 1726 3645 1799 τρανῶς

372 1811 591 1872 potens,
627 1802 861 1872 justum,
894 1804 1179 1869 sanctitas,
1210 1822 1373 1863 omne
1396 1806 1631 1878 denique
1658 1810 1958 1878 pretiosum

2063 1834 2123 1870 τε
2154 1817 2249 1871 καὶ
2278 1816 2599 1887 ἁσυγχύτως
2633 1817 2729 1870 ἀπ’
2751 1817 2994 1887 ἀλλήλων
3020 1818 3454 1889 διαχωρίζονται.
3488 1818 3647 1887 Λέγω

371 1895 430 1949 et
465 1895 789 1951 lionorabile
821 1912 1020 1953 nomen
1052 1907 1161 1953 tam
1176 1898 1269 1954 .de
1308 1900 1511 1971 Spiritu
1543 1912 1760 1967 sancto,
1790 1919 1956 1973 quam

373 1986 441 2042 de
491 1986 652 2043 Patre
702 1996 757 2044 et
803 1988 943 2044 Filio
979 1991 1201 2058 dicitur,
1264 1996 1506 2062 exceptis
1549 1993 1637 2059 iis,
1691 2010 1789 2065 per
1838 2010 1959 2065 quae

373 2084 696 2157 bypostases
737 2089 1045 2158 perspicue,
1094 2089 1242 2143 clare
1276 2097 1332 2142 et
1381 2090 1589 2159 absque
1634 2088 1958 2146 confusione

374 2184 445 2238 ab
490 2182 723 2238 invicem
771 2193 1122 2253 separantur.
1165 2184 1296 2240 Dico
1342 2195 1525 2241 autem
1581 2186 1725 2257 quod
1779 2202 1959 2256 neque

2064 1909 2121 1962 δὲ
2145 1909 2227 1963 ὅτι
2251 1908 2375 1963 οὔτε
2404 1907 2593 1980 Πατὴρ
2628 1908 2846 1978 λέγεται
2882 1910 2943 1963 τὺ
2968 1908 3192 1979 Πνεῦμα
3216 1909 3279 1963 τὸ
3319 1910 3493 1979 ἅγιον,
3520 1908 3644 1962 οὔτε

2067 2002 2195 2064 Υἱός
2220 2019 2235 2034 ’
2262 2002 2330 2055 τὰ
2354 2001 2411 2055 δὲ
2437 2000 2570 2056 ἄλλα
2584 2001 2684 2055 ὅσα
2708 2003 2737 2055 6
2759 2001 2951 2074 Πατὴρ
2977 2003 3072 2056 καὶ
3096 2004 3125 2055 6
3148 2002 3275 2066 Υἱὸς
3296 2000 3643 2073 ὀνομάζεται,

2064 2095 2237 2149 ταῦτα
2261 2095 2355 2150 καὶ
2382 2095 2461 2166 τῷ
2491 2095 2630 2168 ἁγίῳ
2658 2096 2937 2166 Πνεῦματι
2979 2097 3131 2169 παρὰ
3158 2096 3259 2167 τῆς
3286 2096 3509 2168 Γραφῆς
3557 2095 3651 2164 trp-

2065 2187 2384 2259 αρμόζεται.

372 2272 563 2341 Pater,
603 2288 782 2344 neque
812 2273 986 2329 Filius
1024 2273 1229 2328 dicitur
1275 2275 1517 2346 Spiritus
1562 2285 1827 2342 sanctus;
1865 2284 2062 2331 caetera
2114 2292 2245 2332 vero
2277 2276 2701 2346 quibuscunque
2767 2276 3089 2333 nominibus
3152 2275 3318 2331 Pater
3354 2286 3408 2331 et
3471 2274 3648 2331 Filius

375 2369 747 2439 appellantur,
778 2384 842 2424 ea
876 2366 1104 2439 Spiritui
1136 2384 1355 2441 quoque
1388 2378 1582 2427 sancto
1612 2387 1643 2424 a
1673 2372 1959 2442 Scriptura
1999 2372 2350 2443 adaptantur.

374 2548 377 2549 ν
444 2524 550 2581 Per
596 2526 701 2581 hoc
757 2526 924 2595 igitur
972 2524 1467 2595 deprehendimus,
1520 2527 1664 2596 quod
1718 2524 1958 2596 Spiritus

2131 2526 2229 2579 Διὰ
2278 2525 2437 2579 τοῦτο
2474 2518 2569 2580 οῦν
2602 2525 3094 2597 καταλαμϐάνομεν
3116 2528 3197 2581 ὅτι
3236 2527 3350 2581 ἄνω
3387 2527 3489 2597 τῆς
3526 2528 3648 2581 κτί-

374 2630 601 2678 sanctus
629 2629 713 2676 est
745 2636 913 2689 super
955 2627 1206 2674 naturam
1240 2639 1253 2675 :
1290 2621 1550 2690 quocirca
1592 2620 1681 2673 ubi
1716 2619 1878 2673 Pater
1905 2623 1958 2678 et

2062 2618 2201 2683 σεώς
2239 2622 2355 2673 ἐστι
2388 2618 2450 2673 τὸ
2483 2618 2709 2690 Πνεῦμα
2736 2619 2799 2673 τὸ
2838 2619 3014 2688 ἆγιονο
3055 2621 3251 2675 οὐκοῦν
3295 2623 3427 2675 ὅπου
3459 2621 3649 2695 Πατὴρ

375 2713 467 2768 ubi
498 2710 672 2768 Filius
710 2709 1051 2781 intelligitur,
1090 2710 1163 2764 ibi
1200 2708 1439 2780 Spiritus
1479 2723 1699 2779 quoque
1732 2716 1958 2765 sanctus

2062 2710 2157 2763 καὶ
2195 2710 2328 2762 ὅπου
2354 2709 2482 2773 Υἱὸς
2518 2713 2739 2777 νοεῖται,
2765 2712 2883 2765 ἐκεῖ
2903 2714 3105 2767 νοεῖται
3128 2714 3221 2766 καὶ
3247 2712 3307 2766 τὸ
3338 2712 3561 2784 Πνεῦμα
3587 2713 3649 2767 τὸ

375 2803 701 2873 intelligitur
751 2819 766 2857 :
818 2816 944 2855 nam
986 2815 1155 2870 super
1202 2808 1457 2854 naturam
1494 2797 1656 2853 Pater
1694 2806 1749 2853 et
1785 2796 1958 2852 Filius

2062 2802 2216 2868 ἅγιον
2232 2818 2245 2832 ο
2268 2801 2380 2855 ἄνω
2399 2801 2511 2870 γὰρ
2524 2801 2621 2873 τῆς
2637 2802 2869 2868 κτίσεως
2884 2805 2913 2856 6
2932 2804 3121 2876 Πατὴρ
3134 2805 3376 2871 καὶΥίὸς,
3393 2807 3531 2878 ὅπερ
3553 2808 3649 2861 καὶ

373 2904 484 2955 est.
514 2893 663 2963 quod
711 2893 945 2963 Spiritui
986 2907 1206 2962 quoque
1238 2892 1636 2961 consequentia
1683 2889 1958 2946 sermonis

2062 2891 2140 2963 τῷ
2168 2892 2306 2963 ἁγίῳ
2329 2892 2608 2964 Πνεύματι
2639 2897 2672 2965 ἡ
2702 2894 2994 2949 ἀκολουθία
3022 2895 3118 2950 τοῦ
3146 2895 3304 2965 λόγου
3335 2914 3650 2968 προσεμαρ-

374 2994 687 3042 attestatur.
720 2984 824 3052 Qui
853 2984 1019 3053 igitur
1040 3000 1207 3054 supra
1238 2994 1491 3038 naturam
1527 2980 1791 3052 Spiritum
1821 2998 1954 3037 san-

2062 2984 2321 3056 τύρησεν.
2351 2985 2411 3038 '0
2437 2985 2616 3039 τοίνυν
2638 2987 2949 3059 ὑπερτιθεὶς
2970 2989 3070 3059 τῆς
3094 2989 3324 3053 κτίσεως
3347 2988 3407 3042 τὸ
3427 2989 3650 3059 Πνεῦμα

374 3086 524 3133 ειιιιιι
560 3077 735 3147 ponit,
762 3082 1171 3149 consequenter
1200 3085 1254 3130 et
1283 3083 1494 3130 rectum
1530 3084 1583 3129 et
1626 3089 1823 3129 sanum
1863 3088 1955 3127 ac-

2064 3078 2124 3130 τὺ
2154 3077 2332 3147 ἅγιον,
2353 3079 2661 3145 ἀκολούθως
2683 3081 2773 3135 τὸν
2798 3082 2956 3154 ὀρθόν
2976 3100 3035 3136 τε
3056 3083 3150 3137 καὶ
3176 3084 3304 3155 ὑγιῆ
3320 3083 3652 3155 παρεδέξατο

374 3170 519 3239 cepit
542 3184 855 3224 sermonem
884 3179 940 3223 et
968 3169 1307 3240 opinionem.
1340 3168 1517 3221 Unam
1548 3170 1693 3223 enim
1726 3166 1959 3223 conﬁte-

374 3261 525 3316 bitur
560 3268 812 3315 uaturam
853 3275 964 3315 non
1016 3267 1286 3324 creatam,
1344 3274 1465 3328 quae
1508 3266 1562 3313 et
1603 3259 1657 3313 in
1692 3258 1853 3314 Patre
1904 3266 1959 3314 et

373 3352 515 3409 Filio
538 3362 592 3409 et
621 3353 831 3424 Spiritu
871 3359 1066 3409 sancto
1101 3352 1509 3407 consideratur.
1552 3351 1823 3418 Quoniam
1868 3367 1960 3406 au-

372 3458 489 3504 tem
512 3448 581 3503 ad
611 3445 1128 3511 demonstrandum,
1166 3454 1227 3499 ut
1272 3454 1490 3516 putant,
1534 3445 1681 3515 quod
1720 3444 1959 3514 Spiritus

375 3548 603 3596 sanctus
636 3548 856 3594 creatus
890 3538 986 3602 sit,
1022 3537 1304 3608 prophetae
1336 3551 1527 3594 vocem
1576 3537 1735 3591 nobis
1785 3535 1961 3607 profe-

375 3640 526 3697 runt,
577 3645 699 3700 quae
750 3630 826 3683 ila
865 3628 1029 3683 habet
1064 3646 1077 3682 :
1115 3646 1132 3679 ι
1167 3627 1270 3694 Qui
1314 3628 1498 3682 ﬁrmat
1538 3629 1870 3691 tonitruum,
1905 3636 1961 3683 et

374 3732 525 3779 creat
579 3723 858 3792 spiritum,
910 3730 965 3775 et
1006 3720 1300 3774 annuntiat
1348 3720 1403 3773 in
1454 3719 1770 3774 hominibus
1808 3717 1962 3772 Chri-

374 3824 517 3869 stum
542 3827 702 3867 suum
734 3812 777 3842 ¹³
804 3828 817 3864 :
846 3831 864 3863 ι
888 3812 989 3865 hoc
1016 3811 1271 3866 convenit
1296 3810 1599 3881 intelligere
1622 3809 1767 3881 quod
1790 3810 1957 3865 alium

374 3906 631 3977 spiritum
680 3904 734 3958 in
793 3903 1134 3958 lirmitudine
1181 3903 1412 3957 tonitrui
1469 3903 1735 3973 propheta
1782 3902 1959 3958 creari

374 3998 530 4061 dicit,
572 4009 626 4053 et
663 4013 774 4052 non
810 3996 1075 4067 Spiritum
1113 4002 1365 4051 sanctum
1404 4013 1417 4050 :
1462 3995 1767 4049 tonitruum
1813 3994 1958 4051 enim

372 4090 643 4162 mysticus
685 4104 869 4145 sermo
904 4087 1259 4159 Evangelium
1293 4087 1566 4143 nominat.
1602 4086 1817 4153 Quibus
1857 4087 1963 4159 igi-

374 4192 463 4238 tur
496 4181 650 4237 ﬁrma
684 4197 748 4236 ac
779 4172 996 4239 stabilis
1032 4181 1101 4237 de
1147 4180 1443 4251 Evangelio
1476 4180 1537 4235 ﬁt
1565 4180 1725 4247 ﬁdes,
1768 4180 1825 4235 hi
1865 4196 1963 4252 per

376 4273 542 4328 Iidem
577 4280 867 4327 transeunt
887 4271 957 4327 ab
985 4286 1051 4327 eo
1080 4271 1227 4342 quod
1258 4286 1456 4326 carnes
1480 4278 1632 4335 sunt,
1664 4270 1732 4325 ad
1772 4270 1877 4341 hoc
1903 4280 1964 4325 ut

373 4367 601 4437 spiritus
684 4365 839 4431 ﬁant,
907 4365 1369 4437 quemadmodum
1442 4364 1579 4418 dicit
1656 4362 1958 4419 Dominus:

2061 3168 2240 3237 λόγον.
2271 3170 2416 3225 Μίαν
2443 3171 2550 3244 γὰρ
2579 3172 2903 3246 ὁμολογήσει
2932 3176 3032 3246 τὴν
3053 3177 3306 3231 άκτιστον
3338 3176 3523 3245 φύσιν,
3545 3176 3648 3246 τὴν

2061 3260 2119 3311 ὲν
2150 3260 2328 3331 Πατρὶ
2366 3262 2461 3314 καὶ
2487 3261 2604 3333 Υίῷ
2638 3264 2731 3318 καὶ
2755 3264 3036 3336 Πνεῦματι
3066 3266 3206 3337 ἁγίῳ
3244 3266 3644 3338 θεωρουμένην.

2073 3350 2227 3405 Ἐπεὶ
2259 3351 2316 3405 δὲ
2344 3354 2423 3417 εἰς
2451 3354 2745 3419 ἀπόδειξιν,
2766 3356 2841 3420 ὡς
2866 3356 3089 3420 οἴονται,
3121 3358 3216 3411 τοῦ
3253 3359 3469 3413 κτιστὸν
3508 3354 3647 3413 εῖναι

2060 3440 2123 3494 τὸ
2155 3440 2380 3513 Πνεῦμα
2415 3442 2476 3497 τὸ
2503 3444 2680 3513 ἆγιον,
2707 3445 2807 3517 τὴν
2848 3446 2942 3499 τοῦ
2974 3449 3253 3519 προφήτου
3304 3448 3487 3520 φωνὴν
3511 3450 3646 3520 ἡμῖν

2062 3534 2395 3607 προφέρουσι
2426 3536 2523 3605 τὴν
2552 3536 2845 3605 λέγουσαψ
2885 3558 2902 3590 ι
2928 3537 2987 3593 Ὀ
3023 3539 3258 3611 στερεῶν
3295 3539 3522 3613 βροντὴν
3547 3541 3643 3595 καὶ

2063 3621 2261 3687 κτίζων
2292 3624 2531 3696 πνεῦμα,
2565 3627 2660 3679 καὶ
2699 3628 3057 3697 ἀπαγγέλλων
3086 3629 3167 3693 είς
3205 3628 3528 3700 ἀνθρώπους
3552 3631 3646 3683 τὸν

2062 3715 2297 3786 Χριστὸν
2339 3716 2526 3782 αὐτοῦ,
2560 3736 2579 3769 ι
2633 3717 2794 3772 τοῦτο
2848 3721 3113 3791 προσήκει
3147 3720 3357 3791 νοῆσαι,
3393 3723 3475 3776 ὅτι
3519 3721 3648 3776 ἄλλο

2063 3809 2342 3874 κτίζεσθαι
2363 3810 2578 3885 πνεῦμα
2598 3813 2655 3864 ὲν
2675 3814 2741 3883 τῇ
2764 3812 3187 3884 περεότητιτῆς
3209 3813 3459 3885 βροντῆς,
3474 3815 3503 3867 6
3522 3830 3649 3886 προ·

2064 3904 2242 3973 φήτης
2289 3902 2457 3971 λέγει,
2501 3904 2596 3956 καὶ
2636 3904 2757 3975 οὐχὶ
2796 3904 2857 3958 τὸ
2897 3902 3052 3973 ἅγιον
3092 3904 3357 3976 Πνεῦμαο
3408 3905 3647 3978 Βροντὴν

2064 3996 2175 4068 γάρ
2210 3996 2240 4048 6
2275 3996 2536 4067 μυστικὸς
2565 3995 2723 4064 λόγος
2766 3996 2827 4050 τὸ
2857 3996 3187 4065 Εὐαγγέλιον
3217 3996 3493 4068 ὀνομάζει.
3556 3998 3645 4052 Ἐν

2064 4082 2146 4152 οἷς
2174 4084 2266 4142 οὖν
2294 4088 2503 4157 γίνεται
2527 4087 2719 4158 βεϐαία
2747 4088 2842 4142 καὶ
2871 4089 3203 4160 ἁμετάθετος
3228 4090 3261 4161 ἡ
3282 4091 3363 4153 εἰς
3380 4089 3442 4142 τὸ
3467 4088 3646 4158 Εὐαγ-

2065 4180 2244 4251 γέλιον
2276 4180 2485 4247 πίστις,
2525 4176 2670 4236 οὗτοι
2701 4180 2789 4233 διὰ
2817 4181 2915 4251 τῆς
2948 4182 3186 4244 πίστεως
3233 4181 3650 4253 μεταϐαίνουσιν

2066 4273 2176 4327 ἀπὸ
2208 4271 2302 4326 τοῦ
2347 4269 2483 4326 εἶναι
2527 4273 2750 4345 σάρκες,
2781 4274 2862 4335 είς
2904 4273 2966 4326 τὸ
2998 4273 3243 4341 γίνεσθαι
3277 4273 3517 4344 πνεῦμα,
3549 4292 3649 4327 κα-

2069 4365 2178 4430 θὼς
2223 4365 2373 4435 λέγει
2410 4368 2438 4419 6
2481 4364 2713 4436 Κύριος,
2760 4386 2779 4419 ι
2813 4366 2893 4419 ὅτι
2915 4366 2975 4419 τὸ
3015 4365 3411 4439 γεγεννημένον
3448 4367 3513 4419 ὲκ
3547 4366 3650 4436 τῆς

378 4478 397 4511 ι
424 4458 580 4526 Quod
600 4466 789 4514 natum
807 4467 976 4514 estex
1001 4472 1189 4521 carne,
1214 4471 1346 4511 caro
1372 4464 1477 4522 est,
1510 4463 1565 4511 et
1593 4455 1741 4527 quod
1770 4463 1958 4510 natum

2069 4458 2272 4530 σαρκὸς
2297 4429 2439 4529 σάρξ
2457 4429 2578 4511 ἐστι
2593 4474 2607 4488 ·
2638 4429 2731 4511 καὶ
2753 4457 2811 4511 τὸ
2838 4429 3327 4528 γεγεννημένον-ὲκ
3354 4454 3447 4510 τοῦ
3480 4429 3649 4510 Πνεῦ-

371 4558 458 4605 est
488 4566 557 4606 ex
596 4550 828 4621 Spiritu,
848 4551 1079 4622 spiritus
1106 4557 1191 4605 est
1220 4550 1289 4604 ”.
1315 4570 1334 4603 ι
1375 4549 1521 4606 Deus
1548 4551 1717 4622 igitur
1749 4556 1834 4605 est
1864 4550 1960 4620 qui

442 4818 519 4886 (6)
546 4815 760 4870 Natura
811 4817 1045 4872 subdita.
1101 4816 1292 4880 Κτίσις
1326 4817 1526 4887 legitur
1578 4817 1632 4871 in
1667 4817 1754 4872 his
1817 4817 1954 4871 locis

370 4888 577 4951 Graece,
611 4897 666 4943 et
692 4888 747 4942 in
782 4904 987 4943 excuso
1009 4896 1063 4941 et
1093 4889 1145 4941 iu
1180 4904 1282 4942 ms.
1312 4890 1498 4953 Cant.,
1529 4904 1635 4942 non
1665 4887 1957 4955 φύσις,ιιι)ἰ

370 4970 424 5015 et
476 4960 748 5028 interpres
785 4957 1098 5030 Euthymii,
1138 4956 1235 5011 Res
1298 4969 1602 5027 procreatas
1662 4959 1808 5023 duci,
1875 4974 1956 5012 res

371 5040 578 5085 creatas
611 5028 1027 5084 consolationem
1055 5033 1309 5096 accipere,
1341 5046 1421 5083 res
1468 5042 1675 5084 creatas
1712 5045 1824 5084 esse
1847 5045 1959 5083 ser-

371 5118 494 5168 vas;
540 5101 841 5169 eodemque
901 5102 1068 5171 modo
1082 5168 1090 5171 _
1120 5107 1280 5168 paulo
1309 5109 1431 5169 post
1463 5118 1477 5154 :
1510 5102 1655 5153 Ἀνω
1696 5101 1797 5171 τῆς
1841 5099 1957 5153 κτί-

371 5188 531 5236 σεως,
563 5187 725 5239 supra
752 5168 1027 5241 naturam,
1053 5168 1329 5241 Euthymii
1363 5173 1659 5241 interpres,
1690 5168 1951 5241 Spiritum

368 5252 613 5297 sanctum
682 5240 835 5294 rebus
900 5242 1092 5295 creatis
1150 5256 1261 5295 esse
1314 5240 1758 5310 pra'stantiorem.
1832 5240 1956 5296 Mox

368 5315 534 5368 etiam
590 5313 795 5366 citatur
842 5314 995 5367 locus
1038 5312 1207 5365 Amos
1279 5312 1556 5381 prophetae
1610 5328 1686 5374 ιν,
1748 5312 1837 5374 l3,
1897 5313 1955 5364 Ὀ

372 5382 607 5453 σ.ερεῶν
644 5382 895 5454 βροντήν.
933 5382 1037 5449 Qui
1064 5383 1219 5447 ﬁrmo
1260 5383 1578 5445 tonitruum,
1606 5392 1657 5436 et
1683 5400 1802 5437 creo
1834 5382 1956 5451 Spi-

369 5455 555 5519 ritum,
585 5453 843 5525 quoilgue
888 5456 991 5509 sub
1032 5453 1201 5525 _ﬁncm
1253 5454 1375 5508 libri
1417 5454 1777 5525 ὲυαγγελικὴν
1844 5472 1957 5525 φωέ

369 5525 489 5597 vim,
519 5527 682 5581 vertit
735 5523 980 5590 Silanus,
1018 5523 1396 5593 Erangelicum
1442 5523 1756 5590 tonitruum,
1812 5524 1955 5597 apud

445 5800 490 5831 ⁸³
529 5796 549 5850 Ι
587 5799 711 5853 Cor.
750 5816 848 5866 xu,
884 5800 969 5855 Η.

2073 4567 2241 4620 ματος
2261 4548 2479 4620 πνεῦμά
2498 4550 2633 4603 ἐστι.
2656 4568 2674 4600 ι
2710 4548 2841 4613 Θεὸς
2873 4544 2970 4601 οῦν
2995 4550 3024 4602 6
3048 4548 3135 4602 διὰ
3161 4546 3254 4601 τοῦ
3282 4550 3650 4619 στερεοποιείν

2066 4816 2418 4887 Euthymium
2479 4815 2559 4887 sic
2589 4812 2823 4887 ell‘ertur‘
2845 4814 3052 4887 aptius,
3090 4830 3265 4869 vocem
3287 4814 3650 4887 euangelicum

2062 4884 2391 4941 credentibus
2414 4886 2757 4955 conﬁrmans.
2792 4884 2966 4939 Solvit
3012 4886 3257 4940 eamdem
3283 4884 3649 4955 objectionem

2058 4974 2125 5011 ex
2151 4957 2433 5027 Propheta;
2467 4954 2587 5011 loco
2616 4957 2961 5027 desumptam
3005 4956 3269 5027 adversus
3301 4954 3541 5027 Spiritus
3564 4956 3651 5010 di-

2061 5025 2341 5083 vinitatem
2394 5027 2731 5097 Athanasius
2778 5026 2850 5097 in~
2872 5026 3035 5097 epist.
3074 5025 3142 5097 ad
3177 5026 3537 5096 Serapionem
3574 5033 3648 5097 et

2054 5099 2383 5153 Ambrosius
2439 5098 2531 5152 lib.
2578 5113 2649 5161 ιι,
2701 5096 2768 5150 de
2819 5094 3028 5166 Spiritu
3102 5094 3339 5166 Sancto,
3377 5110 3521 5166 _cap.
3572 5096 3647 5158 7,

2056 5173 2147 5239 qui
2193 5170 2320 5239 legit
2357 5176 2451 5239 augt
2480 5163 3152 5239 eﬁ‘erthuncjersumut
3178 5163 3647 5239 est_in_Vaticana

2054 5235 2186 5293 edit.
2215 5235 2269 5293 et
2301 5239 2356 5293 in
2399 5236 2744 5293 Germanicis
2804 5236 3015 5307 Bibliis.
3082 5236 3213 5289 Ἰδοὺ
3267 5235 3379 5305 ἐγὼ
3408 5236 3650 5307 στερεῶν

2060 5309 2309 5382 βροντὴν,
2336 5310 2430 5362 καὶ
2464 5306 2663 5372 κτίζων
2688 5306 2929 5382 πνεῦμα.
2960 5306 3095 5361 Ecce
3121 5323 3214 5377 ego
3246 5307 3471 5382 ﬁrmans
3508 5306 3649 5360 toni-

2060 5377 2258 5445 truum,
2290 5390 2339 5433 et
2394 5395 2579 5433 creans
2616 5379 3029 5448 spiritum,‘non
3058 5386 3117 5433 ut
3150 5382 3201 5432 in
3244 5377 3648 5448 Complutens.,

2055 5461 2109 5507 et
2128 5443 2483 5515 Plantinian.,
2498 5443 2853 5521 διότιΚύριος
2872 5443 2923 5503 ei
2947 5448 3203 5521 στερεῶν.
3223 5447 3366 5516 Quia
3383 5443 3647 5503 Dominus

2054 5539 2109 5576 es
2132 5522 2357 5591 ﬁrmans
2383 5522 2699 5576 tonitruum.
2731 5522 2806 5575 lo.

1060 5800 1101 5831 ¹³
1130 5799 1297 5857 Amos
1335 5816 1409 5868 IV,
1450 5800 1536 5856 l3.
1614 5800 1659 5832 “
1695 5798 1854 5855 Joan.
1896 5815 1977 5869 ιιι,
2019 5800 2073 5857 6.
