  <div class='ocr_page' id='page_1' title='image "/cluster/home/n/w/nwhite01/storage/ocr_20150623/45/nnc1.0046978445/082.png"; bbox 0 0 4066 6374; ppageno 0'>
   <div class='ocr_carea' id='block_1_1' title="bbox 405 453 3681 545">
    <p class='ocr_par' dir='ltr' id='par_1_1' title="bbox 405 453 3681 545">
     <span class='ocr_line' id='line_1_1' title="bbox 405 453 3681 545; baseline 0.01 -36"><span class='ocrx_word' id='word_1_1' title='bbox 405 453 508 510; x_wconf 69' lang='grc'><strong>145</strong></span> <span class='ocrx_word' id='word_1_2' title='bbox 1749 468 2027 527; x_wconf 81' lang='lat' dir='ltr'><strong>CONTRA</strong></span> <span class='ocrx_word' id='word_1_3' title='bbox 2060 472 2321 530; x_wconf 79' lang='lat' dir='ltr'><strong>FATUM.</strong></span> <span class='ocrx_word' id='word_1_4' title='bbox 3576 488 3681 545; x_wconf 73' lang='lat' dir='ltr'><strong>M6</strong></span> 
     </span>
    </p>
   </div>
   <div class='ocr_carea' id='block_1_2' title="bbox 402 568 2008 667">
    <p class='ocr_par' dir='ltr' id='par_1_2' title="bbox 402 568 1994 663">
     <span class='ocr_line' id='line_1_2' title="bbox 402 568 1994 663; baseline 0.014 -38"><span class='ocrx_word' id='word_1_5' title='bbox 402 574 500 644; x_wconf 67' lang='grc' dir='ltr'><strong>τὴν</strong></span> <span class='ocrx_word' id='word_1_6' title='bbox 552 574 911 649; x_wconf 74' lang='grc' dir='ltr'><strong>εὖαγγελικὴν</strong></span> <span class='ocrx_word' id='word_1_7' title='bbox 963 581 1148 652; x_wconf 77' lang='grc' dir='ltr'>φωνὴν</span> <span class='ocrx_word' id='word_1_8' title='bbox 1196 586 1308 649; x_wconf 80' lang='grc' dir='ltr'>τοῖς</span> <span class='ocrx_word' id='word_1_9' title='bbox 1359 568 1708 655; x_wconf 63' lang='grc' dir='ltr'><strong>πιστεῦουσι,</strong></span> <span class='ocrx_word' id='word_1_10' title='bbox 1775 593 1994 663; x_wconf 84' lang='grc' dir='ltr'><strong>πνεῦμα</strong></span> 
     </span>
    </p>
   </div>
   <div class='ocr_carea' id='block_1_3' title="bbox 2072 568 3678 667">
    <p class='ocr_par' dir='ltr' id='par_1_3' title="bbox 2096 593 3678 667">
     <span class='ocr_line' id='line_1_3' title="bbox 2096 593 3678 667; baseline 0.008 -19"><span class='ocrx_word' id='word_1_11' title='bbox 2096 609 2194 665; x_wconf 87' lang='lat' dir='ltr'><strong>pcr</strong></span> <span class='ocrx_word' id='word_1_12' title='bbox 2237 595 2289 649; x_wconf 93' lang='lat' dir='ltr'><strong>id</strong></span> <span class='ocrx_word' id='word_1_13' title='bbox 2320 593 2464 665; x_wconf 84' lang='lat' dir='ltr'><strong>quod</strong></span> <span class='ocrx_word' id='word_1_14' title='bbox 2506 597 2884 667; x_wconf 77' lang='lat' dir='ltr'><strong>evangelicum</strong></span> <span class='ocrx_word' id='word_1_15' title='bbox 2935 598 3240 655; x_wconf 89' lang='lat' dir='ltr'><strong>tonitruum</strong></span> <span class='ocrx_word' id='word_1_16' title='bbox 3290 599 3508 657; x_wconf 81' lang='lat' dir='ltr'><strong>ﬁrmum</strong></span> <span class='ocrx_word' id='word_1_17' title='bbox 3552 619 3678 661; x_wconf 89' lang='lat' dir='ltr'><strong>cre-</strong></span> 
     </span>
    </p>
   </div>
   <div class='ocr_carea' id='block_1_4' title="bbox 402 666 2008 764">
    <p class='ocr_par' dir='ltr' id='par_1_4' title="bbox 402 666 1991 756">
     <span class='ocr_line' id='line_1_4' title="bbox 402 666 1991 756; baseline 0.014 -38"><span class='ocrx_word' id='word_1_18' title='bbox 402 666 572 720; x_wconf 77' lang='grc' dir='ltr'>ποιῶν</span> <span class='ocrx_word' id='word_1_19' title='bbox 616 667 706 721; x_wconf 83' lang='grc' dir='ltr'>τὸν</span> <span class='ocrx_word' id='word_1_20' title='bbox 736 671 1095 727; x_wconf 82' lang='grc' dir='ltr'><strong>πιστεύοντα·</strong></span> <span class='ocrx_word' id='word_1_21' title='bbox 1147 677 1174 729; x_wconf 85' lang='grc' dir='ltr'><em>ὁ</em></span> <span class='ocrx_word' id='word_1_22' title='bbox 1208 676 1267 729; x_wconf 85' lang='grc' dir='ltr'><strong>δὲ</strong></span> <span class='ocrx_word' id='word_1_23' title='bbox 1300 681 1364 732; x_wconf 89' lang='grc' dir='ltr'><strong>ὲκ</strong></span> <span class='ocrx_word' id='word_1_24' title='bbox 1388 679 1481 733; x_wconf 82' lang='grc' dir='ltr'>τοῦ</span> <span class='ocrx_word' id='word_1_25' title='bbox 1518 683 1837 755; x_wconf 83' lang='grc' dir='ltr'>Πνεύματος</span> <span class='ocrx_word' id='word_1_26' title='bbox 1866 705 1991 756; x_wconf 79' lang='grc' dir='ltr'><strong>γεν-</strong></span> 
     </span>
    </p>
   </div>
   <div class='ocr_carea' id='block_1_5' title="bbox 2069 666 3675 764">
    <p class='ocr_par' dir='ltr' id='par_1_5' title="bbox 2091 666 3675 764">
     <span class='ocr_line' id='line_1_5' title="bbox 2091 666 3675 764; baseline 0.005 -21"><span class='ocrx_word' id='word_1_27' title='bbox 2091 688 2347 744; x_wconf 89' lang='lat' dir='ltr'><strong>dentibus</strong></span> <span class='ocrx_word' id='word_1_28' title='bbox 2396 688 2547 754; x_wconf 81' lang='lat' dir='ltr'><strong>facit,</strong></span> <span class='ocrx_word' id='word_1_29' title='bbox 2610 666 2867 760; x_wconf 77' lang='lat' dir='ltr'><strong>spiritum</strong></span> <span class='ocrx_word' id='word_1_30' title='bbox 2934 691 3104 747; x_wconf 84' lang='lat' dir='ltr'><strong>efﬁcit</strong></span> <span class='ocrx_word' id='word_1_31' title='bbox 3149 709 3275 749; x_wconf 91' lang='lat' dir='ltr'><strong>eum</strong></span> <span class='ocrx_word' id='word_1_32' title='bbox 3320 695 3415 764; x_wconf 86' lang='lat' dir='ltr'><strong>qui</strong></span> <span class='ocrx_word' id='word_1_33' title='bbox 3463 696 3675 763; x_wconf 87' lang='lat' dir='ltr'><strong>credit;</strong></span> 
     </span>
    </p>
   </div>
   <div class='ocr_carea' id='block_1_6' title="bbox 403 759 2009 856">
    <p class='ocr_par' dir='ltr' id='par_1_6' title="bbox 403 759 1990 848">
     <span class='ocr_line' id='line_1_6' title="bbox 403 759 1990 848; baseline 0.015 -38"><span class='ocrx_word' id='word_1_34' title='bbox 403 759 605 829; x_wconf 72' lang='grc' dir='ltr'><strong>νηθεὶς,</strong></span> <span class='ocrx_word' id='word_1_35' title='bbox 638 760 732 814; x_wconf 77' lang='grc' dir='ltr'>καὶ</span> <span class='ocrx_word' id='word_1_36' title='bbox 765 762 987 834; x_wconf 79' lang='grc' dir='ltr'><strong>πνεῦμα</strong></span> <span class='ocrx_word' id='word_1_37' title='bbox 1018 765 1107 819; x_wconf 83' lang='grc' dir='ltr'><strong>διὰ</strong></span> <span class='ocrx_word' id='word_1_38' title='bbox 1138 770 1237 839; x_wconf 82' lang='grc' dir='ltr'>τῆς</span> <span class='ocrx_word' id='word_1_39' title='bbox 1285 771 1543 843; x_wconf 84' lang='grc' dir='ltr'><strong>τοιαύτης</strong></span> <span class='ocrx_word' id='word_1_40' title='bbox 1572 773 1804 847; x_wconf 84' lang='grc' dir='ltr'>βροντῆς</span> <span class='ocrx_word' id='word_1_41' title='bbox 1834 780 1990 848; x_wconf 85' lang='grc' dir='ltr'>γενό-</span> 
     </span>
    </p>
   </div>
   <div class='ocr_carea' id='block_1_7' title="bbox 2072 759 3678 856">
    <p class='ocr_par' dir='ltr' id='par_1_7' title="bbox 2090 759 3678 856">
     <span class='ocr_line' id='line_1_7' title="bbox 2090 759 3678 856; baseline 0.005 -21"><span class='ocrx_word' id='word_1_42' title='bbox 2090 780 2185 850; x_wconf 89' lang='lat' dir='ltr'><strong>qui</strong></span> <span class='ocrx_word' id='word_1_43' title='bbox 2225 788 2406 837; x_wconf 88' lang='lat' dir='ltr'><strong>autem</strong></span> <span class='ocrx_word' id='word_1_44' title='bbox 2436 798 2503 836; x_wconf 73' lang='lat' dir='ltr'><strong>ex</strong></span> <span class='ocrx_word' id='word_1_45' title='bbox 2538 759 2750 853; x_wconf 87' lang='lat' dir='ltr'><strong>Spiritu</strong></span> <span class='ocrx_word' id='word_1_46' title='bbox 2802 793 2966 839; x_wconf 86' lang='lat' dir='ltr'><strong>natus</strong></span> <span class='ocrx_word' id='word_1_47' title='bbox 2999 795 3104 851; x_wconf 86' lang='lat' dir='ltr'><strong>est,</strong></span> <span class='ocrx_word' id='word_1_48' title='bbox 3148 795 3200 841; x_wconf 86' lang='lat' dir='ltr'><strong>et</strong></span> <span class='ocrx_word' id='word_1_49' title='bbox 3230 759 3481 856; x_wconf 47' lang='lat' dir='ltr'><strong>per-tale</strong></span> <span class='ocrx_word' id='word_1_50' title='bbox 3529 759 3678 843; x_wconf 50' lang='lat' dir='ltr'><strong>toni;</strong></span> 
     </span>
    </p>
   </div>
   <div class='ocr_carea' id='block_1_8' title="bbox 404 853 2010 944">
    <p class='ocr_par' dir='ltr' id='par_1_8' title="bbox 404 853 1984 944">
     <span class='ocr_line' id='line_1_8' title="bbox 404 853 1984 944; baseline 0.014 -42"><span class='ocrx_word' id='word_1_51' title='bbox 404 867 586 944; x_wconf 45' lang='grc' dir='ltr'><strong>μένος,</strong></span> <span class='ocrx_word' id='word_1_52' title='bbox 620 853 953 924; x_wconf 81' lang='grc' dir='ltr'><strong>ἀπαγγέλλει</strong></span> <span class='ocrx_word' id='word_1_53' title='bbox 991 856 1083 912; x_wconf 84' lang='grc' dir='ltr'><strong>τὸν</strong></span> <span class='ocrx_word' id='word_1_54' title='bbox 1115 862 1351 932; x_wconf 78' lang='grc' dir='ltr'>Χριστὸν</span> <span class='ocrx_word' id='word_1_55' title='bbox 1384 865 1570 931; x_wconf 85' lang='grc' dir='ltr'><strong>καθὼς</strong></span> <span class='ocrx_word' id='word_1_56' title='bbox 1596 871 1625 922; x_wconf 84' lang='grc' dir='ltr'>ὁ</span> <span class='ocrx_word' id='word_1_57' title='bbox 1661 870 1984 939; x_wconf 82' lang='grc' dir='ltr'>Ἀπόστολος</span> 
     </span>
    </p>
   </div>
   <div class='ocr_carea' id='block_1_9' title="bbox 2070 853 3676 944">
    <p class='ocr_par' dir='ltr' id='par_1_9' title="bbox 2092 853 3676 944">
     <span class='ocr_line' id='line_1_9' title="bbox 2092 853 3676 944; baseline 0.006 -18"><span class='ocrx_word' id='word_1_58' title='bbox 2092 881 2276 927; x_wconf 82' lang='lat' dir='ltr'><strong>truum</strong></span> <span class='ocrx_word' id='word_1_59' title='bbox 2320 876 2548 943; x_wconf 77' lang='lat' dir='ltr'><strong>Spiritus</strong></span> <span class='ocrx_word' id='word_1_60' title='bbox 2605 875 2784 932; x_wconf 76' lang='lat' dir='ltr'><strong>factus</strong></span> <span class='ocrx_word' id='word_1_61' title='bbox 2863 887 2972 942; x_wconf 89' lang='lat' dir='ltr'><strong>est,</strong></span> <span class='ocrx_word' id='word_1_62' title='bbox 3026 853 3319 935; x_wconf 82' lang='lat' dir='ltr'><strong>annuntiat</strong></span> <span class='ocrx_word' id='word_1_63' title='bbox 3371 874 3676 944; x_wconf 82' lang='lat' dir='ltr'><strong>Christum,</strong></span> 
     </span>
    </p>
   </div>
   <div class='ocr_carea' id='block_1_10' title="bbox 400 941 2006 1046">
    <p class='ocr_par' dir='ltr' id='par_1_10' title="bbox 400 941 1988 1036">
     <span class='ocr_line' id='line_1_10' title="bbox 400 941 1988 1036; baseline 0.014 -42"><span class='ocrx_word' id='word_1_64' title='bbox 400 941 568 1010; x_wconf 71' lang='grc' dir='ltr'><strong>λέγει.</strong></span> <span class='ocrx_word' id='word_1_65' title='bbox 598 945 681 999; x_wconf 82' lang='grc' dir='ltr'><strong>ὅτι</strong></span> <span class='ocrx_word' id='word_1_66' title='bbox 731 948 907 1013; x_wconf 78' lang='grc' dir='ltr'>οὐδεὶς</span> <span class='ocrx_word' id='word_1_67' title='bbox 962 950 1185 1008; x_wconf 82' lang='grc' dir='ltr'><strong>δύναται</strong></span> <span class='ocrx_word' id='word_1_68' title='bbox 1231 956 1426 1021; x_wconf 75' lang='grc' dir='ltr'>εἰπεῖν,</span> <span class='ocrx_word' id='word_1_69' title='bbox 1468 977 1489 1010; x_wconf 68' lang='grc' dir='ltr'><strong><em>ι</em></strong></span> <span class='ocrx_word' id='word_1_70' title='bbox 1521 960 1729 1033; x_wconf 82' lang='grc' dir='ltr'><strong>Κύριον</strong></span> <span class='ocrx_word' id='word_1_71' title='bbox 1780 963 1988 1036; x_wconf 82' lang='grc' dir='ltr'><strong>Ἰησοῦν</strong></span> 
     </span>
    </p>
   </div>
   <div class='ocr_carea' id='block_1_11' title="bbox 2075 941 3681 1046">
    <p class='ocr_par' dir='ltr' id='par_1_11' title="bbox 2093 941 3681 1046">
     <span class='ocr_line' id='line_1_11' title="bbox 2093 941 3681 1046; baseline 0.006 -27"><span class='ocrx_word' id='word_1_72' title='bbox 2093 941 2555 1035; x_wconf 82' lang='lat' dir='ltr'><strong>quemadmodum</strong></span> <span class='ocrx_word' id='word_1_73' title='bbox 2587 968 2725 1023; x_wconf 90' lang='lat' dir='ltr'><strong>dicit</strong></span> <span class='ocrx_word' id='word_1_74' title='bbox 2752 969 3073 1040; x_wconf 87' lang='lat' dir='ltr'><strong>Apostolus,</strong></span> <span class='ocrx_word' id='word_1_75' title='bbox 3100 972 3249 1042; x_wconf 88' lang='lat' dir='ltr'><strong>quod</strong></span> <span class='ocrx_word' id='word_1_76' title='bbox 3288 973 3475 1031; x_wconf 90' lang='lat' dir='ltr'><strong>nullus</strong></span> <span class='ocrx_word' id='word_1_77' title='bbox 3506 941 3681 1046; x_wconf 83' lang='lat' dir='ltr'><strong>possit</strong></span> 
     </span>
    </p>
   </div>
   <div class='ocr_carea' id='block_1_12' title="bbox 399 1038 2005 1137">
    <p class='ocr_par' dir='ltr' id='par_1_12' title="bbox 399 1038 1488 1124">
     <span class='ocr_line' id='line_1_12' title="bbox 399 1038 1488 1124; baseline 0.015 -34"><span class='ocrx_word' id='word_1_78' title='bbox 399 1038 690 1110; x_wconf 78' lang='grc' dir='ltr'><strong>Χριστὸν,›</strong></span> <span class='ocrx_word' id='word_1_79' title='bbox 733 1044 781 1096; x_wconf 79' lang='grc' dir='ltr'>εἰ</span> <span class='ocrx_word' id='word_1_80' title='bbox 813 1044 889 1117; x_wconf 81' lang='grc' dir='ltr'><strong>μὴ</strong></span> <span class='ocrx_word' id='word_1_81' title='bbox 925 1047 983 1100; x_wconf 81' lang='grc' dir='ltr'><strong>ἐν</strong></span> <span class='ocrx_word' id='word_1_82' title='bbox 1012 1047 1290 1121; x_wconf 81' lang='grc' dir='ltr'><strong>Πνεύματι</strong></span> <span class='ocrx_word' id='word_1_83' title='bbox 1326 1051 1488 1124; x_wconf 79' lang='grc' dir='ltr'><strong>ἁγίῳ.</strong></span> 
     </span>
    </p>
   </div>
   <div class='ocr_carea' id='block_1_13' title="bbox 2078 1038 3684 1137">
    <p class='ocr_par' dir='ltr' id='par_1_13' title="bbox 2091 1038 3684 1137">
     <span class='ocr_line' id='line_1_13' title="bbox 2091 1038 3684 1137; baseline 0.005 -25"><span class='ocrx_word' id='word_1_84' title='bbox 2091 1058 2295 1123; x_wconf 89' lang='lat' dir='ltr'><strong>dicere,</strong></span> <span class='ocrx_word' id='word_1_85' title='bbox 2326 1058 2645 1116; x_wconf 69' lang='lat' dir='ltr'><strong>«Dominum</strong></span> <span class='ocrx_word' id='word_1_86' title='bbox 2675 1038 2863 1118; x_wconf 27' lang='lat' dir='ltr'><strong>Jesuim</strong></span> <span class='ocrx_word' id='word_1_87' title='bbox 2890 1038 3192 1131; x_wconf 79' lang='lat' dir='ltr'><strong>Christum,</strong></span> <span class='ocrx_word' id='word_1_88' title='bbox 3212 1082 3232 1119; x_wconf 74' lang='grc' dir='ltr'><strong><em>ι</em></strong></span> <span class='ocrx_word' id='word_1_89' title='bbox 3257 1064 3365 1121; x_wconf 79' lang='lat' dir='ltr'><strong>nisi</strong></span> <span class='ocrx_word' id='word_1_90' title='bbox 3386 1081 3482 1137; x_wconf 88' lang='lat' dir='ltr'><strong>per</strong></span> <span class='ocrx_word' id='word_1_91' title='bbox 3507 1038 3684 1137; x_wconf 58' lang='lat' dir='ltr'><strong>Spiri-</strong></span> 
     </span>
    </p>
   </div>
   <div class='ocr_carea' id='block_1_14' title="bbox 2091 1152 2590 1204">
    <p class='ocr_par' dir='ltr' id='par_1_14' title="bbox 2091 1152 2590 1204">
     <span class='ocr_line' id='line_1_14' title="bbox 2091 1152 2590 1204; baseline 0.006 -3"><span class='ocrx_word' id='word_1_92' title='bbox 2091 1156 2206 1202; x_wconf 93' lang='lat' dir='ltr'><strong>tum</strong></span> <span class='ocrx_word' id='word_1_93' title='bbox 2240 1157 2491 1204; x_wconf 86' lang='lat' dir='ltr'><strong>sanctum</strong></span> <span class='ocrx_word' id='word_1_94' title='bbox 2527 1152 2590 1204; x_wconf 72' lang='grc' dir='ltr'><strong>υ.</strong></span> 
     </span>
    </p>
   </div>
   <div class='ocr_carea' id='block_1_15' title="bbox 475 1311 933 1381">
    <p class='ocr_par' dir='ltr' id='par_1_15' title="bbox 475 1311 933 1381">
     <span class='ocr_line' id='line_1_15' title="bbox 475 1311 933 1381; baseline 0.013 -15"><span class='ocrx_word' id='word_1_95' title='bbox 475 1311 519 1344; x_wconf 77' lang='grc'><strong>⁸⁸</strong></span> <span class='ocrx_word' id='word_1_96' title='bbox 541 1313 563 1366; x_wconf 83' lang='grc' dir='ltr'>Ι</span> <span class='ocrx_word' id='word_1_97' title='bbox 586 1311 713 1369; x_wconf 87' lang='lat' dir='ltr'><strong>Cor.</strong></span> <span class='ocrx_word' id='word_1_98' title='bbox 746 1329 844 1381; x_wconf 83' lang='lat' dir='ltr'><strong>xu,</strong></span> <span class='ocrx_word' id='word_1_99' title='bbox 879 1315 933 1371; x_wconf 78' lang='lat'><strong>3.</strong></span> 
     </span>
    </p>
   </div>
   <div class='ocr_carea' id='block_1_16' title="bbox 415 1612 3645 1675">
    <p class='ocr_par' dir='ltr' id='par_1_16' title="bbox 415 1612 3645 1675">
     <span class='ocr_line' id='line_1_16' title="bbox 415 1612 3645 1675; baseline 0.006 -27"><span class='ocrx_word' id='word_1_100' title='bbox 415 1612 3645 1675; x_wconf 37' lang='grc' dir='ltr'><strong>ἔξω</strong></span> 
     </span>
    </p>
   </div>
   <div class='ocr_carea' id='block_1_17' title="bbox 1136 1962 2925 2078">
    <p class='ocr_par' dir='ltr' id='par_1_17' title="bbox 1136 1962 2925 2078">
     <span class='ocr_line' id='line_1_17' title="bbox 1136 1962 2925 2078; baseline 0.011 -28"><span class='ocrx_word' id='word_1_101' title='bbox 1136 1966 1367 2054; x_wconf 87' lang='grc' dir='ltr'><strong>ΤοΥ</strong></span> <span class='ocrx_word' id='word_1_102' title='bbox 1427 1968 1574 2054; x_wconf 90' lang='grc' dir='ltr'><strong>ΕΝ</strong></span> <span class='ocrx_word' id='word_1_103' title='bbox 1647 1962 2015 2059; x_wconf 88' lang='grc' dir='ltr'><strong>ΑΓΙΟΙΣ</strong></span> <span class='ocrx_word' id='word_1_104' title='bbox 2080 1969 2518 2078; x_wconf 86' lang='grc' dir='ltr'><strong>ΠΑΤΡΟΣ</strong></span> <span class='ocrx_word' id='word_1_105' title='bbox 2593 1976 2925 2070; x_wconf 86' lang='grc' dir='ltr'><strong>ΗΜΩΝ</strong></span> 
     </span>
    </p>
   </div>
   <div class='ocr_carea' id='block_1_18' title="bbox 1552 2254 2532 2394">
    <p class='ocr_par' dir='ltr' id='par_1_18' title="bbox 1552 2254 2532 2394">
     <span class='ocr_line' id='line_1_18' title="bbox 1552 2254 2532 2394; baseline 0.005 -11"><span class='ocrx_word' id='word_1_106' title='bbox 1552 2254 2532 2394; x_wconf 86' lang='grc' dir='ltr'><strong>ΓΡΗΓΟΡΙΟΥ</strong></span> 
     </span>
    </p>
   </div>
   <div class='ocr_carea' id='block_1_19' title="bbox 1681 2517 2396 2576">
    <p class='ocr_par' dir='ltr' id='par_1_19' title="bbox 1681 2517 2396 2576">
     <span class='ocr_line' id='line_1_19' title="bbox 1681 2517 2396 2576; baseline 0.003 -2"><span class='ocrx_word' id='word_1_107' title='bbox 1681 2517 2084 2574; x_wconf 83' lang='grc' dir='ltr'><strong>ΕΠΙΣΚΟΠΟΥ</strong></span> <span class='ocrx_word' id='word_1_108' title='bbox 2120 2522 2396 2576; x_wconf 81' lang='grc' dir='ltr'><strong>ΝΥΣΣΗΣ</strong></span> 
     </span>
    </p>
   </div>
   <div class='ocr_carea' id='block_1_20' title="bbox 1276 2772 2800 2896">
    <p class='ocr_par' dir='ltr' id='par_1_20' title="bbox 1276 2772 2800 2896">
     <span class='ocr_line' id='line_1_20' title="bbox 1276 2772 2800 2896; baseline 0.008 -12"><span class='ocrx_word' id='word_1_109' title='bbox 1276 2772 1703 2888; x_wconf 89' lang='grc' dir='ltr'><strong>ΚΑΤΑ</strong></span> <span class='ocrx_word' id='word_1_110' title='bbox 1773 2775 2800 2896; x_wconf 88' lang='grc' dir='ltr'><strong>ΕΙΜΑΡΜΕΝΗΣ</strong></span> 
     </span>
    </p>
   </div>
   <div class='ocr_carea' id='block_1_21' title="bbox 1032 3505 3043 3685">
    <p class='ocr_par' dir='ltr' id='par_1_21' title="bbox 1032 3505 3043 3685">
     <span class='ocr_line' id='line_1_21' title="bbox 1032 3505 3043 3685; baseline 0.008 -17"><span class='ocrx_word' id='word_1_111' title='bbox 1032 3505 1194 3669; x_wconf 88' lang='lat' dir='ltr'><strong>S.</strong></span> <span class='ocrx_word' id='word_1_112' title='bbox 1334 3515 1508 3665; x_wconf 91' lang='lat' dir='ltr'><strong>P.</strong></span> <span class='ocrx_word' id='word_1_113' title='bbox 1650 3518 1838 3670; x_wconf 88' lang='lat' dir='ltr'><strong>N.</strong></span> <span class='ocrx_word' id='word_1_114' title='bbox 1985 3519 3043 3685; x_wconf 77' lang='lat' dir='ltr'><strong>GREGORII</strong></span> 
     </span>
    </p>
   </div>
   <div class='ocr_carea' id='block_1_22' title="bbox 1711 3807 2361 3871">
    <p class='ocr_par' dir='ltr' id='par_1_22' title="bbox 1711 3807 2361 3871">
     <span class='ocr_line' id='line_1_22' title="bbox 1711 3807 2361 3871; baseline 0.008 -5"><span class='ocrx_word' id='word_1_115' title='bbox 1711 3807 2024 3869; x_wconf 83' lang='lat' dir='ltr'><strong>EPISCOPI</strong></span> <span class='ocrx_word' id='word_1_116' title='bbox 2061 3812 2361 3871; x_wconf 78' lang='lat' dir='ltr'><strong>NYSSEN!</strong></span> 
     </span>
    </p>
   </div>
   <div class='ocr_carea' id='block_1_23' title="bbox 1490 4074 2565 4187">
    <p class='ocr_par' dir='ltr' id='par_1_23' title="bbox 1490 4074 2565 4187">
     <span class='ocr_line' id='line_1_23' title="bbox 1490 4074 2565 4187; baseline 0.006 -5"><span class='ocrx_word' id='word_1_117' title='bbox 1490 4074 2015 4186; x_wconf 80' lang='lat' dir='ltr'><strong>CONTRA</strong></span> <span class='ocrx_word' id='word_1_118' title='bbox 2108 4076 2565 4187; x_wconf 88' lang='lat' dir='ltr'><strong>FATUM</strong></span> 
     </span>
    </p>
   </div>
   <div class='ocr_carea' id='block_1_24' title="bbox 1984 4329 2082 4369">
    <p class='ocr_par' dir='ltr' id='par_1_24' title="bbox 1984 4329 2082 4369">
     <span class='ocr_line' id='line_1_24' title="bbox 1984 4329 2082 4369; baseline 0 0"><span class='ocrx_word' id='word_1_119' title='bbox 1984 4329 2082 4369; x_wconf 79' lang='grc' dir='ltr'><strong>εευ</strong></span> 
     </span>
    </p>
   </div>
   <div class='ocr_carea' id='block_1_25' title="bbox 733 4486 3335 4594">
    <p class='ocr_par' dir='ltr' id='par_1_25' title="bbox 733 4486 3335 4594">
     <span class='ocr_line' id='line_1_25' title="bbox 733 4486 3335 4594; baseline 0.007 -17"><span class='ocrx_word' id='word_1_120' title='bbox 733 4486 1466 4582; x_wconf 83' lang='lat' dir='ltr'><strong>DISPUTATIO</strong></span> <span class='ocrx_word' id='word_1_121' title='bbox 1550 4492 1788 4583; x_wconf 88' lang='lat' dir='ltr'><strong>CUM</strong></span> <span class='ocrx_word' id='word_1_122' title='bbox 1879 4494 2427 4588; x_wconf 87' lang='lat' dir='ltr'><strong>ETHNICO</strong></span> <span class='ocrx_word' id='word_1_123' title='bbox 2504 4494 3335 4594; x_wconf 86' lang='lat' dir='ltr'><strong>PHILOSOPHO.</strong></span> 
     </span>
    </p>
   </div>
   <div class='ocr_carea' id='block_1_26' title="bbox 1773 5060 2291 5126">
    <p class='ocr_par' dir='ltr' id='par_1_26' title="bbox 1773 5060 2291 5126">
     <span class='ocr_line' id='line_1_26' title="bbox 1773 5060 2291 5126; baseline -0.006 -13"><span class='ocrx_word' id='word_1_124' title='bbox 1773 5060 1971 5113; x_wconf 86' lang='lat' dir='ltr'><strong>Incerto</strong></span> <span class='ocrx_word' id='word_1_125' title='bbox 1994 5064 2291 5126; x_wconf 84' lang='lat' dir='ltr'><strong>interprete.</strong></span> 
     </span>
    </p>
   </div>
   <div class='ocr_carea' id='block_1_27' title="bbox 468 5589 2074 5673">
    <p class='ocr_par' dir='ltr' id='par_1_27' title="bbox 468 5592 2044 5673">
     <span class='ocr_line' id='line_1_27' title="bbox 468 5592 2044 5673; baseline -0.006 -15"><span class='ocrx_word' id='word_1_126' title='bbox 468 5600 763 5673; x_wconf 71' lang='grc' dir='ltr'><strong>Μιμνησαι</strong></span> <span class='ocrx_word' id='word_1_127' title='bbox 793 5599 1008 5662; x_wconf 75' lang='grc' dir='ltr'><strong>πάντως</strong></span> <span class='ocrx_word' id='word_1_128' title='bbox 1034 5598 1063 5651; x_wconf 86' lang='grc' dir='ltr'><strong>ὃ</strong></span> <span class='ocrx_word' id='word_1_129' title='bbox 1085 5598 1137 5651; x_wconf 82' lang='grc' dir='ltr'><strong>τί</strong></span> <span class='ocrx_word' id='word_1_130' title='bbox 1166 5614 1253 5669; x_wconf 78' lang='grc' dir='ltr'><strong>μοι</strong></span> <span class='ocrx_word' id='word_1_131' title='bbox 1287 5599 1527 5667; x_wconf 75' lang='grc' dir='ltr'><strong>γέγονεν,</strong></span> <span class='ocrx_word' id='word_1_132' title='bbox 1556 5596 1646 5649; x_wconf 82' lang='grc' dir='ltr'>ὅτε</span> <span class='ocrx_word' id='word_1_133' title='bbox 1663 5593 1854 5668; x_wconf 83' lang='grc' dir='ltr'>πρώην</span> <span class='ocrx_word' id='word_1_134' title='bbox 1884 5592 1975 5649; x_wconf 85' lang='grc' dir='ltr'><strong>διὰ</strong></span> <span class='ocrx_word' id='word_1_135' title='bbox 1999 5599 2044 5659; x_wconf 81' lang='lat' dir='ltr'><strong>c</strong></span> 
     </span>
    </p>
   </div>
   <div class='ocr_carea' id='block_1_28' title="bbox 2054 5589 3660 5673">
    <p class='ocr_par' dir='ltr' id='par_1_28' title="bbox 2147 5589 3660 5669">
     <span class='ocr_line' id='line_1_28' title="bbox 2147 5589 3660 5669; baseline 0.004 -21"><span class='ocrx_word' id='word_1_136' title='bbox 2147 5589 2441 5649; x_wconf 80' lang='lat' dir='ltr'><strong>Meministi</strong></span> <span class='ocrx_word' id='word_1_137' title='bbox 2488 5591 2635 5647; x_wconf 86' lang='lat' dir='ltr'><strong>haud</strong></span> <span class='ocrx_word' id='word_1_138' title='bbox 2672 5590 2852 5648; x_wconf 79' lang='lat' dir='ltr'><strong>&#39;dubie</strong></span> <span class='ocrx_word' id='word_1_139' title='bbox 2888 5590 3161 5651; x_wconf 80' lang='lat' dir='ltr'><strong>accidisse</strong></span> <span class='ocrx_word' id='word_1_140' title='bbox 3202 5592 3337 5650; x_wconf 88' lang='lat' dir='ltr'><strong>mihi</strong></span> <span class='ocrx_word' id='word_1_141' title='bbox 3375 5594 3660 5669; x_wconf 84' lang='lat' dir='ltr'><strong>quidpiam</strong></span> 
     </span>
    </p>
   </div>
   <div class='ocr_carea' id='block_1_29' title="bbox 400 5682 2006 5763">
    <p class='ocr_par' dir='ltr' id='par_1_29' title="bbox 400 5685 1974 5763">
     <span class='ocr_line' id='line_1_29' title="bbox 400 5685 1974 5763; baseline -0.006 -16"><span class='ocrx_word' id='word_1_142' title='bbox 400 5692 597 5747; x_wconf 77' lang='grc' dir='ltr'>πολλοῦ</span> <span class='ocrx_word' id='word_1_143' title='bbox 637 5692 771 5763; x_wconf 75' lang='grc' dir='ltr'>παρ’</span> <span class='ocrx_word' id='word_1_144' title='bbox 809 5690 954 5761; x_wconf 79' lang='grc' dir='ltr'><strong>ὑμᾶς</strong></span> <span class='ocrx_word' id='word_1_145' title='bbox 998 5688 1075 5743; x_wconf 80' lang='grc' dir='ltr'><strong>Τὸ</strong></span> <span class='ocrx_word' id='word_1_146' title='bbox 1117 5689 1270 5759; x_wconf 80' lang='grc' dir='ltr'><strong>μέγα</strong></span> <span class='ocrx_word' id='word_1_147' title='bbox 1311 5687 1432 5756; x_wconf 73' lang='grc' dir='ltr'><strong>τῆςρ</strong></span> <span class='ocrx_word' id='word_1_148' title='bbox 1465 5686 1751 5752; x_wconf 75' lang='grc' dir='ltr'><strong>ἀπιστίας</strong></span> <span class='ocrx_word' id='word_1_149' title='bbox 1803 5685 1974 5754; x_wconf 80' lang='grc' dir='ltr'><strong>ὄρος,</strong></span> 
     </span>
    </p>
   </div>
   <div class='ocr_carea' id='block_1_30' title="bbox 2057 5682 3663 5763">
    <p class='ocr_par' dir='ltr' id='par_1_30' title="bbox 2082 5682 3663 5759">
     <span class='ocr_line' id='line_1_30' title="bbox 2082 5682 3663 5759; baseline 0.004 -19"><span class='ocrx_word' id='word_1_150' title='bbox 2082 5684 2299 5759; x_wconf 90' lang='lat' dir='ltr'><strong>quando</strong></span> <span class='ocrx_word' id='word_1_151' title='bbox 2325 5698 2502 5754; x_wconf 84' lang='lat' dir='ltr'><strong>nuper</strong></span> <span class='ocrx_word' id='word_1_152' title='bbox 2527 5683 2671 5753; x_wconf 87' lang='lat' dir='ltr'><strong>apud</strong></span> <span class='ocrx_word' id='word_1_153' title='bbox 2698 5698 2799 5741; x_wconf 81' lang='lat' dir='ltr'><strong>vos</strong></span> <span class='ocrx_word' id='word_1_154' title='bbox 2830 5682 3057 5755; x_wconf 72' lang='lat' dir='ltr'><strong>Magnus</strong></span> <span class='ocrx_word' id='word_1_155' title='bbox 3099 5685 3190 5740; x_wconf 77' lang='lat' dir='ltr'><strong>ille</strong></span> <span class='ocrx_word' id='word_1_156' title='bbox 3214 5702 3385 5755; x_wconf 81' lang='lat' dir='ltr'><strong>mam,</strong></span> <span class='ocrx_word' id='word_1_157' title='bbox 3404 5695 3467 5743; x_wconf 82' lang='lat' dir='ltr'><strong>ut</strong></span> <span class='ocrx_word' id='word_1_158' title='bbox 3493 5704 3663 5746; x_wconf 80' lang='lat' dir='ltr'><strong>evan-</strong></span> 
     </span>
    </p>
   </div>
   <div class='ocr_carea' id='block_1_31' title="bbox 402 5774 2008 5856">
    <p class='ocr_par' dir='ltr' id='par_1_31' title="bbox 402 5775 1976 5856">
     <span class='ocr_line' id='line_1_31' title="bbox 402 5775 1976 5856; baseline -0.006 -16"><span class='ocrx_word' id='word_1_159' title='bbox 402 5784 771 5856; x_wconf 79' lang='grc' dir='ltr'><strong>εὐαγγελικῶς</strong></span> <span class='ocrx_word' id='word_1_160' title='bbox 812 5786 1004 5846; x_wconf 76' lang='grc' dir='ltr'><strong>εἰπεῖν,</strong></span> <span class='ocrx_word' id='word_1_161' title='bbox 1052 5783 1139 5848; x_wconf 80' lang='grc' dir='ltr'><strong>εὶς</strong></span> <span class='ocrx_word' id='word_1_162' title='bbox 1186 5780 1396 5834; x_wconf 80' lang='grc' dir='ltr'><strong>πίστιν</strong></span> <span class='ocrx_word' id='word_1_163' title='bbox 1438 5776 1831 5847; x_wconf 79' lang='grc' dir='ltr'><strong>μετεκινήθηο</strong></span> <span class='ocrx_word' id='word_1_164' title='bbox 1881 5775 1976 5831; x_wconf 77' lang='grc' dir='ltr'>τοῦ</span> 
     </span>
    </p>
   </div>
   <div class='ocr_carea' id='block_1_32' title="bbox 2059 5774 3665 5856">
    <p class='ocr_par' dir='ltr' id='par_1_32' title="bbox 2082 5774 3665 5850">
     <span class='ocr_line' id='line_1_32' title="bbox 2082 5774 3665 5850; baseline 0.001 -18"><span class='ocrx_word' id='word_1_165' title='bbox 2082 5778 2256 5850; x_wconf 82' lang='lat' dir='ltr'><strong>gelico</strong></span> <span class='ocrx_word' id='word_1_166' title='bbox 2298 5776 2465 5830; x_wconf 82' lang='lat' dir='ltr'><strong>verbo</strong></span> <span class='ocrx_word' id='word_1_167' title='bbox 2507 5782 2665 5841; x_wconf 86' lang='lat' dir='ltr'><strong>utar,</strong></span> <span class='ocrx_word' id='word_1_168' title='bbox 2702 5774 2939 5843; x_wconf 75' lang='lat' dir='ltr'><strong>perﬁdia:</strong></span> <span class='ocrx_word' id='word_1_169' title='bbox 2984 5776 3204 5832; x_wconf 83' lang='lat' dir='ltr'><strong>tandem</strong></span> <span class='ocrx_word' id='word_1_170' title='bbox 3245 5776 3314 5832; x_wconf 83' lang='lat' dir='ltr'><strong>ad</strong></span> <span class='ocrx_word' id='word_1_171' title='bbox 3352 5778 3514 5849; x_wconf 77' lang='lat' dir='ltr'><strong>[idem</strong></span> <span class='ocrx_word' id='word_1_172' title='bbox 3542 5797 3665 5835; x_wconf 80' lang='lat' dir='ltr'><strong>am-</strong></span> 
     </span>
    </p>
   </div>
   <div class='ocr_carea' id='block_1_33' title="bbox 403 5867 2009 5947">
    <p class='ocr_par' dir='ltr' id='par_1_33' title="bbox 403 5867 1976 5947">
     <span class='ocr_line' id='line_1_33' title="bbox 403 5867 1976 5947; baseline -0.008 -16"><span class='ocrx_word' id='word_1_173' title='bbox 403 5877 715 5947; x_wconf 79' lang='grc' dir='ltr'><strong>σοφωτάτου</strong></span> <span class='ocrx_word' id='word_1_174' title='bbox 742 5874 1003 5929; x_wconf 74' lang='grc' dir='ltr'>Εὐσεϐίου</span> <span class='ocrx_word' id='word_1_175' title='bbox 1034 5872 1132 5943; x_wconf 81' lang='grc' dir='ltr'><strong>τῆς</strong></span> <span class='ocrx_word' id='word_1_176' title='bbox 1163 5871 1352 5935; x_wconf 77' lang='grc' dir='ltr'>πολιᾶς</span> <span class='ocrx_word' id='word_1_177' title='bbox 1387 5869 1551 5935; x_wconf 78' lang='grc' dir='ltr'>ἀξίως</span> <span class='ocrx_word' id='word_1_178' title='bbox 1585 5871 1641 5922; x_wconf 83' lang='grc' dir='ltr'><strong>ὲν</strong></span> <span class='ocrx_word' id='word_1_179' title='bbox 1672 5870 1819 5940; x_wconf 69' lang='grc' dir='ltr'><strong>γήρᾳ</strong></span> <span class='ocrx_word' id='word_1_180' title='bbox 1851 5867 1976 5938; x_wconf 81' lang='grc' dir='ltr'><strong>βου-</strong></span> 
     </span>
    </p>
   </div>
   <div class='ocr_carea' id='block_1_34' title="bbox 2056 5867 3662 5947">
    <p class='ocr_par' dir='ltr' id='par_1_34' title="bbox 2083 5868 3662 5941">
     <span class='ocr_line' id='line_1_34' title="bbox 2083 5868 3662 5941; baseline 0.005 -20"><span class='ocrx_word' id='word_1_181' title='bbox 2083 5869 2411 5940; x_wconf 77' lang='lat' dir='ltr'><strong>plectendam</strong></span> <span class='ocrx_word' id='word_1_182' title='bbox 2454 5868 2729 5921; x_wconf 81' lang='lat' dir='ltr'><strong>traductus</strong></span> <span class='ocrx_word' id='word_1_183' title='bbox 2772 5877 2884 5933; x_wconf 79' lang='lat' dir='ltr'><strong>est;</strong></span> <span class='ocrx_word' id='word_1_184' title='bbox 2915 5884 3039 5923; x_wconf 91' lang='lat' dir='ltr'><strong>cum</strong></span> <span class='ocrx_word' id='word_1_185' title='bbox 3078 5868 3332 5925; x_wconf 83' lang='lat' dir='ltr'><strong>videlicet</strong></span> <span class='ocrx_word' id='word_1_186' title='bbox 3366 5872 3662 5941; x_wconf 50' lang='lat' dir='ltr'><strong>sapientir</strong></span> 
     </span>
    </p>
   </div>
   <div class='ocr_carea' id='block_1_35' title="bbox 401 5958 2007 6040">
    <p class='ocr_par' dir='ltr' id='par_1_35' title="bbox 401 5958 1978 6040">
     <span class='ocr_line' id='line_1_35' title="bbox 401 5958 1978 6040; baseline -0.004 -18"><span class='ocrx_word' id='word_1_187' title='bbox 401 5969 731 6040; x_wconf 62' lang='grc' dir='ltr'>λευσαμένου</span> <span class='ocrx_word' id='word_1_188' title='bbox 752 5985 765 5998; x_wconf 89' lang='grc'><strong>·</strong></span> <span class='ocrx_word' id='word_1_189' title='bbox 793 5968 843 6021; x_wconf 73' lang='grc' dir='ltr'><strong>εἴ</strong></span> <span class='ocrx_word' id='word_1_190' title='bbox 863 5983 1003 6020; x_wconf 72' lang='grc' dir='ltr'>τισιν</span> <span class='ocrx_word' id='word_1_191' title='bbox 1032 5963 1314 6037; x_wconf 74' lang='grc' dir='ltr'><strong>ἀνθρώπου</strong></span> <span class='ocrx_word' id='word_1_192' title='bbox 1339 5963 1530 6035; x_wconf 73' lang='grc' dir='ltr'>βουλὴν</span> <span class='ocrx_word' id='word_1_193' title='bbox 1558 5958 1695 6017; x_wconf 72' lang='grc' dir='ltr'>εἶναι</span> <span class='ocrx_word' id='word_1_194' title='bbox 1719 5960 1829 6033; x_wconf 80' lang='grc' dir='ltr'><strong>χρὴ</strong></span> <span class='ocrx_word' id='word_1_195' title='bbox 1851 5962 1978 6017; x_wconf 77' lang='grc' dir='ltr'>ταύ-</span> 
     </span>
    </p>
   </div>
   <div class='ocr_carea' id='block_1_36' title="bbox 2045 5958 3651 6040">
    <p class='ocr_par' dir='ltr' id='par_1_36' title="bbox 2085 5958 3651 6031">
     <span class='ocr_line' id='line_1_36' title="bbox 2085 5958 3651 6031; baseline 0.001 -12"><span class='ocrx_word' id='word_1_196' title='bbox 2085 5962 2254 6019; x_wconf 85' lang='lat' dir='ltr'><strong>simus</strong></span> <span class='ocrx_word' id='word_1_197' title='bbox 2290 5959 2555 6017; x_wconf 82' lang='lat' dir='ltr'><strong>Eusebius</strong></span> <span class='ocrx_word' id='word_1_198' title='bbox 2587 5958 2809 6031; x_wconf 78' lang='lat' dir='ltr'><strong>dignum</strong></span> <span class='ocrx_word' id='word_1_199' title='bbox 2873 5962 3023 6019; x_wconf 80' lang='lat' dir='ltr'><strong>cauis</strong></span> <span class='ocrx_word' id='word_1_200' title='bbox 3054 5963 3357 6020; x_wconf 86' lang='lat' dir='ltr'><strong>consilium</strong></span> <span class='ocrx_word' id='word_1_201' title='bbox 3399 5965 3454 6021; x_wconf 90' lang='lat' dir='ltr'><strong>in</strong></span> <span class='ocrx_word' id='word_1_202' title='bbox 3491 5981 3651 6023; x_wconf 81' lang='lat' dir='ltr'><strong>sene-</strong></span> 
     </span>
    </p>
   </div>
  </div>
