4066 6374
426 389 526 448 147

1644 394 1700 452 S.
1744 399 2073 462 GREGOB-ll
2133 400 2422 456 NYSSENI

3602 398 3694 455 H8

426 519 581 565 ctute
608 508 870 577 suscepit,
907 506 954 560 si
975 515 1159 565 tamen
1178 505 1230 560 id
1260 506 1500 566 hominis
1534 508 1703 566 fuisse
1720 514 1998 569 consiliurr

2114 533 2214 586 την
2259 515 2617 585 λογίσασθαι,
2651 518 2746 570 καὶ
2778 516 2854 594 μὴ
2904 516 3056 571 θείαν
3088 517 3209 573 τινά
3238 518 3555 591 συμμαχίαν
3602 517 3700 570 τοῦ

426 601 764 658 censendum
799 610 906 666 est,
932 615 996 654 ac
1021 615 1130 656 non
1160 599 1404 656 divinum
1437 603 1712 672 quoddam
1743 607 2009 662 auxilium

425 698 572 766 ejus,
610 697 702 766 qui
745 695 1046 750 humanum
1091 708 1264 763 genus
1304 701 1505 749 nostra:
1550 696 1804 752 utilitatis
1838 712 2010 754 causa

425 789 716 857 gubernat.
755 785 892 842 Cum
917 800 1049 856 ergo
1102 784 1480 855 magnitudine
1537 787 1616 842 rei
1666 797 1779 842 tum
1817 789 2010 844 obstu-

425 879 691 948 puissem,
717 878 813 947 qui
867 885 1051 932 tantus
1080 877 1170 932 ille
1199 877 1302 940 vir,
1345 891 1538 948 magna
1577 878 1731 948 prius
1761 879 2006 936 imbutus

421 970 682 1040 perﬁdia,
717 969 1040 1024 evccllentia
1094 968 1219 1023 lidei
1285 969 1506 1023 modum
1549 971 1791 1039 perﬁdia:
1843 988 2006 1042 supe-

421 1070 624 1127 rasset,
666 1072 833 1133 atque
861 1063 915 1118 in
950 1077 1246 1134 progressu
1271 1064 1529 1132 colloquii
1565 1065 1738 1118 nostri
1771 1065 1839 1120 de
1891 1066 2006 1120 fato

422 1158 712 1212 incidisset
752 1171 967 1211 sermo:
1027 1155 1337 1225 praecepisti
1380 1156 1548 1220 mihi,
1587 1159 1896 1214 venerabile
1948 1167 2005 1213 et

421 1263 642 1304 sacrum
681 1256 871 1318 caput,
913 1255 970 1302 ut
993 1247 1424 1318 disputationem
1450 1248 1518 1304 de
1556 1249 1660 1304 hoc
1679 1260 2002 1320 argumento

419 1343 476 1394 in
509 1355 704 1411 magna
749 1340 1099 1396 Constantini
1138 1342 1271 1394 urbe
1308 1355 1434 1394 cum
1479 1341 1715 1410 quodam
1755 1341 2002 1411 philoso-

420 1433 529 1503 pho
549 1431 790 1490 habitam
827 1433 924 1487 tibi
956 1448 1052 1503 per
1072 1433 1280 1506 litteras
1296 1432 1652 1501 explicarem.
1693 1431 1850 1498 Quod
1877 1447 2004 1502 pau-

423 1527 532 1579 lum
569 1524 665 1580 otii
705 1533 922 1589 nactus,
947 1524 1156 1594 paucis,
1186 1524 1437 1578 oratione
1468 1533 1736 1593 quantum
1769 1523 1885 1580 ﬁeri
1912 1539 2002 1595 po-

422 1625 531 1672 test
567 1624 874 1678 contracta,
905 1615 1141 1686 simplici
1178 1614 1512 1685 minimeque
1541 1615 1820 1672 elaborata
1867 1633 1999 1671 nar-

420 1709 636 1763 ratione
661 1705 885 1774 faciam,
920 1707 1083 1778 idque
1119 1708 1200 1762 vel
1226 1707 1461 1762 maxime
1486 1708 1726 1775 cavebo,
1761 1725 1830 1763 ne
1877 1710 1999 1779 epi-

416 1800 568 1854 stola:
595 1799 815 1853 modum
859 1799 1110 1864 excedat,
1144 1809 1307 1870 atque
1345 1799 1410 1853 ad
1438 1799 1679 1854 historia:
1702 1800 1998 1872 longitudi-

418 1907 540 1945 nem
580 1891 964 1960 protendatur.

490 1981 664 2038 Verba
697 1983 797 2037 feci
833 1982 1090 2037 nonnulla
1127 1981 1195 2038 de
1225 1989 1412 2037 nostra
1444 1981 1706 2054 religione
1734 1984 1853 2039 viro
1882 1984 2001 2039 cni-

413 2076 538 2130 dam
578 2083 818 2129 externa:
854 2073 1242 2144 philosophiaa,
1289 2083 1347 2128 ut
1380 2090 1445 2130 ex
1474 2075 1635 2131 dictis
1665 2076 1786 2146 ejus
1824 2077 2002 2146 conji-

412 2179 537 2221 cere
567 2163 782 2228 licebat,
824 2162 970 2217 haud
1006 2163 1247 2227 indocto,
1280 2163 1439 2234 eique
1469 2164 1801 2236 persuadere
1825 2181 1998 2221 cona-

411 2255 533 2319 har,
563 2262 624 2309 ut
653 2272 683 2308 a
727 2256 917 2310 Graeca
951 2256 1344 2326 superstitione
1369 2258 1421 2310 in
1453 2262 1694 2312 nostram
1724 2258 1998 2314 concede-

410 2356 496 2402 ret
539 2347 885 2402 sententiam.
935 2345 1120 2403 Multis
1157 2349 1303 2403 enim
1360 2348 1718 2404 conﬁrmabat
1771 2365 1880 2406 non
1941 2351 1998 2407 in

409 2446 600 2493 nostra
629 2445 898 2508 potestate
923 2453 1046 2493 esse
1069 2441 1464 2494 sententiarum
1502 2442 1670 2495 animi
1703 2441 1995 2508 delectum,

410 2529 507 2584 sed
534 2529 770 2599 pendere
793 2525 1072 2584 hominum
1098 2532 1263 2586 vitam
1287 2547 1354 2587 ex
1382 2535 1712 2589 necessitate
1735 2537 1996 2606 quadam,

410 2622 531 2679 sine
557 2637 662 2692 qua
694 2623 830 2676 nihil
863 2624 977 2678 ﬁeri
1007 2632 1192 2694 posset
1221 2640 1409 2678 eorum
1439 2642 1560 2695 quae
1594 2627 1788 2684 ﬁerent
1812 2630 1864 2683 in
1894 2647 1995 2686 no-

411 2713 520 2770 bis.
557 2714 738 2782 Atque
775 2714 828 2767 in
865 2713 1014 2768 hunc
1045 2715 1268 2770 modum
1300 2717 1604 2772 orationem
1642 2735 1818 2774 meam
1874 2722 1996 2777 elu-

412 2802 599 2870 debat,
636 2804 680 2858 si
709 2804 928 2874 quidem
957 2805 1065 2876 ipsi
1101 2804 1266 2862 l'atale
1286 2817 1434 2866 esset
1456 2809 1570 2866 ﬁeri
1592 2809 1991 2878 Christianum,

411 2893 656 2953 futurum
695 2911 754 2950 se
783 2895 1008 2952 omnino
1048 2899 1134 2953 vel
1162 2899 1475 2957 nolentibus
1510 2904 1715 2968 nobis;
1773 2905 1858 2960 sin
1895 2907 1992 2960 fati

406 2991 741 3050 necessitate
764 2991 1168 3060 prohiberetur,
1196 2991 1304 3048 l'ato
1334 3009 1395 3050 se
1417 2994 1524 3049 vim
1548 2994 1811 3052 adhibere
1838 2999 1992 3052 nulla

407 3081 621 3139 ratione
655 3096 838 3150 posse.
872 3080 998 3143 Haec
1028 3082 1118 3138 ille
1151 3099 1273 3138 cum
1299 3082 1525 3149 diceret,
1563 3085 1616 3140 id
1643 3102 1767 3141 eum
1802 3103 1989 3159 agere,

409 3173 489 3232 uti
519 3173 818 3229 verisimile
864 3182 981 3228 erat
1003 3215 1018 3240 ,
1054 3174 1356 3230 arbitratus
1396 3192 1542 3239 sum,
1577 3185 1635 3230 ut
1665 3179 1871 3234 Graecae
1896 3197 1991 3234 su-
2021 3212 2063 3270 ο

407 3265 675 3336 pet-stioni
709 3265 927 3336 penitus
953 3265 1230 3329 addictus,
1274 3268 1409 3322 nihil
1445 3270 1511 3323 de
1534 3270 1850 3326 Christiana
1882 3273 1986 3328 title

409 3354 742 3420 admitteret,
777 3363 940 3425 atque
975 3356 1048 3409 ita
1083 3372 1310 3412 cursum
1351 3367 1556 3413 nostra:
1585 3362 1852 3417 orationis
1877 3361 1989 3416 im-

406 3449 637 3528 pediret.
667 3449 867 3504 Eadem
892 3451 1038 3505 enim
1065 3467 1280 3522 semper
1301 3451 1585 3511 inculcare
1611 3469 1720 3508 non
1753 3453 1984 3520 destitit,
2022 3507 2032 3512 -

408 3543 592 3598 omnia
630 3541 778 3596 fatali
815 3543 1060 3613 subjecta
1089 3559 1213 3598 esse
1241 3545 1593 3609 necessitati,
1627 3545 1863 3608 domina:
1903 3537 1996 3607 re?

407 3649 556 3697 tum,
590 3633 750 3704 cujus
797 3636 956 3689 nutui
997 3635 1283 3691 obedirent
1323 3638 1607 3700 universa,
1635 3638 1758 3692 vitae
1792 3640 1989 3695 modus

411 3741 476 3789 ac
508 3725 632 3781 linis
656 3765 672 3791 ,
705 3725 1100 3782 dissimilitudo
1135 3743 1320 3783 rerum
1351 3769 1369 3796 ,
1401 3729 1620 3786 diversa
1661 3747 1862 3801 genera
1911 3733 1992 3786 vi-

409 3818 595 3882 vendi,
627 3833 922 3890 corporum
969 3822 1318 3887 constitutio,
1362 3823 1764 3894 inaequalitates
1814 3826 1990 3880 bonn-

410 3925 570 3978 rum,
605 3923 664 3967 ut
704 3912 932 3983 imperio
972 3915 1208 3986 quisque
1256 3916 1463 3985 potitus
1494 3918 1547 3971 in
1585 3927 1856 3987 potestate
1898 3921 1993 3974 ha-

408 4004 535 4064 beat
565 4006 772 4070 omnia,
797 4022 920 4076 quae
937 4008 986 4062 ei
1017 4009 1129 4062 sint
1149 4007 1363 4075 fatalia,
1391 4021 1486 4064 aut
1514 4012 1719 4073 serviat
1740 4013 1991 4068 eamdem

413 4095 487 4153 ob
519 4111 768 4160 causam,
801 4097 954 4154 dives
985 4099 1115 4153 item
1153 4099 1225 4153 sit
1255 4108 1350 4153 aut
1387 4117 1616 4171 pauper,
1660 4104 1835 4158 valeat
1867 4119 1993 4159 cor-

408 4201 546 4263 pore
579 4187 668 4242 vel
693 4195 920 4259 aegrotet
940 4207 953 4254 ;
977 4189 1272 4261 brevisque
1304 4200 1359 4246 et
1384 4192 1559 4262 longa:
1590 4196 1713 4248 vita;
1737 4195 1987 4250 eamdem

411 4295 540 4339 esse
565 4295 814 4336 causam.
849 4279 986 4336 Nam
1033 4282 1148 4338 sive
1176 4285 1302 4353 quis
1332 4285 1530 4356 exiguo
1563 4293 1807 4357 tempore
1844 4289 1996 4344 vive-

409 4379 518 4436 ret,
555 4371 672 4427 sive
703 4373 870 4426 vitam
905 4373 1126 4444 longius
1170 4374 1523 4445 produceret,
1554 4394 1665 4432 non
1693 4395 1758 4434 ex
1787 4380 1994 4450 impetu

411 4471 511 4527 aut
537 4461 825 4528 affectione
853 4465 1090 4534 quadam
1123 4466 1366 4536 prapria,
1405 4469 1500 4523 sed
1532 4484 1597 4524 ex
1627 4469 1718 4530 illa
1753 4472 1995 4532 necessi-

2113 604 2446 669 διοικοῦντος
2487 607 2574 659 ἐπ’
2605 605 2798 677 ἀγαθῷ
2834 605 2896 659 τὸ
2921 606 3281 679 ἀνθρώπινον.
3329 607 3462 660 Τότε
3506 607 3569 678 δή
3605 623 3694 676 μοι

2111 697 2248 766 πρὸς
2291 697 2350 751 τὸ
2385 697 2688 767 παράδοξον
2742 699 3183 770 ἐκπεπληγμένῳ
3229 698 3323 752 τοῦ
3374 698 3651 769 θαύματος
3677 714 3690 728 ·

2110 787 2228 851 πῶς
2267 788 2297 840 ὁ
2327 787 2569 852 τοιοῦτος
2603 791 2662 842 ἐν
2695 789 2924 861 ἀπιστίᾳ
2958 789 3018 843 τὺ
3049 790 3336 861 πρότερον,
3388 787 3694 841 πολλαπλά-

2111 894 2224 930 σιον
2251 877 2329 949 τῷ
2361 879 2580 950 μεγέθει
2605 880 2703 952 τῆς
2730 879 2963 942 πίστεως
2985 880 3286 950 ὑπερέϐαλε
3309 879 3407 950 τῆς
3440 879 3695 941 ἀπιστίας

2107 970 2168 1022 τὸ
2198 969 2394 1042 μέτρον
2415 1009 2430 1035 ,
2467 971 2654 1042 ἐπειδή
2684 988 2769 1035 τις
2794 970 3094 1042 προϊούσης
3121 974 3253 1042 ἡμῖν
3281 972 3381 1040 τῆς
3411 971 3695 1033 συνουσίας

2107 1061 2217 1114 τῶν
2245 1062 2386 1116 κατά
2414 1062 2514 1132 τὴν
2543 1063 2883 1134 εἱμαρμένην
2912 1063 3260 1134 ζητουμένων
3307 1062 3462 1131 λόγος
3503 1062 3694 1115 ἐνέτηξε,

2109 1169 2224 1218 σεν,
2248 1152 2538 1220 ἐπέταξας,
2568 1148 2614 1207 ὧ
2645 1153 2800 1225 τιμία
2837 1171 2926 1225 μοι
2957 1154 3050 1207 καὶ
3073 1153 3194 1226 ἱερά
3225 1154 3454 1224 κεφαλὴ,
3480 1153 3577 1224 τὴν
3601 1169 3695 1222 γε-

2105 1244 2336 1315 νομένην
2379 1246 2516 1315 πρός
2559 1263 2681 1299 τινα
2732 1246 2841 1298 τῶν
2893 1246 3200 1317 φιλοσόφων
3245 1245 3479 1310 διάλεξιν
3518 1248 3575 1297 ἐν
3626 1246 3693 1315 τῇ

2108 1335 2316 1408 μεγάλῃ
2349 1335 2454 1389 τοῦ·
2479 1337 2889 1390 Κωνσταντίνου
2923 1337 3074 1390 πόλει
3107 1337 3236 1408 περ)⁵
3257 1337 3358 1406 τῆς
3381 1336 3696 1398 ὑποθέσεως

2103 1427 2306 1499 ταύτης
2359 1429 2653 1502 ἐγγράφως
2697 1446 2779 1482 σοι
2831 1429 2898 1482 δι’
2961 1429 3247 1500 ἐπιστολῆς
3305 1425 3691 1500 διηγήσασθαι.

2103 1521 2322 1591 Μικρᾶς
2354 1520 2530 1574 τοίνυν
2572 1519 2844 1591 ἐπιτυχὼν
2882 1521 3096 1592 σχολῆς,
3119 1521 3182 1574 δι’
3222 1523 3439 1590 ὀλίγων,
3478 1520 3553 1584 ώς
3583 1513 3695 1572 οἷόν

2101 1626 2160 1662 τε
2181 1652 2196 1674 ,
2226 1609 2508 1681 συντεμὼν
2541 1610 2634 1663 τὸν
2667 1611 2845 1680 λόγον,
2890 1612 3175 1684 ἐκτίθεμαί
3212 1631 3294 1666 σοι
3318 1615 3376 1666 ἐν
3405 1609 3564 1680 ἁπλῷ
3601 1609 3696 1663 καὶ

2101 1701 2566 1772 ἀκατασκευάστῳ
2585 1702 2743 1774 διηγή
2754 1720 2901 1773 ματι·
2919 1703 3321 1774 φυλασσόμενος
3338 1705 3419 1757 ὅτι
3440 1703 3692 1774 μάλιστα,

2101 1793 2163 1846 τὸ
2187 1794 2262 1865 μὴ
2279 1793 2470 1865 πόρρω
2490 1794 2599 1848 τῶν
2627 1794 3053 1866 ἐπιστολιμαίων
3080 1795 3296 1867 μέτρων
3323 1796 3578 1849 ἐκπεσεῖν
3601 1796 3692 1849 τὸν

2028 1871 2071 1926 Β
2100 1884 2257 1954 λόγον
2292 1887 2371 1949 εἰς
2400 1885 2796 1958 λογογραφικὸν
2832 1887 3007 1957 μῆκος
3035 1887 3477 1958 ἀποτεινόμενον.

2173 1975 2458 2047 Προσῆγον
2498 1975 2609 2044 ἐγώ
2640 1993 2792 2040 τινας
2827 1977 2927 2047 τῆς
2962 1977 3086 2032 καθ’
3112 1979 3260 2048 ἡμᾶς
3293 1977 3576 2042 εὑσεΰείας
3602 1978 3692 2032 λό-

2101 2082 2229 2134 γους
2281 2065 2436 2137 ἀνδρί
2477 2083 2584 2121 τινι
2615 2067 3033 2139 πεπαιδευμένῳ
3072 2068 3170 2140 τὴν
3204 2069 3309 2135 ἔξω
3357 2069 3571 2138 σοφίαν.
3615 2069 3692 2133 ὡς

2099 2159 2227 2229 ἐνῆν
2272 2161 2338 2213 ἐκ
2381 2159 2490 2212 τῶν
2535 2161 2846 2231 λεγομένων
2898 2160 3306 2232 στοχάσασθαι,
3347 2162 3443 2215 καὶ
3485 2161 3692 2215 πείθειν

2099 2251 2416 2327 ἐπεχείρουν
2442 2255 2506 2310 ἐκ
2535 2252 2628 2306 τοῦ
2673 2252 3030 2324 Ἑλληνισμοῦ
3060 2253 3197 2322 πρὸς
3224 2253 3322 2324 τὴν
3354 2253 3692 2321 συγκατάθε-

2100 2361 2184 2398 σιν
2210 2343 2304 2396 τοῦ
2337 2343 2458 2398 καθ’
2491 2346 2640 2416 ἡμᾶς
2682 2344 2949 2414 δόγματος
2987 2344 3410 2415 μετατάξασθαι.
3453 2345 3605 2397 Ἐπεὶ
3633 2345 3693 2398 δέ

2099 2436 2267 2500 πολὺς
2294 2431 2364 2508 ἦν
2389 2436 2818 2501 κατασκευάζων
2845 2438 2919 2508 μὴ
2942 2438 3059 2490 κατ’
3087 2437 3335 2501 ἐξουσίαν
3366 2437 3688 2509 προκεῖσθαι

2096 2531 2209 2592 τοῖς
2256 2529 2601 2600 βουλομένοις
2641 2529 2750 2582 τῶν
2799 2531 2943 2583 κατά
2989 2529 3217 2601 γνώμην
3276 2529 3373 2602 τὴν
3438 2531 3686 2600 αἵρεσινσ

2096 2620 2234 2674 ἀλλά
2261 2621 2349 2675 διά
2375 2637 2520 2685 τινος
2555 2619 2805 2686 ἐξάπτων
2846 2622 3093 2694 ἀνάγκης
3126 2623 3225 2697 τὴν
3253 2623 3359 2674 τῶν
3386 2619 3689 2692 ἀνθρώπων

2097 2710 2263 2783 ζωὴν.
2281 2707 2350 2782 ἦς
2371 2711 2500 2766 ἄνευ
2535 2711 2611 2784 μὴ
2640 2711 2705 2766 ἄν
2727 2730 2780 2769 τι
2803 2713 3058 2782 γενέσθαι
3086 2715 3194 2768 τῶν
3223 2716 3281 2767 ἐν
3311 2716 3442 2785 ἡμῖν
3469 2713 3691 2783 γινομέ-

2095 2822 2222 2859 νων.
2261 2804 2371 2858 Καὶ
2398 2803 2573 2876 τούτῳ
2603 2805 2682 2875 τῷ
2715 2805 2859 2878 λόγῳ
2894 2807 2986 2860 τὸν
3013 2807 3142 2878 ἐμὸν
3183 2806 3559 2879 παρεκρούετο
3597 2806 3689 2858 λό-

2094 2915 2190 2968 γον
2211 2916 2223 2928 ’
2262 2899 2339 2962 ώς
2368 2901 2417 2951 εἰ
2457 2899 2556 2970 μὲν
2588 2899 2846 2970 εἵμαρται
2887 2901 3037 2971 αὐτῷ
3069 2899 3323 2969 γενέσθαι
3357 2898 3688 2972 Χριστιανῷ,

2046 3048 2052 3054 _
2094 2990 2383 3062 γενήσεται
2424 2990 2640 3054 πάντως
2677 2990 2778 3044 κᾶν
2825 2993 2988 3063 ἡμεῖς
3029 2991 3106 3063 μὴ
3149 2991 3472 3062 βουλώμεθα
3499 3007 3512 3020 ’
3542 2993 3591 3044 εἰ
3627 2991 3687 3044 δὲ

2095 3081 2355 3134 κωλύοιτο
2376 3084 2442 3153 τῇ
2467 3081 2570 3152 τῆς
2592 3083 2936 3154 εἱμαρμένης
2969 3084 3203 3155 ἀνάγκῃ,
3241 3081 3316 3155 μὴ
3341 3081 3405 3135 ἂν
3432 3079 3687 3150 γενέσθαι

2096 3173 2320 3227 δυνατὸν
2368 3175 2608 3243 ἐξευρεῖν
2648 3192 2772 3228 τινα
2828 3177 3075 3246 μηχανὴν
3119 3175 3155 3246 ἢ
3196 3174 3296 3246 τὴν
3349 3173 3689 3245 εἱμαρμένην

2100 3265 2370 3336 βιάσεται.
2412 3265 2597 3320 Ταῦτα
2637 3267 2909 3335 λέγοντος,
2940 3268 3050 3336 ἐγὼ
3094 3268 3215 3338 μὲν,
3259 3269 3394 3337 ὅπερ
3425 3267 3570 3330 εἰκὸς
3596 3261 3685 3336 ἦν,

2099 3357 2320 3426 φεύγειν
2348 3356 2504 3428 ῷμην
2542 3358 2703 3412 αὑτὸν
2735 3359 2795 3411 τὸ
2832 3359 3022 3430 μαθεῖν
3049 3377 3103 3412 τι
3141 3360 3271 3432 περὶ
3310 3359 3411 3428 τῆς
3452 3358 3687 3422 πίστεως

2096 3447 2176 3514 τῷ
2227 3446 2564 3518 Ἑλληνισμῴ
2613 3447 2703 3500 διά
2744 3449 3325 3520 βάθουςέγκείμενον,
3370 3448 3467 3503 καὶ
3511 3445 3686 3519 τούτῳ

2096 3542 2176 3614 τῷ
2205 3545 2392 3615 τρόπῳ
2416 3544 2516 3615 τὴν
2555 3542 2876 3598 ἀκολουθίαν
2916 3542 3011 3596 τοῦ
3041 3541 3311 3613 ἡμετέρου
3352 3542 3688 3613 παρακρούε-

2041 3626 2065 3656 ’²
2100 3634 2223 3686 σθαι
2247 3621 2428 3702 λόγου.
2468 3634 2621 3688 Ἐπεὶ
2656 3634 2712 3688 δέ
2738 3634 2838 3687 οὐκ
2875 3633 3016 3687 ἀνίει
3047 3636 3159 3696 τοῖς
3181 3633 3363 3695 αὐτοῖς
3389 3632 3684 3703 ἐπιμένων,

2099 3726 2275 3779 πάντα
2299 3727 2474 3796 λέγων
2497 3726 2828 3798 ύπεζεῦχθαι
2849 3729 2914 3797 τῇ
2942 3726 3042 3796 τῆς
3071 3726 3412 3797 εἱμαρμένης
3441 3725 3684 3796 ἀνάγκη,

2099 3819 2358 3889 κάκείνην
2385 3821 2693 3873 ἐπιστατεῖν
2720 3819 2828 3872 τῶν
2856 3819 3046 3880 ὄντων,
3071 3819 3165 3871 καὶ
3186 3820 3252 3889 τῇ
3284 3820 3458 3890 τροπῇ
3485 3817 3687 3888 ταύτης

2101 3915 2278 3966 πάντα
2315 3913 2647 3967 ὑποκύπτειν
2697 3911 2766 3965 τὰ
2807 3911 2970 3972 ὄντα,
3027 3911 3172 3981 ζωῆς
3217 3927 3278 3963 τε
3333 3911 3550 3981 μέτρα,
3592 3910 3687 3964 καὶ

2099 4002 2246 4070 ἡθῶν
2275 4003 2557 4081 διαφορὰς,
2585 4004 2678 4056 καὶ
2709 4002 2838 4073 βίων
2869 4002 3128 4073 αἱρέσεις,
3160 4003 3255 4055 καὶ
3283 4002 3553 4071 σωμάτων
3593 4017 3683 4054 κα-

2099 4097 2369 4158 τασκευὰς
2391 4136 2405 4159 ,
2447 4097 2538 4150 καὶ
2589 4096 2685 4160 τὰς
2717 4096 2826 4148 τῶν
2859 4095 3188 4166 ἀξιωμάτων
3227 4092 3575 4163 ἀνωμαλίας·
3609 4092 3684 4154 ὠς

2100 4191 2288 4262 ἄρχειν
2315 4207 2373 4243 τε
2399 4189 2615 4252 πάντως
2643 4189 2732 4242 τὸν
2761 4187 2881 4242 καθ’
2906 4185 3244 4259 εἱμαρμένην
3266 4185 3359 4238 ἐπὶ
3384 4186 3483 4256 τὴν
3509 4181 3684 4254 ἀρχὴν

2102 4283 2396 4354 παριόντα,
2437 4281 2709 4334 δουλεύειν
2739 4297 2798 4332 τε
2836 4279 2978 4333 κατά
3018 4279 3118 4348 τὴν
3145 4276 3313 4348 αὐτὴν
3353 4277 3554 4338 αἰτίαν,
3592 4274 3682 4328 καὶ

2104 4372 2348 4426 πλουτεῖν
2378 4370 2637 4433 ὡσαύτως
2663 4369 2755 4422 καὶ
2789 4367 3049 4421 πένεσθαι
3075 4383 3088 4397 ⁶
3123 4365 3400 4438 ὲρῤὦσθαί
3428 4381 3489 4416 τε
3521 4363 3683 4418 πάλιν

2101 4464 2179 4538 τῷ
2209 4463 2449 4534 σώματι,
2486 4463 2579 4522 καὶ
2612 4461 2849 4523 ἀσθενῶς
2872 4461 3015 4530 ἔχειν
3036 4476 3048 4493 ο
3092 4459 3154 4512 τό
3183 4475 3246 4510 τε
3272 4457 3561 4528 ὠκύμορον
3591 4457 3682 4510 καὶ

412 4565 524 4613 tate
579 4571 700 4622 eam
765 4557 942 4612 aetatis
969 4557 1342 4614 diversitatem
1392 4561 1680 4616 exsistere.
1724 4560 1856 4616 Tam
1897 4577 1993 4618 vo-

2099 4557 2158 4609 τὸ
2189 4555 2504 4627 μακρόϐιον,
2526 4553 2623 4625 τὴν
2646 4553 2813 4624 αὐτὴν
2844 4552 2958 4622 ἔχει
2984 4551 3058 4625 [ν]
3082 4551 3362 4606 αίτίαν.”0
3388 4569 3448 4604 τε
3485 4549 3594 4622 γὰρ
3625 4551 3684 4604 ἐν

411 4647 708 4705 luntariam
757 4664 923 4717 quam
968 4660 1216 4704 coactam
1263 4660 1494 4707 mortem
1542 4653 1611 4708 ab
1648 4653 1838 4709 eadem
1893 4671 1990 4710 nc-

377 4743 670 4796 .cessitate
717 4741 916 4795 sortito
960 4741 1211 4796 decerni.
1251 4741 1409 4798 Varia
1475 4761 1674 4814 genera
1733 4747 1987 4801 violenta:

413 4828 564 4887 necis
613 4837 836 4897 propter
872 4830 1112 4886 incertos
1157 4846 1345 4899 casus,
1383 4833 1499 4888 sive
1533 4835 1950 4891 sull'ocationem
1977 4874 1992 4900 ,

413 4919 532 4974 sive
564 4921 894 4975 sententiam
929 4921 1178 4994 judicum
1208 4964 1224 4988 ,
1261 4925 1376 4980 sive
1429 4926 1662 4982 insidias
1712 4928 1995 4983 imminen-

412 5019 528 5076 tes;
560 5011 746 5066 clades
782 5023 1045 5081 praeterea
1090 5013 1177 5070 his
1201 5016 1373 5086 magis
1401 5031 1724 5073 communes
1750 5058 1765 5082 ,
1799 5027 1852 5075 et
1881 5021 1996 5072 uni-

420 5101 674 5168 rersales,
699 5111 858 5158 terrae
881 5112 1085 5175 motus,
1105 5105 1802 5176 naul‘ragia,inundationes
1828 5122 1995 5178 aqua-

411 5213 571 5262 rum,
620 5196 914 5260 incendia,
963 5204 1018 5251 et
1063 5198 1246 5251 omnia
1279 5198 1334 5252 id
1369 5213 1541 5268 genus
1577 5199 1684 5253 alia
1736 5199 1879 5254 mala
1929 5215 1996 5255 ex

413 5286 507 5344 illa
541 5300 709 5339 causa
750 5285 986 5355 pendere
1017 5285 1266 5350 dicebat,
1304 5287 1650 5358 addebatque
1682 5289 1804 5343 vita:
1827 5288 1993 5343 etiam

413 5375 666 5437 instituta
692 5391 1037 5447 nequaquam
1069 5392 1191 5432 esse
1222 5377 1278 5432 in
1302 5381 1570 5448 capientis
1597 5379 1827 5433 arbitrio
1852 5419 1868 5444 ,
1899 5379 1995 5435 sed

415 5483 606 5523 omnes
637 5469 840 5539 potenti
870 5468 984 5525 fato
1031 5470 1255 5531 servire.
1301 5470 1417 5526 sive
1447 5472 1505 5525 in
1548 5472 1994 5542 philosophiam,

415 5561 530 5622 sive
558 5560 614 5613 in
652 5560 1027 5630 eloquentiam
1067 5561 1422 5626 incumbant,
1453 5562 1570 5617 sive
1599 5577 1761 5634 agros
1788 5563 1993 5626 colant,

416 5652 535 5716 sivo
563 5654 836 5709 nauticam
870 5652 1073 5708 faciant
1101 5695 1116 5717 ,
1155 5653 1272 5708 sive
1306 5653 1670 5724 conjugalem,
1695 5654 1809 5710 sive
1838 5655 1995 5710 coeli-

419 5743 537 5807 bem
595 5746 760 5798 vitam
796 5747 1103 5800 instituant.
1154 5744 1219 5797 Et
1252 5746 1472 5800 virtutis
1518 5755 1572 5799 et
1603 5745 1718 5799 vitii
1745 5746 1994 5802 eamdem

418 5844 540 5903 ess:
573 5850 790 5898 musam
813 5880 826 5906 ,
860 5846 916 5891 ut
941 5851 1040 5916 pro
1068 5837 1395 5898 immutabili
1425 5837 1514 5890 illa
1542 5838 1826 5898 sortitione
1857 5839 1996 5901 alius

2100 4649 2266 4720 ὀλίγῳ
2299 4647 2586 4720 μετασχὼν
2615 4647 2716 4717 τῆς
2754 4646 2921 4716 ζωῆς,
2950 4645 3044 4698 καὶ
3084 4647 3141 4698 ἐν
3172 4643 3369 4716 μακρῷ
3404 4642 3483 4713 τῷ
3509 4641 3683 4714 χρόνῳ

2103 4740 2440 4812 παρατείνας
2469 4741 2561 4792 τὸν
2595 4739 2731 4809 βίον,
2760 4739 2822 4791 οὐ
2847 4737 2990 4791 κατά
3014 4737 3219 4790 οἰκείαν
3252 4737 3448 4808 ὁρμὴν,
3485 4733 3602 4788 ἀλλ’
3622 4735 3687 4790 ἐκ

2100 4833 2201 4903 τῆς
2229 4833 2475 4903 ἀνάγκης
2515 4830 2732 4901 ἐκείνης
2764 4831 2821 4883 ἐν
2862 4828 3106 4901 ἐκατέρῳ
3147 4828 3408 4898 ἑκάτερος
3435 4827 3644 4895 γίνεται
3668 4842 3685 4857 ο

2100 4925 2190 4977 τόν
2221 4940 2280 4976 τε
2304 4922 2610 4993 αὐτόματον
2646 4922 2740 4974 καὶ
2769 4919 2860 4973 τὸν
2895 4918 3309 4990 ἠναγκασμένον
3339 4919 3570 4972 θάνατον
3610 4917 3687 4989 μὴ

2101 5014 2274 5082 ἄλλως
2305 5013 2338 5086 ἦ
2389 5015 2517 5085 παρ’
2549 5012 2763 5082 ἐκείνης
2791 5009 3232 5081 ἀποκληροῦσθαι
3256 5055 3271 5077 ,
3300 5011 3395 5064 τοῦ
3423 5026 3482 5062 τε
3511 5010 3686 5080 βιαίου

2103 5106 2334 5159 θανάτου
2365 5107 2463 5168 τάς
2486 5105 2857 5176 πολυτρόπους
2885 5103 3166 5176 διαφορὰς,
3198 5105 3256 5156 ἐν
3285 5101 3686 5172 συμπτώμασιν

2103 5199 2136 5270 ἢ
2166 5197 2441 5268 ἀγχόναις,
2470 5197 2503 5268 ἢ
2533 5197 2700 5268 ψήφῳ
2721 5197 3028 5267 δικαστικῇ,
3060 5196 3093 5266 ἦ
3120 5196 3212 5248 καὶ
3239 5195 3359 5249 κατ’
3393 5193 3688 5265 ἐπιϐουλὴν

2102 5289 2472 5362 ἐπαγομένας.
2508 5289 2617 5342 Καὶ
2650 5289 2718 5342 τὰ
2759 5287 2839 5341 ἔτι
2881 5287 3088 5343 τούτων
3137 5285 3548 5357 καθολικώτερα
3593 5286 3687 5339 καὶ

2103 5380 2614 5452 περιληπτικώτερα
2652 5379 2799 5449 πάθη
2824 5419 2839 5444 ,
2870 5379 3126 5448 σεισμοὺς
3163 5377 3259 5429 καὶ
3281 5377 3516 5445 ναυάγια
3537 5417 3552 5442 ,
3593 5376 3689 5428 καὶ

2103 5471 2416 5536 ἐπικλύσεις
2434 5472 2664 5537 ὑδάτων,
2697 5476 2789 5524 καὶ
2819 5470 2919 5534 τὰς
2943 5474 3007 5524 ἐκ
3033 5470 3202 5540 πυρὸς
3237 5469 3524 5541 συμφορὰς
3550 5508 3565 5533 ,
3590 5468 3686 5522 καὶ

2102 5567 2202 5620 ὃσα
2241 5564 2465 5619 τοιαῦτα
2495 5564 2612 5634 εἴδη
2663 5563 2852 5620 κακῶν
2893 5563 3070 5616 πάντα
3116 5563 3218 5632 τῆς
3257 5561 3437 5625 αἰτίας
3471 5560 3686 5631 ἐκείνης

2104 5653 2373 5719 ἐξάπτων,
2408 5652 2717 5724 προσετίθει
2756 5653 2848 5704 καὶ
2892 5652 3000 5705 τῶν
3045 5651 3185 5705 κατά
3225 5653 3318 5703 τὸν
3348 5651 3463 5722 βίον
3491 5654 3685 5721 ἐπιτη-

2103 5747 2387 5816 δευμάτων
2415 5745 2665 5816 μηδαμοῦ
2697 5744 2787 5798 τὸν
2819 5745 3074 5816 λογισμὸν
3112 5746 3204 5799 τοῦ
3227 5747 3553 5818 αἱρουμένου
3585 5747 3684 5800 κύ-

2107 5854 2220 5910 ριον
2267 5833 2424 5891 εἶναι’
2476 5837 2685 5904 πάντας
2732 5837 2788 5901 δὲ
2837 5837 2912 5910 τῷ
2961 5838 3148 5914 κράτει
3202 5841 3295 5912 τῆς
3347 5840 3683 5915 εἱμαρμένης
