4066 6374
364 385 464 447 H9

1726 404 2009 462 CONTRA
2043 408 2302 468 FATUM.

3512 417 3612 475 150

361 504 782 577 ὕπηρετοῦντας,
813 509 846 580 ἢ
880 510 1208 580 φιλοσοφεῖν,
1244 511 1276 583 ἦ
1319 512 1653 587 ῥητορεύειν,
1683 514 1716 587 ἦ
1749 533 1930 588 γεωρ-

2055 519 2253 576 vivendi
2284 538 2459 594 genus
2499 523 2643 577 colat
2670 489 2998 587 sublimius,
3031 522 3211 593 inops,
3249 533 3302 580 et
3327 523 3555 581 liberum
3593 545 3610 582 :

371 599 492 664 γεῖν,
521 597 553 668 ἢ
587 599 994 665 ναυτίλλεσθαι,
1030 602 1064 673 ἦ
1092 605 1150 655 ἐν
1177 604 1338 674 γάμῳ
1371 604 1490 675 ζῇν,
1524 605 1556 675 ἢ
1592 605 1683 658 τὸν
1717 605 1935 677 ἄγαμον

359 689 627 759 αἱρεῖσθαι
655 689 790 760 βίον,
826 693 1030 763 ἀρετῆς
1053 710 1112 746 τε
1145 695 1239 748 καὶ
1271 694 1467 759 κακίας
1490 695 1588 766 τὴν
1610 695 1780 768 αύτὴν
1805 697 1931 751 ἀνά-

361 795 499 848 γκην
541 775 679 832 εἶναι
703 780 1083 852 διισχυρίζετο.
1111 783 1270 837 Ὥστε
1297 786 1437 838 κατά
1464 787 1559 858 τὴν
1581 787 1938 859 ἀπαράϐατον

361 869 563 942 ταύτην
595 872 1004 943 άποκλήρωσιν,
1043 875 1132 928 τὸν
1186 873 1286 943 μὲν
1333 881 1400 948 τῇ
1433 877 1740 951 ὑψηλοτέρα
1771 896 1940 948 προσ-

361 961 574 1032 ανέχειν
608 962 719 1034 ζωῇ
753 965 810 1017 ἐν
840 965 1107 1037 ἀκτήμονι
1141 969 1234 1019 καὶ
1267 967 1557 1040 ἐλευθερίῳ
1595 969 1776 1034 ζῶντα
1799 969 1899 1040 βίῳ
1922 985 1936 999 ο

361 1051 548 1122 ἕτερον
582 1052 640 1104 δὲ
666 1094 681 1117 ,
713 1053 1174 1125 τυμϐωρυχεῖν,ἢ
1208 1056 1571 1127 πειρατεύειν,
1603 1056 1639 1128 ἣ
1673 1055 1942 1110 ἀσωτεύε-

366 1142 514 1205 σθαι,
540 1141 574 1212 ἢ
602 1142 680 1214 τῷ
709 1144 970 1215 ἑταιρικῷ
1003 1145 1103 1216 βίῳ
1131 1145 1591 1216 ἀποθηλύνεσθαι.
1622 1149 1732 1201 Καὶ
1764 1149 1942 1202 πάντα

363 1233 434 1286 τὰ
459 1232 685 1288 τοιαῦτα
714 1234 944 1302 διεξιὼν,
975 1236 1201 1307 ἰσχυρὰν
1227 1235 1363 1307 ᾤετο
1404 1237 1496 1291 τοῦ
1536 1237 1612 1309 μὴ
1640 1239 1944 1310 παραδέξα-

369 1324 495 1378 σθαι
521 1327 613 1380 τὸν
648 1326 804 1396 λόγον
841 1328 998 1398 ἡμῶν
1024 1329 1202 1382 αἰτίαν
1234 1329 1593 1402 ἐπιδεδεῖχθαι
1615 1372 1630 1395 ,
1665 1331 1726 1384 τὸ
1755 1331 1830 1402 μὴ
1857 1334 1942 1402 ἐφ’

367 1416 498 1485 ἡμῖν
525 1411 661 1470 εἶναι
687 1419 824 1488 ὅπερ
849 1417 915 1471 ἂν
943 1417 1189 1490 θέλωμεν
1215 1420 1336 1472 κατ’
1370 1421 1619 1485 ἐξουσίαν
1649 1423 1942 1494 αἱρεῖσθαι,

367 1507 505 1561 ἀλλά
525 1509 634 1562 δεῖν
663 1509 952 1580 ἀναμεῖναι
984 1513 1082 1582 τὴν
1109 1511 1354 1582 ἀνάγκην
1378 1513 1593 1588 ἐκείνην
1617 1555 1632 1580 ,
1664 1511 1732 1588 ἦς
1764 1515 1824 1568 τὸ
1860 1517 1946 1570 ἐν·

366 1603 587 1672 δόσιμον
626 1603 762 1675 πρὸς
797 1603 896 1675 τὴν
923 1605 1180 1676 τοιαύτην
1221 1606 1398 1680 ὁρμὴν
1442 1608 1830 1678 παρασχούσης
1858 1610 1944 1661 ἐπ’

368 1694 616 1766 ἀνάγκης
637 1693 772 1749 εἶναι
807 1696 1140 1766 προσθέσθαι
1162 1697 1240 1769 τῷ
1269 1698 1430 1768 λόγῳ,
1456 1699 1551 1752 καὶ
1582 1700 1655 1770 μὴ
1689 1698 1945 1770 βουλόμε-

367 1803 493 1839 νον·
538 1787 666 1840 ἄνευ
705 1787 763 1840 δέ
809 1787 1053 1860 ἐκείνης,
1099 1791 1193 1843 καὶ
1235 1790 1442 1860 σφόδρα
1489 1792 1944 1862 προαιρουμένου,

2041 609 2186 664 alius
2212 613 2463 683 sepulcra
2495 613 2698 677 violet,
2743 623 2838 670 aut
2871 612 3159 683 piraticam
3199 625 3490 684 exerceat,
3519 629 3614 673 aut

2042 701 2267 771 prodige
2297 706 2462 769 vivat,
2494 710 2589 756 aut
2619 703 2928 759 meretricio
2952 705 3076 760 vitae
3106 721 3308 776 genere
3329 707 3614 766 effemine-

2042 800 2152 844 tur.
2190 791 2402 858 Quibus
2437 793 2692 848 omnibus
2717 795 3042 864 percensitis
3064 839 3079 861 ,
3116 797 3324 852 lirmam
3351 815 3410 856 se
3449 811 3614 871 puta»

2043 883 2134 937 bat
2183 901 2287 939 non
2338 885 2690 940 admittenda:
2744 895 2946 941 nostra:
2995 889 3260 943 orationis
3309 890 3617 948 reddidisse

2041 975 2344 1038 rationem,
2378 992 2502 1030 cum
2549 994 2656 1031 non
2695 987 2844 1032 esset
2890 979 2945 1034 in
2987 995 3151 1032 mauu
3210 990 3440 1046 nostra,
3468 983 3623 1052 quod

2042 1067 2367 1137 liberet,pro
2396 1069 2662 1122 arbitratu
2686 1068 3094 1138 suscipere,sed
3124 1071 3215 1124 illa
3245 1071 3382 1126 foret
3419 1088 3619 1143 exspe-

2041 1158 2237 1214 ctanda
2283 1160 2585 1216 necessitas
2621 1175 2636 1210 :
2671 1175 2792 1231 ιιιιιιι
2837 1160 2884 1215 si
2912 1175 3074 1230 quem
3119 1163 3174 1216 in
3211 1179 3331 1218 eam
3375 1173 3612 1219 mentem

2044 1258 2306 1322 tanquam
2343 1252 2501 1321 signo
2528 1251 2658 1306 dato
2703 1253 3046 1322 impulisset,
3104 1255 3340 1308 orationi
3394 1271 3618 1311 necesse

2045 1359 2167 1398 esse
2189 1351 2248 1398 ut
2271 1344 2355 1398 vel
2381 1345 2574 1401 nolens
2595 1346 2931 1402 assentiatur
2953 1363 2966 1399 :
2992 1345 3138 1415 quod
3156 1345 3276 1400 sine
3301 1345 3411 1407 illa,
3437 1361 3622 1416 quam-

2044 1435 2130 1490 vis
2179 1433 2509 1506 magnopere
2541 1437 2734 1500 vellet,
2767 1436 2885 1492 ﬁeri
2918 1452 3027 1493 non
3071 1445 3278 1509 posset.
3323 1437 3616 1506 Postquam

2045 1523 2160 1578 haec
2185 1524 2274 1580 ille
2299 1533 2353 1579 et
2377 1525 2498 1595 ejus
2522 1526 2741 1596 generis
2768 1528 2873 1581 alia
2899 1527 3270 1588 disseruisset,
3307 1527 3620 1582 sciscitatus

2045 1631 2111 1669 ex
2141 1631 2208 1670 eo
2238 1630 2382 1680 sum,
2419 1615 2660 1673 Deumne
2687 1617 2996 1690 quempiam
3055 1634 3178 1674 esse
3213 1628 3428 1688 putaret
3458 1657 3472 1681 ,
3524 1619 3620 1673 l'ati

2047 1707 2270 1762 nomine
2305 1707 2664 1780 appellatum,
2701 1709 2795 1781 qui
2827 1709 3073 1766 oumium
3117 1724 3298 1763 rerum
3333 1710 3620 1779 potiretur,

2046 1805 2101 1850 et
2127 1797 2288 1866 cujus
2319 1798 2604 1853 voluntate
2639 1798 2897 1855 universa
2924 1798 3178 1858 crederet.
3223 1797 3620 1858 administrari.

372 1878 450 1949 μὴ
473 1877 695 1931 δυνατὸν
723 1874 861 1932 εἶναι
895 1879 1169 1947 γενέσθαι.
1213 1881 1354 1950 Ἐγὼ
1382 1882 1438 1935 δὲ
1463 1881 1633 1935 ταῦτα
1658 1883 1821 1936 αὑτοῦ
1854 1885 1946 1937 καὶ

2055 1887 2118 1941 At
2155 1887 2244 1943 ille
2273 1904 2359 1943 me
2383 1888 2454 1942 ob
2501 1903 2620 1942 eam
2653 1889 3140 1960 interrogationem
3175 1889 3496 1958 ignorantia:
3526 1904 3623 1942 no-

367 1972 439 2026 τά
483 1973 708 2027 τοιαῦτα
744 1973 1066 2042 διεξιόντος,
1095 1977 1312 2048 ἠρόμην
1347 1979 1532 2047 αὐτὸν,
1576 1980 1624 2032 εἰ
1661 1978 1794 2032 Θεόν
1825 1996 1948 2032 τινα

366 2065 541 2118 οἴεται
562 2065 652 2118 τὸν
679 2066 821 2119 κατά
856 2067 1071 2121 πάντων
1119 2070 1312 2138 ἔχοντα
1350 2071 1570 2138 κράτος,
1608 2071 1700 2124 τὸν
1727 2069 1805 2141 τῷ
1835 2070 1949 2124 ὀνό-

373 2173 505 2226 ματι
534 2156 633 2226 τῆς
663 2158 1003 2229 εἱμαρμένης
1049 2160 1494 2232 ἀποκαλούμενον
1515 2204 1530 2228 ,
1571 2157 1632 2218 οὗ
1656 2163 1734 2234 τῷ
1759 2164 1951 2234 βουλή-

376 2265 506 2318 ματι
541 2248 609 2301 τὰ
643 2248 765 2302 καθ’
792 2250 1020 2303 ἕκαστον
1041 2252 1444 2322 οἰκονομεῖσθαι
1468 2255 1849 2308 πεπίστευκεν.
1890 2255 1949 2307 '0

368 2337 430 2392 δὲ
465 2339 664 2410 πολλήν
692 2358 790 2412 μου
828 2343 1134 2411 καταγνοὺς
1170 2345 1499 2417 ἀῦελτηρίαν
1543 2348 1601 2400 ὲν
1641 2345 1717 2418 τῷ
1745 2348 1950 2417 ἐρωτή-

380 2449 534 2501 ματι,
584 2430 658 2484 Οὔ
688 2451 778 2503 μοι
807 2433 982 2498 δοκεῖς
1012 2437 1492 2507 κατανενοηκέναι,
1531 2439 1686 2508 φησι,
1718 2437 1826 2491 τῶν
1862 2438 1952 2490 οὐ·

378 2523 580 2593 ρανίων
614 2524 786 2578 οὐδέν.
822 2520 901 2578 Ἦ
933 2525 1043 2597 γὰρ
1071 2527 1136 2580 ἂν
1164 2527 1336 2595 ἔγνως
1367 2529 1468 2597 τῆς
1497 2531 1834 2602 εἱμαρμένης
1853 2531 1951 2601 τὴν

373 2615 638 2686 δύναμιν,
694 2615 789 2670 καὶ⁸
841 2618 988 2681 ὅπως
1047 2618 1362 2690 κατελήφθη
1415 2620 1524 2674 τῶν
1585 2621 1707 2679 καθ’
1763 2622 1952 2693 εἱρμὸν

377 2703 748 2776 ἀπαραϐάτως
795 2709 1095 2778 γινομένων
1145 2712 1177 2777 ή
1227 2710 1473 2781 δύναμις.
1546 2710 1711 2782 Ἐμοῦ
1767 2713 1823 2765 δὲ
1859 2714 1954 2766 καὶ

380 2799 518 2867 πρὸς
549 2798 736 2852 τοῦτον
768 2799 1236 2872 ξενοφωνουμένου
1265 2803 1353 2855 τὸν
1381 2804 1558 2872 λόγον,
1582 2805 1675 2858 καί
1707 2823 1757 2858 τι
1794 2806 1954 2873 σαφέ-

379 2906 570 2961 στερον
599 2890 874 2958 ἀξιοῦντος
913 2891 1122 2963 μαθεῖν,
1158 2895 1384 2962 πότερον
1414 2895 1642 2966 δύναμίν
1674 2914 1795 2949 τινα
1827 2914 1956 2968 προ-

378 2983 663 3052 αιρετικὴν
691 2984 1000 3054 αὐτοκρατῆ
1043 3001 1102 3037 τε
1141 2986 1230 3038 καὶ
1261 2986 1572 3050 ἀδέσποτον,
1609 2988 1666 3039 ἐν
1695 2988 1953 3059 ὑπερκειτ-

382 3073 521 3144 μένῃ
551 3075 656 3127 τινὶ
682 3073 899 3145 ἐξουσίᾳ
921 3074 1301 3149 θεωρουμένην
1327 3075 1423 3148 τὴν
1453 3079 1790 3149 εἱμαρμένην
1819 3074 1954 3132 εἶναι

380 3164 735 3234 φαντάζεται,
767 3166 800 3236 ἢ
828 3165 954 3220 ἄλλο
992 3167 1222 3237 τιπαρά
1255 3168 1411 3226 τοῦτο
1456 3168 1722 3240 ὑπείληφε
1743 3211 1758 3235 ,
1795 3170 1955 3223 πάλιν

376 3258 473 3310 τὸν
507 3257 667 3310 αὑτὸν
707 3258 1061 3314 ἐπαναλαϐὼν
1093 3258 1270 3326 λόγον,
1309 3260 1367 3312 '0
1388 3261 1496 3313 τῶν
1531 3260 1814 3332 οὐρανίων,
1849 3278 1954 3332 φη-

381 3350 491 3411 σιν,
534 3349 943 3420 ὲπεσκεμμένος
980 3350 1080 3421 τὴν
1125 3351 1358 3422 κίνησιν,
1405 3351 1496 3405 τόν
1531 3369 1591 3404 τε
1632 3350 1954 3422 ζωδιοφόρον

382 3440 602 3503 κύκλον,
649 3441 744 3494 καὶ
791 3442 860 3495 τά
892 3444 949 3494 ἐν
995 3441 1142 3513 αύτῷ
1173 3442 1494 3496 δυοκαίδεκα
1539 3443 1840 3514 τμήματα,
1887 3444 1953 3512 τῇ

384 3533 702 3602 περιγραφῇ
735 3531 842 3584 τῶν
875 3530 1323 3602 ὲνθεωρουμένων
1355 3531 1559 3594 ζωδίων
1605 3531 1672 3584 δι’
1709 3531 1823 3584 ῖσου
1862 3532 1955 3584 ἀπ’

385 3623 630 3694 ἀλλήλων
679 3623 1019 3695 διεστηκότα,
1065 3624 1295 3678 ἑκάστου
1345 3642 1405 3678 τε
1450 3625 1559 3677 τῶν
1598 3625 1812 3695 ἄστρων
1859 3624 1957 3696 τὴν

382 3713 613 3782 δύναμιν
648 3716 990 3787 κατανοήσας
1015 3755 1030 3779 ,
1081 3716 1196 3770 τίνα
1239 3716 1338 3786 μὲν
1382 3717 1466 3786 ἐφ’
1501 3717 1694 3770 ἐαυτοῦ
1727 3718 1957 3770 ἕκαστον

383 3807 452 3860 ἐκ
488 3805 702 3874 φύσεως
733 3805 885 3876 ἰσχὺν
915 3805 1024 3876 ἔχει
1044 3822 1060 3838 ο
1092 3805 1144 3859 τί
1175 3807 1230 3860 δὲ
1257 3809 1290 3878 ἡ
1321 3805 1532 3869 σύνοδος
1561 3807 1738 3860 αὐτῶν
1777 3810 1840 3861 ἐκ
1859 3809 1958 3878 τῆς

385 3898 547 3960 ποιᾶς
575 3895 718 3966 ,πρὸς
749 3895 952 3967 ἄλληλα
982 3896 1227 3966 κράσεως
1259 3897 1651 3968 ἀπεργάζεται,
1686 3897 1785 3968 τῆς
1817 3899 1958 3952 κατά

385 3987 616 4058 δύναμιν
655 3987 883 4041 ἑκάστου
928 3987 1102 4040 αύτῶν
1147 3987 1408 4059 ἰδιότητος
1461 3987 1745 4059 μιχθείσης
1785 4006 1842 4041 τε
1881 3989 1959 4060 τῷ

386 4078 780 4152 προσεγγισμῷ
805 4079 940 4151 πρὸς
971 4079 1066 4150 τὴν
1095 4081 1308 4148 ἑτέραν,
1343 4081 1436 4136 καὶ
1461 4080 1854 4154 ἀποκριθείσης
1872 4081 1960 4141 διὰ

382 4170 484 4241 τῆς
515 4172 864 4236 ἀποστάσεως
884 4189 898 4204 ο
926 4172 978 4224 τί
1009 4187 1068 4224 τε
1103 4170 1262 4224 πάλιν
1294 4173 1326 4241 ἡ
1355 4171 1447 4225 τοῦ
1482 4171 1790 4244 κατωτέρου
1828 4173 1961 4226 ὑπό-

384 4261 544 4322 ϐασις
586 4263 908 4338 ἐργάζεται·
953 4265 1048 4323 καὶ
1089 4262 1142 4314 τί
1176 4264 1213 4336 ἡ
1245 4263 1340 4317 τοῦ
1379 4263 1773 4339 ὑπερκειμένου
1819 4264 1961 4324 κατά

385 4353 484 4424 τὴν
515 4353 745 4424 πάροδον
765 4353 1025 4421 ἔκλειψις,
1044 4353 1138 4405 καὶ
1169 4353 1330 4407 πάλιν
1357 4353 1820 4418 ἀποκατάστασις,
1851 4356 1878 4409 ὅ
1900 4372 1960 4416 τε

387 4429 628 4510 ποικίλος
658 4444 764 4498 τῶν
796 4445 1082 4498 συνιόντων
1111 4461 1168 4497 τε
1202 4447 1296 4499 καὶ
1325 4446 1710 4518 ἀφισταμένων
1743 4464 1959 4519 σχημα-

2048 1977 2196 2032 mine
2226 1992 2334 2031 non
2391 1978 2584 2033 leviter
2613 1979 2927 2032 accusabat.
2974 1977 3091 2031 Non
3125 1977 3328 2032 videris
3355 2019 3371 2044 ,
3415 1977 3632 2049 inquit,

2049 2067 2184 2121 mihi
2218 2066 2517 2143 quidquam
2553 2068 2863 2125 caelestium
2901 2083 3082 2122 rerum
3113 2068 3447 2140 percepisse.
3483 2068 3624 2121 Alio-

2049 2158 2184 2235 quin
2237 2159 2381 2212 cnim
2433 2158 2795 2227 cognovisscs.
2846 2157 3091 2230 profecto
3132 2159 3236 2212 vim
3275 2157 3419 2223 fati,
3481 2157 3626 2212 unde

2052 2250 2265 2304 scilicet
2313 2259 2366 2303 et
2394 2250 2671 2320 quomodo
2707 2249 3048 2319 deprehensa
3094 2250 3166 2302 sit
3199 2249 3282 2304 vis
3313 2265 3498 2306 rerum
3531 2251 3626 2303 im-

2053 2341 2300 2395 mutabili
2339 2343 2572 2411 quadam
2606 2343 2748 2399 serie
2797 2357 3048 2415 nexuque
3089 2343 3477 2398 evenicntium.
3513 2341 3626 2412 Ego

2054 2433 2325 2490 sermonis
2359 2435 2597 2489 novitate
2622 2432 3056 2508 obstupefactus,
3101 2447 3225 2487 cum
3257 2448 3533 2502 rogassem
3569 2444 3626 2486 ut

2052 2541 2138 2579 me
2160 2525 2322 2593 paulo
2342 2523 2548 2579 clarius
2566 2523 2840 2594 edoceret,
2869 2532 3052 2577 utrum
3080 2522 3247 2579 l'atum
3278 2523 3420 2592 quod
3444 2523 3634 2580 animo.

2055 2615 2314 2684 lingeret,
2343 2615 2452 2671 vim
2481 2616 2773 2686 quamdam
2809 2615 3214 2678 voluntariam,
3255 2615 3504 2678 liberam,
3540 2614 3624 2668 sui

2048 2708 2214 2780 juris,
2249 2722 2581 2779 summaeque
2604 2708 2879 2777 potentiae,
2912 2723 2980 2761 an
3012 2722 3142 2762 vero
3175 2707 3321 2768 aliud
3345 2707 3636 2776 quidpiam,

2055 2799 2122 2852 ab
2157 2799 2250 2853 illa
2303 2799 2582 2856 diversum
2623 2815 2745 2856 esse
2789 2807 3052 2854 statueret
3102 2799 3342 2860 :eadem
3395 2799 3625 2868 repetita

2053 2891 2339 2946 oratione:
2381 2891 2506 2957 Qui,
2539 2891 2713 2962 inquit
2737 2931 2752 2952 .
2782 2891 3179 2960 contemplatus
3207 2899 3290 2946 est
3324 2889 3625 2944 ccelestium

2055 2996 2344 3052 corporum
2400 2993 2649 3045 motum,
2705 2983 2985 3037 zodiacum
3038 2982 3346 3047 circulum,
3399 2981 3630 3049 ejusque

2056 3073 2382 3134 duodecim,
2435 3089 2555 3143 quae
2608 3073 2662 3126 in
2709 3088 2774 3128 eo
2821 3072 3277 3146 conspiciuntur,
3340 3079 3624 3142 segmenta

1987 3199 2029 3256 ρ
2062 3167 2404 3238 aequabiliter
2438 3168 2578 3223 inter
2615 3184 2673 3223 se
2705 3167 2898 3224 dissita
2941 3187 2953 3222 :
2989 3183 3090 3223 nec
3129 3184 3238 3222 non
3281 3165 3626 3237 singulorum

2065 3269 2342 3315 astrorum
2379 3259 2696 3314 facultatem
2732 3275 2794 3313 ac
2829 3260 2976 3315 vires
2999 3276 3136 3330 quas
3165 3275 3260 3330 per
3288 3275 3348 3315 se
3372 3258 3631 3328 quodque

2059 3351 2114 3406 in
2145 3361 2266 3405 ortu
2303 3367 2403 3406 suo
2433 3351 2595 3405 habet
2628 3370 2641 3405 :
2676 3350 2806 3420 quid
2834 3367 3022 3406 eorum
3046 3351 3240 3406 elliciat
3272 3365 3627 3421 congressus,

2061 3443 2298 3513 propriis
2328 3442 2671 3512 singulorum
2709 3442 3004 3497 virtutibus
3035 3443 3178 3497 inter
3202 3459 3262 3498 se
3289 3442 3630 3513 temperatis.

2060 3539 2175 3590 sive
2220 3550 2298 3590 ea:
2339 3535 2821 3598 conunisceantur,
2873 3542 2932 3588 ut
2973 3551 3098 3588 cum
3142 3543 3353 3590 astrum
3401 3535 3637 3590 alterunt

2061 3624 2459 3696 appropinquat
2484 3625 2661 3689 alteri,
2694 3627 2808 3679 sive
2835 3634 3218 3687 secernantur.
3257 3634 3315 3679 ιιι
3353 3640 3478 3681 cum
3497 3625 3636 3679 alte-1

2061 3731 2182 3769 rum
2199 3715 2268 3770 ab
2284 3716 2456 3770 altero
2481 3716 2724 3771 recedit:
2749 3715 2880 3786 quid
2905 3718 3031 3770 item
3057 3716 3332 3770 inferioris
3357 3729 3630 3774 recessus.

2059 3806 2188 3877 qttid
2220 3807 2521 3877 superioris
2553 3806 2608 3860 in
2643 3809 2878 3863 transitu
2913 3806 3150 3862 defectio
3173 3849 3188 3872 ,
3221 3807 3351 3878 qttid
3385 3804 3632 3876 ejusdem

2061 3899 2340 3953 restitutio
2372 3915 2385 3952 :
2418 3897 2550 3968 quid
2577 3897 2732 3952 varia
2764 3897 3233 3968 congredientium
3254 3907 3307 3954 et
3326 3897 3637 3968 digredien-

2063 3989 2196 4042 tium
2218 3987 2411 4052 forma,
2445 3988 2562 4042 sive
2578 3988 2863 4060 trianguli,
2884 3989 2998 4044 sive
3023 3989 3252 4056 scaleni,
3280 3997 3376 4042 aut
3395 3989 3440 4044 si
3468 4004 3633 4059 quant

2063 4082 2223 4142 aliam
2249 4082 2651 4152 geometricam
2675 4079 2906 4150 ﬁguram
2933 4081 3178 4136 referunt
3209 4097 3224 4135 :
3262 4082 3355 4150 qui
3381 4080 3514 4136 haec.
3545 4080 3628 4133 in-

2062 4175 2202 4244 quit,
2233 4182 2288 4229 et
2321 4173 2638 4243 bujusmodi
2662 4175 2767 4226 alia
2790 4175 3290 4243 pe_rspexerit,sciet
3305 4172 3637 4230 fatinomine

2061 4263 2117 4318 id
2149 4261 2484 4334 signiﬁcari,
2539 4260 2686 4336 quod
2735 4259 3144 4330 seriequadam
3180 4260 3506 4325 immutabili
3539 4277 3637 4333 pro

2063 4354 2342 4410 stellarum
2401 4353 2790 4423 conjunctione
2845 4351 3159 4407 necessario
3202 4352 3452 4413 edicitur.
3483 4350 3623 4406 Cum

2065 4445 2118 4500 id
2160 4459 2377 4514 quoque
2432 4443 2562 4496 mihi
2627 4441 2929 4496 inauditum
2983 4449 3034 4494 et
3086 4457 3284 4494 novmn
3344 4440 3639 4498 accidisset

385 4537 602 4607 τισμδς,
642 4537 700 4590 ἐν
732 4537 1058 4606 τριγωνίοις,
1093 4535 1126 4606 ἢ
1164 4537 1448 4608 σκαληνοϊς
1475 4539 1953 4609 καταγραφόμενος

2066 4539 2199 4605 (ιιοιι
2239 4538 2383 4593 enim
2420 4535 2717 4607 quidquam
2767 4549 2959 4589 eorum
2992 4550 3115 4604 qua:
3162 4533 3389 4598 diceret,
3438 4533 3639 4588 intelli-

389 4629 660 4699 σχήμασιν
679 4667 694 4692 ,
722 4627 758 4700 ἢ
791 4628 884 4680 καὶ
912 4626 1042 4680 ἄλλο
1072 4644 1125 4680 τι
1157 4627 1264 4688 ⁸ιςῶν
1287 4628 1429 4684 κατά
1461 4629 1798 4699 γεωμετρίαν
1829 4628 1954 4682 θεω-

393 4720 665 4789 ρουμένων
732 4719 1025 4790 σχημάτων
1085 4718 1395 4773 ἀποτελῶν
1447 4723 1476 4774 ὁ
1522 4723 1697 4774 ταῦτα
1754 4721 1850 4774 καὶ
1892 4721 1963 4774 τὰ

386 4811 610 4866 τοιαῦτα
643 4815 1002 4884 κατανοήσας,
1033 4812 1238 4867 εἴσεται
1267 4813 1367 4884 τῆς
1400 4813 1736 4891 εἱμαρμένης
1766 4812 1828 4866 τὸ
1863 4829 1960 4884 ση-

392 4904 732 4974 μαινόμενον,
759 4903 840 4956 ὃτι
875 4902 936 4955 τὸ
976 4903 1152 4974 εἱρμῷ
1179 4920 1286 4956 τινι
1328 4902 1667 4973 ἀπαρασάτῳ
1699 4901 1840 4954 κατά
1865 4901 1962 4973 τὴν

391 4994 550 5046 ποιὰν
581 4992 898 5065 συμπλοκὴν
925 4993 1034 5046 τῶν
1067 4993 1311 5065 ἀστέρων
1340 4992 1651 5063 ἀναγκαίως
1673 4993 1963 5046 ἀποτελού-

394 5102 553 5161 μενον
601 5085 677 5156 τῷ
731 5085 954 5155 ὀνόματι
1013 5086 1110 5156 τῆς
1165 5086 1504 5157 εἱμαρμένης
1549 5085 1960 5158 διηρμήνευται.

403 5177 556 5230 Ἐπεὶ
580 5177 635 5230 δέ
664 5195 728 5246 με
756 5177 1028 5230 καὶτοῦτο
1053 5177 1214 5230 πάλιν
1233 5177 1466 5244 ἐξένιζεν
1486 5194 1499 5207 °
1523 5177 1584 5230 ού
1619 5177 1728 5247 γάρ
1779 5175 1966 5247 συνὶην

392 5270 499 5322 τῶν
530 5270 838 5340 λεγομένων
865 5270 1036 5334 οὐδὲν,
1070 5270 1164 5323 ἆτε
1200 5271 1274 5340 μὴ
1309 5269 1738 5339 πεπαιδευμένος
1763 5267 1967 5339 ταύτην

393 5363 492 5434 τὴν
516 5361 794 5416 παίδευσιν
813 5380 828 5394 ο
854 5362 1056 5435 ἠξίουν,
1085 5362 1152 5414 δι’
1182 5355 1254 5417 ὧν
1278 5357 1346 5430 ἦν
1385 5378 1474 5431 μοι
1507 5358 1732 5413 δυνατὸν
1763 5359 1966 5428 γνῶναι

392 5457 493 5526 τὴν
524 5457 623 5525 τῆς
655 5457 992 5527 εἱμαρμένης
1024 5454 1280 5517 διάνοιαν,
1315 5453 1402 5506 διὰ
1431 5453 1635 5506 τούτων
1667 5469 1756 5524 μοι
1801 5467 1967 5520 φανε-

401 5546 490 5618 ρὸν
540 5548 710 5598 ποιεῖν
743 5546 804 5598 τὸ
844 5545 1151 5616 λεγόμενον.
1202 5545 1340 5607 Τοὺς
1391 5544 1502 5616 γὰρ
1545 5541 1824 5614 άστρῴους
1869 5541 1968 5594 κύ·

399 5636 556 5694 κλους
577 5636 732 5691 ἄλλον
752 5635 896 5707 ἄλλῳ
917 5636 1213 5705 ἐγκεῖσθαι,
1239 5636 1334 5689 καὶ
1357 5636 1458 5706 τὴν
1479 5635 1725 5688 ἐναντίαν
1755 5633 1968 5704 κίνησιν

399 5727 466 5796 τῇ
513 5725 742 5779 ἀπλανεῖ
780 5727 1055 5798 περιφορᾷ
1094 5725 1236 5780 κατά
1269 5727 1329 5778 τὸ
1362 5725 1512 5789 ἐντὸς
1561 5724 1967 5789 ἀνελίσσεσθαι,

405 5817 496 5872 καὶ
519 5817 723 5882 πάντας
748 5816 967 5882 τούτους
997 5816 1075 5888 τῷ
1105 5814 1362 5888 ζωδιακῴ
1399 5816 1715 5873 ἐνδινεῖσθαι
1744 5815 1928 5889 κύκλῳ
1951 5831 1965 5847 °

2063 4631 2277 4701 gebam,
2309 4629 2510 4700 quippe
2539 4643 2602 4682 ea
2642 4625 2930 4696 disciplina
2961 4641 3067 4679 non
3112 4623 3413 4694 eruditus),
3449 4625 3638 4694 rogavi

2063 4729 2122 4775 ιιι
2166 4736 2235 4774 eo
2281 4721 2441 4774 modo
2501 4716 2634 4772 mihi
2688 4719 2794 4771 vim
2847 4715 2998 4770 verbi
3026 4715 3352 4780 declararet,
3389 4729 3502 4784 quo
3543 4715 3638 4768 l'ati

2063 4811 2340 4866 notionem
2381 4808 2598 4883 assequi
2649 4821 2886 4883 possem.
2928 4804 3061 4859 Nam
3105 4805 3358 4860 caelestes
3397 4805 3640 4859 circulos

2063 4905 2230 4958 alium
2295 4903 2352 4957 in
2398 4903 2506 4956 alio
2545 4882 2691 4963 esse,
2746 4908 2801 4954 et
2859 4907 3010 4952 motu
3064 4899 3346 4952 contrario
3401 4912 3638 4953 conver-

2065 4995 2208 5052 sioni
2246 4993 2569 5047 ﬁrmamenti
2603 5006 2700 5045 seu
2731 4989 2943 5060 aplauis
2975 4989 3207 5044 interius
3240 4989 3397 5054 cieri,
3439 5004 3642 5059 eosque

2065 5086 2328 5142 omnesin
2360 5084 2585 5149 zodiaco
2606 5081 2961 5142 circumvolvi
2994 5099 3006 5135 :
3042 5081 3180 5147 haec,
3209 5080 3454 5150 inquam,
3477 5081 3640 5136 etiam

2066 5180 2135 5234 ab
2184 5179 2317 5239 aliis
2351 5176 2556 5239 audivi,
2601 5189 2664 5228 ac
2707 5173 2936 5244 proinde
2987 5173 3339 5227 luminarimn
3395 5174 3644 5242 splendo-

2068 5287 2181 5326 rem
2237 5286 2337 5342 pro
2394 5269 2750 5332 conversione
2792 5267 2992 5336 cuique
3048 5267 3192 5322 coelo
3251 5267 3470 5337 propria
3528 5276 3643 5321 tum

2068 5361 2326 5418 accedere
2351 5369 2466 5420 tum
2501 5360 2780 5422 recedere,
2821 5368 2980 5429 atque
3027 5356 3287 5413 inferiore
3315 5367 3468 5412 astro
3508 5358 3644 5414 sub-

2068 5464 2233 5509 eunte
2277 5454 2394 5507 tolli
2425 5468 2458 5515 e.
2485 5460 2782 5523 conspectu
2807 5459 3002 5507 nostro
3047 5450 3328 5521 superius.
3351 5449 3397 5506 si
3421 5449 3644 5518 quidem

2072 5545 2315 5600 inl'eriori
2362 5544 2569 5605 directe
2611 5553 2922 5616 opponatur
2966 5563 2979 5598 :
3027 5553 3080 5599 et
3133 5557 3469 5612 quacunque
3519 5541 3647 5596 hinc

2071 5645 2195 5708 apte
2215 5635 2627 5706 colligerentur,
2656 5637 2775 5692 sive
2799 5635 3031 5691 formam
3067 5635 3307 5704 aliquam
3334 5633 3642 5701 efﬁcerent,

2073 5736 2134 5782 ιιι
2179 5744 2310 5786 cum,
2364 5727 2605 5789 circulus
2664 5727 2900 5799 spatium
2950 5725 3106 5798 quod
3148 5726 3202 5780 ιιι
3265 5740 3326 5782 se
3373 5725 3648 5794 continet,

2079 5818 2153 5875 ita
2186 5825 2336 5873 motu
2369 5832 2470 5874 suo
2499 5816 2687 5885 ambit,
2728 5801 2786 5873 ut
2821 5817 2974 5875 sidus
3007 5817 3061 5872 in
3106 5814 3346 5872 transitu
3373 5825 3467 5870 aut
3498 5824 3661 5872 recta.
