  <div class='ocr_page' id='page_1' title='image "/cluster/home/n/w/nwhite01/storage/ocr_20150623/45/nnc1.0046978445/085.png"; bbox 0 0 4066 6374; ppageno 0'>
   <div class='ocr_carea' id='block_1_1' title="bbox 387 257 2414 318">
    <p class='ocr_par' dir='ltr' id='par_1_1' title="bbox 387 257 2414 318">
     <span class='ocr_line' id='line_1_1' title="bbox 387 257 2414 318; baseline -0.002 -2"><span class='ocrx_word' id='word_1_1' title='bbox 387 261 479 318; x_wconf 78' lang='grc'><strong>151</strong></span> <span class='ocrx_word' id='word_1_2' title='bbox 1637 261 1693 317; x_wconf 81' lang='lat' dir='ltr'><strong>S.</strong></span> <span class='ocrx_word' id='word_1_3' title='bbox 1741 259 2066 317; x_wconf 73' lang='lat' dir='ltr'><strong>GREGOlill</strong></span> <span class='ocrx_word' id='word_1_4' title='bbox 2121 257 2414 315; x_wconf 70' lang='lat' dir='ltr'>NYSSEN!</span> 
     </span>
    </p>
   </div>
   <div class='ocr_carea' id='block_1_2' title="bbox 3554 259 3657 316">
    <p class='ocr_par' dir='ltr' id='par_1_2' title="bbox 3554 259 3657 316">
     <span class='ocr_line' id='line_1_2' title="bbox 3554 259 3657 316; baseline -0.019 0"><span class='ocrx_word' id='word_1_5' title='bbox 3554 259 3657 316; x_wconf 67' lang='grc'><strong>152</strong></span> 
     </span>
    </p>
   </div>
   <div class='ocr_carea' id='block_1_3' title="bbox 384 372 1975 449">
    <p class='ocr_par' dir='ltr' id='par_1_3' title="bbox 384 379 1960 449">
     <span class='ocr_line' id='line_1_3' title="bbox 384 379 1960 449; baseline -0.001 -17"><span class='ocrx_word' id='word_1_6' title='bbox 384 381 678 442; x_wconf 72' lang='lat' dir='ltr'><strong>obiiciatur</strong></span> <span class='ocrx_word' id='word_1_7' title='bbox 729 379 1026 449; x_wconf 80' lang='lat' dir='ltr'><strong>superiori,</strong></span> <span class='ocrx_word' id='word_1_8' title='bbox 1054 390 1148 439; x_wconf 90' lang='lat' dir='ltr'>aut</span> <span class='ocrx_word' id='word_1_9' title='bbox 1172 380 1448 447; x_wconf 88' lang='lat' dir='ltr'><strong>declinet;</strong></span> <span class='ocrx_word' id='word_1_10' title='bbox 1488 379 1603 434; x_wconf 83' lang='lat' dir='ltr'>sive</span> <span class='ocrx_word' id='word_1_11' title='bbox 1652 380 1800 433; x_wconf 89' lang='lat' dir='ltr'><strong>brevi</strong></span> <span class='ocrx_word' id='word_1_12' title='bbox 1825 386 1960 433; x_wconf 87' lang='lat' dir='ltr'><strong>tem-</strong></span> 
     </span>
    </p>
   </div>
   <div class='ocr_carea' id='block_1_4' title="bbox 2078 372 3655 449">
    <p class='ocr_par' dir='ltr' id='par_1_4' title="bbox 2078 372 3655 449">
     <span class='ocr_line' id='line_1_4' title="bbox 2078 372 3655 449; baseline 0.002 -21"><span class='ocrx_word' id='word_1_13' title='bbox 2078 375 2233 429; x_wconf 73' lang='grc' dir='ltr'>ταῦτα</span> <span class='ocrx_word' id='word_1_14' title='bbox 2268 375 2362 430; x_wconf 74' lang='grc' dir='ltr'>καὶ</span> <span class='ocrx_word' id='word_1_15' title='bbox 2395 376 2524 447; x_wconf 79' lang='grc' dir='ltr'>παρ’</span> <span class='ocrx_word' id='word_1_16' title='bbox 2561 375 2761 447; x_wconf 71' lang='grc' dir='ltr'>ἐτέρων</span> <span class='ocrx_word' id='word_1_17' title='bbox 2794 372 2948 430; x_wconf 78' lang='grc' dir='ltr'>εἷπον</span> <span class='ocrx_word' id='word_1_18' title='bbox 2981 374 3313 449; x_wconf 84' lang='grc' dir='ltr'>ἀκηκοέναι,</span> <span class='ocrx_word' id='word_1_19' title='bbox 3345 377 3440 430; x_wconf 85' lang='grc' dir='ltr'>καί</span> <span class='ocrx_word' id='word_1_20' title='bbox 3461 377 3524 429; x_wconf 82' lang='grc' dir='ltr'>ἐκ</span> <span class='ocrx_word' id='word_1_21' title='bbox 3560 377 3655 431; x_wconf 77' lang='grc' dir='ltr'>τοῦ</span> 
     </span>
    </p>
   </div>
   <div class='ocr_carea' id='block_1_5' title="bbox 385 468 1964 541">
    <p class='ocr_par' dir='ltr' id='par_1_5' title="bbox 385 468 1964 541">
     <span class='ocr_line' id='line_1_5' title="bbox 385 468 1964 541; baseline 0.001 -19"><span class='ocrx_word' id='word_1_22' title='bbox 385 473 536 541; x_wconf 85' lang='lat' dir='ltr'><strong>poris</strong></span> <span class='ocrx_word' id='word_1_23' title='bbox 589 471 902 533; x_wconf 88' lang='lat' dir='ltr'><strong>intervallo,</strong></span> <span class='ocrx_word' id='word_1_24' title='bbox 955 471 1071 526; x_wconf 75' lang='lat' dir='ltr'><strong>sive</strong></span> <span class='ocrx_word' id='word_1_25' title='bbox 1118 471 1351 541; x_wconf 85' lang='lat' dir='ltr'>longiori</span> <span class='ocrx_word' id='word_1_26' title='bbox 1393 471 1660 539; x_wconf 85' lang='lat' dir='ltr'>cujusque</span> <span class='ocrx_word' id='word_1_27' title='bbox 1699 468 1964 524; x_wconf 81' lang='lat' dir='ltr'>circuitus</span> 
     </span>
    </p>
   </div>
   <div class='ocr_carea' id='block_1_6' title="bbox 385 559 1964 631">
    <p class='ocr_par' dir='ltr' id='par_1_6' title="bbox 385 559 1964 631">
     <span class='ocr_line' id='line_1_6' title="bbox 385 559 1964 631; baseline 0.001 -20"><span class='ocrx_word' id='word_1_28' title='bbox 385 561 784 616; x_wconf 75' lang='lat' dir='ltr'>absolveretur.</span> <span class='ocrx_word' id='word_1_29' title='bbox 840 562 1283 631; x_wconf 82' lang='lat' dir='ltr'>quandoquidem</span> <span class='ocrx_word' id='word_1_30' title='bbox 1334 575 1432 630; x_wconf 86' lang='lat' dir='ltr'>pro</span> <span class='ocrx_word' id='word_1_31' title='bbox 1477 559 1820 630; x_wconf 84' lang='lat' dir='ltr'><strong>singulorum</strong></span> <span class='ocrx_word' id='word_1_32' title='bbox 1845 572 1964 612; x_wconf 82' lang='lat' dir='ltr'><strong>ma-</strong></span> 
     </span>
    </p>
   </div>
   <div class='ocr_carea' id='block_1_7' title="bbox 384 651 1960 722">
    <p class='ocr_par' dir='ltr' id='par_1_7' title="bbox 384 651 1960 722">
     <span class='ocr_line' id='line_1_7' title="bbox 384 651 1960 722; baseline -0.001 -16"><span class='ocrx_word' id='word_1_33' title='bbox 384 654 668 722; x_wconf 69' lang='lat' dir='ltr'><strong>gnitudine</strong></span> <span class='ocrx_word' id='word_1_34' title='bbox 700 656 1019 710; x_wconf 83' lang='lat' dir='ltr'><strong>necessario</strong></span> <span class='ocrx_word' id='word_1_35' title='bbox 1067 655 1151 709; x_wconf 85' lang='lat' dir='ltr'>vel</span> <span class='ocrx_word' id='word_1_36' title='bbox 1182 654 1416 709; x_wconf 83' lang='lat' dir='ltr'><strong>celerior</strong></span> <span class='ocrx_word' id='word_1_37' title='bbox 1456 653 1538 708; x_wconf 91' lang='lat' dir='ltr'>vel</span> <span class='ocrx_word' id='word_1_38' title='bbox 1571 651 1783 706; x_wconf 77' lang='lat' dir='ltr'><strong>tardior</strong></span> <span class='ocrx_word' id='word_1_39' title='bbox 1811 658 1960 706; x_wconf 88' lang='lat' dir='ltr'><strong>esset</strong></span> 
     </span>
    </p>
   </div>
   <div class='ocr_carea' id='block_1_8' title="bbox 383 760 692 800">
    <p class='ocr_par' dir='ltr' id='par_1_8' title="bbox 383 760 692 800">
     <span class='ocr_line' id='line_1_8' title="bbox 383 760 692 800; baseline 0.023 -6"><span class='ocrx_word' id='word_1_40' title='bbox 383 760 692 800; x_wconf 69' lang='lat' dir='ltr'>(‘lll|\&#39;CI‘Sl0.</span> 
     </span>
    </p>
   </div>
   <div class='ocr_carea' id='block_1_9' title="bbox 2071 466 3657 540">
    <p class='ocr_par' dir='ltr' id='par_1_9' title="bbox 2071 466 3657 540">
     <span class='ocr_line' id='line_1_9' title="bbox 2071 466 3657 540; baseline 0.002 -20"><span class='ocrx_word' id='word_1_41' title='bbox 2071 466 2366 521; x_wconf 83' lang='grc' dir='ltr'>ἀκολούθου</span> <span class='ocrx_word' id='word_1_42' title='bbox 2400 467 2477 539; x_wconf 83' lang='grc' dir='ltr'>μὴ</span> <span class='ocrx_word' id='word_1_43' title='bbox 2498 467 2881 538; x_wconf 79' lang='grc' dir='ltr'>ἀμφιϐάλλειν,</span> <span class='ocrx_word' id='word_1_44' title='bbox 2905 469 3004 532; x_wconf 86' lang='grc' dir='ltr'>τὰς</span> <span class='ocrx_word' id='word_1_45' title='bbox 3025 467 3134 521; x_wconf 85' lang='grc' dir='ltr'>τῶν</span> <span class='ocrx_word' id='word_1_46' title='bbox 3155 469 3455 540; x_wconf 82' lang='grc' dir='ltr'>φωστήρων</span> <span class='ocrx_word' id='word_1_47' title='bbox 3482 469 3657 537; x_wconf 82' lang='grc' dir='ltr'>αὑγὰς</span> 
     </span>
    </p>
   </div>
   <div class='ocr_carea' id='block_1_10' title="bbox 2075 558 3659 631">
    <p class='ocr_par' dir='ltr' id='par_1_10' title="bbox 2075 558 3659 631">
     <span class='ocr_line' id='line_1_10' title="bbox 2075 558 3659 631; baseline 0.001 -19"><span class='ocrx_word' id='word_1_48' title='bbox 2075 559 2214 613; x_wconf 83' lang='grc' dir='ltr'>κατὰ</span> <span class='ocrx_word' id='word_1_49' title='bbox 2244 558 2343 630; x_wconf 80' lang='grc' dir='ltr'>τὴν</span> <span class='ocrx_word' id='word_1_50' title='bbox 2385 558 2689 622; x_wconf 76' lang='grc' dir='ltr'>ἰδιάζουσαν</span> <span class='ocrx_word' id='word_1_51' title='bbox 2715 559 2930 630; x_wconf 72' lang='grc' dir='ltr'>ἑκάστῳ</span> <span class='ocrx_word' id='word_1_52' title='bbox 2956 559 3063 613; x_wconf 78' lang='grc' dir='ltr'>τῶν</span> <span class='ocrx_word' id='word_1_53' title='bbox 3094 560 3271 614; x_wconf 87' lang='grc' dir='ltr'>πόλων</span> <span class='ocrx_word' id='word_1_54' title='bbox 3293 559 3659 631; x_wconf 79' lang='grc' dir='ltr'>κυκλοφορίαν</span> 
     </span>
    </p>
   </div>
   <div class='ocr_carea' id='block_1_11' title="bbox 2076 651 3658 727">
    <p class='ocr_par' dir='ltr' id='par_1_11' title="bbox 2076 651 3658 727">
     <span class='ocr_line' id='line_1_11' title="bbox 2076 651 3658 727; baseline -0.001 -21"><span class='ocrx_word' id='word_1_55' title='bbox 2076 653 2458 727; x_wconf 78' lang='grc' dir='ltr'>προσεγγίζειν</span> <span class='ocrx_word' id='word_1_56' title='bbox 2494 670 2554 706; x_wconf 89' lang='grc' dir='ltr'>τε</span> <span class='ocrx_word' id='word_1_57' title='bbox 2589 654 2684 706; x_wconf 76' lang='grc' dir='ltr'>καὶ⁷</span> <span class='ocrx_word' id='word_1_58' title='bbox 2717 652 3066 721; x_wconf 77' lang='grc' dir='ltr'>ἀφίστασθαι,</span> <span class='ocrx_word' id='word_1_59' title='bbox 3105 653 3198 706; x_wconf 74' lang='grc' dir='ltr'>καὶ</span> <span class='ocrx_word' id='word_1_60' title='bbox 3227 651 3538 706; x_wconf 82' lang='grc' dir='ltr'>ὑποϐαίνειν</span> <span class='ocrx_word' id='word_1_61' title='bbox 3565 651 3658 706; x_wconf 81' lang='grc' dir='ltr'>τδν</span> 
     </span>
    </p>
   </div>
   <div class='ocr_carea' id='block_1_12' title="bbox 2077 739 3659 817">
    <p class='ocr_par' dir='ltr' id='par_1_12' title="bbox 2077 739 3659 817">
     <span class='ocr_line' id='line_1_12' title="bbox 2077 739 3659 817; baseline -0.002 -21"><span class='ocrx_word' id='word_1_62' title='bbox 2077 744 2414 817; x_wconf 83' lang='grc' dir='ltr'>κατώτερον,</span> <span class='ocrx_word' id='word_1_63' title='bbox 2466 745 2561 797; x_wconf 77' lang='grc' dir='ltr'>καὶ</span> <span class='ocrx_word' id='word_1_64' title='bbox 2613 745 2952 815; x_wconf 80' lang='grc' dir='ltr'>κρύπτεσθαι</span> <span class='ocrx_word' id='word_1_65' title='bbox 2992 744 3081 796; x_wconf 80' lang='grc' dir='ltr'>τὸν</span> <span class='ocrx_word' id='word_1_66' title='bbox 3126 744 3521 815; x_wconf 72' lang='grc' dir='ltr'>ὑπερκείμενον</span> <span class='ocrx_word' id='word_1_67' title='bbox 3550 739 3659 796; x_wconf 79' lang='grc' dir='ltr'>ἀπὺ</span> 
     </span>
    </p>
   </div>
   <div class='ocr_carea' id='block_1_13' title="bbox 383 833 3656 907">
    <p class='ocr_par' dir='ltr' id='par_1_13' title="bbox 383 833 3656 907">
     <span class='ocr_line' id='line_1_13' title="bbox 383 833 3656 907; baseline 0 -22"><span class='ocrx_word' id='word_1_68' title='bbox 383 835 490 886; x_wconf 82' lang='grc' dir='ltr'>τῶν</span> <span class='ocrx_word' id='word_1_69' title='bbox 537 837 820 907; x_wconf 77' lang='grc' dir='ltr'>ἡμετέρων</span> <span class='ocrx_word' id='word_1_70' title='bbox 864 835 1060 907; x_wconf 69' lang='grc' dir='ltr'>ὄψεων,</span> <span class='ocrx_word' id='word_1_71' title='bbox 1105 837 1153 889; x_wconf 88' lang='grc' dir='ltr'>εί</span> <span class='ocrx_word' id='word_1_72' title='bbox 1202 835 1344 890; x_wconf 82' lang='grc' dir='ltr'>κατὰ</span> <span class='ocrx_word' id='word_1_73' title='bbox 1392 833 1564 887; x_wconf 84' lang='grc' dir='ltr'>νώτου</span> <span class='ocrx_word' id='word_1_74' title='bbox 1611 833 1821 901; x_wconf 88' lang='grc' dir='ltr'>γένοιτο</span> <span class='ocrx_word' id='word_1_75' title='bbox 1870 833 1963 888; x_wconf 82' lang='grc' dir='ltr'>τοῦ</span> <span class='ocrx_word' id='word_1_76' title='bbox 2005 835 2428 899; x_wconf 77' lang='grc' dir='ltr'>ὑποϐαίνοντος’</span> <span class='ocrx_word' id='word_1_77' title='bbox 2453 836 2548 888; x_wconf 71' lang='grc' dir='ltr'>καὶ</span> <span class='ocrx_word' id='word_1_78' title='bbox 2581 835 2758 889; x_wconf 89' lang='grc' dir='ltr'>πάντα</span> <span class='ocrx_word' id='word_1_79' title='bbox 2777 837 2878 888; x_wconf 81' lang='grc' dir='ltr'>ὅσα</span> <span class='ocrx_word' id='word_1_80' title='bbox 2909 835 3055 899; x_wconf 86' lang='grc' dir='ltr'>εἱκός</span> <span class='ocrx_word' id='word_1_81' title='bbox 3088 837 3153 888; x_wconf 82' lang='grc' dir='ltr'>ἐκ</span> <span class='ocrx_word' id='word_1_82' title='bbox 3207 835 3300 888; x_wconf 83' lang='grc' dir='ltr'>τοῦ</span> <span class='ocrx_word' id='word_1_83' title='bbox 3359 833 3656 888; x_wconf 77' lang='grc' dir='ltr'>ἀκολούθου</span> 
     </span>
    </p>
   </div>
   <div class='ocr_carea' id='block_1_14' title="bbox 382 924 3658 1000">
    <p class='ocr_par' dir='ltr' id='par_1_14' title="bbox 382 924 3658 1000">
     <span class='ocr_line' id='line_1_14' title="bbox 382 924 3658 1000; baseline 0.001 -25"><span class='ocrx_word' id='word_1_84' title='bbox 382 924 724 993; x_wconf 79' lang='grc' dir='ltr'>λογίσασθαι,</span> <span class='ocrx_word' id='word_1_85' title='bbox 773 927 881 979; x_wconf 80' lang='grc' dir='ltr'>εἴτε</span> <span class='ocrx_word' id='word_1_86' title='bbox 910 945 962 978; x_wconf 80' lang='grc' dir='ltr'>τι</span> <span class='ocrx_word' id='word_1_87' title='bbox 998 925 1187 996; x_wconf 81' lang='grc' dir='ltr'>σχῆμα</span> <span class='ocrx_word' id='word_1_88' title='bbox 1218 925 1307 979; x_wconf 83' lang='grc' dir='ltr'>διὰ</span> <span class='ocrx_word' id='word_1_89' title='bbox 1339 925 1544 978; x_wconf 88' lang='grc' dir='ltr'>τούτων</span> <span class='ocrx_word' id='word_1_90' title='bbox 1583 924 1925 978; x_wconf 81' lang='grc' dir='ltr'>ἀποτελεῖται</span> <span class='ocrx_word' id='word_1_91' title='bbox 1951 964 1967 988; x_wconf 87' lang='grc'>,</span> <span class='ocrx_word' id='word_1_92' title='bbox 2007 927 2136 979; x_wconf 85' lang='grc' dir='ltr'>ὅταν</span> <span class='ocrx_word' id='word_1_93' title='bbox 2167 929 2195 980; x_wconf 89' lang='grc' dir='ltr'>ό</span> <span class='ocrx_word' id='word_1_94' title='bbox 2217 927 2414 992; x_wconf 84' lang='grc' dir='ltr'>κύκλος</span> <span class='ocrx_word' id='word_1_95' title='bbox 2443 931 2675 1000; x_wconf 84' lang='grc' dir='ltr'>περιστῇ</span> <span class='ocrx_word' id='word_1_96' title='bbox 2706 927 2792 980; x_wconf 82' lang='grc' dir='ltr'>διὰ</span> <span class='ocrx_word' id='word_1_97' title='bbox 2823 928 2922 998; x_wconf 79' lang='grc' dir='ltr'>τῆς</span> <span class='ocrx_word' id='word_1_98' title='bbox 2948 927 3083 989; x_wconf 81' lang='grc' dir='ltr'>ἰδίας</span> <span class='ocrx_word' id='word_1_99' title='bbox 3107 927 3372 997; x_wconf 78' lang='grc' dir='ltr'>κινήσεως</span> <span class='ocrx_word' id='word_1_100' title='bbox 3446 926 3508 979; x_wconf 83' lang='grc' dir='ltr'>τὸ</span> <span class='ocrx_word' id='word_1_101' title='bbox 3572 927 3658 996; x_wconf 70' lang='grc' dir='ltr'>ἐφ’</span> 
     </span>
    </p>
   </div>
   <div class='ocr_carea' id='block_1_15' title="bbox 383 1015 3660 1092">
    <p class='ocr_par' dir='ltr' id='par_1_15' title="bbox 383 1015 3660 1092">
     <span class='ocr_line' id='line_1_15' title="bbox 383 1015 3660 1092; baseline 0.002 -25"><span class='ocrx_word' id='word_1_102' title='bbox 383 1015 575 1068; x_wconf 79' lang='grc' dir='ltr'>ἑαυτοῦ</span> <span class='ocrx_word' id='word_1_103' title='bbox 611 1016 861 1086; x_wconf 88' lang='grc' dir='ltr'>κείμενον</span> <span class='ocrx_word' id='word_1_104' title='bbox 910 1016 1108 1085; x_wconf 82' lang='grc' dir='ltr'>ἄστρον</span> <span class='ocrx_word' id='word_1_105' title='bbox 1133 1034 1146 1046; x_wconf 93' lang='grc'><strong>·</strong></span> <span class='ocrx_word' id='word_1_106' title='bbox 1193 1015 1333 1070; x_wconf 81' lang='grc' dir='ltr'>ὥστε</span> <span class='ocrx_word' id='word_1_107' title='bbox 1380 1017 1412 1086; x_wconf 74' lang='grc' dir='ltr'><strong>ἢ</strong></span> <span class='ocrx_word' id='word_1_108' title='bbox 1464 1019 1582 1070; x_wconf 86' lang='grc' dir='ltr'>κατ’</span> <span class='ocrx_word' id='word_1_109' title='bbox 1614 1015 1830 1069; x_wconf 81' lang='grc' dir='ltr'>εὐθεῖαν</span> <span class='ocrx_word' id='word_1_110' title='bbox 1861 1015 1957 1069; x_wconf 80' lang='grc' dir='ltr'>τοῦ</span> <span class='ocrx_word' id='word_1_111' title='bbox 1995 1019 2392 1089; x_wconf 80' lang='grc' dir='ltr'>ὑπερκειμένου</span> <span class='ocrx_word' id='word_1_112' title='bbox 2427 1020 2701 1089; x_wconf 89' lang='grc' dir='ltr'>γενέσθαι,</span> <span class='ocrx_word' id='word_1_113' title='bbox 2736 1021 2769 1092; x_wconf 78' lang='grc' dir='ltr'>ἢ</span> <span class='ocrx_word' id='word_1_114' title='bbox 2825 1019 3121 1088; x_wconf 78' lang='grc' dir='ltr'>πλαγιάσαι</span> <span class='ocrx_word' id='word_1_115' title='bbox 3161 1019 3298 1072; x_wconf 78' lang='grc' dir='ltr'>κατὰ</span> <span class='ocrx_word' id='word_1_116' title='bbox 3347 1018 3445 1089; x_wconf 81' lang='grc' dir='ltr'>τὴν</span> <span class='ocrx_word' id='word_1_117' title='bbox 3516 1017 3660 1088; x_wconf 74' lang='grc' dir='ltr'>πάρ-</span> 
     </span>
    </p>
   </div>
   <div class='ocr_carea' id='block_1_16' title="bbox 381 1105 3658 1184">
    <p class='ocr_par' dir='ltr' id='par_1_16' title="bbox 381 1105 3658 1184">
     <span class='ocr_line' id='line_1_16' title="bbox 381 1105 3658 1184; baseline 0.002 -27"><span class='ocrx_word' id='word_1_118' title='bbox 381 1105 520 1167; x_wconf 81' lang='grc' dir='ltr'>οδον,</span> <span class='ocrx_word' id='word_1_119' title='bbox 575 1106 686 1159; x_wconf 79' lang='grc' dir='ltr'>εἴτε</span> <span class='ocrx_word' id='word_1_120' title='bbox 737 1107 801 1159; x_wconf 83' lang='grc' dir='ltr'>δι’</span> <span class='ocrx_word' id='word_1_121' title='bbox 850 1107 1028 1177; x_wconf 79' lang='grc' dir='ltr'>ὀλίγου</span> <span class='ocrx_word' id='word_1_122' title='bbox 1085 1107 1174 1161; x_wconf 76' lang='grc' dir='ltr'>τοῦ</span> <span class='ocrx_word' id='word_1_123' title='bbox 1215 1106 1462 1180; x_wconf 84' lang='grc' dir='ltr'>χρονικοῦ</span> <span class='ocrx_word' id='word_1_124' title='bbox 1512 1109 1910 1179; x_wconf 85' lang='grc' dir='ltr'>διαστήματος,</span> <span class='ocrx_word' id='word_1_125' title='bbox 1953 1111 2061 1163; x_wconf 82' lang='grc' dir='ltr'>εῖτε</span> <span class='ocrx_word' id='word_1_126' title='bbox 2090 1111 2178 1165; x_wconf 80' lang='grc' dir='ltr'>διὰ</span> <span class='ocrx_word' id='word_1_127' title='bbox 2208 1112 2452 1174; x_wconf 87' lang='grc' dir='ltr'>πλείονος</span> <span class='ocrx_word' id='word_1_128' title='bbox 2506 1113 2736 1167; x_wconf 80' lang='grc' dir='ltr'>ἑκάστου</span> <span class='ocrx_word' id='word_1_129' title='bbox 2792 1112 3054 1184; x_wconf 87' lang='grc' dir='ltr'>τούτωνή</span> <span class='ocrx_word' id='word_1_130' title='bbox 3123 1112 3371 1184; x_wconf 87' lang='grc' dir='ltr'>περίοδος</span> <span class='ocrx_word' id='word_1_131' title='bbox 3426 1112 3658 1180; x_wconf 86' lang='grc' dir='ltr'>γίνεται,</span> 
     </span>
    </p>
   </div>
   <div class='ocr_carea' id='block_1_17' title="bbox 384 1199 3658 1277">
    <p class='ocr_par' dir='ltr' id='par_1_17' title="bbox 384 1199 3658 1277">
     <span class='ocr_line' id='line_1_17' title="bbox 384 1199 3658 1277; baseline 0.001 -25"><span class='ocrx_word' id='word_1_132' title='bbox 384 1201 525 1254; x_wconf 79' lang='grc' dir='ltr'>κατὰ</span> <span class='ocrx_word' id='word_1_133' title='bbox 553 1201 615 1254; x_wconf 77' lang='grc' dir='ltr'>τὸ</span> <span class='ocrx_word' id='word_1_134' title='bbox 644 1199 870 1272; x_wconf 87' lang='grc' dir='ltr'>μέγεθος</span> <span class='ocrx_word' id='word_1_135' title='bbox 899 1203 998 1272; x_wconf 81' lang='grc' dir='ltr'>τῆς</span> <span class='ocrx_word' id='word_1_136' title='bbox 1029 1200 1151 1254; x_wconf 87' lang='grc' dir='ltr'>καθ’</span> <span class='ocrx_word' id='word_1_137' title='bbox 1177 1199 1408 1256; x_wconf 75' lang='grc' dir='ltr'>ἕκαστον</span> <span class='ocrx_word' id='word_1_138' title='bbox 1438 1199 1546 1255; x_wconf 84' lang='grc' dir='ltr'>τῶν</span> <span class='ocrx_word' id='word_1_139' title='bbox 1575 1200 1792 1255; x_wconf 86' lang='grc' dir='ltr'>κύκλων</span> <span class='ocrx_word' id='word_1_140' title='bbox 1830 1200 2154 1270; x_wconf 73' lang='grc' dir='ltr'>ἀναλογίας,</span> <span class='ocrx_word' id='word_1_141' title='bbox 2185 1205 2499 1274; x_wconf 81' lang='grc' dir='ltr'>ἀναγκαίως</span> <span class='ocrx_word' id='word_1_142' title='bbox 2529 1204 2563 1276; x_wconf 82' lang='grc' dir='ltr'>ἢ</span> <span class='ocrx_word' id='word_1_143' title='bbox 2599 1205 2792 1259; x_wconf 84' lang='grc' dir='ltr'>θᾶττον</span> <span class='ocrx_word' id='word_1_144' title='bbox 2858 1204 2888 1274; x_wconf 73' lang='grc' dir='ltr'>ἢ</span> <span class='ocrx_word' id='word_1_145' title='bbox 2955 1205 3173 1277; x_wconf 77' lang='grc' dir='ltr'>βράδιον</span> <span class='ocrx_word' id='word_1_146' title='bbox 3234 1207 3334 1277; x_wconf 88' lang='grc' dir='ltr'>τῆς</span> <span class='ocrx_word' id='word_1_147' title='bbox 3396 1207 3658 1275; x_wconf 79' lang='grc' dir='ltr'>ἀναστρο-</span> 
     </span>
    </p>
   </div>
   <div class='ocr_carea' id='block_1_18' title="bbox 385 1293 868 1366">
    <p class='ocr_par' dir='ltr' id='par_1_18' title="bbox 385 1293 868 1366">
     <span class='ocr_line' id='line_1_18' title="bbox 385 1293 868 1366; baseline 0.002 -19"><span class='ocrx_word' id='word_1_148' title='bbox 385 1293 492 1364; x_wconf 80' lang='grc' dir='ltr'>φῆς</span> <span class='ocrx_word' id='word_1_149' title='bbox 523 1294 868 1366; x_wconf 76' lang='grc' dir='ltr'>κινουμένης.</span> 
     </span>
    </p>
   </div>
   <div class='ocr_carea' id='block_1_19' title="bbox 458 1385 1965 1457">
    <p class='ocr_par' dir='ltr' id='par_1_19' title="bbox 458 1385 1965 1457">
     <span class='ocr_line' id='line_1_19' title="bbox 458 1385 1965 1457; baseline -0.003 -15"><span class='ocrx_word' id='word_1_150' title='bbox 458 1387 553 1443; x_wconf 88' lang='lat' dir='ltr'><strong>llis</strong></span> <span class='ocrx_word' id='word_1_151' title='bbox 584 1387 842 1441; x_wconf 91' lang='lat' dir='ltr'><strong>omnibus</strong></span> <span class='ocrx_word' id='word_1_152' title='bbox 872 1385 1092 1441; x_wconf 93' lang='lat' dir='ltr'><strong>silentio</strong></span> <span class='ocrx_word' id='word_1_153' title='bbox 1131 1385 1424 1457; x_wconf 75' lang='lat' dir='ltr'><strong>praeteritis</strong></span> <span class='ocrx_word' id='word_1_154' title='bbox 1458 1385 1708 1451; x_wconf 83' lang='lat' dir='ltr'><strong>orabam,</strong></span> <span class='ocrx_word' id='word_1_155' title='bbox 1747 1393 1806 1440; x_wconf 92' lang='lat' dir='ltr'>ut</span> <span class='ocrx_word' id='word_1_156' title='bbox 1839 1391 1965 1439; x_wconf 90' lang='lat' dir='ltr'><strong>tan-</strong></span> 
     </span>
    </p>
   </div>
   <div class='ocr_carea' id='block_1_20' title="bbox 385 1474 1968 1547">
    <p class='ocr_par' dir='ltr' id='par_1_20' title="bbox 385 1474 1968 1547">
     <span class='ocr_line' id='line_1_20' title="bbox 385 1474 1968 1547; baseline -0.001 -15"><span class='ocrx_word' id='word_1_157' title='bbox 385 1488 500 1532; x_wconf 92' lang='lat' dir='ltr'>tum</span> <span class='ocrx_word' id='word_1_158' title='bbox 556 1475 651 1530; x_wconf 86' lang='lat' dir='ltr'><strong>fati</strong></span> <span class='ocrx_word' id='word_1_159' title='bbox 699 1477 808 1530; x_wconf 84' lang='lat' dir='ltr'>vim</span> <span class='ocrx_word' id='word_1_160' title='bbox 861 1477 1152 1547; x_wconf 88' lang='lat' dir='ltr'><strong>perspicue</strong></span> <span class='ocrx_word' id='word_1_161' title='bbox 1203 1475 1337 1530; x_wconf 87' lang='lat' dir='ltr'><strong>mihi</strong></span> <span class='ocrx_word' id='word_1_162' title='bbox 1382 1474 1701 1546; x_wconf 81' lang='lat' dir='ltr'><strong>explicaret,</strong></span> <span class='ocrx_word' id='word_1_163' title='bbox 1751 1474 1968 1531; x_wconf 89' lang='lat' dir='ltr'><strong>Deusne</strong></span> 
     </span>
    </p>
   </div>
   <div class='ocr_carea' id='block_1_21' title="bbox 388 1567 1969 1640">
    <p class='ocr_par' dir='ltr' id='par_1_21' title="bbox 388 1567 1969 1640">
     <span class='ocr_line' id='line_1_21' title="bbox 388 1567 1969 1640; baseline 0.001 -17"><span class='ocrx_word' id='word_1_164' title='bbox 388 1570 590 1640; x_wconf 86' lang='lat' dir='ltr'><strong>aliquis</strong></span> <span class='ocrx_word' id='word_1_165' title='bbox 634 1567 730 1622; x_wconf 89' lang='lat' dir='ltr'><strong>fati</strong></span> <span class='ocrx_word' id='word_1_166' title='bbox 786 1568 1009 1623; x_wconf 87' lang='lat' dir='ltr'><strong>nomine</strong></span> <span class='ocrx_word' id='word_1_167' title='bbox 1059 1569 1485 1640; x_wconf 85' lang='lat' dir='ltr'><strong>intelligeretur,</strong></span> <span class='ocrx_word' id='word_1_168' title='bbox 1535 1569 1701 1638; x_wconf 87' lang='lat' dir='ltr'><strong>hujus</strong></span> <span class='ocrx_word' id='word_1_169' title='bbox 1726 1569 1969 1624; x_wconf 86' lang='lat' dir='ltr'><strong>universi</strong></span> 
     </span>
    </p>
   </div>
   <div class='ocr_carea' id='block_1_22' title="bbox 389 1661 1970 1732">
    <p class='ocr_par' dir='ltr' id='par_1_22' title="bbox 389 1661 1970 1732">
     <span class='ocr_line' id='line_1_22' title="bbox 389 1661 1970 1732; baseline -0.001 -16"><span class='ocrx_word' id='word_1_170' title='bbox 389 1664 704 1732; x_wconf 86' lang='lat' dir='ltr'><strong>imperator,</strong></span> <span class='ocrx_word' id='word_1_171' title='bbox 731 1672 941 1728; x_wconf 83' lang='lat' dir='ltr'><strong>summa</strong></span> <span class='ocrx_word' id='word_1_172' title='bbox 975 1667 1243 1731; x_wconf 84' lang='lat' dir='ltr'><strong>potestate</strong></span> <span class='ocrx_word' id='word_1_173' title='bbox 1262 1661 1543 1732; x_wconf 62' lang='lat' dir='ltr'><strong>praeditus,</strong></span> <span class='ocrx_word' id='word_1_174' title='bbox 1564 1663 1766 1732; x_wconf 88' lang='lat' dir='ltr'><strong>quique</strong></span> <span class='ocrx_word' id='word_1_175' title='bbox 1787 1661 1970 1716; x_wconf 88' lang='lat' dir='ltr'><strong>omnia</strong></span> 
     </span>
    </p>
   </div>
   <div class='ocr_carea' id='block_1_23' title="bbox 2145 1381 3658 1456">
    <p class='ocr_par' dir='ltr' id='par_1_23' title="bbox 2145 1381 3658 1456">
     <span class='ocr_line' id='line_1_23' title="bbox 2145 1381 3658 1456; baseline 0.003 -20"><span class='ocrx_word' id='word_1_176' title='bbox 2145 1381 2334 1436; x_wconf 83' lang='grc' dir='ltr'>Ταῦτα</span> <span class='ocrx_word' id='word_1_177' title='bbox 2363 1383 2542 1437; x_wconf 87' lang='grc' dir='ltr'>πάντα</span> <span class='ocrx_word' id='word_1_178' title='bbox 2571 1383 2666 1437; x_wconf 75' lang='grc' dir='ltr'>καὶ</span> <span class='ocrx_word' id='word_1_179' title='bbox 2701 1381 2771 1436; x_wconf 79' lang='grc' dir='ltr'>τὰ</span> <span class='ocrx_word' id='word_1_180' title='bbox 2799 1382 3026 1437; x_wconf 81' lang='grc' dir='ltr'>τοιαῦτα</span> <span class='ocrx_word' id='word_1_181' title='bbox 3056 1385 3215 1455; x_wconf 81' lang='grc' dir='ltr'>σιγᾷν</span> <span class='ocrx_word' id='word_1_182' title='bbox 3245 1384 3454 1456; x_wconf 68' lang='grc' dir='ltr'>ἠξίουν,</span> <span class='ocrx_word' id='word_1_183' title='bbox 3496 1387 3658 1456; x_wconf 87' lang='grc' dir='ltr'>μόνον</span> 
     </span>
    </p>
   </div>
   <div class='ocr_carea' id='block_1_24' title="bbox 2073 1475 3659 1549">
    <p class='ocr_par' dir='ltr' id='par_1_24' title="bbox 2073 1475 3659 1549">
     <span class='ocr_line' id='line_1_24' title="bbox 2073 1475 3659 1549; baseline 0.002 -19"><span class='ocrx_word' id='word_1_184' title='bbox 2073 1476 2130 1530; x_wconf 88' lang='grc' dir='ltr'>δέ</span> <span class='ocrx_word' id='word_1_185' title='bbox 2163 1493 2254 1547; x_wconf 90' lang='grc' dir='ltr'>μοι</span> <span class='ocrx_word' id='word_1_186' title='bbox 2291 1475 2476 1544; x_wconf 72' lang='grc' dir='ltr'>σαφῶς</span> <span class='ocrx_word' id='word_1_187' title='bbox 2501 1475 2862 1530; x_wconf 81' lang='grc' dir='ltr'>ἐκκαλύπτειν</span> <span class='ocrx_word' id='word_1_188' title='bbox 2887 1479 2987 1546; x_wconf 79' lang='grc' dir='ltr'>τῆς</span> <span class='ocrx_word' id='word_1_189' title='bbox 3011 1476 3352 1548; x_wconf 82' lang='grc' dir='ltr'>εἱμαρμένης</span> <span class='ocrx_word' id='word_1_190' title='bbox 3381 1478 3480 1549; x_wconf 77' lang='grc' dir='ltr'>τὴν</span> <span class='ocrx_word' id='word_1_191' title='bbox 3501 1479 3659 1535; x_wconf 76' lang='grc' dir='ltr'>δύνα-</span> 
     </span>
    </p>
   </div>
   <div class='ocr_carea' id='block_1_25' title="bbox 2079 1556 3659 1642">
    <p class='ocr_par' dir='ltr' id='par_1_25' title="bbox 2079 1556 3659 1642">
     <span class='ocr_line' id='line_1_25' title="bbox 2079 1556 3659 1642; baseline 0.002 -23"><span class='ocrx_word' id='word_1_192' title='bbox 2079 1556 2192 1639; x_wconf 76' lang='grc' dir='ltr'>μίν,</span> <span class='ocrx_word' id='word_1_193' title='bbox 2239 1566 2370 1630; x_wconf 86' lang='grc' dir='ltr'>Θεός</span> <span class='ocrx_word' id='word_1_194' title='bbox 2404 1565 2486 1628; x_wconf 87' lang='grc' dir='ltr'>τίς</span> <span class='ocrx_word' id='word_1_195' title='bbox 2537 1568 2683 1619; x_wconf 78' lang='grc' dir='ltr'>ἐστιν</span> <span class='ocrx_word' id='word_1_196' title='bbox 2721 1567 2750 1619; x_wconf 88' lang='grc' dir='ltr'>ό</span> <span class='ocrx_word' id='word_1_197' title='bbox 2786 1566 2864 1637; x_wconf 82' lang='grc' dir='ltr'>τῷ</span> <span class='ocrx_word' id='word_1_198' title='bbox 2910 1566 3132 1638; x_wconf 80' lang='grc' dir='ltr'>ὀνόματι</span> <span class='ocrx_word' id='word_1_199' title='bbox 3170 1567 3269 1638; x_wconf 85' lang='grc' dir='ltr'>τῆς</span> <span class='ocrx_word' id='word_1_200' title='bbox 3317 1569 3659 1642; x_wconf 85' lang='grc' dir='ltr'>εἱμαρμένης</span> 
     </span>
    </p>
   </div>
   <div class='ocr_carea' id='block_1_26' title="bbox 2076 1656 3659 1732">
    <p class='ocr_par' dir='ltr' id='par_1_26' title="bbox 2076 1656 3659 1732">
     <span class='ocr_line' id='line_1_26' title="bbox 2076 1656 3659 1732; baseline 0.004 -22"><span class='ocrx_word' id='word_1_201' title='bbox 2076 1656 2196 1711; x_wconf 86' lang='grc' dir='ltr'>νοού</span> <span class='ocrx_word' id='word_1_202' title='bbox 2206 1675 2384 1728; x_wconf 88' lang='grc' dir='ltr'>μενος,</span> <span class='ocrx_word' id='word_1_203' title='bbox 2419 1659 2512 1712; x_wconf 64' lang='grc' dir='ltr'>καὶ</span> <span class='ocrx_word' id='word_1_204' title='bbox 2542 1658 2637 1712; x_wconf 80' lang='grc' dir='ltr'>τοῦ</span> <span class='ocrx_word' id='word_1_205' title='bbox 2663 1659 2864 1722; x_wconf 82' lang='grc' dir='ltr'>παντὸς</span> <span class='ocrx_word' id='word_1_206' title='bbox 2890 1657 3196 1730; x_wconf 78' lang='grc' dir='ltr'>ἐξημμένος</span> <span class='ocrx_word' id='word_1_207' title='bbox 3219 1661 3280 1712; x_wconf 85' lang='grc' dir='ltr'>τὸ</span> <span class='ocrx_word' id='word_1_208' title='bbox 3307 1661 3506 1732; x_wconf 89' lang='grc' dir='ltr'>κράτος</span> <span class='ocrx_word' id='word_1_209' title='bbox 3525 1703 3540 1728; x_wconf 90' lang='grc'>,</span> <span class='ocrx_word' id='word_1_210' title='bbox 3565 1663 3659 1716; x_wconf 78' lang='grc' dir='ltr'>καὶ</span> 
     </span>
    </p>
   </div>
   <div class='ocr_carea' id='block_1_27' title="bbox 389 1737 1975 1823">
    <p class='ocr_par' dir='ltr' id='par_1_27' title="bbox 389 1753 1968 1823">
     <span class='ocr_line' id='line_1_27' title="bbox 389 1753 1968 1823; baseline -0.001 -15"><span class='ocrx_word' id='word_1_211' title='bbox 389 1755 614 1808; x_wconf 81' lang='lat' dir='ltr'><strong>haberet</strong></span> <span class='ocrx_word' id='word_1_212' title='bbox 648 1753 701 1806; x_wconf 89' lang='lat' dir='ltr'>in</span> <span class='ocrx_word' id='word_1_213' title='bbox 728 1768 891 1807; x_wconf 91' lang='lat' dir='ltr'><strong>manu</strong></span> <span class='ocrx_word' id='word_1_214' title='bbox 915 1767 1035 1818; x_wconf 90' lang='lat' dir='ltr'><strong>sua,</strong></span> <span class='ocrx_word' id='word_1_215' title='bbox 1069 1760 1123 1807; x_wconf 89' lang='lat' dir='ltr'>et</span> <span class='ocrx_word' id='word_1_216' title='bbox 1167 1768 1266 1822; x_wconf 85' lang='lat' dir='ltr'>pro</span> <span class='ocrx_word' id='word_1_217' title='bbox 1292 1753 1562 1807; x_wconf 89' lang='lat' dir='ltr'><strong>arbitratu</strong></span> <span class='ocrx_word' id='word_1_218' title='bbox 1606 1753 1968 1823; x_wconf 81' lang='lat' dir='ltr'><strong>gubernaret:</strong></span> 
     </span>
    </p>
   </div>
   <div class='ocr_carea' id='block_1_28' title="bbox 2078 1737 3654 1823">
    <p class='ocr_par' dir='ltr' id='par_1_28' title="bbox 2078 1747 3654 1823">
     <span class='ocr_line' id='line_1_28' title="bbox 2078 1747 3654 1823; baseline 0.003 -23"><span class='ocrx_word' id='word_1_219' title='bbox 2078 1748 2254 1801; x_wconf 87' lang='grc' dir='ltr'>πάντα</span> <span class='ocrx_word' id='word_1_220' title='bbox 2299 1751 2421 1804; x_wconf 85' lang='grc' dir='ltr'>κατ’</span> <span class='ocrx_word' id='word_1_221' title='bbox 2451 1747 2696 1815; x_wconf 79' lang='grc' dir='ltr'>ἐξουσίαν</span> <span class='ocrx_word' id='word_1_222' title='bbox 2741 1751 2820 1821; x_wconf 85' lang='grc' dir='ltr'>τῷ</span> <span class='ocrx_word' id='word_1_223' title='bbox 2854 1751 3174 1823; x_wconf 82' lang='grc' dir='ltr'>ὑπερέχοντι</span> <span class='ocrx_word' id='word_1_224' title='bbox 3226 1753 3324 1823; x_wconf 81' lang='grc' dir='ltr'>τῆς</span> <span class='ocrx_word' id='word_1_225' title='bbox 3369 1753 3654 1822; x_wconf 85' lang='grc' dir='ltr'>δυνάμεως</span> 
     </span>
    </p>
   </div>
   <div class='ocr_carea' id='block_1_29' title="bbox 389 1843 1972 1914">
    <p class='ocr_par' dir='ltr' id='par_1_29' title="bbox 389 1843 1972 1914">
     <span class='ocr_line' id='line_1_29' title="bbox 389 1843 1972 1914; baseline 0.002 -16"><span class='ocrx_word' id='word_1_226' title='bbox 389 1861 456 1899; x_wconf 82' lang='lat' dir='ltr'>an</span> <span class='ocrx_word' id='word_1_227' title='bbox 498 1859 626 1898; x_wconf 88' lang='lat' dir='ltr'><strong>vero</strong></span> <span class='ocrx_word' id='word_1_228' title='bbox 673 1843 767 1898; x_wconf 90' lang='lat' dir='ltr'><strong>fati</strong></span> <span class='ocrx_word' id='word_1_229' title='bbox 823 1844 1080 1898; x_wconf 83' lang='lat' dir='ltr'><strong>virtutem</strong></span> <span class='ocrx_word' id='word_1_230' title='bbox 1121 1844 1349 1898; x_wconf 85' lang='lat' dir='ltr'><strong>alterius</strong></span> <span class='ocrx_word' id='word_1_231' title='bbox 1395 1844 1632 1914; x_wconf 86' lang='lat' dir='ltr'><strong>alicujus</strong></span> <span class='ocrx_word' id='word_1_232' title='bbox 1669 1843 1972 1914; x_wconf 85' lang='lat' dir='ltr'><strong>superioris</strong></span> 
     </span>
    </p>
   </div>
   <div class='ocr_carea' id='block_1_30' title="bbox 388 1933 1972 2006">
    <p class='ocr_par' dir='ltr' id='par_1_30' title="bbox 388 1933 1972 2006">
     <span class='ocr_line' id='line_1_30' title="bbox 388 1933 1972 2006; baseline 0.001 -22"><span class='ocrx_word' id='word_1_233' title='bbox 388 1934 610 1988; x_wconf 87' lang='lat' dir='ltr'><strong>virtutis</strong></span> <span class='ocrx_word' id='word_1_234' title='bbox 659 1934 969 1988; x_wconf 89' lang='lat' dir='ltr'><strong>ministram</strong></span> <span class='ocrx_word' id='word_1_235' title='bbox 1027 1940 1315 1996; x_wconf 86' lang='lat' dir='ltr'><strong>statueret,</strong></span> <span class='ocrx_word' id='word_1_236' title='bbox 1369 1942 1431 1988; x_wconf 94' lang='lat' dir='ltr'>ut</span> <span class='ocrx_word' id='word_1_237' title='bbox 1474 1942 1528 1989; x_wconf 88' lang='lat' dir='ltr'>et</span> <span class='ocrx_word' id='word_1_238' title='bbox 1585 1934 1703 2006; x_wconf 87' lang='lat' dir='ltr'><strong>ipsa</strong></span> <span class='ocrx_word' id='word_1_239' title='bbox 1733 1933 1972 2004; x_wconf 87' lang='lat' dir='ltr'><strong>quodam</strong></span> 
     </span>
    </p>
   </div>
   <div class='ocr_carea' id='block_1_31' title="bbox 389 2021 1975 2092">
    <p class='ocr_par' dir='ltr' id='par_1_31' title="bbox 389 2021 1975 2092">
     <span class='ocr_line' id='line_1_31' title="bbox 389 2021 1975 2092; baseline -0.001 -15"><span class='ocrx_word' id='word_1_240' title='bbox 389 2024 552 2078; x_wconf 90' lang='lat' dir='ltr'><strong>modo</strong></span> <span class='ocrx_word' id='word_1_241' title='bbox 598 2023 753 2076; x_wconf 86' lang='lat' dir='ltr'><strong>alteri</strong></span> <span class='ocrx_word' id='word_1_242' title='bbox 810 2021 922 2075; x_wconf 84' lang='lat' dir='ltr'><strong>fato</strong></span> <span class='ocrx_word' id='word_1_243' title='bbox 963 2021 1208 2090; x_wconf 87' lang='lat' dir='ltr'><strong>subjecta</strong></span> <span class='ocrx_word' id='word_1_244' title='bbox 1237 2024 1330 2087; x_wconf 86' lang='lat' dir='ltr'><strong>sit,</strong></span> <span class='ocrx_word' id='word_1_245' title='bbox 1361 2021 1808 2092; x_wconf 80' lang='lat' dir='ltr'><strong>praecellentioris</strong></span> <span class='ocrx_word' id='word_1_246' title='bbox 1841 2036 1975 2076; x_wconf 86' lang='lat' dir='ltr'><strong>cau-</strong></span> 
     </span>
    </p>
   </div>
   <div class='ocr_carea' id='block_1_32' title="bbox 390 2112 1974 2169">
    <p class='ocr_par' dir='ltr' id='par_1_32' title="bbox 390 2112 1974 2169">
     <span class='ocr_line' id='line_1_32' title="bbox 390 2112 1974 2169; baseline -0.001 0"><span class='ocrx_word' id='word_1_247' title='bbox 390 2130 464 2169; x_wconf 71' lang='lat' dir='ltr'>sae</span> <span class='ocrx_word' id='word_1_248' title='bbox 502 2114 558 2168; x_wconf 90' lang='lat' dir='ltr'>in</span> <span class='ocrx_word' id='word_1_249' title='bbox 614 2113 1090 2168; x_wconf 84' lang='lat' dir='ltr'><strong>administratione</strong></span> <span class='ocrx_word' id='word_1_250' title='bbox 1135 2114 1303 2168; x_wconf 90' lang='lat' dir='ltr'><strong>socia.</strong></span> <span class='ocrx_word' id='word_1_251' title='bbox 1357 2112 1491 2167; x_wconf 86' lang='lat' dir='ltr'>Nam</span> <span class='ocrx_word' id='word_1_252' title='bbox 1541 2114 1588 2167; x_wconf 91' lang='lat' dir='ltr'>si</span> <span class='ocrx_word' id='word_1_253' title='bbox 1636 2129 1754 2168; x_wconf 88' lang='lat' dir='ltr'>eam</span> <span class='ocrx_word' id='word_1_254' title='bbox 1795 2116 1851 2168; x_wconf 90' lang='lat' dir='ltr'>in</span> <span class='ocrx_word' id='word_1_255' title='bbox 1887 2128 1974 2168; x_wconf 84' lang='lat' dir='ltr'>res</span> 
     </span>
    </p>
   </div>
   <div class='ocr_carea' id='block_1_33' title="bbox 389 2207 1976 2278">
    <p class='ocr_par' dir='ltr' id='par_1_33' title="bbox 389 2207 1976 2278">
     <span class='ocr_line' id='line_1_33' title="bbox 389 2207 1976 2278; baseline -0.003 -15"><span class='ocrx_word' id='word_1_256' title='bbox 389 2225 582 2265; x_wconf 88' lang='lat' dir='ltr'><strong>omnes</strong></span> <span class='ocrx_word' id='word_1_257' title='bbox 631 2208 917 2278; x_wconf 90' lang='lat' dir='ltr'><strong>imperium</strong></span> <span class='ocrx_word' id='word_1_258' title='bbox 971 2209 1221 2263; x_wconf 90' lang='lat' dir='ltr'><strong>obtinere</strong></span> <span class='ocrx_word' id='word_1_259' title='bbox 1272 2207 1606 2262; x_wconf 83' lang='lat' dir='ltr'><strong>credendum</strong></span> <span class='ocrx_word' id='word_1_260' title='bbox 1658 2217 1826 2269; x_wconf 87' lang='lat' dir='ltr'><strong>esset,</strong></span> <span class='ocrx_word' id='word_1_261' title='bbox 1880 2221 1976 2260; x_wconf 86' lang='lat' dir='ltr'><strong>ra-</strong></span> 
     </span>
    </p>
   </div>
   <div class='ocr_carea' id='block_1_34' title="bbox 390 2298 1969 2371">
    <p class='ocr_par' dir='ltr' id='par_1_34' title="bbox 390 2298 1969 2371">
     <span class='ocr_line' id='line_1_34' title="bbox 390 2298 1969 2371; baseline -0.001 -17"><span class='ocrx_word' id='word_1_262' title='bbox 390 2302 537 2355; x_wconf 89' lang='lat' dir='ltr'><strong>tione</strong></span> <span class='ocrx_word' id='word_1_263' title='bbox 585 2316 684 2355; x_wconf 90' lang='lat' dir='ltr'>nos</span> <span class='ocrx_word' id='word_1_264' title='bbox 750 2299 959 2371; x_wconf 78' lang='lat' dir='ltr'><strong>induci,</strong></span> <span class='ocrx_word' id='word_1_265' title='bbox 1019 2308 1076 2354; x_wconf 91' lang='lat' dir='ltr'>ut</span> <span class='ocrx_word' id='word_1_266' title='bbox 1136 2300 1272 2353; x_wconf 90' lang='lat' dir='ltr'><strong>nihil</strong></span> <span class='ocrx_word' id='word_1_267' title='bbox 1323 2300 1470 2353; x_wconf 89' lang='lat' dir='ltr'><strong>illam</strong></span> <span class='ocrx_word' id='word_1_268' title='bbox 1554 2298 1969 2369; x_wconf 85' lang='lat' dir='ltr'><strong>supereminere</strong></span> 
     </span>
    </p>
   </div>
   <div class='ocr_carea' id='block_1_35' title="bbox 390 2389 1976 2459">
    <p class='ocr_par' dir='ltr' id='par_1_35' title="bbox 390 2389 1976 2459">
     <span class='ocr_line' id='line_1_35' title="bbox 390 2389 1976 2459; baseline -0.002 -13"><span class='ocrx_word' id='word_1_269' title='bbox 390 2407 738 2446; x_wconf 86' lang='lat' dir='ltr'><strong>censeamus.</strong></span> <span class='ocrx_word' id='word_1_270' title='bbox 793 2389 889 2444; x_wconf 90' lang='lat' dir='ltr'><strong>Sin</strong></span> <span class='ocrx_word' id='word_1_271' title='bbox 924 2405 1042 2445; x_wconf 90' lang='lat' dir='ltr'>eam</span> <span class='ocrx_word' id='word_1_272' title='bbox 1098 2399 1374 2445; x_wconf 90' lang='lat' dir='ltr'><strong>astrormn</strong></span> <span class='ocrx_word' id='word_1_273' title='bbox 1419 2403 1622 2445; x_wconf 89' lang='lat' dir='ltr'><strong>motum</strong></span> <span class='ocrx_word' id='word_1_274' title='bbox 1691 2390 1869 2459; x_wconf 87' lang='lat' dir='ltr'><strong>sequi,</strong></span> <span class='ocrx_word' id='word_1_275' title='bbox 1911 2404 1976 2443; x_wconf 89' lang='lat' dir='ltr'><strong>ac</strong></span> 
     </span>
    </p>
   </div>
   <div class='ocr_carea' id='block_1_36' title="bbox 392 2479 1976 2552">
    <p class='ocr_par' dir='ltr' id='par_1_36' title="bbox 392 2479 1976 2552">
     <span class='ocr_line' id='line_1_36' title="bbox 392 2479 1976 2552; baseline -0.001 -16"><span class='ocrx_word' id='word_1_276' title='bbox 392 2484 467 2537; x_wconf 85' lang='lat' dir='ltr'>ita</span> <span class='ocrx_word' id='word_1_277' title='bbox 521 2481 740 2536; x_wconf 89' lang='lat' dir='ltr'><strong>demum</strong></span> <span class='ocrx_word' id='word_1_278' title='bbox 803 2482 1042 2536; x_wconf 87' lang='lat' dir='ltr'><strong>violenta</strong></span> <span class='ocrx_word' id='word_1_279' title='bbox 1093 2485 1332 2552; x_wconf 88' lang='lat' dir='ltr'><strong>quadam</strong></span> <span class='ocrx_word' id='word_1_280' title='bbox 1383 2481 1714 2536; x_wconf 80' lang='lat' dir='ltr'><strong>necessitate</strong></span> <span class='ocrx_word' id='word_1_281' title='bbox 1772 2479 1825 2532; x_wconf 92' lang='lat' dir='ltr'>in</span> <span class='ocrx_word' id='word_1_282' title='bbox 1884 2493 1976 2534; x_wconf 80' lang='lat' dir='ltr'>res</span> 
     </span>
    </p>
   </div>
   <div class='ocr_carea' id='block_1_37' title="bbox 393 2568 1976 2640">
    <p class='ocr_par' dir='ltr' id='par_1_37' title="bbox 393 2568 1976 2640">
     <span class='ocr_line' id='line_1_37' title="bbox 393 2568 1976 2640; baseline -0.004 -12"><span class='ocrx_word' id='word_1_283' title='bbox 393 2590 587 2630; x_wconf 88' lang='lat' dir='ltr'><strong>omnes</strong></span> <span class='ocrx_word' id='word_1_284' title='bbox 638 2573 910 2629; x_wconf 87' lang='lat' dir='ltr'><strong>dominari</strong></span> <span class='ocrx_word' id='word_1_285' title='bbox 965 2581 1334 2637; x_wconf 86' lang='lat' dir='ltr'><strong>asseveraret,</strong></span> <span class='ocrx_word' id='word_1_286' title='bbox 1395 2572 1568 2626; x_wconf 88' lang='lat' dir='ltr'><strong>satius</strong></span> <span class='ocrx_word' id='word_1_287' title='bbox 1617 2568 1789 2626; x_wconf 85' lang='lat' dir='ltr'><strong>luisse</strong></span> <span class='ocrx_word' id='word_1_288' title='bbox 1837 2585 1976 2640; x_wconf 62' lang='lat' dir='ltr'><strong>prae-</strong></span> 
     </span>
    </p>
   </div>
   <div class='ocr_carea' id='block_1_38' title="bbox 393 2659 1975 2733">
    <p class='ocr_par' dir='ltr' id='par_1_38' title="bbox 393 2659 1975 2733">
     <span class='ocr_line' id='line_1_38' title="bbox 393 2659 1975 2733; baseline -0.004 -15"><span class='ocrx_word' id='word_1_289' title='bbox 393 2664 611 2730; x_wconf 83' lang='lat' dir='ltr'><strong>cedenti</strong></span> <span class='ocrx_word' id='word_1_290' title='bbox 661 2678 825 2733; x_wconf 89' lang='lat' dir='ltr'><strong>quam</strong></span> <span class='ocrx_word' id='word_1_291' title='bbox 877 2663 1128 2732; x_wconf 87' lang='lat' dir='ltr'><strong>sequenti</strong></span> <span class='ocrx_word' id='word_1_292' title='bbox 1197 2662 1623 2732; x_wconf 86' lang='lat' dir='ltr'><strong>omnipotentem</strong></span> <span class='ocrx_word' id='word_1_293' title='bbox 1681 2660 1830 2714; x_wconf 87' lang='lat' dir='ltr'><strong>illam</strong></span> <span class='ocrx_word' id='word_1_294' title='bbox 1865 2659 1975 2712; x_wconf 92' lang='lat' dir='ltr'>vim</span> 
     </span>
    </p>
   </div>
   <div class='ocr_carea' id='block_1_39' title="bbox 395 2752 1975 2819">
    <p class='ocr_par' dir='ltr' id='par_1_39' title="bbox 395 2752 1975 2819">
     <span class='ocr_line' id='line_1_39' title="bbox 395 2752 1975 2819; baseline -0.001 -10"><span class='ocrx_word' id='word_1_295' title='bbox 395 2757 716 2819; x_wconf 76' lang='lat' dir='ltr'><strong>attribuere,</strong></span> <span class='ocrx_word' id='word_1_296' title='bbox 778 2769 842 2807; x_wconf 89' lang='lat' dir='ltr'>ac</span> <span class='ocrx_word' id='word_1_297' title='bbox 890 2754 974 2807; x_wconf 82' lang='lat' dir='ltr'>vel</span> <span class='ocrx_word' id='word_1_298' title='bbox 1020 2753 1200 2808; x_wconf 82' lang='lat' dir='ltr'><strong>sidera</strong></span> <span class='ocrx_word' id='word_1_299' title='bbox 1263 2768 1444 2808; x_wconf 86' lang='lat' dir='ltr'><strong>rerum</strong></span> <span class='ocrx_word' id='word_1_300' title='bbox 1500 2752 1732 2806; x_wconf 86' lang='lat' dir='ltr'><strong>istarum</strong></span> <span class='ocrx_word' id='word_1_301' title='bbox 1773 2767 1975 2808; x_wconf 87' lang='lat' dir='ltr'><strong>causas</strong></span> 
     </span>
    </p>
   </div>
   <div class='ocr_carea' id='block_1_40' title="bbox 393 2843 1976 2909">
    <p class='ocr_par' dir='ltr' id='par_1_40' title="bbox 393 2843 1976 2909">
     <span class='ocr_line' id='line_1_40' title="bbox 393 2843 1976 2909; baseline -0.003 -7"><span class='ocrx_word' id='word_1_302' title='bbox 393 2863 518 2902; x_wconf 88' lang='lat' dir='ltr'><strong>esse</strong></span> <span class='ocrx_word' id='word_1_303' title='bbox 569 2846 771 2909; x_wconf 85' lang='lat' dir='ltr'><strong>dicere,</strong></span> <span class='ocrx_word' id='word_1_304' title='bbox 840 2845 924 2899; x_wconf 90' lang='lat' dir='ltr'>vel</span> <span class='ocrx_word' id='word_1_305' title='bbox 1005 2844 1420 2900; x_wconf 87' lang='lat' dir='ltr'><strong>conversionem</strong></span> <span class='ocrx_word' id='word_1_306' title='bbox 1474 2843 1826 2906; x_wconf 90' lang='lat' dir='ltr'><strong>lirmamenti,</strong></span> <span class='ocrx_word' id='word_1_307' title='bbox 1887 2845 1976 2898; x_wconf 87' lang='lat' dir='ltr'>vel</span> 
     </span>
    </p>
   </div>
   <div class='ocr_carea' id='block_1_41' title="bbox 395 2936 1974 3010">
    <p class='ocr_par' dir='ltr' id='par_1_41' title="bbox 395 2936 1974 3010">
     <span class='ocr_line' id='line_1_41' title="bbox 395 2936 1974 3010; baseline -0.003 -17"><span class='ocrx_word' id='word_1_308' title='bbox 395 2939 635 2994; x_wconf 85' lang='lat' dir='ltr'><strong>circulos</strong></span> <span class='ocrx_word' id='word_1_309' title='bbox 676 2938 770 3010; x_wconf 91' lang='lat' dir='ltr'>qui</span> <span class='ocrx_word' id='word_1_310' title='bbox 809 2937 859 2991; x_wconf 91' lang='lat' dir='ltr'>in</span> <span class='ocrx_word' id='word_1_311' title='bbox 893 2952 956 2992; x_wconf 88' lang='lat' dir='ltr'>ea</span> <span class='ocrx_word' id='word_1_312' title='bbox 1003 2937 1445 3007; x_wconf 87' lang='lat' dir='ltr'><strong>conspiciuntur,</strong></span> <span class='ocrx_word' id='word_1_313' title='bbox 1477 2937 1563 2990; x_wconf 85' lang='lat' dir='ltr'>vel</span> <span class='ocrx_word' id='word_1_314' title='bbox 1603 2944 1751 2990; x_wconf 85' lang='lat' dir='ltr'><strong>certe</strong></span> <span class='ocrx_word' id='word_1_315' title='bbox 1790 2936 1974 2990; x_wconf 86' lang='lat' dir='ltr'><strong>circu-</strong></span> 
     </span>
    </p>
   </div>
   <div class='ocr_carea' id='block_1_42' title="bbox 393 3027 1971 3101">
    <p class='ocr_par' dir='ltr' id='par_1_42' title="bbox 393 3027 1971 3101">
     <span class='ocr_line' id='line_1_42' title="bbox 393 3027 1971 3101; baseline -0.003 -16"><span class='ocrx_word' id='word_1_316' title='bbox 393 3032 505 3085; x_wconf 88' lang='lat' dir='ltr'>lum</span> <span class='ocrx_word' id='word_1_317' title='bbox 560 3031 649 3101; x_wconf 89' lang='lat' dir='ltr'>qui</span> <span class='ocrx_word' id='word_1_318' title='bbox 708 3030 850 3084; x_wconf 67' lang='lat' dir='ltr'><strong>coalo</strong></span> <span class='ocrx_word' id='word_1_319' title='bbox 887 3029 1107 3098; x_wconf 85' lang='lat' dir='ltr'><strong>oblique</strong></span> <span class='ocrx_word' id='word_1_320' title='bbox 1157 3028 1497 3082; x_wconf 85' lang='lat' dir='ltr'><strong>inscribitur.</strong></span> <span class='ocrx_word' id='word_1_321' title='bbox 1540 3027 1597 3081; x_wconf 90' lang='lat' dir='ltr'><strong>Si</strong></span> <span class='ocrx_word' id='word_1_322' title='bbox 1651 3027 1775 3097; x_wconf 89' lang='lat' dir='ltr'><strong>quis</strong></span> <span class='ocrx_word' id='word_1_323' title='bbox 1824 3027 1971 3080; x_wconf 89' lang='lat' dir='ltr'><strong>enim</strong></span> 
     </span>
    </p>
   </div>
   <div class='ocr_carea' id='block_1_43' title="bbox 395 3120 1975 3189">
    <p class='ocr_par' dir='ltr' id='par_1_43' title="bbox 395 3120 1975 3189">
     <span class='ocr_line' id='line_1_43' title="bbox 395 3120 1975 3189; baseline -0.003 -13"><span class='ocrx_word' id='word_1_324' title='bbox 395 3122 722 3177; x_wconf 89' lang='lat' dir='ltr'><strong>concederet</strong></span> <span class='ocrx_word' id='word_1_325' title='bbox 781 3132 930 3176; x_wconf 91' lang='lat' dir='ltr'><strong>astra</strong></span> <span class='ocrx_word' id='word_1_326' title='bbox 995 3136 1170 3189; x_wconf 91' lang='lat' dir='ltr'><strong>neque</strong></span> <span class='ocrx_word' id='word_1_327' title='bbox 1232 3134 1327 3188; x_wconf 89' lang='lat' dir='ltr'>per</span> <span class='ocrx_word' id='word_1_328' title='bbox 1381 3135 1441 3173; x_wconf 91' lang='lat' dir='ltr'>se</span> <span class='ocrx_word' id='word_1_329' title='bbox 1497 3120 1744 3183; x_wconf 89' lang='lat' dir='ltr'><strong>moveri,</strong></span> <span class='ocrx_word' id='word_1_330' title='bbox 1799 3133 1975 3188; x_wconf 88' lang='lat' dir='ltr'><strong>neque</strong></span> 
     </span>
    </p>
   </div>
   <div class='ocr_carea' id='block_1_44' title="bbox 396 3207 1976 3283">
    <p class='ocr_par' dir='ltr' id='par_1_44' title="bbox 396 3207 1976 3283">
     <span class='ocr_line' id='line_1_44' title="bbox 396 3207 1976 3283; baseline -0.002 -19"><span class='ocrx_word' id='word_1_331' title='bbox 396 3220 658 3283; x_wconf 79' lang='lat' dir='ltr'><strong>perpetua</strong></span> <span class='ocrx_word' id='word_1_332' title='bbox 709 3213 1068 3267; x_wconf 88' lang='lat' dir='ltr'><strong>cenversione</strong></span> <span class='ocrx_word' id='word_1_333' title='bbox 1119 3211 1260 3264; x_wconf 89' lang='lat' dir='ltr'><strong>inter</strong></span> <span class='ocrx_word' id='word_1_334' title='bbox 1316 3226 1374 3264; x_wconf 90' lang='lat' dir='ltr'>se</span> <span class='ocrx_word' id='word_1_335' title='bbox 1425 3217 1519 3262; x_wconf 88' lang='lat' dir='ltr'>aut</span> <span class='ocrx_word' id='word_1_336' title='bbox 1569 3207 1828 3278; x_wconf 75' lang='lat' dir='ltr'><strong>conjungi</strong></span> <span class='ocrx_word' id='word_1_337' title='bbox 1882 3214 1976 3261; x_wconf 89' lang='lat' dir='ltr'>aut</span> 
     </span>
    </p>
   </div>
   <div class='ocr_carea' id='block_1_45' title="bbox 395 3300 1974 3374">
    <p class='ocr_par' dir='ltr' id='par_1_45' title="bbox 395 3300 1974 3374">
     <span class='ocr_line' id='line_1_45' title="bbox 395 3300 1974 3374; baseline -0.005 -15"><span class='ocrx_word' id='word_1_338' title='bbox 395 3305 658 3374; x_wconf 85' lang='lat' dir='ltr'><strong>disjungi,</strong></span> <span class='ocrx_word' id='word_1_339' title='bbox 705 3305 798 3359; x_wconf 91' lang='lat' dir='ltr'>sed</span> <span class='ocrx_word' id='word_1_340' title='bbox 867 3304 1108 3358; x_wconf 83' lang='lat' dir='ltr'><strong>eamdem</strong></span> <span class='ocrx_word' id='word_1_341' title='bbox 1179 3317 1393 3370; x_wconf 86' lang='lat' dir='ltr'><strong>semper</strong></span> <span class='ocrx_word' id='word_1_342' title='bbox 1444 3301 1648 3355; x_wconf 83' lang='lat' dir='ltr'><strong>referre</strong></span> <span class='ocrx_word' id='word_1_343' title='bbox 1697 3300 1925 3370; x_wconf 87' lang='lat' dir='ltr'><strong>ﬁguram</strong></span> <span class='ocrx_word' id='word_1_344' title='bbox 1959 3338 1974 3365; x_wconf 94' lang='lat'>,</span> 
     </span>
    </p>
   </div>
   <div class='ocr_carea' id='block_1_46' title="bbox 399 3389 1979 3455">
    <p class='ocr_par' dir='ltr' id='par_1_46' title="bbox 399 3389 1979 3455">
     <span class='ocr_line' id='line_1_46' title="bbox 399 3389 1979 3455; baseline -0.004 -8"><span class='ocrx_word' id='word_1_345' title='bbox 399 3395 570 3448; x_wconf 82' lang='lat' dir='ltr'><strong>fatum</strong></span> <span class='ocrx_word' id='word_1_346' title='bbox 609 3409 714 3446; x_wconf 89' lang='lat' dir='ltr'>non</span> <span class='ocrx_word' id='word_1_347' title='bbox 768 3391 1077 3447; x_wconf 73' lang='lat' dir='ltr'><strong>exsisteret.</strong></span> <span class='ocrx_word' id='word_1_348' title='bbox 1141 3389 1319 3455; x_wconf 87' lang='lat' dir='ltr'><strong>Quare</strong></span> <span class='ocrx_word' id='word_1_349' title='bbox 1367 3389 1412 3444; x_wconf 90' lang='lat' dir='ltr'>si</span> <span class='ocrx_word' id='word_1_350' title='bbox 1451 3405 1517 3444; x_wconf 75' lang='lat' dir='ltr'><strong>ex</strong></span> <span class='ocrx_word' id='word_1_351' title='bbox 1574 3389 1813 3443; x_wconf 91' lang='lat' dir='ltr'><strong>siderum</strong></span> <span class='ocrx_word' id='word_1_352' title='bbox 1863 3402 1979 3441; x_wconf 89' lang='lat' dir='ltr'><strong>mo-</strong></span> 
     </span>
    </p>
   </div>
   <div class='ocr_carea' id='block_1_47' title="bbox 396 3477 1975 3548">
    <p class='ocr_par' dir='ltr' id='par_1_47' title="bbox 396 3477 1975 3548">
     <span class='ocr_line' id='line_1_47' title="bbox 396 3477 1975 3548; baseline -0.003 -13"><span class='ocrx_word' id='word_1_353' title='bbox 396 3484 550 3537; x_wconf 87' lang='lat' dir='ltr'><strong>tione</strong></span> <span class='ocrx_word' id='word_1_354' title='bbox 603 3481 772 3535; x_wconf 83' lang='lat' dir='ltr'><strong>fatum</strong></span> <span class='ocrx_word' id='word_1_355' title='bbox 825 3482 1028 3543; x_wconf 89' lang='lat' dir='ltr'><strong>oritur,</strong></span> <span class='ocrx_word' id='word_1_356' title='bbox 1071 3479 1278 3533; x_wconf 84' lang='lat' dir='ltr'><strong>frustra</strong></span> <span class='ocrx_word' id='word_1_357' title='bbox 1320 3479 1568 3548; x_wconf 85' lang='lat' dir='ltr'><strong>profecto</strong></span> <span class='ocrx_word' id='word_1_358' title='bbox 1600 3477 1652 3531; x_wconf 91' lang='lat' dir='ltr'>id</span> <span class='ocrx_word' id='word_1_359' title='bbox 1705 3478 1975 3532; x_wconf 83' lang='lat' dir='ltr'><strong>dominari</strong></span> 
     </span>
    </p>
   </div>
   <div class='ocr_carea' id='block_1_48' title="bbox 397 3569 1977 3644">
    <p class='ocr_par' dir='ltr' id='par_1_48' title="bbox 397 3569 1977 3644">
     <span class='ocr_line' id='line_1_48' title="bbox 397 3569 1977 3644; baseline -0.006 -14"><span class='ocrx_word' id='word_1_360' title='bbox 397 3578 457 3630; x_wconf 88' lang='lat' dir='ltr'>in</span> <span class='ocrx_word' id='word_1_361' title='bbox 505 3585 699 3629; x_wconf 67' lang='lat' dir='ltr'><strong>caetera</strong></span> <span class='ocrx_word' id='word_1_362' title='bbox 745 3581 991 3644; x_wconf 88' lang='lat' dir='ltr'><strong>putatur,</strong></span> <span class='ocrx_word' id='word_1_363' title='bbox 1051 3573 1196 3642; x_wconf 88' lang='lat' dir='ltr'><strong>quod</strong></span> <span class='ocrx_word' id='word_1_364' title='bbox 1252 3571 1522 3640; x_wconf 86' lang='lat' dir='ltr'><strong>superiori</strong></span> <span class='ocrx_word' id='word_1_365' title='bbox 1559 3586 1740 3625; x_wconf 58' lang='lat' dir='ltr'><strong>causae</strong></span> <span class='ocrx_word' id='word_1_366' title='bbox 1786 3569 1977 3635; x_wconf 84' lang='lat' dir='ltr'><strong>servit,</strong></span> 
     </span>
    </p>
   </div>
   <div class='ocr_carea' id='block_1_49' title="bbox 398 3662 1976 3736">
    <p class='ocr_par' dir='ltr' id='par_1_49' title="bbox 398 3662 1976 3736">
     <span class='ocr_line' id='line_1_49' title="bbox 398 3662 1976 3736; baseline -0.006 -15"><span class='ocrx_word' id='word_1_367' title='bbox 398 3682 576 3736; x_wconf 90' lang='lat' dir='ltr'><strong>neque</strong></span> <span class='ocrx_word' id='word_1_368' title='bbox 631 3665 850 3718; x_wconf 89' lang='lat' dir='ltr'><strong>omnino</strong></span> <span class='ocrx_word' id='word_1_369' title='bbox 916 3672 1064 3718; x_wconf 84' lang='lat' dir='ltr'><strong>esset</strong></span> <span class='ocrx_word' id='word_1_370' title='bbox 1122 3662 1229 3716; x_wconf 91' lang='lat' dir='ltr'><strong>nisi</strong></span> <span class='ocrx_word' id='word_1_371' title='bbox 1286 3673 1468 3715; x_wconf 90' lang='lat' dir='ltr'><strong>motus</strong></span> <span class='ocrx_word' id='word_1_372' title='bbox 1519 3669 1686 3718; x_wconf 87' lang='lat' dir='ltr'><strong>esset.</strong></span> <span class='ocrx_word' id='word_1_373' title='bbox 1746 3662 1813 3714; x_wconf 81' lang='lat' dir='ltr'>At</span> <span class='ocrx_word' id='word_1_374' title='bbox 1865 3675 1976 3713; x_wconf 90' lang='lat' dir='ltr'>non</span> 
     </span>
    </p>
   </div>
   <div class='ocr_carea' id='block_1_50' title="bbox 396 3752 1976 3826">
    <p class='ocr_par' dir='ltr' id='par_1_50' title="bbox 396 3752 1976 3826">
     <span class='ocr_line' id='line_1_50' title="bbox 396 3752 1976 3826; baseline -0.006 -13"><span class='ocrx_word' id='word_1_375' title='bbox 396 3774 485 3820; x_wconf 90' lang='lat' dir='ltr'>eo,</span> <span class='ocrx_word' id='word_1_376' title='bbox 512 3757 688 3826; x_wconf 91' lang='lat' dir='ltr'><strong>inquit</strong></span> <span class='ocrx_word' id='word_1_377' title='bbox 712 3755 1092 3826; x_wconf 86' lang='lat' dir='ltr'><strong>philosophus,</strong></span> <span class='ocrx_word' id='word_1_378' title='bbox 1122 3763 1308 3808; x_wconf 78' lang='lat' dir='ltr'><strong>nostra</strong></span> <span class='ocrx_word' id='word_1_379' title='bbox 1342 3762 1554 3822; x_wconf 87' lang='lat' dir='ltr'><strong>spectat</strong></span> <span class='ocrx_word' id='word_1_380' title='bbox 1581 3752 1780 3819; x_wconf 91' lang='lat' dir='ltr'><strong>oratio,</strong></span> <span class='ocrx_word' id='word_1_381' title='bbox 1817 3752 1976 3822; x_wconf 87' lang='lat' dir='ltr'><strong>quasi</strong></span> 
     </span>
    </p>
   </div>
   <div class='ocr_carea' id='block_1_51' title="bbox 400 3843 1974 3919">
    <p class='ocr_par' dir='ltr' id='par_1_51' title="bbox 400 3843 1974 3919">
     <span class='ocr_line' id='line_1_51' title="bbox 400 3843 1974 3919; baseline -0.005 -15"><span class='ocrx_word' id='word_1_382' title='bbox 400 3851 578 3919; x_wconf 54' lang='lat' dir='ltr'><strong>ipsum</strong></span> <span class='ocrx_word' id='word_1_383' title='bbox 605 3849 774 3900; x_wconf 83' lang='lat' dir='ltr'><strong>fatum</strong></span> <span class='ocrx_word' id='word_1_384' title='bbox 816 3861 911 3915; x_wconf 90' lang='lat' dir='ltr'>per</span> <span class='ocrx_word' id='word_1_385' title='bbox 936 3861 992 3899; x_wconf 89' lang='lat' dir='ltr'>se</span> <span class='ocrx_word' id='word_1_386' title='bbox 1033 3853 1179 3900; x_wconf 88' lang='lat' dir='ltr'><strong>esset</strong></span> <span class='ocrx_word' id='word_1_387' title='bbox 1241 3845 1424 3914; x_wconf 88' lang='lat' dir='ltr'><strong>aliqua</strong></span> <span class='ocrx_word' id='word_1_388' title='bbox 1477 3851 1697 3909; x_wconf 91' lang='lat' dir='ltr'><strong>natura,</strong></span> <span class='ocrx_word' id='word_1_389' title='bbox 1729 3843 1822 3898; x_wconf 78' lang='lat' dir='ltr'>sed</span> <span class='ocrx_word' id='word_1_390' title='bbox 1852 3858 1974 3897; x_wconf 90' lang='lat' dir='ltr'>cum</span> 
     </span>
    </p>
   </div>
   <div class='ocr_carea' id='block_1_52' title="bbox 399 3937 1976 4009">
    <p class='ocr_par' dir='ltr' id='par_1_52' title="bbox 399 3937 1976 4009">
     <span class='ocr_line' id='line_1_52' title="bbox 399 3937 1976 4009; baseline -0.006 -13"><span class='ocrx_word' id='word_1_391' title='bbox 399 3944 474 3996; x_wconf 78' lang='lat' dir='ltr'>sit</span> <span class='ocrx_word' id='word_1_392' title='bbox 520 3940 766 4009; x_wconf 64' lang='lat' dir='ltr'><strong>quamam</strong></span> <span class='ocrx_word' id='word_1_393' title='bbox 816 3953 1000 3992; x_wconf 90' lang='lat' dir='ltr'><strong>rerum</strong></span> <span class='ocrx_word' id='word_1_394' title='bbox 1068 3944 1256 3991; x_wconf 91' lang='lat' dir='ltr'><strong>mutua</strong></span> <span class='ocrx_word' id='word_1_395' title='bbox 1304 3937 1686 3991; x_wconf 88' lang='lat' dir='ltr'><strong>convenientia</strong></span> <span class='ocrx_word' id='word_1_396' title='bbox 1739 3945 1794 3990; x_wconf 85' lang='lat' dir='ltr'>et</span> <span class='ocrx_word' id='word_1_397' title='bbox 1842 3950 1976 3988; x_wconf 89' lang='lat' dir='ltr'><strong>con-</strong></span> 
     </span>
    </p>
   </div>
   <div class='ocr_carea' id='block_1_53' title="bbox 397 4028 2013 4102">
    <p class='ocr_par' dir='ltr' id='par_1_53' title="bbox 397 4028 2013 4102">
     <span class='ocr_line' id='line_1_53' title="bbox 397 4028 2013 4102; baseline -0.004 -17"><span class='ocrx_word' id='word_1_398' title='bbox 397 4031 633 4102; x_wconf 87' lang='lat' dir='ltr'><strong>junctio,</strong></span> <span class='ocrx_word' id='word_1_399' title='bbox 667 4039 830 4100; x_wconf 89' lang='lat' dir='ltr'><strong>atque</strong></span> <span class='ocrx_word' id='word_1_400' title='bbox 858 4030 1175 4082; x_wconf 90' lang='lat' dir='ltr'><strong>universum</strong></span> <span class='ocrx_word' id='word_1_401' title='bbox 1222 4029 1368 4082; x_wconf 90' lang='lat' dir='ltr'><strong>omni</strong></span> <span class='ocrx_word' id='word_1_402' title='bbox 1400 4044 1466 4082; x_wconf 81' lang='lat' dir='ltr'><strong>ex</strong></span> <span class='ocrx_word' id='word_1_403' title='bbox 1501 4035 1655 4097; x_wconf 90' lang='lat' dir='ltr'><strong>parte</strong></span> <span class='ocrx_word' id='word_1_404' title='bbox 1687 4028 1975 4087; x_wconf 57' lang='lat' dir='ltr'><strong>cohaereat,</strong></span> <span class='ocrx_word' id='word_1_405' title='bbox 2009 4048 2013 4052; x_wconf 91' lang='grc'>·</span> 
     </span>
    </p>
   </div>
   <div class='ocr_carea' id='block_1_54' title="bbox 400 4117 1979 4190">
    <p class='ocr_par' dir='ltr' id='par_1_54' title="bbox 400 4117 1979 4190">
     <span class='ocr_line' id='line_1_54' title="bbox 400 4117 1979 4190; baseline -0.003 -15"><span class='ocrx_word' id='word_1_406' title='bbox 400 4119 864 4190; x_wconf 86' lang='lat' dir='ltr'><strong>quemadmodum</strong></span> <span class='ocrx_word' id='word_1_407' title='bbox 898 4119 1060 4172; x_wconf 90' lang='lat' dir='ltr'><strong>etiam</strong></span> <span class='ocrx_word' id='word_1_408' title='bbox 1095 4118 1149 4170; x_wconf 94' lang='lat' dir='ltr'>in</span> <span class='ocrx_word' id='word_1_409' title='bbox 1180 4132 1292 4170; x_wconf 93' lang='lat' dir='ltr'>uno</span> <span class='ocrx_word' id='word_1_410' title='bbox 1341 4117 1525 4185; x_wconf 88' lang='lat' dir='ltr'><strong>aliquo</strong></span> <span class='ocrx_word' id='word_1_411' title='bbox 1575 4132 1807 4187; x_wconf 89' lang='lat' dir='ltr'><strong>corpore</strong></span> <span class='ocrx_word' id='word_1_412' title='bbox 1830 4131 1979 4186; x_wconf 71' lang='lat' dir='ltr'><strong>qure-</strong></span> 
     </span>
    </p>
   </div>
   <div class='ocr_carea' id='block_1_55' title="bbox 401 4206 1977 4265">
    <p class='ocr_par' dir='ltr' id='par_1_55' title="bbox 401 4206 1977 4265">
     <span class='ocr_line' id='line_1_55' title="bbox 401 4206 1977 4265; baseline -0.004 0"><span class='ocrx_word' id='word_1_413' title='bbox 401 4215 525 4265; x_wconf 77' lang='lat' dir='ltr'>dam</span> <span class='ocrx_word' id='word_1_414' title='bbox 553 4210 797 4263; x_wconf 89' lang='lat' dir='ltr'><strong>omnium</strong></span> <span class='ocrx_word' id='word_1_415' title='bbox 841 4206 1216 4260; x_wconf 90' lang='lat' dir='ltr'><strong>membrorum</strong></span> <span class='ocrx_word' id='word_1_416' title='bbox 1244 4206 1388 4259; x_wconf 90' lang='lat' dir='ltr'><strong>inter</strong></span> <span class='ocrx_word' id='word_1_417' title='bbox 1426 4222 1485 4261; x_wconf 87' lang='lat' dir='ltr'>se</span> <span class='ocrx_word' id='word_1_418' title='bbox 1515 4207 1977 4261; x_wconf 87' lang='lat' dir='ltr'><strong>consentientium</strong></span> 
     </span>
    </p>
   </div>
   <div class='ocr_carea' id='block_1_56' title="bbox 400 4297 1980 4368">
    <p class='ocr_par' dir='ltr' id='par_1_56' title="bbox 400 4297 1980 4368">
     <span class='ocr_line' id='line_1_56' title="bbox 400 4297 1980 4368; baseline -0.004 -12"><span class='ocrx_word' id='word_1_419' title='bbox 400 4303 646 4356; x_wconf 90' lang='lat' dir='ltr'><strong>cernitur</strong></span> <span class='ocrx_word' id='word_1_420' title='bbox 679 4298 996 4360; x_wconf 86' lang='lat' dir='ltr'><strong>concordia,</strong></span> <span class='ocrx_word' id='word_1_421' title='bbox 1029 4313 1260 4368; x_wconf 90' lang='lat' dir='ltr'><strong>cumque</strong></span> <span class='ocrx_word' id='word_1_422' title='bbox 1288 4299 1534 4367; x_wconf 88' lang='lat' dir='ltr'><strong>superior</strong></span> <span class='ocrx_word' id='word_1_423' title='bbox 1581 4297 1770 4351; x_wconf 89' lang='lat' dir='ltr'><strong>mundi</strong></span> <span class='ocrx_word' id='word_1_424' title='bbox 1801 4300 1980 4368; x_wconf 88' lang='lat' dir='ltr'><strong>portio</strong></span> 
     </span>
    </p>
   </div>
   <div class='ocr_carea' id='block_1_57' title="bbox 402 4387 1979 4459">
    <p class='ocr_par' dir='ltr' id='par_1_57' title="bbox 402 4387 1979 4459">
     <span class='ocr_line' id='line_1_57' title="bbox 402 4387 1979 4459; baseline -0.003 -13"><span class='ocrx_word' id='word_1_425' title='bbox 402 4393 476 4446; x_wconf 90' lang='lat' dir='ltr'>sit</span> <span class='ocrx_word' id='word_1_426' title='bbox 534 4388 915 4459; x_wconf 70' lang='lat' dir='ltr'><strong>prazstautior:</strong></span> <span class='ocrx_word' id='word_1_427' title='bbox 949 4387 1161 4442; x_wconf 88' lang='lat' dir='ltr'><strong>idcirco</strong></span> <span class='ocrx_word' id='word_1_428' title='bbox 1194 4387 1452 4442; x_wconf 78' lang='lat' dir='ltr'><strong>inferiora</strong></span> <span class='ocrx_word' id='word_1_429' title='bbox 1497 4387 1660 4442; x_wconf 90' lang='lat' dir='ltr'><strong>simul</strong></span> <span class='ocrx_word' id='word_1_430' title='bbox 1707 4403 1831 4441; x_wconf 89' lang='lat' dir='ltr'><strong>cum</strong></span> <span class='ocrx_word' id='word_1_431' title='bbox 1870 4389 1979 4458; x_wconf 91' lang='lat' dir='ltr'><strong>pri-</strong></span> 
     </span>
    </p>
   </div>
   <div class='ocr_carea' id='block_1_58' title="bbox 401 4479 1974 4550">
    <p class='ocr_par' dir='ltr' id='par_1_58' title="bbox 401 4479 1974 4550">
     <span class='ocr_line' id='line_1_58' title="bbox 401 4479 1974 4550; baseline -0.003 -14"><span class='ocrx_word' id='word_1_432' title='bbox 401 4483 575 4536; x_wconf 89' lang='lat' dir='ltr'><strong>maria</strong></span> <span class='ocrx_word' id='word_1_433' title='bbox 606 4479 854 4550; x_wconf 90' lang='lat' dir='ltr'><strong>portione</strong></span> <span class='ocrx_word' id='word_1_434' title='bbox 882 4485 1167 4548; x_wconf 86' lang='lat' dir='ltr'><strong>reguntur,</strong></span> <span class='ocrx_word' id='word_1_435' title='bbox 1222 4479 1288 4532; x_wconf 89' lang='lat' dir='ltr'>ad</span> <span class='ocrx_word' id='word_1_436' title='bbox 1336 4479 1564 4549; x_wconf 87' lang='lat' dir='ltr'><strong>ejusque</strong></span> <span class='ocrx_word' id='word_1_437' title='bbox 1599 4479 1750 4534; x_wconf 88' lang='lat' dir='ltr'><strong>velut</strong></span> <span class='ocrx_word' id='word_1_438' title='bbox 1784 4490 1974 4533; x_wconf 91' lang='lat' dir='ltr'><strong>nutum</strong></span> 
     </span>
    </p>
   </div>
   <div class='ocr_carea' id='block_1_59' title="bbox 401 4569 1974 4638">
    <p class='ocr_par' dir='ltr' id='par_1_59' title="bbox 401 4569 1974 4638">
     <span class='ocr_line' id='line_1_59' title="bbox 401 4569 1974 4638; baseline -0.003 -12"><span class='ocrx_word' id='word_1_439' title='bbox 401 4570 611 4626; x_wconf 63' lang='lat' dir='ltr'><strong>caelesti</strong></span> <span class='ocrx_word' id='word_1_440' title='bbox 633 4570 803 4622; x_wconf 90' lang='lat' dir='ltr'><strong>motui</strong></span> <span class='ocrx_word' id='word_1_441' title='bbox 822 4583 944 4626; x_wconf 87' lang='lat' dir='ltr'><strong>sese</strong></span> <span class='ocrx_word' id='word_1_442' title='bbox 973 4569 1182 4638; x_wconf 79' lang='lat' dir='ltr'><strong>lingunt</strong></span> <span class='ocrx_word' id='word_1_443' title='bbox 1215 4576 1271 4623; x_wconf 89' lang='lat' dir='ltr'>et</span> <span class='ocrx_word' id='word_1_444' title='bbox 1303 4569 1744 4633; x_wconf 88' lang='lat' dir='ltr'><strong>accommodant,</strong></span> <span class='ocrx_word' id='word_1_445' title='bbox 1797 4584 1974 4638; x_wconf 88' lang='lat' dir='ltr'><strong>quan-</strong></span> 
     </span>
    </p>
   </div>
   <div class='ocr_carea' id='block_1_60' title="bbox 401 4660 1976 4732">
    <p class='ocr_par' dir='ltr' id='par_1_60' title="bbox 401 4660 1976 4732">
     <span class='ocr_line' id='line_1_60' title="bbox 401 4660 1976 4732; baseline -0.001 -15"><span class='ocrx_word' id='word_1_446' title='bbox 401 4660 695 4732; x_wconf 86' lang='lat' dir='ltr'><strong>doquidem</strong></span> <span class='ocrx_word' id='word_1_447' title='bbox 745 4661 1059 4716; x_wconf 91' lang='lat' dir='ltr'><strong>necessario</strong></span> <span class='ocrx_word' id='word_1_448' title='bbox 1105 4675 1167 4714; x_wconf 88' lang='lat' dir='ltr'><strong>ac</strong></span> <span class='ocrx_word' id='word_1_449' title='bbox 1205 4661 1582 4726; x_wconf 80' lang='lat' dir='ltr'><strong>multifariam,</strong></span> <span class='ocrx_word' id='word_1_450' title='bbox 1638 4662 1715 4716; x_wconf 93' lang='lat' dir='ltr'>uti</span> <span class='ocrx_word' id='word_1_451' title='bbox 1769 4661 1976 4716; x_wconf 70' lang='lat' dir='ltr'><strong>dictum</strong></span> 
     </span>
    </p>
   </div>
   <div class='ocr_carea' id='block_1_61' title="bbox 402 4751 1978 4822">
    <p class='ocr_par' dir='ltr' id='par_1_61' title="bbox 402 4751 1978 4822">
     <span class='ocr_line' id='line_1_61' title="bbox 402 4751 1978 4822; baseline -0.001 -13"><span class='ocrx_word' id='word_1_452' title='bbox 402 4764 508 4815; x_wconf 90' lang='lat' dir='ltr'><strong>est,</strong></span> <span class='ocrx_word' id='word_1_453' title='bbox 575 4752 627 4805; x_wconf 90' lang='lat' dir='ltr'>vi</span> <span class='ocrx_word' id='word_1_454' title='bbox 682 4751 951 4822; x_wconf 87' lang='lat' dir='ltr'><strong>cujusque</strong></span> <span class='ocrx_word' id='word_1_455' title='bbox 1011 4751 1212 4807; x_wconf 88' lang='lat' dir='ltr'><strong>sideris</strong></span> <span class='ocrx_word' id='word_1_456' title='bbox 1275 4769 1382 4807; x_wconf 92' lang='lat' dir='ltr'>una</span> <span class='ocrx_word' id='word_1_457' title='bbox 1438 4764 1746 4809; x_wconf 90' lang='lat' dir='ltr'><strong>moventur.</strong></span> <span class='ocrx_word' id='word_1_458' title='bbox 1800 4753 1871 4808; x_wconf 90' lang='lat' dir='ltr'><strong>Ut</strong></span> <span class='ocrx_word' id='word_1_459' title='bbox 1921 4755 1978 4809; x_wconf 92' lang='lat' dir='ltr'>in</span> 
     </span>
    </p>
   </div>
   <div class='ocr_carea' id='block_1_62' title="bbox 402 4845 1978 4918">
    <p class='ocr_par' dir='ltr' id='par_1_62' title="bbox 402 4845 1978 4918">
     <span class='ocr_line' id='line_1_62' title="bbox 402 4845 1978 4918; baseline 0.001 -18"><span class='ocrx_word' id='word_1_460' title='bbox 402 4845 804 4900; x_wconf 88' lang='lat' dir='ltr'><strong>medicamento</strong></span> <span class='ocrx_word' id='word_1_461' title='bbox 830 4845 1136 4915; x_wconf 88' lang='lat' dir='ltr'><strong>specierum</strong></span> <span class='ocrx_word' id='word_1_462' title='bbox 1167 4848 1459 4916; x_wconf 88' lang='lat' dir='ltr'><strong>qualitates</strong></span> <span class='ocrx_word' id='word_1_463' title='bbox 1511 4847 1809 4903; x_wconf 88' lang='lat' dir='ltr'><strong>artiﬁciosa</strong></span> <span class='ocrx_word' id='word_1_464' title='bbox 1841 4863 1978 4918; x_wconf 87' lang='lat' dir='ltr'><strong>qua-</strong></span> 
     </span>
    </p>
   </div>
   <div class='ocr_carea' id='block_1_63' title="bbox 402 4937 1978 5009">
    <p class='ocr_par' dir='ltr' id='par_1_63' title="bbox 402 4937 1978 5009">
     <span class='ocr_line' id='line_1_63' title="bbox 402 4937 1978 5009; baseline -0.001 -17"><span class='ocrx_word' id='word_1_465' title='bbox 402 4939 526 4992; x_wconf 89' lang='lat' dir='ltr'>dam</span> <span class='ocrx_word' id='word_1_466' title='bbox 548 4937 758 4990; x_wconf 88' lang='lat' dir='ltr'><strong>ratione</strong></span> <span class='ocrx_word' id='word_1_467' title='bbox 775 4937 1096 5001; x_wconf 71' lang='lat' dir='ltr'><strong>commistze,</strong></span> <span class='ocrx_word' id='word_1_468' title='bbox 1124 4939 1398 4993; x_wconf 89' lang='lat' dir='ltr'><strong>communi</strong></span> <span class='ocrx_word' id='word_1_469' title='bbox 1438 4938 1530 4992; x_wconf 89' lang='lat' dir='ltr'><strong>illo</strong></span> <span class='ocrx_word' id='word_1_470' title='bbox 1549 4946 1978 5009; x_wconf 89' lang='lat' dir='ltr'><strong>temperamento</strong></span> 
     </span>
    </p>
   </div>
   <div class='ocr_carea' id='block_1_64' title="bbox 402 5027 1980 5100">
    <p class='ocr_par' dir='ltr' id='par_1_64' title="bbox 402 5027 1980 5100">
     <span class='ocr_line' id='line_1_64' title="bbox 402 5027 1980 5100; baseline 0.001 -19"><span class='ocrx_word' id='word_1_471' title='bbox 402 5029 677 5098; x_wconf 85' lang='lat' dir='ltr'><strong>quippiam</strong></span> <span class='ocrx_word' id='word_1_472' title='bbox 712 5027 956 5080; x_wconf 90' lang='lat' dir='ltr'><strong>efﬁciunt</strong></span> <span class='ocrx_word' id='word_1_473' title='bbox 989 5028 1155 5091; x_wconf 90' lang='lat' dir='ltr'><strong>aliud,</strong></span> <span class='ocrx_word' id='word_1_474' title='bbox 1185 5043 1359 5098; x_wconf 88' lang='lat' dir='ltr'><strong>neque</strong></span> <span class='ocrx_word' id='word_1_475' title='bbox 1389 5031 1494 5084; x_wconf 88' lang='lat' dir='ltr'><strong>tale</strong></span> <span class='ocrx_word' id='word_1_476' title='bbox 1523 5029 1702 5098; x_wconf 89' lang='lat' dir='ltr'><strong>qualis</strong></span> <span class='ocrx_word' id='word_1_477' title='bbox 1722 5044 1980 5100; x_wconf 65' lang='lat' dir='ltr'><strong>unaquae-</strong></span> 
     </span>
    </p>
   </div>
   <div class='ocr_carea' id='block_1_65' title="bbox 401 5114 1978 5186">
    <p class='ocr_par' dir='ltr' id='par_1_65' title="bbox 401 5114 1978 5186">
     <span class='ocr_line' id='line_1_65' title="bbox 401 5114 1978 5186; baseline 0.002 -16"><span class='ocrx_word' id='word_1_478' title='bbox 401 5133 508 5186; x_wconf 88' lang='lat' dir='ltr'>que</span> <span class='ocrx_word' id='word_1_479' title='bbox 529 5125 653 5168; x_wconf 91' lang='lat' dir='ltr'><strong>ante</strong></span> <span class='ocrx_word' id='word_1_480' title='bbox 669 5114 954 5168; x_wconf 90' lang='lat' dir='ltr'><strong>mistnram</strong></span> <span class='ocrx_word' id='word_1_481' title='bbox 975 5116 1178 5170; x_wconf 90' lang='lat' dir='ltr'><strong>fuerat:</strong></span> <span class='ocrx_word' id='word_1_482' title='bbox 1196 5121 1276 5171; x_wconf 86' lang='lat' dir='ltr'>sic</span> <span class='ocrx_word' id='word_1_483' title='bbox 1295 5119 1597 5173; x_wconf 73' lang='lat' dir='ltr'><strong>caelestium</strong></span> <span class='ocrx_word' id='word_1_484' title='bbox 1616 5119 1876 5172; x_wconf 90' lang='lat' dir='ltr'><strong>virtutum</strong></span> <span class='ocrx_word' id='word_1_485' title='bbox 1895 5120 1978 5173; x_wconf 91' lang='lat' dir='ltr'><strong>di-</strong></span> 
     </span>
    </p>
   </div>
   <div class='ocr_carea' id='block_1_66' title="bbox 400 5208 1974 5278">
    <p class='ocr_par' dir='ltr' id='par_1_66' title="bbox 400 5208 1974 5278">
     <span class='ocr_line' id='line_1_66' title="bbox 400 5208 1974 5278; baseline 0.001 -16"><span class='ocrx_word' id='word_1_486' title='bbox 400 5223 574 5262; x_wconf 82' lang='lat' dir='ltr'><strong>versa:</strong></span> <span class='ocrx_word' id='word_1_487' title='bbox 607 5213 732 5259; x_wconf 88' lang='lat' dir='ltr'><strong>sunt</strong></span> <span class='ocrx_word' id='word_1_488' title='bbox 763 5208 1144 5274; x_wconf 84' lang='lat' dir='ltr'><strong>proprietates,</strong></span> <span class='ocrx_word' id='word_1_489' title='bbox 1171 5225 1400 5278; x_wconf 86' lang='lat' dir='ltr'><strong>quarum</strong></span> <span class='ocrx_word' id='word_1_490' title='bbox 1440 5212 1590 5264; x_wconf 81' lang='lat' dir='ltr'><strong>varia</strong></span> <span class='ocrx_word' id='word_1_491' title='bbox 1614 5227 1679 5266; x_wconf 82' lang='lat' dir='ltr'><strong>ex</strong></span> <span class='ocrx_word' id='word_1_492' title='bbox 1704 5221 1974 5266; x_wconf 87' lang='lat' dir='ltr'><strong>astrorum</strong></span> 
     </span>
    </p>
   </div>
   <div class='ocr_carea' id='block_1_67' title="bbox 401 5298 1978 5372">
    <p class='ocr_par' dir='ltr' id='par_1_67' title="bbox 401 5298 1978 5372">
     <span class='ocr_line' id='line_1_67' title="bbox 401 5298 1978 5372; baseline 0.004 -19"><span class='ocrx_word' id='word_1_493' title='bbox 401 5301 486 5353; x_wconf 85' lang='lat' dir='ltr'>vel</span> <span class='ocrx_word' id='word_1_494' title='bbox 517 5311 740 5351; x_wconf 88' lang='lat' dir='ltr'><strong>accessu</strong></span> <span class='ocrx_word' id='word_1_495' title='bbox 764 5298 845 5350; x_wconf 87' lang='lat' dir='ltr'>vel</span> <span class='ocrx_word' id='word_1_496' title='bbox 876 5313 1094 5354; x_wconf 89' lang='lat' dir='ltr'><strong>recessu</strong></span> <span class='ocrx_word' id='word_1_497' title='bbox 1117 5301 1358 5370; x_wconf 87' lang='lat' dir='ltr'><strong>profecta</strong></span> <span class='ocrx_word' id='word_1_498' title='bbox 1382 5304 1698 5372; x_wconf 76' lang='lat' dir='ltr'><strong>coniunctio</strong></span> <span class='ocrx_word' id='word_1_499' title='bbox 1713 5305 1890 5358; x_wconf 85' lang='lat' dir='ltr'><strong>varias</strong></span> <span class='ocrx_word' id='word_1_500' title='bbox 1915 5320 1978 5359; x_wconf 89' lang='lat' dir='ltr'><strong>ac</strong></span> 
     </span>
    </p>
   </div>
   <div class='ocr_carea' id='block_1_68' title="bbox 401 5390 1975 5467">
    <p class='ocr_par' dir='ltr' id='par_1_68' title="bbox 401 5390 1975 5467">
     <span class='ocr_line' id='line_1_68' title="bbox 401 5390 1975 5467; baseline 0.003 -22"><span class='ocrx_word' id='word_1_501' title='bbox 401 5393 648 5446; x_wconf 83' lang='lat' dir='ltr'><strong>diversas</strong></span> <span class='ocrx_word' id='word_1_502' title='bbox 679 5390 800 5443; x_wconf 68' lang='lat' dir='ltr'><strong>vita:</strong></span> <span class='ocrx_word' id='word_1_503' title='bbox 818 5391 994 5445; x_wconf 88' lang='lat' dir='ltr'><strong>reddit</strong></span> <span class='ocrx_word' id='word_1_504' title='bbox 1017 5395 1282 5462; x_wconf 84' lang='lat' dir='ltr'><strong>actiones,</strong></span> <span class='ocrx_word' id='word_1_505' title='bbox 1311 5403 1568 5464; x_wconf 85' lang='lat' dir='ltr'><strong>tanquam</strong></span> <span class='ocrx_word' id='word_1_506' title='bbox 1590 5397 1829 5452; x_wconf 80' lang='lat' dir='ltr'><strong>inlluxus</strong></span> <span class='ocrx_word' id='word_1_507' title='bbox 1858 5397 1975 5467; x_wconf 84' lang='lat' dir='ltr'><strong>qui-</strong></span> 
     </span>
    </p>
   </div>
   <div class='ocr_carea' id='block_1_69' title="bbox 400 5477 1977 5552">
    <p class='ocr_par' dir='ltr' id='par_1_69' title="bbox 400 5477 1977 5552">
     <span class='ocr_line' id='line_1_69' title="bbox 400 5477 1977 5552; baseline 0.005 -20"><span class='ocrx_word' id='word_1_508' title='bbox 400 5479 528 5533; x_wconf 85' lang='lat' dir='ltr'>dam</span> <span class='ocrx_word' id='word_1_509' title='bbox 550 5479 673 5532; x_wconf 91' lang='lat' dir='ltr'><strong>inde</strong></span> <span class='ocrx_word' id='word_1_510' title='bbox 695 5477 761 5531; x_wconf 89' lang='lat' dir='ltr'>ad</span> <span class='ocrx_word' id='word_1_511' title='bbox 795 5493 894 5534; x_wconf 87' lang='lat' dir='ltr'>nos</span> <span class='ocrx_word' id='word_1_512' title='bbox 913 5479 1031 5535; x_wconf 90' lang='lat' dir='ltr'><strong>sine</strong></span> <span class='ocrx_word' id='word_1_513' title='bbox 1073 5481 1481 5552; x_wconf 79' lang='lat' dir='ltr'><strong>interruptione</strong></span> <span class='ocrx_word' id='word_1_514' title='bbox 1511 5483 1806 5542; x_wconf 85' lang='lat' dir='ltr'><strong>derivetur.</strong></span> <span class='ocrx_word' id='word_1_515' title='bbox 1846 5488 1977 5552; x_wconf 75' lang='lat' dir='ltr'><strong>Qua:</strong></span> 
     </span>
    </p>
   </div>
   <div class='ocr_carea' id='block_1_70' title="bbox 399 5571 1978 5647">
    <p class='ocr_par' dir='ltr' id='par_1_70' title="bbox 399 5571 1978 5647">
     <span class='ocr_line' id='line_1_70' title="bbox 399 5571 1978 5647; baseline 0.005 -23"><span class='ocrx_word' id='word_1_516' title='bbox 399 5571 562 5624; x_wconf 83' lang='lat' dir='ltr'><strong>etiam</strong></span> <span class='ocrx_word' id='word_1_517' title='bbox 597 5581 859 5627; x_wconf 87' lang='lat' dir='ltr'><strong>causaest</strong></span> <span class='ocrx_word' id='word_1_518' title='bbox 907 5573 1258 5642; x_wconf 88' lang='lat' dir='ltr'><strong>quamobrem</strong></span> <span class='ocrx_word' id='word_1_519' title='bbox 1299 5574 1359 5638; x_wconf 91' lang='lat' dir='ltr'>ii,</span> <span class='ocrx_word' id='word_1_520' title='bbox 1391 5575 1481 5644; x_wconf 78' lang='lat' dir='ltr'>qui</span> <span class='ocrx_word' id='word_1_521' title='bbox 1514 5575 1628 5631; x_wconf 81' lang='lat' dir='ltr'><strong>haec</strong></span> <span class='ocrx_word' id='word_1_522' title='bbox 1664 5578 1978 5647; x_wconf 81' lang='lat' dir='ltr'><strong>diligentius</strong></span> 
     </span>
    </p>
   </div>
   <div class='ocr_carea' id='block_1_71' title="bbox 401 5661 1973 5738">
    <p class='ocr_par' dir='ltr' id='par_1_71' title="bbox 401 5661 1973 5738">
     <span class='ocr_line' id='line_1_71' title="bbox 401 5661 1973 5738; baseline 0.008 -24"><span class='ocrx_word' id='word_1_523' title='bbox 401 5661 748 5733; x_wconf 69' lang='lat' dir='ltr'><strong>invesrigant,</strong></span> <span class='ocrx_word' id='word_1_524' title='bbox 771 5663 1193 5737; x_wconf 85' lang='lat' dir='ltr'><strong>futura_minime</strong></span> <span class='ocrx_word' id='word_1_525' title='bbox 1214 5665 1353 5722; x_wconf 83' lang='lat' dir='ltr'><strong>falso</strong></span> <span class='ocrx_word' id='word_1_526' title='bbox 1369 5667 1683 5738; x_wconf 65' lang='lat' dir='ltr'><strong>praedicant.</strong></span> <span class='ocrx_word' id='word_1_527' title='bbox 1704 5669 1973 5736; x_wconf 65' lang='lat' dir='ltr'><strong>Quemad-</strong></span> 
     </span>
    </p>
   </div>
   <div class='ocr_carea' id='block_1_72' title="bbox 2074 1841 3653 1918">
    <p class='ocr_par' dir='ltr' id='par_1_72' title="bbox 2074 1841 3653 1918">
     <span class='ocr_line' id='line_1_72' title="bbox 2074 1841 3653 1918; baseline 0.002 -24"><span class='ocrx_word' id='word_1_528' title='bbox 2074 1841 2209 1914; x_wconf 84' lang='grc' dir='ltr'>πρὸς</span> <span class='ocrx_word' id='word_1_529' title='bbox 2237 1842 2296 1894; x_wconf 86' lang='grc' dir='ltr'>τὸ</span> <span class='ocrx_word' id='word_1_530' title='bbox 2322 1841 2511 1896; x_wconf 76' lang='grc' dir='ltr'>δοκοῦν</span> <span class='ocrx_word' id='word_1_531' title='bbox 2553 1843 2924 1914; x_wconf 83' lang='grc' dir='ltr'>διοικούμενος</span> <span class='ocrx_word' id='word_1_532' title='bbox 2949 1861 2962 1875; x_wconf 93' lang='grc'><strong>·</strong></span> <span class='ocrx_word' id='word_1_533' title='bbox 3011 1844 3044 1915; x_wconf 84' lang='grc' dir='ltr'>ἢ</span> <span class='ocrx_word' id='word_1_534' title='bbox 3087 1844 3252 1915; x_wconf 84' lang='grc' dir='ltr'>ἄλλης</span> <span class='ocrx_word' id='word_1_535' title='bbox 3297 1845 3441 1907; x_wconf 84' lang='grc' dir='ltr'>τινὸς</span> <span class='ocrx_word' id='word_1_536' title='bbox 3481 1846 3653 1918; x_wconf 81' lang='grc' dir='ltr'>ὑπερ-</span> 
     </span>
    </p>
   </div>
   <div class='ocr_carea' id='block_1_73' title="bbox 2074 1933 3657 2009">
    <p class='ocr_par' dir='ltr' id='par_1_73' title="bbox 2074 1933 3657 2009">
     <span class='ocr_line' id='line_1_73' title="bbox 2074 1933 3657 2009; baseline 0.003 -22"><span class='ocrx_word' id='word_1_537' title='bbox 2074 1935 2332 2006; x_wconf 85' lang='grc' dir='ltr'>κειμένης</span> <span class='ocrx_word' id='word_1_538' title='bbox 2355 1935 2632 2006; x_wconf 84' lang='grc' dir='ltr'>ἐνεργείας</span> <span class='ocrx_word' id='word_1_539' title='bbox 2658 1936 2930 2007; x_wconf 78' lang='grc' dir='ltr'>ὑπουργὸν</span> <span class='ocrx_word' id='word_1_540' title='bbox 2960 1933 3098 1990; x_wconf 77' lang='grc' dir='ltr'>εἶναι</span> <span class='ocrx_word' id='word_1_541' title='bbox 3138 1936 3234 2008; x_wconf 77' lang='grc' dir='ltr'>τὴν</span> <span class='ocrx_word' id='word_1_542' title='bbox 3258 1937 3356 2007; x_wconf 83' lang='grc' dir='ltr'>τῆς</span> <span class='ocrx_word' id='word_1_543' title='bbox 3391 1938 3657 2009; x_wconf 74' lang='grc' dir='ltr'>εἱμαρμέο</span> 
     </span>
    </p>
   </div>
   <div class='ocr_carea' id='block_1_74' title="bbox 2074 2018 3653 2100">
    <p class='ocr_par' dir='ltr' id='par_1_74' title="bbox 2074 2018 3653 2100">
     <span class='ocr_line' id='line_1_74' title="bbox 2074 2018 3653 2100; baseline 0.002 -22"><span class='ocrx_word' id='word_1_544' title='bbox 2074 2043 2171 2094; x_wconf 84' lang='grc' dir='ltr'>νης</span> <span class='ocrx_word' id='word_1_545' title='bbox 2192 2018 2500 2080; x_wconf 86' lang='grc' dir='ltr'>ὑποτίθεται</span> <span class='ocrx_word' id='word_1_546' title='bbox 2523 2026 2751 2098; x_wconf 88' lang='grc' dir='ltr'>δύναμιν</span> <span class='ocrx_word' id='word_1_547' title='bbox 2775 2069 2788 2092; x_wconf 95' lang='grc'>,</span> <span class='ocrx_word' id='word_1_548' title='bbox 2820 2026 2959 2080; x_wconf 82' lang='grc' dir='ltr'>ὥστε</span> <span class='ocrx_word' id='word_1_549' title='bbox 2995 2029 3087 2082; x_wconf 82' lang='grc' dir='ltr'>καὶ</span> <span class='ocrx_word' id='word_1_550' title='bbox 3114 2028 3281 2097; x_wconf 80' lang='grc' dir='ltr'>αὐτὴν</span> <span class='ocrx_word' id='word_1_551' title='bbox 3306 2028 3502 2100; x_wconf 86' lang='grc' dir='ltr'>τρόπον</span> <span class='ocrx_word' id='word_1_552' title='bbox 3532 2028 3653 2082; x_wconf 79' lang='grc' dir='ltr'>τινὰ</span> 
     </span>
    </p>
   </div>
   <div class='ocr_carea' id='block_1_75' title="bbox 2076 2112 3656 2189">
    <p class='ocr_par' dir='ltr' id='par_1_75' title="bbox 2076 2112 3656 2189">
     <span class='ocr_line' id='line_1_75' title="bbox 2076 2112 3656 2189; baseline 0.002 -20"><span class='ocrx_word' id='word_1_553' title='bbox 2076 2112 2180 2170; x_wconf 79' lang='grc' dir='ltr'>ὑπὸ</span> <span class='ocrx_word' id='word_1_554' title='bbox 2209 2117 2403 2188; x_wconf 78' lang='grc' dir='ltr'>ἑτέραν</span> <span class='ocrx_word' id='word_1_555' title='bbox 2429 2117 2770 2189; x_wconf 84' lang='grc' dir='ltr'>εἱμαρμένην</span> <span class='ocrx_word' id='word_1_556' title='bbox 2801 2118 3035 2181; x_wconf 84' lang='grc' dir='ltr'>κεῖσθαι,</span> <span class='ocrx_word' id='word_1_557' title='bbox 3061 2121 3126 2188; x_wconf 86' lang='grc' dir='ltr'>τῇ</span> <span class='ocrx_word' id='word_1_558' title='bbox 3158 2118 3497 2189; x_wconf 83' lang='grc' dir='ltr'>ὑπερεχούσῃ</span> <span class='ocrx_word' id='word_1_559' title='bbox 3531 2136 3656 2172; x_wconf 90' lang='grc' dir='ltr'>συν-</span> 
     </span>
    </p>
   </div>
   <div class='ocr_carea' id='block_1_76' title="bbox 2073 2206 3658 2280">
    <p class='ocr_par' dir='ltr' id='par_1_76' title="bbox 2073 2206 3658 2280">
     <span class='ocr_line' id='line_1_76' title="bbox 2073 2206 3658 2280; baseline 0.004 -20"><span class='ocrx_word' id='word_1_560' title='bbox 2073 2206 2451 2279; x_wconf 82' lang='grc' dir='ltr'>διατιθεμένην</span> <span class='ocrx_word' id='word_1_561' title='bbox 2481 2209 2649 2278; x_wconf 72' lang='grc' dir='ltr'>αἰτίᾳ.</span> <span class='ocrx_word' id='word_1_562' title='bbox 2687 2210 2749 2261; x_wconf 87' lang='grc' dir='ltr'><strong>Εἰ</strong></span> <span class='ocrx_word' id='word_1_563' title='bbox 2795 2209 2892 2278; x_wconf 87' lang='grc' dir='ltr'>μὲν</span> <span class='ocrx_word' id='word_1_564' title='bbox 2935 2209 3040 2280; x_wconf 84' lang='grc' dir='ltr'>γὰρ</span> <span class='ocrx_word' id='word_1_565' title='bbox 3075 2209 3211 2280; x_wconf 74' lang='grc' dir='ltr'>αὕτη</span> <span class='ocrx_word' id='word_1_566' title='bbox 3251 2211 3309 2262; x_wconf 76' lang='grc' dir='ltr'>τὸ</span> <span class='ocrx_word' id='word_1_567' title='bbox 3343 2212 3481 2264; x_wconf 79' lang='grc' dir='ltr'>κατὰ</span> <span class='ocrx_word' id='word_1_568' title='bbox 3521 2211 3658 2266; x_wconf 78' lang='grc' dir='ltr'>πάν-</span> 
     </span>
    </p>
   </div>
   <div class='ocr_carea' id='block_1_77' title="bbox 2073 2299 3656 2372">
    <p class='ocr_par' dir='ltr' id='par_1_77' title="bbox 2073 2299 3656 2372">
     <span class='ocr_line' id='line_1_77' title="bbox 2073 2299 3656 2372; baseline 0.003 -21"><span class='ocrx_word' id='word_1_569' title='bbox 2073 2315 2182 2351; x_wconf 89' lang='grc' dir='ltr'>των</span> <span class='ocrx_word' id='word_1_570' title='bbox 2220 2299 2363 2368; x_wconf 81' lang='grc' dir='ltr'>ἔχειν</span> <span class='ocrx_word' id='word_1_571' title='bbox 2395 2300 2594 2371; x_wconf 79' lang='grc' dir='ltr'>κράτος</span> <span class='ocrx_word' id='word_1_572' title='bbox 2631 2301 3012 2368; x_wconf 81' lang='grc' dir='ltr'>πεπίστευται,</span> <span class='ocrx_word' id='word_1_573' title='bbox 3038 2302 3100 2354; x_wconf 74' lang='grc' dir='ltr'>τὸ</span> <span class='ocrx_word' id='word_1_574' title='bbox 3139 2301 3304 2372; x_wconf 80' lang='grc' dir='ltr'>μηδὲν</span> <span class='ocrx_word' id='word_1_575' title='bbox 3334 2302 3656 2356; x_wconf 71' lang='grc' dir='ltr'>ὑποκεῖσθαι</span> 
     </span>
    </p>
   </div>
   <div class='ocr_carea' id='block_1_78' title="bbox 2074 2389 3657 2462">
    <p class='ocr_par' dir='ltr' id='par_1_78' title="bbox 2074 2389 3657 2462">
     <span class='ocr_line' id='line_1_78' title="bbox 2074 2389 3657 2462; baseline 0.002 -18"><span class='ocrx_word' id='word_1_576' title='bbox 2074 2389 2278 2462; x_wconf 82' lang='grc' dir='ltr'>ταύτης</span> <span class='ocrx_word' id='word_1_577' title='bbox 2315 2393 2347 2462; x_wconf 81' lang='grc' dir='ltr'>ἡ</span> <span class='ocrx_word' id='word_1_578' title='bbox 2379 2391 2668 2445; x_wconf 77' lang='grc' dir='ltr'>ἀκολουθία</span> <span class='ocrx_word' id='word_1_579' title='bbox 2694 2392 2787 2446; x_wconf 80' lang='grc' dir='ltr'>τοῦ</span> <span class='ocrx_word' id='word_1_580' title='bbox 2813 2393 2972 2460; x_wconf 89' lang='grc' dir='ltr'>λόγου</span> <span class='ocrx_word' id='word_1_581' title='bbox 3009 2392 3222 2445; x_wconf 87' lang='grc' dir='ltr'>δίδωσιν</span> <span class='ocrx_word' id='word_1_582' title='bbox 3257 2392 3485 2446; x_wconf 70' lang='grc' dir='ltr'>στἐσθαι.</span> <span class='ocrx_word' id='word_1_583' title='bbox 3512 2395 3572 2446; x_wconf 83' lang='lat' dir='ltr'><strong>Ei</strong></span> <span class='ocrx_word' id='word_1_584' title='bbox 3599 2393 3657 2447; x_wconf 70' lang='grc' dir='ltr'>δὲ</span> 
     </span>
    </p>
   </div>
   <div class='ocr_carea' id='block_1_79' title="bbox 2076 2482 3651 2555">
    <p class='ocr_par' dir='ltr' id='par_1_79' title="bbox 2076 2482 3651 2555">
     <span class='ocr_line' id='line_1_79' title="bbox 2076 2482 3651 2555; baseline 0.002 -22"><span class='ocrx_word' id='word_1_585' title='bbox 2076 2484 2140 2552; x_wconf 81' lang='grc' dir='ltr'>τῇ</span> <span class='ocrx_word' id='word_1_586' title='bbox 2177 2482 2385 2552; x_wconf 84' lang='grc' dir='ltr'>κινήσει</span> <span class='ocrx_word' id='word_1_587' title='bbox 2429 2482 2536 2536; x_wconf 85' lang='grc' dir='ltr'>τῶν</span> <span class='ocrx_word' id='word_1_588' title='bbox 2569 2483 2784 2555; x_wconf 83' lang='grc' dir='ltr'>ἄστρων</span> <span class='ocrx_word' id='word_1_589' title='bbox 2815 2483 3208 2536; x_wconf 77' lang='grc' dir='ltr'>ἀκολουθοῦσαν</span> <span class='ocrx_word' id='word_1_590' title='bbox 3237 2484 3336 2552; x_wconf 78' lang='grc' dir='ltr'>τὴν</span> <span class='ocrx_word' id='word_1_591' title='bbox 3383 2483 3651 2554; x_wconf 78' lang='grc' dir='ltr'>εἱμαρμέ-</span> 
     </span>
    </p>
   </div>
   <div class='ocr_carea' id='block_1_80' title="bbox 2077 2573 3655 2646">
    <p class='ocr_par' dir='ltr' id='par_1_80' title="bbox 2077 2573 3655 2646">
     <span class='ocr_line' id='line_1_80' title="bbox 2077 2573 3655 2646; baseline 0.003 -22"><span class='ocrx_word' id='word_1_592' title='bbox 2077 2589 2201 2642; x_wconf 89' lang='grc' dir='ltr'>νην,</span> <span class='ocrx_word' id='word_1_593' title='bbox 2239 2575 2461 2644; x_wconf 81' lang='grc' dir='ltr'>κρατεῖν</span> <span class='ocrx_word' id='word_1_594' title='bbox 2503 2573 2671 2645; x_wconf 79' lang='grc' dir='ltr'>αὐτὴν</span> <span class='ocrx_word' id='word_1_595' title='bbox 2721 2574 2871 2645; x_wconf 66' lang='grc' dir='ltr'>βιαίᾳ.</span> <span class='ocrx_word' id='word_1_596' title='bbox 2900 2575 3006 2627; x_wconf 74' lang='grc' dir='ltr'>τινὶ</span> <span class='ocrx_word' id='word_1_597' title='bbox 3044 2575 3256 2646; x_wconf 80' lang='grc' dir='ltr'>ἀνάγκη</span> <span class='ocrx_word' id='word_1_598' title='bbox 3289 2575 3395 2628; x_wconf 83' lang='grc' dir='ltr'>τῶν</span> <span class='ocrx_word' id='word_1_599' title='bbox 3432 2577 3655 2629; x_wconf 85' lang='grc' dir='ltr'>πάντων</span> 
     </span>
    </p>
   </div>
   <div class='ocr_carea' id='block_1_81' title="bbox 2077 2662 3656 2739">
    <p class='ocr_par' dir='ltr' id='par_1_81' title="bbox 2077 2662 3656 2739">
     <span class='ocr_line' id='line_1_81' title="bbox 2077 2662 3656 2739; baseline 0.003 -23"><span class='ocrx_word' id='word_1_600' title='bbox 2077 2663 2502 2736; x_wconf 77' lang='grc' dir='ltr'>διισχυρίζεται,</span> <span class='ocrx_word' id='word_1_601' title='bbox 2548 2666 2954 2736; x_wconf 83' lang='grc' dir='ltr'>ἀσφαλέστερον</span> <span class='ocrx_word' id='word_1_602' title='bbox 3009 2662 3076 2737; x_wconf 77' lang='grc' dir='ltr'>ἦν</span> <span class='ocrx_word' id='word_1_603' title='bbox 3125 2666 3204 2734; x_wconf 85' lang='grc' dir='ltr'>τῷ</span> <span class='ocrx_word' id='word_1_604' title='bbox 3258 2669 3656 2739; x_wconf 86' lang='grc' dir='ltr'>προηγουμένῳ</span> 
     </span>
    </p>
   </div>
   <div class='ocr_carea' id='block_1_82' title="bbox 2081 2755 3655 2830">
    <p class='ocr_par' dir='ltr' id='par_1_82' title="bbox 2081 2755 3655 2830">
     <span class='ocr_line' id='line_1_82' title="bbox 2081 2755 3655 2830; baseline 0.001 -20"><span class='ocrx_word' id='word_1_605' title='bbox 2081 2755 2279 2827; x_wconf 83' lang='grc' dir='ltr'>μᾶλλον</span> <span class='ocrx_word' id='word_1_606' title='bbox 2327 2756 2360 2825; x_wconf 79' lang='grc' dir='ltr'>ἢ</span> <span class='ocrx_word' id='word_1_607' title='bbox 2405 2756 2484 2827; x_wconf 80' lang='grc' dir='ltr'>τῷ</span> <span class='ocrx_word' id='word_1_608' title='bbox 2539 2758 2790 2828; x_wconf 76' lang='grc' dir='ltr'>ἑπομένῳ</span> <span class='ocrx_word' id='word_1_609' title='bbox 2834 2756 2931 2828; x_wconf 77' lang='grc' dir='ltr'>τὴν</span> <span class='ocrx_word' id='word_1_610' title='bbox 2989 2758 3394 2828; x_wconf 76' lang='grc' dir='ltr'>παντοδύναμον</span> <span class='ocrx_word' id='word_1_611' title='bbox 3453 2759 3655 2830; x_wconf 83' lang='grc' dir='ltr'>ταύτην</span> 
     </span>
    </p>
   </div>
   <div class='ocr_carea' id='block_1_83' title="bbox 2079 2847 3654 2920">
    <p class='ocr_par' dir='ltr' id='par_1_83' title="bbox 2079 2847 3654 2920">
     <span class='ocr_line' id='line_1_83' title="bbox 2079 2847 3654 2920; baseline 0.004 -20"><span class='ocrx_word' id='word_1_612' title='bbox 2079 2850 2521 2919; x_wconf 86' lang='grc' dir='ltr'>προσμαρτυρεῖν</span> <span class='ocrx_word' id='word_1_613' title='bbox 2545 2847 2795 2911; x_wconf 78' lang='grc' dir='ltr'>ἐξουσίαν</span> <span class='ocrx_word' id='word_1_614' title='bbox 2817 2865 2830 2878; x_wconf 74' lang='grc' dir='ltr'><strong>ο</strong></span> <span class='ocrx_word' id='word_1_615' title='bbox 2855 2850 2950 2902; x_wconf 76' lang='grc' dir='ltr'>καὶ</span> <span class='ocrx_word' id='word_1_616' title='bbox 2977 2850 3044 2901; x_wconf 71' lang='grc' dir='ltr'>τὰ</span> <span class='ocrx_word' id='word_1_617' title='bbox 3074 2850 3248 2920; x_wconf 84' lang='grc' dir='ltr'>ἄστρα</span> <span class='ocrx_word' id='word_1_618' title='bbox 3274 2849 3477 2903; x_wconf 83' lang='grc' dir='ltr'>τούτων</span> <span class='ocrx_word' id='word_1_619' title='bbox 3508 2851 3654 2906; x_wconf 81' lang='grc' dir='ltr'>αἴτια</span> 
     </span>
    </p>
   </div>
   <div class='ocr_carea' id='block_1_84' title="bbox 2076 2935 3654 3008">
    <p class='ocr_par' dir='ltr' id='par_1_84' title="bbox 2076 2935 3654 3008">
     <span class='ocr_line' id='line_1_84' title="bbox 2076 2935 3654 3008; baseline 0.003 -20"><span class='ocrx_word' id='word_1_620' title='bbox 2076 2935 2275 3004; x_wconf 85' lang='grc' dir='ltr'>λέγειν,</span> <span class='ocrx_word' id='word_1_621' title='bbox 2318 2936 2351 3007; x_wconf 85' lang='grc' dir='ltr'>ἢ</span> <span class='ocrx_word' id='word_1_622' title='bbox 2383 2937 2481 3006; x_wconf 78' lang='grc' dir='ltr'>τὴν</span> <span class='ocrx_word' id='word_1_623' title='bbox 2510 2936 2723 3006; x_wconf 83' lang='grc' dir='ltr'>ἀπλανῆ</span> <span class='ocrx_word' id='word_1_624' title='bbox 2758 2938 3082 3007; x_wconf 74' lang='grc' dir='ltr'>περιφορὰν,</span> <span class='ocrx_word' id='word_1_625' title='bbox 3125 2937 3157 3008; x_wconf 87' lang='grc' dir='ltr'>ἢ</span> <span class='ocrx_word' id='word_1_626' title='bbox 3195 2938 3318 3000; x_wconf 75' lang='grc' dir='ltr'>τοὺς</span> <span class='ocrx_word' id='word_1_627' title='bbox 3345 2939 3495 3002; x_wconf 77' lang='grc' dir='ltr'>ἐντὸς</span> <span class='ocrx_word' id='word_1_628' title='bbox 3523 2942 3654 2992; x_wconf 84' lang='grc' dir='ltr'>ταύ-</span> 
     </span>
    </p>
   </div>
   <div class='ocr_carea' id='block_1_85' title="bbox 2077 3027 3654 3101">
    <p class='ocr_par' dir='ltr' id='par_1_85' title="bbox 2077 3027 3654 3101">
     <span class='ocr_line' id='line_1_85' title="bbox 2077 3027 3654 3101; baseline -0.005 -21"><span class='ocrx_word' id='word_1_629' title='bbox 2077 3045 2175 3098; x_wconf 85' lang='grc' dir='ltr'>της</span> <span class='ocrx_word' id='word_1_630' title='bbox 2235 3027 2703 3098; x_wconf 80' lang='grc' dir='ltr'>ἐνθεωρουμένους</span> <span class='ocrx_word' id='word_1_631' title='bbox 2742 3028 2998 3092; x_wconf 85' lang='grc' dir='ltr'>κύκλους,</span> <span class='ocrx_word' id='word_1_632' title='bbox 3032 3029 3065 3099; x_wconf 82' lang='grc' dir='ltr'>ἣ</span> <span class='ocrx_word' id='word_1_633' title='bbox 3094 3029 3185 3081; x_wconf 79' lang='grc' dir='ltr'>τὸν</span> <span class='ocrx_word' id='word_1_634' title='bbox 3221 3029 3390 3094; x_wconf 79' lang='grc' dir='ltr'>λοξῶς</span> <span class='ocrx_word' id='word_1_635' title='bbox 3422 3032 3654 3101; x_wconf 75' lang='grc' dir='ltr'>ἐγκεχα-</span> 
     </span>
    </p>
   </div>
   <div class='ocr_carea' id='block_1_86' title="bbox 2080 3118 3654 3192">
    <p class='ocr_par' dir='ltr' id='par_1_86' title="bbox 2080 3118 3654 3192">
     <span class='ocr_line' id='line_1_86' title="bbox 2080 3118 3654 3192; baseline 0.001 -19"><span class='ocrx_word' id='word_1_636' title='bbox 2080 3120 2351 3192; x_wconf 88' lang='grc' dir='ltr'>ραγμένον</span> <span class='ocrx_word' id='word_1_637' title='bbox 2385 3119 2463 3189; x_wconf 84' lang='grc' dir='ltr'>τῷ</span> <span class='ocrx_word' id='word_1_638' title='bbox 2510 3119 2656 3189; x_wconf 85' lang='grc' dir='ltr'>πόλῳ</span> <span class='ocrx_word' id='word_1_639' title='bbox 2713 3118 2931 3173; x_wconf 90' lang='grc' dir='ltr'>κύκλον.</span> <span class='ocrx_word' id='word_1_640' title='bbox 2972 3119 3036 3171; x_wconf 80' lang='lat' dir='ltr'><strong>Ei</strong></span> <span class='ocrx_word' id='word_1_641' title='bbox 3090 3119 3196 3190; x_wconf 76' lang='grc' dir='ltr'>γάρ</span> <span class='ocrx_word' id='word_1_642' title='bbox 3239 3136 3321 3182; x_wconf 89' lang='grc' dir='ltr'>τις</span> <span class='ocrx_word' id='word_1_643' title='bbox 3362 3121 3475 3190; x_wconf 86' lang='grc' dir='ltr'>δοίη</span> <span class='ocrx_word' id='word_1_644' title='bbox 3532 3120 3654 3174; x_wconf 85' lang='grc' dir='ltr'>καθ’</span> 
     </span>
    </p>
   </div>
   <div class='ocr_carea' id='block_1_87' title="bbox 2081 3206 3653 3279">
    <p class='ocr_par' dir='ltr' id='par_1_87' title="bbox 2081 3206 3653 3279">
     <span class='ocr_line' id='line_1_87' title="bbox 2081 3206 3653 3279; baseline -0.001 -17"><span class='ocrx_word' id='word_1_645' title='bbox 2081 3207 2334 3262; x_wconf 86' lang='grc' dir='ltr'>ὑπόθεσιν</span> <span class='ocrx_word' id='word_1_646' title='bbox 2370 3209 2444 3279; x_wconf 84' lang='grc' dir='ltr'>μὴ</span> <span class='ocrx_word' id='word_1_647' title='bbox 2489 3207 2754 3261; x_wconf 85' lang='grc' dir='ltr'>κινεῖσθαι</span> <span class='ocrx_word' id='word_1_648' title='bbox 2786 3206 2981 3269; x_wconf 76' lang='grc' dir='ltr'>ταῦτα,</span> <span class='ocrx_word' id='word_1_649' title='bbox 3019 3206 3152 3276; x_wconf 81' lang='grc' dir='ltr'>μηδὲ</span> <span class='ocrx_word' id='word_1_650' title='bbox 3195 3208 3283 3259; x_wconf 75' lang='grc' dir='ltr'>διὰ</span> <span class='ocrx_word' id='word_1_651' title='bbox 3327 3207 3428 3276; x_wconf 82' lang='grc' dir='ltr'>τῆς</span> <span class='ocrx_word' id='word_1_652' title='bbox 3478 3207 3653 3260; x_wconf 79' lang='grc' dir='ltr'>ἀϊδίου</span> 
     </span>
    </p>
   </div>
   <div class='ocr_carea' id='block_1_88' title="bbox 2079 3299 3652 3373">
    <p class='ocr_par' dir='ltr' id='par_1_88' title="bbox 2079 3299 3652 3373">
     <span class='ocr_line' id='line_1_88' title="bbox 2079 3299 3652 3373; baseline -0.001 -19"><span class='ocrx_word' id='word_1_653' title='bbox 2079 3301 2462 3373; x_wconf 73' lang='grc' dir='ltr'>κυκλοφορίας,</span> <span class='ocrx_word' id='word_1_654' title='bbox 2493 3301 2525 3371; x_wconf 81' lang='grc' dir='ltr'>ἢ</span> <span class='ocrx_word' id='word_1_655' title='bbox 2551 3302 2607 3354; x_wconf 80' lang='grc' dir='ltr'>ἐν</span> <span class='ocrx_word' id='word_1_656' title='bbox 2638 3299 2886 3370; x_wconf 78' lang='grc' dir='ltr'>ἀλλήλοις</span> <span class='ocrx_word' id='word_1_657' title='bbox 2908 3303 2925 3321; x_wconf 81' lang='lat'>&#39;</span> <span class='ocrx_word' id='word_1_658' title='bbox 2956 3300 3048 3352; x_wconf 80' lang='grc' dir='ltr'>ἀπ’</span> <span class='ocrx_word' id='word_1_659' title='bbox 3079 3299 3324 3369; x_wconf 80' lang='grc' dir='ltr'>ἀλλήλων</span> <span class='ocrx_word' id='word_1_660' title='bbox 3361 3299 3606 3368; x_wconf 89' lang='grc' dir='ltr'>γίνεσθαι</span> <span class='ocrx_word' id='word_1_661' title='bbox 3634 3337 3652 3364; x_wconf 88' lang='grc'>,</span> 
     </span>
    </p>
   </div>
   <div class='ocr_carea' id='block_1_89' title="bbox 2079 3389 3652 3462">
    <p class='ocr_par' dir='ltr' id='par_1_89' title="bbox 2079 3389 3652 3462">
     <span class='ocr_line' id='line_1_89' title="bbox 2079 3389 3652 3462; baseline -0.002 -18"><span class='ocrx_word' id='word_1_662' title='bbox 2079 3391 2195 3444; x_wconf 82' lang='grc' dir='ltr'>ἀλλ’</span> <span class='ocrx_word' id='word_1_663' title='bbox 2230 3393 2322 3444; x_wconf 77' lang='grc' dir='ltr'>ἐπὶ</span> <span class='ocrx_word' id='word_1_664' title='bbox 2369 3390 2463 3444; x_wconf 78' lang='grc' dir='ltr'>τοῦ</span> <span class='ocrx_word' id='word_1_665' title='bbox 2499 3390 2662 3443; x_wconf 78' lang='grc' dir='ltr'>αὑτοῦ</span> <span class='ocrx_word' id='word_1_666' title='bbox 2713 3392 2990 3462; x_wconf 84' lang='grc' dir='ltr'>σχήματος</span> <span class='ocrx_word' id='word_1_667' title='bbox 3032 3389 3289 3454; x_wconf 83' lang='grc' dir='ltr'>ὡσαύτως</span> <span class='ocrx_word' id='word_1_668' title='bbox 3333 3389 3476 3459; x_wconf 81' lang='grc' dir='ltr'>ἔχειν</span> <span class='ocrx_word' id='word_1_669' title='bbox 3524 3389 3611 3442; x_wconf 87' lang='grc' dir='ltr'>ἀεί</span> <span class='ocrx_word' id='word_1_670' title='bbox 3636 3404 3652 3420; x_wconf 80' lang='grc' dir='ltr'><strong>ο</strong></span> 
     </span>
    </p>
   </div>
   <div class='ocr_carea' id='block_1_90' title="bbox 2079 3475 3652 3550">
    <p class='ocr_par' dir='ltr' id='par_1_90' title="bbox 2079 3475 3652 3550">
     <span class='ocr_line' id='line_1_90' title="bbox 2079 3475 3652 3550; baseline 0 -18"><span class='ocrx_word' id='word_1_671' title='bbox 2079 3481 2178 3532; x_wconf 82' lang='grc' dir='ltr'>οὑκ</span> <span class='ocrx_word' id='word_1_672' title='bbox 2210 3479 2275 3534; x_wconf 84' lang='grc' dir='ltr'>ἂν</span> <span class='ocrx_word' id='word_1_673' title='bbox 2302 3483 2334 3550; x_wconf 81' lang='grc' dir='ltr'><strong>ἠ</strong></span> <span class='ocrx_word' id='word_1_674' title='bbox 2387 3480 2693 3550; x_wconf 86' lang='grc' dir='ltr'>εἱμαρμένη</span> <span class='ocrx_word' id='word_1_675' title='bbox 2734 3481 2982 3550; x_wconf 89' lang='grc' dir='ltr'>συσταίη.</span> <span class='ocrx_word' id='word_1_676' title='bbox 3032 3481 3093 3531; x_wconf 83' lang='lat' dir='ltr'><strong>Ei</strong></span> <span class='ocrx_word' id='word_1_677' title='bbox 3122 3475 3215 3532; x_wconf 76' lang='grc' dir='ltr'>οὖν</span> <span class='ocrx_word' id='word_1_678' title='bbox 3245 3480 3278 3549; x_wconf 83' lang='grc' dir='ltr'><strong>ἡ</strong></span> <span class='ocrx_word' id='word_1_679' title='bbox 3306 3478 3520 3548; x_wconf 84' lang='grc' dir='ltr'>κίνησις</span> <span class='ocrx_word' id='word_1_680' title='bbox 3545 3478 3652 3532; x_wconf 83' lang='grc' dir='ltr'>τῶν</span> 
     </span>
    </p>
   </div>
   <div class='ocr_carea' id='block_1_91' title="bbox 2078 3570 3652 3642">
    <p class='ocr_par' dir='ltr' id='par_1_91' title="bbox 2078 3570 3652 3642">
     <span class='ocr_line' id='line_1_91' title="bbox 2078 3570 3652 3642; baseline -0.003 -17"><span class='ocrx_word' id='word_1_681' title='bbox 2078 3572 2294 3642; x_wconf 84' lang='grc' dir='ltr'>ἄστρων</span> <span class='ocrx_word' id='word_1_682' title='bbox 2326 3571 2498 3624; x_wconf 86' lang='grc' dir='ltr'>τίκτει</span> <span class='ocrx_word' id='word_1_683' title='bbox 2541 3570 2637 3640; x_wconf 78' lang='grc' dir='ltr'>τὴν</span> <span class='ocrx_word' id='word_1_684' title='bbox 2668 3570 3029 3641; x_wconf 84' lang='grc' dir='ltr'>εἱμαρμένην,</span> <span class='ocrx_word' id='word_1_685' title='bbox 3066 3571 3172 3642; x_wconf 82' lang='grc' dir='ltr'>ἄρα</span> <span class='ocrx_word' id='word_1_686' title='bbox 3212 3571 3387 3640; x_wconf 81' lang='grc' dir='ltr'>μάτην</span> <span class='ocrx_word' id='word_1_687' title='bbox 3421 3571 3652 3640; x_wconf 82' lang='grc' dir='ltr'>ἐπικρα-</span> 
     </span>
    </p>
   </div>
   <div class='ocr_carea' id='block_1_92' title="bbox 2077 3660 3651 3732">
    <p class='ocr_par' dir='ltr' id='par_1_92' title="bbox 2077 3660 3651 3732">
     <span class='ocr_line' id='line_1_92' title="bbox 2077 3660 3651 3732; baseline -0.001 -18"><span class='ocrx_word' id='word_1_688' title='bbox 2077 3664 2188 3714; x_wconf 84' lang='grc' dir='ltr'>τεῖν</span> <span class='ocrx_word' id='word_1_689' title='bbox 2215 3661 2354 3730; x_wconf 83' lang='grc' dir='ltr'>α’ύτη</span> <span class='ocrx_word' id='word_1_690' title='bbox 2382 3662 2489 3712; x_wconf 84' lang='grc' dir='ltr'>τῶν</span> <span class='ocrx_word' id='word_1_691' title='bbox 2517 3660 2690 3714; x_wconf 83' lang='grc' dir='ltr'>ἄλλων</span> <span class='ocrx_word' id='word_1_692' title='bbox 2726 3661 3004 3731; x_wconf 79' lang='grc' dir='ltr'>νομίζεται</span> <span class='ocrx_word' id='word_1_693' title='bbox 3032 3699 3048 3726; x_wconf 94' lang='grc'>,</span> <span class='ocrx_word' id='word_1_694' title='bbox 3098 3663 3129 3731; x_wconf 85' lang='grc' dir='ltr'><strong>ἠ</strong></span> <span class='ocrx_word' id='word_1_695' title='bbox 3165 3664 3232 3731; x_wconf 84' lang='grc' dir='ltr'>τῇ</span> <span class='ocrx_word' id='word_1_696' title='bbox 3281 3660 3651 3732; x_wconf 63' lang='grc' dir='ltr'>ὑπερκειμένῃ</span> 
     </span>
    </p>
   </div>
   <div class='ocr_carea' id='block_1_93' title="bbox 2080 3750 3656 3826">
    <p class='ocr_par' dir='ltr' id='par_1_93' title="bbox 2080 3750 3656 3826">
     <span class='ocr_line' id='line_1_93' title="bbox 2080 3750 3656 3826; baseline -0.001 -19"><span class='ocrx_word' id='word_1_697' title='bbox 2080 3755 2230 3826; x_wconf 79' lang='grc' dir='ltr'>αἰτίᾳ</span> <span class='ocrx_word' id='word_1_698' title='bbox 2266 3753 2592 3807; x_wconf 84' lang='grc' dir='ltr'>δουλεύουσα</span> <span class='ocrx_word' id='word_1_699' title='bbox 2621 3795 2634 3815; x_wconf 90' lang='grc'>,</span> <span class='ocrx_word' id='word_1_700' title='bbox 2667 3753 2762 3806; x_wconf 71' lang='grc' dir='ltr'>καὶ</span> <span class='ocrx_word' id='word_1_701' title='bbox 2803 3754 2875 3823; x_wconf 82' lang='grc' dir='ltr'>μὴ</span> <span class='ocrx_word' id='word_1_702' title='bbox 2910 3753 2975 3807; x_wconf 82' lang='grc' dir='ltr'>ἂν</span> <span class='ocrx_word' id='word_1_703' title='bbox 3004 3750 3159 3817; x_wconf 77' lang='grc' dir='ltr'>οὖσα,</span> <span class='ocrx_word' id='word_1_704' title='bbox 3193 3756 3240 3806; x_wconf 89' lang='grc' dir='ltr'>εἱ</span> <span class='ocrx_word' id='word_1_705' title='bbox 3271 3753 3346 3824; x_wconf 81' lang='grc' dir='ltr'>μὴ</span> <span class='ocrx_word' id='word_1_706' title='bbox 3377 3755 3411 3824; x_wconf 78' lang='grc' dir='ltr'><strong>ἡ</strong></span> <span class='ocrx_word' id='word_1_707' title='bbox 3444 3753 3656 3823; x_wconf 87' lang='grc' dir='ltr'>κίνησις</span> 
     </span>
    </p>
   </div>
   <div class='ocr_carea' id='block_1_94' title="bbox 2078 3843 3655 3918">
    <p class='ocr_par' dir='ltr' id='par_1_94' title="bbox 2078 3843 3655 3918">
     <span class='ocr_line' id='line_1_94' title="bbox 2078 3843 3655 3918; baseline -0.001 -20"><span class='ocrx_word' id='word_1_708' title='bbox 2078 3843 2168 3918; x_wconf 77' lang='grc' dir='ltr'>ἦν.</span> <span class='ocrx_word' id='word_1_709' title='bbox 2214 3846 2353 3899; x_wconf 80' lang='grc' dir='ltr'>Ἀλλ’</span> <span class='ocrx_word' id='word_1_710' title='bbox 2388 3846 2447 3899; x_wconf 75' lang='grc' dir='ltr'>οὗ</span> <span class='ocrx_word' id='word_1_711' title='bbox 2477 3845 2653 3909; x_wconf 79' lang='grc' dir='ltr'>τοῦτο,</span> <span class='ocrx_word' id='word_1_712' title='bbox 2702 3845 2868 3915; x_wconf 73' lang='grc' dir='ltr'>φησὶν</span> <span class='ocrx_word' id='word_1_713' title='bbox 2909 3848 2936 3899; x_wconf 88' lang='grc' dir='ltr'>ὁ</span> <span class='ocrx_word' id='word_1_714' title='bbox 2968 3846 3250 3914; x_wconf 69' lang='grc' dir='ltr'>φιλόσοφος</span> <span class='ocrx_word' id='word_1_715' title='bbox 3293 3847 3517 3908; x_wconf 77' lang='grc' dir='ltr'>ἐκεῖνος,</span> <span class='ocrx_word' id='word_1_716' title='bbox 3557 3845 3655 3915; x_wconf 90' lang='grc' dir='ltr'>οὑχ</span> 
     </span>
    </p>
   </div>
   <div class='ocr_carea' id='block_1_95' title="bbox 2079 3933 3654 4009">
    <p class='ocr_par' dir='ltr' id='par_1_95' title="bbox 2079 3933 3654 4009">
     <span class='ocr_line' id='line_1_95' title="bbox 2079 3933 3654 4009; baseline -0.002 -16"><span class='ocrx_word' id='word_1_717' title='bbox 2079 3940 2250 4002; x_wconf 76' lang='grc' dir='ltr'>οὕτως</span> <span class='ocrx_word' id='word_1_718' title='bbox 2290 3941 2318 3991; x_wconf 86' lang='grc' dir='ltr'>ό</span> <span class='ocrx_word' id='word_1_719' title='bbox 2359 3939 2623 4009; x_wconf 73' lang='grc' dir='ltr'>ἡμέτερος</span> <span class='ocrx_word' id='word_1_720' title='bbox 2656 3938 2862 4007; x_wconf 80' lang='grc' dir='ltr'>νομίζει</span> <span class='ocrx_word' id='word_1_721' title='bbox 2895 3938 3070 4005; x_wconf 84' lang='grc' dir='ltr'>λόγος,</span> <span class='ocrx_word' id='word_1_722' title='bbox 3111 3937 3171 3989; x_wconf 82' lang='grc' dir='ltr'>τὸ</span> <span class='ocrx_word' id='word_1_723' title='bbox 3202 3933 3337 3990; x_wconf 79' lang='grc' dir='ltr'>εἶναι</span> <span class='ocrx_word' id='word_1_724' title='bbox 3371 3939 3538 4007; x_wconf 72' lang='grc' dir='ltr'>αὐτὴν</span> <span class='ocrx_word' id='word_1_725' title='bbox 3569 3939 3654 4007; x_wconf 77' lang='grc' dir='ltr'>ἐφ’</span> 
     </span>
    </p>
   </div>
   <div class='ocr_carea' id='block_1_96' title="bbox 2079 4029 3656 4102">
    <p class='ocr_par' dir='ltr' id='par_1_96' title="bbox 2079 4029 3656 4102">
     <span class='ocr_line' id='line_1_96' title="bbox 2079 4029 3656 4102; baseline -0.002 -17"><span class='ocrx_word' id='word_1_726' title='bbox 2079 4031 2276 4102; x_wconf 78' lang='grc' dir='ltr'>ἑαυτὴν</span> <span class='ocrx_word' id='word_1_727' title='bbox 2309 4031 2405 4101; x_wconf 82' lang='grc' dir='ltr'>τὴν</span> <span class='ocrx_word' id='word_1_728' title='bbox 2439 4029 2775 4100; x_wconf 79' lang='grc' dir='ltr'>εἱμαρμένην</span> <span class='ocrx_word' id='word_1_729' title='bbox 2806 4030 2862 4080; x_wconf 80' lang='grc' dir='ltr'>ἐν</span> <span class='ocrx_word' id='word_1_730' title='bbox 2891 4029 3183 4082; x_wconf 70' lang='grc' dir='ltr'>ὑποστάσει</span> <span class='ocrx_word' id='word_1_731' title='bbox 3213 4032 3316 4082; x_wconf 84' lang='grc' dir='ltr'>τινί</span> <span class='ocrx_word' id='word_1_732' title='bbox 3350 4032 3656 4101; x_wconf 81' lang='grc' dir='ltr'>θεωρουμέ-</span> 
     </span>
    </p>
   </div>
   <div class='ocr_carea' id='block_1_97' title="bbox 2085 4118 3652 4194">
    <p class='ocr_par' dir='ltr' id='par_1_97' title="bbox 2085 4118 3652 4194">
     <span class='ocr_line' id='line_1_97' title="bbox 2085 4118 3652 4194; baseline -0.001 -19"><span class='ocrx_word' id='word_1_733' title='bbox 2085 4139 2202 4194; x_wconf 82' lang='grc' dir='ltr'>νην’</span> <span class='ocrx_word' id='word_1_734' title='bbox 2243 4123 2354 4174; x_wconf 77' lang='grc' dir='ltr'>ἀλλ’</span> <span class='ocrx_word' id='word_1_735' title='bbox 2385 4121 2571 4191; x_wconf 81' lang='grc' dir='ltr'>ἐπειδὴ</span> <span class='ocrx_word' id='word_1_736' title='bbox 2603 4120 2698 4190; x_wconf 86' lang='grc' dir='ltr'>μία</span> <span class='ocrx_word' id='word_1_737' title='bbox 2732 4121 2816 4183; x_wconf 87' lang='grc' dir='ltr'>τίς</span> <span class='ocrx_word' id='word_1_738' title='bbox 2857 4123 3002 4173; x_wconf 81' lang='grc' dir='ltr'>ἐστιν</span> <span class='ocrx_word' id='word_1_739' title='bbox 3047 4122 3104 4173; x_wconf 80' lang='grc' dir='ltr'>ἐν</span> <span class='ocrx_word' id='word_1_740' title='bbox 3137 4124 3245 4184; x_wconf 86' lang='grc' dir='ltr'>τοῖς</span> <span class='ocrx_word' id='word_1_741' title='bbox 3276 4118 3393 4172; x_wconf 79' lang='grc' dir='ltr'>οὖσι</span> <span class='ocrx_word' id='word_1_742' title='bbox 3435 4121 3652 4190; x_wconf 84' lang='grc' dir='ltr'>συμπά-</span> 
     </span>
    </p>
   </div>
   <div class='ocr_carea' id='block_1_98' title="bbox 2081 4211 3653 4282">
    <p class='ocr_par' dir='ltr' id='par_1_98' title="bbox 2081 4211 3653 4282">
     <span class='ocr_line' id='line_1_98' title="bbox 2081 4211 3653 4282; baseline -0.003 -15"><span class='ocrx_word' id='word_1_743' title='bbox 2081 4215 2232 4276; x_wconf 87' lang='grc' dir='ltr'>θεια,</span> <span class='ocrx_word' id='word_1_744' title='bbox 2267 4214 2359 4266; x_wconf 75' lang='grc' dir='ltr'>καὶ</span> <span class='ocrx_word' id='word_1_745' title='bbox 2391 4213 2611 4281; x_wconf 84' lang='grc' dir='ltr'>συνεχές</span> <span class='ocrx_word' id='word_1_746' title='bbox 2653 4214 2769 4264; x_wconf 87' lang='grc' dir='ltr'>ἐστι</span> <span class='ocrx_word' id='word_1_747' title='bbox 2804 4211 2865 4263; x_wconf 88' lang='grc' dir='ltr'>τὸ</span> <span class='ocrx_word' id='word_1_748' title='bbox 2906 4212 3014 4264; x_wconf 81' lang='grc' dir='ltr'>πᾶν</span> <span class='ocrx_word' id='word_1_749' title='bbox 3054 4212 3231 4282; x_wconf 81' lang='grc' dir='ltr'>ἐαυτῷ</span> <span class='ocrx_word' id='word_1_750' title='bbox 3253 4251 3267 4275; x_wconf 88' lang='grc'>,</span> <span class='ocrx_word' id='word_1_751' title='bbox 3312 4213 3406 4265; x_wconf 82' lang='grc' dir='ltr'>καὶ</span> <span class='ocrx_word' id='word_1_752' title='bbox 3437 4213 3503 4266; x_wconf 81' lang='grc' dir='ltr'>τά</span> <span class='ocrx_word' id='word_1_753' title='bbox 3530 4211 3653 4264; x_wconf 78' lang='grc' dir='ltr'>καθ’</span> 
     </span>
    </p>
   </div>
   <div class='ocr_carea' id='block_1_99' title="bbox 2079 4299 3654 4373">
    <p class='ocr_par' dir='ltr' id='par_1_99' title="bbox 2079 4299 3654 4373">
     <span class='ocr_line' id='line_1_99' title="bbox 2079 4299 3654 4373; baseline -0.002 -15"><span class='ocrx_word' id='word_1_754' title='bbox 2079 4306 2306 4359; x_wconf 78' lang='grc' dir='ltr'>ἕκαστον</span> <span class='ocrx_word' id='word_1_755' title='bbox 2337 4305 2394 4356; x_wconf 82' lang='grc' dir='ltr'>ἐν</span> <span class='ocrx_word' id='word_1_756' title='bbox 2433 4301 2511 4373; x_wconf 79' lang='grc' dir='ltr'>τῷ</span> <span class='ocrx_word' id='word_1_757' title='bbox 2545 4303 2705 4354; x_wconf 84' lang='grc' dir='ltr'>παντὶ</span> <span class='ocrx_word' id='word_1_758' title='bbox 2738 4301 3086 4373; x_wconf 84' lang='grc' dir='ltr'>θεωρούμενα</span> <span class='ocrx_word' id='word_1_759' title='bbox 3121 4299 3232 4355; x_wconf 81' lang='grc' dir='ltr'>οἷον</span> <span class='ocrx_word' id='word_1_760' title='bbox 3268 4304 3359 4355; x_wconf 77' lang='grc' dir='ltr'>ἐπὶ</span> <span class='ocrx_word' id='word_1_761' title='bbox 3403 4301 3654 4373; x_wconf 81' lang='grc' dir='ltr'>σώματος</span> 
     </span>
    </p>
   </div>
   <div class='ocr_carea' id='block_1_100' title="bbox 2082 4395 3656 4470">
    <p class='ocr_par' dir='ltr' id='par_1_100' title="bbox 2082 4395 3656 4470">
     <span class='ocr_line' id='line_1_100' title="bbox 2082 4395 3656 4470; baseline -0.001 -20"><span class='ocrx_word' id='word_1_762' title='bbox 2082 4400 2199 4460; x_wconf 80' lang='grc' dir='ltr'>ἐνὸς</span> <span class='ocrx_word' id='word_1_763' title='bbox 2231 4401 2288 4452; x_wconf 83' lang='grc' dir='ltr'>ὲν</span> <span class='ocrx_word' id='word_1_764' title='bbox 2323 4400 2421 4470; x_wconf 82' lang='grc' dir='ltr'>μιᾷ</span> <span class='ocrx_word' id='word_1_765' title='bbox 2450 4398 2723 4468; x_wconf 81' lang='grc' dir='ltr'>συμπνοίᾳ</span> <span class='ocrx_word' id='word_1_766' title='bbox 2748 4395 3221 4468; x_wconf 76' lang='grc' dir='ltr'>καταλαμϐάνεται</span> <span class='ocrx_word' id='word_1_767' title='bbox 3241 4438 3256 4461; x_wconf 91' lang='grc'>,</span> <span class='ocrx_word' id='word_1_768' title='bbox 3282 4397 3497 4463; x_wconf 81' lang='grc' dir='ltr'>πάντων</span> <span class='ocrx_word' id='word_1_769' title='bbox 3521 4397 3656 4467; x_wconf 78' lang='grc' dir='ltr'>πρὸς</span> 
     </span>
    </p>
   </div>
   <div class='ocr_carea' id='block_1_101' title="bbox 2082 4488 3656 4560">
    <p class='ocr_par' dir='ltr' id='par_1_101' title="bbox 2082 4488 3656 4560">
     <span class='ocr_line' id='line_1_101' title="bbox 2082 4488 3656 4560; baseline 0.003 -18"><span class='ocrx_word' id='word_1_770' title='bbox 2082 4490 2286 4560; x_wconf 78' lang='grc' dir='ltr'>ἄλληλα</span> <span class='ocrx_word' id='word_1_771' title='bbox 2313 4489 2422 4542; x_wconf 82' lang='grc' dir='ltr'>τῶν</span> <span class='ocrx_word' id='word_1_772' title='bbox 2458 4490 2638 4559; x_wconf 81' lang='grc' dir='ltr'>μερῶν</span> <span class='ocrx_word' id='word_1_773' title='bbox 2662 4488 3036 4542; x_wconf 89' lang='grc' dir='ltr'>συννευόντων.</span> <span class='ocrx_word' id='word_1_774' title='bbox 3067 4489 3266 4542; x_wconf 87' lang='grc' dir='ltr'>Τούτου</span> <span class='ocrx_word' id='word_1_775' title='bbox 3291 4489 3450 4560; x_wconf 83' lang='grc' dir='ltr'>χάριν</span> <span class='ocrx_word' id='word_1_776' title='bbox 3486 4490 3656 4559; x_wconf 81' lang='grc' dir='ltr'>ἀρχη-</span> 
     </span>
    </p>
   </div>
   <div class='ocr_carea' id='block_1_102' title="bbox 2078 4579 3653 4654">
    <p class='ocr_par' dir='ltr' id='par_1_102' title="bbox 2078 4579 3653 4654">
     <span class='ocr_line' id='line_1_102' title="bbox 2078 4579 3653 4654; baseline 0 -21"><span class='ocrx_word' id='word_1_777' title='bbox 2078 4582 2378 4651; x_wconf 87' lang='grc' dir='ltr'>γικωτέρας</span> <span class='ocrx_word' id='word_1_778' title='bbox 2400 4579 2565 4650; x_wconf 74' lang='grc' dir='ltr'>οὑσης</span> <span class='ocrx_word' id='word_1_779' title='bbox 2585 4581 2681 4650; x_wconf 77' lang='grc' dir='ltr'>τῆς</span> <span class='ocrx_word' id='word_1_780' title='bbox 2713 4579 2824 4633; x_wconf 84' lang='grc' dir='ltr'>ἄνω</span> <span class='ocrx_word' id='word_1_781' title='bbox 2856 4580 3082 4651; x_wconf 83' lang='grc' dir='ltr'>λήξεως,</span> <span class='ocrx_word' id='word_1_782' title='bbox 3104 4580 3172 4634; x_wconf 76' lang='grc' dir='ltr'>τὰ</span> <span class='ocrx_word' id='word_1_783' title='bbox 3201 4581 3455 4654; x_wconf 86' lang='grc' dir='ltr'>περίγεια</span> <span class='ocrx_word' id='word_1_784' title='bbox 3480 4581 3653 4634; x_wconf 87' lang='grc' dir='ltr'>πάντα</span> 
     </span>
    </p>
   </div>
   <div class='ocr_carea' id='block_1_103' title="bbox 2077 4670 3654 4742">
    <p class='ocr_par' dir='ltr' id='par_1_103' title="bbox 2077 4670 3654 4742">
     <span class='ocr_line' id='line_1_103' title="bbox 2077 4670 3654 4742; baseline 0.001 -20"><span class='ocrx_word' id='word_1_785' title='bbox 2077 4670 2156 4741; x_wconf 81' lang='grc' dir='ltr'>τῷ</span> <span class='ocrx_word' id='word_1_786' title='bbox 2203 4671 2602 4742; x_wconf 86' lang='grc' dir='ltr'>προηγουμένῳ</span> <span class='ocrx_word' id='word_1_787' title='bbox 2656 4670 3051 4723; x_wconf 85' lang='grc' dir='ltr'>συνδιατίθεται</span> <span class='ocrx_word' id='word_1_788' title='bbox 3085 4687 3098 4700; x_wconf 87' lang='grc'>·</span> <span class='ocrx_word' id='word_1_789' title='bbox 3154 4672 3249 4724; x_wconf 72' lang='grc' dir='ltr'>καὶ</span> <span class='ocrx_word' id='word_1_790' title='bbox 3295 4672 3431 4741; x_wconf 84' lang='grc' dir='ltr'>πρὸς</span> <span class='ocrx_word' id='word_1_791' title='bbox 3479 4673 3654 4724; x_wconf 84' lang='grc' dir='ltr'>ἐκεῖνο</span> 
     </span>
    </p>
   </div>
   <div class='ocr_carea' id='block_1_104' title="bbox 2079 4760 3658 4833">
    <p class='ocr_par' dir='ltr' id='par_1_104' title="bbox 2079 4760 3658 4833">
     <span class='ocr_line' id='line_1_104' title="bbox 2079 4760 3658 4833; baseline 0 -17"><span class='ocrx_word' id='word_1_792' title='bbox 2079 4763 2222 4816; x_wconf 84' lang='grc' dir='ltr'>νεύει</span> <span class='ocrx_word' id='word_1_793' title='bbox 2254 4762 2393 4815; x_wconf 79' lang='grc' dir='ltr'>κατὰ</span> <span class='ocrx_word' id='word_1_794' title='bbox 2427 4765 2524 4831; x_wconf 81' lang='grc' dir='ltr'>τὴν</span> <span class='ocrx_word' id='word_1_795' title='bbox 2555 4761 2666 4815; x_wconf 87' lang='grc' dir='ltr'>ἄνω</span> <span class='ocrx_word' id='word_1_796' title='bbox 2697 4760 2908 4831; x_wconf 86' lang='grc' dir='ltr'>κίνησιν</span> <span class='ocrx_word' id='word_1_797' title='bbox 2927 4803 2941 4826; x_wconf 96' lang='grc'>,</span> <span class='ocrx_word' id='word_1_798' title='bbox 2973 4762 3068 4814; x_wconf 77' lang='grc' dir='ltr'>καὶ</span> <span class='ocrx_word' id='word_1_799' title='bbox 3098 4761 3204 4813; x_wconf 82' lang='grc' dir='ltr'>τῶν</span> <span class='ocrx_word' id='word_1_800' title='bbox 3232 4762 3357 4833; x_wconf 82' lang='grc' dir='ltr'>τῇδε</span> <span class='ocrx_word' id='word_1_801' title='bbox 3407 4765 3658 4833; x_wconf 81' lang='grc' dir='ltr'>πραγμά-</span> 
     </span>
    </p>
   </div>
   <div class='ocr_carea' id='block_1_105' title="bbox 2078 4856 3656 4933">
    <p class='ocr_par' dir='ltr' id='par_1_105' title="bbox 2078 4856 3656 4933">
     <span class='ocr_line' id='line_1_105' title="bbox 2078 4856 3656 4933; baseline -0.004 -20"><span class='ocrx_word' id='word_1_802' title='bbox 2078 4878 2185 4913; x_wconf 84' lang='grc' dir='ltr'>των</span> <span class='ocrx_word' id='word_1_803' title='bbox 2215 4861 2274 4926; x_wconf 75' lang='grc' dir='ltr'>ἐξ</span> <span class='ocrx_word' id='word_1_804' title='bbox 2301 4861 2546 4933; x_wconf 81' lang='grc' dir='ltr'>ἀνάγκης</span> <span class='ocrx_word' id='word_1_805' title='bbox 2591 4860 3026 4931; x_wconf 86' lang='grc' dir='ltr'>συγκινουμένων</span> <span class='ocrx_word' id='word_1_806' title='bbox 3044 4874 3058 4889; x_wconf 86' lang='grc'><strong>·</strong></span> <span class='ocrx_word' id='word_1_807' title='bbox 3083 4860 3140 4910; x_wconf 81' lang='grc' dir='ltr'>ὲν</span> <span class='ocrx_word' id='word_1_808' title='bbox 3173 4857 3412 4926; x_wconf 71' lang='grc' dir='ltr'>διαφόρῳ</span> <span class='ocrx_word' id='word_1_809' title='bbox 3439 4856 3494 4908; x_wconf 81' lang='grc' dir='ltr'>δὲ</span> <span class='ocrx_word' id='word_1_810' title='bbox 3520 4891 3537 4918; x_wconf 86' lang='lat'>,</span> <span class='ocrx_word' id='word_1_811' title='bbox 3560 4872 3656 4908; x_wconf 88' lang='grc' dir='ltr'>κα-</span> 
     </span>
    </p>
   </div>
   <div class='ocr_carea' id='block_1_106' title="bbox 2079 4948 3657 5026">
    <p class='ocr_par' dir='ltr' id='par_1_106' title="bbox 2079 4948 3657 5026">
     <span class='ocr_line' id='line_1_106' title="bbox 2079 4948 3657 5026; baseline -0.003 -21"><span class='ocrx_word' id='word_1_812' title='bbox 2079 4953 2187 5016; x_wconf 79' lang='grc' dir='ltr'>θὼς</span> <span class='ocrx_word' id='word_1_813' title='bbox 2218 4955 2467 5026; x_wconf 81' lang='grc' dir='ltr'>εἴρηται,</span> <span class='ocrx_word' id='word_1_814' title='bbox 2509 4956 2572 5024; x_wconf 79' lang='grc' dir='ltr'>τῇ</span> <span class='ocrx_word' id='word_1_815' title='bbox 2611 4953 2836 5024; x_wconf 85' lang='grc' dir='ltr'>δυνάμει</span> <span class='ocrx_word' id='word_1_816' title='bbox 2868 4953 3098 5006; x_wconf 79' lang='grc' dir='ltr'>ἑκάστου</span> <span class='ocrx_word' id='word_1_817' title='bbox 3132 4949 3239 5003; x_wconf 85' lang='grc' dir='ltr'>τῶν</span> <span class='ocrx_word' id='word_1_818' title='bbox 3271 4948 3484 5018; x_wconf 79' lang='grc' dir='ltr'>ἄστρων</span> <span class='ocrx_word' id='word_1_819' title='bbox 3522 4948 3657 5001; x_wconf 88' lang='grc' dir='ltr'>θεω-</span> 
     </span>
    </p>
   </div>
   <div class='ocr_carea' id='block_1_107' title="bbox 2083 5039 3654 5118">
    <p class='ocr_par' dir='ltr' id='par_1_107' title="bbox 2083 5039 3654 5118">
     <span class='ocr_line' id='line_1_107' title="bbox 2083 5039 3654 5118; baseline -0.004 -20"><span class='ocrx_word' id='word_1_820' title='bbox 2083 5046 2366 5118; x_wconf 87' lang='grc' dir='ltr'>ρουμένου.</span> <span class='ocrx_word' id='word_1_821' title='bbox 2397 5047 2606 5116; x_wconf 80' lang='grc' dir='ltr'>Ὥσπερ</span> <span class='ocrx_word' id='word_1_822' title='bbox 2643 5045 2734 5097; x_wconf 74' lang='grc' dir='ltr'>ἐπὶ</span> <span class='ocrx_word' id='word_1_823' title='bbox 2765 5046 2862 5115; x_wconf 81' lang='grc' dir='ltr'>τῆς</span> <span class='ocrx_word' id='word_1_824' title='bbox 2901 5043 3151 5114; x_wconf 82' lang='grc' dir='ltr'>ἱατρικῆς</span> <span class='ocrx_word' id='word_1_825' title='bbox 3181 5041 3528 5112; x_wconf 86' lang='grc' dir='ltr'>φαρμακείας</span> <span class='ocrx_word' id='word_1_826' title='bbox 3548 5080 3564 5103; x_wconf 91' lang='grc'>,</span> <span class='ocrx_word' id='word_1_827' title='bbox 3597 5039 3654 5092; x_wconf 90' lang='grc' dir='ltr'>αἱ</span> 
     </span>
    </p>
   </div>
   <div class='ocr_carea' id='block_1_108' title="bbox 2077 5133 3656 5208">
    <p class='ocr_par' dir='ltr' id='par_1_108' title="bbox 2077 5133 3656 5208">
     <span class='ocr_line' id='line_1_108' title="bbox 2077 5133 3656 5208; baseline -0.004 -17"><span class='ocrx_word' id='word_1_828' title='bbox 2077 5138 2186 5192; x_wconf 81' lang='grc' dir='ltr'>τῶν</span> <span class='ocrx_word' id='word_1_829' title='bbox 2217 5138 2372 5191; x_wconf 80' lang='grc' dir='ltr'>εἱδῶν</span> <span class='ocrx_word' id='word_1_830' title='bbox 2409 5139 2690 5206; x_wconf 82' lang='grc' dir='ltr'>ποιότητες</span> <span class='ocrx_word' id='word_1_831' title='bbox 2725 5139 2869 5208; x_wconf 84' lang='grc' dir='ltr'>λόγῳ</span> <span class='ocrx_word' id='word_1_832' title='bbox 2899 5138 3005 5190; x_wconf 74' lang='grc' dir='ltr'>τινὶ</span> <span class='ocrx_word' id='word_1_833' title='bbox 3039 5136 3298 5206; x_wconf 83' lang='grc' dir='ltr'>τεχνικῶς</span> <span class='ocrx_word' id='word_1_834' title='bbox 3332 5133 3656 5204; x_wconf 89' lang='grc' dir='ltr'>συμμιχθεῖ-</span> 
     </span>
    </p>
   </div>
   <div class='ocr_carea' id='block_1_109' title="bbox 2082 5225 3654 5298">
    <p class='ocr_par' dir='ltr' id='par_1_109' title="bbox 2082 5225 3654 5298">
     <span class='ocr_line' id='line_1_109' title="bbox 2082 5225 3654 5298; baseline -0.002 -17"><span class='ocrx_word' id='word_1_835' title='bbox 2082 5247 2192 5292; x_wconf 85' lang='grc' dir='ltr'>σαι,</span> <span class='ocrx_word' id='word_1_836' title='bbox 2234 5229 2361 5283; x_wconf 84' lang='grc' dir='ltr'>ἄλλο</span> <span class='ocrx_word' id='word_1_837' title='bbox 2391 5247 2444 5282; x_wconf 89' lang='grc' dir='ltr'>τι</span> <span class='ocrx_word' id='word_1_838' title='bbox 2483 5229 2542 5282; x_wconf 86' lang='grc' dir='ltr'>τὸ</span> <span class='ocrx_word' id='word_1_839' title='bbox 2588 5231 2652 5281; x_wconf 80' lang='grc' dir='ltr'>ἐκ</span> <span class='ocrx_word' id='word_1_840' title='bbox 2677 5229 2770 5282; x_wconf 81' lang='grc' dir='ltr'>τοῦ</span> <span class='ocrx_word' id='word_1_841' title='bbox 2820 5229 3000 5282; x_wconf 81' lang='grc' dir='ltr'>κοινοῦ</span> <span class='ocrx_word' id='word_1_842' title='bbox 3050 5227 3356 5298; x_wconf 83' lang='grc' dir='ltr'>συγκραθὲν</span> <span class='ocrx_word' id='word_1_843' title='bbox 3388 5225 3654 5295; x_wconf 79' lang='grc' dir='ltr'>ἀπειργά-</span> 
     </span>
    </p>
   </div>
   <div class='ocr_carea' id='block_1_110' title="bbox 2081 5313 3658 5389">
    <p class='ocr_par' dir='ltr' id='par_1_110' title="bbox 2081 5313 3658 5389">
     <span class='ocr_line' id='line_1_110' title="bbox 2081 5313 3658 5389; baseline -0.002 -20"><span class='ocrx_word' id='word_1_844' title='bbox 2081 5335 2262 5382; x_wconf 90' lang='grc' dir='ltr'>σαντο,</span> <span class='ocrx_word' id='word_1_845' title='bbox 2296 5319 2390 5370; x_wconf 79' lang='grc' dir='ltr'>καὶ</span> <span class='ocrx_word' id='word_1_846' title='bbox 2418 5318 2516 5388; x_wconf 88' lang='grc' dir='ltr'>οὑχ</span> <span class='ocrx_word' id='word_1_847' title='bbox 2534 5319 2670 5389; x_wconf 83' lang='grc' dir='ltr'>ὅπερ</span> <span class='ocrx_word' id='word_1_848' title='bbox 2692 5318 2920 5371; x_wconf 75' lang='grc' dir='ltr'>ἕκαστον</span> <span class='ocrx_word' id='word_1_849' title='bbox 2944 5313 3012 5388; x_wconf 81' lang='grc' dir='ltr'>ἦν</span> <span class='ocrx_word' id='word_1_850' title='bbox 3038 5317 3144 5387; x_wconf 87' lang='grc' dir='ltr'>πρὸ</span> <span class='ocrx_word' id='word_1_851' title='bbox 3165 5316 3266 5386; x_wconf 78' lang='grc' dir='ltr'>τῆς</span> <span class='ocrx_word' id='word_1_852' title='bbox 3294 5315 3430 5387; x_wconf 78' lang='grc' dir='ltr'>πρὸς</span> <span class='ocrx_word' id='word_1_853' title='bbox 3453 5313 3658 5386; x_wconf 86' lang='grc' dir='ltr'>ἄλληλα</span> 
     </span>
    </p>
   </div>
   <div class='ocr_carea' id='block_1_111' title="bbox 2083 5405 3659 5481">
    <p class='ocr_par' dir='ltr' id='par_1_111' title="bbox 2083 5405 3659 5481">
     <span class='ocr_line' id='line_1_111' title="bbox 2083 5405 3659 5481; baseline -0.003 -18"><span class='ocrx_word' id='word_1_854' title='bbox 2083 5408 2308 5479; x_wconf 80' lang='grc' dir='ltr'>μίξεως·</span> <span class='ocrx_word' id='word_1_855' title='bbox 2337 5407 2479 5463; x_wconf 79' lang='grc' dir='ltr'>οὑτω</span> <span class='ocrx_word' id='word_1_856' title='bbox 2511 5411 2605 5463; x_wconf 75' lang='grc' dir='ltr'>καὶ</span> <span class='ocrx_word' id='word_1_857' title='bbox 2640 5409 2746 5460; x_wconf 81' lang='grc' dir='ltr'>τῶν</span> <span class='ocrx_word' id='word_1_858' title='bbox 2779 5409 3040 5481; x_wconf 78' lang='grc' dir='ltr'>ἁστρῴων</span> <span class='ocrx_word' id='word_1_859' title='bbox 3067 5409 3347 5479; x_wconf 87' lang='grc' dir='ltr'>δυνάμεων</span> <span class='ocrx_word' id='word_1_860' title='bbox 3387 5409 3442 5459; x_wconf 78' lang='grc' dir='ltr'>ἐν</span> <span class='ocrx_word' id='word_1_861' title='bbox 3472 5405 3659 5476; x_wconf 80' lang='grc' dir='ltr'>διαφό-</span> 
     </span>
    </p>
   </div>
   <div class='ocr_carea' id='block_1_112' title="bbox 2081 5497 3657 5574">
    <p class='ocr_par' dir='ltr' id='par_1_112' title="bbox 2081 5497 3657 5574">
     <span class='ocr_line' id='line_1_112' title="bbox 2081 5497 3657 5574; baseline -0.001 -22"><span class='ocrx_word' id='word_1_862' title='bbox 2081 5517 2196 5572; x_wconf 92' lang='grc' dir='ltr'>ροις</span> <span class='ocrx_word' id='word_1_863' title='bbox 2245 5500 2469 5573; x_wconf 84' lang='grc' dir='ltr'>ἰδιότησι</span> <span class='ocrx_word' id='word_1_864' title='bbox 2519 5501 2946 5574; x_wconf 86' lang='grc' dir='ltr'>θεωρουμένων,</span> <span class='ocrx_word' id='word_1_865' title='bbox 2989 5504 3022 5574; x_wconf 84' lang='grc' dir='ltr'><strong>ή</strong></span> <span class='ocrx_word' id='word_1_866' title='bbox 3076 5501 3294 5571; x_wconf 85' lang='grc' dir='ltr'>ποικίλη</span> <span class='ocrx_word' id='word_1_867' title='bbox 3340 5497 3483 5554; x_wconf 80' lang='grc' dir='ltr'>κατὰ</span> <span class='ocrx_word' id='word_1_868' title='bbox 3529 5497 3657 5561; x_wconf 78' lang='grc' dir='ltr'>τοὺς</span> 
     </span>
    </p>
   </div>
   <div class='ocr_carea' id='block_1_113' title="bbox 2081 5587 3648 5662">
    <p class='ocr_par' dir='ltr' id='par_1_113' title="bbox 2081 5587 3648 5662">
     <span class='ocr_line' id='line_1_113' title="bbox 2081 5587 3648 5662; baseline 0.002 -22"><span class='ocrx_word' id='word_1_869' title='bbox 2081 5593 2521 5662; x_wconf 83' lang='grc' dir='ltr'>προσεγγισμοὺς</span> <span class='ocrx_word' id='word_1_870' title='bbox 2550 5592 2730 5646; x_wconf 85' lang='grc' dir='ltr'>αὑτῶν</span> <span class='ocrx_word' id='word_1_871' title='bbox 2781 5593 2875 5647; x_wconf 69' lang='grc' dir='ltr'>καὶ</span> <span class='ocrx_word' id='word_1_872' title='bbox 2904 5593 3003 5657; x_wconf 76' lang='grc' dir='ltr'>τὰς</span> <span class='ocrx_word' id='word_1_873' title='bbox 3033 5593 3356 5655; x_wconf 70' lang='grc' dir='ltr'>ἀποστάσεις</span> <span class='ocrx_word' id='word_1_874' title='bbox 3391 5587 3648 5659; x_wconf 81' lang='grc' dir='ltr'>γινομένη</span> 
     </span>
    </p>
   </div>
   <div class='ocr_carea' id='block_1_114' title="bbox 2080 5677 3654 5752">
    <p class='ocr_par' dir='ltr' id='par_1_114' title="bbox 2080 5677 3654 5752">
     <span class='ocr_line' id='line_1_114' title="bbox 2080 5677 3654 5752; baseline 0.001 -19"><span class='ocrx_word' id='word_1_875' title='bbox 2080 5678 2189 5733; x_wconf 81' lang='grc' dir='ltr'>τῶν</span> <span class='ocrx_word' id='word_1_876' title='bbox 2221 5677 2495 5749; x_wconf 75' lang='grc' dir='ltr'>διαφόρων</span> <span class='ocrx_word' id='word_1_877' title='bbox 2547 5682 2851 5751; x_wconf 75' lang='grc' dir='ltr'>ἰδιωμάτων</span> <span class='ocrx_word' id='word_1_878' title='bbox 2902 5681 3208 5752; x_wconf 79' lang='grc' dir='ltr'>συμπλοκὴ,</span> <span class='ocrx_word' id='word_1_879' title='bbox 3259 5681 3355 5746; x_wconf 77' lang='grc' dir='ltr'>τὰς</span> <span class='ocrx_word' id='word_1_880' title='bbox 3406 5677 3654 5742; x_wconf 68' lang='grc' dir='ltr'>ποικίλας</span> 
     </span>
    </p>
   </div>
  </div>
