4066 6374
318 344 414 401 155

1651 328 1930 390 CONTRA
1962 327 2224 384 FATUM.

3458 317 3556 376 Nil

313 465 421 518 τῶν
457 459 600 514 κατά
636 457 731 512 τὸν
760 458 876 528 βίον
905 455 1354 529 ἀποτελουμένων
1384 453 1645 526 διαφορὰς
1669 451 1893 523 ἐξεργά-

2023 446 2218 500 nodum
2261 445 2406 498 enim
2451 443 2659 512 peritus
2701 438 2965 505 medicus,
3010 438 3055 491 si
3104 434 3562 490 medicamentum

315 556 464 619 ζεται
484 570 495 580 ·
523 545 632 604 οἷόν
667 567 811 614 τινος
844 550 1118 621 ἀπορροῆς
1155 546 1539 608 ἀδιασπάστως
1562 543 1770 597 ἐκεῖθεν
1802 543 1886 611 ἐφ’

316 647 461 719 ἡμᾶς
492 641 805 713 διηκούσης.
846 642 944 695 Διά
993 659 1076 694 τοι
1121 639 1279 694 τοῦτο
1315 638 1412 692 καὶ
1443 635 1598 706 παρὰ
1636 633 1744 687 τῶν
1772 635 1892 686 ἐπι-

323 733 639 805 μελέστερον
668 730 739 788 τὰ
777 729 1004 783 τοιαῦτα
1045 728 1474 798 φιλοσοφούντων
1499 766 1514 788 ,
1546 725 1602 778 αἱ
1648 721 1894 795 προρρή-

320 841 428 888 σεις
452 823 561 876 τῶν
592 822 865 892 ἐσομένων
897 822 996 892 οὑχ
1024 819 1448 891 ἀμαρτάνονται.
1484 817 1571 880 Ὠς
1603 815 1713 886 γάρ
1741 816 1770 866 ὁ
1795 812 1894 882 τῆς

323 915 570 987 ἰατρικῆς
608 915 952 985 ἐπιστήμων,
977 915 1026 966 εί
1053 913 1114 966 τὸ
1155 911 1355 984 θερμὸν
1381 911 1416 982 ἢ
1445 907 1724 980 ναρκῶδες
1762 903 1896 975 φάρ-

323 1023 495 1076 μακον
552 1005 888 1077 ἀνακραθείη
946 1004 1023 1075 τῷ
1073 1003 1316 1075 ἀλμῶντι
1363 1002 1398 1068 ἢ
1451 997 1894 1070 παραστύφοντι,

320 1097 573 1168 προλέγει
617 1097 716 1169 τὴν
759 1094 1167 1167 συστησομένην
1215 1097 1279 1147 ἐκ
1315 1094 1413 1164 τῆς
1448 1091 1558 1144 τῶν
1592 1086 1896 1161 ἐτεροφυῶν

323 1189 518 1258 μίξεως
545 1187 800 1257 ἰδιότητα,
834 1187 926 1239 καὶ
956 1186 1006 1239 τί
1040 1186 1473 1256 κατεργάζεται,
1505 1183 1599 1236 καὶ
1630 1182 1790 1252 μέχρι
1815 1179 1898 1231 τί-

322 1296 410 1344 νος
439 1279 536 1350 τὴν
567 1280 720 1348 ἰσχὺν
745 1278 878 1343 ἕξει,
903 1279 997 1330 καὶ
1015 1277 1121 1331 τίνι
1149 1278 1245 1347 μὲν
1269 1275 1532 1347 ὀλέθριον,
1561 1273 1667 1326 τίνι
1693 1273 1748 1325 δέ
1778 1270 1900 1324 ἀλε-

325 1372 562 1442 ξιτήριον
610 1371 852 1439 γίνεται⁶
893 1369 1067 1433 οὕτως
1103 1369 1199 1422 καὶ
1229 1368 1258 1420 ὁ
1300 1370 1412 1431 τοῖς
1449 1367 1561 1421 ἄνω
1594 1365 1662 1419 δι’
1707 1365 1901 1433 ἐπιμε-

322 1461 470 1526 λείας
496 1460 908 1534 προσεσχηκὼς,
945 1462 1040 1515 καὶ
1064 1461 1164 1533 τὴν
1194 1461 1423 1514 ἑκάστου
1464 1458 1573 1512 τῶν
1599 1457 1770 1511 ὄντων
1795 1453 1900 1526 φύ-

325 1571 410 1606 σιν
454 1555 792 1624 κατανοήσας
818 1594 832 1617 ,
883 1553 1087 1606 εἴσεται
1119 1552 1217 1622 τὴν
1260 1553 1324 1604 ἐκ
1362 1550 1464 1620 τῆς
1511 1551 1670 1612 ποιᾶς
1721 1547 1903 1602 αὐτῶν

327 1645 648 1715 συμπλοκῆς
677 1645 906 1716 δύναμιν
929 1645 981 1698 τί
1012 1644 1362 1697 ἀποτελέσει·
1395 1641 1534 1713 αὕτη
1575 1642 1630 1694 δέ
1658 1643 1692 1713 ἡ
1729 1641 1903 1710 ἀπορσ

330 1737 450 1808 ῥοὴ,
484 1736 603 1789 οὐδὲ
642 1737 700 1788 ἐν
738 1735 902 1806 ὀλίγῳ
932 1735 1068 1806 πρὸς
1099 1733 1293 1804 ἑαυτὴν
1324 1730 1524 1804 ὁμοίως
1561 1732 1694 1802 ἔχει.
1745 1730 1905 1784 Ἀλλὰ

1991 539 2228 594 calidum
2285 543 2380 589 aut
2440 532 2714 604 ejusmodi
2766 531 2914 601 qttod
2969 528 3411 588 dissolutionem,
3450 537 3565 582 stu-

1993 646 2200 702 porem,
2233 637 2578 698 torporemve
2616 624 2892 686 conciliet,
2925 639 3049 676 cum
3080 622 3264 692 aliquo
3287 621 3394 674 alio
3417 634 3568 674 com-

1996 723 2313 784 misceatur,
2349 719 2738 790 proprietatem
2778 731 2843 770 ex
2880 716 2972 770 illa
3012 714 3355 769 diversarum
3384 727 3567 767 rerum

1995 815 2227 870 mistura
2267 812 2556 867 oriundam
2601 808 2848 880 praedicit
2884 825 2898 862 :
2933 807 3064 878 quid
3104 807 3230 861 item
3263 803 3482 867 efﬁciat,
3514 811 3572 858 et

1994 905 2253 979 quamdiu
2299 905 2408 958 vim
2453 903 2706 964 retineat,
2756 899 2843 954 cui
2869 897 3265 969 perniciosum,
3305 895 3392 950 cui
3421 894 3572 948 salu-

1996 1007 2114 1054 tare
2147 1000 2220 1054 sit
2248 1015 2262 1052 :
2300 997 2374 1051 ita
2412 996 2460 1050 is
2506 995 2692 1057 etiam,
2720 991 2810 1063 qui
2843 991 2909 1045 ad
2935 1006 3023 1046 res
3046 991 3297 1045 caelestes
3327 989 3572 1042 animum

1997 1091 2189 1149 sedulo
2227 1088 2540 1162 applieavit,
2583 1096 2638 1142 et
2665 1085 2935 1155 cujusque
2989 1093 3236 1138 naturam
3271 1083 3570 1153 perspexit,

1997 1187 2136 1242 sciet
2165 1183 2572 1252 conjunctionis
2615 1195 2803 1236 earum
2848 1194 2969 1250 qua)
3007 1180 3078 1234 sit
3106 1178 3190 1234 vis
3243 1185 3298 1232 et
3334 1176 3576 1232 efficaci-

1998 1287 2103 1334 tas.
2139 1277 2310 1331 Porro
2343 1276 2444 1330 iste
2465 1273 2703 1329 influxus
2732 1288 2800 1327 ne
2828 1272 2895 1326 ad
2923 1271 3087 1327 breve
3111 1269 3332 1340 quidem
3360 1277 3572 1338 tempo-

1999 1373 2078 1429 ris
2095 1372 2327 1442 spatium
2356 1369 2458 1426 sibi
2484 1367 2683 1424 similis
2699 1374 2816 1423 est:
2837 1365 2933 1422 sed
2954 1366 3083 1436 quia
3108 1363 3576 1434 congredientium

2001 1463 2247 1519 siderum
2277 1475 2557 1530 nunquam
2582 1458 2799 1514 stabilis
2820 1467 2905 1514 est
2932 1466 3139 1519 motus,
3175 1455 3414 1511 inlluxus
3441 1470 3579 1525 quo-

2001 1573 2108 1626 que
2131 1571 2240 1610 una
2267 1571 2390 1610 cum
2415 1555 2505 1608 illa
2530 1561 2712 1608 motus
2734 1552 3057 1608 diversitate
3077 1551 3320 1605 varietur
3341 1564 3579 1619 semper,

2004 1648 2074 1702 ad
2120 1661 2350 1716 eamque
2373 1645 2725 1701 efficientiam
2755 1659 2912 1701 suam
2947 1641 3320 1698 accommodet
3353 1655 3582 1695 necesse

2006 1747 2110 1794 est.
2164 1738 2335 1807 Cujus
2384 1737 2620 1792 inﬂuxus
2653 1736 2958 1807 portionem
2991 1749 3225 1789 nascens
3271 1734 3502 1803 quisque
3527 1731 3584 1786 in

324 1805 427 1880 ista;
456 1827 518 1879 τὸ
566 1827 819 1880 ἀστατείν
867 1805 1120 1880 ἀεὶίτῶν
1165 1827 1607 1897 ἐπιπλεκομένων
1665 1824 1907 1895 ἀλλήλως

2023 1843 2076 1881 eo
2129 1805 2390 1896 temporis
2419 1805 2695 1881 momento
2722 1827 2952 1881 sortitur
2995 1833 3050 1880 et
3083 1824 3238 1895 quasi
3276 1823 3470 1894 spiritu
3501 1830 3586 1876 at-

325 1918 541 1990 ἄστρων
567 1918 664 1990 τὴν
695 1919 928 1989 κίνησιν,
963 1919 1280 1987 ἀναγκαίως
1306 1919 1530 1990 κάκείνη
1560 1921 1627 1989 τῇ
1661 1917 1910 1989 συνεχείᾳ

325 2010 430 2080 τῆς
457 2009 599 2064 κατά
622 2011 720 2080 τὴν
752 2010 971 2079 κίνησιν
997 2010 1312 2081 ἑτερότητος
1349 2009 1750 2064 συναλλοιοῦται
1771 2026 1785 2039 ·
1824 2009 1911 2062 ἀεὶ

328 2101 887 2172 συμμετακιρναμένη
931 2103 996 2171 τῇ
1046 2101 1289 2172 ποικιλία
1334 2102 1432 2170 τῆς
1480 2102 1782 2171 κινήσεως,
1819 2100 1910 2152 καὶ

325 2193 428 2256 τὰς
463 2193 743 2262 ἐνεργείας
790 2193 965 2262 αὐτῆς
1008 2195 1074 2263 τῇ
1126 2193 1339 2262 κινήσει
1380 2192 1490 2246 τῶν
1537 2194 1752 2263 ἄστρων
1786 2208 1911 2244 συν-

327 2281 754 2348 ἐξαλλάσσουσα.
790 2275 900 2344 Ἦς
927 2281 1036 2334 τῶν
1079 2281 1171 2333 ἐπὶ
1225 2281 1315 2334 τὸν
1356 2281 1469 2352 βίον
1515 2280 1914 2352 παραγομένων

328 2372 581 2434 ἕκαστος,
622 2371 766 2424 κατά
803 2371 901 2442 τὴν
937 2372 994 2423 ἐν
1036 2371 1116 2441 τῷ
1157 2373 1352 2441 ἀκαρεῖ
1405 2370 1498 2425 τοῦ
1539 2371 1914 2442 διαστήματος

330 2460 700 2530 ἐπιτυχοῦσαν
754 2460 902 2532 αὐτῷ
935 2465 1135 2532 μοῖραν
1171 2463 1384 2526 σπάσας
1411 2502 1427 2527 ,
1463 2465 1636 2515 ἐκεῖνο
1663 2463 1873 2529 γίνεται
1897 2499 1914 2525 ,

329 2552 473 2622 ὅπερ
521 2554 553 2622 ὴ
600 2553 800 2622 ἰδιότης
837 2551 932 2606 τοῦ
983 2553 1182 2625 μέρους
1216 2553 1425 2606 ἐκείνου
1471 2553 1820 2625 προεμήνυσέ
1853 2569 1915 2605 τε

329 2643 428 2695 καὶ
453 2643 797 2697 ἀπετέλεσεν.
842 2643 1079 2715 Ἀνάγκη
1116 2644 1225 2714 γὰρ
1257 2646 1406 2698 πᾶσα
1445 2645 1697 2715 καθάπερ
1726 2646 1784 2696 ἐν
1823 2645 1917 2697 ἐκ-

335 2735 550 2805 μαγεω
596 2735 889 2806 σφραγῖδος
930 2735 1009 2806 τῷ
1052 2735 1320 2789 ἐντεθέντι
1356 2735 1513 2808 κηρῷ
1550 2737 1612 2789 τὸ
1639 2735 1782 2790 κατά
1815 2735 1915 2808 τὴν

331 2826 549 2894 γλυφὴν
593 2821 733 2889 εἶδος
768 2826 1197 2896 περιτυποῦται·
1247 2826 1422 2890 οὕτως
1451 2827 1546 2879 καὶ
1578 2826 1672 2879 τοῦ
1707 2825 1915 2898 ἀνθρώο

331 2934 442 2969 που
473 2920 563 2972 τὸν
604 2918 737 2988 βίον,
768 2913 812 2986 ᾧ
842 2919 907 2973 ἂν
945 2918 1236 2990 συνενεχθῇ
1283 2919 1455 2990 μορίῳ
1480 2917 1578 2989 τῆς
1614 2916 1919 2990 ἀπορρεού-

333 3026 439 3079 σης
469 3009 753 3079 δυνάμεως
790 3011 854 3062 ἐκ
886 3011 986 3082 τῆς
1028 3010 1137 3063 τῶν
1174 3011 1388 3081 ἄστρων
1439 3010 1704 3081 κινήσεως
1726 3050 1740 3075 ,
1777 3007 1920 3062 κατά

2014 1918 2202 1982 trahit,
2238 1933 2302 1971 ac
2333 1918 2458 1973 talis
2491 1917 2694 1982 evadit,
2727 1917 2943 1988 qualem
2977 1932 3100 1970 eum
3134 1915 3407 1986 portionis
3438 1914 3586 1970 illius

2013 2009 2317 2080 proprietas
2337 2017 2392 2063 et
2411 2007 2846 2078 prmsigniﬁcavit
2872 2016 2926 2063 et
2949 2007 3150 2062 effecit.
3187 2005 3417 2060 Prorsus
3443 2007 3588 2060 enim

2016 2115 2243 2154 necesse
2282 2108 2390 2164 est,
2446 2107 2506 2152 ut
2558 2098 2830 2168 quomodo
2871 2096 3081 2168 efﬁgies
3132 2099 3290 2167 signo
3320 2096 3592 2166 insculpta

2018 2206 2156 2247 cera;
2223 2191 2605 2260 imprimitur:
2656 2191 2736 2245 sic
2784 2190 3023 2244 hominis
3081 2204 3300 2259 quoque
3340 2188 3477 2251 vita,
3535 2188 3592 2242 in

2019 2295 2182 2352 quam
2233 2291 2438 2350 partem
2478 2279 2758 2334 influentis
2805 2294 2870 2334 ex
2903 2288 3176 2334 astrorum
3215 2285 3364 2332 motu
3415 2277 3594 2332 virtu-

2019 2372 2094 2427 tis
2135 2370 2342 2435 incidit,
2378 2369 2444 2424 ad
2476 2370 2626 2424 illius
2663 2369 3055 2442 proprietatem
3097 2367 3494 2428 conformetur,
3531 2383 3596 2424 ac

2020 2459 2144 2514 talis
2201 2457 2318 2521 fiat,
2357 2459 2572 2529 qualem
2629 2458 2684 2512 in
2737 2474 2797 2514 se
2859 2458 3174 2514 continebat
3225 2458 3316 2512 illa
3356 2456 3596 2514 influxus

2021 2553 2221 2624 portio,
2281 2565 2446 2621 quam
2500 2549 2736 2620 quisque
2788 2550 2945 2604 initio
2999 2552 3126 2604 vita:
3172 2550 3340 2604 veluti
3401 2551 3596 2620 spiritu

2023 2641 2364 2709 attraxisset,
2419 2650 2473 2697 et
2516 2656 2624 2712 qua
2658 2641 2860 2695 virtute
2905 2641 3073 2696 semel
3109 2641 3254 2697 velut
3303 2641 3599 2712 insignitus

2020 2741 2188 2797 esset,
2231 2747 2357 2787 cum
2394 2747 2457 2786 ea
2508 2731 2829 2786 necessario
2861 2731 3124 2802 deinceps
3177 2720 3497 2800 convenire,
3530 2733 3600 2789 iis

2023 2827 2188 2881 rebus
2244 2834 2356 2879 tum
2405 2822 2658 2895 gerendis
2697 2831 2811 2878 tum
2867 2824 3126 2891 ferendis,
3169 2841 3400 2895 quarum
3447 2825 3600 2894 prin-

2023 2917 2167 2986 cipia
2217 2929 2484 2970 causasve
2528 2915 2774 2970 sidereus
2821 2915 2913 2970 ille
2955 2927 3010 2971 et
3066 2916 3328 2972 fortuitus
3364 2915 3602 2973 inlluxus

2024 3007 2372 3062 contulisset.

331 3105 435 3176 τὴν
462 3104 669 3158 ἐκείνου
701 3105 793 3158 τοῦ
830 3105 1026 3176 μέρους
1073 3105 1311 3177 ἰδιότητα
1340 3105 1662 3159 τυποῦσθαιο
1695 3105 1914 3159 κάκεῖνο
1951 3102 2218 3172 γίνεσθαι,
2241 3104 2378 3173 ὅπερ
2401 3099 2544 3173 εἶχεν
2562 3104 2618 3155 ἐν
2641 3104 2804 3173 ἑαυτῇ
2834 3102 2933 3173 τῆς
2958 3103 3257 3173 ἀπορροίας
3315 3106 3348 3176 ἡ
3415 3107 3602 3174 μοῖρα,

332 3197 403 3267 ἣν
449 3199 689 3252 ἔσπασεν
739 3199 899 3263 εὐθὺς
951 3199 1047 3253 τοῦ
1110 3199 1226 3270 βίου
1276 3201 1621 3272 ἀρχόμενος·
1766 3199 1913 3266 ams
1951 3197 2378 3269 ἐνσφραγισθεὶς
2416 3198 2556 3252 κατά
2593 3197 2690 3268 τὴν
2735 3199 2853 3251 ἐκεῖ
2918 3197 3286 3270 Θεωρηθεῖσαν
3355 3201 3602 3272 δύναμιν,

334 3296 652 3364 ἀναγκαίως
676 3297 737 3349 ἐν.
764 3299 829 3368 τῇ
863 3297 1008 3351 κατά
1033 3298 1124 3351 τὸν
1155 3298 1267 3369 βίον
1303 3298 1522 3369 ἰδιότητι
1557 3297 1971 3370 συμμορφοῖηαι
1995 3312 2008 3328 ·
2043 3295 2215 3350 ταῦτα
2290 3296 2460 3349 ποιῶν
2503 3295 2536 3367 ἢ
2585 3295 2831 3366 πάσχων,
2862 3288 2937 3349 ὧν
2976 3295 3076 3360 τὰς
3152 3296 3325 3368 ἀρχὰς
3401 3297 3435 3368 ἢ
3509 3297 3608 3358 τὰς

337 3389 523 3450 αἰτίας
550 3390 583 3460 ή
615 3388 803 3460 πρώτη
831 3389 1066 3457 ἔντευξις
1092 3391 1191 3462 τῆς
1219 3392 1317 3446 ἀστ
1329 3391 1475 3463 ρῲας
1505 3393 1724 3464 ἐκείνης
1747 3392 2027 3464 ἀπορροῆς
2052 3389 2398 3444 κατεϐάλετο.

425 3483 570 3552 Ἐγὼ
601 3485 658 3538 δὲ
691 3485 895 3538 τούτων
928 3486 1257 3557 λεγομένων,
1304 3489 1378 3542 Οὐ
1421 3487 1636 3560 παύσῃ,
1671 3488 1808 3559 πρὸς
1841 3489 1920 3542 αὖε

2107 3486 2240 3552 Quae
2272 3501 2396 3540 cum
2435 3486 2525 3541 ille
2561 3485 2790 3552 diceret,
2828 3485 2944 3540 Non
2971 3485 3210 3553 desines,
3236 3489 3483 3557 inquam,
3510 3505 3612 3542 nu-

336 3576 434 3630 τδν
466 3572 642 3640 εἷπον,
658 3577 966 3648 φληνάφους
991 3579 1113 3649 ἐμοὶ
1138 3578 1328 3646 λόγους
1365 3581 1459 3633 καὶ
1477 3581 1674 3652 λήρους
1694 3578 1928 3645 διεξιὼν,

339 3668 403 3720 τὸ
435 3669 640 3740 ἀμερὲς
669 3671 843 3722 ἐκεῖνο
876 3670 944 3740 μέ
956 3686 1044 3740 ρος
1067 3672 1171 3740 τῆς
1195 3672 1253 3723 ἐν
1276 3673 1474 3742 ἀκαρεῖ
1499 3672 1787 3742 μετουσίας
1806 3715 1821 3738 ,
1852 3671 1932 3742 τῷ

343 3759 555 3816 ἄνωθεν
604 3761 756 3830 ἡμῖν,
795 3761 870 3824 ὡς
905 3764 1041 3833 φῂς,
1072 3763 1318 3835 ἐπιρρεῖν
1367 3763 1476 3817 τῶν
1515 3764 1730 3818 πάντων
1762 3766 1932 3820 αἴτιον

341 3852 458 3904 τῶν
493 3853 552 3904 ἐν
582 3853 713 3922 ἡμῖν
753 3854 1211 3918 κατασκευάζων,
1243 3853 1366 3907 οὔτε
1403 3857 1452 3909 εί
1500 3854 1740 3926 ἔμψυχον
1775 3857 1934 3910 τοῦτο

345 3944 447 3997 καὶ
476 3945 858 4014 προαιρετικόν
883 3947 998 3999 ἐστι
1022 3945 1196 4014 λέγων
1221 3987 1235 4012 ,
1269 3946 1393 4000 οὔτε
1426 3949 1572 4011 ὅπως
1601 3951 1935 4020 κατακρατεῖ

343 4034 458 4087 τῶν
489 4035 748 4106 ἐμψύχων
786 4038 844 4090 τὸ
889 4037 1094 4108 ἄψυχόν
1138 4056 1197 4092 τε
1249 4041 1341 4093 καὶ
1392 4041 1759 4095 ἀνυπόστατον
1783 4080 1798 4105 ,
1839 4040 1938 4096 καὶ

349 4128 626 4200 μηδεμίαν
658 4132 720 4182 ἐκ
747 4129 960 4196 φύσεως
987 4131 1122 4184 ίδίαν
1149 4130 1270 4202 ἕχον
1297 4132 1473 4204 ὁρμὴν
1503 4132 1671 4199 δεῖξαι
1697 4132 1933 4204 δυνάμε-

346 4236 441 4282 νος
464 4261 481 4284 ,
528 4218 665 4272 ἀλλά
714 4221 895 4290 πάσης
928 4220 1124 4291 βουλῆς
1156 4223 1251 4276 καὶ
1279 4225 1378 4293 τῆς
1417 4225 1481 4277 ἐκ
1525 4224 1632 4277 τῶν
1665 4223 1936 4296 λογισμῶν

348 4308 739 4379 προμηθείας,
780 4310 1110 4376 παιδεύσεως
1160 4329 1219 4365 τε
1280 4313 1371 4366 καὶ
1435 4313 1791 4383 ἐπιμελείας,
1841 4315 1937 4368 καὶ

343 4400 460 4452 τῶν
495 4401 614 4452 κατ’
639 4401 838 4472 ἀρετὴν
867 4403 1314 4473 ἐπιτηδευμάτων
1336 4444 1350 4466 ,
1395 4405 1644 4476 καθάπερ
1673 4407 1794 4460 τινὰ
1841 4408 1935 4460 τύ-

350 4507 551 4561 ραννον
584 4490 904 4563 ἣδεσπότην
929 4534 944 4557 ,
978 4494 1038 4547 τὸ
1068 4494 1272 4565 ἄψυχόν
1313 4513 1373 4549 τε
1418 4496 1514 4550 καὶ
1552 4498 1934 4568 ἀπροαίρετον,

348 4576 589 4630 ἄστατόν
618 4595 675 4629 τε
709 4581 804 4632 καὶ⁵
849 4581 1136 4652 παροδικὸν
1163 4624 1178 4647 ,
1214 4585 1306 4638 καὶ
1349 4587 1582 4658 ἀμερὲς,
1614 4589 1708 4640 καὶ
1733 4587 1937 4642 ἀνυπό-

350 4683 552 4720 στατον
599 4668 910 4740 ἐπιστήσας,
937 4671 1013 4742 τῷ
1042 4672 1217 4743 λόγῳ;
1247 4674 1359 4746 Τῆς
1407 4677 1612 4730 ἐκείνου
1657 4679 1940 4749 δυνάμεως

349 4756 612 4824 ἐξάπτεις
655 4761 754 4832 τὴν
788 4762 896 4815 τῶν
926 4763 1094 4818 ὅντων
1124 4765 1384 4821 σύστασίν
1421 4787 1481 4822 τε
1515 4771 1609 4824 καὶ
1650 4772 1936 4842 διοίκησιν,

2034 3594 2131 3650 gas
2157 3587 2210 3633 et
2249 3577 2483 3648 ineptias
2513 3577 2646 3631 mihi
2687 3591 3145 3643 commemorare,
3195 3587 3250 3631 et
3277 3578 3613 3633 confirmare

2033 3666 2370 3722 individuam
2405 3667 2552 3720 illam
2596 3666 2904 3736 portionem
2947 3667 3319 3722 momenutnei
3346 3667 3610 3732 inﬂuxus,

2035 3774 2143 3828 quo
2173 3759 2229 3813 in
2264 3773 2386 3824 nos,
2431 3768 2489 3812 ut
2517 3758 2622 3822 ais,
2665 3774 2846 3814 causa:
2880 3773 3072 3814 omnes
3103 3774 3135 3814 e
3157 3760 3313 3816 caalis
3353 3760 3610 3826 influant,

2035 3865 2162 3905 cum
2199 3860 2378 3906 tamen
2408 3866 2588 3922 neque
2620 3851 2776 3908 dicas
2798 3851 3174 3906 animatumne
3196 3852 3290 3915 sit,
3318 3867 3383 3908 ac
3407 3853 3612 3908 volun-

2037 3942 2170 3997 tatis
2221 3942 2550 4011 arbitriique
2602 3941 2902 4012 particeps,
2946 3957 3049 3998 nec
3103 3958 3212 4013 qua
3257 3945 3473 4000 ratione
3525 3961 3616 4002 res

2036 4034 2308 4089 animatas
2337 4040 2492 4104 regat
2528 4032 2582 4087 id
2621 4031 2767 4102 quod
2797 4048 2974 4102 neque
2997 4047 3096 4103 per
3128 4049 3188 4090 se
3216 4034 3492 4100 subsistit,
3514 4051 3615 4092 ne-

2037 4143 2144 4197 que
2176 4127 2380 4190 anima,
2412 4142 2589 4198 neque
2616 4127 2728 4181 ullo
2749 4136 2959 4182 natura:
3011 4127 3277 4184 instinctu
3323 4130 3613 4201 praeditum

2036 4218 2218 4289 possis
2249 4217 2542 4274 ostendere
2564 4259 2580 4283 ,
2617 4219 2712 4275 sed
2752 4219 3009 4275 omnibus
3038 4221 3306 4284 consiliis,
3325 4222 3617 4293 cogitatio-

2037 4311 2220 4375 nibus,
2252 4311 2627 4380 providentize,
2675 4311 3030 4379 institutioni,
3063 4328 3232 4377 curae,
3285 4315 3470 4371 studio
3501 4316 3618 4372 vir-

2037 4404 2170 4460 tutis
2192 4405 2351 4474 quasi
2378 4404 2671 4473 quemdam
2695 4414 2988 4477 tyrannum
3026 4413 3122 4460 aut
3163 4405 3449 4462 dominum
3488 4423 3616 4478 per-

2040 4491 2193 4548 ficias
2230 4494 2532 4549 inanimum
2570 4495 2856 4564 quiddam,
2894 4497 3111 4551 arbitrii
3166 4513 3386 4568 expers,
3443 4499 3619 4556 insta-

2039 4583 2168 4647 bile,
2199 4583 2428 4652 fluxum,
2465 4587 2784 4652 insecabile,
2840 4603 2943 4643 nec
3000 4604 3097 4659 per
3145 4605 3206 4646 se
3258 4593 3617 4651 subsistens:

2041 4677 2108 4730 ad
2139 4677 2299 4746 cujus
2332 4679 2632 4748 potentiam
2678 4695 2863 4736 rerum
2904 4684 3362 4739 constitutionem
3414 4693 3469 4743 et
3513 4703 3618 4758 gu-

2043 4766 2420 4822 bernationem
2473 4769 2724 4824 oratione
2779 4780 2869 4825 tua
2914 4771 3135 4828 refers?
3168 4774 3251 4827 An
3306 4791 3416 4830 non
3467 4776 3623 4833 vides

351 4851 453 4902 καὶ
482 4851 581 4921 οὺχ
609 4854 742 4924 ὁρᾷς
793 4857 873 4918 είς
915 4857 1033 4920 οἵας
1080 4861 1108 4911 ὁ
1135 4858 1290 4927 λόγος
1338 4862 1566 4927 ἀτοπίας
1613 4864 1903 4933 ἐκφέρεται

2048 4873 2210 4927 quam
2237 4859 2339 4913 hoc
2370 4861 2601 4916 auribus
2627 4861 2936 4932 animisque
2957 4864 3244 4919 hominum
3287 4867 3359 4922 sit
3413 4868 3618 4924 absur-

353 4939 420 4991 Εί
450 4940 564 5012 γάρ
591 4941 859 5014 τοσαύτην
886 4944 998 5016 ἔχει
1027 4946 1256 5018 δύναμιν
1288 4949 1504 5020 ἐκείνης
1533 4954 1631 5022 τῆς
1665 4952 1942 5023 ἀπορροῆς

350 5031 388 5100 ἠ
422 5034 612 5102 μοῖρα,
640 5033 713 5097 ὡς
742 5035 861 5087 κατ’
889 5037 1057 5106 αὐτὴν
1085 5039 1208 5102 τοὺς
1248 5038 1397 5111 παρὰ
1427 5040 1523 5110 τὴν
1553 5041 1776 5112 πρώτην
1804 5041 1942 5112 πάρ·

351 5123 477 5176 οδον
507 5127 794 5194 γεγονότας
841 5129 1124 5182 ἀποτελεῖν
1146 5149 1160 5162 ⁸
1208 5132 1423 5195 πάντως
1461 5133 1543 5186 ὅτι
1591 5133 1692 5186 οὐκ
1736 5135 1940 5187 ἐπακο-

351 5215 695 5287 λουοητικῶς
719 5258 733 5282 ,
767 5218 903 5271 ἀλλά
936 5221 1361 5292 προηγουμένως
1383 5225 1484 5293 τῆς
1515 5223 1624 5276 τῶν
1658 5223 1825 5278 ὅντων
1855 5242 1943 5278 συ-

356 5310 603 5374 στάσεως
662 5310 1007 5383 ἐξηγήσεται.
1060 5312 1267 5366 Οὐκοῦν
1305 5314 1486 5386 ἐκείνη
1543 5316 1766 5387 προάξει
1799 5316 1940 5370 κατά

352 5400 460 5472 τὴν
502 5402 636 5456 ἰδίαν
681 5404 908 5475 δύναμιν
948 5405 1041 5457 τὸν
1087 5407 1434 5478 τικτόμενον,
1478 5408 1572 5461 καὶ
1599 5410 1720 5479 οὐχὶ
1747 5411 1813 5480 τῇ
1845 5408 1939 5463 τοῦ

356 5493 765 5565 ἀποκυηθέντος
838 5498 1096 5569 συντυχίᾳ
1146 5500 1498 5569 ὑπηρετήσει.
1555 5501 1780 5570 Ἄδηλον
1832 5501 1942 5572 γὰρ

355 5584 601 5639 ἐνταῦθα
649 5591 801 5642 ποῖον
838 5591 980 5654 τίνος
1018 5591 1459 5663 ἀρχηγικὼτερον
1485 5631 1498 5655 ,
1532 5593 1856 5664 ἀμφοτέρων
1885 5595 1943 5648 ἐν

357 5674 440 5746 τῷ
481 5677 680 5750 ἀκαρεῖ
730 5681 871 5734 κατά
925 5681 985 5734 τὸ
1031 5678 1146 5734 ἶσον
1192 5682 1442 5753 ἀλλήλοις
1494 5685 1938 5756 συμφερομένων.

360 5766 436 5822 Ὅ
465 5785 523 5820 τε
554 5771 660 5843 γὰρ
694 5769 979 5844 ἄνθρωπος
1005 5773 1096 5828 καὶ
1127 5773 1232 5846 πρὸ
1255 5773 1352 5847 τῆς
1381 5773 1561 5840 ἐξόδου
1593 5775 1702 5830 τῶν
1736 5776 1942 5847 σπλάγ-

2046 4949 2220 5003 dum?
2249 4946 2306 5002 Si
2337 4949 2482 5002 enim
2519 4956 2728 5004 tantam
2760 4950 2868 5004 vim
2902 4950 3066 5007 habet
3108 4950 3374 5009 fortuitus
3405 4955 3496 5010 ille
3535 4955 3622 5009 in-

2043 5039 2244 5107 lluxus,
2288 5052 2348 5096 ut
2374 5058 2482 5098 non
2541 5043 2821 5112 sequendo
2872 5043 2968 5098 sed
3024 5044 3386 5114 praecedentia
3435 5061 3622 5101 rerum

2043 5135 2508 5190 constitutionem.
2527 5135 2842 5192 moderetur
2868 5155 2883 5191 :
2914 5143 3066 5192 certe
3091 5138 3362 5207 praecedet
3387 5153 3625 5193 nascen-

2043 5231 2177 5290 tem,
2209 5240 2275 5280 ac
2307 5241 2418 5280 non
2441 5225 2555 5294 jam
2609 5226 2726 5280 nati
2771 5227 2996 5282 casibus
3055 5229 3278 5284 serviet.
3335 5229 3617 5284 Incertum

2043 5317 2188 5371 enim
2214 5317 2302 5371 hic
2339 5325 2427 5372 est
2455 5318 2592 5388 quid
2637 5334 2747 5386 quo
2805 5321 2878 5374 sit
2911 5319 3086 5390 prius,
3106 5336 3232 5375 cum
3264 5321 3330 5375 ad
3354 5329 3620 5391 punctum

2043 5410 2309 5478 temporis
2338 5420 2392 5465 et
2423 5410 2706 5480 aequaliter
2737 5411 2881 5466 inter
2911 5427 2970 5467 se
2987 5427 3052 5467 ac
3083 5412 3248 5467 simul
3277 5420 3620 5468 moveantur.

2044 5498 2179 5554 Nam
2211 5509 2264 5557 et
2301 5501 2467 5556 homo
2497 5503 2734 5558 necdum
2774 5505 2831 5559 in
2859 5505 3035 5560 lucem
3063 5506 3246 5560 editus
3294 5513 3445 5560 motu
3486 5521 3624 5576 quo-

2046 5590 2173 5645 dam
2226 5593 2425 5656 cietur,
2477 5594 2816 5650 decrementi
2876 5597 3129 5652 videlicet
3168 5605 3224 5652 et
3287 5599 3617 5655 incrementi

2047 5683 2337 5748 naturalis,
2363 5700 2484 5754 quae
2511 5685 2733 5756 quidem
2757 5688 2972 5758 species
3001 5700 3186 5744 motus
3206 5699 3335 5746 sunt
3356 5709 3370 5758 ;
3393 5701 3448 5746 et
3465 5693 3622 5748 stella

2053 5787 2319 5845 movetur,
2351 5793 2529 5850 neque
2543 5781 2774 5857 quiescit
2786 5782 2945 5858 prius
2965 5779 3128 5838 ctiam
3143 5797 3306 5854 quam
3323 5787 3489 5843 homo
3511 5788 3620 5857 spi_
