  <div class='ocr_page' id='page_1' title='image "/cluster/home/n/w/nwhite01/storage/ocr_20150623/45/nnc1.0046978445/087.png"; bbox 0 0 4066 6374; ppageno 0'>
   <div class='ocr_carea' id='block_1_1' title="bbox 408 208 433 235">
    <p class='ocr_par' dir='ltr' id='par_1_1' title="bbox 408 208 433 235">
     <span class='ocr_line' id='line_1_1' title="bbox 408 208 433 235; baseline 0 0"><span class='ocrx_word' id='word_1_1' title='bbox 408 208 433 235; x_wconf 75' lang='grc'><strong>7</strong></span> 
     </span>
    </p>
   </div>
   <div class='ocr_carea' id='block_1_2' title="bbox 455 367 562 425">
    <p class='ocr_par' dir='ltr' id='par_1_2' title="bbox 455 367 562 425">
     <span class='ocr_line' id='line_1_2' title="bbox 455 367 562 425; baseline -0.009 0"><span class='ocrx_word' id='word_1_2' title='bbox 455 367 562 425; x_wconf 75' lang='grc'><strong>155</strong></span> 
     </span>
    </p>
   </div>
   <div class='ocr_carea' id='block_1_3' title="bbox 1685 360 2479 425">
    <p class='ocr_par' dir='ltr' id='par_1_3' title="bbox 1685 360 2479 425">
     <span class='ocr_line' id='line_1_3' title="bbox 1685 360 2479 425; baseline -0.008 -2"><span class='ocrx_word' id='word_1_3' title='bbox 1685 368 1743 425; x_wconf 90' lang='lat' dir='ltr'><strong>S.</strong></span> <span class='ocrx_word' id='word_1_4' title='bbox 1801 363 2131 422; x_wconf 78' lang='lat' dir='ltr'><strong>GREGORII</strong></span> <span class='ocrx_word' id='word_1_5' title='bbox 2181 360 2479 419; x_wconf 75' lang='lat' dir='ltr'><strong>NYSSENI</strong></span> 
     </span>
    </p>
   </div>
   <div class='ocr_carea' id='block_1_4' title="bbox 3612 367 3713 424">
    <p class='ocr_par' dir='ltr' id='par_1_4' title="bbox 3612 367 3713 424">
     <span class='ocr_line' id='line_1_4' title="bbox 3612 367 3713 424; baseline 0.02 -2"><span class='ocrx_word' id='word_1_6' title='bbox 3612 367 3713 424; x_wconf 73' lang='grc'><strong>156</strong></span> 
     </span>
    </p>
   </div>
   <div class='ocr_carea' id='block_1_5' title="bbox 452 476 2021 552">
    <p class='ocr_par' dir='ltr' id='par_1_5' title="bbox 452 478 2021 552">
     <span class='ocr_line' id='line_1_5' title="bbox 452 478 2021 552; baseline -0.003 -15"><span class='ocrx_word' id='word_1_7' title='bbox 452 482 619 537; x_wconf 86' lang='lat' dir='ltr'><strong>ritum</strong></span> <span class='ocrx_word' id='word_1_8' title='bbox 641 480 822 535; x_wconf 87' lang='lat' dir='ltr'><strong>ducat.</strong></span> <span class='ocrx_word' id='word_1_9' title='bbox 844 478 906 535; x_wconf 86' lang='lat' dir='ltr'><strong>Et</strong></span> <span class='ocrx_word' id='word_1_10' title='bbox 926 480 1182 551; x_wconf 88' lang='lat' dir='ltr'><strong>quoniam</strong></span> <span class='ocrx_word' id='word_1_11' title='bbox 1206 482 1486 552; x_wconf 73' lang='lat' dir='ltr'><strong>aequaliter</strong></span> <span class='ocrx_word' id='word_1_12' title='bbox 1514 496 1577 536; x_wconf 93' lang='lat' dir='ltr'><strong>ac</strong></span> <span class='ocrx_word' id='word_1_13' title='bbox 1599 481 1761 536; x_wconf 85' lang='lat' dir='ltr'><strong>simul</strong></span> <span class='ocrx_word' id='word_1_14' title='bbox 1783 495 2021 535; x_wconf 90' lang='lat' dir='ltr'><strong>movean-</strong></span> 
     </span>
    </p>
   </div>
   <div class='ocr_carea' id='block_1_6' title="bbox 2122 476 3713 552">
    <p class='ocr_par' dir='ltr' id='par_1_6' title="bbox 2140 476 3713 550">
     <span class='ocr_line' id='line_1_6' title="bbox 2140 476 3713 550; baseline 0.003 -17"><span class='ocrx_word' id='word_1_15' title='bbox 2140 496 2280 549; x_wconf 91' lang='grc' dir='ltr'>χνων</span> <span class='ocrx_word' id='word_1_16' title='bbox 2303 479 2361 531; x_wconf 84' lang='grc' dir='ltr'>ὲν</span> <span class='ocrx_word' id='word_1_17' title='bbox 2387 479 2596 549; x_wconf 77' lang='grc' dir='ltr'><strong>κινήσει</strong></span> <span class='ocrx_word' id='word_1_18' title='bbox 2625 476 2741 539; x_wconf 85' lang='grc' dir='ltr'>πώς</span> <span class='ocrx_word' id='word_1_19' title='bbox 2768 479 2907 541; x_wconf 77' lang='grc' dir='ltr'>ἐστι,</span> <span class='ocrx_word' id='word_1_20' title='bbox 2937 476 3025 533; x_wconf 80' lang='grc' dir='ltr'>διὰ</span> <span class='ocrx_word' id='word_1_21' title='bbox 3076 478 3354 550; x_wconf 83' lang='grc' dir='ltr'>μειώσεώς</span> <span class='ocrx_word' id='word_1_22' title='bbox 3390 498 3453 534; x_wconf 90' lang='grc' dir='ltr'><strong>τε</strong></span> <span class='ocrx_word' id='word_1_23' title='bbox 3486 483 3581 537; x_wconf 80' lang='grc' dir='ltr'><strong>καὶ</strong></span> <span class='ocrx_word' id='word_1_24' title='bbox 3615 487 3713 538; x_wconf 79' lang='grc' dir='ltr'>αύο</span> 
     </span>
    </p>
   </div>
   <div class='ocr_carea' id='block_1_7' title="bbox 459 569 2025 641">
    <p class='ocr_par' dir='ltr' id='par_1_7' title="bbox 459 569 2025 641">
     <span class='ocr_line' id='line_1_7' title="bbox 459 569 2025 641; baseline -0.003 -17"><span class='ocrx_word' id='word_1_25' title='bbox 459 580 568 634; x_wconf 88' lang='lat' dir='ltr'><strong>tur,</strong></span> <span class='ocrx_word' id='word_1_26' title='bbox 599 578 751 624; x_wconf 90' lang='lat' dir='ltr'><strong>certo</strong></span> <span class='ocrx_word' id='word_1_27' title='bbox 795 570 1047 639; x_wconf 80' lang='lat' dir='ltr'><strong>judicare</strong></span> <span class='ocrx_word' id='word_1_28' title='bbox 1080 586 1193 625; x_wconf 93' lang='lat' dir='ltr'><strong>non</strong></span> <span class='ocrx_word' id='word_1_29' title='bbox 1236 587 1553 641; x_wconf 77' lang='lat' dir='ltr'><strong>possumus,</strong></span> <span class='ocrx_word' id='word_1_30' title='bbox 1580 582 1700 625; x_wconf 89' lang='lat' dir='ltr'><strong>uter</strong></span> <span class='ocrx_word' id='word_1_31' title='bbox 1736 569 2025 640; x_wconf 68' lang='lat' dir='ltr'><strong>praecedat,</strong></span> 
     </span>
    </p>
   </div>
   <div class='ocr_carea' id='block_1_8' title="bbox 452 660 2031 727">
    <p class='ocr_par' dir='ltr' id='par_1_8' title="bbox 452 660 2031 727">
     <span class='ocr_line' id='line_1_8' title="bbox 452 660 2031 727; baseline -0.001 -13"><span class='ocrx_word' id='word_1_32' title='bbox 452 675 577 715; x_wconf 89' lang='lat' dir='ltr'><strong>cum</strong></span> <span class='ocrx_word' id='word_1_33' title='bbox 605 668 659 713; x_wconf 91' lang='lat' dir='ltr'><strong>et</strong></span> <span class='ocrx_word' id='word_1_34' title='bbox 689 660 780 714; x_wconf 92' lang='lat' dir='ltr'><strong>ille</strong></span> <span class='ocrx_word' id='word_1_35' title='bbox 813 661 1152 715; x_wconf 88' lang='lat' dir='ltr'><strong>circulorum</strong></span> <span class='ocrx_word' id='word_1_36' title='bbox 1189 663 1571 727; x_wconf 87' lang='lat' dir='ltr'><strong>conversione,</strong></span> <span class='ocrx_word' id='word_1_37' title='bbox 1615 669 1668 716; x_wconf 87' lang='lat' dir='ltr'><strong>et</strong></span> <span class='ocrx_word' id='word_1_38' title='bbox 1700 661 1787 715; x_wconf 91' lang='lat' dir='ltr'><strong>hic</strong></span> <span class='ocrx_word' id='word_1_39' title='bbox 1820 668 2031 714; x_wconf 75' lang='lat' dir='ltr'><strong>naturae</strong></span> 
     </span>
    </p>
   </div>
   <div class='ocr_carea' id='block_1_9' title="bbox 452 749 2031 821">
    <p class='ocr_par' dir='ltr' id='par_1_9' title="bbox 452 749 2031 821">
     <span class='ocr_line' id='line_1_9' title="bbox 452 749 2031 821; baseline 0.001 -17"><span class='ocrx_word' id='word_1_40' title='bbox 452 750 694 805; x_wconf 77' lang='lat' dir='ltr'><strong>motione</strong></span> <span class='ocrx_word' id='word_1_41' title='bbox 742 749 969 805; x_wconf 87' lang='lat' dir='ltr'><strong>feratur.</strong></span> <span class='ocrx_word' id='word_1_42' title='bbox 1023 750 1190 817; x_wconf 87' lang='lat' dir='ltr'><strong>Quod</strong></span> <span class='ocrx_word' id='word_1_43' title='bbox 1230 752 1277 805; x_wconf 92' lang='lat' dir='ltr'><strong>si</strong></span> <span class='ocrx_word' id='word_1_44' title='bbox 1306 753 1360 805; x_wconf 91' lang='lat' dir='ltr'><strong>in</strong></span> <span class='ocrx_word' id='word_1_45' title='bbox 1415 766 1522 805; x_wconf 89' lang='lat' dir='ltr'><strong>una</strong></span> <span class='ocrx_word' id='word_1_46' title='bbox 1570 760 1724 821; x_wconf 92' lang='lat' dir='ltr'><strong>parte</strong></span> <span class='ocrx_word' id='word_1_47' title='bbox 1768 749 2031 820; x_wconf 85' lang='lat' dir='ltr'><strong>temporis</strong></span> 
     </span>
    </p>
   </div>
   <div class='ocr_carea' id='block_1_10' title="bbox 453 842 2031 912">
    <p class='ocr_par' dir='ltr' id='par_1_10' title="bbox 453 842 2031 912">
     <span class='ocr_line' id='line_1_10' title="bbox 453 842 2031 912; baseline 0.001 -18"><span class='ocrx_word' id='word_1_48' title='bbox 453 842 789 894; x_wconf 86' lang='lat' dir='ltr'><strong>conveniunt</strong></span> <span class='ocrx_word' id='word_1_49' title='bbox 837 842 1018 905; x_wconf 88' lang='lat' dir='ltr'><strong>ambo,</strong></span> <span class='ocrx_word' id='word_1_50' title='bbox 1064 844 1211 912; x_wconf 92' lang='lat' dir='ltr'><strong>quod</strong></span> <span class='ocrx_word' id='word_1_51' title='bbox 1264 844 1315 895; x_wconf 90' lang='lat' dir='ltr'><strong>in</strong></span> <span class='ocrx_word' id='word_1_52' title='bbox 1350 844 1432 897; x_wconf 93' lang='lat' dir='ltr'><strong>eis</strong></span> <span class='ocrx_word' id='word_1_53' title='bbox 1467 842 1766 897; x_wconf 85' lang='lat' dir='ltr'><strong>discrimen</strong></span> <span class='ocrx_word' id='word_1_54' title='bbox 1799 851 1905 905; x_wconf 92' lang='lat' dir='ltr'><strong>est,</strong></span> <span class='ocrx_word' id='word_1_55' title='bbox 1972 849 2031 895; x_wconf 88' lang='lat' dir='ltr'><strong>ut</strong></span> 
     </span>
    </p>
   </div>
   <div class='ocr_carea' id='block_1_11' title="bbox 454 929 2029 1001">
    <p class='ocr_par' dir='ltr' id='par_1_11' title="bbox 454 929 2029 1001">
     <span class='ocr_line' id='line_1_11' title="bbox 454 929 2029 1001; baseline 0 -18"><span class='ocrx_word' id='word_1_56' title='bbox 454 931 688 985; x_wconf 85' lang='lat' dir='ltr'><strong>alterum</strong></span> <span class='ocrx_word' id='word_1_57' title='bbox 741 932 811 985; x_wconf 90' lang='lat' dir='ltr'><strong>ab</strong></span> <span class='ocrx_word' id='word_1_58' title='bbox 868 933 1040 986; x_wconf 86' lang='lat' dir='ltr'><strong>altero</strong></span> <span class='ocrx_word' id='word_1_59' title='bbox 1094 932 1332 1001; x_wconf 90' lang='lat' dir='ltr'><strong>pendere</strong></span> <span class='ocrx_word' id='word_1_60' title='bbox 1374 933 1705 988; x_wconf 83' lang='lat' dir='ltr'><strong>credamus?</strong></span> <span class='ocrx_word' id='word_1_61' title='bbox 1773 929 1831 984; x_wconf 92' lang='lat' dir='ltr'><strong>Si</strong></span> <span class='ocrx_word' id='word_1_62' title='bbox 1883 931 2029 987; x_wconf 88' lang='lat' dir='ltr'><strong>enim</strong></span> 
     </span>
    </p>
   </div>
   <div class='ocr_carea' id='block_1_12' title="bbox 451 1024 2032 1094">
    <p class='ocr_par' dir='ltr' id='par_1_12' title="bbox 451 1024 2032 1094">
     <span class='ocr_line' id='line_1_12' title="bbox 451 1024 2032 1094; baseline -0.001 -16"><span class='ocrx_word' id='word_1_63' title='bbox 451 1031 601 1078; x_wconf 85' lang='lat' dir='ltr'><strong>astra</strong></span> <span class='ocrx_word' id='word_1_64' title='bbox 652 1024 925 1078; x_wconf 88' lang='lat' dir='ltr'><strong>hominem</strong></span> <span class='ocrx_word' id='word_1_65' title='bbox 968 1025 1381 1094; x_wconf 84' lang='lat' dir='ltr'><strong>progignerent,</strong></span> <span class='ocrx_word' id='word_1_66' title='bbox 1444 1033 1599 1078; x_wconf 90' lang='lat' dir='ltr'><strong>ortus</strong></span> <span class='ocrx_word' id='word_1_67' title='bbox 1658 1038 1841 1078; x_wconf 91' lang='lat' dir='ltr'><strong>rerum</strong></span> <span class='ocrx_word' id='word_1_68' title='bbox 1885 1032 2032 1077; x_wconf 90' lang='lat' dir='ltr'><strong>esset</strong></span> 
     </span>
    </p>
   </div>
   <div class='ocr_carea' id='block_1_13' title="bbox 449 1114 2031 1184">
    <p class='ocr_par' dir='ltr' id='par_1_13' title="bbox 449 1114 2031 1184">
     <span class='ocr_line' id='line_1_13' title="bbox 449 1114 2031 1184; baseline -0.001 -15"><span class='ocrx_word' id='word_1_69' title='bbox 449 1115 770 1177; x_wconf 90' lang='lat' dir='ltr'><strong>continuus,</strong></span> <span class='ocrx_word' id='word_1_70' title='bbox 829 1130 1005 1184; x_wconf 92' lang='lat' dir='ltr'><strong>neque</strong></span> <span class='ocrx_word' id='word_1_71' title='bbox 1044 1116 1127 1169; x_wconf 89' lang='lat' dir='ltr'><strong>vel</strong></span> <span class='ocrx_word' id='word_1_72' title='bbox 1161 1117 1226 1169; x_wconf 89' lang='lat' dir='ltr'><strong>ad</strong></span> <span class='ocrx_word' id='word_1_73' title='bbox 1265 1124 1601 1170; x_wconf 78' lang='lat' dir='ltr'><strong>momentum</strong></span> <span class='ocrx_word' id='word_1_74' title='bbox 1634 1114 1897 1183; x_wconf 90' lang='lat' dir='ltr'><strong>temporis</strong></span> <span class='ocrx_word' id='word_1_75' title='bbox 1930 1114 2031 1167; x_wconf 87' lang='lat' dir='ltr'><strong>ho-</strong></span> 
     </span>
    </p>
   </div>
   <div class='ocr_carea' id='block_1_14' title="bbox 451 1200 2027 1274">
    <p class='ocr_par' dir='ltr' id='par_1_14' title="bbox 451 1200 2027 1274">
     <span class='ocr_line' id='line_1_14' title="bbox 451 1200 2027 1274; baseline -0.004 -15"><span class='ocrx_word' id='word_1_76' title='bbox 451 1205 662 1259; x_wconf 89' lang='lat' dir='ltr'><strong>minum</strong></span> <span class='ocrx_word' id='word_1_77' title='bbox 694 1206 1011 1274; x_wconf 76' lang='lat' dir='ltr'><strong>procreatio</strong></span> <span class='ocrx_word' id='word_1_78' title='bbox 1062 1200 1561 1259; x_wconf 60' lang='lat' dir='ltr'><strong>intermitteretur;</strong></span> <span class='ocrx_word' id='word_1_79' title='bbox 1585 1202 1706 1257; x_wconf 79' lang='lat' dir='ltr'><strong>Jam</strong></span> <span class='ocrx_word' id='word_1_80' title='bbox 1742 1217 1871 1256; x_wconf 85' lang='lat' dir='ltr'><strong>vero</strong></span> <span class='ocrx_word' id='word_1_81' title='bbox 1902 1216 2027 1254; x_wconf 90' lang='lat' dir='ltr'><strong>cum</strong></span> 
     </span>
    </p>
   </div>
   <div class='ocr_carea' id='block_1_15' title="bbox 452 1293 2027 1362">
    <p class='ocr_par' dir='ltr' id='par_1_15' title="bbox 452 1293 2027 1362">
     <span class='ocr_line' id='line_1_15' title="bbox 452 1293 2027 1362; baseline -0.004 -11"><span class='ocrx_word' id='word_1_82' title='bbox 452 1298 599 1351; x_wconf 86' lang='lat' dir='ltr'><strong>inter</strong></span> <span class='ocrx_word' id='word_1_83' title='bbox 621 1305 916 1352; x_wconf 89' lang='lat' dir='ltr'><strong>nascentes</strong></span> <span class='ocrx_word' id='word_1_84' title='bbox 954 1297 1150 1351; x_wconf 89' lang='lat' dir='ltr'><strong>acerba</strong></span> <span class='ocrx_word' id='word_1_85' title='bbox 1184 1296 1443 1351; x_wconf 85' lang='lat' dir='ltr'><strong>intersint</strong></span> <span class='ocrx_word' id='word_1_86' title='bbox 1472 1295 1783 1355; x_wconf 88' lang='lat' dir='ltr'><strong>intervalla,</strong></span> <span class='ocrx_word' id='word_1_87' title='bbox 1812 1293 2027 1362; x_wconf 89' lang='lat' dir='ltr'><strong>perspi-</strong></span> 
     </span>
    </p>
   </div>
   <div class='ocr_carea' id='block_1_16' title="bbox 451 1385 2031 1456">
    <p class='ocr_par' dir='ltr' id='par_1_16' title="bbox 451 1385 2031 1456">
     <span class='ocr_line' id='line_1_16' title="bbox 451 1385 2031 1456; baseline -0.001 -14"><span class='ocrx_word' id='word_1_88' title='bbox 451 1403 616 1442; x_wconf 88' lang='lat' dir='ltr'><strong>cuum</strong></span> <span class='ocrx_word' id='word_1_89' title='bbox 660 1387 719 1441; x_wconf 80' lang='lat' dir='ltr'><strong>fit</strong></span> <span class='ocrx_word' id='word_1_90' title='bbox 752 1389 1034 1443; x_wconf 90' lang='lat' dir='ltr'><strong>hominum</strong></span> <span class='ocrx_word' id='word_1_91' title='bbox 1081 1396 1262 1442; x_wconf 88' lang='lat' dir='ltr'><strong>ortum</strong></span> <span class='ocrx_word' id='word_1_92' title='bbox 1297 1403 1403 1441; x_wconf 94' lang='lat' dir='ltr'><strong>non</strong></span> <span class='ocrx_word' id='word_1_93' title='bbox 1446 1387 1600 1456; x_wconf 92' lang='lat' dir='ltr'><strong>sequi</strong></span> <span class='ocrx_word' id='word_1_94' title='bbox 1640 1394 1847 1440; x_wconf 92' lang='lat' dir='ltr'><strong>motum</strong></span> <span class='ocrx_word' id='word_1_95' title='bbox 1883 1385 2031 1441; x_wconf 85' lang='lat' dir='ltr'><strong>side-</strong></span> 
     </span>
    </p>
   </div>
   <div class='ocr_carea' id='block_1_17' title="bbox 452 1476 2023 1548">
    <p class='ocr_par' dir='ltr' id='par_1_17' title="bbox 452 1476 2023 1548">
     <span class='ocr_line' id='line_1_17' title="bbox 452 1476 2023 1548; baseline -0.003 -15"><span class='ocrx_word' id='word_1_96' title='bbox 452 1495 594 1533; x_wconf 87' lang='lat' dir='ltr'><strong>rum.</strong></span> <span class='ocrx_word' id='word_1_97' title='bbox 634 1478 734 1534; x_wconf 87' lang='lat' dir='ltr'><strong>Hic</strong></span> <span class='ocrx_word' id='word_1_98' title='bbox 769 1478 913 1533; x_wconf 88' lang='lat' dir='ltr'><strong>enim</strong></span> <span class='ocrx_word' id='word_1_99' title='bbox 944 1486 1244 1548; x_wconf 88' lang='lat' dir='ltr'><strong>perpetuus</strong></span> <span class='ocrx_word' id='word_1_100' title='bbox 1288 1486 1394 1543; x_wconf 89' lang='lat' dir='ltr'><strong>est,</strong></span> <span class='ocrx_word' id='word_1_101' title='bbox 1433 1477 1524 1532; x_wconf 90' lang='lat' dir='ltr'><strong>ille</strong></span> <span class='ocrx_word' id='word_1_102' title='bbox 1555 1476 1975 1547; x_wconf 88' lang='lat' dir='ltr'><strong>interrumpitur</strong></span> <span class='ocrx_word' id='word_1_103' title='bbox 2012 1494 2023 1529; x_wconf 95' lang='lat'>:</span> 
     </span>
    </p>
   </div>
   <div class='ocr_carea' id='block_1_18' title="bbox 451 1569 2022 1641">
    <p class='ocr_par' dir='ltr' id='par_1_18' title="bbox 451 1569 2022 1641">
     <span class='ocr_line' id='line_1_18' title="bbox 451 1569 2022 1641; baseline -0.003 -16"><span class='ocrx_word' id='word_1_104' title='bbox 451 1587 515 1626; x_wconf 87' lang='lat' dir='ltr'><strong>ac</strong></span> <span class='ocrx_word' id='word_1_105' title='bbox 545 1587 645 1627; x_wconf 91' lang='lat' dir='ltr'><strong>suo</strong></span> <span class='ocrx_word' id='word_1_106' title='bbox 683 1570 921 1641; x_wconf 91' lang='lat' dir='ltr'><strong>quodam</strong></span> <span class='ocrx_word' id='word_1_107' title='bbox 954 1570 1218 1640; x_wconf 72' lang='lat' dir='ltr'><strong>peculiari</strong></span> <span class='ocrx_word' id='word_1_108' title='bbox 1267 1585 1414 1624; x_wconf 79' lang='lat' dir='ltr'><strong>nexu</strong></span> <span class='ocrx_word' id='word_1_109' title='bbox 1471 1577 1635 1638; x_wconf 90' lang='lat' dir='ltr'><strong>atque</strong></span> <span class='ocrx_word' id='word_1_110' title='bbox 1668 1569 1861 1624; x_wconf 86' lang='lat' dir='ltr'><strong>ordine</strong></span> <span class='ocrx_word' id='word_1_111' title='bbox 1907 1577 2022 1622; x_wconf 89' lang='lat' dir='ltr'><strong>tam</strong></span> 
     </span>
    </p>
   </div>
   <div class='ocr_carea' id='block_1_19' title="bbox 454 1658 2027 1729">
    <p class='ocr_par' dir='ltr' id='par_1_19' title="bbox 454 1658 2027 1729">
     <span class='ocr_line' id='line_1_19' title="bbox 454 1658 2027 1729; baseline -0.001 -16"><span class='ocrx_word' id='word_1_112' title='bbox 454 1661 701 1713; x_wconf 81' lang='lat' dir='ltr'><strong>homines</strong></span> <span class='ocrx_word' id='word_1_113' title='bbox 738 1674 903 1727; x_wconf 90' lang='lat' dir='ltr'><strong>quam</strong></span> <span class='ocrx_word' id='word_1_114' title='bbox 937 1668 1083 1713; x_wconf 89' lang='lat' dir='ltr'><strong>astra</strong></span> <span class='ocrx_word' id='word_1_115' title='bbox 1123 1675 1219 1729; x_wconf 91' lang='lat' dir='ltr'><strong>per</strong></span> <span class='ocrx_word' id='word_1_116' title='bbox 1248 1675 1308 1713; x_wconf 91' lang='lat' dir='ltr'><strong>se</strong></span> <span class='ocrx_word' id='word_1_117' title='bbox 1342 1667 1651 1722; x_wconf 87' lang='lat' dir='ltr'><strong>moventur,</strong></span> <span class='ocrx_word' id='word_1_118' title='bbox 1713 1674 1836 1712; x_wconf 89' lang='lat' dir='ltr'><strong>cum</strong></span> <span class='ocrx_word' id='word_1_119' title='bbox 1880 1658 2027 1712; x_wconf 92' lang='lat' dir='ltr'><strong>nulla</strong></span> 
     </span>
    </p>
   </div>
   <div class='ocr_carea' id='block_1_20' title="bbox 450 1749 2026 1820">
    <p class='ocr_par' dir='ltr' id='par_1_20' title="bbox 450 1749 2026 1820">
     <span class='ocr_line' id='line_1_20' title="bbox 450 1749 2026 1820; baseline -0.002 -14"><span class='ocrx_word' id='word_1_120' title='bbox 450 1751 753 1806; x_wconf 84' lang='lat' dir='ltr'><strong>necessitas</strong></span> <span class='ocrx_word' id='word_1_121' title='bbox 786 1751 929 1803; x_wconf 91' lang='lat' dir='ltr'><strong>inter</strong></span> <span class='ocrx_word' id='word_1_122' title='bbox 968 1766 1025 1805; x_wconf 87' lang='lat' dir='ltr'><strong>se</strong></span> <span class='ocrx_word' id='word_1_123' title='bbox 1068 1751 1287 1819; x_wconf 91' lang='lat' dir='ltr'><strong>c0pulet</strong></span> <span class='ocrx_word' id='word_1_124' title='bbox 1321 1765 1387 1804; x_wconf 90' lang='lat' dir='ltr'><strong>ea</strong></span> <span class='ocrx_word' id='word_1_125' title='bbox 1410 1765 1531 1820; x_wconf 63' lang='lat' dir='ltr'><strong>quaa</strong></span> <span class='ocrx_word' id='word_1_126' title='bbox 1573 1761 1765 1803; x_wconf 85' lang='lat' dir='ltr'><strong>natura</strong></span> <span class='ocrx_word' id='word_1_127' title='bbox 1811 1749 2026 1817; x_wconf 88' lang='lat' dir='ltr'><strong>disjun-</strong></span> 
     </span>
    </p>
   </div>
   <div class='ocr_carea' id='block_1_21' title="bbox 448 1840 2027 1905">
    <p class='ocr_par' dir='ltr' id='par_1_21' title="bbox 448 1840 2027 1905">
     <span class='ocr_line' id='line_1_21' title="bbox 448 1840 2027 1905; baseline -0.003 -8"><span class='ocrx_word' id='word_1_128' title='bbox 448 1844 548 1897; x_wconf 74' lang='lat' dir='ltr'><strong>xit.</strong></span> <span class='ocrx_word' id='word_1_129' title='bbox 586 1842 655 1895; x_wconf 79' lang='lat' dir='ltr'><strong>At</strong></span> <span class='ocrx_word' id='word_1_130' title='bbox 684 1841 730 1895; x_wconf 81' lang='lat' dir='ltr'><strong>si</strong></span> <span class='ocrx_word' id='word_1_131' title='bbox 770 1840 823 1895; x_wconf 93' lang='lat' dir='ltr'><strong>id</strong></span> <span class='ocrx_word' id='word_1_132' title='bbox 854 1849 1037 1895; x_wconf 84' lang='lat' dir='ltr'><strong>vestra</strong></span> <span class='ocrx_word' id='word_1_133' title='bbox 1069 1841 1175 1896; x_wconf 86' lang='lat' dir='ltr'><strong>sibi</strong></span> <span class='ocrx_word' id='word_1_134' title='bbox 1206 1842 1326 1895; x_wconf 86' lang='lat' dir='ltr'><strong>vult</strong></span> <span class='ocrx_word' id='word_1_135' title='bbox 1355 1842 1553 1905; x_wconf 82' lang='lat' dir='ltr'><strong>oratio,</strong></span> <span class='ocrx_word' id='word_1_136' title='bbox 1599 1851 1657 1894; x_wconf 91' lang='lat' dir='ltr'><strong>ut</strong></span> <span class='ocrx_word' id='word_1_137' title='bbox 1686 1840 1741 1894; x_wconf 91' lang='lat' dir='ltr'><strong>in</strong></span> <span class='ocrx_word' id='word_1_138' title='bbox 1769 1841 1857 1894; x_wconf 92' lang='lat' dir='ltr'><strong>illa</strong></span> <span class='ocrx_word' id='word_1_139' title='bbox 1890 1849 2027 1894; x_wconf 90' lang='lat' dir='ltr'><strong>tem-</strong></span> 
     </span>
    </p>
   </div>
   <div class='ocr_carea' id='block_1_22' title="bbox 450 1931 2027 2005">
    <p class='ocr_par' dir='ltr' id='par_1_22' title="bbox 450 1931 2027 2005">
     <span class='ocr_line' id='line_1_22' title="bbox 450 1931 2027 2005; baseline -0.001 -19"><span class='ocrx_word' id='word_1_140' title='bbox 450 1933 601 2005; x_wconf 85' lang='lat' dir='ltr'><strong>poris</strong></span> <span class='ocrx_word' id='word_1_141' title='bbox 617 1932 883 2002; x_wconf 79' lang='lat' dir='ltr'><strong>particula</strong></span> <span class='ocrx_word' id='word_1_142' title='bbox 913 1932 1074 1986; x_wconf 89' lang='lat' dir='ltr'><strong>sitam</strong></span> <span class='ocrx_word' id='word_1_143' title='bbox 1088 1948 1210 1987; x_wconf 89' lang='lat' dir='ltr'><strong>esse</strong></span> <span class='ocrx_word' id='word_1_144' title='bbox 1232 1932 1523 1988; x_wconf 84' lang='lat' dir='ltr'><strong>credamus</strong></span> <span class='ocrx_word' id='word_1_145' title='bbox 1537 1946 1761 1986; x_wconf 83' lang='lat' dir='ltr'><strong>causam</strong></span> <span class='ocrx_word' id='word_1_146' title='bbox 1783 1931 2027 1985; x_wconf 90' lang='lat' dir='ltr'><strong>omnium</strong></span> 
     </span>
    </p>
   </div>
   <div class='ocr_carea' id='block_1_23' title="bbox 448 2022 2030 2096">
    <p class='ocr_par' dir='ltr' id='par_1_23' title="bbox 448 2022 2030 2096">
     <span class='ocr_line' id='line_1_23' title="bbox 448 2022 2030 2096; baseline -0.003 -17"><span class='ocrx_word' id='word_1_147' title='bbox 448 2041 572 2096; x_wconf 65' lang='lat' dir='ltr'><strong>quae</strong></span> <span class='ocrx_word' id='word_1_148' title='bbox 589 2024 642 2078; x_wconf 92' lang='lat' dir='ltr'><strong>in</strong></span> <span class='ocrx_word' id='word_1_149' title='bbox 664 2022 941 2078; x_wconf 91' lang='lat' dir='ltr'><strong>hominum</strong></span> <span class='ocrx_word' id='word_1_150' title='bbox 966 2023 1073 2079; x_wconf 83' lang='lat' dir='ltr'><strong>vita</strong></span> <span class='ocrx_word' id='word_1_151' title='bbox 1088 2023 1523 2087; x_wconf 86' lang='lat' dir='ltr'><strong>committuntur,</strong></span> <span class='ocrx_word' id='word_1_152' title='bbox 1548 2022 1669 2077; x_wconf 91' lang='lat' dir='ltr'><strong>vide</strong></span> <span class='ocrx_word' id='word_1_153' title='bbox 1685 2029 1816 2092; x_wconf 92' lang='lat' dir='ltr'><strong>quot</strong></span> <span class='ocrx_word' id='word_1_154' title='bbox 1833 2024 2030 2093; x_wconf 88' lang='lat' dir='ltr'><strong>myria-</strong></span> 
     </span>
    </p>
   </div>
   <div class='ocr_carea' id='block_1_24' title="bbox 450 2121 2026 2195">
    <p class='ocr_par' dir='ltr' id='par_1_24' title="bbox 450 2121 2026 2195">
     <span class='ocr_line' id='line_1_24' title="bbox 450 2121 2026 2195; baseline -0.003 -15"><span class='ocrx_word' id='word_1_155' title='bbox 450 2126 557 2180; x_wconf 88' lang='lat' dir='ltr'><strong>das</strong></span> <span class='ocrx_word' id='word_1_156' title='bbox 582 2123 924 2179; x_wconf 85' lang='lat' dir='ltr'><strong>dominorum</strong></span> <span class='ocrx_word' id='word_1_157' title='bbox 947 2134 1379 2195; x_wconf 75' lang='lat' dir='ltr'><strong>actyrannorum</strong></span> <span class='ocrx_word' id='word_1_158' title='bbox 1412 2123 1469 2176; x_wconf 94' lang='lat' dir='ltr'><strong>in</strong></span> <span class='ocrx_word' id='word_1_159' title='bbox 1501 2122 1618 2177; x_wconf 91' lang='lat' dir='ltr'><strong>dies</strong></span> <span class='ocrx_word' id='word_1_160' title='bbox 1653 2122 1917 2191; x_wconf 90' lang='lat' dir='ltr'><strong>singulos,</strong></span> <span class='ocrx_word' id='word_1_161' title='bbox 1970 2121 2026 2175; x_wconf 89' lang='lat' dir='ltr'><strong>in</strong></span> 
     </span>
    </p>
   </div>
   <div class='ocr_carea' id='block_1_25' title="bbox 450 2214 2026 2289">
    <p class='ocr_par' dir='ltr' id='par_1_25' title="bbox 450 2214 2026 2289">
     <span class='ocr_line' id='line_1_25' title="bbox 450 2214 2026 2289; baseline -0.003 -16"><span class='ocrx_word' id='word_1_162' title='bbox 450 2219 696 2289; x_wconf 85' lang='lat' dir='ltr'><strong>singulas</strong></span> <span class='ocrx_word' id='word_1_163' title='bbox 726 2218 852 2271; x_wconf 82' lang='lat' dir='ltr'><strong>item</strong></span> <span class='ocrx_word' id='word_1_164' title='bbox 890 2223 1081 2271; x_wconf 87' lang='lat' dir='ltr'><strong>noctes</strong></span> <span class='ocrx_word' id='word_1_165' title='bbox 1110 2232 1208 2285; x_wconf 89' lang='lat' dir='ltr'><strong>per</strong></span> <span class='ocrx_word' id='word_1_166' title='bbox 1237 2216 1615 2272; x_wconf 85' lang='lat' dir='ltr'><strong>uunutasillas</strong></span> <span class='ocrx_word' id='word_1_167' title='bbox 1648 2224 1701 2271; x_wconf 91' lang='lat' dir='ltr'><strong>et</strong></span> <span class='ocrx_word' id='word_1_168' title='bbox 1720 2214 2026 2269; x_wconf 89' lang='lat' dir='ltr'><strong>individuas</strong></span> 
     </span>
    </p>
   </div>
   <div class='ocr_carea' id='block_1_26' title="bbox 366 2305 2023 2381">
    <p class='ocr_par' dir='ltr' id='par_1_26' title="bbox 366 2305 2023 2381">
     <span class='ocr_line' id='line_1_26' title="bbox 366 2305 2023 2381; baseline -0.003 -18"><span class='ocrx_word' id='word_1_169' title='bbox 366 2349 381 2363; x_wconf 94' lang='lat'><strong>.</strong></span> <span class='ocrx_word' id='word_1_170' title='bbox 448 2311 715 2381; x_wconf 83' lang='lat' dir='ltr'><strong>temporis</strong></span> <span class='ocrx_word' id='word_1_171' title='bbox 741 2309 1015 2365; x_wconf 88' lang='lat' dir='ltr'><strong>sectiones</strong></span> <span class='ocrx_word' id='word_1_172' title='bbox 1042 2308 1331 2373; x_wconf 81' lang='lat' dir='ltr'><strong>exsistant,</strong></span> <span class='ocrx_word' id='word_1_173' title='bbox 1358 2308 1446 2362; x_wconf 92' lang='lat' dir='ltr'><strong>die</strong></span> <span class='ocrx_word' id='word_1_174' title='bbox 1477 2323 1540 2362; x_wconf 91' lang='lat' dir='ltr'><strong>ac</strong></span> <span class='ocrx_word' id='word_1_175' title='bbox 1564 2316 1724 2361; x_wconf 90' lang='lat' dir='ltr'><strong>nocte</strong></span> <span class='ocrx_word' id='word_1_176' title='bbox 1745 2307 1799 2360; x_wconf 91' lang='lat' dir='ltr'><strong>in</strong></span> <span class='ocrx_word' id='word_1_177' title='bbox 1835 2305 2023 2376; x_wconf 91' lang='lat' dir='ltr'><strong>viginti</strong></span> 
     </span>
    </p>
   </div>
   <div class='ocr_carea' id='block_1_27' title="bbox 450 2396 2025 2468">
    <p class='ocr_par' dir='ltr' id='par_1_27' title="bbox 450 2396 2025 2468">
     <span class='ocr_line' id='line_1_27' title="bbox 450 2396 2025 2468; baseline -0.001 -15"><span class='ocrx_word' id='word_1_178' title='bbox 450 2408 709 2468; x_wconf 82' lang='lat' dir='ltr'><strong>quatuor,</strong></span> <span class='ocrx_word' id='word_1_179' title='bbox 748 2407 809 2452; x_wconf 93' lang='lat' dir='ltr'><strong>ut</strong></span> <span class='ocrx_word' id='word_1_180' title='bbox 853 2397 1060 2462; x_wconf 85' lang='lat' dir='ltr'><strong>dicitis,</strong></span> <span class='ocrx_word' id='word_1_181' title='bbox 1108 2398 1277 2454; x_wconf 89' lang='lat' dir='ltr'><strong>horas</strong></span> <span class='ocrx_word' id='word_1_182' title='bbox 1310 2398 1523 2461; x_wconf 91' lang='lat' dir='ltr'><strong>divisis,</strong></span> <span class='ocrx_word' id='word_1_183' title='bbox 1562 2397 1761 2467; x_wconf 90' lang='lat' dir='ltr'><strong>quavis</strong></span> <span class='ocrx_word' id='word_1_184' title='bbox 1807 2396 1940 2450; x_wconf 89' lang='lat' dir='ltr'><strong>bora</strong></span> <span class='ocrx_word' id='word_1_185' title='bbox 1970 2398 2025 2451; x_wconf 91' lang='lat' dir='ltr'><strong>in</strong></span> 
     </span>
    </p>
   </div>
   <div class='ocr_carea' id='block_1_28' title="bbox 448 2489 2026 2561">
    <p class='ocr_par' dir='ltr' id='par_1_28' title="bbox 448 2489 2026 2561">
     <span class='ocr_line' id='line_1_28' title="bbox 448 2489 2026 2561; baseline -0.003 -14"><span class='ocrx_word' id='word_1_186' title='bbox 448 2490 731 2561; x_wconf 81' lang='lat' dir='ltr'><strong>sexaginta</strong></span> <span class='ocrx_word' id='word_1_187' title='bbox 776 2490 1006 2557; x_wconf 87' lang='lat' dir='ltr'><strong>minuta,</strong></span> <span class='ocrx_word' id='word_1_188' title='bbox 1043 2489 1240 2560; x_wconf 88' lang='lat' dir='ltr'><strong>quovis</strong></span> <span class='ocrx_word' id='word_1_189' title='bbox 1267 2490 1476 2543; x_wconf 91' lang='lat' dir='ltr'><strong>minuto</strong></span> <span class='ocrx_word' id='word_1_190' title='bbox 1507 2489 1560 2542; x_wconf 89' lang='lat' dir='ltr'><strong>in</strong></span> <span class='ocrx_word' id='word_1_191' title='bbox 1606 2490 1887 2558; x_wconf 72' lang='lat' dir='ltr'><strong>sexaginta</strong></span> <span class='ocrx_word' id='word_1_192' title='bbox 1938 2503 2026 2543; x_wconf 54' lang='lat' dir='ltr'><strong>se.</strong></span> 
     </span>
    </p>
   </div>
   <div class='ocr_carea' id='block_1_29' title="bbox 447 2578 2022 2650">
    <p class='ocr_par' dir='ltr' id='par_1_29' title="bbox 447 2578 2022 2650">
     <span class='ocr_line' id='line_1_29' title="bbox 447 2578 2022 2650; baseline -0.003 -14"><span class='ocrx_word' id='word_1_193' title='bbox 447 2580 650 2644; x_wconf 90' lang='lat' dir='ltr'><strong>cunda,</strong></span> <span class='ocrx_word' id='word_1_194' title='bbox 677 2579 870 2650; x_wconf 88' lang='lat' dir='ltr'><strong>quovis</strong></span> <span class='ocrx_word' id='word_1_195' title='bbox 909 2579 1173 2643; x_wconf 90' lang='lat' dir='ltr'><strong>secundo,</strong></span> <span class='ocrx_word' id='word_1_196' title='bbox 1210 2586 1269 2633; x_wconf 91' lang='lat' dir='ltr'><strong>ut</strong></span> <span class='ocrx_word' id='word_1_197' title='bbox 1298 2586 1553 2633; x_wconf 86' lang='lat' dir='ltr'><strong>asserunt</strong></span> <span class='ocrx_word' id='word_1_198' title='bbox 1582 2593 1647 2632; x_wconf 76' lang='lat' dir='ltr'><strong>ex</strong></span> <span class='ocrx_word' id='word_1_199' title='bbox 1675 2578 1828 2632; x_wconf 86' lang='lat' dir='ltr'><strong>vobis</strong></span> <span class='ocrx_word' id='word_1_200' title='bbox 1868 2578 1904 2632; x_wconf 91' lang='lat' dir='ltr'><strong>ii</strong></span> <span class='ocrx_word' id='word_1_201' title='bbox 1929 2578 2022 2648; x_wconf 86' lang='lat' dir='ltr'><strong>qui</strong></span> 
     </span>
    </p>
   </div>
   <div class='ocr_carea' id='block_1_30' title="bbox 446 2668 2022 2740">
    <p class='ocr_par' dir='ltr' id='par_1_30' title="bbox 446 2668 2022 2740">
     <span class='ocr_line' id='line_1_30' title="bbox 446 2668 2022 2740; baseline -0.004 -13"><span class='ocrx_word' id='word_1_202' title='bbox 446 2672 566 2727; x_wconf 61' lang='lat' dir='ltr'><strong>haec</strong></span> <span class='ocrx_word' id='word_1_203' title='bbox 614 2670 871 2727; x_wconf 86' lang='lat' dir='ltr'><strong>subtilius</strong></span> <span class='ocrx_word' id='word_1_204' title='bbox 926 2668 1309 2740; x_wconf 88' lang='lat' dir='ltr'><strong>pertractanda</strong></span> <span class='ocrx_word' id='word_1_205' title='bbox 1368 2678 1750 2739; x_wconf 82' lang='lat' dir='ltr'><strong>susceperunt,</strong></span> <span class='ocrx_word' id='word_1_206' title='bbox 1811 2674 2022 2721; x_wconf 88' lang='lat' dir='ltr'><strong>retento</strong></span> 
     </span>
    </p>
   </div>
   <div class='ocr_carea' id='block_1_31' title="bbox 446 2757 2020 2832">
    <p class='ocr_par' dir='ltr' id='par_1_31' title="bbox 446 2757 2020 2832">
     <span class='ocr_line' id='line_1_31' title="bbox 446 2757 2020 2832; baseline -0.005 -12"><span class='ocrx_word' id='word_1_207' title='bbox 446 2764 635 2820; x_wconf 83' lang='lat' dir='ltr'><strong>eodem</strong></span> <span class='ocrx_word' id='word_1_208' title='bbox 667 2761 1022 2832; x_wconf 77' lang='lat' dir='ltr'><strong>sexagenario</strong></span> <span class='ocrx_word' id='word_1_209' title='bbox 1046 2775 1298 2825; x_wconf 88' lang='lat' dir='ltr'><strong>numero,</strong></span> <span class='ocrx_word' id='word_1_210' title='bbox 1329 2760 1383 2813; x_wconf 91' lang='lat' dir='ltr'><strong>in</strong></span> <span class='ocrx_word' id='word_1_211' title='bbox 1415 2759 1694 2829; x_wconf 81' lang='lat' dir='ltr'><strong>sexaginta</strong></span> <span class='ocrx_word' id='word_1_212' title='bbox 1721 2759 1902 2814; x_wconf 90' lang='lat' dir='ltr'><strong>tertia.</strong></span> <span class='ocrx_word' id='word_1_213' title='bbox 1938 2757 2020 2813; x_wconf 72' lang='lat' dir='ltr'><strong>Ex</strong></span> 
     </span>
    </p>
   </div>
   <div class='ocr_carea' id='block_1_32' title="bbox 447 2851 2021 2929">
    <p class='ocr_par' dir='ltr' id='par_1_32' title="bbox 447 2851 2021 2929">
     <span class='ocr_line' id='line_1_32' title="bbox 447 2851 2021 2929; baseline -0.004 -17"><span class='ocrx_word' id='word_1_214' title='bbox 447 2856 646 2929; x_wconf 83' lang='lat' dir='ltr'><strong>quibus</strong></span> <span class='ocrx_word' id='word_1_215' title='bbox 686 2856 739 2911; x_wconf 89' lang='lat' dir='ltr'><strong>in</strong></span> <span class='ocrx_word' id='word_1_216' title='bbox 768 2870 936 2909; x_wconf 89' lang='lat' dir='ltr'><strong>unum</strong></span> <span class='ocrx_word' id='word_1_217' title='bbox 968 2853 1185 2910; x_wconf 89' lang='lat' dir='ltr'><strong>collecti</strong></span> <span class='ocrx_word' id='word_1_218' title='bbox 1233 2852 1603 2908; x_wconf 87' lang='lat' dir='ltr'><strong>momentanei</strong></span> <span class='ocrx_word' id='word_1_219' title='bbox 1653 2852 1732 2905; x_wconf 92' lang='lat' dir='ltr'><strong>illi</strong></span> <span class='ocrx_word' id='word_1_220' title='bbox 1775 2853 1850 2905; x_wconf 88' lang='lat' dir='ltr'><strong>dii</strong></span> <span class='ocrx_word' id='word_1_221' title='bbox 1907 2851 2021 2907; x_wconf 84' lang='lat' dir='ltr'><strong>sive</strong></span> 
     </span>
    </p>
   </div>
   <div class='ocr_carea' id='block_1_33' title="bbox 448 2942 2018 3020">
    <p class='ocr_par' dir='ltr' id='par_1_33' title="bbox 448 2942 2018 3020">
     <span class='ocr_line' id='line_1_33' title="bbox 448 2942 2018 3020; baseline -0.004 -19"><span class='ocrx_word' id='word_1_222' title='bbox 448 2947 687 3020; x_wconf 87' lang='lat' dir='ltr'><strong>tyranni,</strong></span> <span class='ocrx_word' id='word_1_223' title='bbox 708 2947 823 3001; x_wconf 87' lang='lat' dir='ltr'><strong>sive</strong></span> <span class='ocrx_word' id='word_1_224' title='bbox 842 2946 1029 3001; x_wconf 90' lang='lat' dir='ltr'><strong>nescio</strong></span> <span class='ocrx_word' id='word_1_225' title='bbox 1042 2944 1242 3014; x_wconf 90' lang='lat' dir='ltr'><strong>quibus</strong></span> <span class='ocrx_word' id='word_1_226' title='bbox 1261 2944 1382 2999; x_wconf 87' lang='lat' dir='ltr'><strong>aliis</strong></span> <span class='ocrx_word' id='word_1_227' title='bbox 1401 2942 1715 2997; x_wconf 86' lang='lat' dir='ltr'><strong>nominibus</strong></span> <span class='ocrx_word' id='word_1_228' title='bbox 1730 2942 2018 3004; x_wconf 74' lang='lat' dir='ltr'><strong>alliciendi,</strong></span> 
     </span>
    </p>
   </div>
   <div class='ocr_carea' id='block_1_34' title="bbox 449 3028 2016 3109">
    <p class='ocr_par' dir='ltr' id='par_1_34' title="bbox 449 3028 2016 3109">
     <span class='ocr_line' id='line_1_34' title="bbox 449 3028 2016 3109; baseline -0.006 -17"><span class='ocrx_word' id='word_1_229' title='bbox 449 3038 684 3109; x_wconf 87' lang='lat' dir='ltr'><strong>amplius</strong></span> <span class='ocrx_word' id='word_1_230' title='bbox 720 3051 881 3090; x_wconf 91' lang='lat' dir='ltr'><strong>unam</strong></span> <span class='ocrx_word' id='word_1_231' title='bbox 912 3046 965 3089; x_wconf 93' lang='lat' dir='ltr'><strong>et</strong></span> <span class='ocrx_word' id='word_1_232' title='bbox 982 3034 1171 3104; x_wconf 87' lang='lat' dir='ltr'><strong>viginti</strong></span> <span class='ocrx_word' id='word_1_233' title='bbox 1193 3032 1467 3104; x_wconf 85' lang='lat' dir='ltr'><strong>myriadas</strong></span> <span class='ocrx_word' id='word_1_234' title='bbox 1490 3031 1807 3086; x_wconf 75' lang='lat' dir='ltr'><strong>coniiciunt.</strong></span> <span class='ocrx_word' id='word_1_235' title='bbox 1832 3028 1952 3083; x_wconf 86' lang='lat' dir='ltr'><strong>Jam</strong></span> <span class='ocrx_word' id='word_1_236' title='bbox 1971 3031 2016 3084; x_wconf 91' lang='lat' dir='ltr'><strong>si</strong></span> 
     </span>
    </p>
   </div>
   <div class='ocr_carea' id='block_1_35' title="bbox 448 3122 2016 3196">
    <p class='ocr_par' dir='ltr' id='par_1_35' title="bbox 448 3122 2016 3196">
     <span class='ocr_line' id='line_1_35' title="bbox 448 3122 2016 3196; baseline -0.007 -11"><span class='ocrx_word' id='word_1_237' title='bbox 448 3146 556 3185; x_wconf 89' lang='lat' dir='ltr'><strong>una</strong></span> <span class='ocrx_word' id='word_1_238' title='bbox 579 3130 711 3184; x_wconf 90' lang='lat' dir='ltr'><strong>hora</strong></span> <span class='ocrx_word' id='word_1_239' title='bbox 744 3136 822 3183; x_wconf 92' lang='lat' dir='ltr'><strong>tot</strong></span> <span class='ocrx_word' id='word_1_240' title='bbox 849 3127 1003 3181; x_wconf 92' lang='lat' dir='ltr'><strong>nobis</strong></span> <span class='ocrx_word' id='word_1_241' title='bbox 1019 3126 1253 3196; x_wconf 88' lang='lat' dir='ltr'><strong>partium</strong></span> <span class='ocrx_word' id='word_1_242' title='bbox 1280 3122 1556 3195; x_wconf 88' lang='lat' dir='ltr'><strong>myriadas</strong></span> <span class='ocrx_word' id='word_1_243' title='bbox 1576 3122 1913 3192; x_wconf 82' lang='lat' dir='ltr'><strong>suppeditat,</strong></span> <span class='ocrx_word' id='word_1_244' title='bbox 1931 3124 2016 3174; x_wconf 86' lang='lat' dir='ltr'><strong>vi-</strong></span> 
     </span>
    </p>
   </div>
   <div class='ocr_carea' id='block_1_36' title="bbox 2057 1860 2099 1914">
    <p class='ocr_par' dir='ltr' id='par_1_36' title="bbox 2057 1860 2099 1914">
     <span class='ocr_line' id='line_1_36' title="bbox 2057 1860 2099 1914; baseline 0 0"><span class='ocrx_word' id='word_1_245' title='bbox 2057 1860 2099 1914; x_wconf 86' lang='grc' dir='ltr'><strong>Β</strong></span> 
     </span>
    </p>
   </div>
   <div class='ocr_carea' id='block_1_37' title="bbox 447 3194 2087 3294">
    <p class='ocr_par' dir='ltr' id='par_1_37' title="bbox 447 3194 2087 3294">
     <span class='ocr_line' id='line_1_37' title="bbox 447 3194 2087 3294; baseline -0.007 -17"><span class='ocrx_word' id='word_1_246' title='bbox 447 3223 582 3294; x_wconf 87' lang='lat' dir='ltr'><strong>ginti</strong></span> <span class='ocrx_word' id='word_1_247' title='bbox 600 3230 836 3291; x_wconf 87' lang='lat' dir='ltr'><strong>quatuor</strong></span> <span class='ocrx_word' id='word_1_248' title='bbox 848 3194 1194 3289; x_wconf 78' lang='lat' dir='ltr'><strong>pr0portione</strong></span> <span class='ocrx_word' id='word_1_249' title='bbox 1208 3194 1606 3271; x_wconf 88' lang='lat' dir='ltr'><strong>uniusomnino</strong></span> <span class='ocrx_word' id='word_1_250' title='bbox 1625 3214 2016 3284; x_wconf 64' lang='lat' dir='ltr'><strong>multiplicatre,</strong></span> <span class='ocrx_word' id='word_1_251' title='bbox 2045 3194 2087 3251; x_wconf 66' lang='grc' dir='ltr'><strong>(ἶ</strong></span> 
     </span>
    </p>
   </div>
   <div class='ocr_carea' id='block_1_38' title="bbox 448 3304 2023 3380">
    <p class='ocr_par' dir='ltr' id='par_1_38' title="bbox 448 3304 2023 3380">
     <span class='ocr_line' id='line_1_38' title="bbox 448 3304 2023 3380; baseline -0.007 -12"><span class='ocrx_word' id='word_1_252' title='bbox 448 3314 691 3368; x_wconf 84' lang='lat' dir='ltr'><strong>infinitas</strong></span> <span class='ocrx_word' id='word_1_253' title='bbox 705 3310 940 3365; x_wconf 88' lang='lat' dir='ltr'><strong>fatorum</strong></span> <span class='ocrx_word' id='word_1_254' title='bbox 972 3308 1245 3380; x_wconf 88' lang='lat' dir='ltr'><strong>myriadas</strong></span> <span class='ocrx_word' id='word_1_255' title='bbox 1269 3306 1569 3377; x_wconf 89' lang='lat' dir='ltr'><strong>proferent.</strong></span> <span class='ocrx_word' id='word_1_256' title='bbox 1588 3304 1658 3360; x_wconf 76' lang='lat' dir='ltr'><strong>At</strong></span> <span class='ocrx_word' id='word_1_257' title='bbox 1684 3308 1828 3361; x_wconf 84' lang='lat' dir='ltr'><strong>enim</strong></span> <span class='ocrx_word' id='word_1_258' title='bbox 1848 3305 2023 3376; x_wconf 88' lang='lat' dir='ltr'><strong>quod-</strong></span> 
     </span>
    </p>
   </div>
   <div class='ocr_carea' id='block_1_39' title="bbox 452 3398 2021 3469">
    <p class='ocr_par' dir='ltr' id='par_1_39' title="bbox 452 3398 2021 3469">
     <span class='ocr_line' id='line_1_39' title="bbox 452 3398 2021 3469; baseline -0.004 -12"><span class='ocrx_word' id='word_1_259' title='bbox 452 3407 535 3461; x_wconf 89' lang='lat' dir='ltr'><strong>vis</strong></span> <span class='ocrx_word' id='word_1_260' title='bbox 574 3421 640 3460; x_wconf 80' lang='lat' dir='ltr'><strong>ex</strong></span> <span class='ocrx_word' id='word_1_261' title='bbox 682 3403 791 3458; x_wconf 83' lang='lat' dir='ltr'><strong>illis</strong></span> <span class='ocrx_word' id='word_1_262' title='bbox 811 3400 1107 3457; x_wconf 89' lang='lat' dir='ltr'><strong>inevitabili</strong></span> <span class='ocrx_word' id='word_1_263' title='bbox 1143 3398 1385 3469; x_wconf 90' lang='lat' dir='ltr'><strong>potentia</strong></span> <span class='ocrx_word' id='word_1_264' title='bbox 1427 3399 1710 3467; x_wconf 74' lang='lat' dir='ltr'><strong>prazditum</strong></span> <span class='ocrx_word' id='word_1_265' title='bbox 1733 3413 1855 3452; x_wconf 90' lang='lat' dir='ltr'><strong>esse</strong></span> <span class='ocrx_word' id='word_1_266' title='bbox 1887 3412 2021 3451; x_wconf 86' lang='lat' dir='ltr'><strong>con-</strong></span> 
     </span>
    </p>
   </div>
   <div class='ocr_carea' id='block_1_40' title="bbox 450 3490 2017 3563">
    <p class='ocr_par' dir='ltr' id='par_1_40' title="bbox 450 3490 2017 3563">
     <span class='ocr_line' id='line_1_40' title="bbox 450 3490 2017 3563; baseline -0.005 -11"><span class='ocrx_word' id='word_1_267' title='bbox 450 3498 721 3561; x_wconf 82' lang='lat' dir='ltr'><strong>ﬁrmatis;</strong></span> <span class='ocrx_word' id='word_1_268' title='bbox 754 3510 822 3548; x_wconf 73' lang='lat' dir='ltr'><strong>ex</strong></span> <span class='ocrx_word' id='word_1_269' title='bbox 854 3508 963 3563; x_wconf 90' lang='lat' dir='ltr'><strong>quo</strong></span> <span class='ocrx_word' id='word_1_270' title='bbox 994 3491 1227 3547; x_wconf 84' lang='lat' dir='ltr'><strong>eflicitur</strong></span> <span class='ocrx_word' id='word_1_271' title='bbox 1258 3490 1470 3545; x_wconf 90' lang='lat' dir='ltr'><strong>nullum</strong></span> <span class='ocrx_word' id='word_1_272' title='bbox 1499 3505 1687 3545; x_wconf 89' lang='lat' dir='ltr'><strong>eorum</strong></span> <span class='ocrx_word' id='word_1_273' title='bbox 1718 3506 1841 3546; x_wconf 89' lang='lat' dir='ltr'><strong>esse</strong></span> <span class='ocrx_word' id='word_1_274' title='bbox 1871 3490 2017 3560; x_wconf 88' lang='lat' dir='ltr'><strong>quod</strong></span> 
     </span>
    </p>
   </div>
   <div class='ocr_carea' id='block_1_41' title="bbox 450 3582 2024 3658">
    <p class='ocr_par' dir='ltr' id='par_1_41' title="bbox 450 3582 2024 3658">
     <span class='ocr_line' id='line_1_41' title="bbox 450 3582 2024 3658; baseline -0.006 -13"><span class='ocrx_word' id='word_1_275' title='bbox 450 3605 557 3646; x_wconf 68' lang='lat' dir='ltr'><strong>non</strong></span> <span class='ocrx_word' id='word_1_276' title='bbox 594 3595 738 3658; x_wconf 88' lang='lat' dir='ltr'><strong>agat.</strong></span> <span class='ocrx_word' id='word_1_277' title='bbox 778 3584 964 3656; x_wconf 85' lang='lat' dir='ltr'><strong>Neque</strong></span> <span class='ocrx_word' id='word_1_278' title='bbox 1007 3584 1155 3640; x_wconf 90' lang='lat' dir='ltr'><strong>enim</strong></span> <span class='ocrx_word' id='word_1_279' title='bbox 1190 3582 1449 3653; x_wconf 69' lang='lat' dir='ltr'><strong>potentiae</strong></span> <span class='ocrx_word' id='word_1_280' title='bbox 1480 3583 1758 3653; x_wconf 85' lang='lat' dir='ltr'><strong>proprium</strong></span> <span class='ocrx_word' id='word_1_281' title='bbox 1787 3598 1910 3637; x_wconf 79' lang='lat' dir='ltr'><strong>esse</strong></span> <span class='ocrx_word' id='word_1_282' title='bbox 1940 3584 2024 3636; x_wconf 83' lang='lat' dir='ltr'><strong>di-</strong></span> 
     </span>
    </p>
   </div>
   <div class='ocr_carea' id='block_1_42' title="bbox 450 3673 2019 3748">
    <p class='ocr_par' dir='ltr' id='par_1_42' title="bbox 450 3673 2019 3748">
     <span class='ocr_line' id='line_1_42' title="bbox 450 3673 2019 3748; baseline -0.004 -12"><span class='ocrx_word' id='word_1_283' title='bbox 450 3683 595 3737; x_wconf 79' lang='lat' dir='ltr'><strong>:eris</strong></span> <span class='ocrx_word' id='word_1_284' title='bbox 625 3688 684 3733; x_wconf 92' lang='lat' dir='ltr'><strong>ut</strong></span> <span class='ocrx_word' id='word_1_285' title='bbox 714 3694 823 3733; x_wconf 91' lang='lat' dir='ltr'><strong>non</strong></span> <span class='ocrx_word' id='word_1_286' title='bbox 855 3684 1015 3748; x_wconf 83' lang='lat' dir='ltr'><strong>agat,</strong></span> <span class='ocrx_word' id='word_1_287' title='bbox 1047 3673 1493 3745; x_wconf 88' lang='lat' dir='ltr'><strong>quandoquidem</strong></span> <span class='ocrx_word' id='word_1_288' title='bbox 1555 3674 1803 3744; x_wconf 89' lang='lat' dir='ltr'><strong>potentia</strong></span> <span class='ocrx_word' id='word_1_289' title='bbox 1837 3676 2019 3729; x_wconf 87' lang='lat' dir='ltr'><strong>omnis</strong></span> 
     </span>
    </p>
   </div>
   <div class='ocr_carea' id='block_1_43' title="bbox 448 3766 2017 3841">
    <p class='ocr_par' dir='ltr' id='par_1_43' title="bbox 448 3766 2017 3841">
     <span class='ocr_line' id='line_1_43' title="bbox 448 3766 2017 3841; baseline -0.008 -9"><span class='ocrx_word' id='word_1_290' title='bbox 448 3775 505 3832; x_wconf 84' lang='lat' dir='ltr'><strong>in</strong></span> <span class='ocrx_word' id='word_1_291' title='bbox 537 3773 751 3828; x_wconf 89' lang='lat' dir='ltr'><strong>actione</strong></span> <span class='ocrx_word' id='word_1_292' title='bbox 780 3770 1128 3841; x_wconf 90' lang='lat' dir='ltr'><strong>perspicitur.</strong></span> <span class='ocrx_word' id='word_1_293' title='bbox 1164 3766 1421 3837; x_wconf 63' lang='lat' dir='ltr'><strong>IEqualia</strong></span> <span class='ocrx_word' id='word_1_294' title='bbox 1466 3776 1595 3821; x_wconf 91' lang='lat' dir='ltr'><strong>sunt</strong></span> <span class='ocrx_word' id='word_1_295' title='bbox 1642 3767 1810 3837; x_wconf 85' lang='lat' dir='ltr'><strong>igitur</strong></span> <span class='ocrx_word' id='word_1_296' title='bbox 1853 3768 2017 3820; x_wconf 91' lang='lat' dir='ltr'><strong>etiam</strong></span> 
     </span>
    </p>
   </div>
   <div class='ocr_carea' id='block_1_44' title="bbox 452 3860 2016 3933">
    <p class='ocr_par' dir='ltr' id='par_1_44' title="bbox 452 3860 2016 3933">
     <span class='ocr_line' id='line_1_44' title="bbox 452 3860 2016 3933; baseline -0.004 -19"><span class='ocrx_word' id='word_1_297' title='bbox 452 3862 706 3933; x_wconf 69' lang='lat' dir='ltr'><strong>potentia:</strong></span> <span class='ocrx_word' id='word_1_298' title='bbox 736 3860 967 3915; x_wconf 71' lang='lat' dir='ltr'><strong>effecta:</strong></span> <span class='ocrx_word' id='word_1_299' title='bbox 1013 3872 1182 3928; x_wconf 85' lang='lat' dir='ltr'><strong>quare</strong></span> <span class='ocrx_word' id='word_1_300' title='bbox 1222 3864 1357 3926; x_wconf 93' lang='lat' dir='ltr'><strong>quot</strong></span> <span class='ocrx_word' id='word_1_301' title='bbox 1392 3864 1520 3911; x_wconf 93' lang='lat' dir='ltr'><strong>sunt</strong></span> <span class='ocrx_word' id='word_1_302' title='bbox 1558 3864 1837 3924; x_wconf 88' lang='lat' dir='ltr'><strong>segmenta</strong></span> <span class='ocrx_word' id='word_1_303' title='bbox 1874 3864 2016 3909; x_wconf 87' lang='lat' dir='ltr'><strong>tem-</strong></span> 
     </span>
    </p>
   </div>
   <div class='ocr_carea' id='block_1_45' title="bbox 447 3947 2017 4024">
    <p class='ocr_par' dir='ltr' id='par_1_45' title="bbox 447 3947 2017 4024">
     <span class='ocr_line' id='line_1_45' title="bbox 447 3947 2017 4024; baseline -0.006 -16"><span class='ocrx_word' id='word_1_304' title='bbox 447 3955 626 4024; x_wconf 85' lang='lat' dir='ltr'><strong>poris.</strong></span> <span class='ocrx_word' id='word_1_305' title='bbox 658 3952 879 4007; x_wconf 84' lang='lat' dir='ltr'><strong>totidem</strong></span> <span class='ocrx_word' id='word_1_306' title='bbox 910 3964 1127 4019; x_wconf 87' lang='lat' dir='ltr'><strong>quoque</strong></span> <span class='ocrx_word' id='word_1_307' title='bbox 1160 3948 1409 4003; x_wconf 87' lang='lat' dir='ltr'><strong>homines</strong></span> <span class='ocrx_word' id='word_1_308' title='bbox 1445 3947 1593 4001; x_wconf 84' lang='lat' dir='ltr'><strong>horis</strong></span> <span class='ocrx_word' id='word_1_309' title='bbox 1637 3947 1865 4017; x_wconf 89' lang='lat' dir='ltr'><strong>singulis</strong></span> <span class='ocrx_word' id='word_1_310' title='bbox 1916 3961 2017 4000; x_wconf 89' lang='lat' dir='ltr'><strong>na-</strong></span> 
     </span>
    </p>
   </div>
   <div class='ocr_carea' id='block_1_46' title="bbox 446 4040 2017 4110">
    <p class='ocr_par' dir='ltr' id='par_1_46' title="bbox 446 4040 2017 4110">
     <span class='ocr_line' id='line_1_46' title="bbox 446 4040 2017 4110; baseline -0.004 -10"><span class='ocrx_word' id='word_1_311' title='bbox 446 4054 692 4109; x_wconf 80' lang='lat' dir='ltr'><strong>scantur,</strong></span> <span class='ocrx_word' id='word_1_312' title='bbox 726 4058 951 4098; x_wconf 90' lang='lat' dir='ltr'><strong>necesse</strong></span> <span class='ocrx_word' id='word_1_313' title='bbox 980 4050 1082 4096; x_wconf 83' lang='lat' dir='ltr'><strong>est.</strong></span> <span class='ocrx_word' id='word_1_314' title='bbox 1118 4040 1289 4095; x_wconf 90' lang='lat' dir='ltr'><strong>Porro</strong></span> <span class='ocrx_word' id='word_1_315' title='bbox 1332 4041 1377 4094; x_wconf 90' lang='lat' dir='ltr'><strong>si</strong></span> <span class='ocrx_word' id='word_1_316' title='bbox 1422 4040 1598 4094; x_wconf 87' lang='lat' dir='ltr'><strong>cuivis</strong></span> <span class='ocrx_word' id='word_1_317' title='bbox 1638 4040 1749 4092; x_wconf 90' lang='lat' dir='ltr'><strong>fato</strong></span> <span class='ocrx_word' id='word_1_318' title='bbox 1791 4040 2017 4110; x_wconf 70' lang='lat' dir='ltr'><strong>aequalis</strong></span> 
     </span>
    </p>
   </div>
   <div class='ocr_carea' id='block_1_47' title="bbox 448 4136 2018 4209">
    <p class='ocr_par' dir='ltr' id='par_1_47' title="bbox 448 4136 2018 4209">
     <span class='ocr_line' id='line_1_47' title="bbox 448 4136 2018 4209; baseline -0.004 -16"><span class='ocrx_word' id='word_1_319' title='bbox 448 4139 688 4209; x_wconf 87' lang='lat' dir='ltr'><strong>potentia</strong></span> <span class='ocrx_word' id='word_1_320' title='bbox 721 4136 1051 4207; x_wconf 85' lang='lat' dir='ltr'><strong>assignanda</strong></span> <span class='ocrx_word' id='word_1_321' title='bbox 1084 4142 1170 4188; x_wconf 90' lang='lat' dir='ltr'><strong>est</strong></span> <span class='ocrx_word' id='word_1_322' title='bbox 1190 4173 1205 4197; x_wconf 87' lang='lat'><strong>,</strong></span> <span class='ocrx_word' id='word_1_323' title='bbox 1236 4140 1400 4188; x_wconf 88' lang='lat' dir='ltr'><strong>erunt</strong></span> <span class='ocrx_word' id='word_1_324' title='bbox 1429 4146 1620 4188; x_wconf 88' lang='lat' dir='ltr'><strong>omnes</strong></span> <span class='ocrx_word' id='word_1_325' title='bbox 1648 4148 1715 4187; x_wconf 81' lang='lat' dir='ltr'><strong>ex</strong></span> <span class='ocrx_word' id='word_1_326' title='bbox 1740 4147 1898 4202; x_wconf 63' lang='lat' dir='ltr'><strong>aequo</strong></span> <span class='ocrx_word' id='word_1_327' title='bbox 1931 4148 2018 4187; x_wconf 92' lang='lat' dir='ltr'><strong>re-</strong></span> 
     </span>
    </p>
   </div>
   <div class='ocr_carea' id='block_1_48' title="bbox 446 4223 2017 4300">
    <p class='ocr_par' dir='ltr' id='par_1_48' title="bbox 446 4223 2017 4300">
     <span class='ocr_line' id='line_1_48' title="bbox 446 4223 2017 4300; baseline -0.004 -15"><span class='ocrx_word' id='word_1_328' title='bbox 446 4246 573 4300; x_wconf 81' lang='lat' dir='ltr'><strong>ges,</strong></span> <span class='ocrx_word' id='word_1_329' title='bbox 640 4229 902 4298; x_wconf 70' lang='lat' dir='ltr'><strong>longaevi,</strong></span> <span class='ocrx_word' id='word_1_330' title='bbox 966 4234 1251 4296; x_wconf 85' lang='lat' dir='ltr'><strong>potentes,</strong></span> <span class='ocrx_word' id='word_1_331' title='bbox 1316 4223 1621 4291; x_wconf 78' lang='lat' dir='ltr'><strong>fortunati,</strong></span> <span class='ocrx_word' id='word_1_332' title='bbox 1676 4224 1898 4291; x_wconf 77' lang='lat' dir='ltr'><strong>felices,</strong></span> <span class='ocrx_word' id='word_1_333' title='bbox 1963 4234 2017 4278; x_wconf 91' lang='lat' dir='ltr'><strong>et</strong></span> 
     </span>
    </p>
   </div>
   <div class='ocr_carea' id='block_1_49' title="bbox 444 4317 2013 4392">
    <p class='ocr_par' dir='ltr' id='par_1_49' title="bbox 444 4317 2013 4392">
     <span class='ocr_line' id='line_1_49' title="bbox 444 4317 2013 4392; baseline -0.003 -17"><span class='ocrx_word' id='word_1_334' title='bbox 444 4320 711 4392; x_wconf 83' lang='lat' dir='ltr'><strong>quidquid</strong></span> <span class='ocrx_word' id='word_1_335' title='bbox 741 4328 1002 4389; x_wconf 66' lang='lat' dir='ltr'><strong>praeterea</strong></span> <span class='ocrx_word' id='word_1_336' title='bbox 1029 4318 1084 4371; x_wconf 92' lang='lat' dir='ltr'><strong>in</strong></span> <span class='ocrx_word' id='word_1_337' title='bbox 1128 4317 1287 4371; x_wconf 91' lang='lat' dir='ltr'><strong>bonis</strong></span> <span class='ocrx_word' id='word_1_338' title='bbox 1333 4326 1674 4381; x_wconf 89' lang='lat' dir='ltr'><strong>numeratur,</strong></span> <span class='ocrx_word' id='word_1_339' title='bbox 1707 4318 2013 4387; x_wconf 90' lang='lat' dir='ltr'><strong>acquirent.</strong></span> 
     </span>
    </p>
   </div>
   <div class='ocr_carea' id='block_1_50' title="bbox 444 4408 2017 4481">
    <p class='ocr_par' dir='ltr' id='par_1_50' title="bbox 444 4408 2017 4481">
     <span class='ocr_line' id='line_1_50' title="bbox 444 4408 2017 4481; baseline -0.005 -12"><span class='ocrx_word' id='word_1_340' title='bbox 444 4413 580 4469; x_wconf 71' lang='lat' dir='ltr'><strong>Nam</strong></span> <span class='ocrx_word' id='word_1_341' title='bbox 611 4414 657 4467; x_wconf 90' lang='lat' dir='ltr'><strong>si</strong></span> <span class='ocrx_word' id='word_1_342' title='bbox 690 4413 813 4481; x_wconf 89' lang='lat' dir='ltr'><strong>quis</strong></span> <span class='ocrx_word' id='word_1_343' title='bbox 842 4425 1032 4465; x_wconf 86' lang='lat' dir='ltr'><strong>eorum</strong></span> <span class='ocrx_word' id='word_1_344' title='bbox 1065 4408 1310 4463; x_wconf 88' lang='lat' dir='ltr'><strong>defectus</strong></span> <span class='ocrx_word' id='word_1_345' title='bbox 1335 4416 1420 4463; x_wconf 92' lang='lat' dir='ltr'><strong>est</strong></span> <span class='ocrx_word' id='word_1_346' title='bbox 1440 4449 1457 4474; x_wconf 96' lang='lat'><strong>,</strong></span> <span class='ocrx_word' id='word_1_347' title='bbox 1491 4408 1713 4478; x_wconf 90' lang='lat' dir='ltr'><strong>aliquod</strong></span> <span class='ocrx_word' id='word_1_348' title='bbox 1739 4415 1886 4464; x_wconf 87' lang='lat' dir='ltr'><strong>certe</strong></span> <span class='ocrx_word' id='word_1_349' title='bbox 1914 4410 2017 4462; x_wconf 75' lang='lat' dir='ltr'><strong>im-</strong></span> 
     </span>
    </p>
   </div>
   <div class='ocr_carea' id='block_1_51' title="bbox 446 4499 2015 4571">
    <p class='ocr_par' dir='ltr' id='par_1_51' title="bbox 446 4499 2015 4571">
     <span class='ocr_line' id='line_1_51' title="bbox 446 4499 2015 4571; baseline -0.003 -11"><span class='ocrx_word' id='word_1_350' title='bbox 446 4505 696 4560; x_wconf 86' lang='lat' dir='ltr'><strong>becillius</strong></span> <span class='ocrx_word' id='word_1_351' title='bbox 743 4513 797 4557; x_wconf 93' lang='lat' dir='ltr'><strong>et</strong></span> <span class='ocrx_word' id='word_1_352' title='bbox 842 4499 1219 4571; x_wconf 89' lang='lat' dir='ltr'><strong>imperfectius</strong></span> <span class='ocrx_word' id='word_1_353' title='bbox 1268 4499 1626 4569; x_wconf 75' lang='lat' dir='ltr'><strong>iudicandum</strong></span> <span class='ocrx_word' id='word_1_354' title='bbox 1673 4507 1777 4556; x_wconf 89' lang='lat' dir='ltr'><strong>est.</strong></span> <span class='ocrx_word' id='word_1_355' title='bbox 1827 4501 2015 4570; x_wconf 86' lang='lat' dir='ltr'><strong>Neque</strong></span> 
     </span>
    </p>
   </div>
   <div class='ocr_carea' id='block_1_52' title="bbox 444 4592 2017 4665">
    <p class='ocr_par' dir='ltr' id='par_1_52' title="bbox 444 4592 2017 4665">
     <span class='ocr_line' id='line_1_52' title="bbox 444 4592 2017 4665; baseline -0.004 -14"><span class='ocrx_word' id='word_1_356' title='bbox 444 4598 590 4652; x_wconf 90' lang='lat' dir='ltr'><strong>enim</strong></span> <span class='ocrx_word' id='word_1_357' title='bbox 619 4594 881 4665; x_wconf 66' lang='lat' dir='ltr'><strong>aequalem</strong></span> <span class='ocrx_word' id='word_1_358' title='bbox 913 4592 1210 4663; x_wconf 88' lang='lat' dir='ltr'><strong>potentiam</strong></span> <span class='ocrx_word' id='word_1_359' title='bbox 1242 4592 1500 4646; x_wconf 92' lang='lat' dir='ltr'><strong>tribueris</strong></span> <span class='ocrx_word' id='word_1_360' title='bbox 1519 4632 1535 4657; x_wconf 92' lang='lat'><strong>,</strong></span> <span class='ocrx_word' id='word_1_361' title='bbox 1563 4600 1670 4645; x_wconf 89' lang='lat' dir='ltr'><strong>tam</strong></span> <span class='ocrx_word' id='word_1_362' title='bbox 1697 4592 1747 4646; x_wconf 87' lang='lat' dir='ltr'><strong>ei</strong></span> <span class='ocrx_word' id='word_1_363' title='bbox 1777 4592 1867 4662; x_wconf 92' lang='lat' dir='ltr'><strong>qui</strong></span> <span class='ocrx_word' id='word_1_364' title='bbox 1902 4608 2017 4646; x_wconf 88' lang='lat' dir='ltr'><strong>ma-</strong></span> 
     </span>
    </p>
   </div>
   <div class='ocr_carea' id='block_1_53' title="bbox 444 4679 2013 4757">
    <p class='ocr_par' dir='ltr' id='par_1_53' title="bbox 444 4679 2013 4757">
     <span class='ocr_line' id='line_1_53' title="bbox 444 4679 2013 4757; baseline -0.003 -18"><span class='ocrx_word' id='word_1_365' title='bbox 444 4701 550 4757; x_wconf 83' lang='lat' dir='ltr'><strong>gna</strong></span> <span class='ocrx_word' id='word_1_366' title='bbox 573 4725 588 4750; x_wconf 95' lang='lat'><strong>,</strong></span> <span class='ocrx_word' id='word_1_367' title='bbox 618 4700 779 4755; x_wconf 86' lang='lat' dir='ltr'><strong>quam</strong></span> <span class='ocrx_word' id='word_1_368' title='bbox 803 4683 895 4752; x_wconf 91' lang='lat' dir='ltr'><strong>qui</strong></span> <span class='ocrx_word' id='word_1_369' title='bbox 940 4696 1109 4752; x_wconf 91' lang='lat' dir='ltr'><strong>parva</strong></span> <span class='ocrx_word' id='word_1_370' title='bbox 1156 4680 1490 4751; x_wconf 68' lang='lat' dir='ltr'><strong>praestiterit.</strong></span> <span class='ocrx_word' id='word_1_371' title='bbox 1541 4679 1781 4749; x_wconf 78' lang='lat' dir='ltr'><strong>Exempli</strong></span> <span class='ocrx_word' id='word_1_372' title='bbox 1812 4696 1976 4736; x_wconf 91' lang='lat' dir='ltr'><strong>causa</strong></span> <span class='ocrx_word' id='word_1_373' title='bbox 1997 4722 2013 4748; x_wconf 94' lang='lat'><strong>,</strong></span> 
     </span>
    </p>
   </div>
   <div class='ocr_carea' id='block_1_54' title="bbox 445 4772 2017 4843">
    <p class='ocr_par' dir='ltr' id='par_1_54' title="bbox 445 4772 2017 4843">
     <span class='ocr_line' id='line_1_54' title="bbox 445 4772 2017 4843; baseline -0.001 -13"><span class='ocrx_word' id='word_1_374' title='bbox 445 4777 587 4830; x_wconf 90' lang='lat' dir='ltr'><strong>alius</strong></span> <span class='ocrx_word' id='word_1_375' title='bbox 617 4775 972 4829; x_wconf 89' lang='lat' dir='ltr'><strong>centesimum</strong></span> <span class='ocrx_word' id='word_1_376' title='bbox 1006 4772 1284 4843; x_wconf 86' lang='lat' dir='ltr'><strong>superavit</strong></span> <span class='ocrx_word' id='word_1_377' title='bbox 1310 4786 1533 4835; x_wconf 91' lang='lat' dir='ltr'><strong>annum,</strong></span> <span class='ocrx_word' id='word_1_378' title='bbox 1568 4787 1731 4827; x_wconf 81' lang='lat' dir='ltr'><strong>senex</strong></span> <span class='ocrx_word' id='word_1_379' title='bbox 1752 4811 1768 4837; x_wconf 91' lang='lat'><strong>,</strong></span> <span class='ocrx_word' id='word_1_380' title='bbox 1792 4774 2017 4842; x_wconf 85' lang='lat' dir='ltr'><strong>opulen-</strong></span> 
     </span>
    </p>
   </div>
   <div class='ocr_carea' id='block_1_55' title="bbox 445 4861 2016 4933">
    <p class='ocr_par' dir='ltr' id='par_1_55' title="bbox 445 4861 2016 4933">
     <span class='ocr_line' id='line_1_55' title="bbox 445 4861 2016 4933; baseline -0.003 -12"><span class='ocrx_word' id='word_1_381' title='bbox 445 4878 535 4921; x_wconf 92' lang='lat' dir='ltr'><strong>tus</strong></span> <span class='ocrx_word' id='word_1_382' title='bbox 557 4909 573 4933; x_wconf 95' lang='lat'><strong>,</strong></span> <span class='ocrx_word' id='word_1_383' title='bbox 624 4865 752 4920; x_wconf 79' lang='lat' dir='ltr'><strong>felix</strong></span> <span class='ocrx_word' id='word_1_384' title='bbox 774 4904 789 4928; x_wconf 91' lang='lat'><strong>,</strong></span> <span class='ocrx_word' id='word_1_385' title='bbox 826 4863 1082 4918; x_wconf 88' lang='lat' dir='ltr'><strong>omnibus</strong></span> <span class='ocrx_word' id='word_1_386' title='bbox 1117 4864 1171 4916; x_wconf 90' lang='lat' dir='ltr'><strong>in</strong></span> <span class='ocrx_word' id='word_1_387' title='bbox 1222 4862 1387 4915; x_wconf 85' lang='lat' dir='ltr'><strong>rebus</strong></span> <span class='ocrx_word' id='word_1_388' title='bbox 1426 4861 1724 4915; x_wconf 77' lang='lat' dir='ltr'><strong>secundum</strong></span> <span class='ocrx_word' id='word_1_389' title='bbox 1759 4872 2016 4931; x_wconf 76' lang='lat' dir='ltr'><strong>expertus</strong></span> 
     </span>
    </p>
   </div>
   <div class='ocr_carea' id='block_1_56' title="bbox 446 4954 2015 5026">
    <p class='ocr_par' dir='ltr' id='par_1_56' title="bbox 446 4954 2015 5026">
     <span class='ocr_line' id='line_1_56' title="bbox 446 4954 2015 5026; baseline -0.003 -15"><span class='ocrx_word' id='word_1_390' title='bbox 446 4960 751 5021; x_wconf 77' lang='lat' dir='ltr'><strong>fortunam,</strong></span> <span class='ocrx_word' id='word_1_391' title='bbox 780 4955 1073 5026; x_wconf 87' lang='lat' dir='ltr'><strong>nepotibus</strong></span> <span class='ocrx_word' id='word_1_392' title='bbox 1102 4954 1334 5023; x_wconf 90' lang='lat' dir='ltr'><strong>stipatus</strong></span> <span class='ocrx_word' id='word_1_393' title='bbox 1357 4994 1372 5019; x_wconf 91' lang='lat'><strong>,</strong></span> <span class='ocrx_word' id='word_1_394' title='bbox 1404 4961 1760 5023; x_wconf 88' lang='lat' dir='ltr'><strong>pronepotum</strong></span> <span class='ocrx_word' id='word_1_395' title='bbox 1792 4962 2015 5023; x_wconf 90' lang='lat' dir='ltr'><strong>aspectu</strong></span> 
     </span>
    </p>
   </div>
   <div class='ocr_carea' id='block_1_57' title="bbox 444 5044 2015 5113">
    <p class='ocr_par' dir='ltr' id='par_1_57' title="bbox 444 5044 2015 5113">
     <span class='ocr_line' id='line_1_57' title="bbox 444 5044 2015 5113; baseline -0.003 -8"><span class='ocrx_word' id='word_1_396' title='bbox 444 5051 634 5113; x_wconf 71' lang='lat' dir='ltr'><strong>laetus,</strong></span> <span class='ocrx_word' id='word_1_397' title='bbox 681 5062 881 5111; x_wconf 86' lang='lat' dir='ltr'><strong>sanus,</strong></span> <span class='ocrx_word' id='word_1_398' title='bbox 927 5047 1219 5099; x_wconf 88' lang='lat' dir='ltr'><strong>incolumis</strong></span> <span class='ocrx_word' id='word_1_399' title='bbox 1244 5084 1260 5109; x_wconf 89' lang='lat'><strong>,</strong></span> <span class='ocrx_word' id='word_1_400' title='bbox 1304 5046 1643 5107; x_wconf 87' lang='lat' dir='ltr'><strong>honoratus,</strong></span> <span class='ocrx_word' id='word_1_401' title='bbox 1673 5044 1877 5100; x_wconf 89' lang='lat' dir='ltr'><strong>doloris</strong></span> <span class='ocrx_word' id='word_1_402' title='bbox 1917 5060 2015 5100; x_wconf 83' lang='lat' dir='ltr'><strong>ex-</strong></span> 
     </span>
    </p>
   </div>
   <div class='ocr_carea' id='block_1_58' title="bbox 443 5136 2013 5213">
    <p class='ocr_par' dir='ltr' id='par_1_58' title="bbox 443 5136 2013 5213">
     <span class='ocr_line' id='line_1_58' title="bbox 443 5136 2013 5213; baseline -0.004 -16"><span class='ocrx_word' id='word_1_403' title='bbox 443 5157 603 5213; x_wconf 89' lang='lat' dir='ltr'><strong>pers,</strong></span> <span class='ocrx_word' id='word_1_404' title='bbox 638 5140 834 5209; x_wconf 90' lang='lat' dir='ltr'><strong>opibus</strong></span> <span class='ocrx_word' id='word_1_405' title='bbox 865 5137 1125 5201; x_wconf 80' lang='lat' dir='ltr'><strong>aﬂluens,</strong></span> <span class='ocrx_word' id='word_1_406' title='bbox 1156 5145 1211 5191; x_wconf 89' lang='lat' dir='ltr'><strong>et</strong></span> <span class='ocrx_word' id='word_1_407' title='bbox 1244 5136 1289 5191; x_wconf 89' lang='lat' dir='ltr'><strong>si</strong></span> <span class='ocrx_word' id='word_1_408' title='bbox 1324 5136 1455 5206; x_wconf 90' lang='lat' dir='ltr'><strong>quid</strong></span> <span class='ocrx_word' id='word_1_409' title='bbox 1487 5136 1637 5190; x_wconf 90' lang='lat' dir='ltr'><strong>aliud</strong></span> <span class='ocrx_word' id='word_1_410' title='bbox 1672 5137 1726 5190; x_wconf 93' lang='lat' dir='ltr'><strong>in</strong></span> <span class='ocrx_word' id='word_1_411' title='bbox 1760 5136 1861 5191; x_wconf 88' lang='lat' dir='ltr'><strong>hac</strong></span> <span class='ocrx_word' id='word_1_412' title='bbox 1902 5137 2013 5191; x_wconf 87' lang='lat' dir='ltr'><strong>vita</strong></span> 
     </span>
    </p>
   </div>
   <div class='ocr_carea' id='block_1_59' title="bbox 441 5227 2014 5305">
    <p class='ocr_par' dir='ltr' id='par_1_59' title="bbox 441 5227 2014 5305">
     <span class='ocr_line' id='line_1_59' title="bbox 441 5227 2014 5305; baseline -0.004 -18"><span class='ocrx_word' id='word_1_413' title='bbox 441 5234 743 5305; x_wconf 88' lang='lat' dir='ltr'><strong>pretiosum</strong></span> <span class='ocrx_word' id='word_1_414' title='bbox 775 5239 892 5293; x_wconf 88' lang='lat' dir='ltr'><strong>est,</strong></span> <span class='ocrx_word' id='word_1_415' title='bbox 944 5229 1107 5283; x_wconf 89' lang='lat' dir='ltr'><strong>rebus</strong></span> <span class='ocrx_word' id='word_1_416' title='bbox 1139 5228 1397 5283; x_wconf 83' lang='lat' dir='ltr'><strong>omnibus</strong></span> <span class='ocrx_word' id='word_1_417' title='bbox 1426 5227 1641 5284; x_wconf 87' lang='lat' dir='ltr'><strong>beatus.</strong></span> <span class='ocrx_word' id='word_1_418' title='bbox 1670 5228 1825 5284; x_wconf 84' lang='lat' dir='ltr'><strong>Alius</strong></span> <span class='ocrx_word' id='word_1_419' title='bbox 1850 5229 2014 5283; x_wconf 91' lang='lat' dir='ltr'><strong>simul</strong></span> 
     </span>
    </p>
   </div>
   <div class='ocr_carea' id='block_1_60' title="bbox 441 5319 2010 5396">
    <p class='ocr_par' dir='ltr' id='par_1_60' title="bbox 441 5319 2010 5396">
     <span class='ocr_line' id='line_1_60' title="bbox 441 5319 2010 5396; baseline -0.004 -16"><span class='ocrx_word' id='word_1_420' title='bbox 441 5334 604 5396; x_wconf 89' lang='lat' dir='ltr'><strong>atque</strong></span> <span class='ocrx_word' id='word_1_421' title='bbox 632 5340 701 5379; x_wconf 75' lang='lat' dir='ltr'><strong>ex</strong></span> <span class='ocrx_word' id='word_1_422' title='bbox 745 5330 994 5377; x_wconf 91' lang='lat' dir='ltr'><strong>materno</strong></span> <span class='ocrx_word' id='word_1_423' title='bbox 1026 5332 1179 5374; x_wconf 87' lang='lat' dir='ltr'><strong>utero</strong></span> <span class='ocrx_word' id='word_1_424' title='bbox 1226 5319 1464 5390; x_wconf 86' lang='lat' dir='ltr'><strong>prodiit,</strong></span> <span class='ocrx_word' id='word_1_425' title='bbox 1502 5319 1823 5375; x_wconf 71' lang='lat' dir='ltr'><strong>suﬂ‘ocatur.</strong></span> <span class='ocrx_word' id='word_1_426' title='bbox 1860 5319 2010 5374; x_wconf 84' lang='lat' dir='ltr'><strong>Multi</strong></span> 
     </span>
    </p>
   </div>
   <div class='ocr_carea' id='block_1_61' title="bbox 441 5410 2014 5487">
    <p class='ocr_par' dir='ltr' id='par_1_61' title="bbox 441 5410 2014 5487">
     <span class='ocr_line' id='line_1_61' title="bbox 441 5410 2014 5487; baseline -0.003 -17"><span class='ocrx_word' id='word_1_427' title='bbox 441 5417 642 5487; x_wconf 90' lang='lat' dir='ltr'><strong>quippe</strong></span> <span class='ocrx_word' id='word_1_428' title='bbox 695 5430 759 5469; x_wconf 78' lang='lat' dir='ltr'><strong>ex</strong></span> <span class='ocrx_word' id='word_1_429' title='bbox 816 5412 1193 5467; x_wconf 89' lang='lat' dir='ltr'><strong>meretricibus</strong></span> <span class='ocrx_word' id='word_1_430' title='bbox 1248 5418 1342 5465; x_wconf 90' lang='lat' dir='ltr'><strong>aut</strong></span> <span class='ocrx_word' id='word_1_431' title='bbox 1387 5410 1649 5466; x_wconf 86' lang='lat' dir='ltr'><strong>adulteris</strong></span> <span class='ocrx_word' id='word_1_432' title='bbox 1708 5421 2014 5465; x_wconf 87' lang='lat' dir='ltr'><strong>nascuntur</strong></span> 
     </span>
    </p>
   </div>
   <div class='ocr_carea' id='block_1_62' title="bbox 442 5500 2011 5573">
    <p class='ocr_par' dir='ltr' id='par_1_62' title="bbox 442 5500 2011 5573">
     <span class='ocr_line' id='line_1_62' title="bbox 442 5500 2011 5573; baseline -0.008 -8"><span class='ocrx_word' id='word_1_433' title='bbox 442 5506 713 5566; x_wconf 85' lang='lat' dir='ltr'><strong>infantes.</strong></span> <span class='ocrx_word' id='word_1_434' title='bbox 764 5519 904 5573; x_wconf 90' lang='lat' dir='ltr'><strong>quos</strong></span> <span class='ocrx_word' id='word_1_435' title='bbox 951 5510 1136 5572; x_wconf 89' lang='lat' dir='ltr'><strong>utpote</strong></span> <span class='ocrx_word' id='word_1_436' title='bbox 1182 5503 1375 5556; x_wconf 92' lang='lat' dir='ltr'><strong>nothos</strong></span> <span class='ocrx_word' id='word_1_437' title='bbox 1424 5501 1539 5555; x_wconf 87' lang='lat' dir='ltr'><strong>suis</strong></span> <span class='ocrx_word' id='word_1_438' title='bbox 1587 5500 1718 5571; x_wconf 67' lang='lat' dir='ltr'><strong>ipsa:</strong></span> <span class='ocrx_word' id='word_1_439' title='bbox 1759 5500 2011 5554; x_wconf 87' lang='lat' dir='ltr'><strong>manibus</strong></span> 
     </span>
    </p>
   </div>
   <div class='ocr_carea' id='block_1_63' title="bbox 444 5591 2006 5663">
    <p class='ocr_par' dir='ltr' id='par_1_63' title="bbox 444 5591 2006 5663">
     <span class='ocr_line' id='line_1_63' title="bbox 444 5591 2006 5663; baseline -0.005 -8"><span class='ocrx_word' id='word_1_440' title='bbox 444 5608 645 5655; x_wconf 80' lang='lat' dir='ltr'><strong>matres</strong></span> <span class='ocrx_word' id='word_1_441' title='bbox 673 5597 1037 5661; x_wconf 82' lang='lat' dir='ltr'><strong>obtruncant,</strong></span> <span class='ocrx_word' id='word_1_442' title='bbox 1063 5593 1318 5663; x_wconf 69' lang='lat' dir='ltr'><strong>caadeque</strong></span> <span class='ocrx_word' id='word_1_443' title='bbox 1352 5592 1611 5663; x_wconf 71' lang='lat' dir='ltr'><strong>ﬂagitium</strong></span> <span class='ocrx_word' id='word_1_444' title='bbox 1641 5591 2006 5661; x_wconf 90' lang='lat' dir='ltr'><strong>supprimunt.</strong></span> 
     </span>
    </p>
   </div>
   <div class='ocr_carea' id='block_1_64' title="bbox 442 5682 2019 5759">
    <p class='ocr_par' dir='ltr' id='par_1_64' title="bbox 442 5682 2019 5759">
     <span class='ocr_line' id='line_1_64' title="bbox 442 5682 2019 5759; baseline -0.006 -14"><span class='ocrx_word' id='word_1_445' title='bbox 442 5691 573 5759; x_wconf 69' lang='lat' dir='ltr'><strong>Qua:</strong></span> <span class='ocrx_word' id='word_1_446' title='bbox 605 5689 701 5744; x_wconf 86' lang='lat' dir='ltr'><strong>fati</strong></span> <span class='ocrx_word' id='word_1_447' title='bbox 743 5687 983 5758; x_wconf 89' lang='lat' dir='ltr'><strong>potentia</strong></span> <span class='ocrx_word' id='word_1_448' title='bbox 1030 5687 1082 5741; x_wconf 91' lang='lat' dir='ltr'><strong>in</strong></span> <span class='ocrx_word' id='word_1_449' title='bbox 1129 5686 1215 5741; x_wconf 92' lang='lat' dir='ltr'><strong>bis</strong></span> <span class='ocrx_word' id='word_1_450' title='bbox 1245 5684 1458 5739; x_wconf 87' lang='lat' dir='ltr'><strong>enitet?</strong></span> <span class='ocrx_word' id='word_1_451' title='bbox 1492 5699 1561 5737; x_wconf 88' lang='lat' dir='ltr'><strong>an</strong></span> <span class='ocrx_word' id='word_1_452' title='bbox 1611 5682 1734 5736; x_wconf 87' lang='lat' dir='ltr'><strong>istis</strong></span> <span class='ocrx_word' id='word_1_453' title='bbox 1763 5698 1916 5752; x_wconf 68' lang='lat' dir='ltr'><strong>teque</strong></span> <span class='ocrx_word' id='word_1_454' title='bbox 1946 5698 2019 5736; x_wconf 84' lang='lat' dir='ltr'><strong>ae-</strong></span> 
     </span>
    </p>
   </div>
   <div class='ocr_carea' id='block_1_65' title="bbox 440 5774 2009 5850">
    <p class='ocr_par' dir='ltr' id='par_1_65' title="bbox 440 5774 2009 5850">
     <span class='ocr_line' id='line_1_65' title="bbox 440 5774 2009 5850; baseline -0.006 -9"><span class='ocrx_word' id='word_1_455' title='bbox 440 5785 550 5848; x_wconf 84' lang='lat' dir='ltr'><strong>illis</strong></span> <span class='ocrx_word' id='word_1_456' title='bbox 580 5785 891 5842; x_wconf 84' lang='lat' dir='ltr'><strong>diuturnam</strong></span> <span class='ocrx_word' id='word_1_457' title='bbox 920 5780 1085 5841; x_wconf 83' lang='lat' dir='ltr'><strong>vitam</strong></span> <span class='ocrx_word' id='word_1_458' title='bbox 1116 5779 1245 5835; x_wconf 88' lang='lat' dir='ltr'><strong>dare</strong></span> <span class='ocrx_word' id='word_1_459' title='bbox 1276 5793 1383 5837; x_wconf 90' lang='lat' dir='ltr'><strong>non</strong></span> <span class='ocrx_word' id='word_1_460' title='bbox 1416 5775 1644 5850; x_wconf 85' lang='lat' dir='ltr'><strong>potest?</strong></span> <span class='ocrx_word' id='word_1_461' title='bbox 1673 5774 1727 5831; x_wconf 89' lang='lat' dir='ltr'><strong>Si</strong></span> <span class='ocrx_word' id='word_1_462' title='bbox 1762 5774 2009 5833; x_wconf 80' lang='lat' dir='ltr'><strong>asséi&#39;itis</strong></span> 
     </span>
    </p>
   </div>
   <div class='ocr_carea' id='block_1_66' title="bbox 2048 4537 2092 4591">
    <p class='ocr_par' dir='ltr' id='par_1_66' title="bbox 2048 4537 2092 4591">
     <span class='ocr_line' id='line_1_66' title="bbox 2048 4537 2092 4591; baseline 0 0"><span class='ocrx_word' id='word_1_463' title='bbox 2048 4537 2092 4591; x_wconf 88' lang='lat' dir='ltr'><strong>D</strong></span> 
     </span>
    </p>
   </div>
   <div class='ocr_carea' id='block_1_67' title="bbox 2133 567 3710 640">
    <p class='ocr_par' dir='ltr' id='par_1_67' title="bbox 2133 567 3710 640">
     <span class='ocr_line' id='line_1_67' title="bbox 2133 567 3710 640; baseline 0.005 -18"><span class='ocrx_word' id='word_1_464' title='bbox 2133 568 2342 639; x_wconf 81' lang='grc' dir='ltr'>ξήσεως</span> <span class='ocrx_word' id='word_1_465' title='bbox 2390 569 2448 620; x_wconf 78' lang='grc' dir='ltr'>ἐν</span> <span class='ocrx_word' id='word_1_466' title='bbox 2491 570 2555 638; x_wconf 83' lang='grc' dir='ltr'><strong>τῇ</strong></span> <span class='ocrx_word' id='word_1_467' title='bbox 2592 567 2751 637; x_wconf 85' lang='grc' dir='ltr'>φύσει</span> <span class='ocrx_word' id='word_1_468' title='bbox 2781 568 3095 639; x_wconf 84' lang='grc' dir='ltr'>κινούμενος</span> <span class='ocrx_word' id='word_1_469' title='bbox 3128 569 3272 640; x_wconf 72' lang='grc' dir='ltr'>(ἐπεὶ</span> <span class='ocrx_word' id='word_1_470' title='bbox 3304 571 3397 625; x_wconf 74' lang='grc' dir='ltr'><strong>καὶ</strong></span> <span class='ocrx_word' id='word_1_471' title='bbox 3426 572 3584 629; x_wconf 83' lang='grc' dir='ltr'>τοῦτο</span> <span class='ocrx_word' id='word_1_472' title='bbox 3626 594 3710 630; x_wconf 86' lang='grc' dir='ltr'>κι-</span> 
     </span>
    </p>
   </div>
   <div class='ocr_carea' id='block_1_68' title="bbox 2132 656 3711 735">
    <p class='ocr_par' dir='ltr' id='par_1_68' title="bbox 2132 656 3711 735">
     <span class='ocr_line' id='line_1_68' title="bbox 2132 656 3711 735; baseline 0.004 -22"><span class='ocrx_word' id='word_1_473' title='bbox 2132 661 2339 731; x_wconf 89' lang='grc' dir='ltr'>νήσεως</span> <span class='ocrx_word' id='word_1_474' title='bbox 2364 656 2507 723; x_wconf 82' lang='grc' dir='ltr'>εἶδός</span> <span class='ocrx_word' id='word_1_475' title='bbox 2529 659 2670 731; x_wconf 75' lang='grc' dir='ltr'>ἐστι)</span> <span class='ocrx_word' id='word_1_476' title='bbox 2695 677 2709 690; x_wconf 88' lang='grc'><strong>·</strong></span> <span class='ocrx_word' id='word_1_477' title='bbox 2746 660 2808 713; x_wconf 80' lang='grc' dir='ltr'>τό</span> <span class='ocrx_word' id='word_1_478' title='bbox 2839 678 2897 713; x_wconf 90' lang='grc' dir='ltr'><strong>τε</strong></span> <span class='ocrx_word' id='word_1_479' title='bbox 2926 662 3123 732; x_wconf 85' lang='grc' dir='ltr'><strong>ἄστρον</strong></span> <span class='ocrx_word' id='word_1_480' title='bbox 3145 662 3239 716; x_wconf 78' lang='grc' dir='ltr'><strong>καὶ</strong></span> <span class='ocrx_word' id='word_1_481' title='bbox 3269 663 3375 735; x_wconf 81' lang='grc' dir='ltr'>πρὸ</span> <span class='ocrx_word' id='word_1_482' title='bbox 3396 664 3489 718; x_wconf 80' lang='grc' dir='ltr'>τοῦ</span> <span class='ocrx_word' id='word_1_483' title='bbox 3511 666 3599 719; x_wconf 85' lang='grc' dir='ltr'><strong>τὸν</strong></span> <span class='ocrx_word' id='word_1_484' title='bbox 3616 668 3711 721; x_wconf 85' lang='grc' dir='ltr'>ἀν·-</span> 
     </span>
    </p>
   </div>
   <div class='ocr_carea' id='block_1_69' title="bbox 2132 747 3697 822">
    <p class='ocr_par' dir='ltr' id='par_1_69' title="bbox 2132 747 3697 822">
     <span class='ocr_line' id='line_1_69' title="bbox 2132 747 3697 822; baseline 0.003 -20"><span class='ocrx_word' id='word_1_485' title='bbox 2132 749 2349 820; x_wconf 88' lang='grc' dir='ltr'>θρωπον</span> <span class='ocrx_word' id='word_1_486' title='bbox 2369 747 2463 802; x_wconf 80' lang='grc' dir='ltr'>τοῦ</span> <span class='ocrx_word' id='word_1_487' title='bbox 2498 748 2658 820; x_wconf 84' lang='grc' dir='ltr'>ἀέρος</span> <span class='ocrx_word' id='word_1_488' title='bbox 2684 750 2887 802; x_wconf 84' lang='grc' dir='ltr'>σπᾶσαι</span> <span class='ocrx_word' id='word_1_489' title='bbox 2907 788 2922 813; x_wconf 95' lang='grc'><strong>,</strong></span> <span class='ocrx_word' id='word_1_490' title='bbox 2955 750 3176 820; x_wconf 81' lang='grc' dir='ltr'>φέρεται</span> <span class='ocrx_word' id='word_1_491' title='bbox 3208 752 3303 805; x_wconf 78' lang='grc' dir='ltr'><strong>καὶ</strong></span> <span class='ocrx_word' id='word_1_492' title='bbox 3331 752 3428 822; x_wconf 81' lang='grc' dir='ltr'>οὐχ</span> <span class='ocrx_word' id='word_1_493' title='bbox 3458 753 3697 808; x_wconf 75' lang='grc' dir='ltr'>ἵσταταιο</span> 
     </span>
    </p>
   </div>
   <div class='ocr_carea' id='block_1_70' title="bbox 2130 836 3695 916">
    <p class='ocr_par' dir='ltr' id='par_1_70' title="bbox 2130 836 3695 916">
     <span class='ocr_line' id='line_1_70' title="bbox 2130 836 3695 916; baseline 0.003 -23"><span class='ocrx_word' id='word_1_494' title='bbox 2130 840 2165 910; x_wconf 80' lang='grc' dir='ltr'>ἦ</span> <span class='ocrx_word' id='word_1_495' title='bbox 2198 857 2255 893; x_wconf 88' lang='grc' dir='ltr'><strong>τε</strong></span> <span class='ocrx_word' id='word_1_496' title='bbox 2290 841 2547 910; x_wconf 78' lang='grc' dir='ltr'><strong>συντυχία</strong></span> <span class='ocrx_word' id='word_1_497' title='bbox 2573 841 2712 895; x_wconf 88' lang='grc' dir='ltr'><strong>κατά</strong></span> <span class='ocrx_word' id='word_1_498' title='bbox 2750 841 2812 895; x_wconf 79' lang='grc' dir='ltr'><strong>τὸ</strong></span> <span class='ocrx_word' id='word_1_499' title='bbox 2843 836 2958 894; x_wconf 76' lang='grc' dir='ltr'>ἴσον</span> <span class='ocrx_word' id='word_1_500' title='bbox 2986 842 3095 896; x_wconf 86' lang='grc' dir='ltr'><strong>τῶν</strong></span> <span class='ocrx_word' id='word_1_501' title='bbox 3122 843 3210 896; x_wconf 90' lang='grc' dir='ltr'><strong>διά</strong></span> <span class='ocrx_word' id='word_1_502' title='bbox 3244 845 3509 915; x_wconf 88' lang='grc' dir='ltr'>κινήσεως</span> <span class='ocrx_word' id='word_1_503' title='bbox 3544 846 3695 916; x_wconf 83' lang='grc' dir='ltr'>ἀλλή-</span> 
     </span>
    </p>
   </div>
   <div class='ocr_carea' id='block_1_71' title="bbox 2130 930 3711 1010">
    <p class='ocr_par' dir='ltr' id='par_1_71' title="bbox 2130 930 3711 1010">
     <span class='ocr_line' id='line_1_71' title="bbox 2130 930 3711 1010; baseline 0.006 -27"><span class='ocrx_word' id='word_1_504' title='bbox 2130 930 2242 995; x_wconf 87' lang='grc' dir='ltr'>λοις</span> <span class='ocrx_word' id='word_1_505' title='bbox 2273 933 2743 1002; x_wconf 86' lang='grc' dir='ltr'>συντυγχανὸντων</span> <span class='ocrx_word' id='word_1_506' title='bbox 2766 973 2782 999; x_wconf 85' lang='grc'><strong>,</strong></span> <span class='ocrx_word' id='word_1_507' title='bbox 2820 931 3023 1006; x_wconf 81' lang='grc' dir='ltr'>ἄπορον</span> <span class='ocrx_word' id='word_1_508' title='bbox 3060 937 3205 987; x_wconf 88' lang='grc' dir='ltr'>ποιεῖ</span> <span class='ocrx_word' id='word_1_509' title='bbox 3234 935 3325 988; x_wconf 80' lang='grc' dir='ltr'>τοῦ</span> <span class='ocrx_word' id='word_1_510' title='bbox 3367 940 3711 1010; x_wconf 85' lang='grc' dir='ltr'>προηγουμέ-</span> 
     </span>
    </p>
   </div>
   <div class='ocr_carea' id='block_1_72' title="bbox 2131 1024 3707 1097">
    <p class='ocr_par' dir='ltr' id='par_1_72' title="bbox 2131 1024 3707 1097">
     <span class='ocr_line' id='line_1_72' title="bbox 2131 1024 3707 1097; baseline 0.006 -21"><span class='ocrx_word' id='word_1_511' title='bbox 2131 1042 2222 1077; x_wconf 90' lang='grc' dir='ltr'><strong>νου</strong></span> <span class='ocrx_word' id='word_1_512' title='bbox 2253 1024 2352 1095; x_wconf 78' lang='grc' dir='ltr'>τὴν</span> <span class='ocrx_word' id='word_1_513' title='bbox 2386 1026 2584 1096; x_wconf 83' lang='grc' dir='ltr'>κρίσιν.</span> <span class='ocrx_word' id='word_1_514' title='bbox 2613 1026 2722 1079; x_wconf 73' lang='grc' dir='ltr'><strong>Καὶ</strong></span> <span class='ocrx_word' id='word_1_515' title='bbox 2770 1027 2877 1097; x_wconf 83' lang='grc' dir='ltr'>γὰρ</span> <span class='ocrx_word' id='word_1_516' title='bbox 2915 1029 3144 1081; x_wconf 87' lang='grc' dir='ltr'>κάκεῖνα</span> <span class='ocrx_word' id='word_1_517' title='bbox 3190 1032 3417 1084; x_wconf 80' lang='grc' dir='ltr'>κινεῖται</span> <span class='ocrx_word' id='word_1_518' title='bbox 3456 1030 3544 1085; x_wconf 81' lang='grc' dir='ltr'><strong>διὰ</strong></span> <span class='ocrx_word' id='word_1_519' title='bbox 3600 1029 3707 1085; x_wconf 88' lang='grc' dir='ltr'><strong>τῶν</strong></span> 
     </span>
    </p>
   </div>
   <div class='ocr_carea' id='block_1_73' title="bbox 2131 1115 3760 1194">
    <p class='ocr_par' dir='ltr' id='par_1_73' title="bbox 2131 1115 3760 1194">
     <span class='ocr_line' id='line_1_73' title="bbox 2131 1115 3760 1194; baseline 0.007 -27"><span class='ocrx_word' id='word_1_520' title='bbox 2131 1115 2378 1177; x_wconf 85' lang='grc' dir='ltr'>κύκλων,</span> <span class='ocrx_word' id='word_1_521' title='bbox 2410 1117 2504 1169; x_wconf 69' lang='grc' dir='ltr'><strong>καὶ</strong></span> <span class='ocrx_word' id='word_1_522' title='bbox 2542 1116 2699 1171; x_wconf 78' lang='grc' dir='ltr'>τοῦτο</span> <span class='ocrx_word' id='word_1_523' title='bbox 2736 1118 2823 1171; x_wconf 77' lang='grc' dir='ltr'>διὰ</span> <span class='ocrx_word' id='word_1_524' title='bbox 2855 1120 2953 1189; x_wconf 84' lang='grc' dir='ltr'><strong>τῆς</strong></span> <span class='ocrx_word' id='word_1_525' title='bbox 2996 1120 3210 1190; x_wconf 84' lang='grc' dir='ltr'>φύσεως</span> <span class='ocrx_word' id='word_1_526' title='bbox 3249 1120 3431 1176; x_wconf 82' lang='grc' dir='ltr'><strong>ὁδεῦον</strong></span> <span class='ocrx_word' id='word_1_527' title='bbox 3462 1125 3703 1194; x_wconf 72' lang='grc' dir='ltr'>φέρεται.</span> <span class='ocrx_word' id='word_1_528' title='bbox 3732 1156 3760 1169; x_wconf 72' lang='grc' dir='ltr'><strong><em>συ</em></strong></span> 
     </span>
    </p>
   </div>
   <div class='ocr_carea' id='block_1_74' title="bbox 2133 1205 3705 1285">
    <p class='ocr_par' dir='ltr' id='par_1_74' title="bbox 2133 1205 3705 1285">
     <span class='ocr_line' id='line_1_74' title="bbox 2133 1205 3705 1285; baseline 0.005 -26"><span class='ocrx_word' id='word_1_529' title='bbox 2133 1205 2194 1260; x_wconf 80' lang='lat' dir='ltr'><strong>El</strong></span> <span class='ocrx_word' id='word_1_530' title='bbox 2216 1206 2273 1259; x_wconf 84' lang='grc' dir='ltr'>δὲ</span> <span class='ocrx_word' id='word_1_531' title='bbox 2304 1208 2361 1261; x_wconf 82' lang='grc' dir='ltr'>ὲν</span> <span class='ocrx_word' id='word_1_532' title='bbox 2390 1208 2470 1260; x_wconf 78' lang='grc' dir='ltr'>ἑνὶ</span> <span class='ocrx_word' id='word_1_533' title='bbox 2499 1208 2653 1278; x_wconf 83' lang='grc' dir='ltr'><strong>μέρει</strong></span> <span class='ocrx_word' id='word_1_534' title='bbox 2684 1209 2778 1262; x_wconf 84' lang='grc' dir='ltr'>τοῦ</span> <span class='ocrx_word' id='word_1_535' title='bbox 2809 1211 2997 1281; x_wconf 78' lang='grc' dir='ltr'>χρόνου</span> <span class='ocrx_word' id='word_1_536' title='bbox 3030 1211 3359 1282; x_wconf 78' lang='grc' dir='ltr'><strong>ἀμφοτέροις</strong></span> <span class='ocrx_word' id='word_1_537' title='bbox 3382 1215 3415 1283; x_wconf 89' lang='grc' dir='ltr'><strong>ή</strong></span> <span class='ocrx_word' id='word_1_538' title='bbox 3445 1214 3580 1285; x_wconf 84' lang='grc' dir='ltr'>πρὸς</span> <span class='ocrx_word' id='word_1_539' title='bbox 3610 1214 3705 1267; x_wconf 89' lang='grc' dir='ltr'>ἀλ-</span> 
     </span>
    </p>
   </div>
   <div class='ocr_carea' id='block_1_75' title="bbox 2130 1298 3701 1374">
    <p class='ocr_par' dir='ltr' id='par_1_75' title="bbox 2130 1298 3701 1374">
     <span class='ocr_line' id='line_1_75' title="bbox 2130 1298 3701 1374; baseline 0.006 -24"><span class='ocrx_word' id='word_1_540' title='bbox 2130 1298 2323 1369; x_wconf 83' lang='grc' dir='ltr'>λήλους</span> <span class='ocrx_word' id='word_1_541' title='bbox 2358 1300 2570 1364; x_wconf 82' lang='grc' dir='ltr'>σύνοδος</span> <span class='ocrx_word' id='word_1_542' title='bbox 2611 1301 2820 1369; x_wconf 88' lang='grc' dir='ltr'>γίνεται</span> <span class='ocrx_word' id='word_1_543' title='bbox 2846 1341 2861 1367; x_wconf 97' lang='grc'><strong>,</strong></span> <span class='ocrx_word' id='word_1_544' title='bbox 2910 1302 2994 1365; x_wconf 87' lang='grc' dir='ltr'><strong>τίς</strong></span> <span class='ocrx_word' id='word_1_545' title='bbox 3026 1305 3059 1373; x_wconf 86' lang='grc' dir='ltr'><strong>ή</strong></span> <span class='ocrx_word' id='word_1_546' title='bbox 3097 1303 3233 1374; x_wconf 81' lang='grc' dir='ltr'>πρὸς</span> <span class='ocrx_word' id='word_1_547' title='bbox 3266 1304 3469 1373; x_wconf 81' lang='grc' dir='ltr'>ἄλληλα</span> <span class='ocrx_word' id='word_1_548' title='bbox 3500 1306 3701 1359; x_wconf 83' lang='grc' dir='ltr'>τούτων</span> 
     </span>
    </p>
   </div>
   <div class='ocr_carea' id='block_1_76' title="bbox 2129 1392 3698 1467">
    <p class='ocr_par' dir='ltr' id='par_1_76' title="bbox 2129 1392 3698 1467">
     <span class='ocr_line' id='line_1_76' title="bbox 2129 1392 3698 1467; baseline 0.003 -22"><span class='ocrx_word' id='word_1_549' title='bbox 2129 1392 2361 1464; x_wconf 79' lang='grc' dir='ltr'>διαφορά</span> <span class='ocrx_word' id='word_1_550' title='bbox 2380 1433 2394 1455; x_wconf 86' lang='grc'><strong>,</strong></span> <span class='ocrx_word' id='word_1_551' title='bbox 2421 1392 2560 1447; x_wconf 84' lang='grc' dir='ltr'>ὥστε</span> <span class='ocrx_word' id='word_1_552' title='bbox 2586 1393 2678 1447; x_wconf 80' lang='grc' dir='ltr'>τοῦ</span> <span class='ocrx_word' id='word_1_553' title='bbox 2726 1394 2910 1466; x_wconf 80' lang='grc' dir='ltr'>ἑτέρου</span> <span class='ocrx_word' id='word_1_554' title='bbox 2936 1394 2997 1446; x_wconf 85' lang='grc' dir='ltr'><strong>τὸ</strong></span> <span class='ocrx_word' id='word_1_555' title='bbox 3042 1395 3227 1465; x_wconf 76' lang='grc' dir='ltr'>ἕτερον</span> <span class='ocrx_word' id='word_1_556' title='bbox 3254 1394 3567 1467; x_wconf 74' lang='grc' dir='ltr'>αἰτιώτερον</span> <span class='ocrx_word' id='word_1_557' title='bbox 3599 1397 3698 1450; x_wconf 78' lang='grc' dir='ltr'>οἴε-</span> 
     </span>
    </p>
   </div>
   <div class='ocr_carea' id='block_1_77' title="bbox 2133 1484 3697 1557">
    <p class='ocr_par' dir='ltr' id='par_1_77' title="bbox 2133 1484 3697 1557">
     <span class='ocr_line' id='line_1_77' title="bbox 2133 1484 3697 1557; baseline 0.003 -20"><span class='ocrx_word' id='word_1_558' title='bbox 2133 1484 2290 1551; x_wconf 85' lang='grc' dir='ltr'>σθαι;</span> <span class='ocrx_word' id='word_1_559' title='bbox 2323 1487 2385 1538; x_wconf 85' lang='grc' dir='ltr'>Εί</span> <span class='ocrx_word' id='word_1_560' title='bbox 2413 1485 2521 1557; x_wconf 88' lang='grc' dir='ltr'><strong>γάρ</strong></span> <span class='ocrx_word' id='word_1_561' title='bbox 2550 1485 2637 1538; x_wconf 87' lang='grc' dir='ltr'><strong>διὰ</strong></span> <span class='ocrx_word' id='word_1_562' title='bbox 2664 1485 2732 1538; x_wconf 80' lang='grc' dir='ltr'><strong>τά</strong></span> <span class='ocrx_word' id='word_1_563' title='bbox 2765 1486 2939 1556; x_wconf 82' lang='grc' dir='ltr'>ἄστρα</span> <span class='ocrx_word' id='word_1_564' title='bbox 2971 1488 2999 1537; x_wconf 85' lang='grc' dir='ltr'>ὁ</span> <span class='ocrx_word' id='word_1_565' title='bbox 3025 1484 3337 1555; x_wconf 79' lang='grc' dir='ltr'>ἄνθρωπος,</span> <span class='ocrx_word' id='word_1_566' title='bbox 3372 1487 3601 1541; x_wconf 83' lang='grc' dir='ltr'>πάντοτε</span> <span class='ocrx_word' id='word_1_567' title='bbox 3631 1488 3697 1542; x_wconf 81' lang='grc' dir='ltr'>ἂν</span> 
     </span>
    </p>
   </div>
   <div class='ocr_carea' id='block_1_78' title="bbox 2129 1573 3703 1646">
    <p class='ocr_par' dir='ltr' id='par_1_78' title="bbox 2129 1573 3703 1646">
     <span class='ocr_line' id='line_1_78' title="bbox 2129 1573 3703 1646; baseline 0.001 -19"><span class='ocrx_word' id='word_1_568' title='bbox 2129 1574 2277 1646; x_wconf 72' lang='grc' dir='ltr'>ἔρρει</span> <span class='ocrx_word' id='word_1_569' title='bbox 2304 1576 2336 1645; x_wconf 89' lang='grc' dir='ltr'><strong>ή</strong></span> <span class='ocrx_word' id='word_1_570' title='bbox 2365 1575 2525 1645; x_wconf 82' lang='grc' dir='ltr'>φύσις</span> <span class='ocrx_word' id='word_1_571' title='bbox 2552 1574 2639 1628; x_wconf 85' lang='grc' dir='ltr'>διὰ</span> <span class='ocrx_word' id='word_1_572' title='bbox 2665 1575 2986 1645; x_wconf 78' lang='grc' dir='ltr'>γεννήσεως,</span> <span class='ocrx_word' id='word_1_573' title='bbox 3021 1573 3139 1627; x_wconf 75' lang='grc' dir='ltr'>οὐδὲ</span> <span class='ocrx_word' id='word_1_574' title='bbox 3178 1576 3234 1627; x_wconf 77' lang='grc' dir='ltr'>ἐν</span> <span class='ocrx_word' id='word_1_575' title='bbox 3262 1575 3460 1645; x_wconf 84' lang='grc' dir='ltr'>ἀκαρεί</span> <span class='ocrx_word' id='word_1_576' title='bbox 3503 1593 3555 1627; x_wconf 92' lang='grc' dir='ltr'><strong>τι</strong></span> <span class='ocrx_word' id='word_1_577' title='bbox 3589 1576 3703 1629; x_wconf 81' lang='grc' dir='ltr'>διά-</span> 
     </span>
    </p>
   </div>
   <div class='ocr_carea' id='block_1_79' title="bbox 2129 1666 3700 1738">
    <p class='ocr_par' dir='ltr' id='par_1_79' title="bbox 2129 1666 3700 1738">
     <span class='ocr_line' id='line_1_79' title="bbox 2129 1666 3700 1738; baseline 0.001 -19"><span class='ocrx_word' id='word_1_578' title='bbox 2129 1666 2335 1737; x_wconf 84' lang='grc' dir='ltr'>λειμμα</span> <span class='ocrx_word' id='word_1_579' title='bbox 2368 1667 2469 1737; x_wconf 78' lang='grc' dir='ltr'>τῆς</span> <span class='ocrx_word' id='word_1_580' title='bbox 2507 1666 2853 1738; x_wconf 83' lang='grc' dir='ltr'>ἀνθρωπίνης</span> <span class='ocrx_word' id='word_1_581' title='bbox 2896 1666 3129 1736; x_wconf 78' lang='grc' dir='ltr'>παρόδου</span> <span class='ocrx_word' id='word_1_582' title='bbox 3164 1666 3594 1720; x_wconf 78' lang='grc' dir='ltr'>ἐπιδεικνύουσα.</span> <span class='ocrx_word' id='word_1_583' title='bbox 3638 1670 3700 1721; x_wconf 85' lang='grc' dir='ltr'><strong>Εἰ</strong></span> 
     </span>
    </p>
   </div>
   <div class='ocr_carea' id='block_1_80' title="bbox 2127 1757 3701 1828">
    <p class='ocr_par' dir='ltr' id='par_1_80' title="bbox 2127 1757 3701 1828">
     <span class='ocr_line' id='line_1_80' title="bbox 2127 1757 3701 1828; baseline 0 -16"><span class='ocrx_word' id='word_1_584' title='bbox 2127 1759 2185 1813; x_wconf 79' lang='grc' dir='ltr'>δὲ</span> <span class='ocrx_word' id='word_1_585' title='bbox 2217 1760 2407 1812; x_wconf 79' lang='grc' dir='ltr'>πολλαὶ</span> <span class='ocrx_word' id='word_1_586' title='bbox 2440 1758 2549 1811; x_wconf 89' lang='grc' dir='ltr'><strong>τῶν</strong></span> <span class='ocrx_word' id='word_1_587' title='bbox 2579 1758 2871 1828; x_wconf 77' lang='grc' dir='ltr'>γινομένων</span> <span class='ocrx_word' id='word_1_588' title='bbox 2900 1759 2953 1811; x_wconf 88' lang='grc' dir='ltr'><strong>αί</strong></span> <span class='ocrx_word' id='word_1_589' title='bbox 2988 1757 3191 1828; x_wconf 79' lang='grc' dir='ltr'>μεταξὺ</span> <span class='ocrx_word' id='word_1_590' title='bbox 3224 1758 3534 1822; x_wconf 76' lang='grc' dir='ltr'>διαστάσεις</span> <span class='ocrx_word' id='word_1_591' title='bbox 3559 1800 3572 1821; x_wconf 89' lang='grc'><strong>,</strong></span> <span class='ocrx_word' id='word_1_592' title='bbox 3607 1777 3701 1813; x_wconf 89' lang='grc' dir='ltr'>σα-</span> 
     </span>
    </p>
   </div>
   <div class='ocr_carea' id='block_1_81' title="bbox 2130 1848 3699 1921">
    <p class='ocr_par' dir='ltr' id='par_1_81' title="bbox 2130 1848 3699 1921">
     <span class='ocr_line' id='line_1_81' title="bbox 2130 1848 3699 1921; baseline 0.001 -19"><span class='ocrx_word' id='word_1_593' title='bbox 2130 1849 2244 1918; x_wconf 83' lang='grc' dir='ltr'><strong>φῶς</strong></span> <span class='ocrx_word' id='word_1_594' title='bbox 2280 1849 2657 1903; x_wconf 74' lang='grc' dir='ltr'>ἀποδείκνυται</span> <span class='ocrx_word' id='word_1_595' title='bbox 2685 1849 2766 1912; x_wconf 85' lang='grc' dir='ltr'><strong>τὸ,</strong></span> <span class='ocrx_word' id='word_1_596' title='bbox 2797 1848 2872 1919; x_wconf 85' lang='grc' dir='ltr'>μὴ</span> <span class='ocrx_word' id='word_1_597' title='bbox 2898 1850 2962 1919; x_wconf 82' lang='grc' dir='ltr'>τῇ</span> <span class='ocrx_word' id='word_1_598' title='bbox 2990 1849 3200 1919; x_wconf 80' lang='grc' dir='ltr'>κινήσει</span> <span class='ocrx_word' id='word_1_599' title='bbox 3233 1848 3341 1902; x_wconf 89' lang='grc' dir='ltr'><strong>τῶν</strong></span> <span class='ocrx_word' id='word_1_600' title='bbox 3370 1849 3582 1920; x_wconf 81' lang='grc' dir='ltr'>ἄστρων</span> <span class='ocrx_word' id='word_1_601' title='bbox 3603 1852 3699 1921; x_wconf 82' lang='grc' dir='ltr'>τὴν</span> 
     </span>
    </p>
   </div>
   <div class='ocr_carea' id='block_1_82' title="bbox 2130 1938 3696 2011">
    <p class='ocr_par' dir='ltr' id='par_1_82' title="bbox 2130 1938 3696 2011">
     <span class='ocr_line' id='line_1_82' title="bbox 2130 1938 3696 2011; baseline 0.001 -17"><span class='ocrx_word' id='word_1_602' title='bbox 2130 1939 2475 2011; x_wconf 82' lang='grc' dir='ltr'>ἀνθρωπίνην</span> <span class='ocrx_word' id='word_1_603' title='bbox 2505 1939 2729 1993; x_wconf 72' lang='grc' dir='ltr'>ἕπεσθαι</span> <span class='ocrx_word' id='word_1_604' title='bbox 2762 1939 2993 2008; x_wconf 81' lang='grc' dir='ltr'>γένεσιν.</span> <span class='ocrx_word' id='word_1_605' title='bbox 3030 1938 3095 1991; x_wconf 85' lang='grc' dir='ltr'><strong>Ἥ</strong></span> <span class='ocrx_word' id='word_1_606' title='bbox 3128 1939 3225 2010; x_wconf 83' lang='grc' dir='ltr'><strong>μὲν</strong></span> <span class='ocrx_word' id='word_1_607' title='bbox 3252 1940 3388 2011; x_wconf 83' lang='grc' dir='ltr'>γάρ,</span> <span class='ocrx_word' id='word_1_608' title='bbox 3418 1941 3506 1995; x_wconf 79' lang='grc' dir='ltr'>ἀεὶ</span> <span class='ocrx_word' id='word_1_609' title='bbox 3533 1944 3696 1995; x_wconf 86' lang='grc' dir='ltr'>κινεῖ-</span> 
     </span>
    </p>
   </div>
   <div class='ocr_carea' id='block_1_83' title="bbox 2127 2027 3693 2103">
    <p class='ocr_par' dir='ltr' id='par_1_83' title="bbox 2127 2027 3693 2103">
     <span class='ocr_line' id='line_1_83' title="bbox 2127 2027 3693 2103; baseline 0.003 -22"><span class='ocrx_word' id='word_1_610' title='bbox 2127 2046 2246 2081; x_wconf 74' lang='grc' dir='ltr'>ταιο</span> <span class='ocrx_word' id='word_1_611' title='bbox 2282 2030 2315 2099; x_wconf 83' lang='grc' dir='ltr'>ἡ</span> <span class='ocrx_word' id='word_1_612' title='bbox 2345 2028 2403 2081; x_wconf 84' lang='grc' dir='ltr'>δὲ</span> <span class='ocrx_word' id='word_1_613' title='bbox 2422 2069 2436 2093; x_wconf 97' lang='grc'><strong>,</strong></span> <span class='ocrx_word' id='word_1_614' title='bbox 2480 2030 2577 2082; x_wconf 83' lang='grc' dir='ltr'><strong>οὐκ</strong></span> <span class='ocrx_word' id='word_1_615' title='bbox 2602 2028 2688 2083; x_wconf 54' lang='grc' dir='ltr'><strong>ἀεὶ¹</strong></span> <span class='ocrx_word' id='word_1_616' title='bbox 2718 2030 2969 2097; x_wconf 82' lang='grc' dir='ltr'>γεννᾶται</span> <span class='ocrx_word' id='word_1_617' title='bbox 2989 2044 3002 2059; x_wconf 64' lang='grc' dir='ltr'>θ</span> <span class='ocrx_word' id='word_1_618' title='bbox 3034 2027 3146 2081; x_wconf 83' lang='grc' dir='ltr'>ἀλλ’</span> <span class='ocrx_word' id='word_1_619' title='bbox 3176 2029 3288 2101; x_wconf 78' lang='grc' dir='ltr'>ἰδίῳ</span> <span class='ocrx_word' id='word_1_620' title='bbox 3310 2032 3465 2083; x_wconf 78' lang='grc' dir='ltr'>τοῦτο</span> <span class='ocrx_word' id='word_1_621' title='bbox 3496 2032 3693 2103; x_wconf 84' lang='grc' dir='ltr'>εἱρμῴ,</span> 
     </span>
    </p>
   </div>
   <div class='ocr_carea' id='block_1_84' title="bbox 2127 2120 3699 2194">
    <p class='ocr_par' dir='ltr' id='par_1_84' title="bbox 2127 2120 3699 2194">
     <span class='ocr_line' id='line_1_84' title="bbox 2127 2120 3699 2194; baseline 0.001 -20"><span class='ocrx_word' id='word_1_622' title='bbox 2127 2124 2348 2175; x_wconf 87' lang='grc' dir='ltr'>κάκεῖνο</span> <span class='ocrx_word' id='word_1_623' title='bbox 2384 2120 2545 2175; x_wconf 86' lang='grc' dir='ltr'>πάλιν</span> <span class='ocrx_word' id='word_1_624' title='bbox 2578 2121 2883 2185; x_wconf 75' lang='grc' dir='ltr'>ἰδιαζόντως</span> <span class='ocrx_word' id='word_1_625' title='bbox 2926 2123 3009 2190; x_wconf 80' lang='grc' dir='ltr'><strong>ἐφ’</strong></span> <span class='ocrx_word' id='word_1_626' title='bbox 3034 2120 3227 2174; x_wconf 79' lang='grc' dir='ltr'>ἑαυτοῦ</span> <span class='ocrx_word' id='word_1_627' title='bbox 3257 2122 3479 2194; x_wconf 78' lang='grc' dir='ltr'>φέρεται</span> <span class='ocrx_word' id='word_1_628' title='bbox 3505 2162 3519 2185; x_wconf 91' lang='grc'><strong>,</strong></span> <span class='ocrx_word' id='word_1_629' title='bbox 3551 2124 3699 2176; x_wconf 83' lang='grc' dir='ltr'>οὐδε-</span> 
     </span>
    </p>
   </div>
   <div class='ocr_carea' id='block_1_85' title="bbox 2130 2211 3698 2285">
    <p class='ocr_par' dir='ltr' id='par_1_85' title="bbox 2130 2211 3698 2285">
     <span class='ocr_line' id='line_1_85' title="bbox 2130 2211 3698 2285; baseline 0.002 -20"><span class='ocrx_word' id='word_1_630' title='bbox 2130 2216 2257 2285; x_wconf 79' lang='grc' dir='ltr'>μιᾶς</span> <span class='ocrx_word' id='word_1_631' title='bbox 2283 2214 2525 2284; x_wconf 76' lang='grc' dir='ltr'>ἀνάγκης</span> <span class='ocrx_word' id='word_1_632' title='bbox 2554 2211 2930 2283; x_wconf 84' lang='grc' dir='ltr'>συναπτούσης</span> <span class='ocrx_word' id='word_1_633' title='bbox 2954 2213 3088 2283; x_wconf 66' lang='grc' dir='ltr'>πρὸς</span> <span class='ocrx_word' id='word_1_634' title='bbox 3113 2213 3315 2283; x_wconf 77' lang='grc' dir='ltr'>ἄλληλα</span> <span class='ocrx_word' id='word_1_635' title='bbox 3345 2214 3410 2266; x_wconf 91' lang='grc' dir='ltr'><strong>τά</strong></span> <span class='ocrx_word' id='word_1_636' title='bbox 3437 2214 3698 2268; x_wconf 81' lang='grc' dir='ltr'>διεστῶτα</span> 
     </span>
    </p>
   </div>
   <div class='ocr_carea' id='block_1_86' title="bbox 2125 2305 3698 2378">
    <p class='ocr_par' dir='ltr' id='par_1_86' title="bbox 2125 2305 3698 2378">
     <span class='ocr_line' id='line_1_86' title="bbox 2125 2305 3698 2378; baseline 0.001 -19"><span class='ocrx_word' id='word_1_637' title='bbox 2125 2309 2191 2378; x_wconf 84' lang='grc' dir='ltr'>τῇ</span> <span class='ocrx_word' id='word_1_638' title='bbox 2226 2306 2414 2375; x_wconf 76' lang='grc' dir='ltr'>φύσειο</span> <span class='ocrx_word' id='word_1_639' title='bbox 2451 2308 2497 2359; x_wconf 91' lang='grc' dir='ltr'>εἰ</span> <span class='ocrx_word' id='word_1_640' title='bbox 2528 2306 2583 2358; x_wconf 82' lang='grc' dir='ltr'>δὲ</span> <span class='ocrx_word' id='word_1_641' title='bbox 2612 2305 2770 2358; x_wconf 83' lang='grc' dir='ltr'>τοῦτο</span> <span class='ocrx_word' id='word_1_642' title='bbox 2816 2307 2845 2357; x_wconf 83' lang='grc' dir='ltr'><strong>ὁ</strong></span> <span class='ocrx_word' id='word_1_643' title='bbox 2884 2305 3147 2377; x_wconf 84' lang='grc' dir='ltr'>ὑμέτερος</span> <span class='ocrx_word' id='word_1_644' title='bbox 3188 2307 3585 2373; x_wconf 79' lang='grc' dir='ltr'>κατασκευάζει</span> <span class='ocrx_word' id='word_1_645' title='bbox 3614 2308 3698 2361; x_wconf 80' lang='grc' dir='ltr'><strong>λό-</strong></span> 
     </span>
    </p>
   </div>
   <div class='ocr_carea' id='block_1_87' title="bbox 2125 2396 3696 2470">
    <p class='ocr_par' dir='ltr' id='par_1_87' title="bbox 2125 2396 3696 2470">
     <span class='ocr_line' id='line_1_87' title="bbox 2125 2396 3696 2470; baseline -0.001 -18"><span class='ocrx_word' id='word_1_646' title='bbox 2125 2415 2220 2467; x_wconf 91' lang='grc' dir='ltr'><strong>γος</strong></span> <span class='ocrx_word' id='word_1_647' title='bbox 2244 2439 2259 2463; x_wconf 91' lang='grc'><strong>,</strong></span> <span class='ocrx_word' id='word_1_648' title='bbox 2287 2398 2348 2452; x_wconf 84' lang='grc' dir='ltr'>τὸ</span> <span class='ocrx_word' id='word_1_649' title='bbox 2384 2398 2469 2451; x_wconf 76' lang='grc' dir='ltr'>ἐπ’</span> <span class='ocrx_word' id='word_1_650' title='bbox 2495 2396 2675 2469; x_wconf 78' lang='grc' dir='ltr'>ἐκείνῃ</span> <span class='ocrx_word' id='word_1_651' title='bbox 2704 2400 2768 2468; x_wconf 80' lang='grc' dir='ltr'>τῇ</span> <span class='ocrx_word' id='word_1_652' title='bbox 2820 2396 2984 2467; x_wconf 75' lang='grc' dir='ltr'>μοίρᾳ</span> <span class='ocrx_word' id='word_1_653' title='bbox 3018 2397 3111 2449; x_wconf 82' lang='grc' dir='ltr'>τοῦ</span> <span class='ocrx_word' id='word_1_654' title='bbox 3151 2400 3341 2467; x_wconf 82' lang='grc' dir='ltr'>χρόνου</span> <span class='ocrx_word' id='word_1_655' title='bbox 3379 2398 3476 2470; x_wconf 82' lang='grc' dir='ltr'>τὴν</span> <span class='ocrx_word' id='word_1_656' title='bbox 3517 2400 3696 2453; x_wconf 83' lang='grc' dir='ltr'>αἰτίαν</span> 
     </span>
    </p>
   </div>
   <div class='ocr_carea' id='block_1_88' title="bbox 2123 2489 3697 2562">
    <p class='ocr_par' dir='ltr' id='par_1_88' title="bbox 2123 2489 3697 2562">
     <span class='ocr_line' id='line_1_88' title="bbox 2123 2489 3697 2562; baseline 0.003 -19"><span class='ocrx_word' id='word_1_657' title='bbox 2123 2492 2232 2544; x_wconf 92' lang='grc' dir='ltr'><strong>τῶν</strong></span> <span class='ocrx_word' id='word_1_658' title='bbox 2262 2490 2401 2544; x_wconf 88' lang='grc' dir='ltr'><strong>κατά</strong></span> <span class='ocrx_word' id='word_1_659' title='bbox 2438 2489 2527 2543; x_wconf 80' lang='grc' dir='ltr'><strong>τὸν</strong></span> <span class='ocrx_word' id='word_1_660' title='bbox 2559 2491 2670 2561; x_wconf 86' lang='grc' dir='ltr'>βίον</span> <span class='ocrx_word' id='word_1_661' title='bbox 2699 2491 2953 2544; x_wconf 86' lang='grc' dir='ltr'>ἀπάντων</span> <span class='ocrx_word' id='word_1_662' title='bbox 2984 2491 3194 2544; x_wconf 84' lang='grc' dir='ltr'>κεῖσθαι</span> <span class='ocrx_word' id='word_1_663' title='bbox 3215 2534 3229 2557; x_wconf 92' lang='grc'><strong>,</strong></span> <span class='ocrx_word' id='word_1_664' title='bbox 3270 2492 3540 2562; x_wconf 86' lang='grc' dir='ltr'>σκόπησον</span> <span class='ocrx_word' id='word_1_665' title='bbox 3568 2495 3697 2558; x_wconf 82' lang='grc' dir='ltr'>ὅσας</span> 
     </span>
    </p>
   </div>
   <div class='ocr_carea' id='block_1_89' title="bbox 2128 2582 3697 2654">
    <p class='ocr_par' dir='ltr' id='par_1_89' title="bbox 2128 2582 3697 2654">
     <span class='ocr_line' id='line_1_89' title="bbox 2128 2582 3697 2654; baseline 0.004 -21"><span class='ocrx_word' id='word_1_666' title='bbox 2128 2582 2392 2653; x_wconf 79' lang='grc' dir='ltr'>μυριάδας</span> <span class='ocrx_word' id='word_1_667' title='bbox 2418 2582 2689 2635; x_wconf 83' lang='grc' dir='ltr'>δεσποτῶν</span> <span class='ocrx_word' id='word_1_668' title='bbox 2728 2582 2821 2636; x_wconf 77' lang='grc' dir='ltr'><strong>καὶ</strong></span> <span class='ocrx_word' id='word_1_669' title='bbox 2846 2582 3122 2652; x_wconf 88' lang='grc' dir='ltr'>τυράννων</span> <span class='ocrx_word' id='word_1_670' title='bbox 3144 2621 3159 2647; x_wconf 94' lang='grc'><strong>,</strong></span> <span class='ocrx_word' id='word_1_671' title='bbox 3207 2584 3390 2654; x_wconf 81' lang='grc' dir='ltr'>ἡμέρα</span> <span class='ocrx_word' id='word_1_672' title='bbox 3420 2586 3570 2638; x_wconf 83' lang='grc' dir='ltr'>πᾶσα</span> <span class='ocrx_word' id='word_1_673' title='bbox 3603 2587 3697 2639; x_wconf 81' lang='grc' dir='ltr'>καὶ</span> 
     </span>
    </p>
   </div>
   <div class='ocr_carea' id='block_1_90' title="bbox 2123 2672 3696 2748">
    <p class='ocr_par' dir='ltr' id='par_1_90' title="bbox 2123 2672 3696 2748">
     <span class='ocr_line' id='line_1_90' title="bbox 2123 2672 3696 2748; baseline 0.004 -23"><span class='ocrx_word' id='word_1_674' title='bbox 2123 2672 2219 2737; x_wconf 81' lang='grc' dir='ltr'>νὺξ</span> <span class='ocrx_word' id='word_1_675' title='bbox 2264 2673 2525 2737; x_wconf 81' lang='grc' dir='ltr'>ὡσαύτως</span> <span class='ocrx_word' id='word_1_676' title='bbox 2553 2674 2695 2728; x_wconf 82' lang='grc' dir='ltr'>κατὰ</span> <span class='ocrx_word' id='word_1_677' title='bbox 2718 2674 2816 2738; x_wconf 83' lang='grc' dir='ltr'><strong>τὰς</strong></span> <span class='ocrx_word' id='word_1_678' title='bbox 2860 2673 3060 2738; x_wconf 83' lang='grc' dir='ltr'>λεπτὰς</span> <span class='ocrx_word' id='word_1_679' title='bbox 3090 2674 3303 2739; x_wconf 84' lang='grc' dir='ltr'>ὲκείνας</span> <span class='ocrx_word' id='word_1_680' title='bbox 3335 2675 3430 2729; x_wconf 82' lang='grc' dir='ltr'>καὶ</span> <span class='ocrx_word' id='word_1_681' title='bbox 3471 2677 3696 2748; x_wconf 89' lang='grc' dir='ltr'>ἀκαρείς</span> 
     </span>
    </p>
   </div>
   <div class='ocr_carea' id='block_1_91' title="bbox 2122 2763 3697 2841">
    <p class='ocr_par' dir='ltr' id='par_1_91' title="bbox 2122 2763 3697 2841">
     <span class='ocr_line' id='line_1_91' title="bbox 2122 2763 3697 2841; baseline 0.003 -22"><span class='ocrx_word' id='word_1_682' title='bbox 2122 2763 2211 2819; x_wconf 78' lang='grc' dir='ltr'>τοῦ</span> <span class='ocrx_word' id='word_1_683' title='bbox 2250 2765 2441 2837; x_wconf 77' lang='grc' dir='ltr'>χρόνου</span> <span class='ocrx_word' id='word_1_684' title='bbox 2485 2766 2659 2838; x_wconf 70' lang='grc' dir='ltr'>τομὰς</span> <span class='ocrx_word' id='word_1_685' title='bbox 2707 2764 3108 2838; x_wconf 71' lang='grc' dir='ltr'>ἀπεργάζεται·</span> <span class='ocrx_word' id='word_1_686' title='bbox 3154 2768 3231 2834; x_wconf 87' lang='grc' dir='ltr'><strong>είς</strong></span> <span class='ocrx_word' id='word_1_687' title='bbox 3283 2766 3555 2841; x_wconf 76' lang='grc' dir='ltr'>τέσσαρας</span> <span class='ocrx_word' id='word_1_688' title='bbox 3604 2771 3697 2823; x_wconf 74' lang='grc' dir='ltr'><strong>καὶ</strong></span> 
     </span>
    </p>
   </div>
   <div class='ocr_carea' id='block_1_92' title="bbox 2122 2856 3695 2935">
    <p class='ocr_par' dir='ltr' id='par_1_92' title="bbox 2122 2856 3695 2935">
     <span class='ocr_line' id='line_1_92' title="bbox 2122 2856 3695 2935; baseline 0.006 -27"><span class='ocrx_word' id='word_1_689' title='bbox 2122 2856 2324 2910; x_wconf 77' lang='grc' dir='ltr'>εἴκοσιν</span> <span class='ocrx_word' id='word_1_690' title='bbox 2354 2857 2502 2929; x_wconf 82' lang='grc' dir='ltr'>ὥρας</span> <span class='ocrx_word' id='word_1_691' title='bbox 2529 2859 2721 2921; x_wconf 78' lang='grc' dir='ltr'>νυκτὸς</span> <span class='ocrx_word' id='word_1_692' title='bbox 2755 2861 2848 2912; x_wconf 69' lang='grc' dir='ltr'><strong>καὶ</strong></span> <span class='ocrx_word' id='word_1_693' title='bbox 2892 2861 3100 2933; x_wconf 80' lang='grc' dir='ltr'>ἡμέρας</span> <span class='ocrx_word' id='word_1_694' title='bbox 3125 2901 3140 2923; x_wconf 89' lang='grc'><strong>,</strong></span> <span class='ocrx_word' id='word_1_695' title='bbox 3182 2861 3257 2926; x_wconf 86' lang='grc' dir='ltr'><strong>ῶς</strong></span> <span class='ocrx_word' id='word_1_696' title='bbox 3302 2879 3472 2932; x_wconf 87' lang='grc' dir='ltr'>φατε,</span> <span class='ocrx_word' id='word_1_697' title='bbox 3506 2863 3695 2935; x_wconf 83' lang='grc' dir='ltr'>διῃρη-</span> 
     </span>
    </p>
   </div>
   <div class='ocr_carea' id='block_1_93' title="bbox 2125 2950 3691 3028">
    <p class='ocr_par' dir='ltr' id='par_1_93' title="bbox 2125 2950 3691 3028">
     <span class='ocr_line' id='line_1_93' title="bbox 2125 2950 3691 3028; baseline 0.006 -29"><span class='ocrx_word' id='word_1_698' title='bbox 2125 2950 2301 3017; x_wconf 83' lang='grc' dir='ltr'>μένων</span> <span class='ocrx_word' id='word_1_699' title='bbox 2325 2966 2339 2981; x_wconf 88' lang='grc'><strong>·</strong></span> <span class='ocrx_word' id='word_1_700' title='bbox 2377 2950 2609 3021; x_wconf 76' lang='grc' dir='ltr'>ἑκάστης</span> <span class='ocrx_word' id='word_1_701' title='bbox 2649 2950 2700 3003; x_wconf 81' lang='grc' dir='ltr'><strong>δὲ</strong></span> <span class='ocrx_word' id='word_1_702' title='bbox 2735 2950 2913 3021; x_wconf 84' lang='grc' dir='ltr'>ῶρας,</span> <span class='ocrx_word' id='word_1_703' title='bbox 2951 2953 3212 3021; x_wconf 77' lang='grc' dir='ltr'>ἐξήκοντα</span> <span class='ocrx_word' id='word_1_704' title='bbox 3250 2956 3498 3025; x_wconf 85' lang='grc' dir='ltr'>τμήμασι</span> <span class='ocrx_word' id='word_1_705' title='bbox 3535 2974 3691 3028; x_wconf 87' lang='grc' dir='ltr'>μερι-</span> 
     </span>
    </p>
   </div>
   <div class='ocr_carea' id='block_1_94' title="bbox 2122 3038 3691 3113">
    <p class='ocr_par' dir='ltr' id='par_1_94' title="bbox 2122 3038 3691 3113">
     <span class='ocr_line' id='line_1_94' title="bbox 2122 3038 3691 3113; baseline 0.005 -22"><span class='ocrx_word' id='word_1_706' title='bbox 2122 3038 2391 3110; x_wconf 74' lang='grc' dir='ltr'>ξομὲνης·</span> <span class='ocrx_word' id='word_1_707' title='bbox 2439 3041 2601 3093; x_wconf 81' lang='grc' dir='ltr'>πάλιν</span> <span class='ocrx_word' id='word_1_708' title='bbox 2631 3042 2686 3094; x_wconf 79' lang='grc' dir='ltr'>δὲ</span> <span class='ocrx_word' id='word_1_709' title='bbox 2717 3042 2824 3094; x_wconf 89' lang='grc' dir='ltr'><strong>τῶν</strong></span> <span class='ocrx_word' id='word_1_710' title='bbox 2871 3044 3173 3113; x_wconf 86' lang='grc' dir='ltr'>τμημάτων</span> <span class='ocrx_word' id='word_1_711' title='bbox 3222 3045 3424 3097; x_wconf 88' lang='grc' dir='ltr'>τούτων</span> <span class='ocrx_word' id='word_1_712' title='bbox 3464 3047 3691 3099; x_wconf 80' lang='grc' dir='ltr'>ἑκάστου</span> 
     </span>
    </p>
   </div>
   <div class='ocr_carea' id='block_1_95' title="bbox 2122 3130 3694 3205">
    <p class='ocr_par' dir='ltr' id='par_1_95' title="bbox 2122 3130 3694 3205">
     <span class='ocr_line' id='line_1_95' title="bbox 2122 3130 3694 3205; baseline 0.004 -22"><span class='ocrx_word' id='word_1_713' title='bbox 2122 3130 2264 3184; x_wconf 81' lang='grc' dir='ltr'><strong>κατά</strong></span> <span class='ocrx_word' id='word_1_714' title='bbox 2309 3131 2369 3183; x_wconf 89' lang='grc' dir='ltr'><strong>τὸ</strong></span> <span class='ocrx_word' id='word_1_715' title='bbox 2418 3131 2700 3202; x_wconf 77' lang='grc' dir='ltr'>ἰσάριθμον</span> <span class='ocrx_word' id='word_1_716' title='bbox 2746 3131 3247 3205; x_wconf 75' lang='grc' dir='ltr'>κερματιζομένου·</span> <span class='ocrx_word' id='word_1_717' title='bbox 3288 3136 3363 3198; x_wconf 83' lang='grc' dir='ltr'>ὡς</span> <span class='ocrx_word' id='word_1_718' title='bbox 3414 3136 3470 3189; x_wconf 82' lang='grc' dir='ltr'>δέ</span> <span class='ocrx_word' id='word_1_719' title='bbox 3532 3154 3694 3205; x_wconf 76' lang='grc' dir='ltr'>φασιν</span> 
     </span>
    </p>
   </div>
   <div class='ocr_carea' id='block_1_96' title="bbox 2123 3221 3695 3299">
    <p class='ocr_par' dir='ltr' id='par_1_96' title="bbox 2123 3221 3695 3299">
     <span class='ocr_line' id='line_1_96' title="bbox 2123 3221 3695 3299; baseline 0.005 -26"><span class='ocrx_word' id='word_1_720' title='bbox 2123 3221 2276 3292; x_wconf 84' lang='grc' dir='ltr'>ὑμῶν</span> <span class='ocrx_word' id='word_1_721' title='bbox 2298 3223 2347 3274; x_wconf 79' lang='grc' dir='ltr'>οἱ</span> <span class='ocrx_word' id='word_1_722' title='bbox 2377 3224 2455 3285; x_wconf 84' lang='grc' dir='ltr'><strong>εἰς</strong></span> <span class='ocrx_word' id='word_1_723' title='bbox 2478 3223 2575 3293; x_wconf 76' lang='grc' dir='ltr'>τὴν</span> <span class='ocrx_word' id='word_1_724' title='bbox 2595 3222 2921 3294; x_wconf 81' lang='grc' dir='ltr'>λεπτοτέραν</span> <span class='ocrx_word' id='word_1_725' title='bbox 2952 3224 3060 3276; x_wconf 89' lang='grc' dir='ltr'><strong>τῶν</strong></span> <span class='ocrx_word' id='word_1_726' title='bbox 3091 3225 3346 3279; x_wconf 83' lang='grc' dir='ltr'>τοιούτων</span> <span class='ocrx_word' id='word_1_727' title='bbox 3375 3231 3587 3296; x_wconf 80' lang='grc' dir='ltr'>παρατή</span> <span class='ocrx_word' id='word_1_728' title='bbox 3599 3246 3695 3299; x_wconf 83' lang='grc' dir='ltr'>ρη-</span> 
     </span>
    </p>
   </div>
   <div class='ocr_carea' id='block_1_97' title="bbox 2127 3311 3694 3384">
    <p class='ocr_par' dir='ltr' id='par_1_97' title="bbox 2127 3311 3694 3384">
     <span class='ocr_line' id='line_1_97' title="bbox 2127 3311 3694 3384; baseline 0.007 -20"><span class='ocrx_word' id='word_1_729' title='bbox 2127 3329 2211 3365; x_wconf 89' lang='grc' dir='ltr'><strong>σιν</strong></span> <span class='ocrx_word' id='word_1_730' title='bbox 2252 3311 2328 3383; x_wconf 83' lang='grc' dir='ltr'>τῷ</span> <span class='ocrx_word' id='word_1_731' title='bbox 2368 3311 2510 3383; x_wconf 81' lang='grc' dir='ltr'>λόγῳ</span> <span class='ocrx_word' id='word_1_732' title='bbox 2542 3313 2876 3384; x_wconf 87' lang='grc' dir='ltr'>διαδυόμενοι</span> <span class='ocrx_word' id='word_1_733' title='bbox 2901 3356 2917 3381; x_wconf 89' lang='grc'><strong>,</strong></span> <span class='ocrx_word' id='word_1_734' title='bbox 2963 3315 3045 3368; x_wconf 82' lang='grc' dir='ltr'>ὅτι</span> <span class='ocrx_word' id='word_1_735' title='bbox 3091 3317 3183 3369; x_wconf 85' lang='grc' dir='ltr'>καὶ</span> <span class='ocrx_word' id='word_1_736' title='bbox 3237 3316 3436 3372; x_wconf 87' lang='grc' dir='ltr'>τούτων</span> <span class='ocrx_word' id='word_1_737' title='bbox 3468 3319 3694 3375; x_wconf 77' lang='grc' dir='ltr'>ἕκαστον</span> 
     </span>
    </p>
   </div>
   <div class='ocr_carea' id='block_1_98' title="bbox 2125 3405 3694 3482">
    <p class='ocr_par' dir='ltr' id='par_1_98' title="bbox 2125 3405 3694 3482">
     <span class='ocr_line' id='line_1_98' title="bbox 2125 3405 3694 3482; baseline 0.004 -23"><span class='ocrx_word' id='word_1_738' title='bbox 2125 3406 2285 3459; x_wconf 87' lang='grc' dir='ltr'>πάλιν</span> <span class='ocrx_word' id='word_1_739' title='bbox 2316 3405 2424 3459; x_wconf 87' lang='grc' dir='ltr'><strong>τῶν</strong></span> <span class='ocrx_word' id='word_1_740' title='bbox 2458 3406 2762 3476; x_wconf 78' lang='grc' dir='ltr'>λεγομένων</span> <span class='ocrx_word' id='word_1_741' title='bbox 2793 3407 3097 3477; x_wconf 88' lang='grc' dir='ltr'>τμημάτων</span> <span class='ocrx_word' id='word_1_742' title='bbox 3133 3409 3401 3481; x_wconf 84' lang='grc' dir='ltr'>ίσαρίθμῳ</span> <span class='ocrx_word' id='word_1_743' title='bbox 3432 3410 3694 3482; x_wconf 77' lang='grc' dir='ltr'>διαιρέσει</span> 
     </span>
    </p>
   </div>
   <div class='ocr_carea' id='block_1_99' title="bbox 2123 3498 3693 3573">
    <p class='ocr_par' dir='ltr' id='par_1_99' title="bbox 2123 3498 3693 3573">
     <span class='ocr_line' id='line_1_99' title="bbox 2123 3498 3693 3573; baseline 0.004 -23"><span class='ocrx_word' id='word_1_744' title='bbox 2123 3498 2558 3552; x_wconf 84' lang='grc' dir='ltr'>ὲπιλεπτύνεται.</span> <span class='ocrx_word' id='word_1_745' title='bbox 2599 3498 2673 3551; x_wconf 83' lang='grc' dir='ltr'>Τὸ</span> <span class='ocrx_word' id='word_1_746' title='bbox 2720 3498 2898 3551; x_wconf 87' lang='grc' dir='ltr'>τοίνυν</span> <span class='ocrx_word' id='word_1_747' title='bbox 2958 3501 3019 3554; x_wconf 77' lang='grc' dir='ltr'>ὲκ</span> <span class='ocrx_word' id='word_1_748' title='bbox 3063 3500 3269 3554; x_wconf 88' lang='grc' dir='ltr'>τούτων</span> <span class='ocrx_word' id='word_1_749' title='bbox 3312 3501 3693 3573; x_wconf 71' lang='grc' dir='ltr'>ἀθροιζόμενον</span> 
     </span>
    </p>
   </div>
   <div class='ocr_carea' id='block_1_100' title="bbox 2122 3586 3692 3661">
    <p class='ocr_par' dir='ltr' id='par_1_100' title="bbox 2122 3586 3692 3661">
     <span class='ocr_line' id='line_1_100' title="bbox 2122 3586 3692 3661; baseline 0.003 -22"><span class='ocrx_word' id='word_1_750' title='bbox 2122 3587 2324 3657; x_wconf 81' lang='grc' dir='ltr'>πλῆθος</span> <span class='ocrx_word' id='word_1_751' title='bbox 2345 3586 2450 3640; x_wconf 92' lang='grc' dir='ltr'><strong>τῶν</strong></span> <span class='ocrx_word' id='word_1_752' title='bbox 2476 3586 2778 3657; x_wconf 85' lang='grc' dir='ltr'>ἀκαριαίων</span> <span class='ocrx_word' id='word_1_753' title='bbox 2804 3588 3026 3640; x_wconf 76' lang='grc' dir='ltr'>ἐκείνων</span> <span class='ocrx_word' id='word_1_754' title='bbox 3080 3587 3238 3652; x_wconf 89' lang='grc' dir='ltr'>θεῶν,</span> <span class='ocrx_word' id='word_1_755' title='bbox 3271 3588 3304 3660; x_wconf 83' lang='grc' dir='ltr'>ἢ</span> <span class='ocrx_word' id='word_1_756' title='bbox 3332 3590 3625 3653; x_wconf 76' lang='grc' dir='ltr'>δεσποτῶν,</span> <span class='ocrx_word' id='word_1_757' title='bbox 3663 3592 3692 3661; x_wconf 73' lang='grc' dir='ltr'>ἢ</span> 
     </span>
    </p>
   </div>
   <div class='ocr_carea' id='block_1_101' title="bbox 2120 3674 3692 3751">
    <p class='ocr_par' dir='ltr' id='par_1_101' title="bbox 2120 3674 3692 3751">
     <span class='ocr_line' id='line_1_101' title="bbox 2120 3674 3692 3751; baseline 0.001 -20"><span class='ocrx_word' id='word_1_758' title='bbox 2120 3679 2393 3750; x_wconf 83' lang='grc' dir='ltr'>τυράννων</span> <span class='ocrx_word' id='word_1_759' title='bbox 2418 3719 2434 3743; x_wconf 90' lang='grc'><strong>,</strong></span> <span class='ocrx_word' id='word_1_760' title='bbox 2468 3679 2501 3751; x_wconf 83' lang='grc' dir='ltr'>ἢ</span> <span class='ocrx_word' id='word_1_761' title='bbox 2537 3680 2640 3732; x_wconf 79' lang='grc' dir='ltr'><strong>οὐκ</strong></span> <span class='ocrx_word' id='word_1_762' title='bbox 2666 3674 2763 3731; x_wconf 73' lang='grc' dir='ltr'>οἵδ’</span> <span class='ocrx_word' id='word_1_763' title='bbox 2788 3679 2936 3741; x_wconf 83' lang='grc' dir='ltr'>ὅπως</span> <span class='ocrx_word' id='word_1_764' title='bbox 2972 3678 3077 3749; x_wconf 81' lang='grc' dir='ltr'>χρὴ</span> <span class='ocrx_word' id='word_1_765' title='bbox 3108 3679 3287 3747; x_wconf 82' lang='grc' dir='ltr'>λέγειν</span> <span class='ocrx_word' id='word_1_766' title='bbox 3308 3720 3324 3746; x_wconf 86' lang='grc'><strong>,</strong></span> <span class='ocrx_word' id='word_1_767' title='bbox 3359 3684 3487 3749; x_wconf 81' lang='grc' dir='ltr'>μιᾶς</span> <span class='ocrx_word' id='word_1_768' title='bbox 3532 3682 3692 3735; x_wconf 81' lang='grc' dir='ltr'>πλέον</span> 
     </span>
    </p>
   </div>
   <div class='ocr_carea' id='block_1_102' title="bbox 2121 3770 3695 3843">
    <p class='ocr_par' dir='ltr' id='par_1_102' title="bbox 2121 3770 3695 3843">
     <span class='ocr_line' id='line_1_102' title="bbox 2121 3770 3695 3843; baseline 0.003 -20"><span class='ocrx_word' id='word_1_769' title='bbox 2121 3772 2215 3823; x_wconf 73' lang='grc' dir='ltr'><strong>καὶ</strong></span> <span class='ocrx_word' id='word_1_770' title='bbox 2245 3772 2416 3825; x_wconf 81' lang='grc' dir='ltr'>εἴκοσι</span> <span class='ocrx_word' id='word_1_771' title='bbox 2452 3770 2725 3841; x_wconf 78' lang='grc' dir='ltr'>μυριάδων</span> <span class='ocrx_word' id='word_1_772' title='bbox 2756 3770 2923 3823; x_wconf 77' lang='grc' dir='ltr'>ἐστίν.</span> <span class='ocrx_word' id='word_1_773' title='bbox 2964 3772 3026 3823; x_wconf 81' lang='grc' dir='ltr'>Εἰ</span> <span class='ocrx_word' id='word_1_774' title='bbox 3056 3772 3111 3824; x_wconf 80' lang='grc' dir='ltr'><strong>δὲ</strong></span> <span class='ocrx_word' id='word_1_775' title='bbox 3142 3773 3238 3841; x_wconf 83' lang='grc' dir='ltr'><strong>μία</strong></span> <span class='ocrx_word' id='word_1_776' title='bbox 3284 3772 3400 3843; x_wconf 84' lang='grc' dir='ltr'>ὥρα</span> <span class='ocrx_word' id='word_1_777' title='bbox 3428 3774 3695 3835; x_wconf 77' lang='grc' dir='ltr'>τοσαύτας</span> 
     </span>
    </p>
   </div>
   <div class='ocr_carea' id='block_1_103' title="bbox 2123 3862 3695 3935">
    <p class='ocr_par' dir='ltr' id='par_1_103' title="bbox 2123 3862 3695 3935">
     <span class='ocr_line' id='line_1_103' title="bbox 2123 3862 3695 3935; baseline 0.003 -19"><span class='ocrx_word' id='word_1_778' title='bbox 2123 3862 2476 3934; x_wconf 85' lang='grc' dir='ltr'>μοιρῶνὴμῖν</span> <span class='ocrx_word' id='word_1_779' title='bbox 2509 3862 2773 3933; x_wconf 85' lang='grc' dir='ltr'>μυριάδας</span> <span class='ocrx_word' id='word_1_780' title='bbox 2811 3865 2974 3927; x_wconf 85' lang='grc' dir='ltr'>ποιεί,</span> <span class='ocrx_word' id='word_1_781' title='bbox 3008 3864 3064 3915; x_wconf 89' lang='grc' dir='ltr'>αἱ</span> <span class='ocrx_word' id='word_1_782' title='bbox 3099 3862 3361 3935; x_wconf 84' lang='grc' dir='ltr'>τέσσαρες</span> <span class='ocrx_word' id='word_1_783' title='bbox 3392 3867 3486 3918; x_wconf 71' lang='grc' dir='ltr'><strong>καὶ</strong></span> <span class='ocrx_word' id='word_1_784' title='bbox 3520 3865 3695 3920; x_wconf 74' lang='grc' dir='ltr'>εἴκοσι</span> 
     </span>
    </p>
   </div>
   <div class='ocr_carea' id='block_1_104' title="bbox 2119 3955 3690 4025">
    <p class='ocr_par' dir='ltr' id='par_1_104' title="bbox 2119 3955 3690 4025">
     <span class='ocr_line' id='line_1_104' title="bbox 2119 3955 3690 4025; baseline 0.002 -15"><span class='ocrx_word' id='word_1_785' title='bbox 2119 3957 2261 4011; x_wconf 85' lang='grc' dir='ltr'>κατὰ</span> <span class='ocrx_word' id='word_1_786' title='bbox 2289 3955 2444 4024; x_wconf 87' lang='grc' dir='ltr'>λόγον</span> <span class='ocrx_word' id='word_1_787' title='bbox 2493 3955 2595 4022; x_wconf 81' lang='grc' dir='ltr'>τῆς</span> <span class='ocrx_word' id='word_1_788' title='bbox 2649 3957 2779 4025; x_wconf 79' lang='grc' dir='ltr'>μιᾶς</span> <span class='ocrx_word' id='word_1_789' title='bbox 2818 3956 3033 4017; x_wconf 88' lang='grc' dir='ltr'>πάντως</span> <span class='ocrx_word' id='word_1_790' title='bbox 3083 3956 3690 4023; x_wconf 77' lang='grc' dir='ltr'>πολλαπλασιασθεῖσαι,</span> 
     </span>
    </p>
   </div>
   <div class='ocr_carea' id='block_1_105' title="bbox 2116 4044 3688 4117">
    <p class='ocr_par' dir='ltr' id='par_1_105' title="bbox 2116 4044 3688 4117">
     <span class='ocr_line' id='line_1_105' title="bbox 2116 4044 3688 4117; baseline 0 -17"><span class='ocrx_word' id='word_1_791' title='bbox 2116 4047 2218 4109; x_wconf 87' lang='grc' dir='ltr'><strong>τάς</strong></span> <span class='ocrx_word' id='word_1_792' title='bbox 2267 4046 2525 4117; x_wconf 83' lang='grc' dir='ltr'>ἀπείρους</span> <span class='ocrx_word' id='word_1_793' title='bbox 2577 4047 2685 4099; x_wconf 91' lang='grc' dir='ltr'><strong>τῶν</strong></span> <span class='ocrx_word' id='word_1_794' title='bbox 2750 4044 2955 4117; x_wconf 79' lang='grc' dir='ltr'>μοιρῶν</span> <span class='ocrx_word' id='word_1_795' title='bbox 2997 4046 3262 4117; x_wconf 84' lang='grc' dir='ltr'>μυριάδας</span> <span class='ocrx_word' id='word_1_796' title='bbox 3303 4047 3688 4114; x_wconf 83' lang='grc' dir='ltr'>ἀπογεννῶσιν.</span> 
     </span>
    </p>
   </div>
   <div class='ocr_carea' id='block_1_106' title="bbox 2140 4134 3692 4208">
    <p class='ocr_par' dir='ltr' id='par_1_106' title="bbox 2140 4134 3692 4208">
     <span class='ocr_line' id='line_1_106' title="bbox 2140 4134 3692 4208; baseline -0.003 -17"><span class='ocrx_word' id='word_1_797' title='bbox 2140 4138 2301 4191; x_wconf 80' lang='grc' dir='ltr'>Ἀλλὰ</span> <span class='ocrx_word' id='word_1_798' title='bbox 2354 4139 2459 4208; x_wconf 80' lang='grc' dir='ltr'><strong>μὴν</strong></span> <span class='ocrx_word' id='word_1_799' title='bbox 2510 4137 2713 4190; x_wconf 86' lang='grc' dir='ltr'>τούτων</span> <span class='ocrx_word' id='word_1_800' title='bbox 2756 4137 2992 4206; x_wconf 82' lang='grc' dir='ltr'>ἑκάστην</span> <span class='ocrx_word' id='word_1_801' title='bbox 3048 4134 3398 4206; x_wconf 75' lang='grc' dir='ltr'>ἀπαράϐατον</span> <span class='ocrx_word' id='word_1_802' title='bbox 3463 4136 3692 4206; x_wconf 87' lang='grc' dir='ltr'>δύναμιν</span> 
     </span>
    </p>
   </div>
   <div class='ocr_carea' id='block_1_107' title="bbox 2118 4226 3691 4299">
    <p class='ocr_par' dir='ltr' id='par_1_107' title="bbox 2118 4226 3691 4299">
     <span class='ocr_line' id='line_1_107' title="bbox 2118 4226 3691 4299; baseline -0.001 -18"><span class='ocrx_word' id='word_1_803' title='bbox 2118 4229 2259 4299; x_wconf 74' lang='grc' dir='ltr'>ἔχειν</span> <span class='ocrx_word' id='word_1_804' title='bbox 2289 4230 2317 4281; x_wconf 84' lang='grc' dir='ltr'>ὁ</span> <span class='ocrx_word' id='word_1_805' title='bbox 2367 4229 2628 4299; x_wconf 82' lang='grc' dir='ltr'>ὑμέτερος</span> <span class='ocrx_word' id='word_1_806' title='bbox 2677 4227 3065 4297; x_wconf 77' lang='grc' dir='ltr'>διισχυρίζεται</span> <span class='ocrx_word' id='word_1_807' title='bbox 3114 4226 3290 4294; x_wconf 84' lang='grc' dir='ltr'>λόγος.</span> <span class='ocrx_word' id='word_1_808' title='bbox 3323 4226 3529 4280; x_wconf 77' lang='grc' dir='ltr'>Οὐκοῦν</span> <span class='ocrx_word' id='word_1_809' title='bbox 3563 4228 3691 4279; x_wconf 87' lang='grc' dir='ltr'>ἀκό-</span> 
     </span>
    </p>
   </div>
   <div class='ocr_carea' id='block_1_108' title="bbox 2116 4309 3691 4387">
    <p class='ocr_par' dir='ltr' id='par_1_108' title="bbox 2116 4309 3691 4387">
     <span class='ocr_line' id='line_1_108' title="bbox 2116 4309 3691 4387; baseline -0.001 -18"><span class='ocrx_word' id='word_1_810' title='bbox 2116 4317 2303 4370; x_wconf 86' lang='grc' dir='ltr'>λουθον</span> <span class='ocrx_word' id='word_1_811' title='bbox 2334 4316 2603 4387; x_wconf 80' lang='grc' dir='ltr'>μηδεμίαν</span> <span class='ocrx_word' id='word_1_812' title='bbox 2634 4315 2811 4368; x_wconf 79' lang='grc' dir='ltr'>αὐτῶν</span> <span class='ocrx_word' id='word_1_813' title='bbox 2844 4315 3125 4386; x_wconf 79' lang='grc' dir='ltr'>ἄπρακτον</span> <span class='ocrx_word' id='word_1_814' title='bbox 3171 4309 3329 4367; x_wconf 72' lang='grc' dir='ltr'>εἶναι.</span> <span class='ocrx_word' id='word_1_815' title='bbox 3369 4316 3443 4366; x_wconf 83' lang='grc' dir='ltr'>Ού</span> <span class='ocrx_word' id='word_1_816' title='bbox 3492 4314 3598 4385; x_wconf 83' lang='grc' dir='ltr'><strong>γὰρ</strong></span> <span class='ocrx_word' id='word_1_817' title='bbox 3624 4314 3691 4371; x_wconf 77' lang='grc' dir='ltr'>ἂν</span> 
     </span>
    </p>
   </div>
   <div class='ocr_carea' id='block_1_109' title="bbox 2115 4402 3688 4477">
    <p class='ocr_par' dir='ltr' id='par_1_109' title="bbox 2115 4402 3688 4477">
     <span class='ocr_line' id='line_1_109' title="bbox 2115 4402 3688 4477; baseline -0.001 -21"><span class='ocrx_word' id='word_1_818' title='bbox 2115 4404 2214 4474; x_wconf 81' lang='grc' dir='ltr'><strong>τῆς</strong></span> <span class='ocrx_word' id='word_1_819' title='bbox 2239 4404 2523 4473; x_wconf 86' lang='grc' dir='ltr'>δυνάμεως</span> <span class='ocrx_word' id='word_1_820' title='bbox 2561 4403 2690 4455; x_wconf 76' lang='grc' dir='ltr'>ἴδιον</span> <span class='ocrx_word' id='word_1_821' title='bbox 2718 4403 2816 4471; x_wconf 84' lang='grc' dir='ltr'><strong>τὴν</strong></span> <span class='ocrx_word' id='word_1_822' title='bbox 2844 4402 3114 4473; x_wconf 81' lang='grc' dir='ltr'>ἀπραξίαν</span> <span class='ocrx_word' id='word_1_823' title='bbox 3140 4403 3313 4466; x_wconf 74' lang='grc' dir='ltr'>εἴποις</span> <span class='ocrx_word' id='word_1_824' title='bbox 3339 4442 3353 4466; x_wconf 93' lang='grc'><strong>,</strong></span> <span class='ocrx_word' id='word_1_825' title='bbox 3384 4402 3497 4455; x_wconf 79' lang='grc' dir='ltr'>ἀλλ’</span> <span class='ocrx_word' id='word_1_826' title='bbox 3530 4405 3585 4455; x_wconf 84' lang='grc' dir='ltr'><strong>ἐν</strong></span> <span class='ocrx_word' id='word_1_827' title='bbox 3623 4407 3688 4477; x_wconf 78' lang='grc' dir='ltr'>τῇ</span> 
     </span>
    </p>
   </div>
   <div class='ocr_carea' id='block_1_110' title="bbox 2117 4490 3690 4567">
    <p class='ocr_par' dir='ltr' id='par_1_110' title="bbox 2117 4490 3690 4567">
     <span class='ocr_line' id='line_1_110' title="bbox 2117 4490 3690 4567; baseline 0.001 -20"><span class='ocrx_word' id='word_1_828' title='bbox 2117 4495 2369 4567; x_wconf 74' lang='grc' dir='ltr'>ἐνεργείᾳ</span> <span class='ocrx_word' id='word_1_829' title='bbox 2398 4495 2614 4559; x_wconf 90' lang='grc' dir='ltr'>πάντως</span> <span class='ocrx_word' id='word_1_830' title='bbox 2654 4494 2950 4565; x_wconf 83' lang='grc' dir='ltr'>καθορᾶται</span> <span class='ocrx_word' id='word_1_831' title='bbox 2997 4495 3029 4564; x_wconf 88' lang='grc' dir='ltr'><strong>ή</strong></span> <span class='ocrx_word' id='word_1_832' title='bbox 3074 4493 3320 4563; x_wconf 86' lang='grc' dir='ltr'>δύναμις.</span> <span class='ocrx_word' id='word_1_833' title='bbox 3349 4494 3556 4549; x_wconf 75' lang='grc' dir='ltr'>Οὐκοῦν</span> <span class='ocrx_word' id='word_1_834' title='bbox 3599 4490 3690 4549; x_wconf 83' lang='grc' dir='ltr'>ἶσα</span> 
     </span>
    </p>
   </div>
   <div class='ocr_carea' id='block_1_111' title="bbox 2118 4584 3689 4656">
    <p class='ocr_par' dir='ltr' id='par_1_111' title="bbox 2118 4584 3689 4656">
     <span class='ocr_line' id='line_1_111' title="bbox 2118 4584 3689 4656; baseline 0.001 -19"><span class='ocrx_word' id='word_1_835' title='bbox 2118 4587 2211 4638; x_wconf 71' lang='grc' dir='ltr'><strong>καὶ</strong></span> <span class='ocrx_word' id='word_1_836' title='bbox 2244 4584 2314 4637; x_wconf 89' lang='grc' dir='ltr'><strong>τά</strong></span> <span class='ocrx_word' id='word_1_837' title='bbox 2333 4586 2434 4655; x_wconf 81' lang='grc' dir='ltr'>τῆς</span> <span class='ocrx_word' id='word_1_838' title='bbox 2465 4584 2744 4656; x_wconf 85' lang='grc' dir='ltr'>δυνάμεώς</span> <span class='ocrx_word' id='word_1_839' title='bbox 2775 4588 2921 4639; x_wconf 76' lang='grc' dir='ltr'>ἐστιν</span> <span class='ocrx_word' id='word_1_840' title='bbox 2955 4584 3367 4654; x_wconf 85' lang='grc' dir='ltr'>ἀποτελέσματα</span> <span class='ocrx_word' id='word_1_841' title='bbox 3388 4586 3563 4647; x_wconf 77' lang='grc' dir='ltr'>’ὥστε</span> <span class='ocrx_word' id='word_1_842' title='bbox 3588 4588 3689 4639; x_wconf 84' lang='grc' dir='ltr'><strong>ὅσα</strong></span> 
     </span>
    </p>
   </div>
   <div class='ocr_carea' id='block_1_112' title="bbox 2115 4674 3690 4748">
    <p class='ocr_par' dir='ltr' id='par_1_112' title="bbox 2115 4674 3690 4748">
     <span class='ocr_line' id='line_1_112' title="bbox 2115 4674 3690 4748; baseline -0.001 -18"><span class='ocrx_word' id='word_1_843' title='bbox 2115 4680 2378 4747; x_wconf 85' lang='grc' dir='ltr'>τμήματα</span> <span class='ocrx_word' id='word_1_844' title='bbox 2404 4718 2418 4741; x_wconf 91' lang='grc'><strong>,</strong></span> <span class='ocrx_word' id='word_1_845' title='bbox 2450 4677 2707 4730; x_wconf 79' lang='grc' dir='ltr'>τοσαῦται</span> <span class='ocrx_word' id='word_1_846' title='bbox 2741 4677 2834 4730; x_wconf 77' lang='grc' dir='ltr'><strong>καὶ</strong></span> <span class='ocrx_word' id='word_1_847' title='bbox 2874 4676 2982 4728; x_wconf 88' lang='grc' dir='ltr'><strong>τῶν</strong></span> <span class='ocrx_word' id='word_1_848' title='bbox 3011 4674 3314 4748; x_wconf 82' lang='grc' dir='ltr'>ἀνθρώπων</span> <span class='ocrx_word' id='word_1_849' title='bbox 3358 4676 3596 4746; x_wconf 84' lang='grc' dir='ltr'>γενέσεις</span> <span class='ocrx_word' id='word_1_850' title='bbox 3630 4675 3690 4743; x_wconf 80' lang='grc' dir='ltr'>ἐξ</span> 
     </span>
    </p>
   </div>
   <div class='ocr_carea' id='block_1_113' title="bbox 2116 4767 3689 4840">
    <p class='ocr_par' dir='ltr' id='par_1_113' title="bbox 2116 4767 3689 4840">
     <span class='ocr_line' id='line_1_113' title="bbox 2116 4767 3689 4840; baseline -0.001 -20"><span class='ocrx_word' id='word_1_851' title='bbox 2116 4767 2359 4837; x_wconf 83' lang='grc' dir='ltr'>ἀνάγκης</span> <span class='ocrx_word' id='word_1_852' title='bbox 2390 4768 2512 4821; x_wconf 86' lang='grc' dir='ltr'>καθ’</span> <span class='ocrx_word' id='word_1_853' title='bbox 2539 4768 2775 4840; x_wconf 78' lang='grc' dir='ltr'>ἑκάστην</span> <span class='ocrx_word' id='word_1_854' title='bbox 2804 4767 2953 4838; x_wconf 88' lang='grc' dir='ltr'>ῶραν</span> <span class='ocrx_word' id='word_1_855' title='bbox 2984 4769 3359 4839; x_wconf 82' lang='grc' dir='ltr'>συστήσονται.</span> <span class='ocrx_word' id='word_1_856' title='bbox 3388 4769 3497 4821; x_wconf 77' lang='grc' dir='ltr'><strong>Καὶ</strong></span> <span class='ocrx_word' id='word_1_857' title='bbox 3530 4770 3689 4839; x_wconf 82' lang='grc' dir='ltr'>είπερ</span> 
     </span>
    </p>
   </div>
   <div class='ocr_carea' id='block_1_114' title="bbox 2116 4858 3687 4931">
    <p class='ocr_par' dir='ltr' id='par_1_114' title="bbox 2116 4858 3687 4931">
     <span class='ocr_line' id='line_1_114' title="bbox 2116 4858 3687 4931; baseline 0.001 -20"><span class='ocrx_word' id='word_1_858' title='bbox 2116 4858 2319 4929; x_wconf 76' lang='grc' dir='ltr'>ἑκάστῃ</span> <span class='ocrx_word' id='word_1_859' title='bbox 2366 4859 2530 4931; x_wconf 65' lang='grc' dir='ltr'>μοίρᾳ</span> <span class='ocrx_word' id='word_1_860' title='bbox 2563 4860 2623 4913; x_wconf 80' lang='grc' dir='ltr'><strong>τὸ</strong></span> <span class='ocrx_word' id='word_1_861' title='bbox 2651 4859 2870 4914; x_wconf 71' lang='grc' dir='ltr'>δυνατὸν</span> <span class='ocrx_word' id='word_1_862' title='bbox 2900 4859 3100 4930; x_wconf 86' lang='grc' dir='ltr'>ὁμοίως</span> <span class='ocrx_word' id='word_1_863' title='bbox 3146 4858 3687 4931; x_wconf 73' lang='grc' dir='ltr'>προσμαρτυρεῖσθαι</span> 
     </span>
    </p>
   </div>
   <div class='ocr_carea' id='block_1_115' title="bbox 2116 4948 3683 5020">
    <p class='ocr_par' dir='ltr' id='par_1_115' title="bbox 2116 4948 3683 5020">
     <span class='ocr_line' id='line_1_115' title="bbox 2116 4948 3683 5020; baseline -0.001 -18"><span class='ocrx_word' id='word_1_864' title='bbox 2116 4950 2421 5020; x_wconf 87' lang='grc' dir='ltr'>προσήκει,</span> <span class='ocrx_word' id='word_1_865' title='bbox 2470 4951 2679 5014; x_wconf 84' lang='grc' dir='ltr'>πάντας</span> <span class='ocrx_word' id='word_1_866' title='bbox 2716 4950 2802 5003; x_wconf 81' lang='grc' dir='ltr'><strong>ἐπ’</strong></span> <span class='ocrx_word' id='word_1_867' title='bbox 2840 4950 2959 5020; x_wconf 80' lang='grc' dir='ltr'>ἴσης</span> <span class='ocrx_word' id='word_1_868' title='bbox 3009 4949 3298 5020; x_wconf 83' lang='grc' dir='ltr'>βασιλέας,</span> <span class='ocrx_word' id='word_1_869' title='bbox 3334 4948 3683 5019; x_wconf 79' lang='grc' dir='ltr'>μακροϐίους,</span> 
     </span>
    </p>
   </div>
   <div class='ocr_carea' id='block_1_116' title="bbox 2114 5040 3689 5113">
    <p class='ocr_par' dir='ltr' id='par_1_116' title="bbox 2114 5040 3689 5113">
     <span class='ocr_line' id='line_1_116' title="bbox 2114 5040 3689 5113; baseline 0 -20"><span class='ocrx_word' id='word_1_870' title='bbox 2114 5040 2401 5107; x_wconf 82' lang='grc' dir='ltr'>δυνατοὺς,</span> <span class='ocrx_word' id='word_1_871' title='bbox 2441 5042 2739 5113; x_wconf 78' lang='grc' dir='ltr'>εὐκλήρους</span> <span class='ocrx_word' id='word_1_872' title='bbox 2764 5082 2780 5104; x_wconf 82' lang='grc'><strong>,</strong></span> <span class='ocrx_word' id='word_1_873' title='bbox 2816 5042 3168 5113; x_wconf 79' lang='grc' dir='ltr'>εὐδαίμονας,</span> <span class='ocrx_word' id='word_1_874' title='bbox 3202 5041 3295 5094; x_wconf 78' lang='grc' dir='ltr'>καὶ</span> <span class='ocrx_word' id='word_1_875' title='bbox 3334 5042 3434 5094; x_wconf 82' lang='grc' dir='ltr'>ὅσα</span> <span class='ocrx_word' id='word_1_876' title='bbox 3469 5041 3567 5111; x_wconf 86' lang='grc' dir='ltr'>τῆς</span> <span class='ocrx_word' id='word_1_877' title='bbox 3614 5058 3689 5093; x_wconf 87' lang='grc' dir='ltr'>τι-</span> 
     </span>
    </p>
   </div>
   <div class='ocr_carea' id='block_1_117' title="bbox 2117 5132 3687 5205">
    <p class='ocr_par' dir='ltr' id='par_1_117' title="bbox 2117 5132 3687 5205">
     <span class='ocr_line' id='line_1_117' title="bbox 2117 5132 3687 5205; baseline 0.002 -21"><span class='ocrx_word' id='word_1_878' title='bbox 2117 5133 2388 5202; x_wconf 82' lang='grc' dir='ltr'>μιωτέρας</span> <span class='ocrx_word' id='word_1_879' title='bbox 2420 5132 2623 5203; x_wconf 79' lang='grc' dir='ltr'>λήξεως</span> <span class='ocrx_word' id='word_1_880' title='bbox 2656 5132 2794 5188; x_wconf 73' lang='grc' dir='ltr'>εἷναι</span> <span class='ocrx_word' id='word_1_881' title='bbox 2832 5134 3142 5205; x_wconf 79' lang='grc' dir='ltr'>νομίζεται,</span> <span class='ocrx_word' id='word_1_882' title='bbox 3178 5134 3239 5187; x_wconf 81' lang='grc' dir='ltr'><strong>τὸ</strong></span> <span class='ocrx_word' id='word_1_883' title='bbox 3274 5135 3374 5205; x_wconf 78' lang='grc' dir='ltr'>τῆς</span> <span class='ocrx_word' id='word_1_884' title='bbox 3406 5135 3687 5205; x_wconf 81' lang='grc' dir='ltr'>δυνάμεως</span> 
     </span>
    </p>
   </div>
   <div class='ocr_carea' id='block_1_118' title="bbox 2112 5224 3682 5297">
    <p class='ocr_par' dir='ltr' id='par_1_118' title="bbox 2112 5224 3682 5297">
     <span class='ocr_line' id='line_1_118' title="bbox 2112 5224 3682 5297; baseline 0.002 -21"><span class='ocrx_word' id='word_1_885' title='bbox 2112 5224 2375 5295; x_wconf 79' lang='grc' dir='ltr'>ὁμότιμον</span> <span class='ocrx_word' id='word_1_886' title='bbox 2396 5226 2801 5297; x_wconf 77' lang='grc' dir='ltr'>ἀπεργάζεται·</span> <span class='ocrx_word' id='word_1_887' title='bbox 2831 5228 2863 5297; x_wconf 91' lang='grc' dir='ltr'><strong>ή</strong></span> <span class='ocrx_word' id='word_1_888' title='bbox 2891 5226 2998 5297; x_wconf 87' lang='grc' dir='ltr'><strong>γάρ</strong></span> <span class='ocrx_word' id='word_1_889' title='bbox 3030 5226 3263 5295; x_wconf 74' lang='grc' dir='ltr'>ἔλλειψις</span> <span class='ocrx_word' id='word_1_890' title='bbox 3290 5225 3493 5280; x_wconf 88' lang='grc' dir='ltr'>τούτων</span> <span class='ocrx_word' id='word_1_891' title='bbox 3520 5227 3682 5291; x_wconf 81' lang='grc' dir='ltr'>τινὸς,</span> 
     </span>
    </p>
   </div>
   <div class='ocr_carea' id='block_1_119' title="bbox 2111 5316 3683 5390">
    <p class='ocr_par' dir='ltr' id='par_1_119' title="bbox 2111 5316 3683 5390">
     <span class='ocr_line' id='line_1_119' title="bbox 2111 5316 3683 5390; baseline 0 -20"><span class='ocrx_word' id='word_1_892' title='bbox 2111 5316 2205 5370; x_wconf 83' lang='grc' dir='ltr'><strong>τού</strong></span> <span class='ocrx_word' id='word_1_893' title='bbox 2234 5318 2375 5371; x_wconf 81' lang='grc' dir='ltr'>κατά</span> <span class='ocrx_word' id='word_1_894' title='bbox 2408 5317 2507 5389; x_wconf 79' lang='grc' dir='ltr'><strong>τὴν</strong></span> <span class='ocrx_word' id='word_1_895' title='bbox 2525 5318 2752 5389; x_wconf 88' lang='grc' dir='ltr'>δύναμιν</span> <span class='ocrx_word' id='word_1_896' title='bbox 2777 5318 2998 5381; x_wconf 83' lang='grc' dir='ltr'>ἀτελοῦς</span> <span class='ocrx_word' id='word_1_897' title='bbox 3024 5319 3325 5390; x_wconf 82' lang='grc' dir='ltr'>κατηγορία</span> <span class='ocrx_word' id='word_1_898' title='bbox 3351 5318 3575 5387; x_wconf 78' lang='grc' dir='ltr'>γίνεται,</span> <span class='ocrx_word' id='word_1_899' title='bbox 3609 5320 3683 5372; x_wconf 87' lang='grc' dir='ltr'><strong>Οὐ</strong></span> 
     </span>
    </p>
   </div>
   <div class='ocr_carea' id='block_1_120' title="bbox 2112 5408 3684 5483">
    <p class='ocr_par' dir='ltr' id='par_1_120' title="bbox 2112 5408 3684 5483">
     <span class='ocr_line' id='line_1_120' title="bbox 2112 5408 3684 5483; baseline 0 -20"><span class='ocrx_word' id='word_1_900' title='bbox 2112 5411 2222 5481; x_wconf 77' lang='grc' dir='ltr'>γὰρ</span> <span class='ocrx_word' id='word_1_901' title='bbox 2272 5408 2337 5463; x_wconf 78' lang='grc' dir='ltr'>ἄν</span> <span class='ocrx_word' id='word_1_902' title='bbox 2365 5427 2447 5473; x_wconf 92' lang='grc' dir='ltr'><strong>τις</strong></span> <span class='ocrx_word' id='word_1_903' title='bbox 2482 5411 2603 5481; x_wconf 78' lang='grc' dir='ltr'>ἴσην</span> <span class='ocrx_word' id='word_1_904' title='bbox 2652 5411 3165 5483; x_wconf 77' lang='grc' dir='ltr'>προσμαρτυρήσειε</span> <span class='ocrx_word' id='word_1_905' title='bbox 3204 5410 3465 5480; x_wconf 88' lang='grc' dir='ltr'>δύναμιν,</span> <span class='ocrx_word' id='word_1_906' title='bbox 3506 5409 3585 5480; x_wconf 83' lang='grc' dir='ltr'>τῷ</span> <span class='ocrx_word' id='word_1_907' title='bbox 3624 5426 3684 5463; x_wconf 86' lang='grc' dir='ltr'><strong>τε</strong></span> 
     </span>
    </p>
   </div>
   <div class='ocr_carea' id='block_1_121' title="bbox 2114 5496 3685 5573">
    <p class='ocr_par' dir='ltr' id='par_1_121' title="bbox 2114 5496 3685 5573">
     <span class='ocr_line' id='line_1_121' title="bbox 2114 5496 3685 5573; baseline -0.002 -20"><span class='ocrx_word' id='word_1_908' title='bbox 2114 5501 2326 5571; x_wconf 84' lang='grc' dir='ltr'>μεγάλα</span> <span class='ocrx_word' id='word_1_909' title='bbox 2353 5502 2441 5555; x_wconf 78' lang='grc' dir='ltr'><strong>καὶ</strong></span> <span class='ocrx_word' id='word_1_910' title='bbox 2472 5501 2643 5573; x_wconf 87' lang='grc' dir='ltr'>μικρά</span> <span class='ocrx_word' id='word_1_911' title='bbox 2674 5503 3046 5571; x_wconf 82' lang='grc' dir='ltr'>ὲνεργήσαντι.</span> <span class='ocrx_word' id='word_1_912' title='bbox 3078 5496 3223 5566; x_wconf 78' lang='grc' dir='ltr'>Οἷον,</span> <span class='ocrx_word' id='word_1_913' title='bbox 3254 5501 3282 5553; x_wconf 88' lang='grc' dir='ltr'>ὁ</span> <span class='ocrx_word' id='word_1_914' title='bbox 3317 5499 3415 5569; x_wconf 81' lang='grc' dir='ltr'><strong>μὲν</strong></span> <span class='ocrx_word' id='word_1_915' title='bbox 3453 5497 3685 5570; x_wconf 68' lang='grc' dir='ltr'>ὑπερδέα</span> 
     </span>
    </p>
   </div>
   <div class='ocr_carea' id='block_1_122' title="bbox 2112 5588 3681 5662">
    <p class='ocr_par' dir='ltr' id='par_1_122' title="bbox 2112 5588 3681 5662">
     <span class='ocr_line' id='line_1_122' title="bbox 2112 5588 3681 5662; baseline -0.003 -17"><span class='ocrx_word' id='word_1_916' title='bbox 2112 5592 2283 5661; x_wconf 82' lang='grc' dir='ltr'>δηκεν</span> <span class='ocrx_word' id='word_1_917' title='bbox 2315 5592 2507 5645; x_wconf 81' lang='grc' dir='ltr'>ἑκατὸν</span> <span class='ocrx_word' id='word_1_918' title='bbox 2563 5591 2656 5662; x_wconf 82' lang='grc' dir='ltr'>ἔτη</span> <span class='ocrx_word' id='word_1_919' title='bbox 2714 5592 2771 5644; x_wconf 80' lang='grc' dir='ltr'>ἐν</span> <span class='ocrx_word' id='word_1_920' title='bbox 2804 5592 2949 5661; x_wconf 75' lang='grc' dir='ltr'>γήρᾳ</span> <span class='ocrx_word' id='word_1_921' title='bbox 2995 5590 3208 5662; x_wconf 84' lang='grc' dir='ltr'>λιπαρῷ</span> <span class='ocrx_word' id='word_1_922' title='bbox 3260 5590 3353 5643; x_wconf 75' lang='grc' dir='ltr'>καὶ</span> <span class='ocrx_word' id='word_1_923' title='bbox 3384 5588 3681 5660; x_wconf 78' lang='grc' dir='ltr'>εὐδαίμονι,</span> 
     </span>
    </p>
   </div>
   <div class='ocr_carea' id='block_1_123' title="bbox 2112 5682 3685 5755">
    <p class='ocr_par' dir='ltr' id='par_1_123' title="bbox 2112 5682 3685 5755">
     <span class='ocr_line' id='line_1_123' title="bbox 2112 5682 3685 5755; baseline -0.001 -18"><span class='ocrx_word' id='word_1_924' title='bbox 2112 5684 2298 5740; x_wconf 72' lang='grc' dir='ltr'>παισὶν</span> <span class='ocrx_word' id='word_1_925' title='bbox 2350 5682 2767 5755; x_wconf 86' lang='grc' dir='ltr'>εύθηνούμενος.</span> <span class='ocrx_word' id='word_1_926' title='bbox 2798 5684 3038 5752; x_wconf 75' lang='grc' dir='ltr'>ἐκγόνοις</span> <span class='ocrx_word' id='word_1_927' title='bbox 3067 5682 3559 5754; x_wconf 79' lang='grc' dir='ltr'>δορυφορούμενος,</span> <span class='ocrx_word' id='word_1_928' title='bbox 3591 5684 3685 5735; x_wconf 77' lang='grc' dir='ltr'>καὶ</span> 
     </span>
    </p>
   </div>
   <div class='ocr_carea' id='block_1_124' title="bbox 2110 5774 3677 5851">
    <p class='ocr_par' dir='ltr' id='par_1_124' title="bbox 2110 5774 3677 5851">
     <span class='ocr_line' id='line_1_124' title="bbox 2110 5774 3677 5851; baseline 0.001 -24"><span class='ocrx_word' id='word_1_929' title='bbox 2110 5774 2189 5848; x_wconf 79' lang='grc' dir='ltr'>τῷ</span> <span class='ocrx_word' id='word_1_930' title='bbox 2225 5775 2361 5851; x_wconf 80' lang='grc' dir='ltr'><strong>μετά</strong></span> <span class='ocrx_word' id='word_1_931' title='bbox 2388 5776 2606 5843; x_wconf 82' lang='grc' dir='ltr'>τούτους</span> <span class='ocrx_word' id='word_1_932' title='bbox 2633 5776 3065 5846; x_wconf 70' lang='grc' dir='ltr'>ἱπαγαὶλύμενος</span> <span class='ocrx_word' id='word_1_933' title='bbox 3097 5775 3264 5845; x_wconf 75' lang='grc' dir='ltr'>γένει,</span> <span class='ocrx_word' id='word_1_934' title='bbox 3296 5775 3483 5841; x_wconf 72' lang='grc' dir='ltr'>ἄνοσος</span> <span class='ocrx_word' id='word_1_935' title='bbox 3502 5812 3519 5840; x_wconf 90' lang='grc'><strong>,</strong></span> <span class='ocrx_word' id='word_1_936' title='bbox 3542 5776 3677 5843; x_wconf 73' lang='grc' dir='ltr'>ἀπήο</span> 
     </span>
    </p>
   </div>
  </div>
