4066 6374
393 393 495 450 157

1718 392 1997 451 CONTRA
2052 390 2314 450 FATUM.

3542 392 3645 448 158

394 528 531 582 μων,
575 510 824 582 ἐπίτιμος
846 552 860 576 ,
889 512 1091 576 ἄλυπος
1110 552 1125 577 ,
1155 512 1384 568 πλούτου
1417 515 1652 586 δαψιλῶς
1675 516 1843 588 ἔχων,
1874 514 1968 569 καὶ

2070 528 2261 583 posse,
2287 508 2628 574 omnibusin
2660 506 2826 565 rebus
2852 522 2917 562 ex
2944 520 3101 578 {equo
3130 507 3214 562 vis
3237 505 3358 577 ejus
3383 506 3640 564 elucebit.

391 606 445 658 εί
468 623 520 658 τι
553 605 680 659 ἄλλο
703 605 810 659 τῶν
844 605 984 659 κατὰ
1014 606 1104 659 τὸν
1138 604 1250 675 βίον
1277 608 1466 662 τοῦτον
1506 611 1563 662 ὲν
1589 611 1789 681 τιμίοις
1818 608 1966 661 νενό-

397 713 609 768 μισται,
638 696 724 751 διά
773 697 988 751 πάντων
1031 700 1488 770 μακαριζόμενος.
1523 701 1787 771 Ἕτερος,
1830 696 1966 769 όμοῦ

390 785 467 856 τῷ
499 786 843 857 παραχθῆναι
872 791 950 851 είς
982 788 1096 856 φῶς
1122 828 1137 851 ,
1178 791 1479 860 κατεπνίγη
1506 806 1519 821 '
1549 785 1639 843 οἷα
1683 790 1747 859 δὴ
1797 788 1970 842 πολλὰ

391 878 495 931 τῶν
516 879 812 949 γινομένων
834 880 983 933 ἐστὶν
1008 881 1312 953 έταιρικάἢ
1344 883 1577 952 μοιχίδια
1605 882 1801 953 βρέφη,
1826 881 1970 949 ἅπερ

389 969 498 1022 τῶν
530 969 779 1041 μητέρων
816 972 871 1023 αἱ
900 972 1231 1042 παρανόμως
1260 973 1532 1042 κυήσασαι
1558 1012 1573 1035 ,
1602 975 1722 1035 ταῖς
1760 970 1967 1024 ἑαυτῶν

393 1062 545 1132 χερσὶ
600 1062 1056 1132 διαχειριζόμεναι
1085 1104 1099 1127 ,
1156 1063 1369 1134 Θανάτῳ
1413 1065 1503 1118 τὸν
1564 1064 1782 1134 ἔλεγχον
1839 1062 1966 1116 κλέ-

2072 601 2259 673 Neque
2288 604 2435 659 enim
2464 599 2609 654 aliud
2640 600 2843 669 poterit
2864 598 3054 661 ,'aliud
3083 612 3190 652 non
3226 598 3453 667 poterit,
3487 599 3531 652 si
3566 614 3648 653 re-

2073 709 2198 748 vera
2245 694 2486 764 potentia
2528 692 2669 745 valet
2700 708 2712 744 :
2745 699 2799 743 at
2828 690 3070 759 potentia
3101 705 3168 744 ex
3197 689 3409 743 eil‘ectis
3438 704 3646 760 cogno-

2075 786 2271 841 scitur.
2320 784 2479 838 Nulla
2510 798 2641 853 ergo
2672 782 2902 837 exsistet
2931 783 3052 835 vitae
3084 782 3478 837 dissimilitudo
3499 822 3513 846 ,
3549 781 3646 838 sed

2074 892 2342 931 summam
2378 876 2477 929 sibi
2513 874 2825 929 felicitatem
2857 875 3063 944 pariter
3090 890 3283 930 omnes
3314 875 3649 944 pollicebun-

2074 976 2185 1028 tur,
2216 982 2283 1021 eo
2322 966 2467 1035 quod
2494 981 2559 1019 ex
2604 974 2785 1019 vestra
2833 965 3104 1019 sententia
3148 981 3340 1020 omnes
3386 966 3498 1019 fato
3534 966 3647 1020 sint

2072 1058 2338 1127 subjecti,
2367 1058 2657 1128 ipsumque
2685 1056 2854 1109 fatum
2892 1072 3107 1126 semper
3141 1059 3323 1111 omnia
3351 1058 3546 1127 possit.

393 1171 582 1208 πτουσι
608 1172 622 1187 ·
658 1156 760 1210 ποῦ
797 1159 829 1227 ή
859 1156 1085 1235 δύναμις
1115 1158 1207 1212 ἐπὶ
1252 1158 1455 1212 τούτων
1482 1160 1582 1229 τῆς
1611 1159 1841 1229 μοίρας;
1872 1156 1996 1219 Πῶς
2029 1156 2108 1219 εἰς
2133 1153 2193 1206 τὸ
2218 1153 2346 1207 αὐτὸ
2374 1153 2474 1222 τῆς
2498 1151 2642 1221 ζωῆς
2676 1152 2868 1222 μέτρον
2894 1154 2927 1222 ἦ
2956 1152 3055 1221 τῆς
3117 1152 3452 1224 εἱμαρμένης
3494 1152 3645 1223 ἰσχὺς

392 1247 492 1300 οὐκ
520 1247 844 1319 ὲξήρκεσεν;
874 1250 935 1301 Ei
956 1250 1065 1321 γὰρ
1090 1251 1149 1303 τὸ
1184 1252 1405 1305 δυνατὸν
1441 1253 1577 1323 αὐτῇ
1611 1251 2053 1323 προσμαρτυρεῖν
2077 1250 2105 1301 6
2139 1246 2401 1317 ὑμέτερος
2450 1246 2603 1313 λόγος
2673 1245 2841 1298 οῐεται
2886 1245 3027 1309 δεῖν,
3096 1246 3290 1316 ἐπίσης
3357 1248 3490 1301 πᾶσι
3532 1250 3646 1309 τοῖς

394 1331 542 1389 οὖσιν
580 1338 614 1407 η
648 1338 799 1407 ἰσχὺς
827 1340 995 1409 αὐτῆς
1056 1340 1377 1411 φανήσεται.
1450 1342 1525 1394 Οὐ
1591 1340 1701 1413 γὰρ
1725 1340 1785 1393 τὸ
1815 1340 1913 1409 μὲν
1940 1337 2145 1408 ἰσχύσει
2169 1376 2185 1401 ,
2219 1338 2280 1390 τὸ
2307 1338 2363 1390 δὲ
2386 1336 2447 1390 οὐ
2489 1337 2777 1407 δυνήσεται
2800 1374 2816 1399 ,
2867 1336 3027 1407 εἴπερ
3064 1336 3280 1406 ἀληθῶς
3333 1339 3391 1391 ὲν
3420 1337 3646 1408 δυνάμει

396 1428 908 1502 καταλαμϐάνεται·
960 1434 1075 1504 ἠδὲ
1108 1434 1378 1507 δύναμις,
1424 1433 1515 1487 διὰ
1584 1434 1693 1487 τῶν
1762 1431 2217 1502 ἀποτελεσμάτων
2265 1432 2608 1501 γνωρίζεται.
2695 1429 2902 1483 Οὐκοῦν
2951 1429 3206 1499 οὐδεμίαν
3255 1430 3570 1502 ἀνωμαλίαν
3615 1433 3644 1484 ὁ

396 1517 510 1587 βίος
538 1520 669 1586 ἔξει,
704 1522 919 1575 πάντων
958 1523 1156 1593 ὁμοίως
1183 1524 1242 1577 τὸ
1274 1524 1571 1595 ἀκρότατον
1605 1523 1702 1593 τῆς
1730 1518 2073 1590 εὐδαιμονίας
2130 1518 2325 1590 μέτρον
2362 1519 2420 1571 ὲν
2475 1519 2687 1580 ἑαυτοῖς
2736 1518 3095 1583 δεικνύντων,
3161 1518 3250 1572 διά
3316 1521 3379 1573 τὸ
3440 1523 3647 1586 πάντας

396 1609 496 1681 μιν
521 1615 661 1666 κατὰ
687 1615 779 1667 τὸν
811 1614 965 1683 λόγον
990 1616 1142 1685 ὑμῶν
1167 1657 1181 1681 ,
1210 1615 1317 1669 ὑπὸ
1352 1614 1448 1686 τὴν
1480 1614 1821 1687 εἱμαρμένην
1850 1610 2085 1677 κεῖσθαι,
2127 1611 2303 1664 πάντα
2333 1611 2389 1665 δὲ
2420 1610 2621 1679 ταύτην
2651 1610 2738 1664 ἀεὶ
2765 1609 3024 1664 δύνασθαι
3053 1610 3231 1679 λέγειν
3251 1611 3416 1681 ὑμᾶς.

467 1712 529 1765 Et
557 1706 650 1765 οὖν
697 1710 789 1763 καὶ¹
819 1711 994 1764 πάντα
1030 1710 1122 1763 καὶ
1173 1711 1262 1763 ἀεὶ
1307 1710 1527 1764 δύναται
1572 1711 1606 1779 ἡ
1658 1707 1963 1778 εἱμαρμένη

393 1803 562 1871 αὕτη,
602 1802 777 1856 πάντα
797 1802 890 1854 ὲπὶ
915 1802 1132 1855 πάντων
1154 1801 1457 1872 δυνήσεται.
1501 1800 1658 1854 Ἀλλὰ
1706 1800 1812 1871 μὴν
1842 1798 1966 1851 πολ-

2082 1748 2085 1751 .
2143 1704 2200 1759 Si
2236 1718 2367 1775 ergo
2395 1713 2449 1758 et
2476 1704 2659 1758 omnia
2688 1712 2742 1758 et
2775 1718 2992 1774 semper
3032 1713 3212 1774 potest
3254 1704 3425 1761 fatum
3463 1707 3643 1775 istud,

2070 1796 2252 1851 omnia
2285 1798 2339 1850 in
2373 1796 2629 1851 omnibus
2675 1795 2897 1865 poterit.
2932 1794 3097 1864 Atqui
3144 1798 3314 1851 multa
3360 1798 3502 1854 inter
3548 1800 3645 1854 ho-

393 1894 483 1949 λαὶ
626 1894 867 1947 ποικίλαι
897 1895 1011 1956 τοῖς
1049 1866 1355 1963 ἀνθρώποις
1387 1891 1481 1945 τοῦ
1533 1892 1650 1962 βίου
1692 1866 1966 1960 διαφοραὶ,

2070 1890 2245 1944 mines
2269 1896 2323 1943 et
2351 1889 2501 1942 varia
2530 1886 2749 1942 vivendi
2780 1894 2906 1941 sunt
2937 1902 3137 1957 genera
3159 1927 3173 1950 ,
3205 1903 3329 1943 cum
3354 1889 3641 1961 dignitate,

394 1986 535 2040 κατά
571 2002 632 2038 τε
656 1984 754 2048 τὰς
784 1981 939 2048 ἀξίας
981 1984 1075 2037 καὶ
1111 1983 1210 2046 τὰς
1240 1983 1587 2054 περιουσίας,
1616 1983 1710 2037 καὶ
1750 1981 1817 2035 τά
1861 1981 1968 2034 τῶν

393 2076 599 2147 χρόνων
632 2075 806 2147 μέτρα
834 2114 850 2137 ,
878 2076 972 2129 καὶ
1004 2073 1102 2139 τάς
1135 2074 1245 2128 τῶν
1294 2074 1561 2145 σωμάτων
1586 2074 1808 2143 κράσεις
1831 2112 1845 2137 ,
1876 2073 1970 2125 καὶ

394 2169 568 2222 πάντα
598 2168 698 2220 ὅσα
718 2166 785 2219 δι’
811 2158 886 2219 ὧν
914 2166 948 2237 ἢ
999 2166 1335 2237 μακαριστός
1365 2182 1449 2228 τις
1499 2164 1532 2234 ἦ
1566 2163 1748 2227 ἄθλιος
1775 2162 1971 2233 ὀνομά-

393 2260 565 2326 ζεται.
602 2260 744 2330 Ἀρα
774 2258 836 2311 τδ
872 2257 945 2329 μὴ
976 2260 1151 2312 πάντα
1188 2257 1446 2312 δύνασθαι
1476 2259 1575 2327 τὴν
1612 2254 1971 2310 ἀναπλασθεῖ-

395 2369 493 2405 σαν
520 2350 733 2422 ἐκείνην
757 2349 836 2420 τῷ
863 2349 1005 2419 λόγῳ
1057 2352 1250 2421 μοῖραν
1300 2350 1332 2420 ἢ
1364 2348 1704 2421 εἱμαρμένην
1726 2388 1740 2413 ,
1780 2348 1813 2417 ἠ
1862 2346 1971 2399 τῶν

391 2440 843 2511 ἀποτελεσμάτων
870 2438 1122 2508 ἀνισότης
1150 2436 1334 2507 σαφῶς
1364 2436 1743 2490 ἐπιδείκνυσιν.
1774 2436 1836 2487 El
1861 2434 1969 2505 γὰρ

395 2531 457 2583 τὸ
491 2528 785 2601 μακρόϐιον
813 2528 1092 2598 δυνάμεως
1139 2526 1298 2597 ἔργον
1332 2524 1623 2595 νομίζομεν
1644 2563 1660 2586 ,
1691 2522 1971 2584 ἀσθενείας

394 2622 611 2683 πάντως
638 2620 757 2673 ἐστὶ
780 2618 841 2673 τὸ
874 2618 1183 2689 ὠκύμορον.
1215 2616 1447 2679 Οὐκοῦν,
1476 2616 1573 2686 τὴν
1604 2617 1701 2685 μὲν
1726 2615 1971 2668 ἀσθενεῖν

393 2714 502 2767 τῶν
529 2713 874 2783 εἱμαρμένων
919 2711 1015 2783 τὴν
1045 2711 1100 2763 δὲ
1148 2709 1405 2763 δύνασθαι
1433 2706 1776 2779 δογματίζειν
1798 2724 1969 2780 προσ-

395 2806 539 2876 ήκει.
584 2804 800 2873 Ἐπειδὴ
833 2804 941 2872 γὰρ
978 2802 1215 2856 ἐναντίον
1259 2801 1338 2871 τῷ
1385 2800 1719 2872 πολυχρονίῳ
1765 2801 1827 2854 τὸ
1866 2800 1972 2855 ὀλι-

395 2897 575 2965 γόϐιον
595 2935 610 2959 ,
639 2897 727 2951 διὰ
754 2895 862 2949 τῶν
912 2895 1166 2948 ἐναντίων
1205 2895 1494 2962 ὑφίσταται
1529 2895 1742 2958 πάντως
1769 2894 1971 2949 τούτων

396 2988 675 3060 ἑκάτερον.
708 2988 782 3042 Ού
826 2986 932 3057 γὰρ
962 2987 1026 3040 ἀν
1057 3003 1141 3049 τις
1171 2985 1272 3055 τῆς
1315 2985 1486 3055 αὐτῆς
1529 2986 1708 3049 αἱτίας
1754 2986 1970 3055 ἐξάψειε

401 3082 747 3154 μακαρισμόν
774 3099 832 3134 τε
865 3082 956 3134 καὶ
988 3081 1276 3153 ἀθλιότητα
1300 3121 1317 3145 ,
1342 3079 1625 3154 ἀλλἐἴπερ
1638 3080 1827 3136 τοῦττο
1840 3097 1972 3136 κατ-

398 3168 663 3245 ορθωθείη
721 3172 811 3227 διὰ
848 3172 942 3225 τοῦ
975 3171 1274 3235 δύνασθαι,
1310 3170 1373 3224 τὺ
1420 3170 1607 3242 ’ἐτερον
1636 3172 1696 3224 ού
1738 3173 1965 3243 συνέστη

399 3265 616 3327 πάντως
640 3265 789 3335 παρά
815 3264 914 3336 τὴν
935 3262 1036 3334 τῆς
1060 3264 1342 3332 δυνάμεως
1364 3261 1615 3332 ἔλλειψιν.
1648 3264 1836 3317 Οὑδενὶ
1860 3264 1969 3335 γὰρ

399 3355 544 3426 ἄλλῳ
572 3358 604 3427 ἡ
640 3354 891 3425 ἀθλιότης
918 3352 1389 3423 καταλαμϐάνεται
1414 3393 1428 3418 ,
1460 3354 1492 3423 ἢ
1526 3354 1584 3407 ὲν
1605 3353 1684 3423 τῷ
1712 3354 1785 3424 μὴ
1814 3353 1971 3423 δυνη-

399 3444 557 3515 θῆναι
586 3444 841 3511 γενέσθαι
883 3444 1169 3513 μακάριον.
1218 3441 1378 3495 Ἀλλά
1415 3443 1521 3514 μὴν
1568 3441 1785 3504 πλείους
1819 3442 1970 3511 παρά

398 3535 487 3587 τὸν
528 3533 641 3603 βίον
673 3536 722 3586 οἱ
755 3533 950 3588 ἄθλιοι.
990 3531 1198 3586 Οὐκοῦν
1223 3569 1239 3594 ,
1274 3530 1476 3583 πλείων
1511 3532 1544 3601 ἡ
1591 3530 1843 3584 ἀσθένεια
1873 3530 1971 3599 τῆς

399 3625 736 3697 εἱμαρμένης
772 3627 922 3698 παρά
948 3625 1045 3696 τὴν
1069 3626 1296 3696 δύναμιν
1324 3623 1708 3677 ἐπιδείκνυται.
1740 3622 1849 3675 Ποῦ
1877 3618 1972 3676 οὖν

400 3720 434 3787 ἡ
458 3718 670 3788 ἄμαχος
695 3716 876 3788 ἐκείνη
927 3718 1020 3770 καὶ
1048 3716 1451 3786 παντοδύναμος
1498 3716 1592 3768 καὶ
1618 3714 1973 3786 ἀπαράϐατος

401 3811 613 3879 ἀνάγκη
638 3849 652 3875 ,
682 3807 821 3862 ὥστε
845 3811 930 3862 ἐπ’
960 3810 1141 3882 ἐκείνῃ
1168 3810 1407 3864 τίθεσθαι
1436 3808 1653 3862 πάντων
1692 3806 1801 3860 τῶν
1828 3807 1972 3861 κατὰ

400 3901 492 3954 τὸν
524 3901 634 3972 βίον
657 3902 1117 3972 οἰκονομουμένων
1149 3902 1245 3973 τὴν
1284 3900 1549 3965 ἐξουσίαν,
1578 3899 1700 3969 ἣτις
1729 3898 1973 3969 ἀπηλέγ-

402 3992 504 4063 χθη
556 3992 643 4046 διὰ
688 3992 790 4063 τῆς
818 3993 1134 4055 ἀκολουθίας
1166 3994 1257 4046 τοῦ
1296 3992 1452 4060 λόγου
1500 3991 1729 4060 ἀσθενὴς
1761 3993 1818 4042 ὲν
1861 3992 1971 4052 τοῖς

403 4085 675 4148 πλείοσιν;
721 4083 858 4136 Ἀλλ’
889 4086 1063 4154 ἐρεῖς,
1113 4085 1194 4136 ὅτι
1238 4082 1412 4151 τούτῳ
1450 4080 1548 4151 μὲν
1597 4080 1754 4132 τοῦτο
1787 4078 1972 4149 βούλε-

400 4196 488 4232 ται
510 4194 525 4207 ’
550 4176 628 4247 τῷ
655 4176 713 4230 δὲ
743 4176 916 4248 ἑτέρῳ
958 4176 1020 4228 τὸ
1064 4170 1180 4228 ἴσον
1228 4175 1286 4227 οὐ
1321 4172 1599 4243 βούλεται·
1628 4170 1851 4224 δύναται
1878 4170 1971 4223 καὶ

400 4270 487 4323 ἐπ’
516 4270 715 4339 ἀμφοῖν
743 4269 878 4338 ὅπερ
902 4267 1145 4337 βούλεται
1164 4283 1177 4296 ο
1210 4267 1424 4328 πάντως
1448 4259 1540 4317 οὖν
1564 4262 1656 4316 καὶ
1675 4263 1773 4333 τὴν
1793 4261 1971 4316 αἰτίαν

401 4361 731 4433 προσθήσεις
763 4360 861 4429 τῆς
892 4360 999 4412 τῶν
1031 4358 1399 4430 προαιρέσεων
1431 4355 1635 4408 τούτων
1683 4355 1964 4424 διαφορᾶς,

404 4451 723 4522 Ἀνθρωπος
758 4445 911 4513 οὗτος
950 4438 1043 4502 καὶ
1073 4445 1225 4512 οὗτος
1249 4488 1263 4512 ,
1296 4446 1550 4518 οὐδεμίαν
1582 4448 1722 4499 κατὰ
1747 4445 1846 4513 τὴν
1878 4444 1972 4513 φύ-

2069 1990 2124 2035 et
2151 1979 2369 2049 opibus,
2403 1987 2517 2033 tum
2550 1989 2855 2047 temporum
2880 1992 3283 2049 corporumque
3310 1988 3644 2049 temperatu-

2071 2086 2152 2137 ra,
2185 2071 2549 2141 omnibusque
2571 2070 2694 2125 aliis
2714 2070 2899 2133 rebus,
2924 2070 3124 2139 quibus
3147 2070 3340 2125 beatus
3368 2072 3645 2143 quispiam

2071 2171 2167 2218 aut
2196 2164 2363 2220 miser
2396 2164 2645 2219 habetur.
2698 2163 2885 2234 Itaque
2916 2165 3350 2218 connnentitium
3383 2166 3516 2221 illud
3552 2181 3646 2221 ve-

2072 2265 2246 2311 strum
2284 2255 2451 2310 fatum
2486 2271 2595 2310 non
2639 2256 2822 2310 omnia
2869 2272 3063 2326 posse,
3109 2255 3425 2311 eliectorum
3466 2257 3644 2313 diver-

2072 2348 2206 2404 sitas
2251 2348 2460 2417 liquido
2505 2347 2770 2401 declarat.
2823 2348 3035 2402 Etenim
3080 2349 3127 2402 si
3171 2348 3336 2401 vitam
3367 2349 3580 2419 longam
3612 2364 3643 2403 a

2074 2440 2314 2510 potentia
2366 2439 2642 2510 proﬁcisci
2688 2438 3071 2495 existimamus
3098 2480 3113 2506 ,
3142 2440 3357 2495 brevem
3401 2441 3645 2510 profecto

2071 2532 2141 2585 ab
2168 2531 2486 2601 impotentia
2514 2544 2840 2601 promanare
2875 2531 3059 2585 doceri
3098 2538 3333 2601 oportet.
3366 2532 3443 2586 Ita
3472 2531 3643 2587 fatum

2071 2622 2217 2677 aliud
2244 2623 2519 2677 inﬁrmum
2542 2662 2556 2686 ,
2585 2621 2732 2675 aliud
2760 2629 2953 2691 potens
2980 2622 3326 2677 statuendum
3353 2623 3478 2678 erit.
3503 2624 3643 2688 Quia

2070 2718 2214 2771 enim
2261 2719 2383 2771 vita:
2434 2716 2720 2786 longitudo
2762 2715 3007 2784 ejusdem
3053 2717 3309 2771 brevitati
3361 2718 3642 2771 contraria

2070 2817 2189 2870 est,
2225 2809 2491 2878 principia
2526 2808 2712 2878 utique
2746 2807 2885 2862 inter
2916 2822 2976 2861 se
3008 2809 3283 2862 contraria
3316 2810 3420 2865 sibi
3465 2809 3644 2864 vindi-

2071 2899 2289 2953 cabunt.
2324 2896 2605 2967 Siquidem
2652 2914 2809 2951 nemo
2842 2896 2908 2950 ad
2938 2897 3185 2952 eamdem
3227 2913 3447 2954 causam
3490 2910 3641 2955 retu-

2072 2991 2194 3045 Ietit
2225 3001 2277 3046 et
2304 2991 2690 3045 beatitudinem
2739 3000 2794 3044 et
2835 2992 3140 3056 miseriam;
3183 2992 3278 3047 sed
3322 2993 3369 3047 si
3412 2993 3503 3047 illa
3545 3009 3641 3063 per

2072 3083 2365 3150 potentiam
2402 3083 2699 3152 potiamur,
2727 3083 2841 3137 haec
2872 3084 3092 3138 omnino
3120 3094 3339 3155 propter
3366 3084 3637 3141 defectum

1993 3202 2038 3261 α
2072 3174 2332 3243 potentiae
2358 3190 2468 3229 non
2495 3176 2622 3229 erit.
2652 3176 2869 3231 Miseria
2897 3178 3097 3247 quippe
3121 3179 3175 3231 in
3206 3194 3270 3233 eo
3293 3180 3374 3233 vel
3402 3181 3639 3236 maxime

2074 3267 2363 3331 consistit,
2417 3266 2561 3335 quod
2611 3267 3004 3323 beatitudinem
3049 3271 3175 3338 quis
3222 3273 3485 3341 consequi
3536 3289 3643 3329 non

2072 3358 2267 3428 possit.
2316 3359 2607 3411 Enimvero
2652 3359 2837 3428 plures
2878 3360 3045 3413 vitam
3093 3362 3298 3430 degunt
3342 3365 3641 3433 miseram;

2074 3448 2167 3502 tati
2193 3464 2325 3519 ergo
2354 3447 2647 3503 inﬁrmitas
2678 3464 2840 3519 quam
2872 3450 3114 3519 potentia
3150 3462 3235 3508 est
3267 3454 3443 3523 major
3473 3462 3527 3510 et
3564 3455 3646 3511 ef-

2075 3539 2317 3593 ﬁcacior.
2352 3538 2449 3593 Ubi
2484 3554 2634 3593 nunc
2664 3547 2750 3594 est
2778 3539 2983 3594 invicta
3016 3541 3106 3594 illa
3134 3582 3148 3605 ,
3199 3550 3253 3595 et
3298 3544 3646 3614 omnipotens

2073 3639 2235 3699 atque
2298 3628 2668 3683 ineluctabilis
2708 3629 3045 3697 necessitas,
3099 3640 3158 3683 ιιι
3195 3631 3249 3685 in
3289 3648 3354 3687 ea
3399 3635 3644 3691 omnium

2072 3734 2253 3773 rerum
2286 3719 2648 3772 humanarum
2685 3726 3008 3788 potestatem
3048 3733 3171 3775 esse
3213 3722 3445 3791 positam
3488 3732 3646 3794 pute-

2072 3827 2215 3877 mus,
2247 3825 2410 3881 quam
2438 3810 2634 3878 majori
2662 3826 2725 3865 ex
2754 3818 2910 3881 parte
2936 3810 3210 3865 infirmam
3243 3828 3364 3869 esse
3393 3829 3647 3885 compro-

2070 3904 2363 3959 bavimus?
2397 3904 2503 3959 Sed
2538 3904 2686 3959 dices
2721 3905 2827 3957 hoc
2860 3904 3024 3958 istum
3047 3944 3062 3968 ,
3096 3904 3260 3959 alium
3292 3906 3438 3959 aliud
3473 3907 3643 3973 velle,

2070 3995 2125 4048 in
2163 4003 2394 4063 utroque
2425 4003 2605 4047 tamen
2640 3992 2690 4046 id
2726 3994 2907 4048 valere
2947 3994 3093 4064 quod
3136 3996 3283 4050 velit.
3331 3994 3463 4061 Quae
3514 4014 3644 4052 vero

2074 4086 2235 4154 hujus
2273 4087 2610 4139 voluntatum
2639 4085 2972 4140 diversitatis
2996 4097 3079 4140 est
3109 4087 3319 4141 causa?
3356 4086 3645 4145 Faciamus

2070 4194 2194 4233 esse
2240 4179 2378 4232 duos
2423 4178 2709 4239 homines,
2760 4177 2851 4246 qui
2896 4177 3032 4231 nihil
3079 4177 3222 4232 inter
3262 4194 3321 4234 se
3351 4180 3641 4245 diﬂerant,

2072 4281 2262 4326 neuter
2288 4272 2401 4326 sive
2426 4272 2627 4325 bonum
2666 4272 2782 4326 sive
2811 4272 3014 4325 malum
3046 4272 3190 4325 ultro
3217 4272 3290 4327 sit
3323 4273 3603 4342 amplexus
3624 4314 3641 4338 ,

2072 4364 2163 4418 sed
2196 4364 2285 4417 hic
2313 4364 2475 4433 paulo
2510 4370 2635 4417 ante
2672 4379 2738 4418 ex
2777 4372 3025 4418 materno
3072 4373 3227 4420 utero
3260 4364 3563 4434 prodierit,
3594 4367 3641 4420 si

2070 4471 2198 4511 casu
2232 4456 2311 4511 sic
2343 4472 2465 4511 eum
2501 4465 2694 4508 natura
2727 4454 3009 4520 effuderit,
3041 4455 3129 4511 ille
3154 4456 3240 4510 vel
3273 4458 3533 4512 continuo
3558 4459 3643 4511 vel

403 4562 486 4598 σιν
520 4543 870 4615 παραλλαγὴν
902 4541 987 4594 ἐπ’
1013 4541 1334 4613 ἀμφοτέρων
1361 4540 1577 4609 βλέπεις
1599 4580 1614 4602 ,
1641 4535 1764 4591 οὔτε
1795 4536 1968 4607 τούτῳ

2072 4548 2231 4618 paulo
2263 4556 2402 4617 post.
2438 4546 2555 4602 Non
2591 4548 2781 4602 eadem
2833 4546 3102 4601 ambobus
3134 4547 3243 4601 vita
3276 4556 3427 4603 sorte
3460 4549 3643 4603 obtin-

400 4636 461 4691 τὸ
499 4636 658 4689 καλὸν
682 4676 697 4701 ,
731 4635 763 4705 ἢ
798 4632 996 4703 φαῦλον
1016 4635 1079 4686 ἐκ
1106 4632 1476 4704 προαιρέσεως
1497 4671 1512 4694 ,
1552 4629 1674 4683 οὔτε
1696 4628 1774 4699 τῷ
1802 4628 1966 4697 ἄλλῳ,

399 4729 513 4783 ἀλλ’
534 4722 690 4791 οὗτος
714 4727 906 4798 μικρόν
934 4744 986 4778 τι
1037 4724 1129 4778 τοῦ
1159 4725 1350 4795 χρόνου
1382 4722 1665 4793 προλαϐὼν
1690 4763 1704 4785 ,
1736 4721 1837 4791 τῆς
1873 4736 1971 4790 μη-

398 4820 578 4892 τρῴας
603 4817 792 4890 νηδύος
824 4817 1088 4887 ἐξέθορεν,
1130 4815 1272 4869 οὓτω
1299 4814 1440 4868 κατὰ
1468 4813 1528 4867 τὸ
1556 4814 1768 4885 συμϐὰν
1806 4812 1968 4865 αὐτὸν

398 4909 923 4980 ἀποσκευασαμένης
950 4909 1049 4979 τῆς
1076 4909 1287 4977 φύσεως
1310 4923 1324 4937 ·
1366 4908 1570 4970 ἐκεῖνος
1599 4906 1654 4959 δὲ
1683 4904 1818 4975 μετά
1848 4904 1969 4956 τού-

397 5020 486 5055 τον
511 5044 526 5067 ,
578 5001 612 5073 ἢ
653 5002 814 5065 εὐθὺς
860 5000 893 5073 ἢ
924 5003 1039 5071 μετ’
1066 5000 1263 5069 ὀλίγον.
1295 4999 1402 5052 Καὶ
1447 4997 1584 5069 μετά
1618 4997 1774 5050 τοῦτο
1804 4996 1899 5065 ούχ
1939 4996 1967 5047 6

396 5094 559 5157 αὐτὸς
606 5094 935 5164 ἀμφοτέροις
972 5092 1084 5163 βίος
1130 5093 1564 5164 ἀποκληροῦται,
1618 5090 1731 5144 ἀλλ’
1778 5092 1806 5142 6
1847 5090 1965 5159 μὲν,

397 5184 701 5255 εὐδαίμων,
749 5184 782 5255 ἢ
817 5184 1102 5255 βασιλεὺς,
1136 5184 1200 5237 ἂν
1238 5183 1381 5237 οὕτω
1412 5182 1584 5255 τύχῃ,
1636 5179 1821 5252 χρυσῷ
1872 5182 1965 5233 καὶ

398 5277 688 5349 πορφυρίδι
718 5278 868 5349 παρά
887 5278 983 5348 τὴν
1014 5276 1236 5349 πρώτην
1265 5276 1476 5346 γένεσιν
1503 5274 1869 5343 ἐνειλούμενος
1896 5292 1909 5306 ·
1937 5276 1966 5327 6

393 5362 472 5425 δὲ,
499 5363 638 5427 τινὸς
664 5364 773 5417 τῶν
798 5365 1066 5435 πενιχρῶν
1090 5366 1123 5435 ἢ
1150 5366 1375 5428 δούλων,
1414 5366 1534 5419 οὐδὲ
1568 5365 1775 5437 ῥακίοις
1814 5366 1965 5434 παρὰ

394 5457 501 5508 τῶν
551 5457 966 5527 γεννησαμένων
1014 5458 1175 5511 αὑτὸν
1222 5455 1719 5527 σπαργανούμενος.
1760 5456 1826 5508 Τί
1871 5451 1964 5509 οὖν

396 5546 647 5617 ἠδίκησεν
668 5587 682 5610 ,
710 5546 742 5617 ἢ
772 5545 1058 5618 προλαϐὼν
1097 5547 1130 5617 ἢ
1172 5547 1528 5616 ὲφυστερίσας
1572 5544 1650 5616 τῷ
1675 5546 1850 5617 χρόνῳ
1885 5564 1964 5616 μι-

396 5638 544 5709 κρὸν,
575 5640 637 5691 ού
679 5639 797 5693 κατ’
828 5640 1035 5694 οίκείαν
1072 5639 1329 5711 πρόθεσιν
1349 5681 1363 5703 ,
1409 5638 1543 5692 ἀλλά
1569 5638 1709 5691 κατά
1735 5638 1835 5709 τὴν
1862 5638 1962 5707 τῆς

395 5728 607 5797 φύσεως
635 5729 863 5800 κίνησιν,
895 5730 971 5794 ὠς
999 5729 1163 5784 αὑτοῦ
1206 5729 1393 5784 τούτου
1420 5730 1604 5783 ἕνεκεν
1648 5729 1965 5800 ἀποκληρωο

397 5821 549 5894 θῆναι
608 5822 699 5875 τοῦ
742 5821 857 5889 βίον.)
907 5822 1003 5893 τὴν
1048 5822 1300 5891 ἀτιμίαν;
1342 5822 1498 5876 ποίαν
1537 5821 1631 5887 τῆς
1672 5821 1959 5890 δεσποίνης

2072 4639 2148 4707 git
2169 4677 2185 4700 ,
2215 4636 2308 4692 sed
2343 4638 2480 4691 alter
2512 4637 2642 4691 felix
2676 4646 2771 4691 aut
2800 4638 3025 4692 omnino
3053 4653 3146 4691 rex
3180 4637 3467 4701 fortassis,
3506 4654 3642 4695 auro

2069 4736 2123 4781 et
2164 4740 2404 4796 purpura
2452 4734 2615 4780 natus
2658 4741 2781 4781 mox
2834 4727 3153 4792 involvitur,
3194 4727 3333 4782 alter
3383 4729 3641 4798 pauperis

2068 4816 2339 4886 alicujus,
2384 4827 2479 4871 aut
2520 4816 2685 4871 etiam
2732 4817 2874 4872 servi
2913 4818 3058 4873 ﬁlius
3092 4834 3161 4874 ne
3202 4819 3397 4874 laceris
3418 4820 3639 4888 quidem

2067 4909 2264 4979 pannis
2293 4924 2322 4960 a
2365 4908 2685 4978 parentibus
2731 4908 3011 4978 intr-gitur.
3053 4908 3197 4976 Quid
3239 4926 3371 4980 ergo
3410 4912 3641 4983 deliquit

2066 5000 2210 5069 quod
2267 5002 2429 5070 paulo
2481 5001 2644 5056 citius
2697 5001 2781 5056 vel
2824 5002 3036 5057 tardius
3082 5006 3255 5058 altero
3285 5005 3358 5059 sit
3395 5007 3643 5077 progeni-

2066 5100 2157 5147 tus
2178 5134 2192 5156 ,
2227 5092 2388 5161 idque
2422 5107 2531 5146 non
2560 5108 2662 5146 suo
2689 5094 2957 5160 consilio,
2987 5095 3081 5149 sed
3117 5108 3328 5151 natura:
3359 5107 3546 5165 motu,
3580 5106 3641 5153 ut

2065 5182 2272 5237 idcirco
2318 5184 2483 5237 vitam
2535 5185 2827 5240 sortiretur
2877 5186 3302 5243 inhonoratam?
3330 5189 3505 5256 Quam
3538 5206 3638 5247 vos

2066 5275 2155 5329 hic
2182 5274 2555 5330 defensionem
2592 5292 2693 5346 pro
2722 5286 2904 5332 vestra
2952 5279 3041 5333 illa
3091 5280 3311 5334 domina
3355 5280 3639 5338 aﬁ‘eretis?

2069 5366 2168 5422 Ubi
2209 5366 2417 5435 justitia
2442 5406 2458 5431 ,
2494 5368 2583 5421 ubi
2620 5368 2826 5438 pietas,
2861 5371 2951 5424 ubi
3002 5372 3253 5427 numen?
3301 5388 3430 5427 num
3486 5374 3637 5430 dices

2064 5456 2233 5511 fatum
2288 5458 2425 5512 nihil
2477 5459 2674 5514 horum
2716 5476 2951 5528 curare,
2986 5478 3165 5533 neque
3209 5465 3428 5520 Virtutis
3467 5466 3637 5521 ratio-

2064 5563 2187 5603 nem
2233 5547 2470 5612 habere,
2513 5565 2689 5620 neque
2733 5552 2873 5606 bono
2915 5553 3173 5624 cuiquam
3226 5556 3634 5626 providere?si

2064 5651 2171 5691 non
2200 5635 2353 5700 istis,
2401 5638 2589 5708 utique
2631 5640 2925 5694 contrariis
2967 5643 3166 5697 studiis
3201 5644 3454 5708 vacabit,
3503 5647 3633 5716 quia

2062 5738 2278 5783 constat
2306 5729 2450 5798 quod
2488 5746 2515 5783 a
2547 5731 2689 5785 bono
2717 5732 3015 5797 abhorret,
3060 5734 3112 5789 id
3159 5751 3283 5789 cum
3332 5737 3473 5793 malo
3514 5753 3635 5793 esse

2062 5821 2439 5893 conjunctum.
2503 5822 2689 5881 Neque
2747 5825 2888 5891 hoc,
2950 5827 3205 5898 inquies,
3261 5846 3435 5898 neque
3496 5831 3634 5889 illud
