4066 6374
462 347 565 403 159

1658 342 1715 399 S.
1749 336 2078 396 GREGORII
2109 334 2409 394 NYSSENI

3604 334 3706 390 {60

456 464 507 517 ei
548 475 696 515 curae
743 466 846 516 est.
903 455 1212 514 Inanimum
1263 472 1434 531 ergo,
1498 472 1677 528 neque
1716 456 2027 511 voluntario

2134 453 2286 523 ὑμῶν
2311 452 2527 525 ἐκείνης
2550 451 2643 507 ἐπὶ
2664 452 2777 516 τοῖς
2801 467 3063 515 ταουτοις
3087 448 3383 518 ἀπολογισν
3410 447 3669 519 εὑρήσετε
3690 468 3703 509 ;

455 549 689 620 judicio,
736 564 915 618 neque
952 548 1081 602 boni
1128 548 1326 602 malive
1372 547 1687 617 cognitione
1739 546 2027 616 praeditum

457 656 581 696 esse
606 638 869 703 aﬂirmas,
896 640 945 693 si
974 640 1178 704 anima,
1205 641 1438 701 ratione,
1464 646 1519 693 et
1555 639 1832 691 voluntate
1854 643 2026 699 caret,

457 745 637 800 neque
666 745 764 799 per
790 746 849 785 se
878 731 1150 786 subsistit.
1183 731 1250 783 Et
1294 729 1477 784 adhuc
1523 737 1729 783 tantam
1781 728 1830 785 ei
1864 727 2029 797 largi-

458 820 590 875 tuini
641 828 999 890 potestatem,
1052 830 1115 875 ut
1170 820 1479 875 animantes
1538 818 1752 873 arbitrii
1796 833 2029 888 capaces

456 912 791 975 moderetur,
832 920 886 967 et
915 920 1065 981 regat
1097 927 1161 966 ea
1217 926 1339 981 quae
1387 912 1719 977 subsistunt,
1775 909 1829 964 id
1884 908 2029 980 quod

458 1002 685 1059 minime
748 1002 1044 1069 subsistit,
1095 1018 1291 1073 expers
1346 1003 1470 1057 vitae
1526 1002 1824 1073 participes
1876 1002 2026 1066 vitze,

458 1095 726 1151 animatas
780 1094 1105 1161 inanimum,
1164 1109 1357 1149 exsors
1411 1094 1626 1148 consilii
1680 1100 1735 1148 et
1787 1092 2027 1159 virtutis,

455 1194 781 1252 consortes;
815 1186 1074 1257 denique,
1103 1185 1246 1241 entia
1280 1199 1388 1239 non
1409 1199 1528 1240 ens.
1554 1182 1689 1237 Nam
1711 1198 1821 1255 quo
1843 1199 2029 1239 rerum

456 1290 656 1346 genere
706 1275 1019 1331 continetur
1074 1274 1244 1336 istud,
1279 1273 1439 1341 cujus
1487 1288 1689 1329 nomen
1744 1280 2030 1343 tantopere

454 1364 701 1435 jactatis,
739 1365 957 1421 fatum?
1006 1365 1226 1420 Animal
1257 1379 1366 1419 non
1400 1372 1506 1431 est,
1550 1366 1606 1420 in
1658 1365 1884 1421 zodiaco
1918 1380 2029 1420 non

458 1458 726 1523 cernitur,
754 1456 901 1513 Deus
931 1473 1039 1513 non
1075 1458 1330 1513 habetur.
1361 1458 1465 1525 Qui
1505 1457 1650 1514 enim
1685 1456 1829 1513 Deus
1857 1465 2027 1526 esset,

457 1548 552 1617 qui
575 1561 751 1618 neque
776 1548 1014 1612 virtutis,
1032 1563 1211 1619 neque
1234 1548 1508 1619 aequitatis
1534 1548 1700 1603 ducat
1721 1548 2030 1604 rationem?

458 1638 615 1705 Quod
649 1653 779 1695 vero
804 1638 944 1695 nihil
971 1655 1038 1695 ex
1065 1640 1151 1694 his
1182 1639 1347 1696 rebus
1368 1648 1473 1702 est,
1492 1640 1621 1710 quid
1654 1640 1871 1695 tandem
1898 1640 2029 1695 est?

461 1730 568 1788 Sed
611 1732 825 1788 videtur
877 1747 909 1786 ει
946 1732 1103 1787 vobis
1143 1731 1314 1787 fatum
1347 1731 1455 1786 dici
1503 1732 1736 1802 quodvis
1767 1731 2029 1802 temporis

2129 546 2241 600 Ποῦ
2268 544 2329 599 τὸ
2365 546 2605 612 δὶκαιον;
2632 543 2743 598 Ποῦ
2780 544 2841 597 τὺ
2869 543 3126 608 εὐσεϐέςς
3160 541 3271 596 Ποῦ
3316 541 3377 595 τὸ
3414 543 3595 607 ὄσιονς
3636 542 3705 596 Ἦ

2128 637 2337 690 τούτων
2363 637 2575 700 οὐδενὸς
2611 635 2791 707 μέλειν
2820 634 2927 706 φῂς
2960 636 3024 704 τῇ
3055 631 3386 705 εἱμαρμένῃ.
3420 630 3538 684 οὐδὲ
3570 629 3708 702 πρὸς

2130 728 2328 799 ἀρετὴν
2362 728 2580 797 βλέπειν
2605 766 2621 791 ,
2667 726 2787 779 οὐδέ
2814 743 2958 789 τινος
2984 724 3093 778 τῶν
3138 724 3356 793 ἀγαθῶν
3389 721 3706 792 ἐπιμέλειαν

2130 816 2305 888 ἔχειν;
2336 815 2543 869 Οὐκοῦν
2584 819 2633 870 εἱ
2685 816 2758 887 μὴ
2800 815 2971 869 ταῦτα
2997 814 3085 868 διὰ
3114 813 3348 885 σπουδῆς
3376 814 3522 865 ἐστιν
3544 813 3703 884 αὐτῇ,

2131 907 2259 979 περὶ
2282 907 2343 960 τὸ
2372 908 2611 961 ἐναντίον
2652 907 2867 971 πάντως
2900 906 3328 978 ἀσχοληθήσεται
3356 922 3371 938 ⁸
3414 908 3448 977 ἡ
3477 906 3586 977 γὰρ
3609 906 3703 961 τοῦ

2129 998 2336 1067 ἀγαθοῦ
2366 998 2716 1071 ἀλλοτρίωσις
2738 1040 2755 1067 ,
2794 984 3064 1071 τὴν⁶πρδς
3094 998 3157 1052 τὸ
3198 999 3367 1053 κακὸν
3400 987 3707 1069 οἰκειότητα

2132 1091 2320 1162 σαφῶς
2374 1092 2758 1146 ἐπιδείκνυσιν.
2811 1090 2949 1143 Ἀλλ’
2981 1088 3104 1144 οὔτε
3139 1091 3295 1145 τοῦτο
3345 1091 3506 1162 τυχὸν
3531 1132 3546 1155 ,
3586 1092 3707 1147 οὐδὶ

2130 1182 2307 1237 ἐκεῖνο
2335 1181 2423 1235 διά
2452 1181 2731 1253 φροντίδος
2758 1177 2895 1234 εἷναι
2923 1180 3103 1250 λέγεις
3133 1182 3304 1253 αὐτῇς
3339 1179 3549 1236 Οὐκοῦν
3570 1182 3708 1253 ἀψυ-

2128 1290 2225 1343 χον
2257 1273 2389 1327 αὐτὸ
2417 1274 2525 1345 φῂς
2553 1269 2688 1326 εἶναι
2714 1273 2810 1326 καὶ¹
2838 1272 3218 1344 ἀπροαίρετον,
3274 1273 3369 1327 καί¹
3402 1273 3571 1327 καλοῦ
3610 1275 3706 1328 καὶ

2130 1363 2371 1435 χείρονος
2424 1363 2822 1434 ἀνεπαίσθητον
2860 1380 2875 1397 ·
2939 1366 2986 1417 εἱ
3037 1363 3094 1417 δὲ
3150 1366 3285 1435 μήτε
3335 1364 3511 1437 ψυχὴν
3570 1368 3704 1438 μήτε

2130 1457 2448 1528 προαίρεσιν
2472 1455 2604 1527 ἔχει,
2637 1457 2774 1528 μήτε
2805 1458 2925 1511 κατ’
2969 1456 3103 1509 ἱδίαν
3138 1456 3422 1527 θεωρεῖται
3466 1459 3703 1512 ὑπόστα-

2131 1566 2244 1603 σιν·
2278 1548 2395 1613 πῶς
2419 1548 2688 1620 τοσαύτην
2729 1552 3086 1622 μαρτυρεῖται
3126 1550 3253 1621 παρ’
3281 1550 3408 1621 ὑμῖν
3434 1550 3576 1621 ἔχειν
3605 1549 3706 1622 τήν

2128 1640 2391 1712 δύναμιν,
2431 1640 2571 1694 ὥστε
2614 1639 2723 1695 τῶν
2758 1641 3153 1713 προαιρετικῶν
3183 1640 3337 1705 ζώων
3373 1642 3703 1707 ἐπιστατεῖν,

2132 1733 2227 1786 καὶ
2258 1734 2479 1804 κρατεῖν
2525 1733 2634 1785 τῶν
2675 1733 3000 1802 ὑφεστώτων
3044 1734 3102 1787 τὸ
3152 1733 3520 1787 ἀνυπόστατον
3542 1774 3558 1799 ,
3598 1734 3705 1788 τῶν

459 1832 835 1882 momentum:
896 1823 1169 1894 siquidem
1219 1832 1437 1893 tempus
1492 1838 1615 1879 sese
1678 1824 1747 1879 ad
1809 1838 2028 1878 omnem

2135 1793 2470 1895 μετεχόντων
2509 1822 2657 1894 ζωῆς
2709 1793 2771 1877 τὸ
2818 1824 3083 1895 ἀμέτοχον
3113 1864 3129 1890 ,
3184 1825 3293 1877 τῶν
3340 1793 3598 1897 ἐμψύχων
3646 1825 3708 1880 τὸ

460 1927 668 1974 motum
692 1918 807 1973 sive
833 1916 1117 1971 ﬂuminum
1148 1916 1265 1972 sive
1285 1917 1568 1972 stellarum
1597 1915 1714 1971 sive
1744 1914 2029 1970 hominum

458 2008 724 2065 extendit.
757 2006 945 2079 Neque
994 2006 1165 2063 refert
1223 2007 1339 2061 sive
1388 2006 1536 2060 ﬂuvii
1573 2016 1726 2061 motu
1777 2005 2031 2077 designes

460 2100 777 2156 insecabilia
805 2098 1103 2168 cujuslibet
1134 2096 1393 2153 instantis
1427 2100 1690 2167 temporis
1728 2104 2030 2167 segmenta,

461 2193 577 2248 sive
603 2191 759 2246 navis
790 2190 843 2244 vi
876 2198 1166 2244 ventorum
1202 2189 1439 2259 agitatae,
1470 2188 1586 2243 sive
1618 2188 1898 2243 hominum
1926 2188 2033 2242 iter

461 2283 801 2345 facientium,
852 2282 965 2337 sive
1021 2288 1297 2337 astrorum
1335 2294 1457 2351 quae
1499 2287 1840 2334 moveantur.
1882 2278 2032 2334 Unus

458 2376 606 2432 enim
635 2384 719 2431 est
751 2374 997 2428 omnium
1028 2388 1150 2442 quae
1179 2372 1299 2427 loco
1326 2378 1613 2426 moventur
1650 2371 1939 2437 terminus,
1971 2376 2032 2423 ut

460 2468 695 2538 migrent
729 2481 798 2520 ex
822 2480 890 2519 eo
924 2467 979 2518 in
1012 2478 1121 2533 quo
1150 2470 1300 2526 sunt,
1337 2463 1424 2518 vel
1474 2462 1530 2517 in
1577 2461 1633 2516 id
1682 2463 1737 2515 in
1780 2475 1891 2531 quo
1922 2476 2031 2515 non

460 2566 610 2615 sunt.
647 2557 803 2624 Quod
842 2557 888 2612 si
918 2571 1096 2626 neque
1124 2554 1436 2617 ﬂuminum,
1481 2569 1661 2624 neque
1690 2554 2029 2624 navigiorum

461 2658 667 2715 motus,
694 2663 872 2718 neque
904 2648 1186 2702 hominum
1228 2647 1529 2701 ambulatio
1578 2646 1864 2701 intervalla
1896 2656 2032 2701 tem-

468 2740 619 2810 poris
649 2739 1055 2808 designantium
1084 2737 1327 2793 eﬂiciunt
1379 2736 1549 2791 fatum
1580 2755 1594 2791 :
1628 2751 1729 2791 cur
1773 2736 2032 2805 temporis

462 2831 684 2902 punctis
730 2846 798 2885 ex
851 2830 1094 2884 motione
1154 2828 1437 2883 stellarum
1490 2826 1628 2881 ortis
1689 2826 1863 2879 fatum
1917 2825 2032 2881 ﬂeri

463 2923 703 2995 ﬂngitis‘t
728 2937 828 2977 cur
853 2920 1038 2976 dicitis
1069 2928 1250 2975 motus
1276 2926 1501 2974 caeteros
1532 2904 1654 2974 esse
1672 2918 1759 2973 vel
1789 2927 2033 2987 tempora

461 3016 549 3069 vel
602 3013 804 3069 indicia
853 3012 1158 3084 temporis;
1215 3018 1272 3064 at
1315 3025 1539 3065 veroex
1580 3018 1727 3063 motu
1790 3007 2031 3064 siderum

464 3105 634 3159 fatum
668 3106 935 3161 exsistere
964 3103 1314 3158 observatum
1341 3115 1465 3155 esse
1486 3102 1509 3152 ’ἒ
1531 3098 1642 3153 Cur
1665 3114 1773 3154 non
1803 3099 2034 3170 singulis

462 3198 752 3252 momentis
818 3194 1020 3264 singuli
1080 3192 1330 3247 homines
1394 3192 1734 3247 nascuntur?
1788 3200 2027 3262 repetam

463 3287 609 3341 enim
636 3285 973 3355 superiorem
1001 3283 1322 3338 orationem.
1350 3280 1620 3347 Quoniam
1647 3280 1837 3336 eadem
1863 3295 2033 3337 causa

461 3386 548 3433 est
578 3385 638 3431 ut
680 3376 846 3430 homo
896 3374 968 3429 sit
1024 3374 1216 3429 beatus
1273 3372 1358 3427 vel
1410 3372 1597 3439 miser,
1628 3379 1683 3427 et
1721 3381 1782 3425 ut
1811 3373 2035 3428 omnino

461 3469 571 3527 sit;
602 3468 649 3523 si
685 3474 835 3521 astra
883 3472 1012 3521 sunt
1072 3479 1253 3520 causa:
1286 3471 1601 3528 eventuum,
1656 3463 1750 3533 qui
1798 3463 2035 3519 hominis

462 3571 645 3617 ortum
685 3566 1011 3629 sequuntur,
1062 3572 1290 3627 prorsus
1334 3563 1390 3610 et
1446 3555 1622 3626 ipsius
1674 3555 1839 3610 etiam
1877 3564 2034 3612 ortus

462 3667 643 3709 causa:
680 3661 848 3707 sunt:
880 3651 968 3706 sin
1000 3648 1163 3718 hujus
1198 3661 1377 3703 causae
1415 3661 1525 3700 non
1586 3653 1735 3712 sunt,
1774 3661 1877 3702 nec
1909 3647 2034 3702 illo-

462 3759 584 3800 rum
612 3744 802 3812 utique
835 3750 984 3796 sunt.
1017 3739 1086 3792 At
1138 3753 1268 3793 vero
1313 3745 1461 3792 astra
1520 3752 1630 3793 non
1687 3753 1809 3793 esse
1836 3753 2034 3794 causas

462 3843 639 3899 ortus,
672 3834 756 3888 vel
784 3847 851 3887 ex
885 3847 952 3887 eo
985 3831 1175 3901 liquet,
1216 3828 1367 3899 quod
1414 3830 1647 3898 tempori
1688 3830 2034 3885 continenter

463 3924 653 3979 ﬂuenti
685 3936 1027 3993 nequaquam
1073 3918 1366 3973 continens
1413 3916 1691 3971 hominum
1745 3928 1901 3973 ortus
1946 3936 2033 3973 re-

464 4015 751 4086 spondeat,
790 4014 886 4070 sed
922 4015 1395 4080 interrumpatur:
1450 4010 1541 4063 illa
1590 4018 1773 4065 autem
1807 4011 1917 4065 t‘ata
1966 4027 2034 4067 ex

464 4110 652 4165 ﬂuenti
702 4116 956 4177 tempore
984 4120 1048 4158 ac
1106 4103 1440 4172 sempiterna
1497 4101 1739 4157 siderum
1794 4103 2036 4159 motione

465 4200 586 4256 sine
612 4198 722 4252 ullo
750 4206 1053 4252 nascuntur
1093 4195 1407 4259 intervallo,
1442 4195 1588 4263 quod
1638 4196 1723 4248 vel
1750 4211 1915 4251 sensu
1950 4198 2036 4251 vel

464 4289 824 4357 intelligentia
874 4286 1080 4357 percipi
1133 4294 1321 4355 queat.
1382 4284 1671 4351 Quodnam
1725 4286 1893 4357 igitur
1953 4298 2037 4344 est

463 4376 613 4431 istud
646 4375 863 4430 fatum?
890 4376 1033 4445 quod
1063 4390 1305 4430 unumne
1338 4375 1410 4430 sit
1453 4378 1724 4446 generale,
1778 4394 1846 4432 an
1880 4379 2035 4448 plura

2131 1915 2369 1985 ἄψυχον,
2402 1913 2511 1967 τῶν
2543 1915 2601 1967 ὲν
2638 1914 2959 1985 προαιρέσει
2999 1914 3282 1978 συζώντων
3309 1917 3371 1969 τὸ
3414 1915 3707 1987 ἀπροαίρε-

2130 2023 2222 2061 τον
2242 2046 2261 2071 ,
2284 2005 2397 2060 τῶν
2428 2005 2629 2078 ἀρετὴν
2664 2006 2956 2078 μετιόντων
2985 2006 3044 2060 τὸ
3069 2008 3270 2079 ἀρετῆς
3299 2008 3668 2079 ἀπαρόῶεκτον
3687 2023 3704 2041 ο

2130 2094 2361 2151 καθόλου
2386 2094 2494 2148 τῶν
2523 2095 2691 2149 ὄντων
2720 2094 2781 2147 τὸ
2813 2094 2888 2166 μὴ
2917 2095 3001 2162 6v;
3048 2096 3136 2150 Ἑν
3162 2096 3266 2149 τίνι
3295 2097 3403 2168 γὰρ
3428 2098 3705 2169 καταλαμ-

2132 2188 2353 2244 ϐάνεται
2384 2187 2478 2242 τοῦ
2510 2186 2909 2260 θρυλλουμένου
2954 2188 3145 2243 τούτου
3180 2190 3440 2260 ὀνόματος
3490 2193 3523 2262 ἡ
3579 2192 3708 2244 ὑπό-

2134 2299 2355 2349 στασιςς
2391 2281 2538 2336 Ζῶον
2574 2282 2673 2334 οὐκ
2711 2280 2892 2346 ἔστιν,
2936 2282 2996 2335 ὲν
3024 2285 3338 2353 περιγραφῇ
3373 2282 3470 2354 οὐχ
3495 2286 3705 2354 ὁρᾶται,

2131 2372 2265 2436 Θεὸς
2306 2372 2368 2425 οὐ
2401 2370 2698 2441 νομίζεται.
2732 2371 2857 2435 Πῶς
2886 2370 2995 2442 γὰρ
3023 2371 3157 2435 Θεὸς
3178 2413 3193 2435 ,
3229 2374 3257 2425 6
3301 2372 3375 2444 μὴ
3414 2376 3548 2445 πρὸς
3582 2374 3712 2448 ἀρε-

2131 2462 2232 2535 τὴν
2263 2462 2357 2517 καὶ
2378 2462 2438 2515 τὸ
2460 2462 2663 2515 δίκαιον
2695 2460 2944 2532 βλέπων;
2979 2462 3044 2515 Ὃ
3068 2462 3124 2516 δὲ
3152 2462 3317 2534 μηδέν
3346 2466 3460 2517 ὲστι
3483 2463 3712 2529 τούτων,

2131 2554 2185 2607 τί
2219 2557 2393 2621 ὲστινς
2435 2553 2580 2606 Ἀλλ’
2612 2552 2757 2607 ἔοικε
2790 2553 2921 2625 παρ’
2952 2553 3106 2624 ὑμῶν
3140 2554 3201 2607 τὸ
3234 2556 3320 2608 ἀεὶ
3356 2554 3587 2618 ἐνεστὼς
3614 2556 3706 2609 τοῦ

2133 2648 2347 2717 χρόνου,
2377 2647 2684 2716 εἱμαρμένη
2718 2645 2970 2714 λέγεσθαι
2997 2661 3010 2675 ·
3043 2645 3192 2717 πάσῃ
3226 2647 3335 2717 γὰρ
3366 2649 3574 2719 κινήσει
3598 2648 3707 2700 εἴτε

2133 2736 2395 2808 ποταμῶν
2416 2778 2431 2803 ,
2466 2736 2573 2788 εἴτε
2609 2736 2887 2807 ἀστέρων,
2932 2737 3041 2790 εἴτε
3075 2737 3406 2808 ἀνθρώπων,
3451 2741 3479 2792 6
3519 2741 3709 2811 χρόνος

2135 2830 2678 2901 συμπαρεκτείνεται.
2708 2829 2963 2901 Διαφέρει
2996 2830 3051 2883 δὲ
3075 2829 3224 2883 οὐδὲν
3247 2830 3318 2901 ,ἢ
3354 2830 3507 2885 ὕδατι
3537 2844 3710 2899 προσ-

2137 2921 2447 2992 καθήμενον
2506 2922 2573 2991 τῇ
2651 2920 2862 2991 κινήσει
2897 2918 2991 2973 τοῦ
3034 2920 3299 2990 ῥεύματος
3342 2921 3710 2994 ἀποσημειοῦ-

2137 3010 2259 3064 σθαι
2287 3011 2356 3065 τὰ
2387 3011 2569 3084 ἀκαρῆ
2607 3010 2694 3065 διὰ
2739 3011 2833 3064 τοῦ
2881 3012 2970 3064 ἀεὶ
3010 3012 3303 3077 ἐνεστῶτος
3352 3015 3542 3085 χρόνου
3574 3016 3711 3085 τμή-

2060 3127 2104 3186 C
2140 3116 2307 3171 ματα,
2336 3099 2371 3171 ἢ
2409 3098 2545 3162 νεὼς
2572 3098 2639 3152 δι’
2678 3099 2879 3170 ἀνέμου
2922 3099 3316 3172 κομιζομένης,
3346 3102 3377 3171 ἢ
3409 3102 3712 3173 ἀνθρώπων

2138 3190 2558 3262 ὁδοιπορούντων
2583 3231 2598 3256 ,
2639 3192 2673 3262 ἢ
2715 3191 3048 3261 κινουμένων
3078 3192 3311 3263 ἄστρων.
3344 3189 3439 3257 Εἷς
3477 3194 3584 3267 γὰρ
3614 3196 3708 3250 ἐπὶ

2135 3282 2355 3337 πάντων
2378 3282 2489 3336 τῶν
2516 3282 2894 3351 μεταϐατικῶς
2925 3282 3258 3353 κινουμένων
3276 3285 3400 3354 ὄρος
3419 3288 3705 3358 κινήσεως,

2138 3374 2172 3444 ἢ
2202 3373 2308 3426 ἀπὸ
2336 3372 2430 3427 τοῦ
2465 3374 2523 3427 ὲν
2553 3366 2598 3441 ᾧ
2628 3375 2793 3438 ἐστιν,
2825 3374 2856 3443 ἢ
2886 3373 2977 3426 ἐπὶ
3000 3373 3063 3426 τὸ
3088 3374 3148 3427 ὲν
3248 3376 3349 3428 οὐκ
3377 3375 3511 3441 ἐστι,
3540 3378 3705 3447 μετά-

2141 3481 2349 3528 στασις.
2376 3465 2438 3517 El
2462 3464 2517 3516 δὲ
2547 3462 2670 3517 οὔτε
2712 3466 2745 3535 ἡ
2778 3466 2887 3517 τῶν
2926 3465 3156 3536 ῥείθρων
3182 3466 3359 3537 φορὰ,
3384 3467 3506 3521 οὔτε
3535 3472 3567 3539 ὴ
3598 3469 3709 3523 τῶν

2139 3556 2339 3609 πλοίων
2368 3556 2581 3627 κίνησις
2603 3595 2618 3619 ,
2652 3554 2773 3609 οὔτε
2803 3558 2836 3625 ἡ
2888 3555 2996 3608 τῶν
3036 3556 3337 3628 ἀνθρώπων
3379 3558 3574 3630 πορεία
3612 3578 3710 3631 ση-

2143 3646 2435 3720 μειουμένη
2488 3646 2581 3700 τοῦ
2613 3647 2821 3719 ιχρόνου
2866 3646 2934 3701 τὰ
2970 3647 3312 3721 διαστήματα
3372 3650 3710 3722 εἱμαρμένας

2140 3742 2302 3804 ποιεῖ,
2330 3739 2448 3803 πῶς
2477 3739 2545 3791 τά
2583 3740 2806 3810 χρονικὰ
2840 3742 3044 3810 σημεῖα
3080 3741 3177 3811 τῆς
3221 3742 3331 3795 τῶν
3358 3744 3601 3814 ἀστέρων
3628 3761 3711 3797 κι-

2140 3833 2347 3901 νήσεως
2385 3832 2465 3893 εἱς
2510 3831 2850 3902 εἱμαρμένης
2879 3834 3091 3900 γένεσιν
3123 3833 3412 3899 πλάσσετε,
3445 3836 3538 3889 καί
3572 3853 3707 3904 φατε

2139 3927 2294 3997 τήνδε
2318 3927 2416 3996 τὴν
2440 3925 2609 3996 ὥραν,
2638 3925 2671 3997 ἢ
2699 3928 2796 3996 τῆς
2829 3927 2977 3997 ὥρας
3006 3928 3068 3981 τὸ
3094 3928 3549 4001 πολλοστημόριον
3572 3930 3708 4003 ὅπερ

2140 4018 2275 4088 τῷδε
2332 4017 2408 4088 τῷ
2452 4017 2662 4087 σημείῳ
2708 4019 2805 4088 τῆς
2850 4019 2956 4070 τῶν
3006 4019 3219 4088 ἄστρων
3274 4022 3538 4090 κινήσεως
3582 4022 3708 4092 ἐσηο

2144 4108 2347 4181 μειώθη
2372 4148 2388 4173 ,
2419 4108 2755 4178 εἱμαρμένην
2793 4108 3034 4175 γίνεσθαι
3060 4126 3075 4175 ;
3112 4111 3177 4162 Τί
3208 4106 3301 4163 οὖν
3332 4113 3450 4181 οὐχὶ
3493 4113 3711 4175 πάντως

2141 4202 2304 4255 παντὶ
2332 4200 2539 4270 σημείῳ
2589 4201 2681 4252 καὶ
2710 4200 2767 4251 αἱ
2797 4199 3040 4267 γενέσεις
3086 4198 3195 4255 τῶν
3234 4198 3535 4272 ἀνθρώπων
3575 4218 3710 4270 συμ-

2142 4293 2428 4363 φέρονταις
2457 4289 2624 4342 Πάλιν
2656 4289 2764 4359 γὰρ
2790 4289 2879 4342 τὸν
2907 4288 3067 4342 αὑτὸν
3092 4289 3510 4360 ἐπαναλήψομαι
3532 4290 3709 4355 λόγον.

2141 4382 2278 4453 Παρ’
2308 4376 2382 4435 ὧν
2412 4381 2521 4450 γὰρ
2551 4382 2584 4450 ἡ
2625 4381 2772 4433 αἰτία
2807 4379 2903 4433 τοῦ
2952 4375 3011 4433 εὖ
3050 4380 3083 4450 ἢ
3118 4380 3301 4444 κακῶς
3334 4376 3471 4434 εἶναι
3502 4380 3593 4436 τδν
3620 4381 3710 4433 ἀν-

465 4468 803 4525 scctionibus
861 4466 1125 4537 temporis
1189 4468 1396 4522 minute
1457 4468 1679 4524 concisa
1709 4508 1724 4533 ,
1788 4470 2031 4525 nondum

2145 4473 2360 4546 θρωπον
2379 4512 2393 4536 ,
2423 4472 2573 4543 παρά
2620 4470 2728 4524 τῶν
2759 4471 2938 4525 αὐτῶν
2971 4473 3066 4525 καὶ
3108 4474 3141 4541 ἠ
3174 4471 3269 4525 τοῦ
3307 4467 3444 4525 εἶναι
3494 4472 3710 4538 πάντως

465 4559 681 4613 ratione
720 4557 977 4627 colligere
1015 4558 1189 4627 potui.
1239 4556 1444 4613 Moveri
1478 4568 1627 4613 astra
1675 4559 1880 4625 dicitis,
1934 4577 2035 4617 nos

466 4666 684 4722 quoque
713 4651 954 4705 vicissim
985 4648 1271 4705 ﬂuminum
1322 4661 1529 4706 motum
1569 4651 1939 4721 proferimus;
1980 4662 2037 4707 at

468 4743 560 4798 illa
578 4758 812 4813 semper,
838 4743 955 4797 haec
976 4742 1162 4798 itidem
1182 4754 1470 4813 perpetuo,
1494 4755 1549 4797 at
1570 4745 1663 4798 illa
1684 4745 1737 4798 in
1768 4753 2031 4815 tempore,

467 4846 645 4902 neque
679 4831 793 4886 haec
820 4840 973 4886 extra
1003 4840 1256 4901 tempus;
1289 4841 1346 4886 at
1370 4832 1427 4886 in
1456 4832 1565 4888 illis
1611 4845 1792 4889 motus
1819 4835 2035 4889 initium

467 4924 714 4982 invenire
760 4939 871 4979 non
920 4940 1248 4996 possumus;
1276 4940 1454 4995 neque
1489 4925 1546 4979 in
1592 4924 1700 4980 his.
1724 4924 1831 4980 Par
1854 4928 2037 4997 itaque

466 5024 552 5069 est
580 5016 794 5071 illorum
845 5026 899 5073 et
948 5018 1143 5072 horum
1188 5017 1489 5088 eademque
1539 5020 1696 5075 ratio.
1757 5018 1869 5074 Nec
1906 5035 2036 5076 vero

467 5108 802 5162 contrarium
834 5117 1041 5163 motum
1071 5108 1344 5178 quispiam
1374 5109 1462 5164 his
1495 5110 1877 5181 assignaverit,
1909 5126 2034 5166 cum

466 5214 608 5269 aqua
638 5200 961 5255 naturaliter
996 5215 1213 5270 semper
1250 5215 1281 5254 e
1311 5200 1594 5269 superiore
1629 5203 1751 5257 loco
1795 5202 1851 5257 in
1896 5202 2037 5259 infe-

465 5294 667 5346 riorem
715 5292 934 5347 deﬂuat.
967 5290 1100 5358 Qua:
1136 5307 1259 5347 cum
1314 5292 1391 5347 ita
1446 5293 1578 5357 sint,
1628 5302 1722 5348 aut
1748 5292 2033 5348 ﬂuminum

466 5400 683 5453 quoque
717 5393 919 5437 motum
951 5383 1062 5437 fata
1094 5382 1344 5454 quadam
1382 5384 1545 5440 edere
1592 5385 1898 5450 concedite,
1938 5393 2034 5439 aut

465 5492 641 5545 neque
672 5490 774 5528 nos
802 5491 920 5529 eam
958 5476 1069 5529 vim
1100 5483 1377 5529 astrorum
1424 5474 1595 5530 motui
1644 5476 2029 5531 concedemus.

467 5571 534 5620 At
556 5584 618 5621 ca
649 5567 732 5621 vis
762 5575 868 5632 est,
894 5568 1072 5637 inquit
1105 5567 1218 5630 ille,
1250 5567 1476 5634 Arietis,
1497 5567 1665 5622 Tauri
1704 5576 1760 5622 et
1786 5568 2031 5637 cujusvis

467 5662 714 5729 planelzc.
752 5670 809 5714 ut
838 5661 885 5715 si
914 5661 1041 5731 quis
1065 5660 1171 5716 sub
1203 5660 1391 5730 aliquo
1424 5676 1491 5715 ex
1516 5660 1584 5715 iis
1614 5667 1892 5722 nascatur,
1918 5660 2032 5714 sive

466 5756 684 5827 aliquod
718 5758 1010 5814 erraticum
1040 5755 1195 5813 sidus
1239 5757 1436 5825 solum,
1469 5758 1584 5813 sive
1632 5771 1756 5812 cum
1804 5755 1928 5812 aliis
1973 5756 2029 5811 in

2142 4566 2292 4619 αἰτία
2320 4564 2498 4617 ἐστίν’
2537 4565 2585 4616 εἰ
2613 4559 2706 4616 οὗν
2753 4564 2812 4616 τὸ
2846 4562 2983 4634 μετά
3020 4563 3117 4635 τὴν
3156 4564 3367 4631 γένεσιν
3411 4567 3541 4636 παρ’
3571 4564 3712 4618 ὲκεί-

2141 4674 2248 4711 νων
2272 4698 2287 4721 ,
2323 4657 2538 4719 πάντως
2570 4657 2723 4728 παρὰ
2744 4655 2853 4709 τῶν
2894 4657 3071 4709 αὐτῶν
3107 4658 3201 4710 καὶ
3232 4658 3264 4726 ἡ
3295 4654 3505 4724 γένεσις
3524 4673 3537 4686 ·
3581 4658 3627 4708 εἱ
3650 4653 3706 4710 δὲ

2140 4750 2297 4805 τοῦτο
2324 4750 2422 4802 οὐκ
2456 4750 2515 4800 ὲν
2547 4748 2807 4813 ἐκείνοις,
2851 4749 3067 4811 πάντως
3109 4748 3228 4802 οὐδὲ
3266 4749 3327 4800 τὸ
3357 4748 3493 4819 μετά
3532 4748 3705 4803 τοῦτο.

2154 4841 2315 4895 Ἀλλά
2356 4840 2462 4911 μὴν
2493 4840 2554 4893 τὸ
2597 4842 2669 4910 μὴ
2708 4841 2766 4893 ὲν
2800 4840 3026 4903 ἐκείνοις
3068 4835 3205 4892 εἶναι
3238 4840 3337 4911 τὴν
3368 4839 3616 4908 γένεσιν,
3648 4842 3716 4893 ἐκ

2140 4933 2330 4988 τούτου
2356 4932 2511 5003 δῆλόν
2548 4935 2693 4985 ἐστιν
2715 4946 2730 4961 ο
2765 4933 2829 4985 ἐκ
2874 4931 2968 4985 τοῦ
3008 4931 3080 5003 μὴ
3110 4932 3469 4999 ἀδιαλείπτως
3493 4972 3510 4998 ,
3543 4948 3709 4985 ποτα-

2144 5024 2247 5095 μοῦ
2279 5023 2471 5093 δίκην,
2500 5022 2577 5093 τῷ
2635 5026 2847 5092 συνεχεῖ
2896 5022 2997 5091 τῆς
3050 5022 3347 5092 παροδικῆς
3376 5023 3470 5075 τοῦ
3520 5023 3711 5094 χρόνου

2143 5115 2274 5185 ῥοῆς
2296 5155 2310 5175 ,
2339 5115 2433 5167 καὶ
2468 5114 2567 5177 τὰς
2599 5112 2943 5184 ἀνθρωπίνας
2971 5114 3218 5183 συῤῥὲειν
3241 5113 3350 5167 τῶν
3378 5115 3710 5183 τικτομένων

2140 5208 2381 5276 γενέσεις
2402 5248 2416 5270 ,
2447 5206 2562 5260 ἀλλ’
2591 5208 2649 5260 ὲν
2672 5206 3023 5276 διαλείμμασι
3059 5206 3155 5276 μὲν
3180 5202 3465 5269 εἶναιτοὺς
3496 5208 3708 5269 τόκους·

2138 5300 2238 5369 τῆς
2270 5299 2327 5352 δὲ
2363 5298 2473 5353 τῶν
2508 5298 2709 5369 μοιρῶν
2737 5298 2962 5350 ἐκείνων
3001 5298 3267 5365 γενέσεως
3288 5339 3304 5364 ,
3334 5297 3401 5362 ἃς
3452 5298 3481 5350 6
3523 5297 3713 5368 χρόνος

2141 5391 2278 5461 ῥέων
2305 5390 2384 5460 τῷ
2405 5391 2696 5459 ἀεικινήτῳ
2728 5391 2828 5460 τῆς
2855 5386 2965 5442 τῶν
2984 5391 3196 5459 ἄστρων
3232 5391 3403 5459 φορᾶς
3430 5387 3713 5460 ἐξεργάζε-

2137 5498 2228 5534 ται
2253 5497 2268 5512 ·
2302 5482 2410 5534 οὐδ’
2435 5480 2611 5533 ὁτιοῦν
2649 5480 2763 5533 ἔστι
2795 5480 3092 5550 διάλειμμα
3119 5478 3242 5533 οὔτε
3287 5482 3407 5534 κατ’
3436 5480 3710 5551 αἴσθησιν,

2140 5573 2264 5627 οὔτε
2292 5576 2357 5643 τῇ
2401 5572 2607 5643 διανοίᾳ
2649 5572 2853 5628 λαϐεῖν.
2890 5573 2984 5636 Τίς
3012 5568 3105 5627 οὖν
3144 5574 3324 5644 ἐκείνη
3379 5573 3709 5644 εἱμαρμένη.

2138 5667 2232 5719 εἶτ’
2260 5660 2352 5718 οὖν
2390 5665 2487 5735 μία
2524 5665 2878 5736 γενικωτέρα,
2920 5663 3021 5717 εἴτ’
3055 5661 3148 5719 οὖν
3177 5666 3367 5721 πολλαὶ
3400 5668 3457 5719 αἱ
3484 5666 3576 5719 ἐπὶ
3600 5668 3711 5727 τοῖς

2136 5757 2229 5813 τοῦ
2274 5758 2464 5829 χρόνου
2493 5759 2740 5830 τμήμασι
2785 5757 3450 5830 συλλεπτυνόμεναιιοΰπω
3480 5758 3714 5813 καταλα-
