4066 6374
376 365 468 421 161

1700 376 1980 433 CONTRA
2041 379 2298 437 FATUM.

3512 394 3613 450 l6‘2

371 482 485 537 ϐεῖν
514 484 582 537 δι’
612 485 903 541 ἀκολούθου
930 488 1072 554 τινὸς
1101 490 1130 542 6
1164 490 1320 561 λόγος
1340 493 1640 565 δεδύνηται.
1666 499 1921 553 Κινεῖσθα

2051 500 2183 554 orbe
2208 502 2644 566 circumferetur.
2679 504 2788 560 vita
2821 505 2967 562 illius
2992 506 3085 577 qui
3113 507 3167 561 in
3202 522 3320 562 eam
3360 509 3615 565 inciderit

370 576 439 631 τά
470 575 644 646 ἄστρα
676 578 845 647 φατέ;
876 581 986 634 Καὶ
1025 582 1134 654 γὰρ
1184 585 1277 638 καὶ
1319 587 1480 655 ἡμεῖς
1512 588 1611 657 τὴν
1642 589 1748 642 τῶν
1777 607 1942 644 ποταη

375 662 489 734 μῶν
512 666 978 738 ἁντιπροφέρομεν
1011 672 1241 741 κίνησιν.
1278 673 1441 728 Ἀλλά
1467 675 1551 730 διὰ
1584 678 1780 741 παντὸς
1804 680 1944 733 ἐκεῖ-

370 771 470 812 να.
500 756 609 808 Καὶ
657 757 828 810 ταῦτα
876 760 1139 826 ὡσαύτως
1176 764 1242 818 δι’
1287 765 1427 821 ὅλου.
1482 768 1617 819 Ἀλλ’
1651 771 1832 825 ὲκεῖνα
1884 776 1941 825 ὲν

370 846 573 915 χρόνῳς
609 848 741 901 Οὐδὲ
767 851 939 905 ταῦτα
966 853 1069 919 ἔξω
1106 854 1197 909 τοῦ
1236 857 1449 928 χρόνου.
1491 859 1650 912 ’Λλλά
1682 865 1939 933 χρονικὴν

367 938 467 992 οὐκ
493 938 637 993 ἔστιν
665 944 752 995 ἐπ’
786 944 1007 999 ἐκείνων
1041 948 1214 1018 ἀρχὴν
1242 949 1482 1021 ἐξευρεῖν
1508 955 1604 1022 τῆς
1635 956 1935 1026 κινήσεως;

368 1032 533 1085 Ποίαν
562 1034 617 1086 δὲ
646 1036 853 1100 τούτοις
882 1039 1188 1110 ἐπινοήσεις
1217 1042 1315 1112 τὴν
1355 1044 1462 1097 ἀπὸ
1493 1045 1696 1115 χρόνων
1729 1048 1933 1119 ἀρχην;

379 1123 515 1177 Ἀλλ’
546 1128 727 1180 ἐκεῖνα
753 1130 892 1183 κατὰ
915 1131 982 1184 τά
1011 1133 1146 1185 αὐτὰ
1174 1136 1267 1187 καὶ
1288 1134 1548 1201 ὡσαύτως
1572 1139 1657 1192 ἀεὶ
1684 1144 1932 1210 κινεῖται;

366 1218 498 1273 υύδὲ
545 1220 752 1285 τούτοις
792 1222 857 1276 άν
884 1242 967 1287 τις
996 1227 1095 1296 τὴν
1132 1229 1376 1282 ἐναντίαν
1428 1235 1935 1304 προσμαρτυρήσειε

366 1309 597 1380 κίνησιν,
628 1314 870 1381 φυσικῶς
898 1317 983 1369 ἀεὶ
1009 1317 1099 1370 τοῦ
1128 1317 1314 1383 ὓδατος
1346 1321 1453 1373 ἀπὸ
1478 1321 1569 1374 τοῦ
1599 1323 1934 1394 ὑπερκειμέ-

364 1415 454 1452 νου
504 1401 641 1473 πρὸς
673 1404 733 1456 τὸ
774 1406 976 1477 πρανὲς
1005 1409 1415 1478 καταρρέοντος.
1453 1412 1614 1464 Ὥστε
1642 1413 1673 1482 ἢ
1705 1414 1799 1468 καὶ
1834 1414 1933 1485 τὴν

363 1489 573 1560 κίνησιν
614 1493 721 1545 τῶν
773 1496 1028 1564 ποταμῶν
1067 1498 1405 1568 εἱμαρμένας
1447 1501 1598 1565 τινὰς
1632 1504 1933 1575 ἀπογεννᾷν

364 1583 752 1654 συγχωρήσατε
774 1625 787 1647 ,
820 1586 853 1655 ἢ
896 1586 1016 1641 οὐδὲ
1040 1590 1201 1659 ἡμεῖς
1241 1594 1304 1662 τῇ
1347 1593 1454 1645 τῶν
1481 1594 1693 1666 ἄστρων
1723 1598 1931 1666 κινήσει

361 1672 458 1741 τῆς
479 1672 759 1745 δυνάμεως
787 1677 988 1747 ταύτης
1022 1685 1511 1755 παραχωρήσομεν.
1552 1686 1709 1740 Ἀλλά
1745 1689 1927 1759 τῆσδε,

361 1762 515 1831 φησὶ,
546 1763 645 1834 τῆς
664 1764 940 1835 δυνάμεως
966 1807 981 1830 ,
1011 1770 1039 1821 6
1066 1770 1231 1840 Κριὸς
1260 1772 1291 1843 ἢ
1319 1774 1347 1825 6
1377 1773 1608 1845 Ταῦρος.
1644 1776 1737 1830 καὶ
1765 1777 1929 1847 τῆσδε

2048 592 2263 658 horam,
2318 597 2688 661 intercedente
2731 600 2992 653 virtutum
3052 601 3438 669 conjunctione
3485 620 3613 659 cum

2041 690 2166 737 ortu
2204 687 2536 741 consentiat.
2578 686 2624 741 Ο
2654 687 3159 757 vaniloquentiam!
3207 689 3428 759 inquam
3485 706 3611 759 ego.

2039 778 2281 832 Taurum
2298 778 2434 835 adeo
2450 777 2698 835 servilem
2734 778 2877 835 forte
2915 788 3198 849 propterea
3229 782 3443 847 dicitis,
3482 785 3612 853 quia

2040 866 2095 922 id
2134 871 2333 924 animal
2357 870 2489 939 jugo
2517 870 2791 936 dometur,
2815 872 3054 929 Arietem
3082 881 3274 928 contra
3307 875 3609 931 beneﬁcum

2037 962 2182 1029 quod
2207 964 2383 1017 lanam
2432 962 2570 1017 ferat
2604 982 2618 1018 :
2665 977 2729 1018 ac
2769 964 2817 1018 si
2866 964 2990 1033 quis
3024 964 3128 1019 sub
3165 966 3390 1019 istorum
3436 967 3611 1020 altero

2038 1062 2219 1119 natus,
2254 1064 2350 1113 aut.
2379 1056 2520 1111 alius
2545 1056 2790 1113 vicissim
2833 1072 2864 1111 e
2895 1057 3073 1113 medio
3126 1058 3372 1112 sublatus
3418 1057 3607 1120 fuerit,

2036 1146 2339 1201 commistis
2375 1146 2802 1215 proprietatibus
2842 1158 3044 1202 certam
3075 1147 3366 1216 quamdam
3401 1156 3608 1204 sortem

2034 1238 2389 1292 nascentibus
2408 1239 2686 1293 olwenire.
2714 1239 2856 1304 Quid
2884 1240 3055 1308 ergo?
3078 1239 3166 1294 dic
3197 1240 3329 1293 mihi
3351 1282 3365 1303 ,
3394 1253 3611 1309 sponte-

2034 1343 2103 1383 ne
2137 1338 2228 1384 aut
2251 1338 2442 1385 taurus
2475 1332 2578 1385 sub
2602 1331 2750 1401 jugis
2780 1339 2888 1391 est.
2925 1341 3019 1386 aut
3047 1334 3190 1386 aries
3222 1333 3438 1402 gaudet,
3481 1350 3606 1389 cum

2032 1420 2332 1475 tondetur?
2362 1420 2557 1475 Damni
2594 1424 2720 1477 item
2759 1439 2823 1476 ac
2849 1423 3087 1493 torporis
3130 1421 3389 1477 aﬁerendi
3432 1424 3607 1479 facul-

2032 1517 2117 1563 tas
2146 1520 2231 1566 est
2266 1510 2315 1565 ei
2348 1510 2438 1580 qui
2472 1511 2587 1565 obit
2614 1528 2930 1582 supremum
2973 1514 3195 1574 ctelum.
3227 1513 3311 1567 vel
3346 1515 3604 1570 caliditas

2032 1600 2210 1663 Marti,
2245 1603 2326 1657 vel
2373 1603 2549 1659 cuivis
2587 1605 2676 1658 alii
2707 1605 2879 1659 stella:
2913 1606 3117 1660 volenti
3162 1619 3260 1659 sua
3308 1604 3391 1660 vis
3440 1606 3602 1672 inest,

2031 1705 2099 1744 an
2129 1690 2355 1746 invita}?
2389 1690 2445 1746 Si
2473 1693 2691 1761 quidem
2720 1695 2966 1750 volentes
3020 1695 3073 1749 in
3130 1696 3289 1749 malis
3334 1707 3482 1760 sunt,
3539 1714 3605 1754 ac

2029 1781 2335 1836 voluntaria
2373 1784 2674 1839 nocendivi
2706 1786 2964 1854 praeditte,
3003 1788 3251 1858 quisquis
3293 1790 3344 1845 id
3379 1791 3601 1855 fatetur,

358 1850 466 1904 τῶν
494 1851 779 1922 πλανητῶν
807 1855 1051 1920 ἕκαστος.
1088 1859 1255 1912 Ὅταν
1284 1857 1375 1914 οῦν
1408 1862 1466 1915 ἐν
1490 1863 1571 1916 ἐνὶ
1596 1864 1799 1917 τούτων
1837 1865 1921 1934 γέ-

2034 1874 2211 1944 palam
2248 1874 2492 1932 infelices
2524 1878 2863 1945 pronuntiat,
2907 1880 3050 1949 quod
3093 1880 3371 1936 meliorem
3398 1890 3603 1938 sortem

357 1956 544 2013 νηται,
584 1944 617 2015 ἢ
656 1946 795 2000 κατά
832 1948 997 2017 μόνας
1029 1948 1062 2018 ἢ
1108 1949 1226 2020 μεθ’
1269 1952 1470 2024 ἑτέρων
1500 1955 1819 2026 περιοδικῶς
1847 1974 1930 2021 τις

354 2032 465 2085 τῶν
500 2034 784 2106 πλανητῶν
816 2038 920 2091 ὑπὸ
951 2038 1045 2093 τοῦ
1079 2041 1276 2096 κύκλου
1312 2046 1794 2119 περιαγόμενος,ὴ
1831 2049 1929 2119 τῆς

356 2123 635 2195 δυνάμεως
664 2126 877 2192 σύνοδος
895 2130 1043 2185 τόνδε
1072 2134 1163 2187 τὸν
1192 2134 1306 2203 βίον
1353 2133 1430 2206 τῷ
1458 2138 1826 2209 συνενεχθέντι
1857 2142 1927 2210 τῇ

355 2215 476 2288 ὥρᾳ
504 2216 675 2289 ταύτῃ
716 2220 854 2274 κατὰ
895 2222 992 2292 τὴν
1042 2226 1258 2291 γένεσιν
1300 2226 1688 2298 ἀπειργάσατο.
1726 2231 1789 2283 Ὢ
1828 2230 1929 2301 τῆς

360 2308 773 2378 ματαιολογίαςί
821 2311 1053 2368 δούλειον
1104 2314 1170 2369 ἂν
1207 2316 1377 2381 οὕτως
1419 2322 1557 2390 τύχῃ
1589 2320 1680 2374 τὸν
1714 2321 1931 2392 Ταῦρον

354 2395 560 2466 λέγετε,
596 2399 684 2452 διὰ
706 2400 765 2453 τὸ
794 2401 897 2454 ὑπὸ
930 2403 1075 2475 ζυγῷ
1100 2405 1160 2458 τὸ
1198 2406 1335 2471 ζῶον
1373 2407 1531 2462 τοῦτο
1557 2408 1890 2479 δαμάζεσθαι
1909 2428 1923 2442 ·

356 2489 448 2541 καὶ
473 2490 813 2561 εὐεργετικὸν
835 2493 926 2547 τὸν
946 2496 1134 2567 Κριὸν,
1157 2496 1243 2551 διὰ
1266 2499 1364 2569 τὴν
1384 2499 1490 2552 τῶν
1506 2501 1710 2572 ἐρίφων
1732 2503 1923 2575 φοράν·

358 2582 416 2634 ὲν
462 2581 540 2634 ἑνὶ
573 2583 629 2636 δὲ
680 2583 882 2637 τούτων
926 2587 1247 2658 γενόμενον,
1301 2590 1514 2662 ἤτόνδε
1558 2592 1665 2645 τῶν
1697 2594 1838 2648 κατὰ
1864 2595 1925 2649 τὸ

353 2671 591 2724 ἐναντίον
621 2671 1012 2744 ἀνειλουμένων
1035 2715 1049 2739 ,
1080 2675 1224 2729 κατά
1270 2677 1369 2748 τὴν
1398 2679 1640 2748 φυσικῶς
1688 2679 1925 2751 ἐνυπάρ-

352 2777 552 2830 χουσαν
578 2762 726 2831 αύτῷ
747 2762 974 2834 δύναμιν
1006 2764 1093 2818 διὰ
1128 2766 1227 2836 τῆς
1257 2767 1366 2821 τῶν
1398 2768 1699 2840 ἰδιωμάτων
1733 2773 1923 2842 ἐπιμι-

354 2848 489 2914 ξίας,
515 2850 719 2905 τοιάνδε
745 2853 853 2907 τῶν
874 2856 1205 2926 τικτομένων
1241 2861 1433 2931 μοῖραν
1468 2863 1920 2929 κατασκευάζειν.

353 2940 419 2993 Τί
465 2937 587 3006 οὗν;
626 2944 743 2996 εἰπέ
778 2962 902 3015 μοι,
932 2946 1073 3000 ἑκὼν
1113 2951 1140 3002 ὁ
1176 2948 1375 3021 ταῦρός
1416 2953 1562 3004 ἐστιν
1596 2953 1918 3022 ύποζύγιοςς

356 3038 449 3092 καὶ
491 3033 825 3105 καταθύμιον
852 3037 929 3117 τῷ
973 3038 1111 3110 κριῷ
1142 3040 1200 3092 τὸ
1229 3042 1505 3114 κείρεσθαι
1545 3044 1718 3114 λέγεις
1745 3065 1758 3111 ;
1788 3048 1920 3101 Τότε

353 3120 666 3192 βλαπτικὸν
698 3127 791 3179 καὶ
847 3130 1119 3200 ναρκῶδες
1169 3132 1248 3202 τῷ
1296 3135 1387 3189 τὸν
1435 3137 1694 3193 ἀνωτάτω
1765 3157 1918 3211 περι-

350 3211 583 3266 οδεύοντι
614 3215 844 3288 πόλον,ἢ
871 3198 931 3271 τδ
957 3220 1157 3292 θερμὸν
1188 3198 1266 3294 τῶ
1294 3227 1614 3300 πυρόεντι,ἢ
1649 3230 1793 3302 ἄλλῳ
1813 3198 1921 3286 τινὶ
1948 3198 1993 3257 c

349 3302 455 3355 τῶν
489 3304 892 3376 θεωρουμένων,
918 3312 951 3381 ή
982 3313 1357 3386 ἐνυπάρχουσα
1384 3318 1609 3389 δύναμις
1636 3323 1915 3389 ἑκουσίως,

347 3394 379 3462 ἦ
416 3396 557 3449 κατά
592 3398 652 3450 τὸ
694 3401 945 3481 ἀκούσιον
975 3405 1302 3475 πρόσεστιν;
1340 3410 1402 3462 Ei
1457 3412 1554 3481 μὲν
1587 3415 1668 3467 ὅτι
1705 3416 1919 3480 ἑκόντες

2031 1966 2087 2020 in
2120 1982 2218 2022 sua
2252 1975 2521 2036 potestate
2556 1984 2680 2025 cum
2714 1978 2956 2034 teneant,
2986 1971 3225 2026 deterior
3255 1973 3388 2041 ipsis
3415 1974 3607 2043 volup-

2031 2057 2129 2111 tati
2176 2059 2269 2114 sit.
2336 2058 2431 2113 Sin
2499 2059 2642 2114 haud
2685 2075 2783 2114 sua
2829 2070 3024 2131 sponte
3079 2064 3217 2119 tales
3255 2072 3385 2119 sunt
3414 2066 3604 2133 qualos

2030 2148 2439 2213 existimantur,
2489 2152 2583 2207 sed
2636 2154 2951 2207 necessario
3008 2154 3146 2209 tales
3194 2156 3385 2225 quales
3445 2155 3604 2211 factae

2030 2249 2161 2295 sunt
2193 2259 2211 2297 '.
2243 2242 2462 2311 aliquod
2500 2258 2632 2313 ergo
2664 2244 2811 2298 aliud
2840 2246 3094 2314 superius
3117 2246 3285 2301 fatum
3330 2248 3417 2303 his
3459 2264 3601 2318 quo-

2029 2348 2136 2400 que
2165 2340 2418 2389 naturam
2455 2350 2519 2390 ac
2566 2336 2829 2389 virtutum
2884 2338 3243 2407 proprietates
3286 2338 3597 2394 destinavit.

2029 2421 2148 2489 Quo
2184 2423 2263 2487 ﬁt,
2307 2436 2366 2478 ut
2404 2424 2509 2479 alia
2534 2426 2715 2480 sidera
2745 2426 2830 2481 his
2862 2428 3146 2496 superiora
3172 2428 3460 2497 quaerenda
3492 2430 3602 2483 sint

2030 2529 2135 2568 una
2155 2530 2278 2567 cum
2313 2524 2460 2570 motu
2491 2532 2650 2585 quem
2679 2517 2786 2572 sibi
2825 2518 3127 2583 vindicent,
3167 2534 3398 2589 quorum
3451 2532 3600 2575 certa

2026 2605 2347 2674 conjunclio
2379 2606 2533 2662 fatali
2575 2610 2810 2678 quadam
2862 2611 3216 2675 necessitate,
3259 2618 3353 2664 aut
3385 2621 3599 2666 taurum

2027 2696 2313 2760 servilem,
2355 2705 2449 2751 aut
2497 2698 2721 2752 arietem
2773 2698 3135 2763 damnosum,
3188 2707 3282 2754 aut
3339 2716 3597 2755 cancrum

2025 2789 2203 2857 capite
2227 2789 2477 2843 mutilum
2508 2789 2771 2856 ell‘ccerit,
2807 2800 2900 2845 aut
2941 2792 2986 2846 si
3018 2791 3147 2862 quid
3195 2793 3339 2846 aliud
3374 2794 3440 2846 tle
3485 2793 3603 2845 sin-

2025 2879 2168 2948 gulis
2196 2880 2363 2935 astris
2390 2881 2652 2951 sophista:
2686 2890 2979 2951 nugantur.
3021 2885 3101 2938 Ae
3135 2884 3180 2938 si
3224 2899 3287 2938 ea
3331 2900 3451 2955 qua}
3498 2899 3600 2938 no-

2024 2966 2109 3021 bis
2131 2975 2421 3037 apparent,
2456 2970 2787 3026 necessitate
2815 2971 3103 3040 cujusdam
3131 2972 3227 3027 fati
3275 2983 3406 3029 sunt
3447 2975 3600 3043 ejus-

2024 3059 2191 3124 modi,
2224 3069 2374 3116 certe
2402 3063 2566 3117 etiam
2604 3063 2907 3132 superioris
2938 3064 3086 3119 illius
3115 3066 3465 3121 necessitatis
3514 3067 3598 3119 in-

2023 3164 2187 3219 super
2218 3150 2324 3204 alia
2360 3151 2457 3205 tibi
2509 3167 2677 3207 causa
2737 3152 3045 3207 necessaria
3087 3152 3445 3222 excogitanda
3494 3154 3598 3208 erit

2025 3238 2298 3307 ejusmodi
2331 3239 2766 3302 constitutionis,
2800 3249 2850 3294 et
2886 3240 3051 3308 hujus
3096 3240 3227 3305 alia,
3283 3240 3594 3311 iterumque

2027 3331 2167 3384 alius
2206 3330 2332 3394 alia,
2358 3339 2521 3400 atque
2547 3331 2616 3384 ita
2662 3330 2873 3385 inﬁnite
2898 3329 3067 3384 fatum
3095 3330 3213 3393 fati,
3245 3332 3411 3387 sortis
3450 3346 3593 3395 sors,

2025 3422 2370 3477 necessitatis
2410 3422 2712 3478 necessitas
2755 3422 2860 3476 alia
2892 3437 3103 3490 semper
3133 3422 3518 3492 conﬁngenda.

346 3490 405 3588 έν
429 3495 615 3556 κακοῖς
643 3496 747 3547 εἱσι
772 3536 787 3560 ,
819 3480 912 3551 καί
936 3499 1218 3568 βλαπτικοὶ
1248 3505 1312 3556 ὲκ
1342 3508 1711 3576 προαιρέσεως
1748 3510 2001 3579 γίνονται,
2030 3516 2317 3586 δυστυχίαν
2349 3517 2607 3588 ἄντικρυς
2659 3515 2838 3568 αὐτῶν
2880 3518 2908 3569 ὁ
2954 3515 3128 3569 ταῦτα
3190 3516 3364 3584 λέγων
3424 3533 3599 3569 κατα-

343 3578 665 3651 ψηφίζεται,
688 3587 766 3657 τῷ
796 3591 915 3642 κατ’
948 3590 1193 3654 ἐξουσίαν
1218 3595 1401 3658 αὐτοῖς
1426 3599 1789 3671 προκειμένης
1813 3602 1911 3673 τῆς
1948 3578 2253 3674 κρείττονος
2274 3578 2594 3676 λήξεωςίὲν
2616 3606 2778 3675 ἡδονῇ
2842 3606 2903 3658 τὸ
2935 3578 3275 3675 ἀτιμότερονί
3322 3604 3591 3662 τίθεσθαι’

345 3675 395 3726 εί
427 3675 482 3728 δὲ
506 3680 605 3731 οὐκ
632 3682 696 3733 ὲκ
723 3684 1089 3759 προαιρέσεως
1116 3688 1320 3741 τούτων
1342 3689 1571 3744 ἕκαστόν
1640 3695 1787 3749 ἐστιν
1845 3697 1982 3769 ὅπερ
2021 3698 2289 3769 νομίζετε,
2313 3675 2429 3753 ἀλλ’
2450 3698 2515 3753 ἔκ
2540 3716 2683 3762 τινος
2711 3699 2958 3769 ἀνάγκης
2984 3698 3221 3767 ἐγένετο,
3247 3697 3355 3768 ἄρα
3383 3716 3467 3761 τις
3497 3700 3592 3753 καὶ

345 3771 551 3835 τούτοις
580 3774 946 3851 ὑπερκειμένη
980 3781 1138 3835 πάλιν
1179 3784 1353 3837 αὐτῶν
1392 3788 1697 3859 εἱμαρμένη
1767 3791 1948 3863 ἑτέρα,
1985 3795 2082 3856 τὰς
2116 3795 2224 3849 τῶν
2248 3794 2461 3863 φύσεων
2497 3813 2556 3848 τε
2591 3795 2686 3847 καὶ
2712 3794 2991 3864 δυνάμεων
3020 3792 3330 3847 ἐπέκλωσεν
3397 3793 3593 3861 ἰδιότη-

342 3878 463 3958 τας,
516 3865 677 3920 Ὥστε
716 3869 895 3939 ζητεῖν
947 3874 1255 3944 ἐπάναγκες
1305 3878 1438 3932 ἄλλα
1489 3882 1662 3953 ἄστρα
1714 3885 1915 3940 τούτων
1953 3888 2246 3958 ὑπέρτερα,
2283 3889 2376 3942 καὶ
2405 3888 2616 3958 κίνησιν
2641 3888 2726 3958 ἐφ’
2756 3888 2963 3942 ἑαυτῶν
3001 3886 3305 3952 ἰδιάζουσαν
3327 3927 3345 3953 ,
3412 3879 3487 3940 ῶν
3555 3887 3590 3957 ἡ

343 3955 472 4050 ¹ποιὰ
508 3960 794 4050 συμπλοκὴ
832 3965 971 4019 κατά
1009 3984 1129 4021 τινα
1197 3971 1535 4041 εἱμαρμένης
1581 3975 1860 4048 ἀνάγκην,
1905 3979 1939 4050 ἢ
1980 3955 2213 4032 δούλειον
2265 3975 2402 4032 εἷναι
2450 3955 2540 4033 τὸν
2583 3955 2816 4050 ταῦ-ρον,
2866 3978 2899 4050 ἢ
2949 3977 3239 4050 ἐπιζήμιον
3282 3978 3372 4031 τὸν
3434 3955 3589 4048 κρίνδΧὲ

342 4044 746 4141 ἀπειργάσατο,
776 4054 808 4124 ἢ
840 4053 930 4109 τὸν
972 4060 1231 4125 καρκῖνον
1266 4062 1555 4130 ἀκέφαλον,
1595 4064 1628 4134 ἢ
1667 4067 1721 4119 ετ
1762 4044 1814 4119 τι
1855 4044 1981 4123 ἄλλο
2016 4070 2144 4141 περὶ
2176 4071 2405 4124 ἑκάστου
2436 4070 2639 4123 τούτων
2664 4044 2714 4122 oi
2737 4044 2899 4141 λῆροι
2918 4070 3029 4122 τῶν
3060 4044 3239 4136 σοφῶν
3261 4044 3587 4138 διέρχονται.

342 4136 452 4193 Καὶ
480 4142 529 4194 εί
566 4144 741 4199 ταῦτα
767 4146 838 4200 τὰ
876 4148 1173 4220 φαινόμενα
1202 4153 1333 4224 ἡμῖν
1361 4157 1482 4219 κατ’
1509 4157 1756 4229 ἀνάγκην
1782 4159 1929 4227 τινος
1965 4136 2303 4234 εἱμαρμένης
2337 4165 2454 4216 ἐστὶ
2516 4163 2761 4227 τοιαῦτα,
2790 4136 3021 4226 ’πάντως
3051 4163 3147 4216 καὶ
3206 4162 3305 4230 τῆς
3334 4136 3588 4231 ὑπερκει-

345 4236 511 4329 μένης
539 4236 752 4329 ἐκείνης
795 4240 1037 4314 ἀνάγκης
1075 4246 1264 4315 ἑτέραν
1300 4249 1476 4303 αἰτίαν
1540 4252 1942 4326 ἀναγκαστικὴν
1979 4257 2080 4327 τῆς
2106 4257 2363 4329 τοιαύτης
2407 4259 2791 4321 καταστάσεως
2833 4258 3253 4329 προσεπινοήσει
3307 4258 3336 4310 6
3402 4256 3582 4325 λόγος,

338 4325 597 4398 κάκείνης
630 4328 814 4400 ἄλλην,
841 4333 935 4385 καὶ
962 4333 1121 4388 πάλιν
1148 4336 1314 4409 ἄλλην
1342 4341 1441 4411 τῆς
1466 4341 1631 4414 ἄλλης
1651 4384 1666 4409 ,
1716 4346 1810 4398 καὶ
1843 4325 2015 4409 οὕτως
2037 4325 2131 4411 εἰς
2162 4325 2385 4421 ἄπειρον
2420 4347 2622 4420 προῖὼν
2681 4350 2710 4401 ὁ
2769 4325 2923 4416 λόγος
2948 4387 2963 4411 ,
3029 4325 3262 4417 οὐδαμοῦ
3330 4347 3584 4417 στήσεται

337 4423 676 4516 εἱμαρμένην
723 4426 1060 4499 εἱμαρμένης
1084 4470 1100 4493 ,
1156 4434 1249 4485 καὶ
1289 4438 1481 4506 μοῖραν
1529 4440 1723 4512 μοίρας
1748 4480 1763 4504 ,
1815 4442 1908 4496 καὶ
1939 4443 2180 4514 ἀνάγκης
2202 4445 2444 4516 ἀνάγκην
2476 4445 2998 4515 προσαναπλάσσων.

410 4514 595 4568 Ταῦτα
642 4515 701 4568 δέ
741 4533 842 4586 μου
889 4516 1194 4585 διεξιόντος,
1232 4524 1326 4576 καὶ
1361 4525 1448 4578 διά
1490 4528 1599 4580 τῶν
1649 4528 1905 4584 τοιούτων

2080 4531 2177 4588 His
2214 4548 2245 4587 a
2310 4514 2410 4588 me
2438 4514 2532 4586 ita,
2563 4532 2891 4603 disputatis,
2958 4531 3319 4602 philosophus
3356 4534 3578 4601 quicum

336 4607 624 4675 νοημάτων
671 4607 808 4678 πρὸς
850 4607 913 4661 τὸ
959 4608 1157 4665 ἄτοπον
1200 4612 1291 4666 τὸν
1336 4614 1492 4684 λόγον
1535 4618 1905 4689 ἐκϐάλλοντος,

336 4694 603 4765 ἐπικύψας
635 4698 838 4768 μεταξὺ
865 4699 952 4755 διὰ
993 4706 1306 4774 καταφορᾶς
1338 4710 1595 4779 προϊόντα
1636 4711 1728 4767 τὸν
1753 4713 1906 4782 λόγον

336 4785 367 4838 6
394 4787 910 4860 προσδιαλεγόμενος
960 4809 1049 4861 μοι
1083 4794 1387 4865 φιλόσοφος,
1422 4800 1464 4851 Τ
1470 4798 1487 4851 ί
1533 4802 1703 4873 μάχῃ,
1749 4805 1904 4875 φησὶ,

338 4877 403 4947 τῇ
429 4876 711 4949 ἐνεργείας
739 4879 791 4932 τί
818 4878 876 4932 δὲ
897 4880 992 4951 οὐχ
1018 4880 1126 4953 ἔπῃ
1154 4886 1266 4946 τοῖς
1290 4884 1376 4938 διὰ
1398 4887 1504 4939 τῶν
1527 4889 1776 4960 ἀριθμῶν
1803 4910 1906 4946 πα-

342 4974 733 5044 ρατετηρηκόσι
792 4975 890 5046 τὴν
932 4976 1040 5030 τῶν
1082 4977 1217 5031 ὅλων
1248 4978 1520 5048 ἀλήθειαν,
1548 4978 1629 5046 οἷς
1672 4985 1721 5036 εί
1768 4986 1905 5056 πρὸς

335 5062 616 5135 ἀκρίϐειαν
639 5069 672 5136 ἡ
704 5066 823 5136 ῶρα
842 5067 1069 5139 ληφθείη
1101 5069 1205 5139 τῆς
1228 5070 1321 5123 τοῦ
1355 5072 1755 5144 ἀποκυηθέντος
1780 5094 1903 5145 γεν-

333 5156 558 5226 νήσεως,
586 5158 762 5211 πᾶσαν
786 5158 852 5210 δι’
884 5159 1173 5213 ἀκολούθου
1205 5160 1304 5232 τὴν
1330 5159 1473 5234 ζωὴν
1502 5164 1592 5217 τοῦ
1621 5166 1902 5237 τεχθέντος

331 5248 791 5318 προαγορεύουσι·
817 5249 906 5303 τὸν
938 5250 1148 5322 χρόνον,
1172 5252 1263 5305 τὸν
1290 5252 1507 5323 τρόπον,
1534 5254 1602 5307 τά
1624 5256 1731 5308 τῶν
1751 5256 1899 5327 ἠθῶν

330 5336 612 5407 ἰδιώματα,
646 5339 743 5402 τάς
784 5341 1119 5407 κινδυνώδεις
1165 5347 1529 5415 περιστάσεις,
1560 5349 1771 5418 γάμους
1804 5350 1899 5403 καὶ

328 5429 667 5494 παιδοποιίας
697 5433 790 5486 καὶ
831 5432 1156 5505 ἀξιωμάτων
1188 5437 1487 5508 ὲπιτυχίας,
1512 5439 1545 5511 ἢ
1579 5441 1675 5493 καὶ
1702 5440 1763 5492 τδ
1794 5441 1895 5511 ἐμ-

325 5520 505 5585 παλιν,
542 5522 800 5587 ἀπαιδίας
841 5526 936 5578 καὶ
971 5525 1177 5590 νόσους,
1217 5528 1311 5581 καὶ
1348 5529 1591 5599 ἀτιμίας,
1624 5531 1720 5584 καὶ
1762 5532 1896 5602 βρα-

324 5613 530 5681 χύτητα
563 5613 711 5683 βίου,
742 5616 835 5668 καὶ
859 5615 926 5669 τά
949 5617 1014 5670 ἐκ
1044 5618 1229 5681 πενίας
1261 5619 1438 5684 κακὰς
1469 5621 1684 5675 Τούτων
1713 5619 1804 5677 οὖν
1826 5625 1893 5677 δι’

324 5703 606 5772 ἀκριϐείας
636 5707 1147 5778 προσημανθέντων,
1177 5710 1270 5763 καὶ
1297 5713 1361 5781 τῇ
1394 5711 1617 5766 ἐκϐάσει
1636 5714 1735 5783 τῆς
1760 5715 1892 5786 ἁλη-

327 5790 475 5857 θείας
517 5797 983 5870 μαρτυρηθείσης’
1037 5800 1119 5865 τίς
1155 5800 1231 5854 ἔτι
1279 5817 1358 5854 σοι
1392 5802 1545 5871 λόγος
1586 5806 1730 5860 ἐστὶν
1760 5808 1890 5861 ἀπι-

2006 4623 2352 4692 disputabam
2387 4623 2702 4692 hujusmodi
2742 4622 3053 4677 rationibus
3086 4622 3139 4676 in
3171 4637 3266 4678 eas
3299 4623 3578 4693 angustias

2006 4716 2281 4778 redactus,
2308 4715 2573 4770 orationis
2600 4715 2818 4785 longius
2839 4725 3112 4782 provectae
3145 4714 3292 4768 tilum
3317 4715 3371 4769 in
3395 4715 3578 4770 medio

2005 4807 2217 4873 incidit,
2249 4814 2304 4861 et
2344 4806 2509 4872 Quid,
2548 4808 2745 4877 inquit,
2778 4821 2988 4877 pugnas
3035 4820 3158 4861 cum
3197 4806 3290 4859 vi?
3336 4822 3435 4861 cur
3466 4823 3571 4863 non

2004 4897 2251 4967 sequeris
2294 4912 2410 4961 eos,
2468 4898 2560 4967 qui
2600 4912 2783 4953 rerum
2837 4899 3120 4953 veritatem
3178 4911 3277 4967 per
3314 4912 3574 4953 numeros

2003 4988 2415 5057 indagaverunt,
2458 5003 2523 5043 ac
2569 4995 2815 5057 tempore
2842 4997 3099 5042 accurate
3143 4987 3363 5057 cognito
3401 4995 3571 5043 totam

2002 5080 2259 5151 deinceps
2309 5082 2586 5137 nascentis
2636 5082 2804 5134 vitam
2855 5080 3445 5150 praedicunt,a3tatem.
3487 5082 3572 5136 in-

2000 5171 2239 5241 genium,
2274 5171 2749 5242 mores,pericula,
2783 5186 2967 5235 casus,
3001 5172 3275 5242 coniugia,
3314 5187 3568 5241 procrea-

2001 5264 2177 5318 tiones
2227 5265 2543 5331 liberomm,
2587 5264 2847 5327 honores,
2900 5270 2996 5317 aut
3042 5272 3237 5318 contra
3274 5264 3568 5319 liberorum

1998 5354 2310 5417 orbitatem,
2357 5358 2600 5419 morbos.
2646 5354 2997 5425 ignominias,
3050 5355 3177 5409 vita:
3222 5354 3569 5413 brevitatem.

1998 5447 2343 5502 incommoda
2377 5448 2761 5519 paupertatis?
2796 5448 2932 5515 Quae
2970 5462 3093 5502 cum
3136 5456 3389 5502 accurate
3433 5460 3569 5516 prte-

1998 5535 2393 5601 signiﬂrentur,
2440 5545 2779 5608 eventusque
2829 5537 3085 5593 sittestis
3125 5537 3411 5591 veritatis:
3444 5551 3569 5606 quae

1997 5627 2091 5680 tibi
2126 5626 2333 5696 reliqua
2368 5635 2453 5681 est
2482 5630 2644 5693 ratio,
2679 5629 3032 5699 quamobrem
3062 5627 3155 5682 fati
3185 5628 3563 5683 necessitatem

1994 5734 2116 5774 esse
2142 5734 2252 5773 non
2287 5719 2521 5774 credas?
2544 5720 2681 5773 Tum
2717 5735 2818 5791 ego
2851 5720 3121 5790 ejusmodi
3151 5719 3564 5790 praedictionum

1995 5824 2190 5866 causas
2216 5825 2304 5866 me
2331 5811 2493 5881 paulo
2529 5819 2651 5882 post
2691 5813 2983 5869 allaturum
3018 5812 3311 5883 pollicitus,
3352 5812 3560 5881 rogavi,
