4066 6374
476 380 576 435 185

1682 377 1738 432 S.
1773 374 2097 433 GREGORII
2132 376 2425 435 NYSSENI

3618 379 3722 435 ιϐι

476 509 604 548 num
645 491 1017 561 hujuscemodi
1058 502 1351 548 eventuum
1403 506 1570 547 causa
1619 492 1842 547 fortuita
1878 499 2039 559 esset,

2150 494 2361 548 στοῢντι
2402 497 2468 565 τῇ
2513 494 2614 563 τῆς
2664 493 3004 565 εἱμαρμένης
3051 492 3301 567 ἀνάγκης
3347 492 3488 563 Ἐγὼ
3527 491 3585 548 δέ
3612 495 3723 549 τῶν

474 600 650 655 neque
681 599 804 637 cum
836 592 985 638 certa
1028 585 1239 639 ratione
1261 584 1581 652 conjuncta,
1633 599 1699 637 an
1730 599 1860 639 vero
1890 584 2050 637 simul

473 676 637 728 etiam
670 674 934 729 rationem
989 675 1227 744 aliquam
1276 674 1634 739 invenissent,
1667 682 1721 727 ut
1761 683 2052 729 consenta-

475 780 634 822 neum
666 774 809 821 esset
840 768 956 821 tieri
988 783 1110 837 quae
1143 766 1351 820 ﬁerent.
1396 764 1508 819 lmo
1540 781 1691 830 vero,
1728 766 1924 835 inquit,
1962 781 2052 819 ra-

474 860 620 912 tione
655 859 903 911 nituntur
949 874 1068 927 quae
1100 858 1255 923 ﬁunt,
1300 858 1428 928 quia
1456 873 1580 912 cum
1616 874 1682 912 ex
1721 867 1871 912 certo
1902 857 2049 913 side-

473 964 689 1004 rearum
722 951 1045 1019 qualitatum
1071 965 1344 1005 concursu
1367 958 1570 1004 certam
1604 950 2047 1004 constitutionem

475 1043 751 1099 nascentis
815 1056 1016 1111 corpus
1080 1041 1184 1096 sibi
1234 1042 1507 1105 vindicet,
1566 1043 1655 1111 qui
1736 1050 2044 1096 accuratam

476 1132 781 1187 cmlestium
837 1148 1019 1186 rerum
1086 1131 1454 1201 cognitionem
1517 1132 1697 1197 habet,
1769 1132 2047 1187 nascentis

475 1224 921 1278 constitutionem
958 1226 1270 1293 praenoscit,
1326 1238 1536 1278 necnon
1577 1221 1817 1292 quandiu
1868 1223 2048 1277 vivere

473 1316 667 1384 possit,
710 1315 915 1368 diutius
949 1312 1169 1383 quidem
1203 1313 1248 1369 si
1281 1314 1487 1367 ﬁrmior
1522 1313 1592 1367 sit
1636 1313 1881 1383 corporis
1911 1329 2043 1368 con-

474 1406 705 1468 stitutio,
742 1420 850 1459 non
892 1405 1045 1469 item,
1093 1406 1137 1459 si
1179 1405 1464 1458 infirmior.
1518 1404 1612 1459 His
1655 1405 1816 1460 dictis
1860 1406 2042 1467 arrisi,

472 1506 545 1563 et,
596 1498 934 1561 Nesciebam,
984 1499 1231 1567 inquam,
1269 1497 1376 1551 fata
1409 1498 1505 1551 tibi
1539 1498 1725 1553 Galeni
1756 1507 1809 1552 et
1843 1498 2045 1569 Hippo-

472 1590 639 1645 cratis
668 1604 731 1643 ac
771 1590 1031 1643 similium
1077 1598 1359 1658 parentmn
1388 1588 1615 1659 pignora
1652 1590 1857 1654 videri;
1906 1606 2043 1659 quo—

472 1681 618 1734 niam
654 1680 730 1734 illi
757 1694 995 1750 quoque,
1017 1680 1181 1733 missa
1213 1678 1452 1733 siderum
1490 1680 1747 1744 motione,
1776 1689 2039 1750 quantum

471 1770 613 1825 facta
664 1787 728 1825 ex
788 1774 1067 1839 proposito
1124 1785 1356 1839 corpore
1413 1771 1729 1839 conjectura
1777 1774 2038 1843 consequi

471 1869 741 1931 poterant,
802 1860 982 1915 futura
1044 1861 1485 1930 praenuntiabant
1536 1881 1547 1915 :

468 1952 611 2006 oculi
666 1952 805 2013 cavi,
855 1958 1097 2021 tempora
1129 1958 1432 2017 contracta,
1488 1951 1639 2008 frons
1690 1953 1942 2008 indurata
1987 1963 2041 2009 et

468 2048 555 2099 vix
584 2045 707 2114 pelli
738 2043 1134 2105 adhaerescens,
1157 2052 1386 2097 mortem
1411 2044 1733 2113 praedicunt.
1765 2048 1832 2099 At
1855 2045 2041 2100 multis

468 2145 648 2189 tamen
678 2136 837 2205 aegris
884 2150 949 2188 ac
979 2142 1208 2189 mortem
1236 2134 1460 2204 jamjam
1500 2138 1868 2193 imminentem
1902 2154 2040 2209 prae-

468 2225 817 2289 stolantibus,
860 2239 949 2280 ars
1004 2224 1212 2280 medica
1282 2226 1510 2294 hujusce
1578 2228 1672 2282 fati
1741 2229 1827 2282 ﬁla
1882 2231 2039 2299 quasi

472 2316 707 2369 retexuit
753 2329 816 2368 ac
860 2316 1720 2385 retractavit:quemadmodum
1776 2319 1929 2373 Plato
1974 2322 2042 2377 de

469 2404 762 2475 paedotriba
816 2404 1083 2460 llerodico
1150 2408 1411 2476 scriptum
1461 2410 1713 2478 reliquit,
1764 2428 2038 2482 nunquam

468 2498 620 2550 illum
651 2496 869 2566 quidem
914 2499 1254 2567 gymnastico
1292 2501 1555 2555 exercitio
1594 2503 1857 2572 integram
1893 2504 2041 2558 sani-

467 2598 633 2641 tatem
699 2602 1021 2657 recuperare
1080 2590 1355 2658 potuisse,
1409 2593 1552 2661 quod
1616 2594 1839 2648 morbus
1894 2602 2042 2649 esset

467 2680 667 2743 letalis,
704 2695 919 2747 semper
965 2688 1145 2734 tamen
1187 2692 1508 2752 praesentem
1545 2694 1773 2740 mortem
1820 2686 2039 2741 solertia

467 2788 567 2828 sua
601 2772 955 2842 protraxisse,
994 2786 1169 2841 neque
1221 2772 1513 2841 perfecisse
1555 2784 1614 2829 ut
1657 2792 1850 2832 secure
1894 2779 2042 2833 vive-

464 2872 571 2929 ret,
631 2862 725 2918 sed
780 2870 837 2915 ut
892 2863 1099 2916 tardius
1160 2874 1484 2929 moreretur,
1546 2881 1610 2920 ac
1667 2868 1806 2921 lenta
1867 2876 2041 2922 morte

465 2970 641 3025 usque
679 2954 746 3009 ad
779 2963 1113 3010 senectutem
1159 2955 1498 3023 perduraret,
1549 2958 1640 3011 illo
1675 2960 1916 3013 remedio
1947 2974 2038 3014 sa-

468 3049 683 3121 pienter
710 3048 952 3103 invento.
988 3048 1143 3114 Quod
1180 3058 1502 3118 argumento
1545 3061 1627 3104 est
1659 3068 1764 3106 non
1807 3052 2040 3108 indisso-

465 3141 632 3196 lubile
663 3156 787 3196 esse
826 3139 919 3194 fati
967 3136 1269 3202 vinculum,
1305 3142 1350 3195 si
1391 3142 1608 3211 quidem
1656 3154 1769 3198 arte
1800 3144 2032 3214 quadam
2066 3167 2110 3227 ο

464 3234 807 3289 dissolvitur.
860 3233 929 3286 At
961 3233 1064 3287 hoc
1101 3242 1507 3302 argumentum,
1542 3235 1717 3304 inquit
1766 3237 1871 3301 ille,
1901 3253 2041 3307 prae-

464 3326 733 3381 dictiones
764 3324 955 3380 fatales
986 3340 1092 3379 non
1137 3325 1404 3389 confutat,
1447 3327 1571 3395 quia
1616 3327 1729 3381 ﬁeri
1777 3336 1954 3397 potest
1985 3338 2041 3383 ut

467 3414 517 3468 id
571 3429 787 3485 quoque
846 3413 1213 3484 praenuntient
1263 3413 1320 3474 ii,
1362 3414 1453 3483 qni
1511 3417 1787 3470 caelestem
1834 3429 2037 3472 motum

464 3512 722 3558 accurate
764 3503 1113 3572 contemplati
1154 3511 1304 3565 sunt,
1339 3513 1503 3573 atque
1541 3506 1629 3559 alii
1670 3515 1898 3572 certam,
1946 3507 2035 3561 alii

463 3596 682 3648 dubiam
732 3601 960 3647 mortem
1008 3592 1328 3662 praedicant.
1384 3595 1483 3649 Hic
1513 3611 1641 3665 ego,
1671 3597 1787 3651 Non
1815 3604 1922 3660 est,
1953 3598 2039 3650 in-

462 3698 647 3755 quam,
704 3684 799 3747 ita,
849 3683 901 3736 id
953 3682 1098 3752 quod
1157 3700 1222 3737 ex
1259 3685 1374 3754 ipsa
1429 3686 1638 3740 ratione
1692 3688 2038 3741 necessitatis

463 3783 719 3838 constat,
777 3775 881 3828 alia
968 3774 1168 3844 quippe
1239 3784 1322 3829 est
1379 3776 1807 3846 contingentium
1881 3774 2036 3842 ratio,

462 3868 567 3920 alia
651 3865 1110 3930 immutabilium,
1174 3881 1294 3935 qua:
1360 3867 1584 3921 minime
1666 3867 1921 3921 convenit
1983 3867 2036 3919 in

461 3959 868 4027 contingentia,
932 3974 1165 4029 quorum
1236 3958 1555 4011 alterutrum
1625 3959 1851 4012 omnino
1920 3957 2035 4011 ﬁeri

460 4065 685 4105 necesse
751 4059 855 4114 est,
899 4051 974 4103 ita
1025 4059 1204 4103 tamen
1260 4058 1319 4102 ut
1368 4050 1420 4102 in
1472 4057 1762 4117 utramque
1808 4060 2037 4105 eventus

460 4150 669 4211 partem
701 4141 960 4210 opinione
992 4139 1364 4195 clandicemus
1396 4158 1409 4193 :
1442 4139 1587 4209 quod
1622 4154 1652 4193 a
1691 4140 2037 4195 necessitatis

463 4234 672 4286 ratione
711 4232 1023 4302 longissime
1069 4231 1242 4286 abest.
1283 4230 1665 4288 Verumtamen
1716 4233 1938 4303 qumsivi
1969 4250 2032 4289 ex

458 4340 545 4387 eo,
580 4338 688 4394 quo
716 4324 1066 4377 fundamento
1098 4323 1366 4378 niteretur
1398 4323 1704 4378 futurorum
1743 4335 2032 4381 eventuum

458 4414 776 4485 praedictio?
834 4413 1009 4479 Quod,
1061 4415 1235 4484 inquit
1288 4415 1397 4475 ille,
1451 4416 1651 4484 saepius
1691 4415 1804 4484 jam
1838 4432 1902 4472 ex
1949 4434 2035 4473 me

2150 586 2402 639 τοιούτων
2428 585 2783 655 προρρήσεων
2812 583 2910 647 τὰς
2944 583 3121 645 αἰτίας
3151 582 3345 653 μικρὸν
3374 582 3598 653 ὕστερον
3640 583 3720 635 εί-

2149 678 2266 731 πὼν
2313 679 2585 749 ζητήσειν,
2640 676 2892 747 ἠρόμην·
2944 676 3171 743 πότερον
3221 676 3414 743 ἄλογός
3460 677 3577 728 ἐστι
3630 675 3761 729 καὶ.

2150 767 2441 839 συντυχικὴ
2470 767 2577 819 τῶν
2623 766 2881 821 τοιούτων
2929 766 3209 819 ἐκϐάσεων
3251 769 3283 837 ἡ
3325 767 3505 831 αίτία,
3539 767 3574 838 ἡ
3603 780 3723 820 τινα

2150 862 2243 915 καὶ
2279 861 2433 928 λόγον
2462 862 2527 931 τῇ
2574 860 2949 930 παρατηρήσει
2987 856 3157 929 ταύτῃ
3188 857 3719 929 συνεφευρίσκουσιν,

2147 950 2222 1013 ὡς
2255 950 2326 1020 μὴ
2372 949 2474 1013 ἔξω
2512 948 2604 1002 τοῦ
2649 947 2854 1011 εἰκότος
2894 946 3143 1014 γενέσθαι
3188 945 3249 999 τὸ
3280 945 3577 1015 γινόμενον.
3612 944 3722 999 Καὶ

2152 1042 2295 1113 μάλα
2325 1043 2422 1114 μέν
2449 1059 2551 1104 τοι,
2576 1041 2727 1110 φησὶ,
2751 1040 2845 1093 καὶ
2872 1038 3029 1108 λόγος
3049 1039 3236 1091 ἔπεστι
3261 1041 3370 1102 τοῖς
3394 1040 3716 1107 γινομένοις.

2149 1132 2314 1185 ὀταν
2342 1132 2449 1202 γὰρ
2480 1134 2542 1184 ἐκ
2571 1133 2667 1200 τῆς
2698 1131 2858 1192 ποιᾶς
2894 1128 3003 1181 τῶν
3034 1129 3174 1182 κατὰ
3200 1127 3269 1182 τά
3300 1130 3472 1198 ἄστρα
3500 1129 3719 1198 ποιοτή-
3770 1142 3776 1147 ‘

2145 1240 2253 1275 των
2286 1220 2659 1291 συμπτώσεως
2692 1220 2869 1274 τοιάδε
2919 1222 3114 1291 κρᾶσις
3145 1218 3392 1288 σώματος
3425 1219 3504 1290 τῷ
3543 1232 3719 1273 τικτο-⁵

2151 1315 2295 1384 μένῳ
2326 1313 2515 1383 συστῇ,
2549 1314 2576 1364 ὁ
2622 1309 2961 1381 κατειληφὼς
3002 1312 3070 1364 δι’
3097 1310 3382 1380 ἀκριϐείας
3410 1308 3520 1363 τῶν
3561 1310 3722 1383 ούρα-

2146 1404 2272 1455 νίων
2316 1403 2413 1475 τὴν
2474 1403 2726 1475 θεωρίαν,
2772 1401 2866 1456 καὶ
2912 1403 2972 1456 τὸ
3019 1402 3377 1473 συστήσεσθαι
3423 1403 3582 1473 τήνδε
3620 1402 3720 1473 τὴν

2144 1497 2338 1566 κρᾶσιν
2373 1496 2499 1565 περὶ
2536 1496 2626 1548 τὸν
2665 1494 2925 1565 τεχθέντα
2956 1494 3380 1564 προκατενόησε,
3411 1495 3505 1547 καὶ
3539 1493 3601 1547 τὸ
3624 1493 3715 1547 δύ-

2143 1586 2334 1641 νασθαι
2368 1588 2527 1657 μέχρι
2550 1587 2703 1639 τοῦδε
2731 1582 2825 1639 τοῦ
2859 1585 3060 1657 μέτρου
3092 1588 3191 1656 τὴν
3220 1585 3363 1658 ζωὴν
3387 1585 3679 1657 ἐξαρκέσαι
3700 1603 3714 1617 ο

2144 1677 2387 1740 πλείονος
2418 1677 2536 1747 μὲν,
2570 1677 2662 1730 ἐπὶ
2694 1677 2793 1746 τῆς
2828 1675 3327 1747 ἐρρωμενεστέρας,
3358 1676 3637 1739 ἐλάττονος
3661 1674 3716 1728 δέ

2142 1770 2325 1829 πάλιν,
2361 1770 2451 1822 έπὶ
2478 1770 2576 1837 τῆς
2615 1768 3013 1838 νοσωδεστέρας
3048 1768 3140 1821 τοῦ
3173 1767 3420 1837 σώματος
3446 1768 3713 1840 κράσεως.

1611 1871 1671 1916 ut
1731 1878 1853 1917 cum
1909 1833 2041 1918 sunt
2069 1833 2115 1891 Β
2155 1860 2293 1929 Ἐγὼ
2326 1862 2380 1914 δὲ
2407 1833 2794 1931 τοίςνρηθεῖσιν
2828 1833 3176 1927 ἐπιγελάσας,
3212 1833 3518 1931 Ἑλελήθεις
3548 1862 3714 1931 ἡμᾶς,

2142 1953 2278 2023 πρὸς
2306 1952 2464 2005 αὑτὸν
2488 1948 2657 2015 εἷπον,
2687 1950 2925 2020 Γαληνοῦ
2954 1946 3048 2004 καὶ
3079 1951 3468 2022 Ἱπποκράτους
3492 1951 3585 2004 καὶ
3608 1950 3717 2004 τῶν

2141 2045 2397 2096 τοιούτων
2445 2043 2699 2111 ἐγγόνους
2731 2036 2869 2094 εἶναι
2920 2042 3019 2105 τὰς
3066 2041 3408 2112 εἱμαρμένας
3455 2040 3713 2107 δοξάζων.

2154 2134 2309 2190 Ἐπεὶ
2341 2136 2580 2187 κάκεῖνοι
2610 2133 2822 2204 χαίρειν
2862 2132 3089 2201 ἀφέντες
3120 2132 3217 2202 τὴν
3244 2130 3351 2185 τῶν
3389 2132 3603 2203 ἄστρων
3631 2130 3715 2186 κε.

2140 2241 2316 2292 νησιν,
2366 2225 2429 2276 ἐκ
2471 2221 2566 2277 τοῦ
2617 2223 2979 2293 ὑποκειμένου
3020 2224 3386 2291 στοχαστικῶς
3431 2223 3491 2275 τὸ
3527 2223 3716 2293 μέλλον

2140 2314 2616 2386 προαγορεύουσιν.
2652 2316 2821 2368 ’Ὀταν
2853 2314 3118 2384 ὀρθαλμοὶ
3144 2314 3312 2367 κοῖλοι
3331 2315 3424 2368 καὶ
3454 2315 3716 2386 κρόταφοι

2142 2406 2622 2477 συμπεπτωκότες,
2658 2408 2750 2459 καὶ
2792 2405 2860 2459 τὰ
2905 2405 3129 2476 μέτωπα
3168 2406 3601 2478 περιεσκληκότα
3639 2406 3717 2478 τῷ

2140 2498 2387 2569 δέρματι,
2420 2498 2508 2551 τὸν
2530 2498 2756 2551 θάνατον
2787 2496 3160 2569 προμηνύωσι.
3192 2496 3410 2562 Πολλοῖς
3435 2498 3513 2562 δέ,
3544 2493 3717 2563 εἷπον,

2140 2590 2529 2660 νοσωδέστερον
2572 2590 2929 2660 διακειμένοις
2957 2590 3025 2643 τά
3072 2589 3315 2659 σώματα,
3341 2591 3437 2645 καὶ
3466 2592 3591 2645 ὅσον
3625 2593 3717 2645 οὐδ

2138 2682 2285 2735 δέπω
2315 2681 2783 2753 προσδοκωμένοις
2823 2681 3193 2752 τεθνήξεσθαι,
3221 2682 3357 2753 πρὸς
3381 2682 3440 2736 τὸ
3483 2682 3716 2753 ἔμπαλιν

2140 2774 2198 2841 ἐξ
2236 2774 2483 2844 ἰατρικῆς
2512 2773 2827 2843 ἀνεκλώσθη
2858 2777 2955 2846 τῆς
2982 2773 3237 2844 τοιαύτης
3278 2776 3616 2845 εἱμαρμένης
3644 2774 3714 2828 τὰ

2139 2867 2356 2935 νήματα
2383 2880 2395 2894 ·
2435 2861 2545 2919 οἷον
2583 2865 2648 2937 δὴ
2692 2867 2785 2920 καὶ
2824 2866 2913 2919 τὸν
2960 2866 3310 2939 παιδοτρίϐην
3351 2866 3643 2939 Ἤρώδικον
3686 2868 3716 2921 ὁ

2141 2957 2426 3021 Πλάτωνος
2455 2958 2705 3029 ἱστόρησε
2734 2950 2931 3027 λόγος,
2972 2961 3052 3012 ὅτι
3077 2959 3165 3012 διὰ
3196 2958 3573 3030 γυμναστικῆς
3613 2961 3715 3029 ἐμ-

2140 3047 2377 3118 πειρίας,
2431 3049 2510 3109 είς
2557 3048 2790 3118 παντελῆ
2829 3048 2926 3117 μὲν
2967 3048 3173 3116 ὑγείαν,
3220 3050 3561 3104 ἐπιθανατίου
3619 3046 3715 3104 τοῦ

2142 3141 2444 3210 νοσήματος
2480 3138 2647 3203 ὄντος,
2682 3141 3046 3209 ἐπαναγαγεῖν
3078 3143 3137 3193 τδ
3180 3141 3339 3211 σῶμα
3370 3142 3466 3212 ούχ
3516 3136 3624 3205 οἷός
3655 3154 3715 3195 τε

2140 3226 2239 3301 ἦν·
2271 3230 2356 3282 ἀεὶ
2382 3230 2437 3281 δὲ
2471 3230 2561 3282 τὸν
2601 3230 2827 3284 θάνατον
2859 3233 3101 3303 παρόντα
3137 3229 3203 3286 δι⁴
3230 3233 3469 3296 ἐπινοίας
3493 3234 3717 3304 ὑπερτιο

2142 3324 2385 3394 θέμενος,
2414 3324 2535 3394 οὐχὶ
2566 3322 2712 3392 ζωῆς
2744 3324 3066 3393 ἀσφάλειαν,
3098 3325 3233 3379 άλλά
3266 3323 3492 3379 Θανάτου
3531 3327 3712 3397 παρά-

2139 3432 2293 3467 τασιν
2311 3414 2486 3484 ἐαυτῷ
2509 3416 2942 3486 παρεσκεύαζεν.
2971 3415 3130 3468 Ὅθεν
3156 3415 3250 3467 καὶ
3272 3418 3350 3479 είς
3370 3417 3543 3488 γῆρας
3563 3414 3715 3487 διήρο

2142 3522 2288 3566 κεσε,
2325 3504 2520 3575 μακρῷ
2555 3503 2769 3575 θανάτῳ
2810 3504 2872 3557 τὸ
2904 3505 2979 3575 μὴ
3009 3503 3298 3558 ἀποθανεῖν
3335 3506 3710 3575 σοφισάμενος.

2140 3596 2345 3649 Οὐκοῦν
2372 3597 2491 3650 οὐδὲ
2539 3596 2678 3650 κατὰ
2712 3596 2898 3650 τοῦτον
2930 3596 3022 3649 τὸν
3053 3596 3209 3665 λόγον
3237 3598 3485 3669 ἀρραγὴς
3522 3598 3649 3668 ὑμῖν
3677 3598 3711 3669 ἡ

2140 3689 2446 3759 εἱμαρμένη
2502 3689 3016 3759 καταλαμϐάνεται,
3071 3690 3229 3759 εἴπερ
3277 3688 3585 3759 εὑρίσκεταί
3628 3705 3714 3752 τις

2137 3781 2295 3850 τέχνη
2336 3780 2431 3850 τὴν
2476 3781 2721 3851 ἀνάγκην
2759 3780 3043 3836 ἐκλύουσα.
3090 3781 3228 3834 Ἀλλ’
3266 3781 3438 3844 οὐδὲν,
3466 3782 3649 3851 φησὶν,
3682 3782 3712 3833 ὁ

2136 3871 2372 3932 τοιοῦτος
2400 3872 2554 3939 λόγος
2584 3872 2679 3943 τὴν
2720 3873 2786 3925 ὲκ
2815 3871 2923 3924 τῶν
2966 3872 3320 3944 προρρήσεων
3352 3872 3478 3942 περὶ
3504 3872 3602 3941 τῆς
3634 3872 3711 3925 εί-

2141 3965 2422 4035 μαρμένης
2446 3964 2715 4028 ἀπόδειξιν
2742 3964 2977 4019 ἀναλύει.
3005 3964 3237 4017 Δυνατδν
3267 3964 3374 4035 γάρ
3404 3963 3472 4016 ἂν
3503 3962 3710 4031 γένοιτο

2137 4054 2231 4105 καὶ
2258 4054 2417 4107 τοῦτο
2446 4055 2859 4125 προμηνυθῆναι
2886 4056 3036 4124 παρά
3076 4053 3170 4106 τοῦ
3197 4053 3263 4106 δι’
3290 4050 3573 4123 ἀκριϐείας
3608 4052 3708 4103 ἐπ-

2136 4144 2476 4213 εσκεμμένου
2505 4142 2610 4199 τῶν
2629 4144 2894 4216 οὐρανίων
2927 4144 3023 4215 τὴν
3048 4144 3259 4214 κίνησιν
3284 4159 3297 4171 ·
3335 4141 3474 4196 ὥστε
3506 4142 3583 4213 τῷ
3612 4142 3709 4213 μὲν

2136 4234 2439 4305 ἀραρότως,
2468 4234 2547 4305 τῷ
2575 4235 2632 4287 δὲ
2668 4233 2967 4305 ἀμφίϐολον
2997 4232 3404 4305 προμηνυθῆναι
3433 4232 3522 4285 τὸν
3545 4232 3707 4286 θάνα-

2134 4344 2245 4379 τον.
2279 4322 2422 4393 Ἐγὼ
2435 4324 2512 4391 δὲ,
2535 4325 2646 4395 Οὐχ
2670 4325 2833 4392 ὖτως,
2861 4322 3035 4392 εἷπον,
3068 4327 3215 4397 ὁτῆς
3235 4324 3479 4396 ἀνάγκης
3506 4322 3707 4393 διισχυ-

2138 4418 2345 4489 ρίζεται
2376 4418 2532 4486 λόγος
2552 4435 2563 4447 ’
2595 4418 2753 4482 ἄλλος
2789 4419 2899 4489 γὰρ
2926 4418 3019 4472 τοῦ
3058 4418 3403 4489 ἐνδεχομένου
3450 4417 3731 4486 ὁπότερον

458 4508 680 4568 audisti,
712 4506 779 4560 de
810 4521 875 4559 eo
898 4506 1192 4561 etiamnum
1227 4507 1603 4575 percontaris?
1634 4506 1774 4561 Sunt
1802 4508 2028 4563 virtutes

2139 4508 2199 4562 iv
2232 4508 2368 4582 τύχῃ
2391 4509 2660 4576 γενέσθαι,
2690 4511 2782 4562 καὶ
2808 4510 2967 4573 ἄλλος
2996 4510 3089 4563 τοῦ
3114 4509 3445 4580 ἀμεταθέτου
3468 4510 3497 4562 ὁ
3525 4508 3702 4576 λόγος,

458 4604 703 4672 quaedam
731 4599 970 4654 siderum
1002 4599 1256 4669 propriae,
1277 4614 1398 4668 quae
1422 4614 1521 4669 pro
1555 4599 1780 4654 inﬁnitis
1803 4598 2033 4655 diversis

459 4690 937 4761 eonjunctionibus
963 4704 992 4743 a
1028 4700 1283 4760 perpetua
1318 4692 1557 4745 motione
1585 4691 2034 4759 provenientibus

460 4783 699 4837 inﬁnitas
770 4797 973 4852 easque
1046 4780 1291 4836 diversas
1349 4782 1655 4851 producunt
1724 4780 2030 4836 facultates.

459 4876 647 4943 Qualis
683 4876 847 4944 igitur
896 4882 980 4930 est
1011 4890 1108 4943 per
1146 4874 1197 4929 id
1244 4883 1457 4943 tempus
1496 4883 1765 4930 astrorum
1815 4874 2036 4928 confor-

460 4968 649 5033 matio,
702 4982 765 5021 ac
792 4966 876 5022 vis
924 4969 1090 5028 horar,
1128 4967 1181 5020 in
1217 4981 1379 5035 quam
1414 4965 1678 5036 cujusque
1723 4973 1876 5020 ortus
1923 4966 2034 5019 for-

456 5060 594 5114 tuito
637 5058 908 5122 inciderit,
939 5057 1101 5111 talem
1135 5057 1255 5126 ejus
1278 5057 1445 5111 vitam
1498 5056 1614 5111 fore
1668 5072 1892 5113 necesse
1925 5066 2029 5119 est,

455 5166 633 5221 neque
661 5151 819 5205 aliter
855 5165 914 5205 se
941 5165 1031 5204 res
1071 5149 1251 5204 habet.
1282 5148 1446 5215 Quid,
1482 5150 1723 5219 inquam,
1755 5150 2032 5204 calamita-

455 5254 540 5299 tes
573 5244 798 5306 bellicaz,
834 5250 993 5296 terra;
1026 5248 1229 5302 motus,
1278 5241 1495 5295 urbium
1531 5242 1724 5302 ruinae,
1768 5240 2033 5294 maxima-

454 5349 575 5393 rum
611 5333 897 5403 naufragia
951 5335 1352 5394 onerariarum,
1410 5332 1815 5393 inundationes,
1865 5330 2029 5386 deﬁa-

456 5426 757 5498 grationes,
792 5425 972 5479 hiatus
1008 5433 1183 5486 teme,
1217 5424 1431 5493 aliaque
1475 5423 1849 5492 hujuscemodi
1880 5423 2029 5476 exitii

455 5516 697 5588 genera?
746 5516 840 5586 qui
898 5515 1000 5571 ista
1054 5529 1179 5569 cum
1243 5514 1596 5585 praedictione
1652 5515 2033 5570 consentient?

454 5620 617 5676 quam
663 5606 831 5658 multa
855 5612 1069 5669 nostra,
1095 5616 1258 5672 quam
1291 5603 1459 5657 multa
1499 5610 1715 5673 patrum
1769 5604 2031 5657 memoria

454 5698 824 5765 contigerunt,
862 5705 918 5750 ιιι
947 5694 1211 5748 diluvium
1242 5702 1402 5748 aetate
1434 5692 1569 5757 Noe,
1606 5694 1823 5749 exustio
1854 5693 2029 5747 Sodo-

453 5804 690 5853 morum,
709 5786 995 5843 sulfocatio
1016 5782 1258 5858 Egyptii
1289 5786 1563 5841 exercitus
1592 5786 1646 5841 in
1664 5781 2024 5849 ntariﬂubro,

2133 4600 2192 4652 ὃν
2221 4600 2319 4653 ούκ
2368 4600 2510 4653 ἐστιν
2563 4601 2655 4653 ἐπὶ
2708 4601 2814 4654 τῶν
2867 4602 3228 4672 ἐνδεχομένων
3265 4601 3477 4655 λαϐεῖν*
3527 4600 3700 4671 ἀλλ’ἢ

2132 4690 2290 4744 τοῦτο
2340 4692 2575 4755 πάντως,
2614 4692 2646 4762 ἢ
2685 4693 2745 4745 τὸ
2784 4693 2999 4763 ἕτερον·
3029 4694 3089 4746 τὺ
3114 4694 3171 4747 δὲ
3207 4692 3339 4763 πρὸς
3390 4692 3703 4763 ἀμφοτέρας

2131 4784 2230 4846 τὰς
2276 4783 2531 4846 ἐκϐάσεις
2576 4788 2696 4846 ταῖς
2737 4785 2948 4838 ἐλπίσιν
2980 4784 3478 4857 ὲπικραδαίνεσθαι,
3513 4786 3702 4857 πόρρω

2130 4873 2240 4926 τῶν
2262 4875 2361 4945 τῆς
2392 4876 2637 4945 ἀνάγκης
2661 4875 2834 4944 λόγων
2869 4877 2983 4929 ἐστί
3006 4893 3021 4908 ·
3048 4878 3187 4949 πλὴν
3216 4876 3371 4931 τοῦτό
3404 4895 3543 4948 φημι
3566 4876 3702 4946 πρὸς

2132 4966 2312 5031 αὑτὸν,
2350 4967 2515 5021 Πόθεν
2561 4968 2731 5022 οἴεται
2776 4968 2835 5021 τὸ
2874 4969 3060 5025 πιστὸν
3096 4970 3238 5042 ἔχειν
3282 4970 3391 5023 τῶν
3425 4970 3699 5041 ἀποϐησοο

2136 5060 2311 5130 μένων
2356 5060 2455 5130 τὴν
2500 5061 2834 5132 πρόρρησινς
2883 5062 2941 5113 '0
2987 5060 3081 5125 δὲ,
3116 5063 3400 5129 Πολλάκις,
3436 5062 3589 5132 φησὶ,
3622 5062 3702 5114 διο

2130 5151 2360 5216 εειόντος
2378 5151 2634 5216 ἀκούσας,
2657 5152 2736 5205 ἔτι
2758 5152 2853 5205 καὶ
2876 5152 2969 5206 νῦν
2991 5170 3055 5207 πε
3066 5154 3116 5224 pi.
3138 5153 3246 5205 τῶν
3274 5154 3452 5207 αὐτῶν
3472 5156 3695 5225 ἐρωτᾷς.

2130 5242 2213 5294 ὃτι
2238 5242 2382 5305 τινές
2412 5245 2549 5295 εἰσιν
2586 5242 2879 5307 ίδιάζουσαι
2915 5243 3169 5313 δυνάμεις
3209 5243 3315 5295 τῶν
3354 5243 3568 5315 ἄστρων
3596 5260 3610 5275 ο
3636 5244 3699 5295 τὸ

2131 5334 2188 5387 δὲ
2220 5335 2523 5405 ἀεικίνητον
2544 5338 2644 5407 τῆς
2666 5337 2857 5405 φορᾶς,
2897 5335 3093 5408 μυρίας
3122 5336 3185 5387 ἐκ
3213 5336 3310 5405 τῆς
3338 5338 3495 5398 ποιᾶς
3522 5333 3699 5389 αὐτῶν

2133 5424 2468 5497 συμπλοκῆς,
2503 5426 2602 5488 τὰς
2627 5425 2733 5479 τῶν
2764 5426 3044 5495 δυνάμεων
3070 5426 3330 5496 διαφοράς
3376 5425 3697 5497 ἐργάζεταις

2142 5516 2200 5569 Ὀ
2221 5516 2397 5569 τοίνυν
2422 5516 2720 5586 παραχθεὶς
2751 5515 2842 5567 ἐπὶ
2870 5516 2961 5567 τὸν
2984 5515 3095 5584 βίον
3118 5514 3203 5568 διὰ
3228 5515 3492 5584 γενέσεως
3515 5555 3529 5577 ,
3562 5513 3700 5568 κατὰ

2128 5608 2229 5677 τὴν
2259 5606 2643 5677 συμπεσοῦσαν
2682 5604 2829 5675 αύτῷ
2865 5605 2958 5658 τοῦ
2997 5606 3189 5676 χρόνου
3220 5609 3433 5677 μοῖραν,
3463 5604 3559 5676 τὴν
3599 5604 3704 5659 ὑπὸ
3740 5618 3745 5623 ·

2130 5698 2241 5751 τῶν
2290 5698 2508 5769 ἄστρων
2557 5696 2779 5749 τοιῶσδε
2834 5697 3291 5767 σχηματισθεῖσαν
3342 5696 3700 5759 ἐντυπωθεὶς,

2132 5788 2277 5859 άπερ
2324 5788 2387 5841 ἂν
2416 5789 2449 5858 ἡ
2483 5786 2707 5858 δύναμις
2736 5787 2833 5859 τῆς
2859 5787 3007 5859 ὦρας
3054 5789 3267 5861 ἐκείνης
3310 5788 3507 5859 ἔχουσα
3536 5806 3704 5842 κατι·
