4066 6374
332 345 431 400 165

1675 347 1946 403 CONTRA
1996 349 2253 406 FATUM.

3489 351 3592 405 166

330 459 531 528 ληφθῇ,
562 458 731 511 ταῦτα
779 460 872 513 καὶ
910 461 1035 532 περὶ
1068 460 1158 513 τὸν
1200 460 1314 532 βίον
1347 461 1465 514 κατ’
1499 460 1743 532 ἀνάγκην
1773 462 1903 527 ἐξει,
1938 522 1940 527 ,

2044 476 2301 519 onsecuta
2354 463 2782 534 alienigenarum
2818 462 3090 533 jngulatio
3118 468 3172 516 et
3201 459 3397 523 caedes,
3436 472 3595 515 naiu-

331 551 426 604 καὶ
458 551 632 613 ἄλλως
677 552 777 603 οὑκ
809 551 942 621 ἔχει.
974 550 1040 604 Τί
1075 547 1188 615 οὖν,
1222 546 1395 616 εἷπον,
1420 554 1476 605 αἱ
1505 552 1644 606 κατά
1680 554 1911 624 πόλεμον

334 644 631 713 συμφοραὶ,
659 642 753 695 καὶ
777 644 828 695 οἱ
885 645 1121 714 σεισμοὶ,
1161 645 1255 698 καὶ
1282 643 1391 697 τῶν
1420 645 1628 697 πόλεων
1656 646 1712 697 αί
1742 663 1912 697 κατα-

334 732 589 797 πτώσεις,
618 734 713 788 καὶ
738 733 807 786 τὰ
851 732 1124 805 αὔτανδρα
1159 734 1267 787 τῶν
1301 735 1648 806 μυριοφόρων
1675 735 1914 788 ὁλκάδων

335 822 588 891 ναυάγια,
620 824 949 887 ἐπικλύσεις,
987 825 1081 878 καὶ
1111 824 1473 896 ἐκπυρώσεις,
1509 825 1601 878 καὶ
1640 826 1913 896 χάσματα,

334 915 431 968 καὶ⁹
456 916 558 968 ὅσα
585 914 809 968 τοιαῦτα
837 914 1213 985 πανωλεθρίας
1244 912 1358 983 εἴδη
1383 931 1396 980 ;
1425 914 1548 978 Πῶς
1590 914 1760 967 ταῦτα
1799 915 1915 968 δια-

338 1005 502 1058 σώσει
532 1006 621 1058 τὸν
652 1005 753 1075 τῆς
777 1007 1136 1078 προρρήσεως
1164 1005 1356 1074 λόγον;
1387 1006 1538 1059 Πόσα
1559 1007 1617 1057 ἐν
1643 1007 1758 1069 τοῖς
1785 1024 1918 1076 προ-

335 1096 532 1166 τέροις,
576 1096 718 1147 πόσα
752 1095 807 1148 δὲ
836 1096 930 1148 καὶ
966 1096 1024 1147 ἐν
1050 1098 1163 1158 τοῖς
1193 1094 1315 1147 καθ’
1342 1095 1489 1165 ἡμᾶς
1523 1095 1734 1165 χρόνοις
1755 1097 1783 1148 6
1805 1095 1920 1165 βίος

338 1184 503 1251 ἔδειξε
558 1185 735 1255 πάθη;
779 1186 870 1239 τὸν
912 1186 1005 1239 ἐπὶ⁵
1054 1186 1177 1238 Νῶε
1214 1185 1598 1257 κατακλυσμὸν
1627 1226 1640 1250 ,
1674 1187 1768 1239 καὶ
1821 1187 1920 1258 τὴν

340 1276 589 1345 Σοδόμων
621 1276 966 1345 ἐκπύρωσινς
1003 1277 1037 1348 ἢ
1066 1277 1158 1329 τὸν
1194 1276 1489 1346 Αίγύπτιον
1530 1278 1754 1348 στρατὸν
1785 1279 1921 1331 ὑπο-

342 1366 561 1436 ϐρύχιον
608 1368 666 1419 ἐν
697 1369 762 1438 τῇ
803 1366 1041 1440 Ἐρυθρᾷ
1090 1368 1335 1441 θαλάσσῃ
1380 1367 1776 1440 γενόμενον;ἢ
1821 1371 1922 1433 τὰς

346 1457 484 1527 μετὰ
513 1457 682 1510 ταῦτα
702 1457 811 1511 τῶν
837 1458 1148 1528 ἀλλοφύλων
1175 1461 1410 1530 σφαγὰς,
1436 1461 1536 1524 τὰς
1560 1461 1755 1532 μυρίας
1784 1460 1924 1513 ἐκεί-

344 1562 440 1608 νας
485 1546 919 1618 ἀνδροκτασίαςς
971 1548 1005 1617 ἢ
1058 1549 1151 1602 τὸν
1196 1550 1500 1617 αὐτόματον
1528 1550 1587 1602 ἐν
1637 1550 1803 1620 ὀλίγῳ
1846 1549 1924 1621 τῷ

344 1635 520 1706 χρόνῳ
568 1635 793 1690 θάνατον
820 1637 912 1690 τοῦ
953 1639 1281 1710 Ἰσραηλίτου
1317 1639 1446 1693 λαοῦ
1474 1641 1530 1694 ἐν
1567 1639 1785 1704 πολλαῖς
1819 1660 1921 1712 μυ-

350 1725 494 1795 ριάσι
541 1726 898 1796 θραυσθέντος
924 1746 938 1795 ;
974 1727 1008 1799 ἢ
1038 1728 1138 1793 τὰς
1179 1730 1372 1783 ἑκατὸν
1401 1730 1728 1801 ὀγδοήκοντα
1759 1732 1921 1784 πέντε

352 1816 587 1889 χιλιάδας
615 1818 725 1871 τῶν
772 1818 1093 1890 Ἀσσυρίων,
1119 1823 1219 1892 μιᾷ
1248 1822 1439 1892 χρόνον
1467 1824 1606 1894 ῥοπῇ
1642 1822 1923 1894 νεκρωθεί-
1954 1804 1995 1859 Β

353 1923 467 1969 σας,
495 1907 602 1960 τῶν
628 1925 685 1961 τε
710 1909 905 1981 ἐφεξῆς
938 1910 1123 1964 κακῶν
1144 1911 1242 1975 τὰς
1277 1913 1539 1983 ἱστορίας,
1564 1915 1622 1967 ἐν
1651 1913 1923 1985 Μηδικαῖς

350 2014 409 2051 τε
451 1998 546 2051 καὶ
585 1999 922 2070 Ἑλληνικαῖς
950 2005 1252 2072 συμφοραῖς
1279 2003 1683 2073 συμπεσούσας,
1714 2006 1771 2059 ἐν
1800 2021 1924 2057 ναυ-

353 2089 575 2159 μαχίαις
605 2108 663 2144 τε
721 2093 814 2144 καὶ
865 2092 1230 2163 πεζομαχίαις
1272 2095 1565 2164 μεγάλαις,
1618 2096 1711 2148 καὶ
1747 2096 1925 2149 πάντα

350 2178 449 2231 ὅσα
476 2178 718 2247 τοιαῦτα,
754 2175 829 2235 ὧν
855 2183 889 2253 ἡ
922 2184 1107 2252 μνήμη
1136 2186 1249 2246 τοῖς
1280 2184 1475 2253 ἐφεξῆς
1503 2183 1819 2248 διδάσκαλος
1842 2185 1927 2252 γί-

351 2285 522 2334 νεται;
556 2270 674 2324 Κᾶν
703 2271 875 2326 ταῦτα
909 2272 1270 2344 παρέλθωμεν
1304 2275 1500 2339 πάντα,
1535 2273 1693 2327 ἱκανὰ
1719 2274 1927 2343 γένοιτο

353 2359 490 2432 πρὸς
514 2361 613 2431 τὴν
639 2361 745 2415 τῶν
797 2361 1102 2434 λεγομένων
1136 2364 1457 2435 μαρτυρίαν,
1489 2364 1584 2417 καὶ
1621 2365 1720 2417 ὅσα
1749 2366 1778 2417 6
1804 2363 1926 2418 καθ’

354 2454 500 2522 ἡμᾶς
534 2453 783 2525 ἱστόρησε
816 2453 949 2525 βίος.
983 2455 1079 2517 Τίς
1117 2456 1227 2526 γάρ
1267 2456 1366 2509 οὐκ
1395 2453 1502 2508 οἶδε
1546 2455 1643 2527 τὴν
1687 2450 1927 2528 μεγάλην

354 2545 454 2614 τῆς
484 2546 738 2609 Βιθυνίας
767 2548 1097 2619 μητρόπολιν
1118 2551 1236 2612 ταῖς
1263 2548 1571 2618 ἐξεχούσαις
1591 2548 1696 2601 τῶν
1723 2549 1928 2601 πόλεων

356 2635 693 2707 ἐναρίθμιον;
723 2637 807 2699 τίς
854 2638 1037 2706 ἀγνοεῖ
1065 2638 1164 2708 τὴν
1192 2637 1451 2692 πλατεῖαν
1483 2638 1576 2692 καὶ
1620 2638 1929 2711 εὐρύχωρον

356 2722 596 2795 Θρᾴκην,
620 2726 735 2789 πῶς
756 2726 855 2797 τὴν
880 2727 979 2797 μὲν
1003 2730 1031 2781 6
1053 2728 1308 2800 πόλεμος,
1332 2728 1431 2801 τὴν
1463 2728 1519 2781 δὲ
1547 2729 1766 2799 σεισμὸς
1793 2727 1933 2799 μετὰ

358 2817 452 2870 τοῦ
503 2818 671 2889 πυρὸς
708 2822 766 2872 ἐν
806 2821 1001 2892 ἀκαρεί
1047 2820 1141 2875 τοῦ
1189 2822 1381 2893 χρόνου
1436 2821 1603 2894 ἄρδην
1649 2819 1929 2893 ἐξέτριψε;

362 2908 522 2962 Πόσοι
556 2910 741 2974 παῖδες
791 2911 924 2975 ἐκεῖ,
962 2912 1105 2966 πόσα
1148 2914 1347 2984 νήπια;
1383 2914 1433 2966 oi
1483 2915 1661 2984 μέσως
1696 2912 1932 2983 ἔχοντες,

363 3001 413 3051 οἱ
434 3001 754 3072 παρήλικες,
780 3004 1050 3075 ἐλεύθεροί
1076 3022 1132 3057 τε
1155 3006 1248 3058 καὶ
1274 3004 1467 3069 δοῦλοι,
1492 3005 1813 3076 κρατοῦντες
1836 3006 1931 3060 καὶ

1996 555 2143 613 _ralis
2187 569 2333 607 mors
2373 553 2651 608 lsraclitici
2689 554 2872 624 populi
2910 554 2963 607 in
3016 552 3229 606 infinita
3273 552 3365 606 illa
3405 553 3595 607 multi-

2016 646 2201 700 tudine
2268 642 2539 711 confecti,
2614 644 2798 699 clades
2856 660 2967 715 qua
3027 655 3247 699 centum
3319 643 3597 714 octoginta

2015 737 2256 807 quinque
2318 737 2487 790 millia
2571 737 2920 808 Assyriorum
2997 744 3272 791 momento
3334 736 3597 804 temporis

2017 829 2316 898 perierunt,
2352 829 2691 883 calamitates
2739 837 2794 883 et
2837 828 2977 881 mala
3018 844 3138 898 qua:
3172 827 3365 895 Medis,
3394 827 3598 883 ludatis

2015 928 2071 975 et
2125 918 2332 975 Graecis
2396 920 2734 985 acciderunt,
2799 920 3082 975 atrocibus
3146 930 3289 975 terra
3347 919 3599 989 marique

2020 1011 2331 1067 commissis
2382 1012 2625 1079 praeliis:
2659 1018 2713 1065 et
2760 1025 3099 1080 quaecunque
3154 1011 3206 1064 id
3268 1024 3441 1080 genus
3494 1009 3600 1061 alia

2022 1104 2295 1156 memoriae
2337 1104 2546 1172 prodita
2594 1110 2744 1158 sunt.
2803 1103 2946 1169 Quin
2998 1102 3217 1157 etiamsi
3262 1102 3377 1155 haec
3416 1100 3602 1154 omnia

2022 1198 2433 1259 praetereantur,
2468 1193 2605 1247 satis
2637 1193 2805 1246 multa
2851 1194 3013 1261 hujus
3046 1192 3124 1246 rei
3158 1191 3470 1247 testimonia
3505 1203 3603 1243 no-

2024 1279 2109 1334 bis
2156 1280 2530 1350 suppeditant,
2579 1297 2702 1351 qua:
2753 1290 2947 1337 nostro
2990 1281 3191 1335 szeculo
3232 1280 3600 1348 contigerunt.

2023 1370 2156 1436 Quis
2184 1373 2329 1426 enim
2384 1373 2561 1426 nescit
2610 1388 2862 1442 magnam
2917 1372 3183 1442 Bithynia!
3234 1369 3603 1439 metmpolim,

2024 1477 2187 1515 unam
2219 1478 2285 1516 ex
2319 1465 2897 1532 praestantissimarum
2935 1464 3152 1518 urbium
3184 1475 3413 1516 numero
3435 1502 3450 1525 ,
3482 1458 3608 1529 quis

2024 1554 2189 1608 latam
2221 1568 2284 1607 ac
2318 1554 2614 1622 spatiosam
2662 1556 2874 1625 ignorat
2903 1553 3213 1612 Thraciam.
3244 1553 3389 1606 illam
3420 1558 3610 1606 terrae-

2025 1657 2176 1699 motu
2229 1661 2292 1699 ac
2348 1645 2491 1715 igne,
2544 1646 2685 1700 hanc
2732 1647 2875 1701 bello
2922 1654 3146 1717 repente
3196 1643 3441 1697 funditus
3486 1656 3609 1697 esse

2028 1735 2320 1791 eversam?
2353 1735 2497 1801 Quot
2531 1736 2604 1790 ibi
2660 1736 2837 1806 pueri,
2885 1742 3017 1805 quot
3066 1732 3326 1797 infantes,
3356 1732 3607 1802 juvenes,
3664 1720 3671 1725 ’

2028 1842 2206 1890 senes,
2270 1827 2427 1881 liberi
2482 1835 2537 1881 et
2585 1828 2748 1890 servi,
2801 1826 3040 1880 victores
3093 1832 3149 1879 et
3203 1824 3355 1887 victi,
3390 1822 3607 1886 divites,

2028 1930 2317 1986 pauperes,
2355 1916 2621 1983 valentes,
2666 1916 2857 1987 aegroti
2892 1916 3128 1984 denique
3175 1929 3366 1969 omnes
3409 1919 3611 1981 puncto

2029 2008 2290 2075 temporis
2345 2008 2701 2063 interierunt?
2736 2006 2939 2062 Omnes
2990 2023 3057 2062 ex
3106 2021 3264 2076 aequo
3313 2006 3614 2071 assumpsit

2029 2099 2191 2170 ignis,
2222 2098 2419 2152 domus
2453 2099 2571 2153 loco
2610 2099 2987 2167 sepulcrorum
3020 2097 3173 2153 fuere
3199 2096 3477 2152 omnibus.
3508 2096 3612 2151 Ubi

2033 2198 2160 2243 sunt
2210 2190 2448 2244 siderum
2514 2188 2957 2258 conjunctiones,
3013 2202 3136 2257 quae
3195 2187 3440 2241 diversas
3490 2185 3614 2239 vitae

2033 2280 2238 2335 formas
2267 2280 2577 2334 hominibus
2619 2279 2971 2350 praefiniunt?
3005 2293 3136 2333 num
3170 2292 3361 2332 omnes
3410 2276 3485 2329 illi
3518 2291 3613 2329 ea-

2034 2372 2155 2428 dem
2212 2379 2484 2426 astrorum
2540 2370 2937 2427 constitutione
2991 2369 3103 2424 nati
3170 2368 3431 2423 fuerunt?
3483 2382 3614 2421 num

2035 2463 2280 2535 omnium
2313 2461 2620 2517 natalitium
2656 2461 2811 2518 sidus
2844 2460 2947 2515 fuit
2983 2461 3217 2524 Cancer,
3251 2460 3617 2528 omnibusque

2036 2568 2155 2608 cam
2190 2562 2393 2609 sortem
2435 2552 2772 2608 destinavit?
2815 2552 2978 2623 Atqui
3014 2552 3328 2618 diversitas,
3363 2566 3499 2620 pene
3530 2548 3618 2603 di-

2036 2662 2157 2701 cam
2209 2645 2442 2708 iniinita,
2493 2652 2714 2698 aetatum
2764 2654 2817 2699 et
2852 2644 3124 2698 honorum
3167 2643 3323 2698 testis
3366 2648 3473 2707 est,
3504 2655 3616 2694 non

2036 2751 2232 2793 omnes
2261 2751 2372 2790 uno
2404 2746 2646 2805 tempore
2678 2734 2851 2791 fuisse
2893 2734 3225 2805 progenitos.
3270 2732 3539 2799 Quocirca
3569 2730 3617 2785 si

2038 2830 2255 2884 diverso
2287 2828 2521 2898 quisque
2570 2834 2815 2896 tempore
2851 2836 3032 2891 natus,
3088 2827 3143 2880 in
3191 2840 3376 2895 parem
3412 2822 3618 2879 nihilo-

2040 2919 2224 2973 minus
2253 2918 2619 2971 calamitatem
2654 2917 2920 2971 incurrit:
2955 2931 3136 2971 nonne
3164 2916 3247 2970 vel
3285 2914 3400 2969 haec
3425 2919 3619 2968 eventa

2007 3006 2447 3076 'praadictionem
2483 3007 2721 3062 levitatis
2753 3014 2807 3061 et
2841 3005 3225 3061 inconstantiae
3254 3003 3622 3059 convincunt?

363 3091 682 3165 ὑποχείριοι,
722 3094 982 3159 πλούσιοι,
1010 3097 1264 3167 πένητες,
1336 3099 1658 3169 ἐρρωμένοι,
1717 3095 2153 3169 νοσηλευόμενοι,
2224 3097 2425 3161 πάντες
2474 3098 2530 3150 ἐν
2577 3099 2676 3169 μιᾷ
2726 3096 2915 3168 καιροῦ
2989 3098 3127 3167 ῥοπῇ
3177 3092 3618 3163 κατεφθάρησαν.

365 3184 576 3247 Πάντας
611 3184 806 3255 ἐπίσης
845 3185 908 3239 τὸ
940 3187 1051 3259 πῦρ
1078 3187 1316 3259 ἐνεμήθη
1341 3205 1356 3220 ·
1390 3191 1555 3243 πᾶσιν
1587 3191 1634 3242 οἱ
1664 3185 1800 3243 οἶκοι
1834 3188 1994 3257 τάφοι
2020 3188 2289 3257 ἐγένοντο.
2346 3188 2455 3242 Ποῦ
2481 3190 2536 3242 αἱ
2567 3190 2675 3242 τῶν
2742 3191 2958 3261 ἄστρων
3019 3188 3244 3240 ἐκείνων
3309 3182 3621 3245 διαπλοκαὶ,

364 3280 419 3330 αἱ
455 3278 557 3340 τὰς
581 3279 842 3350 διαφορὰς
867 3279 977 3334 τῶν
1005 3279 1132 3349 βίων
1169 3283 1282 3343 τοῖς
1310 3279 1617 3350 ἀνθρώποις
1682 3276 1960 3351 ὁρίζουσαι
1989 3295 2006 3345 ;
2044 3273 2193 3349 τΑρα
2226 3279 2391 3331 πᾶσιν
2436 3278 2664 3342 ἐκείνοις
2696 3277 2804 3348 ’μία
2843 3277 2948 3331 τῶν
3004 3277 3219 3348 ἄστρων
3258 3272 3474 3353 σύνοδος
3525 3272 3627 3337 τὰς

365 3366 558 3431 ὠδῖνας
603 3368 711 3422 τῶν
738 3369 1006 3437 γενέσεων
1051 3369 1227 3436 ἔλυσε,
1274 3371 1366 3423 καὶ
1400 3370 1565 3422 πᾶσιν
1596 3370 1625 3422 6
1662 3370 1935 3439 Καρκῖνος
1976 3367 2309 3439 ὡροσκοπῶν
2332 3368 2431 3439 τὴν
2466 3371 2660 3440 μοῖραν
2693 3368 2959 3429 ἐπέϐαλες
2990 3367 3095 3421 Καὶ
3166 3366 3271 3438 μὴν
3338 3366 3395 3419 αί
3435 3363 3628 3435 μυρίαι

366 3461 472 3513 τῶν
500 3462 723 3532 ἡλικιῶν
744 3479 802 3515 τε
832 3463 925 3515 καὶ
955 3464 1278 3534 ἀξιωμάτων
1307 3465 1576 3536 διαφοραὶ,
1609 3462 1672 3516 τὸ
1706 3463 1779 3533 μὴ
1816 3462 2024 3526 πάντας
2055 3462 2305 3532 ἀλλήλοις
2375 3463 2516 3517 κατὰ
2591 3462 2784 3516 ταυτὸν
2855 3463 2922 3531 τῇ
2964 3459 3176 3529 γενέσει
3246 3455 3625 3527 συνενεχθῆναι

368 3558 844 3629 διαμαρτύρονται.
888 3560 951 3612 Εί
979 3556 1071 3614 οὖν
1102 3561 1130 3612 ὁ
1162 3561 1258 3631 μὲν
1298 3560 1395 3631 τῆς
1442 3559 1709 3629 γενέσεως
1748 3560 1939 3631 χρόνος
1976 3559 2191 3629 ἑκάστῳ
2255 3558 2506 3631 διάφορος
2525 3597 2540 3621 ,
2604 3560 2638 3629 ὴ
2664 3558 2721 3610 δὲ
2748 3556 2854 3609 τῶν
2879 3554 3174 3627 συμφορῶν
3204 3552 3466 3623 ταυτότης
3487 3549 3632 3603 οὐδε-

374 3655 500 3723 μίαν
535 3653 885 3726 παραλλαγὴν
926 3656 990 3707 ἐκ
1038 3655 1139 3725 τῆς
1188 3655 1329 3709 κατά
1376 3656 1476 3726 τὴν
1525 3653 1739 3723 γένεσιν
1786 3654 1964 3718 αἰτίας
2017 3654 2263 3721 ἐδέξατοο
2333 3654 2443 3725 ἄρα
2474 3654 2568 3707 καὶ
2593 3652 2679 3706 διὰ
2712 3652 2915 3723 τούτων
2942 3650 3002 3703 τὸ
3031 3651 3157 3722 περὶ
3201 3648 3301 3721 τὴν
3326 3647 3633 3719 πρόρρησιν

370 3748 576 3813 ἀπαγὲς
604 3748 696 3799 καὶ
724 3747 1024 3801 ἀσύστατον
1051 3748 1384 3819 διελέγχεται
1405 3792 1420 3804 .

453 3843 591 3896 Ἀλλ’
627 3842 763 3907 ἔστι,
799 3844 951 3913 φησὶ,
982 3843 1077 3896 καὶ
1099 3843 1256 3909 νεὼς,
1281 3846 1377 3899 καὶ
1398 3844 1628 3909 πόλεως,
1649 3844 1742 3899 καὶ
1765 3843 1940 3906 ἔθνους

2127 3838 2235 3893 Sed
2283 3846 2388 3899 est,
2435 3835 2632 3904 inquit,
2683 3840 2739 3887 et
2777 3834 2933 3887 navis
2971 3837 3025 3886 et
3073 3829 3244 3891 urbis.
3282 3836 3337 3885 et
3370 3830 3548 3901 gentis
3576 3834 3635 3885 et
3687 3898 3696 3909 ε

374 3934 574 3997 παντὸς
600 3934 930 4005 εἱμαρμένη,
985 3934 1127 3987 κατὰ
1170 3937 1267 4005 τὴν
1297 3935 1521 4006 πρώτην
1554 3935 1705 3989 θέσιν
1749 3934 1806 3989 τὸ
1855 3935 1952 4002 ἐφ-

374 4028 501 4097 εξῆς
521 4025 912 4092 ἐπικλώθουσα,
937 4031 1029 4081 καὶ
1050 4027 1127 4098 τῷ
1154 4029 1455 4099 περιέχοντι
1481 4028 1548 4081 τὰ
1567 4027 1955 4100 ἐμπεριειλημ-

380 4119 514 4190 μένα
552 4121 672 4172 κατ’
717 4119 962 4189 ἀνάγκην
1020 4119 1432 4172 συνδιατίθεται.
1474 4119 1570 4182 Τίς
1623 4115 1715 4173 οὖν
1765 4120 1799 4190 ἡ
1854 4118 1954 4188 τῆς

376 4208 682 4279 ναυπηγίας
729 4207 1017 4279 Είλήθυια;
1051 4208 1146 4271 Τίς
1188 4208 1246 4260 δὲ
1278 4209 1307 4259 6
1349 4208 1449 4277 τῆς
1500 4208 1706 4271 πόλεως
1757 4207 1953 4275 τόκος;

391 4302 483 4353 Ἐκ
514 4300 673 4363 ποίας
697 4300 751 4352 δὲ
781 4301 956 4371 ἀρχῆς
982 4299 1073 4353 τοῦ
1106 4300 1289 4362 ἔθνους
1316 4299 1637 4370 καθορῶμεν
1662 4300 1760 4370 τὴν
1801 4300 1955 4368 γένε-

382 4407 497 4454 σιν;
530 4390 729 4459 Τέμνει
753 4391 780 4443 6
803 4390 1093 4462 δρυοτόμος
1122 4392 1218 4461 τὴν
1249 4389 1403 4461 ὓλην,
1438 4389 1803 4461 ἐμπορεύεται
1827 4388 1957 4441 ταύ-

379 4499 479 4552 την
506 4483 535 4534 6
565 4482 627 4535 τὸ
674 4482 827 4548 ξύλον
868 4482 1326 4553 ἐμπορευόμενος,
1363 4482 1661 4552 χρημάτων
1690 4484 1719 4534 6
1750 4498 1959 4551 ναυπη-

381 4576 477 4642 γὸς
503 4575 636 4646 ῦλην
658 4578 892 4642 ὠνεῖται,
930 4575 1140 4647 μερίζει
1172 4577 1238 4645 τῇ
1270 4574 1501 4646 ἐργασίᾳ
1527 4574 1624 4645 τὴν
1648 4574 1863 4645 τέχνην.
1903 4573 1959 4627 Ὀ

388 4670 485 4740 μὲν
513 4668 621 4739 γάρ
657 4684 739 4732 τις
779 4669 974 4739 διαιρεῖ
1001 4667 1062 4720 τὸ
1096 4666 1248 4731 ξύλον
1275 4667 1355 4730 εἰς
1383 4665 1597 4728 σανίδας
1634 4664 1712 4736 τῷ
1746 4664 1956 4737 πρίονι·

386 4762 413 4812 ὁ
438 4758 515 4822 δέ,
563 4759 663 4829 τὴν
690 4758 881 4828 τρόπιν
912 4757 1284 4810 τεκταίνεται·
1317 4755 1524 4827 ἔτερος,
1566 4757 1694 4827 περὶ
1718 4755 1786 4808 τὰ
1826 4755 1960 4808 ὑπο-

388 4849 614 4921 ζώματα
640 4851 736 4921 τὴν
766 4848 1001 4921 σπουδὴν
1025 4847 1125 4918 τῆς
1154 4848 1494 4917 κατασκευῆς
1516 4848 1650 4918 ἔχει,
1684 4848 1840 4911 ἄλλος
1864 4847 1962 4917 τὴν

391 4938 615 5010 πρῶραν
634 4978 650 5003 ,
675 4940 769 4991 καὶ
794 4938 950 5001 ἄλλος
978 4936 1075 5007 τὴν
1115 4934 1365 5007 πρύμναν
1391 4935 1795 5007 ἐκορυφώσατο.
1829 4934 1964 4987 Τού-

387 5050 466 5103 τῳ
508 5031 602 5084 τοῦ
638 5031 783 5084 ἱστοῦ
826 5030 997 5102 μέλει,
1033 5030 1126 5083 καὶ
1157 5030 1254 5099 τῆς
1300 5029 1527 5100 κεραίας
1557 5028 1632 5100 τῷ
1671 5029 1842 5100 ἐτέρῳ
1867 5046 1881 5059 ο
1912 5028 1963 5081 οἱ

389 5125 465 5185 δέ,
494 5124 555 5176 τὸ
583 5123 727 5177 λίνυν
770 5124 849 5185 εἰς
887 5121 1066 5184 κάλως
1098 5121 1389 5173 πλέκουσιν
1412 5136 1425 5149 ⁸
1457 5121 1506 5172 οἱ
1537 5119 1592 5173 δὲ
1627 5120 1851 5189 αὐχένες
1886 5119 1965 5190 τῷ

2060 3928 2307 3999 cujusvis
2347 3927 2424 3981 rei
2464 3926 2654 3989 fatum,
2703 3923 2847 3995 quod
2881 3939 2947 3978 ex
2980 3923 3158 3994 primo
3202 3929 3474 3978 astrorum
3521 3924 3633 3977 situ

2060 4032 2235 4079 totum
2277 4021 2476 4077 deinde
2517 4027 2718 4075 statum
2763 4026 3190 4088 consequentem
3238 4016 3545 4079 constituit,
3579 4024 3637 4071 et

2062 4129 2285 4169 causam
2317 4112 2686 4168 continentem
2710 4124 2773 4164 ac
2808 4109 3145 4180 superiorem
3175 4107 3231 4162 in
3261 4105 3635 4178 gubernandis

2063 4207 2228 4262 rebus
2274 4204 2547 4260 contentis
2602 4217 2665 4257 ac
2699 4200 3051 4257 inferioribus
3101 4200 3418 4256 necessario
3458 4199 3635 4269 juvat.

2064 4295 2199 4362 Quis
2226 4310 2376 4366 ergo,
2413 4295 2658 4365 inquam,
2688 4303 2773 4349 est
2808 4292 3026 4347 navium
3067 4291 3264 4346 ortus?
3286 4291 3412 4361 quis
3442 4291 3637 4346 civita-

2069 4388 2177 4442 tis?
2198 4389 2341 4442 unde
2361 4386 2629 4457 originem
2660 4384 2829 4438 trahit
2853 4383 3106 4455 quaelibet
3125 4383 3295 4453 gens?
3324 4382 3495 4437 Caedit
3515 4396 3637 4436 ma-

2067 4479 2325 4535 teriarius
2360 4477 2664 4540 materiam,
2693 4491 2813 4532 eam
2848 4475 3093 4531 venalem
3136 4475 3298 4529 habet
3330 4473 3639 4546 negotiator

2066 4572 2363 4642 lignorum,
2390 4571 2607 4623 navium
2644 4566 2827 4637 opifex
2856 4567 3086 4638 pecunia
3121 4566 3361 4629 redimit,
3402 4567 3639 4635 partitur

2069 4662 2341 4734 Opificium
2364 4662 2415 4714 in
2437 4659 2737 4729 operarios.
2752 4659 2906 4713 Alius
2924 4659 3069 4714 enim
3093 4671 3243 4713 serra
3267 4655 3470 4726 lignum
3487 4665 3642 4712 secat

2070 4753 2125 4807 in
2159 4767 2394 4814 asseres,
2420 4751 2561 4805 alius
2590 4749 2830 4804 carinam
2863 4748 3181 4808 fabricatur,
3205 4745 3345 4800 alius
3363 4744 3643 4815 erigendis

2071 4842 2329 4896 tabulatis
2378 4839 2472 4894 dat
2522 4853 2784 4909 Operam;
2839 4837 2926 4892 hic
2978 4850 3217 4906 proram,
3274 4834 3369 4889 ille
3420 4834 3643 4904 puppim

2071 4932 2339 4997 exstruit;
2368 4930 2496 4985 huic
2523 4930 2720 4996 malus,
2746 4929 2823 4983 illi
2859 4935 3094 4982 antenna
3111 4941 3257 4982 cura:
3278 4936 3398 4994 est;
3421 4926 3644 4996 quidam

2073 5043 2141 5082 ex
2171 5026 2285 5081 lino
2314 5025 2575 5079 rudentes
2608 5030 2823 5088 texunt,
2845 5022 3056 5077 clavum
3089 5020 3421 5091 gubernator
3449 5024 3643 5082 curat;

2076 5118 2298 5189 quidam
2336 5116 2485 5173 foros
2526 5126 2581 5171 et
2624 5115 2801 5170 velum
2836 5113 3156 5174 conﬁciunt,
3192 5110 3412 5181 quidam
3450 5123 3644 5163 navem

394 5215 703 5285 κυϐερνήτῃ
750 5212 837 5265 διὰ
868 5211 1144 5283 φροντίδος
1187 5210 1426 5279 γίνονται
1452 5227 1465 5240 ο
1513 5210 1661 5263 ἄλλοι
1701 5211 1772 5264 τὰ
1798 5227 1940 5263 κατα

2044 5212 2239 5267 ‘etiam
2275 5209 2502 5280 picturis
2558 5213 2860 5272 exornant;
2912 5203 3161 5259 nonnulli
3201 5203 3321 5272 pice
3356 5202 3649 5270 juncturas

396 5304 692 5375 στρώματα
716 5306 808 5357 καὶ
836 5303 933 5373 τὴν
957 5302 1146 5372 ὀθόνην
1174 5300 1488 5373 ἐνεργοῦσιν
1512 5316 1526 5331 ο
1555 5300 1724 5367 ἄλλοι,
1761 5301 1854 5352 καὶ
1878 5300 1969 5356 τὸν

394 5399 459 5451 ἐκ
494 5398 593 5466 τῆς
632 5395 948 5466 ζωγραφίας
991 5393 1375 5463 καλλωπισμὸν
1405 5393 1718 5461 ἐπάγουσιν.
1754 5391 1971 5463 Ἔτεροί

392 5504 454 5542 τε
480 5483 548 5542 αὖ
590 5487 927 5557 διαχρίοντες
958 5488 1023 5556 τῇ
1070 5484 1240 5555 πίσσῃ
1287 5483 1386 5547 τὰς
1437 5482 1720 5556 ἁρμονίας,
1748 5484 1842 5536 καὶ
1879 5484 1972 5538 τὸν

395 5579 584 5634 ἄντλον
609 5581 666 5631 ἐν
686 5577 763 5648 τῷ
788 5577 937 5647 μέσῳ
959 5574 1478 5639 κατασκευάζοντες.
1502 5574 1724 5637 Πάντως
1747 5574 1809 5629 οὐ
1830 5577 1974 5629 κατὰ

394 5673 591 5726 ταύτὸν
636 5671 865 5734 ἕκαστος
911 5670 975 5722 τὸ
1020 5669 1142 5723 καθ’
1190 5669 1378 5721 ἐαυτὸν
1413 5667 1746 5739 ἐνεργοῦσιν,
1800 5667 1912 5721 ἀλλ’
1942 5669 1972 5721 6

402 5768 521 5840 μὲν,
550 5765 643 5820 νῦν
664 5784 677 5798 ·
718 5768 767 5819 οί
800 5766 877 5831 δέ,
915 5765 1030 5836 μετ’
1062 5763 1240 5832 ὀλίγον
1261 5778 1273 5793 °
1302 5765 1397 5818 καὶ
1433 5762 1509 5833 τῷ
1553 5763 1651 5833 μὲν
1678 5761 1782 5833 ἢδη
1803 5761 1977 5833 πέρας

2079 5308 2408 5374 perungunt,
2443 5307 2497 5353 et
2527 5299 2582 5353 in
2615 5298 2795 5353 medio
2827 5295 3099 5352 sentinam
3143 5298 3488 5350 construunt.
3535 5288 3650 5345 Ne-
3678 5326 3679 5337 η

2080 5412 2186 5468 que
2209 5410 2400 5451 omnes
2421 5394 2583 5449 simul
2619 5408 2779 5447 suum
2814 5390 3025 5446 faciunt
3043 5404 3202 5460 opus,
3224 5388 3318 5443 sed
3347 5387 3490 5441 alius
3510 5385 3647 5454 jam,

2080 5489 2224 5542 alius
2243 5487 2406 5559 paulo
2424 5493 2574 5555 post;
2594 5483 2685 5538 ille
2701 5492 2939 5552 emptum
2964 5481 3075 5551 jam
3103 5481 3168 5535 ad
3188 5480 3348 5534 finem
3375 5476 3649 5547 perduxit,

2083 5580 2187 5634 iste
2203 5579 2503 5633 etiamnum
2534 5575 2768 5631 laborat.
2800 5573 2856 5628 ιιι
2886 5589 2996 5643 quo
3026 5572 3193 5643 igitur
3224 5579 3463 5639 tempore
3482 5567 3653 5621 fatum

2084 5671 2242 5727 navis
2267 5670 2539 5739 sapientes
2567 5666 2951 5723 collocabunt?
2974 5679 3106 5720 num
3136 5663 3191 5717 in
3217 5676 3287 5717 eo
3312 5675 3422 5731 quo
3443 5660 3651 5730 lignum

2085 5763 2307 5825 emitur,
2340 5760 2586 5824 caeditur,
2628 5766 2721 5814 aut
2750 5762 3038 5824 tractatur,
3076 5769 3149 5810 an
3179 5765 3290 5822 quo
3323 5749 3525 5806 ferrum
3559 5746 3655 5802 ad-
3684 5788 3689 5793 .
