  <div class='ocr_page' id='page_1' title='image "/cluster/home/n/w/nwhite01/storage/ocr_20150623/45/nnc1.0046978445/093.png"; bbox 0 0 4066 6374; ppageno 0'>
   <div class='ocr_carea' id='block_1_1' title="bbox 426 386 529 443">
    <p class='ocr_par' dir='ltr' id='par_1_1' title="bbox 426 386 529 443">
     <span class='ocr_line' id='line_1_1' title="bbox 426 386 529 443; baseline -0.01 -1"><span class='ocrx_word' id='word_1_1' title='bbox 426 386 529 443; x_wconf 75' lang='lat' dir='ltr'><strong>I67</strong></span> 
     </span>
    </p>
   </div>
   <div class='ocr_carea' id='block_1_2' title="bbox 1670 384 2427 441">
    <p class='ocr_par' dir='ltr' id='par_1_2' title="bbox 1670 384 2427 441">
     <span class='ocr_line' id='line_1_2' title="bbox 1670 384 2427 441; baseline 0.001 -2"><span class='ocrx_word' id='word_1_2' title='bbox 1670 385 1725 439; x_wconf 88' lang='lat' dir='ltr'><strong>S.</strong></span> <span class='ocrx_word' id='word_1_3' title='bbox 1769 384 2091 441; x_wconf 73' lang='lat' dir='ltr'><strong>GREGORII</strong></span> <span class='ocrx_word' id='word_1_4' title='bbox 2133 384 2427 440; x_wconf 82' lang='lat' dir='ltr'><strong>NYSSENI</strong></span> 
     </span>
    </p>
   </div>
   <div class='ocr_carea' id='block_1_3' title="bbox 3578 379 3678 435">
    <p class='ocr_par' dir='ltr' id='par_1_3' title="bbox 3578 379 3678 435">
     <span class='ocr_line' id='line_1_3' title="bbox 3578 379 3678 435; baseline 0.02 -2"><span class='ocrx_word' id='word_1_5' title='bbox 3578 379 3678 435; x_wconf 79' lang='grc'><strong>168</strong></span> 
     </span>
    </p>
   </div>
   <div class='ocr_carea' id='block_1_4' title="bbox 422 495 2013 571">
    <p class='ocr_par' dir='ltr' id='par_1_4' title="bbox 422 497 1998 571">
     <span class='ocr_line' id='line_1_4' title="bbox 422 497 1998 571; baseline -0.002 -17"><span class='ocrx_word' id='word_1_6' title='bbox 422 500 663 566; x_wconf 75' lang='lat' dir='ltr'><strong>vehitur,</strong></span> <span class='ocrx_word' id='word_1_7' title='bbox 695 514 764 554; x_wconf 89' lang='lat' dir='ltr'><strong>an</strong></span> <span class='ocrx_word' id='word_1_8' title='bbox 795 514 904 571; x_wconf 89' lang='lat' dir='ltr'><strong>quo</strong></span> <span class='ocrx_word' id='word_1_9' title='bbox 928 500 1098 555; x_wconf 88' lang='lat' dir='ltr'><strong>clavis</strong></span> <span class='ocrx_word' id='word_1_10' title='bbox 1128 515 1344 555; x_wconf 82' lang='lat' dir='ltr'><strong>asseres</strong></span> <span class='ocrx_word' id='word_1_11' title='bbox 1370 500 1832 569; x_wconf 80' lang='lat' dir='ltr'><strong>compinguntur?</strong></span> <span class='ocrx_word' id='word_1_12' title='bbox 1866 497 1998 551; x_wconf 86' lang='lat' dir='ltr'><strong>Nam</strong></span> 
     </span>
    </p>
   </div>
   <div class='ocr_carea' id='block_1_5' title="bbox 2116 495 3683 571">
    <p class='ocr_par' dir='ltr' id='par_1_5' title="bbox 2116 495 3683 569">
     <span class='ocr_line' id='line_1_5' title="bbox 2116 495 3683 569; baseline -0.003 -18"><span class='ocrx_word' id='word_1_13' title='bbox 2116 499 2165 551; x_wconf 77' lang='grc' dir='ltr'>τὸ</span> <span class='ocrx_word' id='word_1_14' title='bbox 2208 498 2636 569; x_wconf 78' lang='grc' dir='ltr'>σπουδαζόμενον</span> <span class='ocrx_word' id='word_1_15' title='bbox 2677 499 2865 569; x_wconf 76' lang='grc' dir='ltr'>ἔσχεν”</span> <span class='ocrx_word' id='word_1_16' title='bbox 2895 501 2922 552; x_wconf 88' lang='grc' dir='ltr'>ὁ</span> <span class='ocrx_word' id='word_1_17' title='bbox 2951 498 3029 560; x_wconf 83' lang='grc' dir='ltr'>δὲ,</span> <span class='ocrx_word' id='word_1_18' title='bbox 3062 498 3119 549; x_wconf 85' lang='grc' dir='ltr'><strong>ἐν</strong></span> <span class='ocrx_word' id='word_1_19' title='bbox 3154 496 3229 567; x_wconf 82' lang='grc' dir='ltr'>τῷ</span> <span class='ocrx_word' id='word_1_20' title='bbox 3268 497 3512 567; x_wconf 80' lang='grc' dir='ltr'><strong>ἐνεργεῖν</strong></span> <span class='ocrx_word' id='word_1_21' title='bbox 3551 495 3683 547; x_wconf 84' lang='grc' dir='ltr'>καθ-</span> 
     </span>
    </p>
   </div>
   <div class='ocr_carea' id='block_1_6' title="bbox 423 590 2001 659">
    <p class='ocr_par' dir='ltr' id='par_1_6' title="bbox 423 590 2001 659">
     <span class='ocr_line' id='line_1_6' title="bbox 423 590 2001 659; baseline -0.003 -15"><span class='ocrx_word' id='word_1_22' title='bbox 423 606 550 645; x_wconf 91' lang='lat' dir='ltr'><strong>cum</strong></span> <span class='ocrx_word' id='word_1_23' title='bbox 583 592 750 644; x_wconf 90' lang='lat' dir='ltr'><strong>multa</strong></span> <span class='ocrx_word' id='word_1_24' title='bbox 785 603 839 646; x_wconf 90' lang='lat' dir='ltr'><strong>et</strong></span> <span class='ocrx_word' id='word_1_25' title='bbox 863 594 1076 647; x_wconf 91' lang='lat' dir='ltr'><strong>diversa</strong></span> <span class='ocrx_word' id='word_1_26' title='bbox 1104 592 1319 644; x_wconf 85' lang='lat' dir='ltr'><strong>diverso</strong></span> <span class='ocrx_word' id='word_1_27' title='bbox 1354 601 1595 659; x_wconf 84' lang='lat' dir='ltr'><strong>tempore</strong></span> <span class='ocrx_word' id='word_1_28' title='bbox 1619 590 1797 643; x_wconf 86' lang='lat' dir='ltr'><strong>studia</strong></span> <span class='ocrx_word' id='word_1_29' title='bbox 1832 603 2001 641; x_wconf 88' lang='lat' dir='ltr'><strong>cona-</strong></span> 
     </span>
    </p>
   </div>
   <div class='ocr_carea' id='block_1_7' title="bbox 426 681 1999 754">
    <p class='ocr_par' dir='ltr' id='par_1_7' title="bbox 426 681 1999 754">
     <span class='ocr_line' id='line_1_7' title="bbox 426 681 1999 754; baseline -0.001 -18"><span class='ocrx_word' id='word_1_30' title='bbox 426 693 624 754; x_wconf 83' lang='lat' dir='ltr'><strong>tusque</strong></span> <span class='ocrx_word' id='word_1_31' title='bbox 655 684 919 739; x_wconf 88' lang='lat' dir='ltr'><strong>adversus</strong></span> <span class='ocrx_word' id='word_1_32' title='bbox 943 684 1287 753; x_wconf 76' lang='lat' dir='ltr'><strong>naufragium</strong></span> <span class='ocrx_word' id='word_1_33' title='bbox 1313 684 1704 745; x_wconf 75' lang='lat' dir='ltr'><strong>adhibeantur,</strong></span> <span class='ocrx_word' id='word_1_34' title='bbox 1725 681 1999 752; x_wconf 84' lang='lat' dir='ltr'><strong>quodnam</strong></span> 
     </span>
    </p>
   </div>
   <div class='ocr_carea' id='block_1_8' title="bbox 426 772 2001 843">
    <p class='ocr_par' dir='ltr' id='par_1_8' title="bbox 426 772 2001 843">
     <span class='ocr_line' id='line_1_8' title="bbox 426 772 2001 843; baseline 0.001 -19"><span class='ocrx_word' id='word_1_35' title='bbox 426 780 644 842; x_wconf 89' lang='lat' dir='ltr'><strong>tempus</strong></span> <span class='ocrx_word' id='word_1_36' title='bbox 670 776 794 827; x_wconf 81' lang='lat' dir='ltr'><strong>navi</strong></span> <span class='ocrx_word' id='word_1_37' title='bbox 826 774 989 829; x_wconf 84' lang='lat' dir='ltr'><strong>fatale</strong></span> <span class='ocrx_word' id='word_1_38' title='bbox 1017 774 1347 843; x_wconf 86' lang='lat' dir='ltr'><strong>assignabis,</strong></span> <span class='ocrx_word' id='word_1_39' title='bbox 1384 784 1442 826; x_wconf 92' lang='lat' dir='ltr'><strong>ut</strong></span> <span class='ocrx_word' id='word_1_40' title='bbox 1476 774 1717 827; x_wconf 87' lang='lat' dir='ltr'><strong>instante</strong></span> <span class='ocrx_word' id='word_1_41' title='bbox 1745 772 2001 826; x_wconf 89' lang='lat' dir='ltr'><strong>interitus</strong></span> 
     </span>
    </p>
   </div>
   <div class='ocr_carea' id='block_1_9' title="bbox 426 862 1999 933">
    <p class='ocr_par' dir='ltr' id='par_1_9' title="bbox 426 862 1999 933">
     <span class='ocr_line' id='line_1_9' title="bbox 426 862 1999 933; baseline -0.003 -16"><span class='ocrx_word' id='word_1_42' title='bbox 426 868 759 918; x_wconf 82' lang='lat' dir='ltr'><strong>necessitate</strong></span> <span class='ocrx_word' id='word_1_43' title='bbox 792 875 1041 919; x_wconf 78' lang='lat' dir='ltr'><strong>vectores</strong></span> <span class='ocrx_word' id='word_1_44' title='bbox 1072 879 1178 917; x_wconf 90' lang='lat' dir='ltr'><strong>una</strong></span> <span class='ocrx_word' id='word_1_45' title='bbox 1208 879 1392 918; x_wconf 89' lang='lat' dir='ltr'><strong>secum</strong></span> <span class='ocrx_word' id='word_1_46' title='bbox 1427 863 1655 933; x_wconf 81' lang='lat' dir='ltr'><strong>perdat?</strong></span> <span class='ocrx_word' id='word_1_47' title='bbox 1699 862 1859 928; x_wconf 89' lang='lat' dir='ltr'><strong>Quid-</strong></span> <span class='ocrx_word' id='word_1_48' title='bbox 1888 862 1999 930; x_wconf 89' lang='lat' dir='ltr'><strong>jam</strong></span> 
     </span>
    </p>
   </div>
   <div class='ocr_carea' id='block_1_10' title="bbox 426 952 2000 1009">
    <p class='ocr_par' dir='ltr' id='par_1_10' title="bbox 426 952 2000 1009">
     <span class='ocr_line' id='line_1_10' title="bbox 426 952 2000 1009; baseline -0.003 -1"><span class='ocrx_word' id='word_1_49' title='bbox 426 954 579 1009; x_wconf 83' lang='lat' dir='ltr'><strong>dices</strong></span> <span class='ocrx_word' id='word_1_50' title='bbox 602 954 670 1008; x_wconf 86' lang='lat' dir='ltr'><strong>de</strong></span> <span class='ocrx_word' id='word_1_51' title='bbox 697 954 1047 1008; x_wconf 86' lang='lat' dir='ltr'><strong>civitatibus?</strong></span> <span class='ocrx_word' id='word_1_52' title='bbox 1071 970 1139 1007; x_wconf 87' lang='lat' dir='ltr'><strong>an</strong></span> <span class='ocrx_word' id='word_1_53' title='bbox 1174 965 1286 1006; x_wconf 89' lang='lat' dir='ltr'><strong>tum</strong></span> <span class='ocrx_word' id='word_1_54' title='bbox 1316 955 1371 1006; x_wconf 91' lang='lat' dir='ltr'><strong>in</strong></span> <span class='ocrx_word' id='word_1_55' title='bbox 1405 969 1499 1007; x_wconf 86' lang='lat' dir='ltr'><strong>eas</strong></span> <span class='ocrx_word' id='word_1_56' title='bbox 1528 954 1797 1007; x_wconf 80' lang='lat' dir='ltr'><strong>dominari</strong></span> <span class='ocrx_word' id='word_1_57' title='bbox 1831 952 2000 1005; x_wconf 89' lang='lat' dir='ltr'><strong>fatum</strong></span> 
     </span>
    </p>
   </div>
   <div class='ocr_carea' id='block_1_11' title="bbox 427 1042 2004 1115">
    <p class='ocr_par' dir='ltr' id='par_1_11' title="bbox 427 1042 2004 1115">
     <span class='ocr_line' id='line_1_11' title="bbox 427 1042 2004 1115; baseline -0.001 -18"><span class='ocrx_word' id='word_1_58' title='bbox 427 1052 641 1115; x_wconf 86' lang='lat' dir='ltr'><strong>putant,</strong></span> <span class='ocrx_word' id='word_1_59' title='bbox 673 1058 795 1097; x_wconf 87' lang='lat' dir='ltr'><strong>cum</strong></span> <span class='ocrx_word' id='word_1_60' title='bbox 824 1044 859 1096; x_wconf 92' lang='lat' dir='ltr'><strong>ii</strong></span> <span class='ocrx_word' id='word_1_61' title='bbox 892 1044 982 1113; x_wconf 91' lang='lat' dir='ltr'><strong>qui</strong></span> <span class='ocrx_word' id='word_1_62' title='bbox 1017 1060 1137 1097; x_wconf 89' lang='lat' dir='ltr'><strong>eam</strong></span> <span class='ocrx_word' id='word_1_63' title='bbox 1173 1044 1227 1096; x_wconf 90' lang='lat' dir='ltr'><strong>in</strong></span> <span class='ocrx_word' id='word_1_64' title='bbox 1255 1058 1366 1097; x_wconf 89' lang='lat' dir='ltr'><strong>rem</strong></span> <span class='ocrx_word' id='word_1_65' title='bbox 1404 1042 1749 1107; x_wconf 81' lang='lat' dir='ltr'><strong>incumbunt,</strong></span> <span class='ocrx_word' id='word_1_66' title='bbox 1780 1042 1845 1095; x_wconf 80' lang='lat' dir='ltr'><strong>de</strong></span> <span class='ocrx_word' id='word_1_67' title='bbox 1871 1057 2004 1095; x_wconf 85' lang='lat' dir='ltr'><strong>con-</strong></span> 
     </span>
    </p>
   </div>
   <div class='ocr_carea' id='block_1_12' title="bbox 426 1133 1999 1204">
    <p class='ocr_par' dir='ltr' id='par_1_12' title="bbox 426 1133 1999 1204">
     <span class='ocr_line' id='line_1_12' title="bbox 426 1133 1999 1204; baseline -0.001 -16"><span class='ocrx_word' id='word_1_68' title='bbox 426 1136 620 1190; x_wconf 88' lang='lat' dir='ltr'><strong>dendis</strong></span> <span class='ocrx_word' id='word_1_69' title='bbox 670 1135 962 1189; x_wconf 88' lang='lat' dir='ltr'><strong>consilium</strong></span> <span class='ocrx_word' id='word_1_70' title='bbox 1016 1135 1261 1204; x_wconf 90' lang='lat' dir='ltr'><strong>capiunt,</strong></span> <span class='ocrx_word' id='word_1_71' title='bbox 1314 1149 1382 1187; x_wconf 86' lang='lat' dir='ltr'><strong>an</strong></span> <span class='ocrx_word' id='word_1_72' title='bbox 1432 1149 1556 1187; x_wconf 90' lang='lat' dir='ltr'><strong>cum</strong></span> <span class='ocrx_word' id='word_1_73' title='bbox 1601 1146 1849 1188; x_wconf 88' lang='lat' dir='ltr'><strong>naturam</strong></span> <span class='ocrx_word' id='word_1_74' title='bbox 1898 1133 1999 1187; x_wconf 93' lang='lat' dir='ltr'><strong>loci</strong></span> 
     </span>
    </p>
   </div>
   <div class='ocr_carea' id='block_1_13' title="bbox 427 1224 2002 1295">
    <p class='ocr_par' dir='ltr' id='par_1_13' title="bbox 427 1224 2002 1295">
     <span class='ocr_line' id='line_1_13' title="bbox 427 1224 2002 1295; baseline 0 -15"><span class='ocrx_word' id='word_1_75' title='bbox 427 1225 799 1289; x_wconf 86' lang='lat' dir='ltr'><strong>considerant,</strong></span> <span class='ocrx_word' id='word_1_76' title='bbox 833 1240 903 1278; x_wconf 86' lang='lat' dir='ltr'><strong>an</strong></span> <span class='ocrx_word' id='word_1_77' title='bbox 937 1240 1062 1279; x_wconf 91' lang='lat' dir='ltr'><strong>cum</strong></span> <span class='ocrx_word' id='word_1_78' title='bbox 1093 1226 1371 1295; x_wconf 83' lang='lat' dir='ltr'><strong>exemplar</strong></span> <span class='ocrx_word' id='word_1_79' title='bbox 1394 1224 1681 1279; x_wconf 83' lang='lat' dir='ltr'><strong>cfl‘ormant</strong></span> <span class='ocrx_word' id='word_1_80' title='bbox 1710 1234 1801 1279; x_wconf 88' lang='lat' dir='ltr'><strong>aut</strong></span> <span class='ocrx_word' id='word_1_81' title='bbox 1833 1224 2002 1280; x_wconf 86' lang='lat' dir='ltr'><strong>fabris</strong></span> 
     </span>
    </p>
   </div>
   <div class='ocr_carea' id='block_1_14' title="bbox 428 1315 2001 1384">
    <p class='ocr_par' dir='ltr' id='par_1_14' title="bbox 428 1315 2001 1384">
     <span class='ocr_line' id='line_1_14' title="bbox 428 1315 2001 1384; baseline 0 -15"><span class='ocrx_word' id='word_1_82' title='bbox 428 1317 631 1371; x_wconf 85' lang='lat' dir='ltr'><strong>ferrum</strong></span> <span class='ocrx_word' id='word_1_83' title='bbox 664 1316 965 1381; x_wconf 82' lang='lat' dir='ltr'><strong>advehunt,</strong></span> <span class='ocrx_word' id='word_1_84' title='bbox 994 1321 1089 1369; x_wconf 88' lang='lat' dir='ltr'><strong>aut</strong></span> <span class='ocrx_word' id='word_1_85' title='bbox 1116 1315 1323 1384; x_wconf 82' lang='lat' dir='ltr'><strong>lapides</strong></span> <span class='ocrx_word' id='word_1_86' title='bbox 1382 1323 1655 1383; x_wconf 88' lang='lat' dir='ltr'><strong>reponunt</strong></span> <span class='ocrx_word' id='word_1_87' title='bbox 1690 1323 1784 1367; x_wconf 90' lang='lat' dir='ltr'><strong>aut</strong></span> <span class='ocrx_word' id='word_1_88' title='bbox 1829 1324 2001 1369; x_wconf 86' lang='lat' dir='ltr'><strong>mate-</strong></span> 
     </span>
    </p>
   </div>
   <div class='ocr_carea' id='block_1_15' title="bbox 426 1406 1999 1477">
    <p class='ocr_par' dir='ltr' id='par_1_15' title="bbox 426 1406 1999 1477">
     <span class='ocr_line' id='line_1_15' title="bbox 426 1406 1999 1477; baseline -0.001 -15"><span class='ocrx_word' id='word_1_89' title='bbox 426 1410 565 1462; x_wconf 84' lang='lat' dir='ltr'><strong>riam</strong></span> <span class='ocrx_word' id='word_1_90' title='bbox 609 1408 993 1477; x_wconf 81' lang='lat' dir='ltr'><strong>comportant?</strong></span> <span class='ocrx_word' id='word_1_91' title='bbox 1039 1406 1307 1472; x_wconf 85' lang='lat' dir='ltr'><strong>Quidnam</strong></span> <span class='ocrx_word' id='word_1_92' title='bbox 1348 1422 1411 1461; x_wconf 89' lang='lat' dir='ltr'><strong>ex</strong></span> <span class='ocrx_word' id='word_1_93' title='bbox 1441 1407 1524 1461; x_wconf 82' lang='lat' dir='ltr'><strong>his</strong></span> <span class='ocrx_word' id='word_1_94' title='bbox 1552 1414 1634 1461; x_wconf 90' lang='lat' dir='ltr'><strong>est</strong></span> <span class='ocrx_word' id='word_1_95' title='bbox 1672 1407 1999 1476; x_wconf 89' lang='lat' dir='ltr'><strong>principium</strong></span> 
     </span>
    </p>
   </div>
   <div class='ocr_carea' id='block_1_16' title="bbox 428 1494 2001 1565">
    <p class='ocr_par' dir='ltr' id='par_1_16' title="bbox 428 1494 2001 1565">
     <span class='ocr_line' id='line_1_16' title="bbox 428 1494 2001 1565; baseline -0.003 -11"><span class='ocrx_word' id='word_1_96' title='bbox 428 1499 824 1554; x_wconf 70' lang='lat' dir='ltr'><strong>constituendae</strong></span> <span class='ocrx_word' id='word_1_97' title='bbox 854 1497 1132 1551; x_wconf 87' lang='lat' dir='ltr'><strong>civitatis?</strong></span> <span class='ocrx_word' id='word_1_98' title='bbox 1178 1496 1318 1561; x_wconf 85' lang='lat' dir='ltr'><strong>Quid</strong></span> <span class='ocrx_word' id='word_1_99' title='bbox 1368 1511 1531 1565; x_wconf 90' lang='lat' dir='ltr'><strong>porro</strong></span> <span class='ocrx_word' id='word_1_100' title='bbox 1558 1495 1711 1549; x_wconf 86' lang='lat' dir='ltr'><strong>dices</strong></span> <span class='ocrx_word' id='word_1_101' title='bbox 1741 1494 1808 1550; x_wconf 85' lang='lat' dir='ltr'><strong>de</strong></span> <span class='ocrx_word' id='word_1_102' title='bbox 1842 1504 2001 1565; x_wconf 76' lang='lat' dir='ltr'><strong>gente</strong></span> 
     </span>
    </p>
   </div>
   <div class='ocr_carea' id='block_1_17' title="bbox 429 1582 2005 1651">
    <p class='ocr_par' dir='ltr' id='par_1_17' title="bbox 429 1582 2005 1651">
     <span class='ocr_line' id='line_1_17' title="bbox 429 1582 2005 1651; baseline -0.007 -7"><span class='ocrx_word' id='word_1_103' title='bbox 429 1589 640 1644; x_wconf 86' lang='lat' dir='ltr'><strong>bellicis</strong></span> <span class='ocrx_word' id='word_1_104' title='bbox 702 1586 1107 1642; x_wconf 84' lang='lat' dir='ltr'><strong>calamitatibus</strong></span> <span class='ocrx_word' id='word_1_105' title='bbox 1164 1585 1392 1638; x_wconf 76' lang='lat' dir='ltr'><strong>attrita?</strong></span> <span class='ocrx_word' id='word_1_106' title='bbox 1445 1584 1575 1651; x_wconf 79' lang='lat' dir='ltr'><strong>Quae</strong></span> <span class='ocrx_word' id='word_1_107' title='bbox 1631 1582 1849 1637; x_wconf 79' lang='lat' dir='ltr'><strong>tandem</strong></span> <span class='ocrx_word' id='word_1_108' title='bbox 1910 1588 2005 1635; x_wconf 84' lang='lat' dir='ltr'><strong>aut</strong></span> 
     </span>
    </p>
   </div>
   <div class='ocr_carea' id='block_1_18' title="bbox 429 1674 2005 1745">
    <p class='ocr_par' dir='ltr' id='par_1_18' title="bbox 429 1674 2005 1745">
     <span class='ocr_line' id='line_1_18' title="bbox 429 1674 2005 1745; baseline -0.006 -10"><span class='ocrx_word' id='word_1_109' title='bbox 429 1680 575 1735; x_wconf 87' lang='lat' dir='ltr'><strong>unde</strong></span> <span class='ocrx_word' id='word_1_110' title='bbox 600 1690 718 1734; x_wconf 88' lang='lat' dir='ltr'><strong>orta</strong></span> <span class='ocrx_word' id='word_1_111' title='bbox 751 1680 979 1733; x_wconf 86' lang='lat' dir='ltr'><strong>adversa</strong></span> <span class='ocrx_word' id='word_1_112' title='bbox 1018 1693 1141 1733; x_wconf 90' lang='lat' dir='ltr'><strong>sors</strong></span> <span class='ocrx_word' id='word_1_113' title='bbox 1174 1677 1310 1732; x_wconf 89' lang='lat' dir='ltr'><strong>alios</strong></span> <span class='ocrx_word' id='word_1_114' title='bbox 1347 1677 1630 1740; x_wconf 86' lang='lat' dir='ltr'><strong>interimit,</strong></span> <span class='ocrx_word' id='word_1_115' title='bbox 1664 1677 1799 1730; x_wconf 89' lang='lat' dir='ltr'><strong>alios</strong></span> <span class='ocrx_word' id='word_1_116' title='bbox 1833 1674 2005 1745; x_wconf 88' lang='lat' dir='ltr'><strong>capti-</strong></span> 
     </span>
    </p>
   </div>
   <div class='ocr_carea' id='block_1_19' title="bbox 427 1766 2005 1839">
    <p class='ocr_par' dir='ltr' id='par_1_19' title="bbox 427 1766 2005 1839">
     <span class='ocr_line' id='line_1_19' title="bbox 427 1766 2005 1839; baseline -0.005 -12"><span class='ocrx_word' id='word_1_117' title='bbox 427 1788 525 1827; x_wconf 86' lang='lat' dir='ltr'><strong>vos</strong></span> <span class='ocrx_word' id='word_1_118' title='bbox 554 1772 609 1825; x_wconf 91' lang='lat' dir='ltr'><strong>in</strong></span> <span class='ocrx_word' id='word_1_119' title='bbox 651 1772 968 1826; x_wconf 82' lang='lat' dir='ltr'><strong>servitutem</strong></span> <span class='ocrx_word' id='word_1_120' title='bbox 1000 1770 1230 1839; x_wconf 79' lang='lat' dir='ltr'><strong>redigit?</strong></span> <span class='ocrx_word' id='word_1_121' title='bbox 1259 1768 1361 1834; x_wconf 90' lang='lat' dir='ltr'><strong>Qui</strong></span> <span class='ocrx_word' id='word_1_122' title='bbox 1393 1773 1595 1822; x_wconf 83' lang='lat' dir='ltr'><strong>factum</strong></span> <span class='ocrx_word' id='word_1_123' title='bbox 1637 1775 1719 1822; x_wconf 87' lang='lat' dir='ltr'><strong>est</strong></span> <span class='ocrx_word' id='word_1_124' title='bbox 1749 1774 1807 1821; x_wconf 91' lang='lat' dir='ltr'><strong>ut</strong></span> <span class='ocrx_word' id='word_1_125' title='bbox 1833 1766 2005 1820; x_wconf 85' lang='lat' dir='ltr'><strong>Anni-</strong></span> 
     </span>
    </p>
   </div>
   <div class='ocr_carea' id='block_1_20' title="bbox 2101 582 3681 658">
    <p class='ocr_par' dir='ltr' id='par_1_20' title="bbox 2101 582 3681 658">
     <span class='ocr_line' id='line_1_20' title="bbox 2101 582 3681 658; baseline -0.005 -18"><span class='ocrx_word' id='word_1_126' title='bbox 2101 590 2313 658; x_wconf 85' lang='grc' dir='ltr'>ορᾶται.</span> <span class='ocrx_word' id='word_1_127' title='bbox 2348 590 2483 640; x_wconf 84' lang='grc' dir='ltr'><strong>Πότε</strong></span> <span class='ocrx_word' id='word_1_128' title='bbox 2515 588 2693 640; x_wconf 82' lang='grc' dir='ltr'><strong>τοίνυν</strong></span> <span class='ocrx_word' id='word_1_129' title='bbox 2721 591 2786 658; x_wconf 87' lang='grc' dir='ltr'>τῇ</span> <span class='ocrx_word' id='word_1_130' title='bbox 2813 586 2899 657; x_wconf 84' lang='grc' dir='ltr'><strong>νηῖ</strong></span> <span class='ocrx_word' id='word_1_131' title='bbox 2922 587 3020 657; x_wconf 82' lang='grc' dir='ltr'>τὴν</span> <span class='ocrx_word' id='word_1_132' title='bbox 3053 583 3393 655; x_wconf 77' lang='grc' dir='ltr'><strong>εἱμαρμένην</strong></span> <span class='ocrx_word' id='word_1_133' title='bbox 3439 584 3487 634; x_wconf 87' lang='grc' dir='ltr'><strong>οἱ</strong></span> <span class='ocrx_word' id='word_1_134' title='bbox 3526 582 3681 649; x_wconf 79' lang='grc' dir='ltr'>σοφοὶ</span> 
     </span>
    </p>
   </div>
   <div class='ocr_carea' id='block_1_21' title="bbox 2098 673 3680 750">
    <p class='ocr_par' dir='ltr' id='par_1_21' title="bbox 2098 673 3680 750">
     <span class='ocr_line' id='line_1_21' title="bbox 2098 673 3680 750; baseline -0.004 -19"><span class='ocrx_word' id='word_1_135' title='bbox 2098 680 2514 750; x_wconf 81' lang='grc' dir='ltr'>ἐπιστήσουσιν;</span> <span class='ocrx_word' id='word_1_136' title='bbox 2555 680 2681 732; x_wconf 84' lang='grc' dir='ltr'>Ὅτε</span> <span class='ocrx_word' id='word_1_137' title='bbox 2724 680 2940 731; x_wconf 83' lang='grc' dir='ltr'>ὠνεῖται</span> <span class='ocrx_word' id='word_1_138' title='bbox 2971 677 3031 730; x_wconf 85' lang='grc' dir='ltr'>τὸ</span> <span class='ocrx_word' id='word_1_139' title='bbox 3077 676 3254 743; x_wconf 75' lang='grc' dir='ltr'>ξύλον,</span> <span class='ocrx_word' id='word_1_140' title='bbox 3296 676 3329 746; x_wconf 84' lang='grc' dir='ltr'>ἢ</span> <span class='ocrx_word' id='word_1_141' title='bbox 3365 676 3453 726; x_wconf 78' lang='grc' dir='ltr'>ὅτε</span> <span class='ocrx_word' id='word_1_142' title='bbox 3486 673 3680 743; x_wconf 80' lang='grc' dir='ltr'>τέμνε-</span> 
     </span>
    </p>
   </div>
   <div class='ocr_carea' id='block_1_22' title="bbox 2101 764 3679 841">
    <p class='ocr_par' dir='ltr' id='par_1_22' title="bbox 2101 764 3679 841">
     <span class='ocr_line' id='line_1_22' title="bbox 2101 764 3679 841; baseline -0.006 -17"><span class='ocrx_word' id='word_1_143' title='bbox 2101 789 2212 835; x_wconf 89' lang='grc' dir='ltr'>ται,</span> <span class='ocrx_word' id='word_1_144' title='bbox 2249 772 2281 841; x_wconf 83' lang='grc' dir='ltr'>ἢ</span> <span class='ocrx_word' id='word_1_145' title='bbox 2313 773 2400 824; x_wconf 83' lang='grc' dir='ltr'><strong>ὅτε</strong></span> <span class='ocrx_word' id='word_1_146' title='bbox 2426 770 2877 841; x_wconf 78' lang='grc' dir='ltr'>μεταχειρίζεται,</span> <span class='ocrx_word' id='word_1_147' title='bbox 2916 771 3059 841; x_wconf 81' lang='grc' dir='ltr'>ἢὸτε</span> <span class='ocrx_word' id='word_1_148' title='bbox 3092 768 3289 830; x_wconf 82' lang='grc' dir='ltr'>ἐπάγει</span> <span class='ocrx_word' id='word_1_149' title='bbox 3321 766 3411 819; x_wconf 81' lang='grc' dir='ltr'><strong>τὸν</strong></span> <span class='ocrx_word' id='word_1_150' title='bbox 3442 764 3679 836; x_wconf 84' lang='grc' dir='ltr'>σίδηρον,</span> 
     </span>
    </p>
   </div>
   <div class='ocr_carea' id='block_1_23' title="bbox 2102 856 3684 935">
    <p class='ocr_par' dir='ltr' id='par_1_23' title="bbox 2102 856 3684 935">
     <span class='ocr_line' id='line_1_23' title="bbox 2102 856 3684 935; baseline -0.004 -20"><span class='ocrx_word' id='word_1_151' title='bbox 2102 864 2257 935; x_wconf 79' lang='grc' dir='ltr'>ἥὸτε</span> <span class='ocrx_word' id='word_1_152' title='bbox 2308 863 2631 934; x_wconf 77' lang='grc' dir='ltr'>συναρμόζει</span> <span class='ocrx_word' id='word_1_153' title='bbox 2678 865 2790 926; x_wconf 81' lang='grc' dir='ltr'>τοῖς</span> <span class='ocrx_word' id='word_1_154' title='bbox 2838 863 3103 932; x_wconf 45' lang='grc' dir='ltr'>γόμφοις</span> <span class='ocrx_word' id='word_1_155' title='bbox 3158 859 3376 913; x_wconf 82' lang='grc' dir='ltr'>Πολλῶν</span> <span class='ocrx_word' id='word_1_156' title='bbox 3429 858 3536 927; x_wconf 77' lang='grc' dir='ltr'><strong>γὰρ</strong></span> <span class='ocrx_word' id='word_1_157' title='bbox 3590 856 3684 910; x_wconf 71' lang='grc' dir='ltr'>καὶ</span> 
     </span>
    </p>
   </div>
   <div class='ocr_carea' id='block_1_24' title="bbox 2102 949 3685 1026">
    <p class='ocr_par' dir='ltr' id='par_1_24' title="bbox 2102 949 3685 1026">
     <span class='ocr_line' id='line_1_24' title="bbox 2102 949 3685 1026; baseline -0.006 -18"><span class='ocrx_word' id='word_1_158' title='bbox 2102 955 2373 1026; x_wconf 85' lang='grc' dir='ltr'>διαφόρων</span> <span class='ocrx_word' id='word_1_159' title='bbox 2399 955 2565 1007; x_wconf 79' lang='grc' dir='ltr'>ὄντων</span> <span class='ocrx_word' id='word_1_160' title='bbox 2609 954 2715 1007; x_wconf 88' lang='grc' dir='ltr'><strong>τῶν</strong></span> <span class='ocrx_word' id='word_1_161' title='bbox 2742 954 2883 1007; x_wconf 70' lang='grc' dir='ltr'>κατὰ</span> <span class='ocrx_word' id='word_1_162' title='bbox 2921 953 3017 1024; x_wconf 80' lang='grc' dir='ltr'><strong>τὴν</strong></span> <span class='ocrx_word' id='word_1_163' title='bbox 3049 951 3359 1022; x_wconf 78' lang='grc' dir='ltr'>ναυπηγίαν</span> <span class='ocrx_word' id='word_1_164' title='bbox 3391 949 3685 1011; x_wconf 79' lang='grc' dir='ltr'>σπουδαζο-</span> 
     </span>
    </p>
   </div>
   <div class='ocr_carea' id='block_1_25' title="bbox 2108 1043 3683 1118">
    <p class='ocr_par' dir='ltr' id='par_1_25' title="bbox 2108 1043 3683 1118">
     <span class='ocr_line' id='line_1_25' title="bbox 2108 1043 3683 1118; baseline -0.006 -19"><span class='ocrx_word' id='word_1_165' title='bbox 2108 1048 2304 1118; x_wconf 79' lang='grc' dir='ltr'>μένων,</span> <span class='ocrx_word' id='word_1_166' title='bbox 2334 1049 2428 1101; x_wconf 76' lang='grc' dir='ltr'><strong>καὶ</strong></span> <span class='ocrx_word' id='word_1_167' title='bbox 2453 1048 2513 1100; x_wconf 71' lang='grc' dir='ltr'>οὔ</span> <span class='ocrx_word' id='word_1_168' title='bbox 2542 1048 2683 1100; x_wconf 72' lang='grc' dir='ltr'>κατὰ</span> <span class='ocrx_word' id='word_1_169' title='bbox 2708 1048 2798 1099; x_wconf 81' lang='grc' dir='ltr'><strong>τὸν</strong></span> <span class='ocrx_word' id='word_1_170' title='bbox 2837 1046 3000 1100; x_wconf 78' lang='grc' dir='ltr'>αὑτὸν</span> <span class='ocrx_word' id='word_1_171' title='bbox 3039 1044 3290 1116; x_wconf 84' lang='grc' dir='ltr'>ἀλλήλοις</span> <span class='ocrx_word' id='word_1_172' title='bbox 3334 1043 3525 1114; x_wconf 82' lang='grc' dir='ltr'>χρόνον</span> <span class='ocrx_word' id='word_1_173' title='bbox 3558 1058 3683 1093; x_wconf 79' lang='grc' dir='ltr'>συν-</span> 
     </span>
    </p>
   </div>
   <div class='ocr_carea' id='block_1_26' title="bbox 2106 1131 3685 1208">
    <p class='ocr_par' dir='ltr' id='par_1_26' title="bbox 2106 1131 3685 1208">
     <span class='ocr_line' id='line_1_26' title="bbox 2106 1131 3685 1208; baseline -0.004 -18"><span class='ocrx_word' id='word_1_174' title='bbox 2106 1139 2426 1208; x_wconf 76' lang='grc' dir='ltr'>ισταμένων,</span> <span class='ocrx_word' id='word_1_175' title='bbox 2465 1141 2614 1190; x_wconf 86' lang='grc' dir='ltr'>ποῖον</span> <span class='ocrx_word' id='word_1_176' title='bbox 2636 1136 2892 1207; x_wconf 88' lang='grc' dir='ltr'>ἀναθήσει</span> <span class='ocrx_word' id='word_1_177' title='bbox 2916 1136 3103 1207; x_wconf 86' lang='grc' dir='ltr'>χρόνον</span> <span class='ocrx_word' id='word_1_178' title='bbox 3133 1138 3199 1206; x_wconf 84' lang='grc' dir='ltr'>τῇ</span> <span class='ocrx_word' id='word_1_179' title='bbox 3233 1134 3566 1205; x_wconf 76' lang='grc' dir='ltr'>εἱμαρμένῃ,</span> <span class='ocrx_word' id='word_1_180' title='bbox 3598 1131 3685 1184; x_wconf 85' lang='grc' dir='ltr'><strong>ἵνα</strong></span> 
     </span>
    </p>
   </div>
   <div class='ocr_carea' id='block_1_27' title="bbox 2103 1225 3685 1302">
    <p class='ocr_par' dir='ltr' id='par_1_27' title="bbox 2103 1225 3685 1302">
     <span class='ocr_line' id='line_1_27' title="bbox 2103 1225 3685 1302; baseline -0.004 -19"><span class='ocrx_word' id='word_1_181' title='bbox 2103 1230 2201 1302; x_wconf 84' lang='grc' dir='ltr'>τὴν</span> <span class='ocrx_word' id='word_1_182' title='bbox 2230 1230 2471 1301; x_wconf 83' lang='grc' dir='ltr'>ἀνάγκην</span> <span class='ocrx_word' id='word_1_183' title='bbox 2493 1232 2588 1302; x_wconf 84' lang='grc' dir='ltr'>τῆς</span> <span class='ocrx_word' id='word_1_184' title='bbox 2612 1229 2956 1291; x_wconf 81' lang='grc' dir='ltr'>καταδύσεως</span> <span class='ocrx_word' id='word_1_185' title='bbox 2978 1228 3267 1298; x_wconf 78' lang='grc' dir='ltr'>δεξαμένη,</span> <span class='ocrx_word' id='word_1_186' title='bbox 3297 1225 3685 1296; x_wconf 83' lang='grc' dir='ltr'>συνδιαφθείρῃ</span> 
     </span>
    </p>
   </div>
   <div class='ocr_carea' id='block_1_28' title="bbox 2109 1317 3688 1393">
    <p class='ocr_par' dir='ltr' id='par_1_28' title="bbox 2109 1317 3688 1393">
     <span class='ocr_line' id='line_1_28' title="bbox 2109 1317 3688 1393; baseline -0.004 -18"><span class='ocrx_word' id='word_1_187' title='bbox 2109 1322 2227 1393; x_wconf 85' lang='grc' dir='ltr'>μεθ’</span> <span class='ocrx_word' id='word_1_188' title='bbox 2257 1324 2456 1392; x_wconf 78' lang='grc' dir='ltr'>ἑαυτῆς</span> <span class='ocrx_word' id='word_1_189' title='bbox 2488 1324 2613 1385; x_wconf 83' lang='grc' dir='ltr'>τοὺς</span> <span class='ocrx_word' id='word_1_190' title='bbox 2648 1321 2982 1393; x_wconf 80' lang='grc' dir='ltr'>ἐμπλέοντας</span> <span class='ocrx_word' id='word_1_191' title='bbox 3009 1336 3024 1385; x_wconf 88' lang='lat'><strong>;</strong></span> <span class='ocrx_word' id='word_1_192' title='bbox 3060 1320 3123 1372; x_wconf 89' lang='grc' dir='ltr'>Τί</span> <span class='ocrx_word' id='word_1_193' title='bbox 3152 1320 3196 1371; x_wconf 76' lang='grc' dir='ltr'>δ’</span> <span class='ocrx_word' id='word_1_194' title='bbox 3249 1319 3314 1373; x_wconf 84' lang='grc' dir='ltr'><strong>ἂν</strong></span> <span class='ocrx_word' id='word_1_195' title='bbox 3343 1319 3515 1380; x_wconf 81' lang='grc' dir='ltr'>εἴποις</span> <span class='ocrx_word' id='word_1_196' title='bbox 3560 1317 3688 1387; x_wconf 74' lang='grc' dir='ltr'>περὶ</span> 
     </span>
    </p>
   </div>
   <div class='ocr_carea' id='block_1_29' title="bbox 2104 1407 3688 1481">
    <p class='ocr_par' dir='ltr' id='par_1_29' title="bbox 2104 1407 3688 1481">
     <span class='ocr_line' id='line_1_29' title="bbox 2104 1407 3688 1481; baseline -0.004 -18"><span class='ocrx_word' id='word_1_197' title='bbox 2104 1408 2212 1463; x_wconf 88' lang='grc' dir='ltr'><strong>τῶν</strong></span> <span class='ocrx_word' id='word_1_198' title='bbox 2254 1411 2495 1477; x_wconf 90' lang='grc' dir='ltr'>πόλεων;</span> <span class='ocrx_word' id='word_1_199' title='bbox 2545 1411 2681 1463; x_wconf 84' lang='grc' dir='ltr'><strong>Πότε</strong></span> <span class='ocrx_word' id='word_1_200' title='bbox 2728 1412 2897 1481; x_wconf 80' lang='grc' dir='ltr'>αὐτῆς</span> <span class='ocrx_word' id='word_1_201' title='bbox 2928 1410 3152 1480; x_wconf 86' lang='grc' dir='ltr'>κρατεῖν</span> <span class='ocrx_word' id='word_1_202' title='bbox 3192 1407 3292 1478; x_wconf 78' lang='grc' dir='ltr'><strong>τὴν</strong></span> <span class='ocrx_word' id='word_1_203' title='bbox 3346 1408 3688 1477; x_wconf 79' lang='grc' dir='ltr'>εἱμαρμένην</span> 
     </span>
    </p>
   </div>
   <div class='ocr_carea' id='block_1_30' title="bbox 2105 1499 3689 1574">
    <p class='ocr_par' dir='ltr' id='par_1_30' title="bbox 2105 1499 3689 1574">
     <span class='ocr_line' id='line_1_30' title="bbox 2105 1499 3689 1574; baseline -0.003 -19"><span class='ocrx_word' id='word_1_204' title='bbox 2105 1500 2303 1557; x_wconf 74' lang='grc' dir='ltr'>οἴονται</span> <span class='ocrx_word' id='word_1_205' title='bbox 2328 1519 2341 1567; x_wconf 93' lang='grc'>;</span> <span class='ocrx_word' id='word_1_206' title='bbox 2371 1503 2499 1557; x_wconf 86' lang='grc' dir='ltr'>Ὅτε</span> <span class='ocrx_word' id='word_1_207' title='bbox 2558 1502 2718 1574; x_wconf 86' lang='grc' dir='ltr'>βουλή</span> <span class='ocrx_word' id='word_1_208' title='bbox 2762 1521 2845 1566; x_wconf 91' lang='grc' dir='ltr'><strong>τις</strong></span> <span class='ocrx_word' id='word_1_209' title='bbox 2871 1502 2966 1555; x_wconf 69' lang='grc' dir='ltr'>τοῦ</span> <span class='ocrx_word' id='word_1_210' title='bbox 2997 1500 3250 1571; x_wconf 79' lang='grc' dir='ltr'>οἰκισμοῦ</span> <span class='ocrx_word' id='word_1_211' title='bbox 3298 1502 3408 1562; x_wconf 86' lang='grc' dir='ltr'>τοῖς</span> <span class='ocrx_word' id='word_1_212' title='bbox 3460 1499 3689 1551; x_wconf 85' lang='grc' dir='ltr'>σπουδά-</span> 
     </span>
    </p>
   </div>
   <div class='ocr_carea' id='block_1_31' title="bbox 2106 1592 3689 1664">
    <p class='ocr_par' dir='ltr' id='par_1_31' title="bbox 2106 1592 3689 1664">
     <span class='ocr_line' id='line_1_31' title="bbox 2106 1592 3689 1664; baseline -0.004 -16"><span class='ocrx_word' id='word_1_213' title='bbox 2106 1596 2257 1659; x_wconf 80' lang='grc' dir='ltr'>ζουσι</span> <span class='ocrx_word' id='word_1_214' title='bbox 2304 1595 2544 1663; x_wconf 86' lang='grc' dir='ltr'>γίνεται;</span> <span class='ocrx_word' id='word_1_215' title='bbox 2599 1595 2791 1649; x_wconf 83' lang='grc' dir='ltr'>ὐπότε</span> <span class='ocrx_word' id='word_1_216' title='bbox 2840 1594 2934 1648; x_wconf 73' lang='grc' dir='ltr'>τοῦ</span> <span class='ocrx_word' id='word_1_217' title='bbox 2978 1594 3143 1647; x_wconf 85' lang='grc' dir='ltr'>τόπου</span> <span class='ocrx_word' id='word_1_218' title='bbox 3178 1593 3276 1664; x_wconf 82' lang='grc' dir='ltr'><strong>τὴν</strong></span> <span class='ocrx_word' id='word_1_219' title='bbox 3315 1592 3541 1660; x_wconf 74' lang='grc' dir='ltr'>εὐφυΐαν</span> <span class='ocrx_word' id='word_1_220' title='bbox 3572 1592 3689 1643; x_wconf 82' lang='grc' dir='ltr'>ἐπι-</span> 
     </span>
    </p>
   </div>
   <div class='ocr_carea' id='block_1_32' title="bbox 2105 1682 3688 1757">
    <p class='ocr_par' dir='ltr' id='par_1_32' title="bbox 2105 1682 3688 1757">
     <span class='ocr_line' id='line_1_32' title="bbox 2105 1682 3688 1757; baseline -0.004 -18"><span class='ocrx_word' id='word_1_221' title='bbox 2105 1686 2424 1755; x_wconf 79' lang='grc' dir='ltr'>λογίζονται,</span> <span class='ocrx_word' id='word_1_222' title='bbox 2450 1687 2481 1757; x_wconf 82' lang='grc' dir='ltr'>ἦ</span> <span class='ocrx_word' id='word_1_223' title='bbox 2512 1688 2601 1740; x_wconf 85' lang='grc' dir='ltr'>ὅτε</span> <span class='ocrx_word' id='word_1_224' title='bbox 2628 1687 2691 1739; x_wconf 76' lang='grc' dir='ltr'>τὸ</span> <span class='ocrx_word' id='word_1_225' title='bbox 2718 1688 2902 1756; x_wconf 83' lang='grc' dir='ltr'>σχῆμα</span> <span class='ocrx_word' id='word_1_226' title='bbox 2933 1686 3470 1756; x_wconf 81' lang='grc' dir='ltr'>καταχαράσσουσιν,</span> <span class='ocrx_word' id='word_1_227' title='bbox 3506 1682 3538 1753; x_wconf 86' lang='grc' dir='ltr'>ἢ</span> <span class='ocrx_word' id='word_1_228' title='bbox 3561 1683 3688 1734; x_wconf 81' lang='grc' dir='ltr'>ὅταν</span> 
     </span>
    </p>
   </div>
   <div class='ocr_carea' id='block_1_33' title="bbox 2106 1773 3691 1848">
    <p class='ocr_par' dir='ltr' id='par_1_33' title="bbox 2106 1773 3691 1848">
     <span class='ocr_line' id='line_1_33' title="bbox 2106 1773 3691 1848; baseline -0.004 -17"><span class='ocrx_word' id='word_1_229' title='bbox 2106 1779 2382 1845; x_wconf 74' lang='grc' dir='ltr'>ἐπάγωσιν</span> <span class='ocrx_word' id='word_1_230' title='bbox 2418 1779 2521 1848; x_wconf 75' lang='grc' dir='ltr'>ἤδη</span> <span class='ocrx_word' id='word_1_231' title='bbox 2544 1781 2608 1848; x_wconf 86' lang='grc' dir='ltr'>τῇ</span> <span class='ocrx_word' id='word_1_232' title='bbox 2646 1778 2878 1848; x_wconf 72' lang='grc' dir='ltr'>ἐργασίᾳ</span> <span class='ocrx_word' id='word_1_233' title='bbox 2901 1777 2993 1829; x_wconf 78' lang='grc' dir='ltr'><strong>τὸν</strong></span> <span class='ocrx_word' id='word_1_234' title='bbox 3024 1777 3266 1847; x_wconf 89' lang='grc' dir='ltr'>σίδηρον,</span> <span class='ocrx_word' id='word_1_235' title='bbox 3300 1775 3333 1846; x_wconf 78' lang='grc' dir='ltr'><strong>ἢ</strong></span> <span class='ocrx_word' id='word_1_236' title='bbox 3362 1774 3487 1836; x_wconf 84' lang='grc' dir='ltr'>τοὺς</span> <span class='ocrx_word' id='word_1_237' title='bbox 3512 1773 3691 1836; x_wconf 82' lang='grc' dir='ltr'>λίθους</span> 
     </span>
    </p>
   </div>
   <div class='ocr_carea' id='block_1_34' title="bbox 427 1853 2013 1940">
    <p class='ocr_par' dir='ltr' id='par_1_34' title="bbox 427 1858 2004 1929">
     <span class='ocr_line' id='line_1_34' title="bbox 427 1858 2004 1929; baseline -0.005 -10"><span class='ocrx_word' id='word_1_238' title='bbox 427 1865 538 1929; x_wconf 87' lang='lat' dir='ltr'><strong>bal,</strong></span> <span class='ocrx_word' id='word_1_239' title='bbox 568 1872 663 1917; x_wconf 88' lang='lat' dir='ltr'><strong>aut</strong></span> <span class='ocrx_word' id='word_1_240' title='bbox 683 1862 888 1923; x_wconf 68' lang='lat' dir='ltr'><strong>Caesar,</strong></span> <span class='ocrx_word' id='word_1_241' title='bbox 906 1870 999 1915; x_wconf 89' lang='lat' dir='ltr'><strong>aut</strong></span> <span class='ocrx_word' id='word_1_242' title='bbox 1016 1862 1318 1915; x_wconf 80' lang='lat' dir='ltr'><strong>Alexander</strong></span> <span class='ocrx_word' id='word_1_243' title='bbox 1342 1859 1564 1914; x_wconf 84' lang='lat' dir='ltr'><strong>Macedo</strong></span> <span class='ocrx_word' id='word_1_244' title='bbox 1595 1858 1702 1913; x_wconf 86' lang='lat' dir='ltr'><strong>fata</strong></span> <span class='ocrx_word' id='word_1_245' title='bbox 1725 1863 2004 1928; x_wconf 63' lang='lat' dir='ltr'><strong>aequarent</strong></span> 
     </span>
    </p>
   </div>
   <div class='ocr_carea' id='block_1_35' title="bbox 2116 1853 3692 1940">
    <p class='ocr_par' dir='ltr' id='par_1_35' title="bbox 2116 1864 3692 1940">
     <span class='ocr_line' id='line_1_35' title="bbox 2116 1864 3692 1940; baseline -0.004 -18"><span class='ocrx_word' id='word_1_246' title='bbox 2116 1869 2593 1940; x_wconf 69' lang='grc' dir='ltr'>ὲναποτίθενται,ἢ</span> <span class='ocrx_word' id='word_1_247' title='bbox 2649 1867 2987 1939; x_wconf 74' lang='grc' dir='ltr'>συμφοροῦσι</span> <span class='ocrx_word' id='word_1_248' title='bbox 3042 1867 3142 1929; x_wconf 74' lang='grc' dir='ltr'>τὰς</span> <span class='ocrx_word' id='word_1_249' title='bbox 3176 1866 3342 1931; x_wconf 81' lang='grc' dir='ltr'>ὖλας;</span> <span class='ocrx_word' id='word_1_250' title='bbox 3387 1865 3453 1917; x_wconf 90' lang='grc' dir='ltr'>Τί</span> <span class='ocrx_word' id='word_1_251' title='bbox 3489 1864 3692 1916; x_wconf 78' lang='grc' dir='ltr'>τούτων</span> 
     </span>
    </p>
   </div>
   <div class='ocr_carea' id='block_1_36' title="bbox 426 1950 2005 2024">
    <p class='ocr_par' dir='ltr' id='par_1_36' title="bbox 426 1950 2005 2024">
     <span class='ocr_line' id='line_1_36' title="bbox 426 1950 2005 2024; baseline -0.004 -14"><span class='ocrx_word' id='word_1_252' title='bbox 426 1956 670 2010; x_wconf 90' lang='lat' dir='ltr'><strong>omnium</strong></span> <span class='ocrx_word' id='word_1_253' title='bbox 718 1957 1047 2024; x_wconf 81' lang='lat' dir='ltr'><strong>quibuscum</strong></span> <span class='ocrx_word' id='word_1_254' title='bbox 1102 1953 1303 2007; x_wconf 80' lang='lat' dir='ltr'><strong>bellant</strong></span> <span class='ocrx_word' id='word_1_255' title='bbox 1362 1950 1642 2022; x_wconf 81' lang='lat' dir='ltr'><strong>gerebant,</strong></span> <span class='ocrx_word' id='word_1_256' title='bbox 1706 1966 1881 2021; x_wconf 90' lang='lat' dir='ltr'><strong>usque</strong></span> <span class='ocrx_word' id='word_1_257' title='bbox 1938 1963 2005 2005; x_wconf 88' lang='lat' dir='ltr'><strong>eo</strong></span> 
     </span>
    </p>
   </div>
   <div class='ocr_carea' id='block_1_37' title="bbox 428 2044 2007 2113">
    <p class='ocr_par' dir='ltr' id='par_1_37' title="bbox 428 2044 2007 2113">
     <span class='ocr_line' id='line_1_37' title="bbox 428 2044 2007 2113; baseline -0.004 -12"><span class='ocrx_word' id='word_1_258' title='bbox 428 2049 756 2103; x_wconf 84' lang='lat' dir='ltr'><strong>necessitate</strong></span> <span class='ocrx_word' id='word_1_259' title='bbox 782 2048 872 2101; x_wconf 88' lang='lat' dir='ltr'><strong>illa</strong></span> <span class='ocrx_word' id='word_1_260' title='bbox 898 2046 1246 2107; x_wconf 86' lang='lat' dir='ltr'><strong>valentiores,</strong></span> <span class='ocrx_word' id='word_1_261' title='bbox 1268 2052 1327 2097; x_wconf 91' lang='lat' dir='ltr'><strong>ut</strong></span> <span class='ocrx_word' id='word_1_262' title='bbox 1348 2044 1539 2099; x_wconf 88' lang='lat' dir='ltr'><strong>iisdem</strong></span> <span class='ocrx_word' id='word_1_263' title='bbox 1563 2044 1722 2113; x_wconf 90' lang='lat' dir='ltr'><strong>plane</strong></span> <span class='ocrx_word' id='word_1_264' title='bbox 1750 2050 1803 2096; x_wconf 91' lang='lat' dir='ltr'><strong>et</strong></span> <span class='ocrx_word' id='word_1_265' title='bbox 1825 2056 2007 2111; x_wconf 63' lang='lat' dir='ltr'><strong>aequa-</strong></span> 
     </span>
    </p>
   </div>
   <div class='ocr_carea' id='block_1_38' title="bbox 430 2133 2006 2205">
    <p class='ocr_par' dir='ltr' id='par_1_38' title="bbox 430 2133 2006 2205">
     <span class='ocr_line' id='line_1_38' title="bbox 430 2133 2006 2205; baseline -0.001 -15"><span class='ocrx_word' id='word_1_266' title='bbox 430 2138 571 2193; x_wconf 88' lang='lat' dir='ltr'><strong>libus</strong></span> <span class='ocrx_word' id='word_1_267' title='bbox 653 2138 890 2191; x_wconf 91' lang='lat' dir='ltr'><strong>hostium</strong></span> <span class='ocrx_word' id='word_1_268' title='bbox 967 2136 1127 2191; x_wconf 91' lang='lat' dir='ltr'><strong>malis</strong></span> <span class='ocrx_word' id='word_1_269' title='bbox 1203 2136 1385 2190; x_wconf 89' lang='lat' dir='ltr'><strong>omnia</strong></span> <span class='ocrx_word' id='word_1_270' title='bbox 1464 2136 1820 2205; x_wconf 82' lang='lat' dir='ltr'><strong>diriperent?</strong></span> <span class='ocrx_word' id='word_1_271' title='bbox 1899 2133 2006 2189; x_wconf 86' lang='lat' dir='ltr'><strong>Sed</strong></span> 
     </span>
    </p>
   </div>
   <div class='ocr_carea' id='block_1_39' title="bbox 428 2228 2004 2292">
    <p class='ocr_par' dir='ltr' id='par_1_39' title="bbox 428 2228 2004 2292">
     <span class='ocr_line' id='line_1_39' title="bbox 428 2228 2004 2292; baseline -0.003 -8"><span class='ocrx_word' id='word_1_272' title='bbox 428 2230 575 2285; x_wconf 89' lang='lat' dir='ltr'><strong>enim</strong></span> <span class='ocrx_word' id='word_1_273' title='bbox 632 2230 855 2284; x_wconf 86' lang='lat' dir='ltr'><strong>minime</strong></span> <span class='ocrx_word' id='word_1_274' title='bbox 912 2229 1210 2284; x_wconf 83' lang='lat' dir='ltr'><strong>verisimile</strong></span> <span class='ocrx_word' id='word_1_275' title='bbox 1261 2244 1417 2292; x_wconf 85' lang='lat' dir='ltr'><strong>esse,</strong></span> <span class='ocrx_word' id='word_1_276' title='bbox 1476 2230 1666 2283; x_wconf 84' lang='lat' dir='ltr'><strong>eadem</strong></span> <span class='ocrx_word' id='word_1_277' title='bbox 1721 2228 2004 2282; x_wconf 82' lang='lat' dir='ltr'><strong>civitatum</strong></span> 
     </span>
    </p>
   </div>
   <div class='ocr_carea' id='block_1_40' title="bbox 430 2317 2008 2389">
    <p class='ocr_par' dir='ltr' id='par_1_40' title="bbox 430 2317 2008 2389">
     <span class='ocr_line' id='line_1_40' title="bbox 430 2317 2008 2389; baseline -0.001 -17"><span class='ocrx_word' id='word_1_278' title='bbox 430 2318 560 2385; x_wconf 88' lang='lat' dir='ltr'><strong>fata,</strong></span> <span class='ocrx_word' id='word_1_279' title='bbox 599 2320 933 2389; x_wconf 87' lang='lat' dir='ltr'><strong>eosdemque</strong></span> <span class='ocrx_word' id='word_1_280' title='bbox 975 2320 1260 2373; x_wconf 88' lang='lat' dir='ltr'><strong>stellarum</strong></span> <span class='ocrx_word' id='word_1_281' title='bbox 1321 2320 1459 2373; x_wconf 88' lang='lat' dir='ltr'><strong>situs</strong></span> <span class='ocrx_word' id='word_1_282' title='bbox 1506 2317 1738 2379; x_wconf 71' lang='lat' dir='ltr'><strong>efficere,</strong></span> <span class='ocrx_word' id='word_1_283' title='bbox 1789 2325 1849 2371; x_wconf 93' lang='lat' dir='ltr'><strong>ut</strong></span> <span class='ocrx_word' id='word_1_284' title='bbox 1894 2325 2008 2372; x_wconf 87' lang='lat' dir='ltr'><strong>ter-</strong></span> 
     </span>
    </p>
   </div>
   <div class='ocr_carea' id='block_1_41' title="bbox 430 2411 2007 2482">
    <p class='ocr_par' dir='ltr' id='par_1_41' title="bbox 430 2411 2007 2482">
     <span class='ocr_line' id='line_1_41' title="bbox 430 2411 2007 2482; baseline -0.003 -14"><span class='ocrx_word' id='word_1_285' title='bbox 430 2414 747 2468; x_wconf 74' lang='lat' dir='ltr'><strong>rtemotibus</strong></span> <span class='ocrx_word' id='word_1_286' title='bbox 807 2424 1081 2482; x_wconf 65' lang='lat' dir='ltr'><strong>quassatae</strong></span> <span class='ocrx_word' id='word_1_287' title='bbox 1146 2412 1303 2464; x_wconf 86' lang='lat' dir='ltr'><strong>ruina</strong></span> <span class='ocrx_word' id='word_1_288' title='bbox 1360 2411 1784 2481; x_wconf 84' lang='lat' dir='ltr'><strong>opprimantur,</strong></span> <span class='ocrx_word' id='word_1_289' title='bbox 1839 2424 1906 2463; x_wconf 81' lang='lat' dir='ltr'><strong>ex</strong></span> <span class='ocrx_word' id='word_1_290' title='bbox 1941 2423 2007 2464; x_wconf 89' lang='lat' dir='ltr'><strong>eo</strong></span> 
     </span>
    </p>
   </div>
   <div class='ocr_carea' id='block_1_42' title="bbox 432 2500 2007 2576">
    <p class='ocr_par' dir='ltr' id='par_1_42' title="bbox 432 2500 2007 2576">
     <span class='ocr_line' id='line_1_42' title="bbox 432 2500 2007 2576; baseline -0.004 -17"><span class='ocrx_word' id='word_1_291' title='bbox 432 2505 749 2576; x_wconf 87' lang='lat' dir='ltr'><strong>perspicere</strong></span> <span class='ocrx_word' id='word_1_292' title='bbox 794 2502 977 2573; x_wconf 85' lang='lat' dir='ltr'><strong>quivis</strong></span> <span class='ocrx_word' id='word_1_293' title='bbox 1024 2504 1246 2573; x_wconf 90' lang='lat' dir='ltr'><strong>poterit,</strong></span> <span class='ocrx_word' id='word_1_294' title='bbox 1282 2502 1427 2573; x_wconf 90' lang='lat' dir='ltr'><strong>quod</strong></span> <span class='ocrx_word' id='word_1_295' title='bbox 1470 2517 1630 2556; x_wconf 90' lang='lat' dir='ltr'><strong>nemo</strong></span> <span class='ocrx_word' id='word_1_296' title='bbox 1660 2501 1870 2555; x_wconf 87' lang='lat' dir='ltr'><strong>nesciat</strong></span> <span class='ocrx_word' id='word_1_297' title='bbox 1900 2500 2007 2553; x_wconf 83' lang='lat' dir='ltr'><strong>hu-</strong></span> 
     </span>
    </p>
   </div>
   <div class='ocr_carea' id='block_1_43' title="bbox 426 2589 2007 2666">
    <p class='ocr_par' dir='ltr' id='par_1_43' title="bbox 426 2589 2007 2666">
     <span class='ocr_line' id='line_1_43' title="bbox 426 2589 2007 2666; baseline -0.004 -17"><span class='ocrx_word' id='word_1_298' title='bbox 426 2593 734 2666; x_wconf 89' lang='lat' dir='ltr'><strong>juscetnodi</strong></span> <span class='ocrx_word' id='word_1_299' title='bbox 768 2602 925 2648; x_wconf 79' lang='lat' dir='ltr'><strong>teme</strong></span> <span class='ocrx_word' id='word_1_300' title='bbox 946 2592 1259 2647; x_wconf 77' lang='lat' dir='ltr'><strong>affectiones</strong></span> <span class='ocrx_word' id='word_1_301' title='bbox 1282 2609 1388 2646; x_wconf 88' lang='lat' dir='ltr'><strong>non</strong></span> <span class='ocrx_word' id='word_1_302' title='bbox 1414 2594 1589 2647; x_wconf 91' lang='lat' dir='ltr'><strong>solum</strong></span> <span class='ocrx_word' id='word_1_303' title='bbox 1618 2592 1670 2645; x_wconf 92' lang='lat' dir='ltr'><strong>in</strong></span> <span class='ocrx_word' id='word_1_304' title='bbox 1698 2591 1829 2644; x_wconf 90' lang='lat' dir='ltr'><strong>locis</strong></span> <span class='ocrx_word' id='word_1_305' title='bbox 1853 2589 2007 2643; x_wconf 87' lang='lat' dir='ltr'><strong>habi-</strong></span> 
     </span>
    </p>
   </div>
   <div class='ocr_carea' id='block_1_44' title="bbox 431 2682 2007 2753">
    <p class='ocr_par' dir='ltr' id='par_1_44' title="bbox 431 2682 2007 2753">
     <span class='ocr_line' id='line_1_44' title="bbox 431 2682 2007 2753; baseline -0.003 -13"><span class='ocrx_word' id='word_1_306' title='bbox 431 2688 582 2752; x_wconf 82' lang='lat' dir='ltr'><strong>tatis,</strong></span> <span class='ocrx_word' id='word_1_307' title='bbox 606 2686 703 2741; x_wconf 87' lang='lat' dir='ltr'><strong>sed</strong></span> <span class='ocrx_word' id='word_1_308' title='bbox 729 2686 965 2740; x_wconf 82' lang='lat' dir='ltr'><strong>etiamin</strong></span> <span class='ocrx_word' id='word_1_309' title='bbox 1002 2685 1450 2740; x_wconf 86' lang='lat' dir='ltr'><strong>inhabitabilibus</strong></span> <span class='ocrx_word' id='word_1_310' title='bbox 1480 2686 1764 2739; x_wconf 83' lang='lat' dir='ltr'><strong>exsistere.</strong></span> <span class='ocrx_word' id='word_1_311' title='bbox 1800 2682 1856 2736; x_wconf 91' lang='lat' dir='ltr'><strong>Si</strong></span> <span class='ocrx_word' id='word_1_312' title='bbox 1884 2683 2007 2753; x_wconf 90' lang='lat' dir='ltr'><strong>quis</strong></span> 
     </span>
    </p>
   </div>
   <div class='ocr_carea' id='block_1_45' title="bbox 435 2773 2006 2847">
    <p class='ocr_par' dir='ltr' id='par_1_45' title="bbox 435 2773 2006 2847">
     <span class='ocr_line' id='line_1_45' title="bbox 435 2773 2006 2847; baseline -0.003 -17"><span class='ocrx_word' id='word_1_313' title='bbox 435 2778 787 2847; x_wconf 64' lang='lat' dir='ltr'><strong>Sangaeorum</strong></span> <span class='ocrx_word' id='word_1_314' title='bbox 819 2786 1057 2831; x_wconf 89' lang='lat' dir='ltr'><strong>montem</strong></span> <span class='ocrx_word' id='word_1_315' title='bbox 1098 2777 1153 2830; x_wconf 92' lang='lat' dir='ltr'><strong>in</strong></span> <span class='ocrx_word' id='word_1_316' title='bbox 1198 2775 1462 2846; x_wconf 72' lang='lat' dir='ltr'><strong>Bithynia:</strong></span> <span class='ocrx_word' id='word_1_317' title='bbox 1503 2776 1697 2829; x_wconf 83' lang='lat' dir='ltr'><strong>finibus</strong></span> <span class='ocrx_word' id='word_1_318' title='bbox 1724 2775 1888 2828; x_wconf 90' lang='lat' dir='ltr'><strong>situm</strong></span> <span class='ocrx_word' id='word_1_319' title='bbox 1922 2773 2006 2827; x_wconf 87' lang='lat' dir='ltr'><strong>vel</strong></span> 
     </span>
    </p>
   </div>
   <div class='ocr_carea' id='block_1_46' title="bbox 434 2865 2007 2939">
    <p class='ocr_par' dir='ltr' id='par_1_46' title="bbox 434 2865 2007 2939">
     <span class='ocr_line' id='line_1_46' title="bbox 434 2865 2007 2939; baseline -0.004 -16"><span class='ocrx_word' id='word_1_320' title='bbox 434 2869 553 2939; x_wconf 89' lang='lat' dir='ltr'><strong>ipse</strong></span> <span class='ocrx_word' id='word_1_321' title='bbox 572 2868 811 2923; x_wconf 88' lang='lat' dir='ltr'><strong>viditvel</strong></span> <span class='ocrx_word' id='word_1_322' title='bbox 845 2868 967 2921; x_wconf 91' lang='lat' dir='ltr'><strong>aliis</strong></span> <span class='ocrx_word' id='word_1_323' title='bbox 996 2867 1358 2923; x_wconf 76' lang='lat' dir='ltr'><strong>referentibus</strong></span> <span class='ocrx_word' id='word_1_324' title='bbox 1389 2868 1616 2931; x_wconf 78' lang='lat' dir='ltr'><strong>audivit,</strong></span> <span class='ocrx_word' id='word_1_325' title='bbox 1647 2865 1791 2937; x_wconf 85' lang='lat' dir='ltr'><strong>quod</strong></span> <span class='ocrx_word' id='word_1_326' title='bbox 1831 2867 2007 2919; x_wconf 89' lang='lat' dir='ltr'><strong>dicam</strong></span> 
     </span>
    </p>
   </div>
   <div class='ocr_carea' id='block_1_47' title="bbox 432 2957 2010 3028">
    <p class='ocr_par' dir='ltr' id='par_1_47' title="bbox 432 2957 2010 3028">
     <span class='ocr_line' id='line_1_47' title="bbox 432 2957 2010 3028; baseline 0.001 -18"><span class='ocrx_word' id='word_1_327' title='bbox 432 2974 621 3013; x_wconf 87' lang='lat' dir='ltr'><strong>verum</strong></span> <span class='ocrx_word' id='word_1_328' title='bbox 656 2974 780 3013; x_wconf 89' lang='lat' dir='ltr'><strong>esse</strong></span> <span class='ocrx_word' id='word_1_329' title='bbox 822 2960 1144 3028; x_wconf 88' lang='lat' dir='ltr'><strong>compcriet,</strong></span> <span class='ocrx_word' id='word_1_330' title='bbox 1195 2968 1367 3013; x_wconf 89' lang='lat' dir='ltr'><strong>totum</strong></span> <span class='ocrx_word' id='word_1_331' title='bbox 1397 2960 1586 3028; x_wconf 87' lang='lat' dir='ltr'><strong>jugum</strong></span> <span class='ocrx_word' id='word_1_332' title='bbox 1621 2960 1673 3011; x_wconf 92' lang='lat' dir='ltr'><strong>in</strong></span> <span class='ocrx_word' id='word_1_333' title='bbox 1705 2958 1845 3011; x_wconf 89' lang='lat' dir='ltr'><strong>viam</strong></span> <span class='ocrx_word' id='word_1_334' title='bbox 1882 2957 2010 3012; x_wconf 87' lang='lat' dir='ltr'><strong>sub—</strong></span> 
     </span>
    </p>
   </div>
   <div class='ocr_carea' id='block_1_48' title="bbox 434 3050 2009 3122">
    <p class='ocr_par' dir='ltr' id='par_1_48' title="bbox 434 3050 2009 3122">
     <span class='ocr_line' id='line_1_48' title="bbox 434 3050 2009 3122; baseline -0.002 -16"><span class='ocrx_word' id='word_1_335' title='bbox 434 3050 664 3114; x_wconf 89' lang='lat' dir='ltr'><strong>sedisse,</strong></span> <span class='ocrx_word' id='word_1_336' title='bbox 702 3066 765 3104; x_wconf 89' lang='lat' dir='ltr'><strong>ac</strong></span> <span class='ocrx_word' id='word_1_337' title='bbox 796 3052 1039 3107; x_wconf 86' lang='lat' dir='ltr'><strong>terribile</strong></span> <span class='ocrx_word' id='word_1_338' title='bbox 1074 3053 1527 3122; x_wconf 81' lang='lat' dir='ltr'><strong>praetereuntibus</strong></span> <span class='ocrx_word' id='word_1_339' title='bbox 1568 3052 1811 3121; x_wconf 71' lang='lat' dir='ltr'><strong>przebere</strong></span> <span class='ocrx_word' id='word_1_340' title='bbox 1852 3064 2009 3120; x_wconf 90' lang='lat' dir='ltr'><strong>spec-</strong></span> 
     </span>
    </p>
   </div>
   <div class='ocr_carea' id='block_1_49' title="bbox 435 3140 2011 3214">
    <p class='ocr_par' dir='ltr' id='par_1_49' title="bbox 435 3140 2011 3214">
     <span class='ocr_line' id='line_1_49' title="bbox 435 3140 2011 3214; baseline 0 -20"><span class='ocrx_word' id='word_1_341' title='bbox 435 3143 698 3196; x_wconf 87' lang='lat' dir='ltr'><strong>taculum.</strong></span> <span class='ocrx_word' id='word_1_342' title='bbox 754 3140 1034 3210; x_wconf 77' lang='lat' dir='ltr'><strong>Ejusmodi</strong></span> <span class='ocrx_word' id='word_1_343' title='bbox 1082 3159 1299 3213; x_wconf 87' lang='lat' dir='ltr'><strong>quoque</strong></span> <span class='ocrx_word' id='word_1_344' title='bbox 1338 3151 1468 3197; x_wconf 88' lang='lat' dir='ltr'><strong>sunt</strong></span> <span class='ocrx_word' id='word_1_345' title='bbox 1507 3142 1885 3214; x_wconf 73' lang='lat' dir='ltr'><strong>Paphlagonia:</strong></span> <span class='ocrx_word' id='word_1_346' title='bbox 1929 3140 2011 3194; x_wconf 79' lang='lat' dir='ltr'><strong>af-</strong></span> 
     </span>
    </p>
   </div>
   <div class='ocr_carea' id='block_1_50' title="bbox 2106 1955 3691 2029">
    <p class='ocr_par' dir='ltr' id='par_1_50' title="bbox 2106 1955 3691 2029">
     <span class='ocr_line' id='line_1_50' title="bbox 2106 1955 3691 2029; baseline -0.003 -18"><span class='ocrx_word' id='word_1_347' title='bbox 2106 1961 2251 2012; x_wconf 80' lang='grc' dir='ltr'>ἐστὶν</span> <span class='ocrx_word' id='word_1_348' title='bbox 2281 1959 2545 2029; x_wconf 83' lang='grc' dir='ltr'>ἀρχὴτῆς</span> <span class='ocrx_word' id='word_1_349' title='bbox 2575 1960 2919 2025; x_wconf 86' lang='grc' dir='ltr'>συστάσεως;</span> <span class='ocrx_word' id='word_1_350' title='bbox 2963 1957 3029 2011; x_wconf 88' lang='grc' dir='ltr'><strong>Τί</strong></span> <span class='ocrx_word' id='word_1_351' title='bbox 3058 1958 3115 2010; x_wconf 83' lang='grc' dir='ltr'>δὲ</span> <span class='ocrx_word' id='word_1_352' title='bbox 3145 1957 3211 2011; x_wconf 85' lang='grc' dir='ltr'><strong>ἂν</strong></span> <span class='ocrx_word' id='word_1_353' title='bbox 3237 1958 3410 2020; x_wconf 79' lang='grc' dir='ltr'>εἴποις</span> <span class='ocrx_word' id='word_1_354' title='bbox 3443 1958 3571 2026; x_wconf 73' lang='grc' dir='ltr'>περὶ</span> <span class='ocrx_word' id='word_1_355' title='bbox 3597 1955 3691 2008; x_wconf 75' lang='grc' dir='ltr'>τοῦ</span> 
     </span>
    </p>
   </div>
   <div class='ocr_carea' id='block_1_51' title="bbox 2106 2046 3691 2117">
    <p class='ocr_par' dir='ltr' id='par_1_51' title="bbox 2106 2046 3691 2117">
     <span class='ocr_line' id='line_1_51' title="bbox 2106 2046 3691 2117; baseline -0.003 -16"><span class='ocrx_word' id='word_1_356' title='bbox 2106 2047 2313 2112; x_wconf 77' lang='grc' dir='ltr'>ἔθνους,</span> <span class='ocrx_word' id='word_1_357' title='bbox 2344 2048 2373 2101; x_wconf 84' lang='grc' dir='ltr'><strong>ὃ</strong></span> <span class='ocrx_word' id='word_1_358' title='bbox 2422 2051 2541 2110; x_wconf 87' lang='grc' dir='ltr'>ταῖς</span> <span class='ocrx_word' id='word_1_359' title='bbox 2589 2048 2730 2101; x_wconf 85' lang='grc' dir='ltr'><strong>κατὰ</strong></span> <span class='ocrx_word' id='word_1_360' title='bbox 2776 2048 3013 2117; x_wconf 87' lang='grc' dir='ltr'>πόλεμον</span> <span class='ocrx_word' id='word_1_361' title='bbox 3058 2050 3367 2117; x_wconf 77' lang='grc' dir='ltr'>συμφοραῖς</span> <span class='ocrx_word' id='word_1_362' title='bbox 3407 2046 3691 2117; x_wconf 82' lang='grc' dir='ltr'>ὲξετρί6η;</span> 
     </span>
    </p>
   </div>
   <div class='ocr_carea' id='block_1_52' title="bbox 2108 2137 3689 2210">
    <p class='ocr_par' dir='ltr' id='par_1_52' title="bbox 2108 2137 3689 2210">
     <span class='ocr_line' id='line_1_52' title="bbox 2108 2137 3689 2210; baseline 0 -20"><span class='ocrx_word' id='word_1_363' title='bbox 2108 2137 2201 2202; x_wconf 89' lang='grc' dir='ltr'>Τίς</span> <span class='ocrx_word' id='word_1_364' title='bbox 2239 2138 2270 2209; x_wconf 80' lang='grc' dir='ltr'>ἢ</span> <span class='ocrx_word' id='word_1_365' title='bbox 2304 2138 2465 2192; x_wconf 89' lang='grc' dir='ltr'>πόθεν</span> <span class='ocrx_word' id='word_1_366' title='bbox 2485 2140 2604 2192; x_wconf 80' lang='grc' dir='ltr'>κατ’</span> <span class='ocrx_word' id='word_1_367' title='bbox 2634 2138 2812 2192; x_wconf 74' lang='grc' dir='ltr'>αὐτῶν</span> <span class='ocrx_word' id='word_1_368' title='bbox 2838 2139 2933 2209; x_wconf 79' lang='grc' dir='ltr'>τὴν</span> <span class='ocrx_word' id='word_1_369' title='bbox 2963 2139 3143 2210; x_wconf 80' lang='grc' dir='ltr'>ἀρχὴν</span> <span class='ocrx_word' id='word_1_370' title='bbox 3165 2138 3403 2191; x_wconf 75' lang='grc' dir='ltr'>λαϐοῦσα</span> <span class='ocrx_word' id='word_1_371' title='bbox 3434 2141 3467 2208; x_wconf 79' lang='grc' dir='ltr'>ἡ</span> <span class='ocrx_word' id='word_1_372' title='bbox 3508 2140 3689 2209; x_wconf 86' lang='grc' dir='ltr'>μοῖρα,</span> 
     </span>
    </p>
   </div>
   <div class='ocr_carea' id='block_1_53' title="bbox 2106 2232 3697 2302">
    <p class='ocr_par' dir='ltr' id='par_1_53' title="bbox 2106 2232 3697 2302">
     <span class='ocr_line' id='line_1_53' title="bbox 2106 2232 3697 2302; baseline -0.001 -18"><span class='ocrx_word' id='word_1_373' title='bbox 2106 2233 2231 2296; x_wconf 80' lang='grc' dir='ltr'>τοὺς</span> <span class='ocrx_word' id='word_1_374' title='bbox 2271 2232 2371 2302; x_wconf 80' lang='grc' dir='ltr'><strong>μὲν</strong></span> <span class='ocrx_word' id='word_1_375' title='bbox 2411 2232 2789 2301; x_wconf 77' lang='grc' dir='ltr'>κατεφόνευσε,</span> <span class='ocrx_word' id='word_1_376' title='bbox 2817 2234 2942 2295; x_wconf 79' lang='grc' dir='ltr'>τοὺς</span> <span class='ocrx_word' id='word_1_377' title='bbox 2964 2232 3019 2285; x_wconf 80' lang='grc' dir='ltr'><strong>δὲ</strong></span> <span class='ocrx_word' id='word_1_378' title='bbox 3052 2232 3124 2284; x_wconf 84' lang='grc' dir='ltr'>δι’</span> <span class='ocrx_word' id='word_1_379' title='bbox 3156 2232 3534 2302; x_wconf 82' lang='grc' dir='ltr'>αἰχμαλωσίας</span> <span class='ocrx_word' id='word_1_380' title='bbox 3565 2248 3697 2284; x_wconf 86' lang='grc' dir='ltr'>κατ-</span> 
     </span>
    </p>
   </div>
   <div class='ocr_carea' id='block_1_54' title="bbox 2105 2322 3695 2393">
    <p class='ocr_par' dir='ltr' id='par_1_54' title="bbox 2105 2322 3695 2393">
     <span class='ocr_line' id='line_1_54' title="bbox 2105 2322 3695 2393; baseline -0.001 -18"><span class='ocrx_word' id='word_1_381' title='bbox 2105 2322 2464 2387; x_wconf 85' lang='grc' dir='ltr'>εδουλώσατο;</span> <span class='ocrx_word' id='word_1_382' title='bbox 2521 2322 2646 2386; x_wconf 85' lang='grc' dir='ltr'><strong>Πῶς</strong></span> <span class='ocrx_word' id='word_1_383' title='bbox 2696 2324 2943 2386; x_wconf 76' lang='grc' dir='ltr'>’Λννίδας</span> <span class='ocrx_word' id='word_1_384' title='bbox 2990 2323 3023 2393; x_wconf 85' lang='grc' dir='ltr'>ἢ</span> <span class='ocrx_word' id='word_1_385' title='bbox 3059 2325 3298 2391; x_wconf 84' lang='grc' dir='ltr'>Καῖσαρ,</span> <span class='ocrx_word' id='word_1_386' title='bbox 3342 2322 3373 2392; x_wconf 83' lang='grc' dir='ltr'>ἢ</span> <span class='ocrx_word' id='word_1_387' title='bbox 3419 2324 3513 2376; x_wconf 74' lang='grc' dir='ltr'><strong>καὶ</strong></span> <span class='ocrx_word' id='word_1_388' title='bbox 3558 2323 3586 2374; x_wconf 88' lang='grc' dir='ltr'>ὁ</span> <span class='ocrx_word' id='word_1_389' title='bbox 3630 2324 3695 2375; x_wconf 81' lang='grc' dir='ltr'><strong>ἐκ</strong></span> 
     </span>
    </p>
   </div>
   <div class='ocr_carea' id='block_1_55' title="bbox 2106 2408 3689 2486">
    <p class='ocr_par' dir='ltr' id='par_1_55' title="bbox 2106 2408 3689 2486">
     <span class='ocr_line' id='line_1_55' title="bbox 2106 2408 3689 2486; baseline -0.001 -18"><span class='ocrx_word' id='word_1_390' title='bbox 2106 2413 2442 2477; x_wconf 80' lang='grc' dir='ltr'>Μακεδονίας</span> <span class='ocrx_word' id='word_1_391' title='bbox 2482 2414 2827 2485; x_wconf 79' lang='grc' dir='ltr'>Ἀλέξανδρος</span> <span class='ocrx_word' id='word_1_392' title='bbox 2868 2414 2994 2485; x_wconf 88' lang='grc' dir='ltr'>παρ’</span> <span class='ocrx_word' id='word_1_393' title='bbox 3025 2408 3104 2473; x_wconf 77' lang='grc' dir='ltr'>οἷς</span> <span class='ocrx_word' id='word_1_394' title='bbox 3145 2414 3212 2467; x_wconf 86' lang='grc' dir='ltr'><strong>ἂν</strong></span> <span class='ocrx_word' id='word_1_395' title='bbox 3257 2414 3504 2482; x_wconf 84' lang='grc' dir='ltr'>ἐγένοντο</span> <span class='ocrx_word' id='word_1_396' title='bbox 3533 2431 3689 2486; x_wconf 87' lang='grc' dir='ltr'>στρα-</span> 
     </span>
    </p>
   </div>
   <div class='ocr_carea' id='block_1_56' title="bbox 2106 2503 3695 2576">
    <p class='ocr_par' dir='ltr' id='par_1_56' title="bbox 2106 2503 3695 2576">
     <span class='ocr_line' id='line_1_56' title="bbox 2106 2503 3695 2576; baseline -0.002 -18"><span class='ocrx_word' id='word_1_397' title='bbox 2106 2506 2403 2576; x_wconf 77' lang='grc' dir='ltr'>τευόμενοι,</span> <span class='ocrx_word' id='word_1_398' title='bbox 2436 2507 2598 2559; x_wconf 81' lang='grc' dir='ltr'>πᾶσιν</span> <span class='ocrx_word' id='word_1_399' title='bbox 2636 2505 2924 2575; x_wconf 84' lang='grc' dir='ltr'>ὁμοτιμίαν</span> <span class='ocrx_word' id='word_1_400' title='bbox 2955 2503 3304 2575; x_wconf 79' lang='grc' dir='ltr'>εἱμαρμένης</span> <span class='ocrx_word' id='word_1_401' title='bbox 3352 2503 3695 2574; x_wconf 74' lang='grc' dir='ltr'>εἰργάσαντο,</span> 
     </span>
    </p>
   </div>
   <div class='ocr_carea' id='block_1_57' title="bbox 2107 2595 3698 2667">
    <p class='ocr_par' dir='ltr' id='par_1_57' title="bbox 2107 2595 3698 2667">
     <span class='ocr_line' id='line_1_57' title="bbox 2107 2595 3698 2667; baseline -0.002 -17"><span class='ocrx_word' id='word_1_402' title='bbox 2107 2597 2356 2650; x_wconf 73' lang='grc' dir='ltr'>τοσοῦτον</span> <span class='ocrx_word' id='word_1_403' title='bbox 2378 2598 2474 2667; x_wconf 86' lang='grc' dir='ltr'>τῆς</span> <span class='ocrx_word' id='word_1_404' title='bbox 2497 2596 2740 2667; x_wconf 80' lang='grc' dir='ltr'>ἀνάγκης</span> <span class='ocrx_word' id='word_1_405' title='bbox 2761 2595 2976 2666; x_wconf 81' lang='grc' dir='ltr'>ἐκείνης</span> <span class='ocrx_word' id='word_1_406' title='bbox 3006 2595 3460 2666; x_wconf 80' lang='grc' dir='ltr'>ὑπερισχύοντες,</span> <span class='ocrx_word' id='word_1_407' title='bbox 3488 2596 3562 2658; x_wconf 88' lang='grc' dir='ltr'>ὡς</span> <span class='ocrx_word' id='word_1_408' title='bbox 3584 2597 3698 2656; x_wconf 84' lang='grc' dir='ltr'>τοῖς</span> 
     </span>
    </p>
   </div>
   <div class='ocr_carea' id='block_1_58' title="bbox 2108 2684 3698 2756">
    <p class='ocr_par' dir='ltr' id='par_1_58' title="bbox 2108 2684 3698 2756">
     <span class='ocr_line' id='line_1_58' title="bbox 2108 2684 3698 2756; baseline 0.001 -17"><span class='ocrx_word' id='word_1_409' title='bbox 2108 2688 2288 2749; x_wconf 80' lang='grc' dir='ltr'>αὐτοῖς</span> <span class='ocrx_word' id='word_1_410' title='bbox 2319 2686 2412 2739; x_wconf 77' lang='grc' dir='ltr'>τοῦ</span> <span class='ocrx_word' id='word_1_411' title='bbox 2444 2685 2613 2739; x_wconf 76' lang='grc' dir='ltr'>κακοῦ</span> <span class='ocrx_word' id='word_1_412' title='bbox 2656 2688 2873 2756; x_wconf 83' lang='grc' dir='ltr'>μέτροις</span> <span class='ocrx_word' id='word_1_413' title='bbox 2903 2687 3079 2739; x_wconf 83' lang='grc' dir='ltr'>πάντα</span> <span class='ocrx_word' id='word_1_414' title='bbox 3112 2684 3449 2752; x_wconf 86' lang='grc' dir='ltr'>συνάγεσθαι</span> <span class='ocrx_word' id='word_1_415' title='bbox 3475 2704 3488 2750; x_wconf 90' lang='grc'>;</span> <span class='ocrx_word' id='word_1_416' title='bbox 3538 2686 3698 2740; x_wconf 72' lang='grc' dir='ltr'>Ἀλλὰ</span> 
     </span>
    </p>
   </div>
   <div class='ocr_carea' id='block_1_59' title="bbox 2112 2775 3699 2848">
    <p class='ocr_par' dir='ltr' id='par_1_59' title="bbox 2112 2775 3699 2848">
     <span class='ocr_line' id='line_1_59' title="bbox 2112 2775 3699 2848; baseline 0 -19"><span class='ocrx_word' id='word_1_417' title='bbox 2112 2778 2217 2847; x_wconf 85' lang='grc' dir='ltr'>μὴν</span> <span class='ocrx_word' id='word_1_418' title='bbox 2246 2777 2307 2830; x_wconf 84' lang='grc' dir='ltr'><strong>τὸ</strong></span> <span class='ocrx_word' id='word_1_419' title='bbox 2334 2775 2540 2829; x_wconf 71' lang='grc' dir='ltr'>οἴεσθαι</span> <span class='ocrx_word' id='word_1_420' title='bbox 2566 2775 2664 2839; x_wconf 80' lang='grc' dir='ltr'>τὰς</span> <span class='ocrx_word' id='word_1_421' title='bbox 2697 2776 2804 2829; x_wconf 88' lang='grc' dir='ltr'><strong>τῶν</strong></span> <span class='ocrx_word' id='word_1_422' title='bbox 2834 2777 3039 2829; x_wconf 85' lang='grc' dir='ltr'>πόλεων</span> <span class='ocrx_word' id='word_1_423' title='bbox 3078 2777 3417 2848; x_wconf 83' lang='grc' dir='ltr'>εἱμαρμένας</span> <span class='ocrx_word' id='word_1_424' title='bbox 3440 2818 3452 2839; x_wconf 83' lang='grc'><strong>,</strong></span> <span class='ocrx_word' id='word_1_425' title='bbox 3498 2779 3557 2831; x_wconf 84' lang='grc' dir='ltr'><strong>ἐν</strong></span> <span class='ocrx_word' id='word_1_426' title='bbox 3584 2780 3699 2841; x_wconf 84' lang='grc' dir='ltr'>τοῖς</span> 
     </span>
    </p>
   </div>
   <div class='ocr_carea' id='block_1_60' title="bbox 2108 2866 3695 2938">
    <p class='ocr_par' dir='ltr' id='par_1_60' title="bbox 2108 2866 3695 2938">
     <span class='ocr_line' id='line_1_60' title="bbox 2108 2866 3695 2938; baseline 0 -17"><span class='ocrx_word' id='word_1_427' title='bbox 2108 2868 2214 2921; x_wconf 86' lang='grc' dir='ltr'><strong>τῶν</strong></span> <span class='ocrx_word' id='word_1_428' title='bbox 2264 2868 2502 2937; x_wconf 87' lang='grc' dir='ltr'>σεισμῶν</span> <span class='ocrx_word' id='word_1_429' title='bbox 2542 2866 2944 2937; x_wconf 81' lang='grc' dir='ltr'>καταπτώμασι</span> <span class='ocrx_word' id='word_1_430' title='bbox 2988 2867 3089 2929; x_wconf 79' lang='grc' dir='ltr'><strong>τὰς</strong></span> <span class='ocrx_word' id='word_1_431' title='bbox 3127 2875 3461 2938; x_wconf 76' lang='grc' dir='ltr'>συναστρίας</span> <span class='ocrx_word' id='word_1_432' title='bbox 3499 2872 3695 2932; x_wconf 84' lang='grc' dir='ltr'>ποιεῖν,</span> 
     </span>
    </p>
   </div>
   <div class='ocr_carea' id='block_1_61' title="bbox 2108 2959 3701 3028">
    <p class='ocr_par' dir='ltr' id='par_1_61' title="bbox 2108 2959 3701 3028">
     <span class='ocr_line' id='line_1_61' title="bbox 2108 2959 3701 3028; baseline 0.001 -18"><span class='ocrx_word' id='word_1_433' title='bbox 2108 2959 2184 3022; x_wconf 82' lang='grc' dir='ltr'>ὡς</span> <span class='ocrx_word' id='word_1_434' title='bbox 2209 2959 2312 3023; x_wconf 78' lang='grc' dir='ltr'><strong>ἔξω</strong></span> <span class='ocrx_word' id='word_1_435' title='bbox 2357 2960 2454 3012; x_wconf 83' lang='grc' dir='ltr'><strong>τοῦ</strong></span> <span class='ocrx_word' id='word_1_436' title='bbox 2501 2960 2711 3022; x_wconf 81' lang='grc' dir='ltr'>εἰκότος</span> <span class='ocrx_word' id='word_1_437' title='bbox 2737 2961 2767 3012; x_wconf 87' lang='grc' dir='ltr'>ὁ</span> <span class='ocrx_word' id='word_1_438' title='bbox 2802 2959 2959 3028; x_wconf 90' lang='grc' dir='ltr'>λόγος</span> <span class='ocrx_word' id='word_1_439' title='bbox 3002 2960 3175 3022; x_wconf 73' lang='grc' dir='ltr'>ἐστὶν,</span> <span class='ocrx_word' id='word_1_440' title='bbox 3232 2959 3480 3012; x_wconf 80' lang='grc' dir='ltr'>ἐντεῦθεν</span> <span class='ocrx_word' id='word_1_441' title='bbox 3519 2960 3584 3014; x_wconf 83' lang='grc' dir='ltr'>ἄν</span> <span class='ocrx_word' id='word_1_442' title='bbox 3616 2977 3701 3023; x_wconf 88' lang='grc' dir='ltr'><strong>τις</strong></span> 
     </span>
    </p>
   </div>
   <div class='ocr_carea' id='block_1_62' title="bbox 2110 3047 3695 3123">
    <p class='ocr_par' dir='ltr' id='par_1_62' title="bbox 2110 3047 3695 3123">
     <span class='ocr_line' id='line_1_62' title="bbox 2110 3047 3695 3123; baseline 0.003 -20"><span class='ocrx_word' id='word_1_443' title='bbox 2110 3052 2345 3104; x_wconf 84' lang='grc' dir='ltr'>κατίδοι·</span> <span class='ocrx_word' id='word_1_444' title='bbox 2378 3052 2473 3115; x_wconf 90' lang='grc' dir='ltr'><strong>Τίς</strong></span> <span class='ocrx_word' id='word_1_445' title='bbox 2501 3052 2601 3104; x_wconf 78' lang='grc' dir='ltr'><strong>οὐκ</strong></span> <span class='ocrx_word' id='word_1_446' title='bbox 2630 3047 2765 3104; x_wconf 84' lang='grc' dir='ltr'>οἶδεν</span> <span class='ocrx_word' id='word_1_447' title='bbox 2794 3052 2875 3104; x_wconf 87' lang='grc' dir='ltr'>ὃτι</span> <span class='ocrx_word' id='word_1_448' title='bbox 2907 3051 2976 3104; x_wconf 78' lang='grc' dir='ltr'><strong>τά</strong></span> <span class='ocrx_word' id='word_1_449' title='bbox 3013 3049 3235 3103; x_wconf 76' lang='grc' dir='ltr'>τοιαῦτα</span> <span class='ocrx_word' id='word_1_450' title='bbox 3271 3052 3416 3123; x_wconf 84' lang='grc' dir='ltr'>πάθη</span> <span class='ocrx_word' id='word_1_451' title='bbox 3445 3053 3544 3122; x_wconf 85' lang='grc' dir='ltr'>τῆς</span> <span class='ocrx_word' id='word_1_452' title='bbox 3571 3051 3695 3120; x_wconf 80' lang='grc' dir='ltr'>γῆς,</span> 
     </span>
    </p>
   </div>
   <div class='ocr_carea' id='block_1_63' title="bbox 2111 3139 3701 3211">
    <p class='ocr_par' dir='ltr' id='par_1_63' title="bbox 2111 3139 3701 3211">
     <span class='ocr_line' id='line_1_63' title="bbox 2111 3139 3701 3211; baseline 0.004 -21"><span class='ocrx_word' id='word_1_453' title='bbox 2111 3139 2170 3191; x_wconf 81' lang='grc' dir='ltr'><strong>οὐ</strong></span> <span class='ocrx_word' id='word_1_454' title='bbox 2205 3139 2361 3209; x_wconf 82' lang='grc' dir='ltr'>μόνον</span> <span class='ocrx_word' id='word_1_455' title='bbox 2388 3141 2445 3192; x_wconf 84' lang='grc' dir='ltr'><strong>ἐν</strong></span> <span class='ocrx_word' id='word_1_456' title='bbox 2471 3144 2581 3204; x_wconf 87' lang='grc' dir='ltr'>τοῖς</span> <span class='ocrx_word' id='word_1_457' title='bbox 2611 3141 2949 3211; x_wconf 85' lang='grc' dir='ltr'>οἱκουμὲνοις</span> <span class='ocrx_word' id='word_1_458' title='bbox 2968 3141 3172 3204; x_wconf 87' lang='grc' dir='ltr'>τόποις,</span> <span class='ocrx_word' id='word_1_459' title='bbox 3210 3141 3353 3194; x_wconf 81' lang='grc' dir='ltr'>ἀλλὰ</span> <span class='ocrx_word' id='word_1_460' title='bbox 3387 3146 3480 3196; x_wconf 75' lang='grc' dir='ltr'><strong>καὶ</strong></span> <span class='ocrx_word' id='word_1_461' title='bbox 3504 3145 3561 3195; x_wconf 83' lang='grc' dir='ltr'><strong>ἐν</strong></span> <span class='ocrx_word' id='word_1_462' title='bbox 3587 3148 3701 3207; x_wconf 88' lang='grc' dir='ltr'>τοῖς</span> 
     </span>
    </p>
   </div>
   <div class='ocr_carea' id='block_1_64' title="bbox 436 3206 2013 3307">
    <p class='ocr_par' dir='ltr' id='par_1_64' title="bbox 436 3233 2008 3307">
     <span class='ocr_line' id='line_1_64' title="bbox 436 3233 2008 3307; baseline 0.001 -20"><span class='ocrx_word' id='word_1_463' title='bbox 436 3234 744 3287; x_wconf 81' lang='lat' dir='ltr'><strong>fectiOnes:</strong></span> <span class='ocrx_word' id='word_1_464' title='bbox 796 3235 883 3288; x_wconf 82' lang='lat' dir='ltr'><strong>tibi</strong></span> <span class='ocrx_word' id='word_1_465' title='bbox 941 3236 1104 3288; x_wconf 86' lang='lat' dir='ltr'><strong>etiam</strong></span> <span class='ocrx_word' id='word_1_466' title='bbox 1164 3236 1530 3307; x_wconf 84' lang='lat' dir='ltr'><strong>habitationes</strong></span> <span class='ocrx_word' id='word_1_467' title='bbox 1588 3236 1870 3289; x_wconf 89' lang='lat' dir='ltr'><strong>hominum</strong></span> <span class='ocrx_word' id='word_1_468' title='bbox 1921 3233 2008 3289; x_wconf 88' lang='lat' dir='ltr'><strong>his</strong></span> 
     </span>
    </p>
   </div>
   <div class='ocr_carea' id='block_1_65' title="bbox 2116 3206 3702 3307">
    <p class='ocr_par' dir='ltr' id='par_1_65' title="bbox 2116 3206 3702 3306">
     <span class='ocr_line' id='line_1_65' title="bbox 2116 3206 3702 3306; baseline 0.002 -22"><span class='ocrx_word' id='word_1_469' title='bbox 2116 3206 2387 3301; x_wconf 75' lang='grc' dir='ltr'>ἀοικήτοις</span> <span class='ocrx_word' id='word_1_470' title='bbox 2413 3206 2859 3298; x_wconf 43' lang='grc' dir='ltr'>συνίσταταιξΕἴ</span> <span class='ocrx_word' id='word_1_471' title='bbox 2882 3250 2966 3296; x_wconf 92' lang='grc' dir='ltr'><strong>τις</strong></span> <span class='ocrx_word' id='word_1_472' title='bbox 3002 3234 3062 3287; x_wconf 88' lang='grc' dir='ltr'><strong>τὸ</strong></span> <span class='ocrx_word' id='word_1_473' title='bbox 3102 3234 3215 3286; x_wconf 89' lang='grc' dir='ltr'><strong>τῶν</strong></span> <span class='ocrx_word' id='word_1_474' title='bbox 3246 3234 3547 3303; x_wconf 86' lang='grc' dir='ltr'>Σαγγαγῶν</span> <span class='ocrx_word' id='word_1_475' title='bbox 3577 3237 3702 3306; x_wconf 81' lang='grc' dir='ltr'>ὅρος</span> 
     </span>
    </p>
   </div>
   <div class='ocr_carea' id='block_1_66' title="bbox 437 3326 2007 3396">
    <p class='ocr_par' dir='ltr' id='par_1_66' title="bbox 437 3326 2007 3396">
     <span class='ocr_line' id='line_1_66' title="bbox 437 3326 2007 3396; baseline -0.001 -17"><span class='ocrx_word' id='word_1_476' title='bbox 437 3327 615 3380; x_wconf 90' lang='lat' dir='ltr'><strong>modis</strong></span> <span class='ocrx_word' id='word_1_477' title='bbox 655 3340 762 3379; x_wconf 87' lang='lat' dir='ltr'><strong>una</strong></span> <span class='ocrx_word' id='word_1_478' title='bbox 795 3342 939 3395; x_wconf 84' lang='lat' dir='ltr'><strong>saepe</strong></span> <span class='ocrx_word' id='word_1_479' title='bbox 988 3328 1268 3380; x_wconf 75' lang='lat' dir='ltr'><strong>convulsa:</strong></span> <span class='ocrx_word' id='word_1_480' title='bbox 1305 3337 1470 3382; x_wconf 87' lang='lat' dir='ltr'><strong>sunt:</strong></span> <span class='ocrx_word' id='word_1_481' title='bbox 1526 3336 1687 3396; x_wconf 86' lang='lat' dir='ltr'><strong>atque</strong></span> <span class='ocrx_word' id='word_1_482' title='bbox 1726 3326 1848 3381; x_wconf 88' lang='lat' dir='ltr'><strong>ideo</strong></span> <span class='ocrx_word' id='word_1_483' title='bbox 1883 3340 2007 3379; x_wconf 92' lang='lat' dir='ltr'><strong>cum</strong></span> 
     </span>
    </p>
   </div>
   <div class='ocr_carea' id='block_1_67' title="bbox 437 3415 2007 3479">
    <p class='ocr_par' dir='ltr' id='par_1_67' title="bbox 437 3415 2007 3479">
     <span class='ocr_line' id='line_1_67' title="bbox 437 3415 2007 3479; baseline 0.001 -10"><span class='ocrx_word' id='word_1_484' title='bbox 437 3418 577 3471; x_wconf 86' lang='lat' dir='ltr'><strong>tales</strong></span> <span class='ocrx_word' id='word_1_485' title='bbox 609 3426 789 3471; x_wconf 86' lang='lat' dir='ltr'><strong>motus</strong></span> <span class='ocrx_word' id='word_1_486' title='bbox 810 3418 1083 3479; x_wconf 87' lang='lat' dir='ltr'><strong>oriuntur,</strong></span> <span class='ocrx_word' id='word_1_487' title='bbox 1116 3418 1271 3472; x_wconf 88' lang='lat' dir='ltr'><strong>locus</strong></span> <span class='ocrx_word' id='word_1_488' title='bbox 1294 3418 1383 3472; x_wconf 91' lang='lat' dir='ltr'><strong>ille</strong></span> <span class='ocrx_word' id='word_1_489' title='bbox 1410 3418 1477 3471; x_wconf 90' lang='lat' dir='ltr'><strong>ab</strong></span> <span class='ocrx_word' id='word_1_490' title='bbox 1501 3417 1692 3473; x_wconf 90' lang='lat' dir='ltr'><strong>incolis</strong></span> <span class='ocrx_word' id='word_1_491' title='bbox 1715 3415 2007 3477; x_wconf 87' lang='lat' dir='ltr'><strong>deseritur.</strong></span> 
     </span>
    </p>
   </div>
   <div class='ocr_carea' id='block_1_68' title="bbox 438 3507 2011 3579">
    <p class='ocr_par' dir='ltr' id='par_1_68' title="bbox 438 3507 2011 3579">
     <span class='ocr_line' id='line_1_68' title="bbox 438 3507 2011 3579; baseline 0 -18"><span class='ocrx_word' id='word_1_492' title='bbox 438 3508 579 3574; x_wconf 90' lang='lat' dir='ltr'><strong>Quid</strong></span> <span class='ocrx_word' id='word_1_493' title='bbox 612 3509 890 3579; x_wconf 85' lang='lat' dir='ltr'><strong>sigillatim</strong></span> <span class='ocrx_word' id='word_1_494' title='bbox 921 3511 1105 3563; x_wconf 84' lang='lat' dir='ltr'><strong>dicere</strong></span> <span class='ocrx_word' id='word_1_495' title='bbox 1137 3524 1274 3578; x_wconf 93' lang='lat' dir='ltr'><strong>opus</strong></span> <span class='ocrx_word' id='word_1_496' title='bbox 1315 3521 1399 3564; x_wconf 88' lang='lat' dir='ltr'><strong>est</strong></span> <span class='ocrx_word' id='word_1_497' title='bbox 1436 3509 1686 3579; x_wconf 84' lang='lat' dir='ltr'><strong>Cyprios,</strong></span> <span class='ocrx_word' id='word_1_498' title='bbox 1715 3507 1928 3561; x_wconf 88' lang='lat' dir='ltr'><strong>Pisidas</strong></span> <span class='ocrx_word' id='word_1_499' title='bbox 1958 3515 2011 3561; x_wconf 91' lang='lat' dir='ltr'><strong>et</strong></span> 
     </span>
    </p>
   </div>
   <div class='ocr_carea' id='block_1_69' title="bbox 437 3598 2012 3668">
    <p class='ocr_par' dir='ltr' id='par_1_69' title="bbox 437 3598 2012 3668">
     <span class='ocr_line' id='line_1_69' title="bbox 437 3598 2012 3668; baseline -0.001 -15"><span class='ocrx_word' id='word_1_500' title='bbox 437 3601 713 3664; x_wconf 77' lang='lat' dir='ltr'><strong>Achivos,</strong></span> <span class='ocrx_word' id='word_1_501' title='bbox 758 3600 899 3668; x_wconf 87' lang='lat' dir='ltr'><strong>apud</strong></span> <span class='ocrx_word' id='word_1_502' title='bbox 936 3616 1073 3668; x_wconf 90' lang='lat' dir='ltr'><strong>quos</strong></span> <span class='ocrx_word' id='word_1_503' title='bbox 1108 3600 1298 3653; x_wconf 90' lang='lat' dir='ltr'><strong>harum</strong></span> <span class='ocrx_word' id='word_1_504' title='bbox 1336 3616 1519 3653; x_wconf 90' lang='lat' dir='ltr'><strong>rerum</strong></span> <span class='ocrx_word' id='word_1_505' title='bbox 1558 3600 1725 3653; x_wconf 86' lang='lat' dir='ltr'><strong>multa</strong></span> <span class='ocrx_word' id='word_1_506' title='bbox 1763 3609 1890 3653; x_wconf 89' lang='lat' dir='ltr'><strong>sunt</strong></span> <span class='ocrx_word' id='word_1_507' title='bbox 1924 3598 2012 3652; x_wconf 91' lang='lat' dir='ltr'><strong>in-</strong></span> 
     </span>
    </p>
   </div>
   <div class='ocr_carea' id='block_1_70' title="bbox 439 3689 2012 3762">
    <p class='ocr_par' dir='ltr' id='par_1_70' title="bbox 439 3689 2012 3762">
     <span class='ocr_line' id='line_1_70' title="bbox 439 3689 2012 3762; baseline -0.003 -14"><span class='ocrx_word' id='word_1_508' title='bbox 439 3694 625 3749; x_wconf 83' lang='lat' dir='ltr'><strong>dicia?</strong></span> <span class='ocrx_word' id='word_1_509' title='bbox 656 3691 857 3747; x_wconf 86' lang='lat' dir='ltr'><strong>Verum</strong></span> <span class='ocrx_word' id='word_1_510' title='bbox 880 3695 1046 3761; x_wconf 84' lang='lat' dir='ltr'><strong>cujus</strong></span> <span class='ocrx_word' id='word_1_511' title='bbox 1083 3694 1255 3762; x_wconf 88' lang='lat' dir='ltr'><strong>gratia</strong></span> <span class='ocrx_word' id='word_1_512' title='bbox 1303 3693 1634 3747; x_wconf 85' lang='lat' dir='ltr'><strong>mentionem</strong></span> <span class='ocrx_word' id='word_1_513' title='bbox 1659 3706 1846 3745; x_wconf 88' lang='lat' dir='ltr'><strong>earum</strong></span> <span class='ocrx_word' id='word_1_514' title='bbox 1879 3689 2012 3744; x_wconf 89' lang='lat' dir='ltr'><strong>feei-</strong></span> 
     </span>
    </p>
   </div>
   <div class='ocr_carea' id='block_1_71' title="bbox 440 3783 2014 3849">
    <p class='ocr_par' dir='ltr' id='par_1_71' title="bbox 440 3783 2014 3849">
     <span class='ocr_line' id='line_1_71' title="bbox 440 3783 2014 3849; baseline -0.003 -10"><span class='ocrx_word' id='word_1_515' title='bbox 440 3800 583 3846; x_wconf 85' lang='lat' dir='ltr'><strong>tnus,</strong></span> <span class='ocrx_word' id='word_1_516' title='bbox 618 3784 671 3837; x_wconf 89' lang='lat' dir='ltr'><strong>id</strong></span> <span class='ocrx_word' id='word_1_517' title='bbox 698 3784 897 3845; x_wconf 89' lang='lat' dir='ltr'><strong>dicam,</strong></span> <span class='ocrx_word' id='word_1_518' title='bbox 941 3799 1135 3838; x_wconf 91' lang='lat' dir='ltr'><strong>omnes</strong></span> <span class='ocrx_word' id='word_1_519' title='bbox 1169 3783 1436 3849; x_wconf 87' lang='lat' dir='ltr'><strong>ejusmodi</strong></span> <span class='ocrx_word' id='word_1_520' title='bbox 1484 3792 1666 3837; x_wconf 89' lang='lat' dir='ltr'><strong>motus</strong></span> <span class='ocrx_word' id='word_1_521' title='bbox 1700 3791 1861 3836; x_wconf 71' lang='lat' dir='ltr'><strong>terrae</strong></span> <span class='ocrx_word' id='word_1_522' title='bbox 1891 3796 2014 3836; x_wconf 88' lang='lat' dir='ltr'><strong>esse</strong></span> 
     </span>
    </p>
   </div>
   <div class='ocr_carea' id='block_1_72' title="bbox 440 3874 2011 3945">
    <p class='ocr_par' dir='ltr' id='par_1_72' title="bbox 440 3874 2011 3945">
     <span class='ocr_line' id='line_1_72' title="bbox 440 3874 2011 3945; baseline -0.003 -15"><span class='ocrx_word' id='word_1_523' title='bbox 440 3876 778 3931; x_wconf 70' lang='lat' dir='ltr'><strong>affectiones.</strong></span> <span class='ocrx_word' id='word_1_524' title='bbox 811 3875 866 3929; x_wconf 89' lang='lat' dir='ltr'><strong>Si</strong></span> <span class='ocrx_word' id='word_1_525' title='bbox 906 3891 1035 3945; x_wconf 85' lang='lat' dir='ltr'><strong>ergo</strong></span> <span class='ocrx_word' id='word_1_526' title='bbox 1070 3876 1141 3927; x_wconf 86' lang='lat' dir='ltr'><strong>ita</strong></span> <span class='ocrx_word' id='word_1_527' title='bbox 1172 3876 1383 3929; x_wconf 90' lang='lat' dir='ltr'><strong>accidat</strong></span> <span class='ocrx_word' id='word_1_528' title='bbox 1429 3884 1488 3928; x_wconf 89' lang='lat' dir='ltr'><strong>ut</strong></span> <span class='ocrx_word' id='word_1_529' title='bbox 1529 3875 1692 3927; x_wconf 89' lang='lat' dir='ltr'><strong>etiam</strong></span> <span class='ocrx_word' id='word_1_530' title='bbox 1728 3874 2011 3927; x_wconf 88' lang='lat' dir='ltr'><strong>hominum</strong></span> 
     </span>
    </p>
   </div>
   <div class='ocr_carea' id='block_1_73' title="bbox 441 3963 2009 4035">
    <p class='ocr_par' dir='ltr' id='par_1_73' title="bbox 441 3963 2009 4035">
     <span class='ocr_line' id='line_1_73' title="bbox 441 3963 2009 4035; baseline -0.003 -14"><span class='ocrx_word' id='word_1_531' title='bbox 441 3967 708 4021; x_wconf 83' lang='lat' dir='ltr'><strong>habitatio</strong></span> <span class='ocrx_word' id='word_1_532' title='bbox 739 3981 804 4020; x_wconf 87' lang='lat' dir='ltr'><strong>eo</strong></span> <span class='ocrx_word' id='word_1_533' title='bbox 838 3967 899 4019; x_wconf 87' lang='lat' dir='ltr'><strong>in</strong></span> <span class='ocrx_word' id='word_1_534' title='bbox 928 3966 1046 4019; x_wconf 88' lang='lat' dir='ltr'><strong>loco</strong></span> <span class='ocrx_word' id='word_1_535' title='bbox 1078 3966 1406 4031; x_wconf 86' lang='lat' dir='ltr'><strong>inveniatur,</strong></span> <span class='ocrx_word' id='word_1_536' title='bbox 1445 3966 1545 4034; x_wconf 90' lang='lat' dir='ltr'><strong>ipsi</strong></span> <span class='ocrx_word' id='word_1_537' title='bbox 1579 3980 1798 4035; x_wconf 89' lang='lat' dir='ltr'><strong>quoque</strong></span> <span class='ocrx_word' id='word_1_538' title='bbox 1837 3963 2009 4019; x_wconf 83' lang='lat' dir='ltr'><strong>infor-</strong></span> 
     </span>
    </p>
   </div>
   <div class='ocr_carea' id='block_1_74' title="bbox 441 4055 2014 4126">
    <p class='ocr_par' dir='ltr' id='par_1_74' title="bbox 441 4055 2014 4126">
     <span class='ocr_line' id='line_1_74' title="bbox 441 4055 2014 4126; baseline -0.001 -14"><span class='ocrx_word' id='word_1_539' title='bbox 441 4057 658 4112; x_wconf 87' lang='lat' dir='ltr'><strong>tuniutn</strong></span> <span class='ocrx_word' id='word_1_540' title='bbox 715 4056 845 4109; x_wconf 88' lang='lat' dir='ltr'><strong>illud</strong></span> <span class='ocrx_word' id='word_1_541' title='bbox 887 4057 988 4110; x_wconf 87' lang='lat' dir='ltr'><strong>loci</strong></span> <span class='ocrx_word' id='word_1_542' title='bbox 1035 4056 1347 4111; x_wconf 88' lang='lat' dir='ltr'><strong>necessario</strong></span> <span class='ocrx_word' id='word_1_543' title='bbox 1397 4056 1765 4126; x_wconf 87' lang='lat' dir='ltr'><strong>participant:</strong></span> <span class='ocrx_word' id='word_1_544' title='bbox 1823 4057 1907 4109; x_wconf 91' lang='lat' dir='ltr'><strong>sin</strong></span> <span class='ocrx_word' id='word_1_545' title='bbox 1967 4055 2014 4110; x_wconf 92' lang='lat' dir='ltr'><strong>is</strong></span> 
     </span>
    </p>
   </div>
   <div class='ocr_carea' id='block_1_75' title="bbox 444 4146 2017 4209">
    <p class='ocr_par' dir='ltr' id='par_1_75' title="bbox 444 4146 2017 4209">
     <span class='ocr_line' id='line_1_75' title="bbox 444 4146 2017 4209; baseline 0.001 -8"><span class='ocrx_word' id='word_1_546' title='bbox 444 4148 513 4202; x_wconf 87' lang='lat' dir='ltr'><strong>ab</strong></span> <span class='ocrx_word' id='word_1_547' title='bbox 555 4147 750 4201; x_wconf 86' lang='lat' dir='ltr'><strong>incolis</strong></span> <span class='ocrx_word' id='word_1_548' title='bbox 785 4148 855 4201; x_wconf 89' lang='lat' dir='ltr'><strong>sit</strong></span> <span class='ocrx_word' id='word_1_549' title='bbox 878 4161 1104 4209; x_wconf 88' lang='lat' dir='ltr'><strong>vacuus,</strong></span> <span class='ocrx_word' id='word_1_550' title='bbox 1148 4146 1507 4201; x_wconf 87' lang='lat' dir='ltr'><strong>infortunium</strong></span> <span class='ocrx_word' id='word_1_551' title='bbox 1549 4147 1655 4202; x_wconf 85' lang='lat' dir='ltr'><strong>loci</strong></span> <span class='ocrx_word' id='word_1_552' title='bbox 1703 4147 2017 4203; x_wconf 91' lang='lat' dir='ltr'><strong>hominibus</strong></span> 
     </span>
    </p>
   </div>
   <div class='ocr_carea' id='block_1_76' title="bbox 444 4239 2014 4309">
    <p class='ocr_par' dir='ltr' id='par_1_76' title="bbox 444 4239 2014 4309">
     <span class='ocr_line' id='line_1_76' title="bbox 444 4239 2014 4309; baseline 0.002 -16"><span class='ocrx_word' id='word_1_553' title='bbox 444 4239 631 4293; x_wconf 86' lang='lat' dir='ltr'><strong>damni</strong></span> <span class='ocrx_word' id='word_1_554' title='bbox 676 4239 771 4293; x_wconf 88' lang='lat' dir='ltr'><strong>dat</strong></span> <span class='ocrx_word' id='word_1_555' title='bbox 802 4240 961 4292; x_wconf 90' lang='lat' dir='ltr'><strong>nihil.</strong></span> <span class='ocrx_word' id='word_1_556' title='bbox 1017 4240 1148 4305; x_wconf 68' lang='lat' dir='ltr'><strong>Quae</strong></span> <span class='ocrx_word' id='word_1_557' title='bbox 1197 4240 1363 4309; x_wconf 80' lang='lat' dir='ltr'><strong>igitur</strong></span> <span class='ocrx_word' id='word_1_558' title='bbox 1408 4248 1492 4296; x_wconf 88' lang='lat' dir='ltr'><strong>est</strong></span> <span class='ocrx_word' id='word_1_559' title='bbox 1540 4240 1634 4293; x_wconf 87' lang='lat' dir='ltr'><strong>fati</strong></span> <span class='ocrx_word' id='word_1_560' title='bbox 1684 4243 2014 4306; x_wconf 89' lang='lat' dir='ltr'><strong>necessitas,</strong></span> 
     </span>
    </p>
   </div>
   <div class='ocr_carea' id='block_1_77' title="bbox 443 4331 2016 4401">
    <p class='ocr_par' dir='ltr' id='par_1_77' title="bbox 443 4331 2016 4401">
     <span class='ocr_line' id='line_1_77' title="bbox 443 4331 2016 4401; baseline -0.001 -14"><span class='ocrx_word' id='word_1_561' title='bbox 443 4348 571 4387; x_wconf 90' lang='lat' dir='ltr'><strong>cum</strong></span> <span class='ocrx_word' id='word_1_562' title='bbox 603 4348 671 4387; x_wconf 69' lang='lat' dir='ltr'><strong>ex</strong></span> <span class='ocrx_word' id='word_1_563' title='bbox 710 4347 869 4401; x_wconf 66' lang='lat' dir='ltr'><strong>aequo</strong></span> <span class='ocrx_word' id='word_1_564' title='bbox 909 4332 1027 4386; x_wconf 88' lang='lat' dir='ltr'><strong>loca</strong></span> <span class='ocrx_word' id='word_1_565' title='bbox 1060 4331 1298 4385; x_wconf 85' lang='lat' dir='ltr'><strong>habitata</strong></span> <span class='ocrx_word' id='word_1_566' title='bbox 1322 4338 1375 4385; x_wconf 92' lang='lat' dir='ltr'><strong>et</strong></span> <span class='ocrx_word' id='word_1_567' title='bbox 1406 4331 1783 4386; x_wconf 89' lang='lat' dir='ltr'><strong>inhabitabilia</strong></span> <span class='ocrx_word' id='word_1_568' title='bbox 1823 4331 2016 4400; x_wconf 89' lang='lat' dir='ltr'><strong>hujus-</strong></span> 
     </span>
    </p>
   </div>
   <div class='ocr_carea' id='block_1_78' title="bbox 448 4420 2019 4491">
    <p class='ocr_par' dir='ltr' id='par_1_78' title="bbox 448 4420 2019 4491">
     <span class='ocr_line' id='line_1_78' title="bbox 448 4420 2019 4491; baseline 0.001 -18"><span class='ocrx_word' id='word_1_569' title='bbox 448 4422 597 4476; x_wconf 88' lang='lat' dir='ltr'><strong>modi</strong></span> <span class='ocrx_word' id='word_1_570' title='bbox 632 4421 1013 4477; x_wconf 77' lang='lat' dir='ltr'><strong>affectionibus</strong></span> <span class='ocrx_word' id='word_1_571' title='bbox 1069 4423 1181 4476; x_wconf 89' lang='lat' dir='ltr'><strong>sint</strong></span> <span class='ocrx_word' id='word_1_572' title='bbox 1219 4421 1490 4477; x_wconf 85' lang='lat' dir='ltr'><strong>obnoxia?</strong></span> <span class='ocrx_word' id='word_1_573' title='bbox 1533 4420 1665 4475; x_wconf 87' lang='lat' dir='ltr'><strong>Nam</strong></span> <span class='ocrx_word' id='word_1_574' title='bbox 1712 4421 1757 4476; x_wconf 93' lang='lat' dir='ltr'><strong>si</strong></span> <span class='ocrx_word' id='word_1_575' title='bbox 1796 4429 2019 4491; x_wconf 88' lang='lat' dir='ltr'><strong>possent</strong></span> 
     </span>
    </p>
   </div>
   <div class='ocr_carea' id='block_1_79' title="bbox 447 4512 2100 4603">
    <p class='ocr_par' dir='ltr' id='par_1_79' title="bbox 447 4512 2100 4603">
     <span class='ocr_line' id='line_1_79' title="bbox 447 4512 2100 4603; baseline 0.001 -38"><span class='ocrx_word' id='word_1_576' title='bbox 447 4512 828 4568; x_wconf 86' lang='lat' dir='ltr'><strong>demonstrare</strong></span> <span class='ocrx_word' id='word_1_577' title='bbox 878 4521 1078 4567; x_wconf 78' lang='lat' dir='ltr'><strong>terram</strong></span> <span class='ocrx_word' id='word_1_578' title='bbox 1126 4514 1492 4583; x_wconf 79' lang='lat' dir='ltr'><strong>particulatim</strong></span> <span class='ocrx_word' id='word_1_579' title='bbox 1541 4529 1605 4567; x_wconf 89' lang='lat' dir='ltr'><strong>ac</strong></span> <span class='ocrx_word' id='word_1_580' title='bbox 1644 4530 1751 4567; x_wconf 92' lang='lat' dir='ltr'><strong>non</strong></span> <span class='ocrx_word' id='word_1_581' title='bbox 1798 4514 2019 4567; x_wconf 82' lang='lat' dir='ltr'><strong>univer-</strong></span> <span class='ocrx_word' id='word_1_582' title='bbox 2056 4549 2100 4603; x_wconf 66' lang='grc' dir='ltr'><strong>Β</strong></span> 
     </span>
    </p>
   </div>
   <div class='ocr_carea' id='block_1_80' title="bbox 448 4605 2022 4675">
    <p class='ocr_par' dir='ltr' id='par_1_80' title="bbox 448 4605 2022 4675">
     <span class='ocr_line' id='line_1_80' title="bbox 448 4605 2022 4675; baseline 0.001 -16"><span class='ocrx_word' id='word_1_583' title='bbox 448 4619 565 4659; x_wconf 90' lang='lat' dir='ltr'><strong>sam</strong></span> <span class='ocrx_word' id='word_1_584' title='bbox 608 4605 773 4659; x_wconf 85' lang='lat' dir='ltr'><strong>simul</strong></span> <span class='ocrx_word' id='word_1_585' title='bbox 808 4605 1083 4659; x_wconf 87' lang='lat' dir='ltr'><strong>conditam</strong></span> <span class='ocrx_word' id='word_1_586' title='bbox 1117 4620 1276 4660; x_wconf 89' lang='lat' dir='ltr'><strong>esse:</strong></span> <span class='ocrx_word' id='word_1_587' title='bbox 1308 4606 1717 4675; x_wconf 88' lang='lat' dir='ltr'><strong>vaniloquentia</strong></span> <span class='ocrx_word' id='word_1_588' title='bbox 1761 4607 1863 4659; x_wconf 86' lang='lat' dir='ltr'><strong>ista</strong></span> <span class='ocrx_word' id='word_1_589' title='bbox 1894 4621 2022 4675; x_wconf 91' lang='lat' dir='ltr'><strong>spe-</strong></span> 
     </span>
    </p>
   </div>
   <div class='ocr_carea' id='block_1_81' title="bbox 448 4696 2023 4768">
    <p class='ocr_par' dir='ltr' id='par_1_81' title="bbox 448 4696 2023 4768">
     <span class='ocr_line' id='line_1_81' title="bbox 448 4696 2023 4768; baseline 0 -18"><span class='ocrx_word' id='word_1_590' title='bbox 448 4698 589 4751; x_wconf 90' lang='lat' dir='ltr'><strong>ciem</strong></span> <span class='ocrx_word' id='word_1_591' title='bbox 626 4696 879 4752; x_wconf 84' lang='lat' dir='ltr'><strong>fortassis</strong></span> <span class='ocrx_word' id='word_1_592' title='bbox 901 4697 1137 4766; x_wconf 90' lang='lat' dir='ltr'><strong>aliquam</strong></span> <span class='ocrx_word' id='word_1_593' title='bbox 1169 4713 1277 4768; x_wconf 73' lang='lat' dir='ltr'><strong>pra:</strong></span> <span class='ocrx_word' id='word_1_594' title='bbox 1300 4713 1358 4751; x_wconf 90' lang='lat' dir='ltr'><strong>se</strong></span> <span class='ocrx_word' id='word_1_595' title='bbox 1386 4698 1570 4761; x_wconf 88' lang='lat' dir='ltr'><strong>ferret,</strong></span> <span class='ocrx_word' id='word_1_596' title='bbox 1607 4706 1753 4751; x_wconf 87' lang='lat' dir='ltr'><strong>certa</strong></span> <span class='ocrx_word' id='word_1_597' title='bbox 1782 4696 2023 4751; x_wconf 86' lang='lat' dir='ltr'><strong>siderum</strong></span> 
     </span>
    </p>
   </div>
   <div class='ocr_carea' id='block_1_82' title="bbox 447 4785 2026 4856">
    <p class='ocr_par' dir='ltr' id='par_1_82' title="bbox 447 4785 2026 4856">
     <span class='ocr_line' id='line_1_82' title="bbox 447 4785 2026 4856; baseline -0.001 -17"><span class='ocrx_word' id='word_1_598' title='bbox 447 4786 841 4855; x_wconf 88' lang='lat' dir='ltr'><strong>conjunctione</strong></span> <span class='ocrx_word' id='word_1_599' title='bbox 887 4794 1052 4840; x_wconf 58' lang='lat' dir='ltr'><strong>certae</strong></span> <span class='ocrx_word' id='word_1_600' title='bbox 1091 4786 1232 4856; x_wconf 90' lang='lat' dir='ltr'><strong>parti</strong></span> <span class='ocrx_word' id='word_1_601' title='bbox 1280 4795 1437 4840; x_wconf 63' lang='lat' dir='ltr'><strong>terra:</strong></span> <span class='ocrx_word' id='word_1_602' title='bbox 1483 4800 1748 4848; x_wconf 80' lang='lat' dir='ltr'><strong>connexa,</strong></span> <span class='ocrx_word' id='word_1_603' title='bbox 1784 4785 1889 4838; x_wconf 92' lang='lat' dir='ltr'><strong>hoc</strong></span> <span class='ocrx_word' id='word_1_604' title='bbox 1932 4792 2026 4837; x_wconf 92' lang='lat' dir='ltr'><strong>aut</strong></span> 
     </span>
    </p>
   </div>
   <div class='ocr_carea' id='block_1_83' title="bbox 451 4875 2025 4943">
    <p class='ocr_par' dir='ltr' id='par_1_83' title="bbox 451 4875 2025 4943">
     <span class='ocr_line' id='line_1_83' title="bbox 451 4875 2025 4943; baseline -0.002 -11"><span class='ocrx_word' id='word_1_605' title='bbox 451 4878 588 4933; x_wconf 91' lang='lat' dir='ltr'><strong>illud</strong></span> <span class='ocrx_word' id='word_1_606' title='bbox 641 4878 956 4933; x_wconf 68' lang='lat' dir='ltr'><strong>necessario</strong></span> <span class='ocrx_word' id='word_1_607' title='bbox 1015 4878 1151 4933; x_wconf 90' lang='lat' dir='ltr'><strong>fleri.</strong></span> <span class='ocrx_word' id='word_1_608' title='bbox 1217 4878 1486 4943; x_wconf 89' lang='lat' dir='ltr'><strong>Quoniam</strong></span> <span class='ocrx_word' id='word_1_609' title='bbox 1546 4892 1674 4931; x_wconf 85' lang='lat' dir='ltr'><strong>vero</strong></span> <span class='ocrx_word' id='word_1_610' title='bbox 1726 4875 1907 4931; x_wconf 87' lang='lat' dir='ltr'><strong>omnia</strong></span> <span class='ocrx_word' id='word_1_611' title='bbox 1965 4889 2025 4930; x_wconf 87' lang='lat' dir='ltr'><strong>se</strong></span> 
     </span>
    </p>
   </div>
   <div class='ocr_carea' id='block_1_84' title="bbox 451 4969 2025 5038">
    <p class='ocr_par' dir='ltr' id='par_1_84' title="bbox 451 4969 2025 5038">
     <span class='ocr_line' id='line_1_84' title="bbox 451 4969 2025 5038; baseline -0.003 -15"><span class='ocrx_word' id='word_1_612' title='bbox 451 4975 645 5023; x_wconf 89' lang='lat' dir='ltr'><strong>mutuo</strong></span> <span class='ocrx_word' id='word_1_613' title='bbox 683 4969 1141 5038; x_wconf 88' lang='lat' dir='ltr'><strong>complectuntur,</strong></span> <span class='ocrx_word' id='word_1_614' title='bbox 1175 4970 1396 5031; x_wconf 73' lang='lat' dir='ltr'><strong>cretum,</strong></span> <span class='ocrx_word' id='word_1_615' title='bbox 1438 4977 1603 5032; x_wconf 89' lang='lat' dir='ltr'><strong>terra,</strong></span> <span class='ocrx_word' id='word_1_616' title='bbox 1638 4983 1807 5028; x_wconf 87' lang='lat' dir='ltr'><strong>mare,</strong></span> <span class='ocrx_word' id='word_1_617' title='bbox 1840 4977 2025 5036; x_wconf 80' lang='lat' dir='ltr'><strong>atque,</strong></span> 
     </span>
    </p>
   </div>
   <div class='ocr_carea' id='block_1_85' title="bbox 454 5058 2023 5131">
    <p class='ocr_par' dir='ltr' id='par_1_85' title="bbox 454 5058 2023 5131">
     <span class='ocr_line' id='line_1_85' title="bbox 454 5058 2023 5131; baseline 0 -18"><span class='ocrx_word' id='word_1_618' title='bbox 454 5067 515 5113; x_wconf 92' lang='lat' dir='ltr'><strong>ut</strong></span> <span class='ocrx_word' id='word_1_619' title='bbox 546 5058 760 5131; x_wconf 81' lang='lat' dir='ltr'><strong>Moyses</strong></span> <span class='ocrx_word' id='word_1_620' title='bbox 789 5061 886 5124; x_wconf 88' lang='lat' dir='ltr'><strong>ait,</strong></span> <span class='ocrx_word' id='word_1_621' title='bbox 929 5071 1075 5114; x_wconf 90' lang='lat' dir='ltr'><strong>terra</strong></span> <span class='ocrx_word' id='word_1_622' title='bbox 1105 5062 1267 5115; x_wconf 89' lang='lat' dir='ltr'><strong>etiam</strong></span> <span class='ocrx_word' id='word_1_623' title='bbox 1300 5062 1453 5130; x_wconf 89' lang='lat' dir='ltr'><strong>prius</strong></span> <span class='ocrx_word' id='word_1_624' title='bbox 1483 5061 1703 5115; x_wconf 85' lang='lat' dir='ltr'><strong>condita</strong></span> <span class='ocrx_word' id='word_1_625' title='bbox 1746 5068 1831 5114; x_wconf 91' lang='lat' dir='ltr'><strong>est</strong></span> <span class='ocrx_word' id='word_1_626' title='bbox 1861 5075 2023 5130; x_wconf 87' lang='lat' dir='ltr'><strong>quam</strong></span> 
     </span>
    </p>
   </div>
   <div class='ocr_carea' id='block_1_86' title="bbox 455 5150 2029 5220">
    <p class='ocr_par' dir='ltr' id='par_1_86' title="bbox 455 5150 2029 5220">
     <span class='ocr_line' id='line_1_86' title="bbox 455 5150 2029 5220; baseline 0 -16"><span class='ocrx_word' id='word_1_627' title='bbox 455 5160 603 5207; x_wconf 88' lang='lat' dir='ltr'><strong>astra</strong></span> <span class='ocrx_word' id='word_1_628' title='bbox 656 5166 781 5206; x_wconf 92' lang='lat' dir='ltr'><strong>cum</strong></span> <span class='ocrx_word' id='word_1_629' title='bbox 827 5160 979 5205; x_wconf 92' lang='lat' dir='ltr'><strong>motu</strong></span> <span class='ocrx_word' id='word_1_630' title='bbox 1025 5166 1171 5206; x_wconf 88' lang='lat' dir='ltr'><strong>suo:</strong></span> <span class='ocrx_word' id='word_1_631' title='bbox 1220 5167 1321 5205; x_wconf 92' lang='lat' dir='ltr'><strong>cur</strong></span> <span class='ocrx_word' id='word_1_632' title='bbox 1358 5166 1547 5206; x_wconf 89' lang='lat' dir='ltr'><strong>eorum</strong></span> <span class='ocrx_word' id='word_1_633' title='bbox 1599 5165 1720 5220; x_wconf 67' lang='lat' dir='ltr'><strong>quae</strong></span> <span class='ocrx_word' id='word_1_634' title='bbox 1766 5151 1819 5203; x_wconf 91' lang='lat' dir='ltr'><strong>in</strong></span> <span class='ocrx_word' id='word_1_635' title='bbox 1864 5150 2029 5204; x_wconf 90' lang='lat' dir='ltr'><strong>certis</strong></span> 
     </span>
    </p>
   </div>
   <div class='ocr_carea' id='block_1_87' title="bbox 454 5242 2028 5313">
    <p class='ocr_par' dir='ltr' id='par_1_87' title="bbox 454 5242 2028 5313">
     <span class='ocr_line' id='line_1_87' title="bbox 454 5242 2028 5313; baseline -0.001 -16"><span class='ocrx_word' id='word_1_636' title='bbox 454 5252 617 5298; x_wconf 67' lang='lat' dir='ltr'><strong>terrae</strong></span> <span class='ocrx_word' id='word_1_637' title='bbox 645 5244 893 5313; x_wconf 88' lang='lat' dir='ltr'><strong>partibus</strong></span> <span class='ocrx_word' id='word_1_638' title='bbox 925 5245 1203 5306; x_wconf 87' lang='lat' dir='ltr'><strong>eveniunt,</strong></span> <span class='ocrx_word' id='word_1_639' title='bbox 1246 5260 1469 5298; x_wconf 83' lang='lat' dir='ltr'><strong>causam</strong></span> <span class='ocrx_word' id='word_1_640' title='bbox 1502 5243 1567 5296; x_wconf 90' lang='lat' dir='ltr'><strong>ad</strong></span> <span class='ocrx_word' id='word_1_641' title='bbox 1612 5243 1857 5297; x_wconf 87' lang='lat' dir='ltr'><strong>siderum</strong></span> <span class='ocrx_word' id='word_1_642' title='bbox 1886 5242 2028 5296; x_wconf 84' lang='lat' dir='ltr'><strong>refe-</strong></span> 
     </span>
    </p>
   </div>
   <div class='ocr_carea' id='block_1_88' title="bbox 454 5332 2030 5404">
    <p class='ocr_par' dir='ltr' id='par_1_88' title="bbox 454 5332 2030 5404">
     <span class='ocr_line' id='line_1_88' title="bbox 454 5332 2030 5404; baseline -0.002 -16"><span class='ocrx_word' id='word_1_643' title='bbox 454 5342 584 5388; x_wconf 82' lang='lat' dir='ltr'><strong>r‘unt</strong></span> <span class='ocrx_word' id='word_1_644' title='bbox 618 5334 962 5388; x_wconf 86' lang='lat' dir='ltr'><strong>motionem?</strong></span> <span class='ocrx_word' id='word_1_645' title='bbox 999 5335 1342 5404; x_wconf 88' lang='lat' dir='ltr'><strong>Quapropter</strong></span> <span class='ocrx_word' id='word_1_646' title='bbox 1389 5350 1513 5387; x_wconf 90' lang='lat' dir='ltr'><strong>cum</strong></span> <span class='ocrx_word' id='word_1_647' title='bbox 1559 5341 1707 5386; x_wconf 88' lang='lat' dir='ltr'><strong>terra</strong></span> <span class='ocrx_word' id='word_1_648' title='bbox 1753 5333 1823 5387; x_wconf 86' lang='lat' dir='ltr'><strong>sit</strong></span> <span class='ocrx_word' id='word_1_649' title='bbox 1867 5332 2030 5385; x_wconf 75' lang='lat' dir='ltr'><strong>as1ris</strong></span> 
     </span>
    </p>
   </div>
   <div class='ocr_carea' id='block_1_89' title="bbox 455 5423 2026 5495">
    <p class='ocr_par' dir='ltr' id='par_1_89' title="bbox 455 5423 2026 5495">
     <span class='ocr_line' id='line_1_89' title="bbox 455 5423 2026 5495; baseline -0.003 -17"><span class='ocrx_word' id='word_1_650' title='bbox 455 5440 714 5495; x_wconf 67' lang='lat' dir='ltr'><strong>aequaeva,</strong></span> <span class='ocrx_word' id='word_1_651' title='bbox 751 5440 926 5495; x_wconf 85' lang='lat' dir='ltr'><strong>neque</strong></span> <span class='ocrx_word' id='word_1_652' title='bbox 956 5426 1123 5479; x_wconf 86' lang='lat' dir='ltr'><strong>ullam</strong></span> <span class='ocrx_word' id='word_1_653' title='bbox 1156 5426 1281 5479; x_wconf 91' lang='lat' dir='ltr'><strong>inde</strong></span> <span class='ocrx_word' id='word_1_654' title='bbox 1306 5425 1388 5479; x_wconf 87' lang='lat' dir='ltr'><strong>vel</strong></span> <span class='ocrx_word' id='word_1_655' title='bbox 1424 5423 1747 5478; x_wconf 89' lang='lat' dir='ltr'><strong>concidendi</strong></span> <span class='ocrx_word' id='word_1_656' title='bbox 1781 5424 1862 5476; x_wconf 87' lang='lat' dir='ltr'><strong>vel</strong></span> <span class='ocrx_word' id='word_1_657' title='bbox 1898 5437 2026 5491; x_wconf 90' lang='lat' dir='ltr'><strong>per-</strong></span> 
     </span>
    </p>
   </div>
   <div class='ocr_carea' id='block_1_90' title="bbox 457 5514 2031 5586">
    <p class='ocr_par' dir='ltr' id='par_1_90' title="bbox 457 5514 2031 5586">
     <span class='ocr_line' id='line_1_90' title="bbox 457 5514 2031 5586; baseline -0.002 -15"><span class='ocrx_word' id='word_1_658' title='bbox 457 5515 691 5571; x_wconf 84' lang='lat' dir='ltr'><strong>durandi</strong></span> <span class='ocrx_word' id='word_1_659' title='bbox 728 5532 953 5571; x_wconf 85' lang='lat' dir='ltr'><strong>causam</strong></span> <span class='ocrx_word' id='word_1_660' title='bbox 987 5516 1187 5586; x_wconf 86' lang='lat' dir='ltr'><strong>capiat,</strong></span> <span class='ocrx_word' id='word_1_661' title='bbox 1221 5531 1456 5586; x_wconf 86' lang='lat' dir='ltr'><strong>cumque</strong></span> <span class='ocrx_word' id='word_1_662' title='bbox 1491 5516 1543 5568; x_wconf 90' lang='lat' dir='ltr'><strong>in</strong></span> <span class='ocrx_word' id='word_1_663' title='bbox 1583 5515 1749 5569; x_wconf 90' lang='lat' dir='ltr'><strong>certis</strong></span> <span class='ocrx_word' id='word_1_664' title='bbox 1783 5514 2031 5583; x_wconf 88' lang='lat' dir='ltr'><strong>partibus</strong></span> 
     </span>
    </p>
   </div>
   <div class='ocr_carea' id='block_1_91' title="bbox 456 5603 2029 5675">
    <p class='ocr_par' dir='ltr' id='par_1_91' title="bbox 456 5603 2029 5675">
     <span class='ocr_line' id='line_1_91' title="bbox 456 5603 2029 5675; baseline 0.001 -16"><span class='ocrx_word' id='word_1_665' title='bbox 456 5606 721 5675; x_wconf 81' lang='lat' dir='ltr'><strong>ejusmodi</strong></span> <span class='ocrx_word' id='word_1_666' title='bbox 754 5607 1024 5662; x_wconf 81' lang='lat' dir='ltr'><strong>exsistant</strong></span> <span class='ocrx_word' id='word_1_667' title='bbox 1058 5606 1404 5662; x_wconf 72' lang='lat' dir='ltr'><strong>affectiones:</strong></span> <span class='ocrx_word' id='word_1_668' title='bbox 1448 5621 1555 5659; x_wconf 89' lang='lat' dir='ltr'><strong>non</strong></span> <span class='ocrx_word' id='word_1_669' title='bbox 1586 5605 1773 5674; x_wconf 90' lang='lat' dir='ltr'><strong>utique</strong></span> <span class='ocrx_word' id='word_1_670' title='bbox 1807 5603 1900 5657; x_wconf 85' lang='lat' dir='ltr'><strong>fati</strong></span> <span class='ocrx_word' id='word_1_671' title='bbox 1932 5620 2029 5660; x_wconf 89' lang='lat' dir='ltr'><strong>ne-</strong></span> 
     </span>
    </p>
   </div>
   <div class='ocr_carea' id='block_1_92' title="bbox 459 5698 2028 5771">
    <p class='ocr_par' dir='ltr' id='par_1_92' title="bbox 459 5698 2028 5771">
     <span class='ocr_line' id='line_1_92' title="bbox 459 5698 2028 5771; baseline -0.003 -19"><span class='ocrx_word' id='word_1_672' title='bbox 459 5699 711 5765; x_wconf 85' lang='lat' dir='ltr'><strong>cessitas,</strong></span> <span class='ocrx_word' id='word_1_673' title='bbox 768 5700 861 5753; x_wconf 91' lang='lat' dir='ltr'><strong>sed</strong></span> <span class='ocrx_word' id='word_1_674' title='bbox 914 5700 1025 5771; x_wconf 72' lang='lat' dir='ltr'><strong>a&#39;lia</strong></span> <span class='ocrx_word' id='word_1_675' title='bbox 1070 5698 1315 5769; x_wconf 65' lang='lat' dir='ltr'><strong>quaedam</strong></span> <span class='ocrx_word' id='word_1_676' title='bbox 1369 5699 1421 5753; x_wconf 92' lang='lat' dir='ltr'><strong>in</strong></span> <span class='ocrx_word' id='word_1_677' title='bbox 1482 5699 1549 5751; x_wconf 91' lang='lat' dir='ltr'><strong>iis</strong></span> <span class='ocrx_word' id='word_1_678' title='bbox 1604 5698 1740 5751; x_wconf 87' lang='lat' dir='ltr'><strong>locis</strong></span> <span class='ocrx_word' id='word_1_679' title='bbox 1793 5698 2028 5751; x_wconf 87' lang='lat' dir='ltr'><strong>istorum</strong></span> 
     </span>
    </p>
   </div>
   <div class='ocr_carea' id='block_1_93' title="bbox 461 5789 2031 5862">
    <p class='ocr_par' dir='ltr' id='par_1_93' title="bbox 461 5789 2031 5862">
     <span class='ocr_line' id='line_1_93' title="bbox 461 5789 2031 5862; baseline 0.003 -21"><span class='ocrx_word' id='word_1_680' title='bbox 461 5804 688 5845; x_wconf 77' lang='lat' dir='ltr'><strong>casuum</strong></span> <span class='ocrx_word' id='word_1_681' title='bbox 743 5790 963 5862; x_wconf 85' lang='lat' dir='ltr'><strong>propria</strong></span> <span class='ocrx_word' id='word_1_682' title='bbox 1017 5806 1185 5846; x_wconf 83' lang='lat' dir='ltr'><strong>causa</strong></span> <span class='ocrx_word' id='word_1_683' title='bbox 1233 5800 1335 5847; x_wconf 88' lang='lat' dir='ltr'><strong>est.</strong></span> <span class='ocrx_word' id='word_1_684' title='bbox 1402 5789 1633 5855; x_wconf 87' lang='lat' dir='ltr'><strong>Quando</strong></span> <span class='ocrx_word' id='word_1_685' title='bbox 1702 5790 1865 5860; x_wconf 78' lang='lat' dir='ltr'><strong>igitur</strong></span> <span class='ocrx_word' id='word_1_686' title='bbox 1926 5790 2031 5845; x_wconf 83' lang='lat' dir='ltr'><strong>tale</strong></span> 
     </span>
    </p>
   </div>
   <div class='ocr_carea' id='block_1_94' title="bbox 2116 3325 3703 3397">
    <p class='ocr_par' dir='ltr' id='par_1_94' title="bbox 2116 3325 3703 3397">
     <span class='ocr_line' id='line_1_94' title="bbox 2116 3325 3703 3397; baseline 0.003 -21"><span class='ocrx_word' id='word_1_687' title='bbox 2116 3325 2174 3376; x_wconf 87' lang='grc' dir='ltr'><strong>τὸ</strong></span> <span class='ocrx_word' id='word_1_688' title='bbox 2204 3325 2338 3393; x_wconf 78' lang='grc' dir='ltr'>πρὸς</span> <span class='ocrx_word' id='word_1_689' title='bbox 2358 3328 2468 3388; x_wconf 88' lang='grc' dir='ltr'>τοῖς</span> <span class='ocrx_word' id='word_1_690' title='bbox 2500 3325 2668 3396; x_wconf 86' lang='grc' dir='ltr'>ὁρίοις</span> <span class='ocrx_word' id='word_1_691' title='bbox 2694 3325 2801 3378; x_wconf 90' lang='grc' dir='ltr'><strong>τῶν</strong></span> <span class='ocrx_word' id='word_1_692' title='bbox 2833 3325 3068 3378; x_wconf 76' lang='grc' dir='ltr'>Βιθυνῶν</span> <span class='ocrx_word' id='word_1_693' title='bbox 3114 3327 3391 3396; x_wconf 86' lang='grc' dir='ltr'>κείμενον,</span> <span class='ocrx_word' id='word_1_694' title='bbox 3424 3327 3456 3397; x_wconf 87' lang='grc' dir='ltr'><strong>ἢ</strong></span> <span class='ocrx_word' id='word_1_695' title='bbox 3486 3331 3552 3397; x_wconf 83' lang='grc' dir='ltr'>τῇ</span> <span class='ocrx_word' id='word_1_696' title='bbox 3580 3328 3703 3380; x_wconf 82' lang='grc' dir='ltr'>καθ’</span> 
     </span>
    </p>
   </div>
   <div class='ocr_carea' id='block_1_95' title="bbox 2117 3415 3703 3490">
    <p class='ocr_par' dir='ltr' id='par_1_95' title="bbox 2117 3415 3703 3490">
     <span class='ocr_line' id='line_1_95' title="bbox 2117 3415 3703 3490; baseline 0.003 -24"><span class='ocrx_word' id='word_1_697' title='bbox 2117 3415 2307 3467; x_wconf 77' lang='grc' dir='ltr'>ἐαυτὸν</span> <span class='ocrx_word' id='word_1_698' title='bbox 2336 3415 2475 3483; x_wconf 77' lang='grc' dir='ltr'>ἔγνω</span> <span class='ocrx_word' id='word_1_699' title='bbox 2513 3417 2676 3488; x_wconf 76' lang='grc' dir='ltr'>πείρᾳ</span> <span class='ocrx_word' id='word_1_700' title='bbox 2713 3417 2745 3488; x_wconf 84' lang='grc' dir='ltr'>ἢ</span> <span class='ocrx_word' id='word_1_701' title='bbox 2777 3419 2842 3470; x_wconf 85' lang='grc' dir='ltr'><strong>ἐκ</strong></span> <span class='ocrx_word' id='word_1_702' title='bbox 2879 3416 3215 3488; x_wconf 75' lang='grc' dir='ltr'>διηγήματος</span> <span class='ocrx_word' id='word_1_703' title='bbox 3260 3419 3515 3488; x_wconf 75' lang='grc' dir='ltr'>ἤκουσεν,</span> <span class='ocrx_word' id='word_1_704' title='bbox 3543 3420 3703 3490; x_wconf 80' lang='grc' dir='ltr'>εὑρή-</span> 
     </span>
    </p>
   </div>
   <div class='ocr_carea' id='block_1_96' title="bbox 2119 3506 3701 3580">
    <p class='ocr_par' dir='ltr' id='par_1_96' title="bbox 2119 3506 3701 3580">
     <span class='ocr_line' id='line_1_96' title="bbox 2119 3506 3701 3580; baseline 0.004 -22"><span class='ocrx_word' id='word_1_705' title='bbox 2119 3524 2200 3559; x_wconf 87' lang='grc' dir='ltr'><strong>σει</strong></span> <span class='ocrx_word' id='word_1_706' title='bbox 2224 3509 2321 3577; x_wconf 75' lang='grc' dir='ltr'>τὴν</span> <span class='ocrx_word' id='word_1_707' title='bbox 2349 3506 2442 3559; x_wconf 74' lang='grc' dir='ltr'>τοῦ</span> <span class='ocrx_word' id='word_1_708' title='bbox 2473 3507 2632 3575; x_wconf 84' lang='grc' dir='ltr'>λόγου</span> <span class='ocrx_word' id='word_1_709' title='bbox 2672 3508 2947 3579; x_wconf 81' lang='grc' dir='ltr'>ἀλήθειαν,</span> <span class='ocrx_word' id='word_1_710' title='bbox 2981 3510 3213 3562; x_wconf 84' lang='grc' dir='ltr'>ὃτι-κατ’</span> <span class='ocrx_word' id='word_1_711' title='bbox 3247 3510 3418 3573; x_wconf 78' lang='grc' dir='ltr'>αὑτὰς</span> <span class='ocrx_word' id='word_1_712' title='bbox 3443 3510 3542 3580; x_wconf 82' lang='grc' dir='ltr'><strong>τῆς</strong></span> <span class='ocrx_word' id='word_1_713' title='bbox 3580 3512 3701 3565; x_wconf 77' lang='grc' dir='ltr'>ὀδοῦ</span> 
     </span>
    </p>
   </div>
   <div class='ocr_carea' id='block_1_97' title="bbox 2117 3598 3698 3674">
    <p class='ocr_par' dir='ltr' id='par_1_97' title="bbox 2117 3598 3698 3674">
     <span class='ocr_line' id='line_1_97' title="bbox 2117 3598 3698 3674; baseline 0.004 -24"><span class='ocrx_word' id='word_1_714' title='bbox 2117 3598 2215 3660; x_wconf 81' lang='grc' dir='ltr'><strong>τὰς</strong></span> <span class='ocrx_word' id='word_1_715' title='bbox 2271 3598 2594 3669; x_wconf 72' lang='grc' dir='ltr'>ὑπερϐολάς,</span> <span class='ocrx_word' id='word_1_716' title='bbox 2644 3600 2793 3652; x_wconf 81' lang='grc' dir='ltr'>πᾶσα</span> <span class='ocrx_word' id='word_1_717' title='bbox 2850 3601 2882 3669; x_wconf 85' lang='grc' dir='ltr'><strong>ή</strong></span> <span class='ocrx_word' id='word_1_718' title='bbox 2936 3599 3215 3671; x_wconf 86' lang='grc' dir='ltr'>ἁκρώρεια</span> <span class='ocrx_word' id='word_1_719' title='bbox 3266 3603 3698 3674; x_wconf 83' lang='grc' dir='ltr'>ὑπονοστήσασα,</span> 
     </span>
    </p>
   </div>
   <div class='ocr_carea' id='block_1_98' title="bbox 2119 3689 3701 3761">
    <p class='ocr_par' dir='ltr' id='par_1_98' title="bbox 2119 3689 3701 3761">
     <span class='ocr_line' id='line_1_98' title="bbox 2119 3689 3701 3761; baseline 0.004 -19"><span class='ocrx_word' id='word_1_720' title='bbox 2119 3689 2347 3760; x_wconf 77' lang='grc' dir='ltr'>φοϐερὸν</span> <span class='ocrx_word' id='word_1_721' title='bbox 2384 3690 2562 3761; x_wconf 80' lang='grc' dir='ltr'>θέαμα</span> <span class='ocrx_word' id='word_1_722' title='bbox 2590 3693 2703 3752; x_wconf 87' lang='grc' dir='ltr'>τοῖς</span> <span class='ocrx_word' id='word_1_723' title='bbox 2734 3690 3024 3743; x_wconf 77' lang='grc' dir='ltr'>διοδεύουσι</span> <span class='ocrx_word' id='word_1_724' title='bbox 3071 3692 3302 3759; x_wconf 83' lang='grc' dir='ltr'>γίνεται.</span> <span class='ocrx_word' id='word_1_725' title='bbox 3340 3694 3575 3747; x_wconf 78' lang='grc' dir='ltr'>Τοιαῦτα</span> <span class='ocrx_word' id='word_1_726' title='bbox 3607 3695 3701 3747; x_wconf 75' lang='grc' dir='ltr'><strong>καὶ</strong></span> 
     </span>
    </p>
   </div>
   <div class='ocr_carea' id='block_1_99' title="bbox 2121 3782 3701 3857">
    <p class='ocr_par' dir='ltr' id='par_1_99' title="bbox 2121 3782 3701 3857">
     <span class='ocr_line' id='line_1_99' title="bbox 2121 3782 3701 3857; baseline 0.004 -23"><span class='ocrx_word' id='word_1_727' title='bbox 2121 3782 2249 3853; x_wconf 82' lang='grc' dir='ltr'><strong>περὶ</strong></span> <span class='ocrx_word' id='word_1_728' title='bbox 2274 3783 2371 3844; x_wconf 80' lang='grc' dir='ltr'>τὰς</span> <span class='ocrx_word' id='word_1_729' title='bbox 2399 3783 2580 3853; x_wconf 81' lang='grc' dir='ltr'>χώρας</span> <span class='ocrx_word' id='word_1_730' title='bbox 2614 3782 2720 3836; x_wconf 90' lang='grc' dir='ltr'><strong>τῶν</strong></span> <span class='ocrx_word' id='word_1_731' title='bbox 2764 3783 3130 3851; x_wconf 78' lang='grc' dir='ltr'>Παφλαγόνων</span> <span class='ocrx_word' id='word_1_732' title='bbox 3162 3784 3231 3843; x_wconf 79' lang='grc' dir='ltr'>τὰ</span> <span class='ocrx_word' id='word_1_733' title='bbox 3277 3786 3423 3857; x_wconf 88' lang='grc' dir='ltr'>πάθη</span> <span class='ocrx_word' id='word_1_734' title='bbox 3446 3806 3458 3816; x_wconf 95' lang='grc'>·</span> <span class='ocrx_word' id='word_1_735' title='bbox 3492 3788 3609 3841; x_wconf 76' lang='grc' dir='ltr'>ἔστι</span> <span class='ocrx_word' id='word_1_736' title='bbox 3643 3789 3701 3841; x_wconf 87' lang='grc' dir='ltr'><strong>δὲ</strong></span> 
     </span>
    </p>
   </div>
   <div class='ocr_carea' id='block_1_100' title="bbox 2121 3873 3703 3947">
    <p class='ocr_par' dir='ltr' id='par_1_100' title="bbox 2121 3873 3703 3947">
     <span class='ocr_line' id='line_1_100' title="bbox 2121 3873 3703 3947; baseline 0.003 -20"><span class='ocrx_word' id='word_1_737' title='bbox 2121 3876 2252 3927; x_wconf 86' lang='grc' dir='ltr'>ὅπου</span> <span class='ocrx_word' id='word_1_738' title='bbox 2291 3875 2384 3928; x_wconf 75' lang='grc' dir='ltr'>καὶ</span> <span class='ocrx_word' id='word_1_739' title='bbox 2425 3875 2666 3944; x_wconf 76' lang='grc' dir='ltr'>οἰκήσεις</span> <span class='ocrx_word' id='word_1_740' title='bbox 2709 3873 3012 3945; x_wconf 81' lang='grc' dir='ltr'>ἀνθρώπων</span> <span class='ocrx_word' id='word_1_741' title='bbox 3062 3878 3173 3940; x_wconf 90' lang='grc' dir='ltr'>τοῖς</span> <span class='ocrx_word' id='word_1_742' title='bbox 3207 3880 3449 3947; x_wconf 84' lang='grc' dir='ltr'>χάσμασι</span> <span class='ocrx_word' id='word_1_743' title='bbox 3493 3881 3703 3943; x_wconf 80' lang='grc' dir='ltr'>τούτοις</span> 
     </span>
    </p>
   </div>
   <div class='ocr_carea' id='block_1_101' title="bbox 2124 3966 3702 4041">
    <p class='ocr_par' dir='ltr' id='par_1_101' title="bbox 2124 3966 3702 4041">
     <span class='ocr_line' id='line_1_101' title="bbox 2124 3966 3702 4041; baseline 0.003 -22"><span class='ocrx_word' id='word_1_744' title='bbox 2124 3966 2717 4035; x_wconf 74' lang='grc' dir='ltr'>συγκατεσπᾶσθησανσ</span> <span class='ocrx_word' id='word_1_745' title='bbox 2764 3966 3005 4038; x_wconf 85' lang='grc' dir='ltr'>πολλαχῆ</span> <span class='ocrx_word' id='word_1_746' title='bbox 3031 3968 3088 4021; x_wconf 83' lang='grc' dir='ltr'><strong>δὲ</strong></span> <span class='ocrx_word' id='word_1_747' title='bbox 3134 3968 3242 4021; x_wconf 88' lang='grc' dir='ltr'><strong>τῶν</strong></span> <span class='ocrx_word' id='word_1_748' title='bbox 3281 3971 3581 4041; x_wconf 78' lang='grc' dir='ltr'>οἰκητόρων</span> <span class='ocrx_word' id='word_1_749' title='bbox 3608 3989 3702 4039; x_wconf 90' lang='grc' dir='ltr'>γυ-</span> 
     </span>
    </p>
   </div>
   <div class='ocr_carea' id='block_1_102' title="bbox 2129 4054 3703 4127">
    <p class='ocr_par' dir='ltr' id='par_1_102' title="bbox 2129 4054 3703 4127">
     <span class='ocr_line' id='line_1_102' title="bbox 2129 4054 3703 4127; baseline 0.004 -21"><span class='ocrx_word' id='word_1_750' title='bbox 2129 4055 2255 4125; x_wconf 84' lang='grc' dir='ltr'>μνὸς</span> <span class='ocrx_word' id='word_1_751' title='bbox 2298 4056 2326 4107; x_wconf 88' lang='grc' dir='ltr'><strong>ό</strong></span> <span class='ocrx_word' id='word_1_752' title='bbox 2361 4054 2535 4126; x_wconf 83' lang='grc' dir='ltr'>χῶρος</span> <span class='ocrx_word' id='word_1_753' title='bbox 2584 4057 2642 4108; x_wconf 86' lang='grc' dir='ltr'><strong>ἐν</strong></span> <span class='ocrx_word' id='word_1_754' title='bbox 2673 4055 2749 4125; x_wconf 83' lang='grc' dir='ltr'>τῷ</span> <span class='ocrx_word' id='word_1_755' title='bbox 2786 4056 3009 4127; x_wconf 81' lang='grc' dir='ltr'>τοιούτῳ</span> <span class='ocrx_word' id='word_1_756' title='bbox 3061 4057 3333 4111; x_wconf 76' lang='grc' dir='ltr'>δείκνυται</span> <span class='ocrx_word' id='word_1_757' title='bbox 3378 4058 3560 4112; x_wconf 80' lang='grc' dir='ltr'>πάθει.</span> <span class='ocrx_word' id='word_1_758' title='bbox 3592 4061 3703 4113; x_wconf 77' lang='grc' dir='ltr'>Καὶ</span> 
     </span>
    </p>
   </div>
   <div class='ocr_carea' id='block_1_103' title="bbox 2123 4147 3703 4219">
    <p class='ocr_par' dir='ltr' id='par_1_103' title="bbox 2123 4147 3703 4219">
     <span class='ocr_line' id='line_1_103' title="bbox 2123 4147 3703 4219; baseline 0.003 -19"><span class='ocrx_word' id='word_1_759' title='bbox 2123 4148 2175 4201; x_wconf 88' lang='grc' dir='ltr'><strong>τί</strong></span> <span class='ocrx_word' id='word_1_760' title='bbox 2218 4147 2323 4219; x_wconf 80' lang='grc' dir='ltr'><strong>χρὴ</strong></span> <span class='ocrx_word' id='word_1_761' title='bbox 2372 4147 2493 4200; x_wconf 89' lang='grc' dir='ltr'>καθ’</span> <span class='ocrx_word' id='word_1_762' title='bbox 2551 4147 2780 4200; x_wconf 71' lang='grc' dir='ltr'>ἕκαστον</span> <span class='ocrx_word' id='word_1_763' title='bbox 2825 4149 3135 4219; x_wconf 85' lang='grc' dir='ltr'>Κυπρίους,</span> <span class='ocrx_word' id='word_1_764' title='bbox 3194 4151 3287 4203; x_wconf 77' lang='grc' dir='ltr'>καὶ</span> <span class='ocrx_word' id='word_1_765' title='bbox 3342 4151 3567 4213; x_wconf 73' lang='grc' dir='ltr'>Πισίδας</span> <span class='ocrx_word' id='word_1_766' title='bbox 3608 4153 3703 4205; x_wconf 80' lang='grc' dir='ltr'>καὶ</span> 
     </span>
    </p>
   </div>
   <div class='ocr_carea' id='block_1_104' title="bbox 2137 4232 3706 4309">
    <p class='ocr_par' dir='ltr' id='par_1_104' title="bbox 2137 4232 3706 4309">
     <span class='ocr_line' id='line_1_104' title="bbox 2137 4232 3706 4309; baseline -0.001 -17"><span class='ocrx_word' id='word_1_767' title='bbox 2137 4238 2420 4309; x_wconf 74' lang='grc' dir='ltr'>Ἀχαιούςο</span> <span class='ocrx_word' id='word_1_768' title='bbox 2466 4240 2522 4291; x_wconf 83' lang='grc' dir='ltr'><strong>ἐν</strong></span> <span class='ocrx_word' id='word_1_769' title='bbox 2573 4232 2653 4299; x_wconf 75' lang='grc' dir='ltr'>οἷς</span> <span class='ocrx_word' id='word_1_770' title='bbox 2709 4238 2876 4291; x_wconf 86' lang='grc' dir='ltr'>πολλὰ</span> <span class='ocrx_word' id='word_1_771' title='bbox 2924 4238 3031 4290; x_wconf 91' lang='grc' dir='ltr'><strong>τῶν</strong></span> <span class='ocrx_word' id='word_1_772' title='bbox 3081 4239 3385 4309; x_wconf 82' lang='grc' dir='ltr'>λεγομένων</span> <span class='ocrx_word' id='word_1_773' title='bbox 3432 4241 3548 4293; x_wconf 81' lang='grc' dir='ltr'><strong>ἐστὶ</strong></span> <span class='ocrx_word' id='word_1_774' title='bbox 3617 4257 3706 4292; x_wconf 81' lang='grc' dir='ltr'>τε-</span> 
     </span>
    </p>
   </div>
   <div class='ocr_carea' id='block_1_105' title="bbox 2125 4322 3701 4401">
    <p class='ocr_par' dir='ltr' id='par_1_105' title="bbox 2125 4322 3701 4401">
     <span class='ocr_line' id='line_1_105' title="bbox 2125 4322 3701 4401; baseline 0.001 -20"><span class='ocrx_word' id='word_1_775' title='bbox 2125 4331 2367 4400; x_wconf 86' lang='grc' dir='ltr'>κμήρια;</span> <span class='ocrx_word' id='word_1_776' title='bbox 2414 4329 2553 4381; x_wconf 82' lang='grc' dir='ltr'>Ἀλλ’</span> <span class='ocrx_word' id='word_1_777' title='bbox 2585 4322 2646 4381; x_wconf 76' lang='grc' dir='ltr'>οὗ</span> <span class='ocrx_word' id='word_1_778' title='bbox 2682 4329 2840 4399; x_wconf 85' lang='grc' dir='ltr'>χάριν</span> <span class='ocrx_word' id='word_1_779' title='bbox 2870 4327 2977 4382; x_wconf 90' lang='grc' dir='ltr'><strong>τῶν</strong></span> <span class='ocrx_word' id='word_1_780' title='bbox 3003 4330 3306 4399; x_wconf 80' lang='grc' dir='ltr'>εἰρημένων</span> <span class='ocrx_word' id='word_1_781' title='bbox 3334 4329 3701 4401; x_wconf 87' lang='grc' dir='ltr'>ἐμνήσθημεν,</span> 
     </span>
    </p>
   </div>
   <div class='ocr_carea' id='block_1_106' title="bbox 2125 4416 3706 4490">
    <p class='ocr_par' dir='ltr' id='par_1_106' title="bbox 2125 4416 3706 4490">
     <span class='ocr_line' id='line_1_106' title="bbox 2125 4416 3706 4490; baseline 0 -17"><span class='ocrx_word' id='word_1_782' title='bbox 2125 4421 2205 4473; x_wconf 88' lang='grc' dir='ltr'>ὅτι</span> <span class='ocrx_word' id='word_1_783' title='bbox 2230 4421 2404 4473; x_wconf 84' lang='grc' dir='ltr'>πάντα</span> <span class='ocrx_word' id='word_1_784' title='bbox 2428 4419 2497 4472; x_wconf 79' lang='grc' dir='ltr'><strong>τὰ</strong></span> <span class='ocrx_word' id='word_1_785' title='bbox 2521 4419 2766 4483; x_wconf 80' lang='grc' dir='ltr'>τοιαῦτα,</span> <span class='ocrx_word' id='word_1_786' title='bbox 2789 4421 2889 4490; x_wconf 83' lang='grc' dir='ltr'>γῆς</span> <span class='ocrx_word' id='word_1_787' title='bbox 2916 4421 3031 4471; x_wconf 88' lang='grc' dir='ltr'>ἐστι</span> <span class='ocrx_word' id='word_1_788' title='bbox 3059 4420 3223 4490; x_wconf 84' lang='grc' dir='ltr'>πάθη.</span> <span class='ocrx_word' id='word_1_789' title='bbox 3241 4420 3303 4472; x_wconf 81' lang='grc' dir='ltr'>Εἰ</span> <span class='ocrx_word' id='word_1_790' title='bbox 3334 4420 3434 4490; x_wconf 79' lang='grc' dir='ltr'><strong>μὲν</strong></span> <span class='ocrx_word' id='word_1_791' title='bbox 3464 4416 3556 4474; x_wconf 82' lang='grc' dir='ltr'><strong>οὖν</strong></span> <span class='ocrx_word' id='word_1_792' title='bbox 3579 4438 3706 4473; x_wconf 85' lang='grc' dir='ltr'>συν-</span> 
     </span>
    </p>
   </div>
   <div class='ocr_carea' id='block_1_107' title="bbox 2127 4511 3701 4583">
    <p class='ocr_par' dir='ltr' id='par_1_107' title="bbox 2127 4511 3701 4583">
     <span class='ocr_line' id='line_1_107' title="bbox 2127 4511 3701 4583; baseline 0 -19"><span class='ocrx_word' id='word_1_793' title='bbox 2127 4514 2370 4583; x_wconf 84' lang='grc' dir='ltr'>ενεχθείη</span> <span class='ocrx_word' id='word_1_794' title='bbox 2411 4513 2504 4565; x_wconf 74' lang='grc' dir='ltr'><strong>καὶ</strong></span> <span class='ocrx_word' id='word_1_795' title='bbox 2534 4512 2744 4582; x_wconf 79' lang='grc' dir='ltr'>οἴκησιν</span> <span class='ocrx_word' id='word_1_796' title='bbox 2787 4511 3088 4582; x_wconf 79' lang='grc' dir='ltr'>ἀνθρώπων</span> <span class='ocrx_word' id='word_1_797' title='bbox 3117 4512 3403 4581; x_wconf 82' lang='grc' dir='ltr'>εὑρεθῆναι</span> <span class='ocrx_word' id='word_1_798' title='bbox 3430 4512 3507 4582; x_wconf 86' lang='grc' dir='ltr'>τῷ</span> <span class='ocrx_word' id='word_1_799' title='bbox 3530 4514 3701 4583; x_wconf 86' lang='grc' dir='ltr'>τόπῳ,</span> 
     </span>
    </p>
   </div>
   <div class='ocr_carea' id='block_1_108' title="bbox 2125 4602 3709 4673">
    <p class='ocr_par' dir='ltr' id='par_1_108' title="bbox 2125 4602 3709 4673">
     <span class='ocr_line' id='line_1_108' title="bbox 2125 4602 3709 4673; baseline 0.001 -16"><span class='ocrx_word' id='word_1_800' title='bbox 2125 4604 2267 4657; x_wconf 78' lang='grc' dir='ltr'>κατὰ</span> <span class='ocrx_word' id='word_1_801' title='bbox 2291 4605 2469 4658; x_wconf 83' lang='grc' dir='ltr'>πᾶσαν</span> <span class='ocrx_word' id='word_1_802' title='bbox 2486 4604 2731 4673; x_wconf 84' lang='grc' dir='ltr'>ἀνάγκην</span> <span class='ocrx_word' id='word_1_803' title='bbox 2746 4604 2988 4656; x_wconf 82' lang='grc' dir='ltr'>κάκεῖνοι</span> <span class='ocrx_word' id='word_1_804' title='bbox 3003 4602 3097 4655; x_wconf 80' lang='grc' dir='ltr'>τοῦ</span> <span class='ocrx_word' id='word_1_805' title='bbox 3118 4604 3260 4656; x_wconf 76' lang='grc' dir='ltr'>κατὰ</span> <span class='ocrx_word' id='word_1_806' title='bbox 3283 4605 3372 4657; x_wconf 87' lang='grc' dir='ltr'><strong>τὸν</strong></span> <span class='ocrx_word' id='word_1_807' title='bbox 3391 4606 3554 4657; x_wconf 90' lang='grc' dir='ltr'>τόπον</span> <span class='ocrx_word' id='word_1_808' title='bbox 3581 4604 3709 4658; x_wconf 84' lang='grc' dir='ltr'>δυσ-</span> 
     </span>
    </p>
   </div>
   <div class='ocr_carea' id='block_1_109' title="bbox 2125 4693 3707 4765">
    <p class='ocr_par' dir='ltr' id='par_1_109' title="bbox 2125 4693 3707 4765">
     <span class='ocr_line' id='line_1_109' title="bbox 2125 4693 3707 4765; baseline 0.001 -19"><span class='ocrx_word' id='word_1_809' title='bbox 2125 4697 2436 4765; x_wconf 83' lang='grc' dir='ltr'>τυχήματος</span> <span class='ocrx_word' id='word_1_810' title='bbox 2485 4695 2951 4765; x_wconf 70' lang='grc' dir='ltr'>παραπήλαυσαψ</span> <span class='ocrx_word' id='word_1_811' title='bbox 2988 4693 3036 4745; x_wconf 90' lang='grc' dir='ltr'><strong>εἰ</strong></span> <span class='ocrx_word' id='word_1_812' title='bbox 3077 4693 3133 4746; x_wconf 78' lang='grc' dir='ltr'>δὲ</span> <span class='ocrx_word' id='word_1_813' title='bbox 3169 4694 3448 4765; x_wconf 83' lang='grc' dir='ltr'>ἐλεύθερος</span> <span class='ocrx_word' id='word_1_814' title='bbox 3483 4694 3569 4764; x_wconf 72' lang='grc' dir='ltr'><strong>εἴη</strong></span> <span class='ocrx_word' id='word_1_815' title='bbox 3597 4695 3707 4748; x_wconf 88' lang='grc' dir='ltr'><strong>τῶν</strong></span> 
     </span>
    </p>
   </div>
   <div class='ocr_carea' id='block_1_110' title="bbox 2127 4783 3709 4856">
    <p class='ocr_par' dir='ltr' id='par_1_110' title="bbox 2127 4783 3709 4856">
     <span class='ocr_line' id='line_1_110' title="bbox 2127 4783 3709 4856; baseline -0.001 -17"><span class='ocrx_word' id='word_1_816' title='bbox 2127 4786 2448 4856; x_wconf 85' lang='grc' dir='ltr'>οἰκητόρων,</span> <span class='ocrx_word' id='word_1_817' title='bbox 2500 4785 2754 4855; x_wconf 78' lang='grc' dir='ltr'>οὐδεμίαν</span> <span class='ocrx_word' id='word_1_818' title='bbox 2800 4783 3107 4856; x_wconf 85' lang='grc' dir='ltr'>ἀνθρώποις</span> <span class='ocrx_word' id='word_1_819' title='bbox 3148 4786 3345 4855; x_wconf 77' lang='grc' dir='ltr'>ἤνεγκε</span> <span class='ocrx_word' id='word_1_820' title='bbox 3394 4785 3599 4856; x_wconf 78' lang='grc' dir='ltr'>βλάϐην</span> <span class='ocrx_word' id='word_1_821' title='bbox 3647 4786 3709 4838; x_wconf 85' lang='grc' dir='ltr'><strong>τὸ</strong></span> 
     </span>
    </p>
   </div>
   <div class='ocr_carea' id='block_1_111' title="bbox 2129 4871 3711 4947">
    <p class='ocr_par' dir='ltr' id='par_1_111' title="bbox 2129 4871 3711 4947">
     <span class='ocr_line' id='line_1_111' title="bbox 2129 4871 3711 4947; baseline 0.001 -19"><span class='ocrx_word' id='word_1_822' title='bbox 2129 4876 2256 4947; x_wconf 75' lang='grc' dir='ltr'>περὶ</span> <span class='ocrx_word' id='word_1_823' title='bbox 2279 4874 2369 4927; x_wconf 74' lang='grc' dir='ltr'>τὸν</span> <span class='ocrx_word' id='word_1_824' title='bbox 2398 4876 2560 4928; x_wconf 87' lang='grc' dir='ltr'>τόπον</span> <span class='ocrx_word' id='word_1_825' title='bbox 2584 4874 2924 4945; x_wconf 86' lang='grc' dir='ltr'>δυστύχημα.</span> <span class='ocrx_word' id='word_1_826' title='bbox 2954 4874 3048 4937; x_wconf 88' lang='grc' dir='ltr'><strong>Τίς</strong></span> <span class='ocrx_word' id='word_1_827' title='bbox 3079 4871 3173 4927; x_wconf 78' lang='grc' dir='ltr'><strong>οὖν</strong></span> <span class='ocrx_word' id='word_1_828' title='bbox 3194 4876 3226 4945; x_wconf 80' lang='grc' dir='ltr'>ἡ</span> <span class='ocrx_word' id='word_1_829' title='bbox 3250 4875 3347 4945; x_wconf 81' lang='grc' dir='ltr'>τῆς</span> <span class='ocrx_word' id='word_1_830' title='bbox 3368 4875 3711 4946; x_wconf 78' lang='grc' dir='ltr'>εἱμαρμένης</span> 
     </span>
    </p>
   </div>
   <div class='ocr_carea' id='block_1_112' title="bbox 2132 4965 3711 5038">
    <p class='ocr_par' dir='ltr' id='par_1_112' title="bbox 2132 4965 3711 5038">
     <span class='ocr_line' id='line_1_112' title="bbox 2132 4965 3711 5038; baseline -0.001 -18"><span class='ocrx_word' id='word_1_831' title='bbox 2132 4968 2370 5037; x_wconf 79' lang='grc' dir='ltr'>ἀνάγκη,</span> <span class='ocrx_word' id='word_1_832' title='bbox 2403 4967 2599 5037; x_wconf 87' lang='grc' dir='ltr'>ἐπίσης</span> <span class='ocrx_word' id='word_1_833' title='bbox 2622 4966 2730 5019; x_wconf 88' lang='grc' dir='ltr'><strong>τῶν</strong></span> <span class='ocrx_word' id='word_1_834' title='bbox 2755 4983 2813 5018; x_wconf 89' lang='grc' dir='ltr'><strong>τε</strong></span> <span class='ocrx_word' id='word_1_835' title='bbox 2835 4965 3167 5036; x_wconf 77' lang='grc' dir='ltr'>οἰκουμένων</span> <span class='ocrx_word' id='word_1_836' title='bbox 3189 4967 3282 5019; x_wconf 79' lang='grc' dir='ltr'><strong>καὶ</strong></span> <span class='ocrx_word' id='word_1_837' title='bbox 3308 4965 3414 5021; x_wconf 89' lang='grc' dir='ltr'><strong>τῶν</strong></span> <span class='ocrx_word' id='word_1_838' title='bbox 3440 4968 3711 5038; x_wconf 86' lang='grc' dir='ltr'>ἀοικήτων</span> 
     </span>
    </p>
   </div>
   <div class='ocr_carea' id='block_1_113' title="bbox 2127 5056 3711 5131">
    <p class='ocr_par' dir='ltr' id='par_1_113' title="bbox 2127 5056 3711 5131">
     <span class='ocr_line' id='line_1_113' title="bbox 2127 5056 3711 5131; baseline -0.001 -16"><span class='ocrx_word' id='word_1_839' title='bbox 2127 5062 2188 5115; x_wconf 82' lang='grc' dir='ltr'><strong>τὸ</strong></span> <span class='ocrx_word' id='word_1_840' title='bbox 2214 5060 2452 5114; x_wconf 83' lang='grc' dir='ltr'>τοιοῦτον</span> <span class='ocrx_word' id='word_1_841' title='bbox 2490 5059 2659 5123; x_wconf 86' lang='grc' dir='ltr'>πάθος</span> <span class='ocrx_word' id='word_1_842' title='bbox 2696 5059 3111 5131; x_wconf 83' lang='grc' dir='ltr'>ὑπομενόντων;</span> <span class='ocrx_word' id='word_1_843' title='bbox 3154 5059 3215 5111; x_wconf 85' lang='grc' dir='ltr'>Εἰ</span> <span class='ocrx_word' id='word_1_844' title='bbox 3266 5060 3363 5129; x_wconf 82' lang='grc' dir='ltr'><strong>μὲν</strong></span> <span class='ocrx_word' id='word_1_845' title='bbox 3411 5059 3520 5131; x_wconf 82' lang='grc' dir='ltr'>γὰρ</span> <span class='ocrx_word' id='word_1_846' title='bbox 3565 5056 3711 5131; x_wconf 85' lang='grc' dir='ltr'>εἶχον</span> 
     </span>
    </p>
   </div>
   <div class='ocr_carea' id='block_1_114' title="bbox 2130 5150 3712 5224">
    <p class='ocr_par' dir='ltr' id='par_1_114' title="bbox 2130 5150 3712 5224">
     <span class='ocr_line' id='line_1_114' title="bbox 2130 5150 3712 5224; baseline -0.001 -18"><span class='ocrx_word' id='word_1_847' title='bbox 2130 5150 2524 5214; x_wconf 81' lang='grc' dir='ltr'>ἀποδεικνύειν,</span> <span class='ocrx_word' id='word_1_848' title='bbox 2557 5150 2698 5203; x_wconf 83' lang='grc' dir='ltr'>κατὰ</span> <span class='ocrx_word' id='word_1_849' title='bbox 2735 5150 2873 5222; x_wconf 81' lang='grc' dir='ltr'>μέρη</span> <span class='ocrx_word' id='word_1_850' title='bbox 2908 5150 3028 5204; x_wconf 74' lang='grc' dir='ltr'>τινὰ</span> <span class='ocrx_word' id='word_1_851' title='bbox 3057 5151 3149 5204; x_wconf 78' lang='grc' dir='ltr'>καὶ</span> <span class='ocrx_word' id='word_1_852' title='bbox 3170 5151 3244 5223; x_wconf 86' lang='grc' dir='ltr'><strong>μὴ</strong></span> <span class='ocrx_word' id='word_1_853' title='bbox 3275 5151 3414 5204; x_wconf 83' lang='grc' dir='ltr'>κατὰ</span> <span class='ocrx_word' id='word_1_854' title='bbox 3437 5151 3497 5205; x_wconf 82' lang='grc' dir='ltr'><strong>τὸ</strong></span> <span class='ocrx_word' id='word_1_855' title='bbox 3519 5150 3712 5224; x_wconf 82' lang='grc' dir='ltr'>ἁθρόον</span> 
     </span>
    </p>
   </div>
   <div class='ocr_carea' id='block_1_115' title="bbox 2132 5236 3709 5312">
    <p class='ocr_par' dir='ltr' id='par_1_115' title="bbox 2132 5236 3709 5312">
     <span class='ocr_line' id='line_1_115' title="bbox 2132 5236 3709 5312; baseline -0.001 -16"><span class='ocrx_word' id='word_1_856' title='bbox 2132 5244 2312 5296; x_wconf 84' lang='grc' dir='ltr'>πᾶσαν</span> <span class='ocrx_word' id='word_1_857' title='bbox 2341 5241 2775 5295; x_wconf 85' lang='grc' dir='ltr'>κατεσκευάσθαι</span> <span class='ocrx_word' id='word_1_858' title='bbox 2805 5241 2903 5311; x_wconf 78' lang='grc' dir='ltr'><strong>τήν</strong></span> <span class='ocrx_word' id='word_1_859' title='bbox 2937 5242 3059 5311; x_wconf 86' lang='grc' dir='ltr'>γῆν,</span> <span class='ocrx_word' id='word_1_860' title='bbox 3089 5236 3233 5312; x_wconf 87' lang='grc' dir='ltr'>εἶχεν</span> <span class='ocrx_word' id='word_1_861' title='bbox 3269 5241 3333 5295; x_wconf 88' lang='grc' dir='ltr'><strong>ἂν</strong></span> <span class='ocrx_word' id='word_1_862' title='bbox 3368 5242 3548 5305; x_wconf 79' lang='grc' dir='ltr'>αὐτοῖς</span> <span class='ocrx_word' id='word_1_863' title='bbox 3581 5241 3709 5305; x_wconf 74' lang='grc' dir='ltr'>ἴσως</span> 
     </span>
    </p>
   </div>
   <div class='ocr_carea' id='block_1_116' title="bbox 2132 5332 3707 5405">
    <p class='ocr_par' dir='ltr' id='par_1_116' title="bbox 2132 5332 3707 5405">
     <span class='ocr_line' id='line_1_116' title="bbox 2132 5332 3707 5405; baseline 0 -18"><span class='ocrx_word' id='word_1_864' title='bbox 2132 5335 2321 5405; x_wconf 83' lang='grc' dir='ltr'>καιρὸν</span> <span class='ocrx_word' id='word_1_865' title='bbox 2354 5336 2387 5405; x_wconf 87' lang='grc' dir='ltr'><strong>ἡ</strong></span> <span class='ocrx_word' id='word_1_866' title='bbox 2437 5333 2814 5404; x_wconf 68' lang='grc' dir='ltr'>ματαιολογίαο</span> <span class='ocrx_word' id='word_1_867' title='bbox 2849 5332 2986 5404; x_wconf 83' lang='grc' dir='ltr'>τῷδε</span> <span class='ocrx_word' id='word_1_868' title='bbox 3024 5332 3102 5403; x_wconf 83' lang='grc' dir='ltr'><strong>τῷ</strong></span> <span class='ocrx_word' id='word_1_869' title='bbox 3143 5335 3296 5405; x_wconf 77' lang='grc' dir='ltr'>μέρει</span> <span class='ocrx_word' id='word_1_870' title='bbox 3332 5335 3431 5404; x_wconf 77' lang='grc' dir='ltr'>τῆς</span> <span class='ocrx_word' id='word_1_871' title='bbox 3463 5335 3565 5405; x_wconf 84' lang='grc' dir='ltr'>γῆς</span> <span class='ocrx_word' id='word_1_872' title='bbox 3591 5351 3707 5387; x_wconf 79' lang='grc' dir='ltr'>κτι-</span> 
     </span>
    </p>
   </div>
   <div class='ocr_carea' id='block_1_117' title="bbox 2133 5424 3710 5497">
    <p class='ocr_par' dir='ltr' id='par_1_117' title="bbox 2133 5424 3710 5497">
     <span class='ocr_line' id='line_1_117' title="bbox 2133 5424 3710 5497; baseline 0.001 -21"><span class='ocrx_word' id='word_1_873' title='bbox 2133 5425 2384 5494; x_wconf 80' lang='grc' dir='ltr'>ζομένης,</span> <span class='ocrx_word' id='word_1_874' title='bbox 2416 5425 2577 5493; x_wconf 83' lang='grc' dir='ltr'>τῆσδε</span> <span class='ocrx_word' id='word_1_875' title='bbox 2611 5424 2718 5477; x_wconf 88' lang='grc' dir='ltr'><strong>τῶν</strong></span> <span class='ocrx_word' id='word_1_876' title='bbox 2751 5424 2965 5495; x_wconf 75' lang='grc' dir='ltr'>ἄστρων</span> <span class='ocrx_word' id='word_1_877' title='bbox 3000 5426 3317 5496; x_wconf 83' lang='grc' dir='ltr'>συμπλοκῆς</span> <span class='ocrx_word' id='word_1_878' title='bbox 3352 5426 3710 5497; x_wconf 80' lang='grc' dir='ltr'>ἐφαρμοσθεί-</span> 
     </span>
    </p>
   </div>
   <div class='ocr_carea' id='block_1_118' title="bbox 2135 5516 3716 5589">
    <p class='ocr_par' dir='ltr' id='par_1_118' title="bbox 2135 5516 3716 5589">
     <span class='ocr_line' id='line_1_118' title="bbox 2135 5516 3716 5589; baseline 0.002 -22"><span class='ocrx_word' id='word_1_879' title='bbox 2135 5532 2254 5583; x_wconf 89' lang='grc' dir='ltr'>σης,</span> <span class='ocrx_word' id='word_1_880' title='bbox 2291 5516 2322 5585; x_wconf 84' lang='grc' dir='ltr'><strong>ἢ</strong></span> <span class='ocrx_word' id='word_1_881' title='bbox 2367 5516 2524 5568; x_wconf 79' lang='grc' dir='ltr'>τοῦτο</span> <span class='ocrx_word' id='word_1_882' title='bbox 2553 5516 2584 5587; x_wconf 78' lang='grc' dir='ltr'>ἦ</span> <span class='ocrx_word' id='word_1_883' title='bbox 2616 5518 2791 5569; x_wconf 82' lang='grc' dir='ltr'>ἐκεῖνο</span> <span class='ocrx_word' id='word_1_884' title='bbox 2817 5516 3070 5585; x_wconf 77' lang='grc' dir='ltr'>γενέσθαι</span> <span class='ocrx_word' id='word_1_885' title='bbox 3112 5519 3233 5571; x_wconf 79' lang='grc' dir='ltr'>κατ’</span> <span class='ocrx_word' id='word_1_886' title='bbox 3259 5519 3523 5589; x_wconf 87' lang='grc' dir='ltr'>ἀνάγκην.</span> <span class='ocrx_word' id='word_1_887' title='bbox 3562 5518 3716 5570; x_wconf 78' lang='grc' dir='ltr'>Ἐπεὶ</span> 
     </span>
    </p>
   </div>
   <div class='ocr_carea' id='block_1_119' title="bbox 2132 5606 3710 5680">
    <p class='ocr_par' dir='ltr' id='par_1_119' title="bbox 2132 5606 3710 5680">
     <span class='ocr_line' id='line_1_119' title="bbox 2132 5606 3710 5680; baseline 0.003 -21"><span class='ocrx_word' id='word_1_888' title='bbox 2132 5607 2185 5659; x_wconf 82' lang='grc' dir='ltr'>δὲ</span> <span class='ocrx_word' id='word_1_889' title='bbox 2210 5607 2383 5659; x_wconf 85' lang='grc' dir='ltr'>πάντα</span> <span class='ocrx_word' id='word_1_890' title='bbox 2408 5606 2523 5676; x_wconf 81' lang='grc' dir='ltr'>μετ’</span> <span class='ocrx_word' id='word_1_891' title='bbox 2548 5606 2792 5677; x_wconf 82' lang='grc' dir='ltr'>ἀλλήλων</span> <span class='ocrx_word' id='word_1_892' title='bbox 2817 5608 3318 5678; x_wconf 80' lang='grc' dir='ltr'>καταλαμΰάνεται,</span> <span class='ocrx_word' id='word_1_893' title='bbox 3343 5610 3591 5680; x_wconf 64' lang='grc' dir='ltr'>οὐρανδς,</span> <span class='ocrx_word' id='word_1_894' title='bbox 3617 5611 3710 5677; x_wconf 75' lang='grc' dir='ltr'>γῆ,</span> 
     </span>
    </p>
   </div>
   <div class='ocr_carea' id='block_1_120' title="bbox 2136 5697 3714 5770">
    <p class='ocr_par' dir='ltr' id='par_1_120' title="bbox 2136 5697 3714 5770">
     <span class='ocr_line' id='line_1_120' title="bbox 2136 5697 3714 5770; baseline -0.001 -19"><span class='ocrx_word' id='word_1_895' title='bbox 2136 5698 2393 5765; x_wconf 84' lang='grc' dir='ltr'>θάλαττα,</span> <span class='ocrx_word' id='word_1_896' title='bbox 2418 5698 2558 5751; x_wconf 76' lang='grc' dir='ltr'>κατὰ</span> <span class='ocrx_word' id='word_1_897' title='bbox 2585 5697 2640 5751; x_wconf 73' lang='grc' dir='ltr'>δὲ</span> <span class='ocrx_word' id='word_1_898' title='bbox 2667 5698 2756 5750; x_wconf 84' lang='grc' dir='ltr'><strong>τὸν</strong></span> <span class='ocrx_word' id='word_1_899' title='bbox 2786 5697 3029 5762; x_wconf 80' lang='grc' dir='ltr'>Μωσέως</span> <span class='ocrx_word' id='word_1_900' title='bbox 3061 5698 3238 5768; x_wconf 85' lang='grc' dir='ltr'>λόγον,</span> <span class='ocrx_word' id='word_1_901' title='bbox 3270 5701 3363 5752; x_wconf 80' lang='grc' dir='ltr'><strong>καὶ</strong></span> <span class='ocrx_word' id='word_1_902' title='bbox 3395 5700 3714 5770; x_wconf 80' lang='grc' dir='ltr'>προτερεύει</span> 
     </span>
    </p>
   </div>
   <div class='ocr_carea' id='block_1_121' title="bbox 2137 5788 3716 5862">
    <p class='ocr_par' dir='ltr' id='par_1_121' title="bbox 2137 5788 3716 5862">
     <span class='ocr_line' id='line_1_121' title="bbox 2137 5788 3716 5862; baseline 0.001 -21"><span class='ocrx_word' id='word_1_903' title='bbox 2137 5790 2170 5860; x_wconf 80' lang='grc' dir='ltr'>ὴ</span> <span class='ocrx_word' id='word_1_904' title='bbox 2195 5792 2263 5859; x_wconf 78' lang='grc' dir='ltr'>γῆ</span> <span class='ocrx_word' id='word_1_905' title='bbox 2294 5789 2386 5859; x_wconf 81' lang='grc' dir='ltr'>τῆς</span> <span class='ocrx_word' id='word_1_906' title='bbox 2410 5788 2517 5842; x_wconf 88' lang='grc' dir='ltr'><strong>τῶν</strong></span> <span class='ocrx_word' id='word_1_907' title='bbox 2540 5789 2754 5862; x_wconf 82' lang='grc' dir='ltr'>ἄστρων</span> <span class='ocrx_word' id='word_1_908' title='bbox 2784 5790 3131 5861; x_wconf 74' lang='grc' dir='ltr'>κατασκευῆς</span> <span class='ocrx_word' id='word_1_909' title='bbox 3156 5791 3249 5845; x_wconf 76' lang='grc' dir='ltr'><strong>καὶ</strong></span> <span class='ocrx_word' id='word_1_910' title='bbox 3274 5792 3536 5860; x_wconf 85' lang='grc' dir='ltr'>κινήσεως</span> <span class='ocrx_word' id='word_1_911' title='bbox 3557 5807 3567 5818; x_wconf 84' lang='lat'><strong>&#39;</strong></span> <span class='ocrx_word' id='word_1_912' title='bbox 3600 5791 3716 5855; x_wconf 82' lang='grc' dir='ltr'><strong>πῶς</strong></span> 
     </span>
    </p>
   </div>
  </div>
