4066 6374
342 365 436 420 169
1672 371 1921 428 CONTR.I

2024 372 2252 431 'ATUM.

3496 372 3600 426 ΠΩ

344 483 448 536 τῶν
471 483 710 554 μερικῶν
737 485 874 539 κατὰ
898 487 996 559 τὴν
1026 488 1130 559 γ’ήν
1159 493 1579 563 συμπτωμάτων
1607 491 1704 563 τὴν
1731 493 1910 545 αἰτίαν

2024 492 2293 561 quidpiam
2326 501 2485 548 terra:
2516 491 2736 555 accidit,
2779 501 2942 560 alque
2970 488 3244 559 ejusmodi
3281 490 3476 558 aliqua:
3509 506 3600 545 ca-

337 578 413 639 εις
441 576 537 647 τὴν
569 577 677 629 τῶν
707 578 920 650 ἄστρων
951 584 1310 652 ἀναθήσονται
1355 586 1601 654 κίνησινς
1634 585 1696 636 Εἰ
1734 585 1914 638 τοίνυν

337 667 627 738 όμόχρονος
673 672 783 734 τοῖς
813 671 1030 742 ἄστροις
1069 675 1101 743 ἠ
1149 676 1241 745 γῆ,
1283 676 1375 728 καὶ
1404 675 1658 744 οὐδεμίαν
1707 673 1916 726 ἐκεῖθεν

339 758 454 810 οὐδὲ
486 759 858 828 συμπτώσεως
881 762 1002 815 οὔτε
1029 765 1289 834 διαμονῆς
1318 767 1497 818 αἰτίαν
1537 766 1832 832 ἐπάγεται·
1866 765 1915 815 εἰ

345 851 591 918 μερικαῖς
620 851 676 902 δέ
708 870 813 904 τισι
861 854 1038 906 τόπων
1068 864 1436 926 περιγραφαῖς
1472 857 1539 910 τὰ
1564 857 1786 910 τοιαῦτα
1815 857 1917 925 ὑφ-

343 941 552 995 ίσταται
586 943 764 1012 πάθη·
801 946 908 1015 ἄρα
952 949 1050 1016 οὐχ
1078 950 1417 1020 εἱμαρμένης
1473 949 1739 1019 ἀνάγκην,
1776 948 1913 1002 ἀλλὰ

341 1052 456 1085 τινα
492 1036 680 1106 ἑτέραν
707 1038 1010 1102 ἰδιάζουσαν
1049 1042 1226 1094 αἰτίαν
1260 1044 1316 1095 ἐν
1343 1045 1455 1106 τοῖς
1483 1045 1746 1106 τοιούτοις
1777 1060 1918 1112 συμ-

343 1125 590 1194 πτώμασι
623 1129 1076 1194 γίνεσθαι.⁹’οταν
1105 1131 1198 1186 οὖν
1233 1134 1378 1204 πάθῃ
1401 1153 1454 1187 τι
1487 1135 1723 1188 τοιοῦτον
1755 1137 1787 1204 ή
1822 1134 1915 1203 γῆ,

344 1222 434 1268 καί
469 1235 618 1281 τινας
647 1220 898 1284 τοιαύτας
929 1224 1210 1296 συμφορὰς
1247 1225 1668 1297 κατεργάζεται,
1703 1225 1810 1278 τῶν
1840 1227 1920 1278 οἱ·

344 1309 586 1379 κητόρων
622 1315 1190 1380 συγκατασεισθέντων
1241 1316 1318 1385 τῷ
1348 1317 1598 1386 πτώματι
1627 1333 1640 1346 ⁸
1682 1317 1733 1369 τί
1766 1316 1922 1388 ἐροῦ-

345 1415 427 1450 σιν
452 1400 502 1450 οἱ
550 1401 974 1470 προσκυνοῦντες
1011 1404 1106 1473 τὴν
1149 1406 1510 1476 εἱμαρμένην,
1554 1406 1649 1459 καὶ
1681 1407 1779 1478 τὴν
1811 1408 1920 1460 τῶν

341 1489 555 1559 ἄστρων
599 1489 806 1560 κίνησιν
840 1496 1148 1547 ἐπιστατεῖν
1178 1496 1286 1549 τῶν
1327 1496 1495 1550 ὄντων
1523 1496 1916 1568 διοριζόμενοι;

342 1580 466 1642 Πῶς
494 1583 610 1634 ἐκεῖ
632 1583 691 1635 τὸ
719 1586 930 1654 νήπιον,
962 1586 1022 1638 τὸ
1049 1587 1265 1657 βρέφος,
1290 1588 1350 1641 τὸ
1379 1589 1682 1660 μειράκιον,
1707 1591 1734 1641 6
1759 1588 1919 1659 ἀνὴρ,

339 1673 367 1722 ό
393 1673 596 1740 πατὴρ,
632 1675 658 1725 ό
706 1675 1035 1746 πρεσϐύτης,
1081 1679 1108 1730 ό
1147 1676 1392 1748 εὐγενὴς,
1439 1681 1467 1731 6
1513 1677 1861 1748 εὐπατρίδης,
1893 1680 1922 1730 ὁ

344 1761 632 1830 μισθωτὸς,
659 1765 685 1815 ὁ
711 1765 1024 1836 δεσμώτης;
1053 1767 1191 1821 Οὔτε
1214 1767 1290 1839 τῷ
1314 1770 1489 1839 χρόνῳ
1513 1771 1611 1838 τῆς
1635 1769 1918 1836 γενέσεως,

2019 583 2292 638 lmnitates
2321 583 2447 638 inde
2491 583 2766 647 oriuntur,
2791 583 2954 637 etiam
3000 583 3194 636 incolis
3233 582 3390 634 ruina
3427 583 3598 636 obru-

2019 675 2122 729 tis:
2170 675 2301 743 quid
2334 676 2538 739 dicent,
2572 675 2664 744 qui
2714 674 2886 728 fatum
2935 673 3186 737 adorant,
3219 682 3274 726 et
3323 682 3599 728 astrorum

2020 775 2226 819 motum
2279 766 2444 821 rebus
2489 781 2724 835 prazesse
2765 766 3104 835 opinantur?
3147 767 3238 835 qui
3284 765 3342 819 [it
3392 775 3452 818 ut
3507 780 3603 820 oc—

2021 857 2171 910 cidat
2197 858 2399 920 infans,
2427 859 2770 922 adolescens,
2803 859 2906 921 vir,
2941 866 3112 926 pater,
3159 873 3343 919 senex,
3379 857 3599 920 nobilis,

2021 948 2306 1017 patricius,
2333 951 2728 1012 mercenarius,
2763 949 3020 1003 vinctus?
3047 964 3148 1002 cur
3178 965 3355 1019 neque
3386 957 3600 1020 tempus

2020 1043 2319 1106 nascendi,
2372 1057 2550 1111 neque
2595 1040 2898 1096 discrimen
2933 1043 3214 1112 dignitatis
3256 1043 3425 1095 ullum
3477 1058 3603 1110 pro-

2022 1127 2198 1192 hibet,
2262 1145 2372 1199 quo
2425 1131 2608 1185 minus
2665 1132 2781 1200 pari
2841 1131 3151 1184 calamitate
3210 1130 3604 1183 involvantur?

2021 1220 2221 1275 Adhmc
2250 1223 2375 1291 quis
2408 1223 2622 1292 ignorat
2651 1229 2956 1276 extremum
2989 1222 3188 1275 malum
3222 1237 3366 1283 esse,
3401 1236 3598 1290 corpus

2020 1325 2144 1364 cum
2189 1312 2299 1366 filia
2344 1315 2726 1376 commiscere,
2773 1313 2980 1381 violare
3040 1314 3312 1367 matrem?
3354 1313 3498 1382 quod
3555 1314 3600 1367 si

2021 1402 2251 1470 quadam
2285 1405 2453 1458 sortis
2491 1405 2816 1459 necessitate
2851 1405 3004 1458 fieret
3029 1443 3043 1465 ,
3087 1407 3274 1472 utique
3319 1405 3459 1474 apud
3502 1422 3604 1460 nos

2021 1509 2236 1563 quoque
2269 1494 2457 1550 ﬁeret:
2504 1513 2650 1551 nunc
2683 1505 2864 1552 autem
2898 1497 3041 1567 apud
3088 1499 3236 1553 solos
3284 1497 3503 1562 Persas,
3551 1508 3605 1552 et

2022 1584 2116 1653 qui
2168 1584 2387 1639 illorum
2439 1585 2618 1640 edocti
2673 1596 2804 1642 sunt
2856 1588 3134 1652 instituta,
3189 1588 3454 1659 flagitium
3503 1589 3606 1643 hoe

2024 1682 2388 1743 perpetratur.
2437 1675 2510 1730 Ex
2554 1692 2663 1745 quo
2705 1679 2926 1747 planum
2972 1677 3052 1741 ﬁt,
3087 1689 3288 1732 sortem
3331 1693 3395 1731 ac
3432 1677 3602 1730 fatum

2024 1779 2146 1818 esse
2195 1765 2463 1834 cujusque
2513 1768 2844 1822 voluntatem
2900 1783 2998 1837 pro
3055 1769 3284 1822 arbitrio
3325 1768 3605 1838 quodlibet

340 1851 462 1905 οὔτε
497 1854 726 1926 διαφορᾷ
760 1875 865 1910 τινι
893 1859 988 1927 τῆς
1017 1858 1172 1924 ἀξίας
1205 1860 1284 1922 εἰς
1313 1859 1410 1928 τὴν
1439 1859 1547 1912 τῶν
1585 1857 1768 1911 κακῶν
1795 1859 1921 1927 ὁμο-

2029 1855 2384 1923 amplectente
2394 1872 2466 1908 In.

340 1947 526 2016 τιμίαν
561 1947 874 2004 κωλύονται.
908 1950 1028 2002 Ἐτι
1070 1950 1206 2019 πρὸς
1277 1952 1486 2013 τούτοις
1507 1967 1520 1980 ·
1566 1950 1648 2013 τίς
1689 1950 1786 2001 οὐκ
1854 1943 1991 2000 οἶδεν
2031 1946 2112 1997 ὅτι
2146 1946 2344 2008 παντὸς
2378 1946 2543 2014 ἄγους
2575 1947 2798 2017 ἔσχατόν
2832 1948 2978 2000 ἐστιν
3007 1949 3040 2018 ἡ
3069 1947 3481 2020 θυγατρομιξία,
3513 1955 3604 2006 καὶ

340 2042 734 2112 ἀδελφογαμία,
787 2046 880 2098 καὶ
927 2046 1008 2108 εἰς
1054 2045 1293 2116 μητέρας
1345 2046 1697 2117 παρανομίας
1750 2044 1919 2096 Τοῦτο
1954 2042 2134 2094 τοίνυν
2168 2043 2215 2093 εί
2247 2042 2388 2094 κατά
2415 2060 2535 2095 τινα
2561 2043 2754 2113 μοίρας
2781 2043 3029 2113 ἀνάγκην
3095 2042 3322 2111 ἐγίνετο,
3387 2045 3606 2108 πάντως

341 2133 406 2185 ἂν
439 2134 535 2185 καὶ
561 2133 618 2184 ἐν
646 2135 756 2195 τοῖς
793 2135 913 2187 καθ’
945 2136 1091 2205 ἡμᾶς
1133 2136 1404 2207 ἐτολμήθη
1442 2127 1656 2199 τόποιςο
1699 2136 1820 2187 ἐπεὶ
1872 2133 1928 2185 δὲ
1966 2133 2110 2202 μόνῳ
2133 2131 2213 2201 τῷ
2244 2132 2383 2184 ἔθνει
2433 2133 2676 2202 Περσῶν,
2713 2136 2807 2186 καὶ
2847 2137 2960 2197 τοῖς
3001 2133 3067 2186 τὰ
3112 2133 3332 2187 ἐκείνων
3401 2135 3606 2205 νόμιμα

337 2225 757 2296 δεδιδαγμένοις,
796 2226 857 2278 τὸ
924 2226 1158 2280 τοιοῦτον
1226 2229 1356 2296 ἄγος
1396 2228 1687 2298 τολμᾶταιο
1735 2227 1890 2298 δῆλον
1925 2228 1989 2279 ἐκ
2026 2225 2119 2277 τοῦ
2163 2226 2474 2289 ἀκολούθου,
2507 2227 2586 2278 ὅτι
2631 2229 2799 2297 μοῖρα
2829 2229 2923 2280 καὶ
2955 2227 3262 2299 εἱμαρμένη
3299 2228 3332 2297 ἡ
3373 2229 3604 2282 ἐκάστου

342 2317 661 2386 προαίρεσις
697 2319 926 2386 γίνεται,
965 2321 1026 2372 τὸ
1051 2320 1240 2373 δοκοῦν
1285 2323 1405 2374 κατ’
1448 2321 1693 2385 ἐξουσίαν
1727 2317 2159 2391 προαιρουμένη.

415 2414 537 2465 Ἔτι
565 2413 700 2483 πρὸς
744 2414 974 2481 τούτοις,
1003 2416 1078 2480 ὡς
1109 2416 1175 2470 ἂν
1208 2416 1342 2486 μηδὲ
1369 2418 1428 2470 τὸ
1461 2417 1699 2471 τοιοῦτον
1741 2417 1918 2488 ἔχοιεν

340 2503 541 2571 λέγειν,
589 2505 670 2556 ότι
721 2506 858 2558 κατά
892 2506 989 2569 τὰς
1029 2507 1186 2570 ποιὰς
1235 2509 1569 2578 περικλίσεις
1609 2509 1718 2562 τῶν
1744 2510 1923 2562 τόπων

343 2596 645 2660 ίδιάζουσαί
682 2614 827 2660 τινες
862 2598 1077 2668 ἄστρων
1110 2601 1352 2670 κινήσεις
1395 2601 1921 2670 καταλαμϐάνονται,

341 2688 433 2739 καὶ
464 2688 552 2739 διὰ
582 2687 758 2753 τοῦτο,
788 2691 836 2742 οἱ
869 2690 964 2758 μὲν
995 2693 1462 2762 μητρογαμοῦσιν,
1494 2695 1542 2745 οί
1576 2693 1630 2745 δέ
1678 2693 1923 2756 ξενοκτο-

339 2777 495 2830 νοῦσι
530 2780 621 2831 καὶ
670 2779 1145 2851 ἀνθρωποϐοροῦσι
1170 2799 1180 2812 ⁸
1205 2784 1304 2853 τῆς
1350 2783 1407 2836 δὲ
1432 2784 1540 2836 τῶν
1567 2783 1786 2855 ’ἄστρων
1826 2783 1924 2853 τῆς

343 2869 548 2932 θέσεως
569 2871 796 2934 ἐκείνοις
821 2871 1126 2935 ἰδιαζόντως
1157 2874 1580 2945 ὲπιπιπτούσης,
1610 2875 1657 2926 εἰ
1681 2875 1775 2927 καὶ
1800 2893 1925 2927 παν-

339 2963 546 3014 τάπασι
591 2947 699 3016 τῶν
730 2964 1069 3018 ἀπαιδεύτων
1099 2967 1313 3037 καὶτῆς
1358 2967 1464 3020 τῶν
1494 2967 1661 3020 ὄντων
1693 2966 1924 3036 θεωρίας

339 3054 752 3107 ἀνεπισκέπτων
797 3057 824 3108 ὁ
853 3057 1090 3120 τοιοῦτος
1128 3057 1285 3126 λόγος
1334 3059 1471 3122 ἐστὶ,
1505 3059 1613 3111 τῶν
1660 3059 1920 3127 οἰομένων

337 3146 419 3199 ὃτι
449 3145 594 3198 κατά
624 3146 720 3209 τὰς
751 3147 910 3210 ποιὰς
948 3150 1044 3218 τῆς
1069 3149 1173 3217 γῆς
1214 3150 1558 3220 περιγραφὰς
1589 3151 1682 3202 καὶ
1714 3152 1744 3220 ἡ
1777 3151 1918 3203 ἀνωη

341 3241 430 3289 θεν
458 3238 644 3300 αὐτοῖς
669 3238 818 3307 λῆξις
850 3240 1234 3292 ἐπιτυποῦται·
1261 3240 1404 3292 οὓτω
1433 3241 1540 3310 γὰρ
1567 3241 1632 3293 ἂν
1666 3241 1916 3311 εὑρεθείη
1946 3286 1989 3342 C

337 3333 406 3383 τὰ
433 3333 600 3398 γήϊνα
622 3331 727 3382 τῶν
750 3332 1016 3401 οὐρανίων
1036 3333 1473 3405 ἀρχηγικώτερα,
1508 3335 1555 3384 εἰ
1589 3333 1730 3386 κατά
1749 3332 1919 3385 ταῦτα

338 3421 614 3486 νομίζοιτο
645 3423 871 3474 κάκεῖνα
906 3422 1047 3492 ἔχειν
1071 3439 1084 3451 ·
1117 3424 1266 3493 ὅμως
1295 3425 1388 3475 καὶ
1426 3422 1584 3476 τοῦτο
1614 3423 1890 3493 προσθήσο

343 3528 442 3578 μεν
465 3511 604 3580 πρὸς
627 3510 844 3582 ἔλεγχον
864 3513 964 3582 τῆς
993 3516 1176 3582 ἡπατη
1185 3514 1350 3583 μένης
1373 3515 1552 3568 αὐτῶν
1578 3515 1923 3585 ὑπολήψεως·

341 3605 531 3656 Ιέἀντα
573 3603 755 3672 σχεδὸν
808 3604 875 3658 τὰ
925 3605 1066 3675 μέρη
1102 3604 1203 3674 τῆς
1251 3606 1354 3675 γῆς
1405 3607 1467 3658 τὸ
1505 3606 1613 3659 τῶν
1661 3607 1921 3660 Ἰουδαίων

342 3695 652 3764 ἐπενεμήθη
679 3695 852 3762 γένος,
880 3697 1204 3760 ἀνατολικοὶ,
1230 3697 1415 3760 νότιοι,
1446 3700 1800 3766 μεσογεῶται,
1832 3699 1921 3750 δυ-

339 3787 508 3849 τικοὶ,
545 3788 956 3857 προσαρκτικοὶ,
988 3787 1164 3842 πάντα
1200 3788 1383 3858 σχεδον
1413 3790 1481 3842 τὰ
1507 3789 1632 3860 ἔθνη
1663 3791 1920 3860 μέμικται

343 3877 478 3946 πρὸς
510 3877 605 3944 τὴν
645 3877 752 3927 τῶν
805 3877 1068 3930 Ἰουδαίων
1110 3879 1436 3946 συνοίκησιν.
1472 3879 1595 3941 Πῶς
1625 3881 1802 3931 τοίνυν
1829 3881 1920 3932 ού-

340 3968 394 4018 δε
406 3968 504 4035 μία
531 3967 637 4018 τῶν
669 3968 880 4038 ἄστρων
918 3970 1127 4038 ἀνάγκη
1161 3971 1246 4020 ἐπ’
1279 3970 1489 4033 οὐδενὸς
1531 3969 1708 4022 αὐτῶν
1737 3971 1921 4040 ἴσχυσέ

342 4077 448 4111 τινι
477 4058 586 4110 τῶν
613 4060 677 4111 ἐκ
701 4059 794 4111 τοῦ
825 4059 1008 4122 ἔθνους
1030 4061 1356 4129 χαρίσασθαι
1385 4061 1445 4113 τὸ
1479 4061 1780 4130 ἀλώϐητον,
1807 4062 1919 4114 ἀλλ’

345 4153 401 4202 ἐν
426 4154 546 4213 ταῖς
573 4151 954 4220 μυριοτρόποις
985 4151 1092 4203 τῶν
1122 4152 1333 4220 ἄστρων
1359 4152 1702 4216 ἐπιπλοκαῖς,
1733 4152 1921 4222 ὥσπερ

344 4246 412 4296 ἂν
452 4243 742 4314 συνενεχθῇ
787 4242 848 4295 τὸ
899 4243 1233 4312 τικτόμενον,
1279 4247 1336 4296 ἐν
1375 4245 1450 4314 τῷ
1483 4246 1653 4316 ὁμοίῳ
1707 4246 1922 4308 πάντως

343 4334 482 4398 ἐστὶ,
540 4333 680 4385 κατά
728 4332 824 4403 τὴν
877 4335 1213 4404 τεταγμένην
1255 4335 1362 4386 τῶν
1409 4335 1632 4404 ἡμερῶν
1677 4336 1921 4405 περίοδον

343 4425 725 4496 ὑπομενούσης
768 4428 864 4495 τήν
907 4426 1086 4495 λώϐην
1118 4428 1218 4494 τῆς
1246 4429 1461 4496 φύσεως
1488 4446 1502 4494 ;
1538 4430 1595 4481 'U
1628 4425 1708 4492 δὲ,
1735 4428 1920 4482 Ταῦτα

345 4519 442 4584 μὲν
490 4515 664 4578 οὔπω,
707 4517 891 4586 φησιν,
924 4517 1212 4588 ἐξήτασται
1262 4520 1567 4589 παρ’ἠμῖν,
1619 4521 1723 4572 τίνι
1777 4520 1920 4590 λόγῳ

2091 2411 2357 2467 Praeterea
2399 2430 2467 2468 ne
2525 2414 2653 2484 quid
2698 2416 2806 2470 tale
2841 2417 3054 2484 possint
3092 2415 3294 2482 dicere,
3337 2415 3391 2470 in
3439 2417 3606 2472 certis

2025 2505 2161 2560 locis
2185 2507 2432 2575 preprias
2461 2508 2722 2574 quasdam
2755 2517 3028 2562 astrorum
3056 2511 3328 2563 motiones
3356 2511 3605 2578 reperiri,

2025 2605 2192 2665 alque
2235 2597 2358 2651 ideo
2395 2599 2533 2652 alios
2582 2608 2787 2652 matres
2826 2600 3030 2654 ducere
3073 2601 3127 2653 in
3171 2601 3600 2665 matrimonium,

2026 2688 2161 2742 alios
2190 2689 2442 2742 occidere
2469 2690 2732 2758 hospites.
2769 2699 2822 2744 et
2852 2690 3125 2744 humanas
3158 2707 3352 2746 vorare
3388 2707 3605 2756 carnes,

2024 2777 2167 2844 quod
2207 2786 2390 2830 certus
2429 2778 2650 2846 quidam
2690 2787 2963 2833 astrorum
3012 2783 3152 2835 situs
3185 2784 3292 2835 vim
3341 2798 3497 2837 suam
3550 2785 3604 2836 in

2029 2865 2150 2920 illos
2183 2867 2436 2935 privatim
2481 2879 2775 2922 exerceat:
2829 2873 3044 2924 tametsi
3099 2872 3214 2925 ιιωιι
3249 2887 3476 2941 prorsus
3518 2874 3605 2926 in-

2029 2957 2318 3011 doctorum
2372 2957 2655 3010 hominum
2688 2959 2760 3012 sit
2788 2960 2986 3023 oratio,
3038 2976 3216 3030 neque
3259 2976 3441 3014 rerum
3481 2975 3609 3014 con-

2029 3047 2364 3115 templationi
2430 3046 2762 3110 deditorum,
2823 3049 2918 3102 sed
2969 3051 3399 3103 existimantium
3458 3062 3605 3104 certa

2028 3148 2184 3192 terrae
2212 3140 2385 3210 spatia
2413 3140 2582 3194 certis
2612 3141 2957 3208 portionibus
2986 3143 3200 3210 superis
3226 3143 3605 3197 circumscribi

2024 3230 2127 3300 (sic
2156 3238 2334 3285 autem
2368 3232 2652 3285 terrestria
2701 3233 2879 3286 forent
2913 3233 3121 3302 potiora
3165 3235 3500 3295 cmlestibus,
3533 3236 3606 3288 si-

2022 3322 2236 3390 quidem
2291 3321 2487 3376 horum
2540 3325 2865 3376 constitutio
2922 3339 2988 3377 ex
3035 3325 3248 3376 illormn
3292 3325 3608 3378 conditione

2024 3413 2328 3482 penderet),
2354 3422 2534 3468 tamen
2563 3416 2664 3468 hoc
2688 3431 2908 3485 quoque
2929 3425 3304 3486 argumentum
3331 3417 3606 3486 adjiciam,

2023 3520 2132 3573 quo
2169 3505 2344 3574 magis
2390 3506 2608 3560 illorum
2665 3508 2801 3560 falsa
2853 3507 3123 3562 refutetur
3163 3508 3369 3577 opinio.
3415 3523 3607 3563 omnes

2023 3597 2417 3666 prepemodum
2446 3606 2604 3651 terra:
2633 3608 2817 3667 partes
2857 3614 2886 3652 a
2920 3599 3406 3669 genteJuda-orum
3439 3601 3610 3654 fuisse

2025 3685 2318 3750 habitatas,
2354 3685 2668 3752 orientales,
2697 3690 2987 3754 australes,
3013 3689 3469 3754 mediterraneas,
3503 3704 3603 3742 oc-

2023 3775 2338 3839 cidentales,
2374 3779 2852 3844 septentrionales,
2912 3789 3102 3848 gentes
3157 3781 3392 3850 denique
3436 3781 3608 3834 ferme

2023 3883 2212 3922 omnes
2247 3869 2554 3936 promiscue
2586 3884 2711 3922 cum
2732 3869 2938 3926 Judaeis
2969 3872 3269 3928 habitasse.
3306 3873 3447 3939 Quid
3476 3888 3606 3940 ergo

2022 3967 2353 4020 causzeerat,
2376 3974 2474 4011 cur
2494 3961 2642 4012 nulla
2669 3961 2908 4014 siderum
2936 3965 3239 4017 necessitas
3268 3965 3323 4017 in
3364 3965 3475 4018 ullo
3511 3977 3607 4018 eo-

2025 4068 2144 4105 rum
2188 4052 2443 4110 valuerit.
2469 4059 2527 4105 ut
2559 4053 2871 4122 quempiam
2906 4055 3165 4122 gentilem
3205 4064 3492 4124 praestaret
3519 4056 3608 4108 in-

2023 4143 2295 4204 demnem,
2317 4143 2408 4196 sed
2433 4145 2682 4210 quamvis
2701 4145 2810 4198 sint
2827 4145 3053 4199 infinitae
3077 4146 3494 4215 conjunctiones
3511 4163 3605 4202 as-

2022 4242 2228 4288 trorum
2243 4235 2672 4304 diversamquulis
2685 4236 2916 4306 quisque
2932 4237 3070 4292 forte
3085 4237 3305 4292 fortuna
3322 4247 3481 4293 natus
3498 4250 3602 4306 est,

2023 4329 2146 4383 talis
2191 4343 2406 4396 semper
2422 4339 2590 4395 esset,
2614 4344 2676 4382 ac
2693 4330 2975 4398 praalinitis
3001 4330 3193 4385 diebus
3217 4331 3475 4384 damnum
3504 4347 3604 4385 na-

2023 4428 2145 4474 tura
2167 4421 2288 4489 ejus
2311 4420 2548 4476 faceret?
2568 4421 2678 4476 Hoc
2695 4422 2815 4474 loco
2835 4421 2944 4484 ille,
2967 4420 3217 4477 Nondum
3241 4423 3343 4477 ista
3363 4423 3604 4492 quidem,

2025 4513 2222 4581 inquit,
2242 4513 2382 4582 apud
2405 4527 2505 4567 nos
2520 4514 2802 4582 explorata
2827 4524 2974 4579 sunt,
2994 4529 3100 4584 qua
3125 4516 3336 4568 ratione
3354 4530 3442 4569 res
3461 4515 3606 4583 apud

340 4608 623 4678 διαφεύγει
673 4612 772 4680 τὴν
813 4611 876 4661 ἐκ
920 4609 1029 4662 τῶν
1079 4609 1295 4680 ἄστρων
1332 4609 1577 4678 ἀνάγκην
1618 4611 1684 4663 τὰ
1736 4611 1919 4680 νόμοις

2029 4604 2231 4658 nniltas
2263 4615 2452 4673 gentes
2498 4604 2710 4672 legibus
2748 4607 3062 4660 constitutae
3088 4605 3380 4659 imminens
3410 4621 3475 4660 ex
3515 4619 3604 4659 as—

343 4700 730 4770 κεκρατημένα
764 4701 915 4772 παρὰ
964 4701 1176 4764 πολλοῖς
1221 4702 1330 4754 τῶν
1386 4703 1552 4756 ἐθνῶν
1589 4717 1602 4732 ’
1653 4703 1686 4771 ἡ
1742 4704 1920 4772 μέντοι

341 4795 647 4864 πρόρρησις
693 4791 800 4845 τῶν
838 4793 1284 4864 ἀποϐησομένων,
1329 4795 1427 4846 οὐκ
1475 4793 1540 4846 ἂν
1590 4793 1784 4864 μικρὸν
1842 4795 1922 4857 εἰς

339 4883 621 4947 ἀπῶειξιν
654 4884 956 4954 νομισθείη,
1002 4884 1095 4936 τοῦ
1130 4886 1499 4955 ἀπαραϐἀτως
1553 4885 1696 4955 ἔχειν
1725 4887 1794 4938 τὰ
1828 4903 1922 4956 με-

346 4975 654 5043 μοιραμένα
711 4974 944 5042 ἑκάστῳ.
1015 4972 1138 5036 Πῶς
1190 4973 1299 5044 γὰρ
1347 4975 1375 5026 6
1422 4973 1589 5031 δεῖνα,
1637 4974 1786 5027 τόνδε
1831 4975 1921 5028 τὸν

341 5065 572 5134 ἀριθμὸν
615 5063 722 5116 τῶν
769 5064 904 5117 ἐτῶν
953 5063 1265 5134 βιοτεύσειν,
1317 5066 1410 5117 καὶ
1457 5066 1689 5119 τοιαῖσδε
1730 5083 1921 5119 συντυ-

343 5160 486 5222 χίαις
541 5154 679 5206 κατά
731 5155 821 5208 τὸν
876 5154 990 5224 βίον
1043 5156 1522 5225 συνενεχθήσεσθαι
1583 5157 1918 5229 προμαθὼν,

341 5244 401 5294 ού
434 5242 742 5313 διεψεύσθη,
769 5244 816 5294 εί
849 5246 921 5312 μή
953 5261 1036 5305 τις
1063 5244 1272 5313 ἀνάγκη
1311 5245 1452 5298 κατὰ
1481 5246 1541 5300 τὸ
1569 5247 1920 5318 ἀπαράϐατον

343 5335 537 5402 ἐκείνῳ
575 5352 632 5387 τε
669 5335 839 5387 ταῦτα
873 5335 1124 5403 γενέσθαι
1167 5337 1384 5398 πάντως
1418 5338 1716 5404 ἐπέκλωσε,
1756 5340 1832 5409 τῷ
1862 5357 1921 5393 τε

344 5426 764 5498 προαγορεύοντι
799 5426 885 5479 διὰ.
925 5428 1024 5496 τῆς
1066 5429 1224 5490 ποιᾶς
1263 5428 1370 5480 τῶν
1401 5431 1541 5482 κατά
1577 5429 1667 5481 τὸν
1696 5431 1928 5501 ἀριθμὸν

345 5520 800 5589 σεσημειωμένων
834 5527 1268 5593 παρατηρήσεως
1291 5522 1448 5593 δῆλον
1487 5523 1770 5593 ἐποίησεν;
1803 5523 1926 5592 Εγὼ

344 5610 400 5663 δὲ
432 5615 676 5680 κρεῖττον
703 5613 801 5683 μὲν
828 5614 961 5684 ἔφην
991 5617 1047 5666 ἐν
1072 5618 1182 5676 τοῖς
1214 5616 1473 5678 τοιούτοις
1497 5616 1671 5668 δοκεῖν
1691 5618 1925 5684 ἀγνοεῖν,

345 5699 379 5768 ἢ
427 5701 657 5767 γέλωτος
715 5703 964 5774 ἀφορμὴν
1023 5709 1320 5775 παρασχεῖν
1378 5709 1488 5769 τοῖς
1538 5706 1928 5780 ἁμαθεστέροις

346 5793 454 5845 τῶν
487 5795 765 5866 ἡμετέρων
799 5796 1079 5868 δογμάτων
1105 5814 1118 5826 ·
1162 5797 1300 5866 πλὴν
1331 5797 1463 5852 ἀλλὰ
1507 5799 1675 5870 μικρὰ
1708 5801 1923 5871 φροντί-

664 5893 935 5953 l’nrmL.
984 5892 1100 5952 (in.
1152 5894 1339 5960 XLV.

2032 4704 2133 4758 tris
2173 4703 2342 4756 fatum
2374 4703 2609 4771 evitent:
2651 4703 2961 4755 futurorum
2985 4711 3166 4756 tamen
3197 4701 3473 4771 pratdictio
3497 4717 3608 4755 ma-

2028 4809 2133 4862 gno
2154 4802 2474 4863 argumento
2502 4793 2684 4856 fuerit,
2721 4794 2890 4846 fatum
2923 4793 3191 4862 cujusque
3220 4808 3342 4847 esse
3373 4794 3606 4847 inevita-

2026 4886 2154 4942 bile.
2179 4884 2462 4951 Quomodo
2485 4885 2630 4939 enim
2656 4885 2928 4954 quispiam
2963 4901 3070 4939 nou
3089 4884 3228 4938 falso
3263 4886 3604 4953 praevideret,

2024 4989 2158 5048 quot
2182 4993 2355 5031 annos
2385 4977 2474 5032 hic
2507 4985 2600 5030 aut
2631 4978 2720 5032 ille
2747 4979 2819 5031 sit
2847 4978 3119 5038 victurus,
3155 4993 3386 5046 quasque
3416 4978 3462 5032 ei
3487 4979 3598 5032 sint

2029 5078 2314 5134 eventura,
2348 5069 2454 5123 nisi
2486 5069 2666 5138 aliqua
2713 5069 3017 5124 necessitas
3047 5079 3102 5123 et
3146 5070 3224 5123 illi
3254 5071 3367 5124 haec
3413 5071 3487 5122 ita
3523 5071 3605 5124 fu-

2028 5171 2151 5214 tura
2182 5161 2536 5225 decrevisset,
2582 5170 2641 5214 ut
2671 5177 2780 5214 non
2819 5163 3032 5231 possint
3066 5176 3172 5216 non
3209 5163 3343 5225 fieri,
3374 5169 3428 5216 et
3461 5178 3602 5232 pra:-

2030 5242 2306 5307 uuntianti
2356 5269 2453 5323 per
2499 5262 2706 5307 certam
2755 5269 3108 5308 numerorum
3163 5255 3603 5309 observationem

2031 5344 2208 5413 palam
2233 5344 2488 5399 fecisset?
2517 5345 2626 5414 Ego
2653 5360 2783 5398 vero
2809 5347 2982 5400 satius
3006 5361 3128 5400 csse
3157 5347 3387 5412 aiebam,
3412 5363 3501 5401 me
3527 5363 3608 5402 re-

2030 5453 2151 5490 rum
2184 5437 2560 5503 hujuscemodi
2587 5439 2834 5507 ignarum
2869 5439 3065 5500 videri,
3096 5455 3258 5508 quam
3291 5447 3604 5494 nostrorum

2031 5529 2344 5598 dogmatum
2399 5527 2715 5582 rudioribus
2764 5544 2954 5583 ansam
3009 5533 3251 5599 prmbere
3287 5531 3464 5597 risus;
3513 5545 3581 5585 ve

2031 5627 2337 5673 rumtamen
2368 5619 2630 5688 neglectis
2668 5635 2791 5689 quae
2833 5621 3062 5676 ridicule
3095 5621 3254 5676 nobis
3297 5621 3606 5692 objiceren-

2030 5721 2142 5775 tur,
2183 5727 2347 5781 quam
2381 5727 2598 5780 possem
2639 5715 2988 5784 paucissimis
3021 5730 3237 5770 omnem
3279 5731 3470 5768 earum
3521 5731 3609 5770 re-

2033 5819 2156 5858 rum
2190 5819 2412 5859 causam
2439 5806 2870 5875 complexurum.
2901 5807 3018 5872 Est,
3048 5808 3292 5877 inquam,
3325 5806 3606 5863 hominum

3155 5901 3193 5960 (i
