4066 6374
447 354 537 404 lTl

1689 365 1746 421 S.
1785 364 2109 421 GllEGORll
2149 365 2440 422 NYSSENI

3601 368 3706 422 ιη

443 472 629 544 generi
678 483 870 530 natura
926 477 1122 542 hostis,
1184 480 1265 533 vis
1307 479 1553 549 quaulam
1608 482 1763 538 bona:
1807 495 2018 539 naturte

2137 503 2220 548 τας
2249 485 2358 538 τῶν
2383 487 2439 538 ἐν
2463 485 2654 554 γέλωτι
2688 487 2754 540 τὰ
2786 486 2903 540 καθ’
2938 489 3082 556 ἡμᾶς
3124 486 3420 555 τιθεμένων
3445 525 3458 548 ,
3495 485 3560 540 δι’
3589 487 3705 540 ὀλί-

445 567 779 622 adversaria.
819 569 1005 638 Cujus
1060 572 1135 624 rei
1193 583 1450 626 sexcenta
1507 589 1680 641 eaque
1741 577 2010 629 evidentia

445 660 625 711 atferri
657 672 893 728 possunt
923 672 1261 733 argumenta,
1292 664 1384 719 sed
1417 681 1523 718 non
1559 668 1794 718 arbitror
1820 683 2011 720 Ilt‘Ct'S-

447 749 651 800 sarium
705 767 828 804 esse
879 752 930 804 in
979 755 1229 822 prmsenti
1286 756 1538 824 persequi
1586 757 1779 810 ordine
1833 759 2014 808 omnia

447 841 648 906 quibus
682 842 838 896 ﬁdem
881 844 1057 898 facere
1098 861 1315 914 queam.
1351 846 1485 900 Cum
1527 862 1656 915 ergo
1685 847 1880 900 divinae
1916 864 2015 900 na-

449 941 584 984 tura:
617 936 850 1000 quodvis
884 936 1083 988 bonum
1129 938 1243 990 sive
1277 938 1570 1006 cogitatum
1621 939 1736 992 sive
1767 939 2018 992 nomina-

449 1034 562 1077 tum
597 1030 908 1091 conveniat,
939 1045 967 1081 a
997 1046 1104 1099 qua
1140 1031 1507 1101 proﬁciscitur
1537 1031 1669 1093 vita,
1715 1033 1826 1090 lux.
1877 1033 2019 1084 veri-

451 1125 555 1182 tas,
601 1119 838 1186 justitia,
876 1122 1161 1189 sapientia,
1217 1124 1621 1186 immortalitas,
1671 1133 1723 1177 et
1755 1125 2016 1193 quidquid

446 1209 574 1261 boni
607 1209 903 1265 benevolus
927 1213 1144 1267 animus
1172 1221 1353 1283 potest
1382 1215 1707 1283 concipere:
1754 1231 1901 1279 cum,
1933 1219 2018 1270 in-

447 1315 636 1368 quam,
692 1302 816 1356 talis
863 1305 934 1356 sit
967 1304 1149 1357 divina
1195 1315 1412 1369 natura,
1456 1321 1519 1358 ac
1560 1307 1686 1358 talia
1732 1307 2016 1375 largiatur,

449 1391 817 1446 adversariam
845 1394 1137 1463 quamdam
1185 1397 1292 1448 vim
1324 1397 1501 1452 cuivis
1539 1397 1681 1450 bono
1713 1399 2017 1467 oppositam

441 1495 592 1542 esse,
623 1482 774 1534 omni
813 1499 874 1536 cx
905 1499 1104 1552 genere
1133 1485 1462 1554 colligimus.
1494 1487 1625 1552 Quae
1651 1490 1880 1556 proinde
1903 1490 2020 1541 loco

449 1571 572 1622 vita:
605 1583 857 1635 llIUl'lelll,
893 1576 1010 1626 loco
1036 1577 1284 1631 veritatis
1334 1577 1601 1640 fraudem,
1641 1580 1762 1632 loco
1795 1581 2021 1649 cujusli-

449 1666 540 1720 bet
603 1666 730 1720 boni
781 1669 1099 1735 oppositum
1158 1671 1358 1722 malum
1424 1671 1737 1726 hominibus
1784 1673 2018 1743 irrogat:

450 1759 654 1826 quippe
685 1758 772 1812 cui
828 1759 879 1812 id
917 1770 1130 1828 gratum
1183 1762 1272 1825 sit,
1327 1763 1468 1831 quod
1522 1773 1728 1818 natura:
1772 1765 2021 1818 humanm

2126 595 2257 643 γων,
2289 577 2364 640 ὡς
2401 577 2466 630 ἂν
2493 572 2604 640 οἷός
2627 594 2685 629 τε
2720 570 2785 642 ὦ,
2815 579 2994 630 πᾶσαν
3022 579 3118 648 τὴν
3147 577 3274 648 περὶ
3315 576 3502 629 τούτου
3533 578 3712 633 αἰτίαν

2126 670 2456 739 ἐκθήσομαι.
2484 671 2638 721 Ἐστι
2663 669 2739 738 τῷ
2768 669 2913 738 γένει
2963 671 3070 722 τῶν
3098 668 3399 739 ἀνθρώπων
3436 668 3575 722 κατὰ
3611 669 3712 738 φύ-

2126 777 2207 810 σιν
2242 760 2497 828 πολέμιος
2521 760 2748 829 δύναμίς
2791 778 2875 823 τις
2913 764 2975 812 ἐκ
3005 760 3112 812 τῶν
3147 760 3402 812 ἐναντίων
3434 761 3498 829 τῇ
3533 758 3708 830 ἀγαθῇ

2125 851 2282 916 φύσει
2321 850 2714 920 γινωσκομένη.
2759 851 2957 904 Τούτου
2997 851 3054 904 δὲ
3087 849 3283 921 μυρίας
3331 851 3430 920 μέν
3461 851 3576 902 ἐστι
3611 850 3712 914 τὰς

2125 941 2424 1006 ἀποδείξεις
2470 939 2530 1005 ἐξ
2575 942 2819 1011 ἐναργῶν
2862 943 3212 1012 παραστῆσαι
3247 941 3602 1013 πραγμάτων,
3635 941 3710 994 Ού

2129 1031 2234 1099 μὴν
2285 1033 2580 1099 ἀναγκαῖον
2625 1033 2865 1104 ἡγοῦμαι
2903 1033 2982 1102 τῷ
3032 1035 3259 1102 παρόντι
3311 1033 3484 1104 καιρῷ
3536 1032 3712 1086 πάντα

2127 1125 2266 1177 κατὰ
2315 1125 2374 1178 τὸ
2419 1126 2710 1179 ἀκόλουθον
2759 1126 3032 1191 διεξιέναι,
3083 1125 3150 1176 δι’
3201 1117 3275 1176 ὧν
3325 1123 3499 1176 ταῦτα
3538 1123 3712 1186 οὕτως

2125 1216 2268 1286 ἔχειν
2296 1217 2668 1270 πεπίστευται.
2698 1218 2808 1287 Τῆς
2834 1215 3008 1270 τοίνυν
3034 1215 3183 1278 Θείας
3208 1215 3421 1284 φύσεως
3459 1215 3515 1267 ἐν
3549 1213 3711 1266 παντὶ

2127 1308 2314 1378 ἁγαθῷ
2345 1310 2573 1378 νοήματί
2618 1327 2678 1361 τε
2721 1310 2815 1362 καὶ
2864 1308 3086 1378 ὀνόματι
3135 1306 3535 1378 θεωρουμένης,
3581 1307 3710 1376 παρ’

2125 1394 2191 1469 ἧς
2226 1401 2258 1468 ἡ
2300 1399 2434 1468 ζωὴ,
2458 1399 2518 1451 τὸ
2545 1399 2682 1467 φῶς,
2725 1401 2757 1469 ὴ
2787 1399 3030 1466 ἀλήθεια,
3063 1400 3121 1451 τὸ
3148 1398 3354 1452 δίκαιόν
3394 1414 3452 1450 τε
3501 1397 3592 1449 καὶ
3623 1413 3712 1449 σο-

2127 1490 2245 1558 φὸν,
2264 1491 2358 1542 καὶ
2377 1489 2666 1562 ἄφθαρτον,
2695 1491 2789 1544 κοιλ⁸
2816 1493 2923 1543 πᾶν
2953 1493 2981 1544 ὃ
3003 1490 3054 1542 τί
3082 1507 3187 1561 περ
3219 1489 3330 1542 ἔστι
3362 1488 3481 1542 κατ’
3507 1487 3712 1540 ἔννοιαν

2126 1579 2308 1632 λαϐεῖν
2340 1579 2560 1647 ἀγαθὸν,
2596 1581 2754 1634 τοῦτο
2789 1580 2954 1650 οὔσης
3001 1581 3093 1633 καὶ
3129 1580 3286 1633 τοῦτο
3318 1579 3704 1651 χαριζομένης,

2127 1672 2160 1740 ἡ
2195 1673 2256 1723 ἐκ
2301 1671 2406 1723 τῶν
2441 1672 2693 1724 ἐναντίων
2723 1672 3096 1744 γνωριζομένη
3128 1671 3355 1741 δύναμις
3393 1674 3456 1723 ἐκ
3495 1671 3711 1724 πάντων

2127 1761 2267 1814 κατὰ
2295 1761 2354 1814 τὸ
2380 1763 2746 1832 ἀντικείμενον
2776 1763 2986 1832 ἑκάστῳ
3019 1762 3124 1815 τῶν
3147 1761 3365 1829 ἀγαθῶν
3399 1760 3711 1836 θεωρουμέ-

450 1849 763 1904 exitiosum.
811 1848 915 1903 Sed
952 1853 1406 1920 quemadmodum
1451 1855 1542 1923 qui
1576 1857 1832 1909 veneﬁcia
1866 1873 2024 1912 exer-

2137 1869 2228 1905 νων
2263 1852 2756 1922 καταλαμϐάνεται.
2788 1853 2949 1904 Ὥστε
2991 1854 3111 1906 ἀντί
3145 1851 3241 1920 μὲν
3270 1850 3434 1921 ζωῆς,
3463 1851 3710 1910 θάνατον,

449 1949 600 2000 cent,
650 1941 810 1994 letale
839 1942 1193 2011 pbarmacum
1231 1945 1390 1998 melle
1439 1946 1675 2000 reddunt
1701 1947 1879 2009 dulte,
1915 1965 2024 2002 non

451 2046 519 2084 co
571 2033 754 2087 animo
790 2043 846 2085 ut
891 2035 1228 2089 comedentis
1275 2045 1551 2105 gustatum
1599 2039 1889 2102 oblectent,
1931 2039 2026 2093 sed

454 2138 522 2177 ne
549 2123 710 2177 letale
739 2140 861 2178 esse
889 2127 1161 2181 sentiatur
1189 2145 1202 2183 :
1253 2130 1330 2182 sic
1363 2130 1642 2184 mortifera
1683 2131 1770 2183 illa
1810 2141 2022 2190 natura.

454 2232 576 2269 cum
601 2215 654 2269 in
683 2217 866 2270 animo
891 2218 1106 2282 habeat,
1138 2221 1410 2275 hominem
1434 2221 1713 2288 inducere,
1743 2231 1799 2276 ut
1824 2239 1854 2275 a
1887 2223 2026 2276 bona

454 2315 653 2359 natura
684 2309 980 2372 desciscat,
1031 2310 1296 2364 bonarum
1342 2328 1524 2366 rerum
1575 2313 1780 2368 formas
1828 2313 2025 2377 induit,

456 2414 520 2452 ac
553 2400 772 2455 fraudes
811 2402 972 2471 tegit:
1012 2411 1068 2455 ut
1105 2404 1286 2459 miseri
1327 2407 1586 2460 mortales
1619 2407 1684 2460 ad
1726 2407 1776 2460 id
1811 2408 2025 2471 intenti,

457 2489 620 2558 idque
650 2491 852 2544 bonum
898 2508 1019 2546 esse
1061 2495 1189 2558 rati,
1226 2497 1372 2549 illius
1399 2499 1545 2566 quod
1593 2507 1783 2552 natura
1827 2499 2028 2552 bonum

454 2594 562 2644 est.
596 2585 869 2641 desiderio
903 2603 969 2641 ne.
1000 2596 1309 2644 teneantur.
1353 2591 1638 2657 Quomodo
1669 2606 1849 2649 autem
1885 2596 2030 2650 acci-

456 2677 554 2740 dit,
591 2680 807 2746 utquis
844 2697 938 2749 per
971 2681 1215 2736 fraudem
1271 2684 1506 2753 aliquam
1557 2701 1616 2738 se
1655 2685 1826 2739 futuri
1874 2688 2031 2755 quid-

459 2768 601 2835 piam
649 2770 970 2837 proﬁteatur
1008 2771 1432 2840 prazdicturum:
1489 2773 1569 2828 sic
1613 2783 1665 2828 et
1695 2773 2028 2828 fraudulenti

458 2860 731 2914 diemones
765 2861 965 2914 faciunt
997 2863 1049 2916 in
1089 2863 1292 2931 jecoris
1328 2865 1808 2934 contemplatione,
1845 2866 1898 2918 in
1935 2882 2032 2919 au-

458 2952 652 3019 guriis,
677 2955 730 3005 in
755 2953 1051 3021 ominibus,
1081 2954 1133 3008 in
1167 2956 1407 3008 manium
1435 2957 1788 3016 evocatione,
1813 2957 1868 3011 in
1900 2959 2033 3011 vati-

459 3042 622 3096 ciniis
661 3058 725 3096 ex
756 3043 922 3094 natali
959 3044 1166 3111 petitis,
1208 3059 1330 3096 cum
1359 3046 1638 3112 quodlibet
1683 3046 1878 3100 horum
1923 3063 2030 3101 non

459 3129 649 3183 eodem
709 3131 802 3184 sed
850 3131 1068 3186 diverso
1117 3134 1279 3187 modo
1336 3134 1576 3188 futurum
1628 3138 2032 3207 przcsigniﬁcet.

461 3219 646 3289 Itaque
677 3233 734 3274 ut
763 3222 854 3289 qui
890 3237 954 3275 ex
990 3223 1234 3290 inspecto
1259 3222 1462 3290 jecorc,
1493 3233 1586 3278 aut
1607 3241 1669 3278 ex
1696 3227 1879 3280 omine
1907 3241 2034 3295 quo-

461 3309 606 3377 piam
644 3308 939 3378 conjectat,
976 3319 1069 3363 aut
1110 3327 1175 3365 ex
1207 3320 1429 3380 aspectu
1459 3315 1694 3368 volantis
1727 3317 1868 3380 avis,
1924 3333 2034 3371 non

463 3416 558 3470 per
611 3401 707 3454 fati
765 3403 1148 3457 necessitatem
1209 3419 1270 3459 ea
1328 3421 1386 3459 se
1460 3405 1752 3474 praedicere
1814 3408 2036 3476 pollice-

461 3503 582 3545 tur:
616 3493 688 3545 ita
713 3508 835 3546 cum
863 3493 1092 3562 hujusce
1124 3496 1531 3550 vaticinationis
1561 3499 1630 3551 sit
1660 3501 1818 3553 unica
1845 3515 2032 3563 causa,

463 3583 613 3639 fraus
635 3583 884 3639 videlicet
912 3594 964 3640 et
999 3602 1160 3656 opera
1188 3588 1516 3653 daemonum,
1552 3593 1806 3660 quoniam
1834 3595 2035 3662 aliquid

462 3675 887 3744 praanuntiatum
925 3677 1220 3746 aliquando
1270 3680 1572 3748 perfectum
1623 3693 1704 3736 est
1740 3684 1814 3749 (si
1858 3694 2036 3738 tamen

461 3768 688 3821 omnino
721 3769 1022 3838 perfectum
1056 3771 1194 3838 est),
1234 3788 1342 3825 non
1394 3775 1656 3826 continuo
1697 3774 1790 3828 fati
1827 3777 1908 3830 vis
1940 3775 2036 3829 de-

463 3868 823 3923 monstratur,
855 3862 979 3930 quia
1009 3878 1172 3916 omne
1201 3863 1605 3918 vaticinationis
1636 3881 1806 3934 genus
1843 3866 2040 3920 habere

463 3951 572 4004 vim
607 3966 760 4006 suam
799 3968 864 4005 ex
910 3951 1022 4005 fato
1053 3953 1175 4019 jure
1209 3955 1502 4006 diceretur.
1548 3954 1639 4007 Sic
1672 3970 1836 4008 unum
1870 3956 2037 4008 l'atum

463 4051 609 4096 esset
637 4043 932 4105 somnium,
970 4044 1115 4097 aliud
1149 4061 1212 4098 cx
1258 4045 1631 4113 palpitatione,
1669 4046 1812 4099 aliud
1843 4063 1907 4099 ex
1942 4063 2041 4099 au-

463 4134 657 4203 guriis,
696 4135 778 4187 vel
811 4134 1107 4201 ominibus,
1137 4138 1221 4190 Vel
1257 4138 1584 4205 quibusdam
1612 4139 1873 4208 symbolis
1911 4155 2042 4194 cun-

464 4231 656 4278 staret.
715 4223 871 4289 Quod
929 4226 974 4280 si
1034 4226 1089 4279 in
1141 4227 1226 4281 bis
1259 4229 1394 4281 nihil
1426 4229 1675 4298 prohibet
1719 4245 1828 4298 quo
1863 4231 2042 4284 minus

468 4318 784 4371 vaticinatio
807 4319 877 4372 sit
909 4319 1029 4373 sine
1055 4318 1198 4385 fato;
1235 4336 1411 4390 neque
1443 4322 1487 4375 si
1516 4323 1605 4390 qui
1641 4321 1851 4376 fortuiti
1881 4339 2044 4378 even—

469 4418 556 4463 tus
588 4425 712 4463 cum
747 4409 1102 4479 prmdictione
1139 4413 1505 4472 consentiant.
1541 4415 1676 4467 satis
1708 4415 1760 4468 id
1791 4414 1957 4469 fuerit
1988 4423 2045 4468 ut

2127 1944 2246 1996 ἀντὶ
2265 1944 2318 1997 δὲ
2343 1944 2616 2015 ἀληθείας,
2640 1945 2872 2014 ἀπάτην,
2895 1944 2988 1997 καὶ
3011 1945 3126 1997 ἀνθ’
3144 1943 3372 1996 ἑκάστου
3395 1941 3502 1994 τῶν
3525 1941 3716 2010 βελτιό-

2127 2057 2252 2101 νων,
2277 2039 2373 2110 τὴν
2418 2039 2982 2110 ἀντιδιαστελλομένην
3006 2038 3202 2092 κακίαν
3231 2040 3358 2107 παρ’
3386 2038 3568 2099 αὐτοῖς
3606 2037 3715 2097 τοῖς

2127 2128 2432 2199 ἀνθρώποις
2468 2129 2802 2198 ἐπάγεσθαιο
2845 2125 2983 2182 εἶναι
3025 2129 3131 2199 γὰρ
3174 2129 3310 2197 αὐτῇ
3345 2126 3502 2178 τοῦτο
3543 2124 3713 2193 φίλον,

2127 2222 2264 2291 ὅπερ
2292 2219 2357 2273 ἂν
2381 2223 2448 2291 τῇ
2479 2220 2636 2289 φύσει
2667 2223 2778 2283 τοῖς
2815 2219 3120 2291 ἀνθρώποις
3151 2220 3238 2271 ἐπ’
3261 2217 3466 2287 ὀλέθρῳ
3487 2217 3714 2284 γίνεται.

2130 2313 2340 2382 Ὠσπερ
2391 2312 2446 2364 δὲ
2495 2313 2543 2364 οί
2597 2311 2683 2364 διὰ
2727 2311 2838 2364 τῶν
2889 2309 3226 2382 δηλητηρίων
3275 2307 3715 2368 κακοποιοῦντες,

2128 2401 2386 2465 πολλάκις
2407 2403 2500 2455 καὶ
2529 2401 2704 2471 μέλιτι
2733 2403 2794 2454 τὸ
2813 2401 3031 2472 φθεῖρον
3061 2399 3379 2468 ἐφηδύνουσι
3403 2397 3714 2468 φάρμακον,

2127 2494 2226 2546 ούκ
2273 2495 2535 2564 εὐφρᾶναι
2582 2496 2646 2564 τῇ
2688 2492 2872 2560 γεύσει
2929 2492 3018 2544 τὸν
3062 2490 3426 2561 βλαπτόμενον
3481 2487 3718 2558 σπουδὴν

2130 2584 2460 2654 ποιούμενοι,
2500 2584 2613 2638 ἀλλ’
2643 2584 2904 2653 ἐκκλέψαι
2932 2584 3028 2653 τὴν
3063 2583 3157 2636 τοῦ
3189 2582 3496 2653 φθείροντος
3527 2579 3719 2648 αἴσθη-

2133 2694 2252 2730 σιν·
2303 2676 2444 2730 οὕτω
2498 2678 2591 2730 καὶ
2635 2679 2668 2745 ἡ
2725 2674 3046 2746 φθοροποιὸς
3104 2673 3242 2743 αῦτη
3294 2673 3472 2741 φύσις,
3521 2670 3720 2722 σκοπὸν

2132 2767 2328 2836 ἔχουσα
2373 2765 2475 2835 τῆς
2526 2765 2733 2835 ἀγαθῆς
2777 2765 2989 2834 φύσεως
3035 2763 3339 2832 ἀποστῆσαι
3381 2762 3472 2814 τὸν
3517 2759 3723 2834 ἄνθρω-

2133 2875 2255 2918 πον,
2288 2855 2508 2924 ἀγαθῶν
2553 2874 2714 2909 τινων
2765 2857 3105 2926 πραγμάτων
3154 2854 3367 2926 μορφὰς
3409 2851 3722 2911 ὑποδύεται,

2135 2947 2470 3020 προρρἡεσί
2519 2966 2628 3002 τισι
2679 2949 2773 3002 καὶ
2823 2949 3086 3018 ίατρείαις
3137 2947 3227 2999 τὺν
3273 2943 3722 3015 ἐγκεκρυμμένον

2134 3042 2233 3108 τῆς
2260 3042 2473 3112 ἀπάτης
2500 3041 2655 3108 λόγον
2687 3041 3148 3094 ἐπικαλύπτουσαο
3177 3039 3252 3102 ὡς
3279 3037 3344 3092 ἂν
3367 3037 3535 3106 τούτῳ
3559 3051 3725 3106 προσ-

2138 3131 2350 3200 έχοντες
2384 3131 2444 3183 τὺ
2481 3129 2708 3183 δείλαιον
2756 3129 2865 3183 τῶν
2910 3128 3211 3201 ἀνθρώπων
3243 3129 3419 3197 γένος,
3466 3125 3622 3179 τοῦτό
3663 3141 3724 3176 τε

2139 3222 2448 3292 νομίζοντες
2471 3220 2673 3290 ἀγαθὸν
2701 3217 2859 3282 εἶναι,
2882 3221 2975 3274 τοῦ
3020 3221 3188 3284 ὅντως
3225 3219 3366 3274 κατά
3392 3219 3550 3288 φύσιν
3586 3219 3726 3285 ἀγα-

2137 3313 2230 3366 θοῦ
2263 3314 2530 3384 μηδεμίαν
2569 3313 2740 3384 ἔχοιεν
2771 3312 3082 3381 ἐπιθυμίαν.
3129 3312 3228 3365 Διά
3269 3329 3350 3365 τοι
3381 3310 3538 3363 τοῦτο
3563 3307 3727 3362 καθά-

2139 3419 2240 3471 περ
2264 3403 2328 3455 ἄν
2356 3418 2441 3464 τις
2473 3401 2832 3470 προγνώσεως
2857 3397 2994 3464 εἶδος
3036 3397 3136 3454 διά’
3159 3417 3302 3464 τινος
3341 3401 3553 3467 ἀπάτης
3591 3413 3725 3468 προ-

2138 3493 2460 3564 ειλημμένος
2493 3493 2652 3563 τύχῃ,
2674 3493 2791 3547 κατ’
2812 3496 2986 3548 ἐκεῖνο
3009 3493 3102 3546 καὶ
3125 3495 3158 3564 ἡ
3192 3491 3441 3562 ἀπατηλὴ
3467 3490 3571 3544 τῶν
3613 3489 3727 3542 δαι-

2142 3586 2315 3654 μόνων
2341 3587 2612 3654 ὑπήκουσε
2635 3585 2877 3654 δύναμις,
2901 3587 2958 3637 ἐν
2987 3583 3417 3655 ἡπατοσκοπίαις
3449 3582 3539 3635 καὶ
3562 3583 3728 3633 οἰωνι-

2141 3680 2313 3745 σμοῖς,
2348 3679 2404 3730 ἐν
2437 3676 2705 3746 κληδόσιν,
2751 3677 2809 3728 ἐν
2845 3677 3087 3737 νεκυίαις
3128 3677 3185 3728 ἐν
3239 3671 3722 3742 γενεθλιαλογίαιςο

2140 3767 2365 3821 ἑκάστου
2398 3768 2622 3832 τούτων,
2656 3765 2819 3839 [ἀλλ’]
2867 3768 2927 3820 ού
2965 3767 3105 3820 κατὰ
3153 3766 3246 3819 τὸν
3294 3765 3455 3819 αὐτὸν
3507 3763 3726 3835 τρόπον,

2140 3859 2276 3913 ἀλλὰ
2296 3859 2564 3930 διαφόρως
2582 3860 2644 3912 τὸ
2670 3858 2862 3930 ἐφεξῆς
2889 3858 3528 3930 προμηνύοντος.Ὤσπερ
3548 3855 3725 3908 τοίνυν

2141 3954 2169 4004 ὁ
2197 3952 2274 4021 τῷ
2299 3952 2469 4020 ἥπατι
2509 3952 2569 4004 τὸ
2610 3952 2801 4022 μέλλον
2835 3951 3225 4022 διασημαίνων,
3258 3953 3286 4002 ὁ
3313 3949 3403 4001 διά
3431 3963 3572 4009 τινος
3601 3947 3728 4014 κλη·

2141 4043 2288 4104 δόνος
2324 4043 2655 4114 προεικὰσας
2692 4044 2754 4096 τὸ
2801 4044 3076 4114 ἐσόμενον,
3109 4042 3141 4114 ἢ
3177 4045 3206 4096 ὁ
3245 4041 3376 4113 πρὸς
3403 4041 3502 4110 τὴν
3532 4039 3730 4108 πτῆσιν

2141 4137 2234 4190 τοῦ
2269 4137 2458 4190 οἰωνοῦ
2497 4137 2729 4206 βλέπων,
2751 4138 2812 4190 ού
2839 4139 2904 4208 τῇ
2935 4137 3032 4207 τῆς
3057 4135 3395 4206 εἱμαρμένης
3425 4135 3636 4202 ἀνάγκῃ
3661 4131 3729 4184 τὰ

2143 4231 2366 4284 τοιαῦτα
2413 4229 2806 4302 προαγορεύειν
2856 4227 3388 4297 κατεπαγγέλλεταιο
3437 4225 3529 4277 τὸν
3568 4222 3731 4276 αὑτὸν

2143 4321 2342 4389 τρόπον
2380 4322 2508 4391 μιᾶς
2561 4318 2727 4388 οὔσης
2776 4319 2974 4381 αἰτίας,
3018 4316 3202 4379 καθὼς
3249 4317 3482 4387 εἴρηται,
3524 4315 3622 4384 τῆς
3668 4311 3732 4364 τδ

2145 4412 2355 4463 τοιοῦτο
2401 4411 2500 4481 τῆς
2549 4413 2905 4482 προρρήσεως
2947 4403 3084 4472 εἶδος
3140 4407 3447 4479 μετιούσης,
3495 4406 3635 4473 λέγω
3672 4403 3728 4456 δέ

465 4501 749 4570 probetur,
805 4518 912 4556 non
958 4503 1117 4557 facile
1174 4505 1298 4557 talia
1341 4505 1675 4574 contingere.
1719 4507 2032 4576 Quanquam

2147 4503 2246 4571 τῆς
2292 4501 2435 4555 κατὰ
2477 4502 2575 4573 τὴν
2619 4501 2900 4571 ἀπατηλὴν
2945 4499 3052 4553 τῶν
3091 4499 3360 4570 δαιμόνων
3417 4499 3726 4568 ἐνέργειαν

467 4608 644 4662 neque
665 4601 826 4647 certae
850 4603 902 4648 et
938 4595 1257 4650 indubitatae
1279 4596 1640 4651 divinationes
1663 4606 1790 4652 sunt
1826 4613 2041 4662 eorum,

467 4685 560 4752 qui
579 4699 697 4738 eam
721 4693 892 4739 artem
913 4686 1255 4754 proﬁtentur,
1275 4687 1368 4742 sed
1388 4688 1556 4741 multa
1582 4689 1682 4742 sibi
1703 4688 1899 4758 etfugia
1920 4706 2045 4760 pro-

469 4775 673 4840 vident,
707 4786 766 4829 ut
787 4777 832 4830 si
873 4779 1184 4833 contrarius
1223 4789 1452 4834 eventus
1485 4780 1738 4835 vanitatis
1764 4796 1860 4836 eos
1891 4796 2047 4835 coar-

467 4876 618 4936 guat,
678 4867 892 4935 possint
944 4869 1198 4932 evadere,
1257 4870 1486 4939 prolatis
1544 4872 1848 4927 rationibus
1909 4889 2048 4941 quas

469 4961 939 5027 praemeditantur.
989 4961 1065 5015 Ex
1099 4977 1209 5031 quo
1249 4961 1491 5016 efﬁcitur
1537 4979 1715 5032 neque
1762 4965 2046 5018 scientiam

468 5068 661 5107 eorum
695 5055 856 5106 ullam
890 5070 1032 5117 esse,
1067 5056 1175 5110 nisi
1204 5064 1264 5108 ut
1293 5056 1346 5108 in
1375 5071 1498 5109 eum
1528 5057 1620 5126 qui
1652 5057 1706 5110 in
1739 5057 1870 5110 hora
1903 5057 2048 5110 indi-

469 5144 643 5197 canda
672 5147 962 5205 erraverit,
997 5147 1214 5214 culpam
1249 5146 1538 5200 conferant
1572 5148 1800 5212 erroris,
1860 5147 2049 5217 sicque

472 5237 855 5306 praedictiones
907 5239 1161 5307 ambigue
1192 5248 1245 5292 et
1288 5241 1340 5292 in
1380 5248 1671 5308 utramque
1701 5248 1910 5310 partem
1953 5255 2051 5308 pa-

469 5337 618 5381 ratas
650 5329 961 5389 instituant.
996 5338 1053 5382 ut
1081 5329 1348 5399 quidquid
1370 5332 1628 5394 evenerit,
1657 5331 1706 5384 id
1732 5331 2048 5400 praedictum

470 5433 593 5470 esse
623 5419 887 5473 videatur.
942 5419 1097 5490 Stepe
1140 5421 1284 5474 enim
1319 5421 1582 5474 eximium
1617 5421 1746 5490 quid
1791 5431 1845 5476 et
1883 5437 2050 5491 supra

472 5509 610 5562 alios
638 5519 959 5563 eventurum
1003 5511 1164 5564 alicui
1199 5512 1449 5579 praedixit
1486 5513 1532 5565 is
1566 5517 1655 5580 qui
1687 5513 1875 5566 horam
1910 5514 2052 5566 nati-

473 5599 659 5652 vitatis
692 5601 1096 5654 consideravit:
1143 5601 1338 5656 deinde
1367 5613 1547 5654 autem
1580 5617 1704 5655 cum
1750 5602 1838 5655 ille
1876 5603 1928 5655 in
1957 5618 2052 5656 ex-

473 5697 645 5742 trema
674 5693 813 5744 mala
858 5707 921 5745 ac
967 5693 1306 5748 calamitates
1350 5709 1460 5746 non
1491 5693 1741 5761 vulgares
1775 5693 2046 5759 inciderit,

474 5796 582 5834 non
620 5797 677 5835 se
723 5781 1006 5838 aberrasse
1049 5798 1076 5836 a
1125 5784 1476 5852 praedictione
1528 5783 1809 5839 allirmavit
1862 5793 2046 5852 vates;

2147 4595 2247 4646 οὐκ
2292 4593 2476 4664 ἐπειδή
2522 4593 2650 4645 ποτέ
2687 4610 2738 4646 τι
2778 4591 2918 4646 κατά
2960 4592 3024 4644 τὸ
3067 4591 3280 4662 συμϐὰν
3320 4588 3583 4659 ἐπετέχθη
3620 4587 3729 4642 τῶν

2147 4682 2450 4752 εἰρημένων
2477 4683 2665 4756 (εἴπερ
2690 4682 2753 4753 δὴ
2786 4682 2921 4744 ὅλως
2956 4680 3054 4752 μὲν
3082 4679 3404 4756 ἐπετέχθη),
3428 4678 3514 4731 διὰ
3543 4677 3728 4731 τούτου

2147 4775 2180 4842 ἡ
2221 4775 2317 4843 τῆς
2370 4773 2707 4845 εἱμαρμένης
2753 4773 3132 4826 ἀποδείκνυται
3175 4772 3424 4842 δύναμις,
3469 4771 3588 4824 ἐπεὶ
3623 4771 3730 4823 πᾶν

2150 4866 2504 4936 προρρήσεως
2553 4861 2712 4928 εἶδος,
2765 4864 2986 4927 εἰκότως
3041 4864 3105 4918 ἂν
3153 4864 3212 4930 ἐξ
3260 4863 3594 4934 εἱμαρμένης
3631 4863 3730 4932 τὴν

2153 4957 2302 5026 ἰσχὺν
2354 4956 2497 5026 ἔχειν
2543 4944 3014 5021 κατασκευάζοιτοξ
3053 4958 3216 5011 ’Ὥστε
3261 4960 3394 5028 ἡμῖν
3445 4959 3573 5026 μίαν
3631 4958 3732 5028 μὲν

2150 5047 2488 5118 εἱμαρμένην
2519 5043 2656 5101 εἶναι
2684 5048 2774 5100 τὸν
2799 5047 3004 5119 ὄνειρον
3026 5064 3039 5077 ⁸
3067 5049 3257 5119 ἐτέραν
3284 5048 3340 5102 δὲ
3368 5049 3466 5120 τὴν
3498 5053 3560 5102 ἐκ
3600 5051 3734 5103 παλ-

2152 5139 2265 5209 μῶν
2299 5140 2709 5211 παρατήρησινο
2741 5139 2905 5210 ἄλλην
2937 5139 3013 5204 δὲ,
3049 5140 3107 5206 ἐξ
3153 5141 3474 5211 οἰωνισμῶν,
3520 5141 3552 5211 ἢ
3603 5141 3734 5212 κλη-

2149 5232 2333 5295 δόνων,
2365 5233 2399 5302 ἦ
2431 5249 2590 5284 τινων
2628 5232 2908 5303 συμϐόλων
2943 5232 3357 5303 συνισταμένην.
3391 5234 3453 5286 ΕΞ
3501 5217 3555 5286 δέ
3584 5234 3732 5286 οὐδὲν

2151 5327 2236 5377 ἐπ’
2267 5325 2489 5376 ἐκείνων
2527 5323 2724 5376 κωλύει
2771 5325 2864 5378 καὶ
2903 5325 3204 5395 πρόρρησιν
3233 5321 3371 5378 εἶναι
3411 5327 3502 5378 καὶ
3535 5329 3732 5397 εἱμαρ-

2155 5415 2320 5485 μένην
2354 5416 2427 5486 μὴ
2454 5410 2592 5467 εἶναι
2617 5433 2629 5445 ·
2661 5415 2779 5468 ούδέ
2807 5415 2961 5478 εἴτις
2986 5415 3044 5480 ἐξ
3071 5416 3302 5487 ἀριθμοῦ
3329 5419 3441 5479 τοῖς
3467 5416 3736 5484 γενεθλια-

2150 5507 2398 5575 λογοῦσιν
2437 5507 2733 5578 ἐπετεύχθη
2769 5509 3089 5580 πρόρρησις,
3139 5508 3381 5580 ἀρκοῦσα
3425 5509 3634 5574 γένοιτο
3671 5507 3735 5562 ἂν

2153 5602 2333 5662 πίστις
2369 5599 2447 5662 είς
2473 5599 2532 5652 τὸ
2574 5600 2649 5670 μὴ
2683 5601 2878 5671 ῥᾳδίως
2909 5602 2975 5654 τὰ
3001 5601 3227 5655 τοιαῦτα
3259 5598 3730 5669 ἐπιτυγχάνεσθαι.

2155 5693 2345 5744 Καίτοι
2383 5707 2445 5758 γε
2491 5690 2614 5744 οὔτε
2647 5693 2891 5764 ἀκριϐεῖς
2938 5712 2996 5746 τε
3042 5695 3136 5746 καὶ
3181 5693 3535 5764 ἀναμφίϐολοι
3585 5691 3734 5762 παρὰ

2152 5784 2260 5837 τῶν
2291 5782 2356 5835 τά
2391 5783 2611 5837 τοιαῦτα
2645 5785 3122 5857 ἐπαγγελλομένων
3156 5788 3210 5839 αί
3243 5785 3611 5858 προμηνύσεις
3646 5783 3734 5850 γί-
