  <div class='ocr_page' id='page_1' title='image "/cluster/home/n/w/nwhite01/storage/ocr_20150623/45/nnc1.0046978445/096.png"; bbox 0 0 4066 6374; ppageno 0'>
   <div class='ocr_carea' id='block_1_1' title="bbox 295 407 418 462">
    <p class='ocr_par' dir='ltr' id='par_1_1' title="bbox 295 407 418 462">
     <span class='ocr_line' id='line_1_1' title="bbox 295 407 418 462; baseline 0 -2"><span class='ocrx_word' id='word_1_1' title='bbox 295 407 418 462; x_wconf 73' lang='lat'><strong>.173</strong></span> 
     </span>
    </p>
   </div>
   <div class='ocr_carea' id='block_1_2' title="bbox 1637 405 2224 466">
    <p class='ocr_par' dir='ltr' id='par_1_2' title="bbox 1637 405 2224 466">
     <span class='ocr_line' id='line_1_2' title="bbox 1637 405 2224 466; baseline -0.007 0"><span class='ocrx_word' id='word_1_2' title='bbox 1637 409 1918 466; x_wconf 68' lang='lat' dir='ltr'>CONTRA</span> <span class='ocrx_word' id='word_1_3' title='bbox 1963 405 2224 464; x_wconf 75' lang='lat' dir='ltr'><strong>FATUM.</strong></span> 
     </span>
    </p>
   </div>
   <div class='ocr_carea' id='block_1_3' title="bbox 3465 408 3569 464">
    <p class='ocr_par' dir='ltr' id='par_1_3' title="bbox 3465 408 3569 464">
     <span class='ocr_line' id='line_1_3' title="bbox 3465 408 3569 464; baseline 0.019 -2"><span class='ocrx_word' id='word_1_4' title='bbox 3465 408 3569 464; x_wconf 61' lang='lat'>174</span> 
     </span>
    </p>
   </div>
   <div class='ocr_carea' id='block_1_4' title="bbox 319 520 1898 595">
    <p class='ocr_par' dir='ltr' id='par_1_4' title="bbox 319 521 1888 593">
     <span class='ocr_line' id='line_1_4' title="bbox 319 521 1888 593; baseline -0.001 -17"><span class='ocrx_word' id='word_1_5' title='bbox 319 540 489 578; x_wconf 88' lang='grc' dir='ltr'>νονται</span> <span class='ocrx_word' id='word_1_6' title='bbox 511 563 528 589; x_wconf 95' lang='grc'>,</span> <span class='ocrx_word' id='word_1_7' title='bbox 585 523 719 577; x_wconf 81' lang='grc' dir='ltr'>ἀλλά</span> <span class='ocrx_word' id='word_1_8' title='bbox 774 521 972 586; x_wconf 81' lang='grc' dir='ltr'>πολλὰς</span> <span class='ocrx_word' id='word_1_9' title='bbox 1019 521 1230 586; x_wconf 78' lang='grc' dir='ltr'>ἑαυτοῖς</span> <span class='ocrx_word' id='word_1_10' title='bbox 1285 523 1658 593; x_wconf 75' lang='grc' dir='ltr'>ἀναχωρήσεις</span> <span class='ocrx_word' id='word_1_11' title='bbox 1712 538 1888 592; x_wconf 87' lang='grc' dir='ltr'>παρα-</span> 
     </span>
    </p>
   </div>
   <div class='ocr_carea' id='block_1_5' title="bbox 2002 520 3564 595">
    <p class='ocr_par' dir='ltr' id='par_1_5' title="bbox 2002 520 3564 595">
     <span class='ocr_line' id='line_1_5' title="bbox 2002 520 3564 595; baseline 0.003 -20"><span class='ocrx_word' id='word_1_12' title='bbox 2002 539 2116 577; x_wconf 83' lang='lat' dir='ltr'>nam</span> <span class='ocrx_word' id='word_1_13' title='bbox 2149 525 2201 578; x_wconf 94' lang='lat' dir='ltr'><strong>id</strong></span> <span class='ocrx_word' id='word_1_14' title='bbox 2231 524 2384 595; x_wconf 83' lang='lat' dir='ltr'><strong>quod</strong></span> <span class='ocrx_word' id='word_1_15' title='bbox 2423 522 2636 594; x_wconf 85' lang='lat' dir='ltr'>insigne</span> <span class='ocrx_word' id='word_1_16' title='bbox 2669 520 2912 576; x_wconf 86' lang='lat' dir='ltr'><strong>futurum</strong></span> <span class='ocrx_word' id='word_1_17' title='bbox 2960 530 3076 577; x_wconf 84' lang='lat' dir='ltr'><strong>erat</strong></span> <span class='ocrx_word' id='word_1_18' title='bbox 3119 530 3172 578; x_wconf 89' lang='lat' dir='ltr'>et</span> <span class='ocrx_word' id='word_1_19' title='bbox 3206 538 3372 594; x_wconf 85' lang='lat' dir='ltr'>supra</span> <span class='ocrx_word' id='word_1_20' title='bbox 3406 525 3564 590; x_wconf 87' lang='lat' dir='ltr'><strong>alios,</strong></span> 
     </span>
    </p>
   </div>
   <div class='ocr_carea' id='block_1_6' title="bbox 321 613 1896 685">
    <p class='ocr_par' dir='ltr' id='par_1_6' title="bbox 321 613 1896 685">
     <span class='ocr_line' id='line_1_6' title="bbox 321 613 1896 685; baseline 0.001 -20"><span class='ocrx_word' id='word_1_21' title='bbox 321 615 666 677; x_wconf 55' lang='grc' dir='ltr'>σκευῆουσιν</span> <span class='ocrx_word' id='word_1_22' title='bbox 715 615 808 666; x_wconf 69' lang='grc' dir='ltr'>ἐπὶ</span> <span class='ocrx_word' id='word_1_23' title='bbox 845 617 909 684; x_wconf 82' lang='grc' dir='ltr'>τῇ</span> <span class='ocrx_word' id='word_1_24' title='bbox 955 614 1199 678; x_wconf 78' lang='grc' dir='ltr'>ἐκϐάσει,</span> <span class='ocrx_word' id='word_1_25' title='bbox 1247 617 1296 668; x_wconf 89' lang='grc' dir='ltr'>εἰ</span> <span class='ocrx_word' id='word_1_26' title='bbox 1341 615 1480 685; x_wconf 75' lang='grc' dir='ltr'>πρὸς</span> <span class='ocrx_word' id='word_1_27' title='bbox 1525 613 1832 666; x_wconf 77' lang='grc' dir='ltr'>τούναντίον</span> <span class='ocrx_word' id='word_1_28' title='bbox 1868 615 1896 666; x_wconf 84' lang='grc' dir='ltr'>ὁ</span> 
     </span>
    </p>
   </div>
   <div class='ocr_carea' id='block_1_7' title="bbox 319 705 1896 776">
    <p class='ocr_par' dir='ltr' id='par_1_7' title="bbox 319 705 1896 776">
     <span class='ocr_line' id='line_1_7' title="bbox 319 705 1896 776; baseline -0.001 -18"><span class='ocrx_word' id='word_1_29' title='bbox 319 706 470 772; x_wconf 80' lang='grc' dir='ltr'>λόγος</span> <span class='ocrx_word' id='word_1_30' title='bbox 505 705 796 775; x_wconf 71' lang='grc' dir='ltr'>ἐλέγχοιτο,</span> <span class='ocrx_word' id='word_1_31' title='bbox 830 705 922 758; x_wconf 87' lang='grc' dir='ltr'>καί</span> <span class='ocrx_word' id='word_1_32' title='bbox 971 723 1092 759; x_wconf 90' lang='grc' dir='ltr'>τινα</span> <span class='ocrx_word' id='word_1_33' title='bbox 1135 705 1644 776; x_wconf 87' lang='grc' dir='ltr'>προτεχνολογοῦσιν</span> <span class='ocrx_word' id='word_1_34' title='bbox 1683 707 1896 767; x_wconf 82' lang='grc' dir='ltr'>ἑαυτοῖς</span> 
     </span>
    </p>
   </div>
   <div class='ocr_carea' id='block_1_8' title="bbox 318 791 1893 863">
    <p class='ocr_par' dir='ltr' id='par_1_8' title="bbox 318 791 1893 863">
     <span class='ocr_line' id='line_1_8' title="bbox 318 791 1893 863; baseline -0.003 -17"><span class='ocrx_word' id='word_1_35' title='bbox 318 791 394 857; x_wconf 76' lang='grc' dir='ltr'>οἷς</span> <span class='ocrx_word' id='word_1_36' title='bbox 421 793 622 846; x_wconf 77' lang='grc' dir='ltr'>τούτων</span> <span class='ocrx_word' id='word_1_37' title='bbox 649 795 798 862; x_wconf 82' lang='grc' dir='ltr'>μέλει</span> <span class='ocrx_word' id='word_1_38' title='bbox 816 811 831 824; x_wconf 82' lang='grc'><em>’</em></span> <span class='ocrx_word' id='word_1_39' title='bbox 859 794 996 846; x_wconf 82' lang='grc' dir='ltr'>ὥστε</span> <span class='ocrx_word' id='word_1_40' title='bbox 1027 795 1102 863; x_wconf 85' lang='grc' dir='ltr'>μὴ</span> <span class='ocrx_word' id='word_1_41' title='bbox 1129 794 1230 863; x_wconf 84' lang='grc' dir='ltr'>τῆς</span> <span class='ocrx_word' id='word_1_42' title='bbox 1253 794 1556 863; x_wconf 79' lang='grc' dir='ltr'>ἐπιστήμης</span> <span class='ocrx_word' id='word_1_43' title='bbox 1597 792 1675 862; x_wconf 84' lang='grc' dir='ltr'>τῷ</span> <span class='ocrx_word' id='word_1_44' title='bbox 1697 791 1893 861; x_wconf 82' lang='grc' dir='ltr'>ἐσφαλ-</span> 
     </span>
    </p>
   </div>
   <div class='ocr_carea' id='block_1_9' title="bbox 322 878 1896 954">
    <p class='ocr_par' dir='ltr' id='par_1_9' title="bbox 322 878 1896 954">
     <span class='ocr_line' id='line_1_9' title="bbox 322 878 1896 954; baseline -0.003 -19"><span class='ocrx_word' id='word_1_45' title='bbox 322 884 482 953; x_wconf 82' lang='grc' dir='ltr'>μένῳ,</span> <span class='ocrx_word' id='word_1_46' title='bbox 541 883 674 934; x_wconf 76' lang='grc' dir='ltr'>ἀλλά</span> <span class='ocrx_word' id='word_1_47' title='bbox 729 885 826 952; x_wconf 80' lang='grc' dir='ltr'>τῆς</span> <span class='ocrx_word' id='word_1_48' title='bbox 875 882 1016 934; x_wconf 85' lang='grc' dir='ltr'>κατά</span> <span class='ocrx_word' id='word_1_49' title='bbox 1061 882 1158 952; x_wconf 89' lang='grc' dir='ltr'>τὴν</span> <span class='ocrx_word' id='word_1_50' title='bbox 1207 881 1354 954; x_wconf 80' lang='grc' dir='ltr'>ὤραν</span> <span class='ocrx_word' id='word_1_51' title='bbox 1403 881 1753 950; x_wconf 86' lang='grc' dir='ltr'>σημειώσεως</span> <span class='ocrx_word' id='word_1_52' title='bbox 1800 878 1896 948; x_wconf 82' lang='grc' dir='ltr'>τὴν</span> 
     </span>
    </p>
   </div>
   <div class='ocr_carea' id='block_1_10' title="bbox 321 972 1897 1044">
    <p class='ocr_par' dir='ltr' id='par_1_10' title="bbox 321 972 1897 1044">
     <span class='ocr_line' id='line_1_10' title="bbox 321 972 1897 1044; baseline -0.003 -16"><span class='ocrx_word' id='word_1_53' title='bbox 321 975 614 1044; x_wconf 81' lang='grc' dir='ltr'>ἀποτυχίαν</span> <span class='ocrx_word' id='word_1_54' title='bbox 641 974 966 1041; x_wconf 80' lang='grc' dir='ltr'>λογίζεσθαι,</span> <span class='ocrx_word' id='word_1_55' title='bbox 999 974 1092 1026; x_wconf 75' lang='grc' dir='ltr'>καὶ</span> <span class='ocrx_word' id='word_1_56' title='bbox 1131 973 1282 1039; x_wconf 72' lang='grc' dir='ltr'>λοξαὶ</span> <span class='ocrx_word' id='word_1_57' title='bbox 1307 973 1384 1036; x_wconf 88' lang='grc' dir='ltr'>ὼς</span> <span class='ocrx_word' id='word_1_58' title='bbox 1408 973 1610 1026; x_wconf 78' lang='grc' dir='ltr'>ἐπίπαν</span> <span class='ocrx_word' id='word_1_59' title='bbox 1641 972 1736 1026; x_wconf 75' lang='grc' dir='ltr'>καὶ</span> <span class='ocrx_word' id='word_1_60' title='bbox 1764 973 1897 1041; x_wconf 80' lang='grc' dir='ltr'>πρὸς</span> 
     </span>
    </p>
   </div>
   <div class='ocr_carea' id='block_1_11' title="bbox 319 1063 1896 1134">
    <p class='ocr_par' dir='ltr' id='par_1_11' title="bbox 319 1063 1896 1134">
     <span class='ocr_line' id='line_1_11' title="bbox 319 1063 1896 1134; baseline -0.003 -16"><span class='ocrx_word' id='word_1_61' title='bbox 319 1067 374 1117; x_wconf 85' lang='grc' dir='ltr'>τὸ</span> <span class='ocrx_word' id='word_1_62' title='bbox 397 1065 616 1118; x_wconf 81' lang='grc' dir='ltr'>διπλοῦν</span> <span class='ocrx_word' id='word_1_63' title='bbox 650 1066 756 1117; x_wconf 82' lang='grc' dir='ltr'>τῶν</span> <span class='ocrx_word' id='word_1_64' title='bbox 797 1065 1072 1118; x_wconf 74' lang='grc' dir='ltr'>ἐκϐάσεων</span> <span class='ocrx_word' id='word_1_65' title='bbox 1112 1063 1641 1134; x_wconf 77' lang='grc' dir='ltr'>ἐπαμφοτερίζουσαι</span> <span class='ocrx_word' id='word_1_66' title='bbox 1661 1063 1896 1130; x_wconf 89' lang='grc' dir='ltr'>γίνονται</span> 
     </span>
    </p>
   </div>
   <div class='ocr_carea' id='block_1_12' title="bbox 323 1153 1899 1227">
    <p class='ocr_par' dir='ltr' id='par_1_12' title="bbox 323 1153 1899 1227">
     <span class='ocr_line' id='line_1_12' title="bbox 323 1153 1899 1227; baseline -0.001 -19"><span class='ocrx_word' id='word_1_67' title='bbox 323 1157 447 1226; x_wconf 80' lang='grc' dir='ltr'>παρ’</span> <span class='ocrx_word' id='word_1_68' title='bbox 477 1156 655 1208; x_wconf 79' lang='grc' dir='ltr'>αὐτῶν</span> <span class='ocrx_word' id='word_1_69' title='bbox 693 1159 748 1208; x_wconf 79' lang='grc' dir='ltr'>αι</span> <span class='ocrx_word' id='word_1_70' title='bbox 788 1158 1138 1227; x_wconf 73' lang='grc' dir='ltr'>προρρήσεις,</span> <span class='ocrx_word' id='word_1_71' title='bbox 1167 1155 1232 1207; x_wconf 80' lang='grc' dir='ltr'>ἵν’</span> <span class='ocrx_word' id='word_1_72' title='bbox 1259 1157 1394 1224; x_wconf 82' lang='grc' dir='ltr'>ὅπερ</span> <span class='ocrx_word' id='word_1_73' title='bbox 1436 1153 1502 1207; x_wconf 83' lang='grc' dir='ltr'>ἂν</span> <span class='ocrx_word' id='word_1_74' title='bbox 1549 1155 1706 1225; x_wconf 79' lang='grc' dir='ltr'>ἐκϐῇ,</span> <span class='ocrx_word' id='word_1_75' title='bbox 1739 1154 1899 1206; x_wconf 89' lang='grc' dir='ltr'>τοῦτο</span> 
     </span>
    </p>
   </div>
   <div class='ocr_carea' id='block_1_13' title="bbox 322 1245 1898 1320">
    <p class='ocr_par' dir='ltr' id='par_1_13' title="bbox 322 1245 1898 1320">
     <span class='ocr_line' id='line_1_13' title="bbox 322 1245 1898 1320; baseline -0.001 -21"><span class='ocrx_word' id='word_1_76' title='bbox 322 1248 640 1318; x_wconf 82' lang='grc' dir='ltr'>προμεμηνὺ</span> <span class='ocrx_word' id='word_1_77' title='bbox 653 1247 768 1300; x_wconf 93' lang='grc' dir='ltr'>σθαι</span> <span class='ocrx_word' id='word_1_78' title='bbox 800 1247 942 1320; x_wconf 79' lang='grc' dir='ltr'>δόξῃ.</span> <span class='ocrx_word' id='word_1_79' title='bbox 977 1246 1242 1308; x_wconf 77' lang='grc' dir='ltr'>Πολλάκις</span> <span class='ocrx_word' id='word_1_80' title='bbox 1269 1246 1377 1315; x_wconf 82' lang='grc' dir='ltr'>γὰρ</span> <span class='ocrx_word' id='word_1_81' title='bbox 1411 1245 1470 1297; x_wconf 85' lang='grc' dir='ltr'>τὸ</span> <span class='ocrx_word' id='word_1_82' title='bbox 1509 1246 1803 1315; x_wconf 79' lang='grc' dir='ltr'>περιφανές</span> <span class='ocrx_word' id='word_1_83' title='bbox 1836 1261 1898 1298; x_wconf 88' lang='grc' dir='ltr'>τε</span> 
     </span>
    </p>
   </div>
   <div class='ocr_carea' id='block_1_14' title="bbox 320 1336 1899 1409">
    <p class='ocr_par' dir='ltr' id='par_1_14' title="bbox 320 1336 1899 1409">
     <span class='ocr_line' id='line_1_14' title="bbox 320 1336 1899 1409; baseline -0.001 -18"><span class='ocrx_word' id='word_1_84' title='bbox 320 1340 499 1392; x_wconf 78' lang='grc' dir='ltr'>καὶτὸ</span> <span class='ocrx_word' id='word_1_85' title='bbox 527 1339 666 1409; x_wconf 82' lang='grc' dir='ltr'>ὑπὲρ</span> <span class='ocrx_word' id='word_1_86' title='bbox 707 1339 832 1401; x_wconf 81' lang='grc' dir='ltr'>τοὺς</span> <span class='ocrx_word' id='word_1_87' title='bbox 873 1338 1062 1400; x_wconf 76' lang='grc' dir='ltr'>ἄλλους</span> <span class='ocrx_word' id='word_1_88' title='bbox 1107 1341 1136 1390; x_wconf 88' lang='grc' dir='ltr'>ὁ</span> <span class='ocrx_word' id='word_1_89' title='bbox 1173 1337 1270 1407; x_wconf 73' lang='grc' dir='ltr'>τὴν</span> <span class='ocrx_word' id='word_1_90' title='bbox 1311 1336 1460 1407; x_wconf 83' lang='grc' dir='ltr'>ὥραν</span> <span class='ocrx_word' id='word_1_91' title='bbox 1500 1339 1600 1407; x_wconf 86' lang='grc' dir='ltr'>τῆς</span> <span class='ocrx_word' id='word_1_92' title='bbox 1635 1339 1899 1406; x_wconf 81' lang='grc' dir='ltr'>γενέσεως</span> 
     </span>
    </p>
   </div>
   <div class='ocr_carea' id='block_1_15' title="bbox 320 1426 1902 1500">
    <p class='ocr_par' dir='ltr' id='par_1_15' title="bbox 320 1426 1902 1500">
     <span class='ocr_line' id='line_1_15' title="bbox 320 1426 1902 1500; baseline 0 -18"><span class='ocrx_word' id='word_1_93' title='bbox 320 1432 654 1498; x_wconf 70' lang='grc' dir='ltr'>κατανοήσας</span> <span class='ocrx_word' id='word_1_94' title='bbox 685 1431 970 1500; x_wconf 79' lang='grc' dir='ltr'>ἐμήνυσεν.</span> <span class='ocrx_word' id='word_1_95' title='bbox 1009 1426 1139 1482; x_wconf 81' lang='grc' dir='ltr'>Εἶτα</span> <span class='ocrx_word' id='word_1_96' title='bbox 1177 1431 1232 1481; x_wconf 88' lang='grc' dir='ltr'>ἐν</span> <span class='ocrx_word' id='word_1_97' title='bbox 1260 1429 1516 1495; x_wconf 74' lang='grc' dir='ltr'>ἐξαισίοις</span> <span class='ocrx_word' id='word_1_98' title='bbox 1555 1431 1664 1482; x_wconf 78' lang='grc' dir='ltr'>τισὶ</span> <span class='ocrx_word' id='word_1_99' title='bbox 1693 1445 1902 1500; x_wconf 77' lang='grc' dir='ltr'>συμφο-</span> 
     </span>
    </p>
   </div>
   <div class='ocr_carea' id='block_1_16' title="bbox 321 1520 1900 1593">
    <p class='ocr_par' dir='ltr' id='par_1_16' title="bbox 321 1520 1900 1593">
     <span class='ocr_line' id='line_1_16' title="bbox 321 1520 1900 1593; baseline -0.001 -18"><span class='ocrx_word' id='word_1_100' title='bbox 321 1525 440 1593; x_wconf 85' lang='grc' dir='ltr'>ραῖς</span> <span class='ocrx_word' id='word_1_101' title='bbox 473 1521 660 1574; x_wconf 79' lang='grc' dir='ltr'>τούτου</span> <span class='ocrx_word' id='word_1_102' title='bbox 689 1523 991 1589; x_wconf 81' lang='grc' dir='ltr'>γεγονότος,</span> <span class='ocrx_word' id='word_1_103' title='bbox 1023 1522 1174 1574; x_wconf 84' lang='grc' dir='ltr'>οὐδὲν</span> <span class='ocrx_word' id='word_1_104' title='bbox 1203 1521 1519 1590; x_wconf 82' lang='grc' dir='ltr'>διεσφάλθαι</span> <span class='ocrx_word' id='word_1_105' title='bbox 1567 1520 1900 1592; x_wconf 83' lang='grc' dir='ltr'>προαγορεύ-</span> 
     </span>
    </p>
   </div>
   <div class='ocr_carea' id='block_1_17' title="bbox 321 1609 1902 1688">
    <p class='ocr_par' dir='ltr' id='par_1_17' title="bbox 321 1609 1902 1688">
     <span class='ocr_line' id='line_1_17' title="bbox 321 1609 1902 1688; baseline 0.001 -24"><span class='ocrx_word' id='word_1_106' title='bbox 321 1629 419 1676; x_wconf 85' lang='grc' dir='ltr'>σας</span> <span class='ocrx_word' id='word_1_107' title='bbox 460 1614 846 1684; x_wconf 83' lang='grc' dir='ltr'>διισχυρίσατο.</span> <span class='ocrx_word' id='word_1_108' title='bbox 899 1609 1028 1682; x_wconf 84' lang='grc' dir='ltr'>Εἶχε</span> <span class='ocrx_word' id='word_1_109' title='bbox 1059 1613 1181 1688; x_wconf 27' lang='grc' dir='ltr'>’γὰρ</span> <span class='ocrx_word' id='word_1_110' title='bbox 1232 1614 1374 1684; x_wconf 78' lang='grc' dir='ltr'>ὑπὲρ</span> <span class='ocrx_word' id='word_1_111' title='bbox 1427 1617 1551 1676; x_wconf 81' lang='grc' dir='ltr'>τοὺς</span> <span class='ocrx_word' id='word_1_112' title='bbox 1600 1615 1790 1679; x_wconf 81' lang='grc' dir='ltr'>ἄλλους</span> <span class='ocrx_word' id='word_1_113' title='bbox 1838 1613 1902 1666; x_wconf 86' lang='grc' dir='ltr'>τὸ</span> 
     </span>
    </p>
   </div>
   <div class='ocr_carea' id='block_1_18' title="bbox 319 1704 1899 1778">
    <p class='ocr_par' dir='ltr' id='par_1_18' title="bbox 319 1704 1899 1778">
     <span class='ocr_line' id='line_1_18' title="bbox 319 1704 1899 1778; baseline 0.004 -24"><span class='ocrx_word' id='word_1_114' title='bbox 319 1705 478 1756; x_wconf 77' lang='grc' dir='ltr'>πλέον</span> <span class='ocrx_word' id='word_1_115' title='bbox 511 1705 590 1766; x_wconf 85' lang='grc' dir='ltr'>εἰς</span> <span class='ocrx_word' id='word_1_116' title='bbox 628 1707 726 1774; x_wconf 79' lang='grc' dir='ltr'>τὴν</span> <span class='ocrx_word' id='word_1_117' title='bbox 763 1704 868 1756; x_wconf 86' lang='grc' dir='ltr'>τῶν</span> <span class='ocrx_word' id='word_1_118' title='bbox 913 1704 1095 1758; x_wconf 84' lang='grc' dir='ltr'>κακῶν</span> <span class='ocrx_word' id='word_1_119' title='bbox 1149 1706 1467 1774; x_wconf 82' lang='grc' dir='ltr'>μετουσίαν·</span> <span class='ocrx_word' id='word_1_120' title='bbox 1500 1707 1593 1760; x_wconf 75' lang='grc' dir='ltr'>καὶ</span> <span class='ocrx_word' id='word_1_121' title='bbox 1627 1706 1828 1760; x_wconf 74' lang='grc' dir='ltr'>τούτων</span> <span class='ocrx_word' id='word_1_122' title='bbox 1865 1707 1899 1778; x_wconf 84' lang='grc' dir='ltr'><strong>ἡ</strong></span> 
     </span>
    </p>
   </div>
   <div class='ocr_carea' id='block_1_19' title="bbox 317 1795 1892 1870">
    <p class='ocr_par' dir='ltr' id='par_1_19' title="bbox 317 1795 1892 1870">
     <span class='ocr_line' id='line_1_19' title="bbox 317 1795 1892 1870; baseline 0.004 -24"><span class='ocrx_word' id='word_1_123' title='bbox 317 1795 438 1847; x_wconf 80' lang='grc' dir='ltr'>καθ’</span> <span class='ocrx_word' id='word_1_124' title='bbox 467 1798 616 1870; x_wconf 75' lang='grc' dir='ltr'>ήμᾷς</span> <span class='ocrx_word' id='word_1_125' title='bbox 651 1796 857 1866; x_wconf 79' lang='grc' dir='ltr'>ἱστορία</span> <span class='ocrx_word' id='word_1_126' title='bbox 887 1795 1095 1866; x_wconf 85' lang='grc' dir='ltr'>μάρτυς</span> <span class='ocrx_word' id='word_1_127' title='bbox 1129 1797 1295 1852; x_wconf 87' lang='grc' dir='ltr'>ἐστίν.</span> <span class='ocrx_word' id='word_1_128' title='bbox 1330 1797 1625 1861; x_wconf 72' lang='grc' dir='ltr'>Οὐάλεντος</span> <span class='ocrx_word' id='word_1_129' title='bbox 1660 1799 1767 1869; x_wconf 81' lang='grc' dir='ltr'>γάρ</span> <span class='ocrx_word' id='word_1_130' title='bbox 1798 1797 1892 1853; x_wconf 79' lang='grc' dir='ltr'>τοῦ</span> 
     </span>
    </p>
   </div>
   <div class='ocr_carea' id='block_1_20' title="bbox 317 1887 1891 1962">
    <p class='ocr_par' dir='ltr' id='par_1_20' title="bbox 317 1887 1891 1962">
     <span class='ocr_line' id='line_1_20' title="bbox 317 1887 1891 1962; baseline 0.003 -22"><span class='ocrx_word' id='word_1_131' title='bbox 317 1887 578 1956; x_wconf 80' lang='grc' dir='ltr'>βασιλέως</span> <span class='ocrx_word' id='word_1_132' title='bbox 609 1889 700 1940; x_wconf 80' lang='grc' dir='ltr'>ἐπὶ</span> <span class='ocrx_word' id='word_1_133' title='bbox 731 1887 829 1956; x_wconf 77' lang='grc' dir='ltr'>τῆς</span> <span class='ocrx_word' id='word_1_134' title='bbox 856 1888 964 1941; x_wconf 72' lang='grc' dir='ltr'>τῶν</span> <span class='ocrx_word' id='word_1_135' title='bbox 996 1889 1280 1958; x_wconf 85' lang='grc' dir='ltr'>Ῥωμαίων</span> <span class='ocrx_word' id='word_1_136' title='bbox 1309 1889 1460 1952; x_wconf 79' lang='grc' dir='ltr'>ὄντος</span> <span class='ocrx_word' id='word_1_137' title='bbox 1482 1890 1676 1962; x_wconf 78' lang='grc' dir='ltr'>ἀρχῆς,</span> <span class='ocrx_word' id='word_1_138' title='bbox 1709 1891 1891 1962; x_wconf 82' lang='grc' dir='ltr'>ἀπάτη</span> 
     </span>
    </p>
   </div>
   <div class='ocr_carea' id='block_1_21' title="bbox 313 1979 1896 2052">
    <p class='ocr_par' dir='ltr' id='par_1_21' title="bbox 313 1979 1896 2052">
     <span class='ocr_line' id='line_1_21' title="bbox 313 1979 1896 2052; baseline 0.003 -22"><span class='ocrx_word' id='word_1_139' title='bbox 313 1996 394 2043; x_wconf 84' lang='grc' dir='ltr'>τις</span> <span class='ocrx_word' id='word_1_140' title='bbox 424 1979 648 2048; x_wconf 74' lang='grc' dir='ltr'>τοιαύτη</span> <span class='ocrx_word' id='word_1_141' title='bbox 693 1979 826 2048; x_wconf 76' lang='grc' dir='ltr'>πρὸς</span> <span class='ocrx_word' id='word_1_142' title='bbox 872 1980 968 2050; x_wconf 79' lang='grc' dir='ltr'>τὴν</span> <span class='ocrx_word' id='word_1_143' title='bbox 1011 1979 1266 2049; x_wconf 82' lang='grc' dir='ltr'>άνταρσιν</span> <span class='ocrx_word' id='word_1_144' title='bbox 1301 1980 1402 2050; x_wconf 85' lang='grc' dir='ltr'>τῆς</span> <span class='ocrx_word' id='word_1_145' title='bbox 1451 1981 1624 2051; x_wconf 84' lang='grc' dir='ltr'>ἀρχῆς</span> <span class='ocrx_word' id='word_1_146' title='bbox 1669 1983 1896 2052; x_wconf 82' lang='grc' dir='ltr'>παρεκί-</span> 
     </span>
    </p>
   </div>
   <div class='ocr_carea' id='block_1_22' title="bbox 314 2071 1896 2144">
    <p class='ocr_par' dir='ltr' id='par_1_22' title="bbox 314 2071 1896 2144">
     <span class='ocr_line' id='line_1_22' title="bbox 314 2071 1896 2144; baseline 0.003 -22"><span class='ocrx_word' id='word_1_147' title='bbox 314 2087 464 2140; x_wconf 83' lang='grc' dir='ltr'>νησε.</span> <span class='ocrx_word' id='word_1_148' title='bbox 512 2071 621 2122; x_wconf 79' lang='grc' dir='ltr'>Καὶ</span> <span class='ocrx_word' id='word_1_149' title='bbox 653 2071 682 2122; x_wconf 89' lang='grc' dir='ltr'>ὁ</span> <span class='ocrx_word' id='word_1_150' title='bbox 723 2071 818 2139; x_wconf 87' lang='grc' dir='ltr'>μέν</span> <span class='ocrx_word' id='word_1_151' title='bbox 846 2071 1102 2142; x_wconf 82' lang='grc' dir='ltr'>ὥρμησεν</span> <span class='ocrx_word' id='word_1_152' title='bbox 1133 2072 1341 2140; x_wconf 81' lang='grc' dir='ltr'>ἐφόδιον</span> <span class='ocrx_word' id='word_1_153' title='bbox 1389 2073 1526 2142; x_wconf 77' lang='grc' dir='ltr'>πρὸς</span> <span class='ocrx_word' id='word_1_154' title='bbox 1559 2071 1658 2142; x_wconf 82' lang='grc' dir='ltr'>τὴν</span> <span class='ocrx_word' id='word_1_155' title='bbox 1693 2073 1896 2144; x_wconf 87' lang='grc' dir='ltr'>τόλμαν</span> 
     </span>
    </p>
   </div>
   <div class='ocr_carea' id='block_1_23' title="bbox 313 2160 1897 2234">
    <p class='ocr_par' dir='ltr' id='par_1_23' title="bbox 313 2160 1897 2234">
     <span class='ocr_line' id='line_1_23' title="bbox 313 2160 1897 2234; baseline 0.003 -22"><span class='ocrx_word' id='word_1_156' title='bbox 313 2160 417 2212; x_wconf 90' lang='grc' dir='ltr'>τῶν</span> <span class='ocrx_word' id='word_1_157' title='bbox 469 2160 1013 2228; x_wconf 80' lang='grc' dir='ltr'>γενεθλιαλογούντων</span> <span class='ocrx_word' id='word_1_158' title='bbox 1068 2164 1462 2234; x_wconf 76' lang='grc' dir='ltr'>προαγόρευσιν</span> <span class='ocrx_word' id='word_1_159' title='bbox 1510 2162 1682 2234; x_wconf 75' lang='grc' dir='ltr'>ἔχωνο</span> <span class='ocrx_word' id='word_1_160' title='bbox 1730 2163 1790 2217; x_wconf 77' lang='grc' dir='ltr'>τὸ</span> <span class='ocrx_word' id='word_1_161' title='bbox 1841 2164 1897 2217; x_wconf 92' lang='grc' dir='ltr'>δέ</span> 
     </span>
    </p>
   </div>
   <div class='ocr_carea' id='block_1_24' title="bbox 313 2253 1900 2324">
    <p class='ocr_par' dir='ltr' id='par_1_24' title="bbox 313 2253 1900 2324">
     <span class='ocr_line' id='line_1_24' title="bbox 313 2253 1900 2324; baseline 0.001 -19"><span class='ocrx_word' id='word_1_162' title='bbox 313 2253 489 2322; x_wconf 80' lang='grc' dir='ltr'>πέρας</span> <span class='ocrx_word' id='word_1_163' title='bbox 519 2255 616 2324; x_wconf 81' lang='grc' dir='ltr'>τῆς</span> <span class='ocrx_word' id='word_1_164' title='bbox 646 2255 1010 2324; x_wconf 90' lang='grc' dir='ltr'>ἐγχειρήσεως</span> <span class='ocrx_word' id='word_1_165' title='bbox 1050 2253 1289 2306; x_wconf 90' lang='grc' dir='ltr'>τοιοῦτον</span> <span class='ocrx_word' id='word_1_166' title='bbox 1321 2253 1554 2320; x_wconf 85' lang='grc' dir='ltr'>ἐγένετο,</span> <span class='ocrx_word' id='word_1_167' title='bbox 1582 2253 1723 2310; x_wconf 79' lang='grc' dir='ltr'>ὥστε</span> <span class='ocrx_word' id='word_1_168' title='bbox 1739 2255 1900 2308; x_wconf 74' lang='grc' dir='ltr'>αὐτὸν</span> 
     </span>
    </p>
   </div>
   <div class='ocr_carea' id='block_1_25' title="bbox 311 2344 1902 2418">
    <p class='ocr_par' dir='ltr' id='par_1_25' title="bbox 311 2344 1902 2418">
     <span class='ocr_line' id='line_1_25' title="bbox 311 2344 1902 2418; baseline 0.003 -22"><span class='ocrx_word' id='word_1_169' title='bbox 311 2345 400 2396; x_wconf 89' lang='grc' dir='ltr'>τὸν</span> <span class='ocrx_word' id='word_1_170' title='bbox 439 2345 533 2396; x_wconf 80' lang='grc' dir='ltr'>ἐπὶ</span> <span class='ocrx_word' id='word_1_171' title='bbox 568 2346 688 2406; x_wconf 89' lang='grc' dir='ltr'>ταῖς</span> <span class='ocrx_word' id='word_1_172' title='bbox 733 2345 1016 2414; x_wconf 84' lang='grc' dir='ltr'>μεγίσταις</span> <span class='ocrx_word' id='word_1_173' title='bbox 1049 2345 1242 2415; x_wconf 80' lang='grc' dir='ltr'>ἀρχαῖς</span> <span class='ocrx_word' id='word_1_174' title='bbox 1288 2344 1687 2417; x_wconf 86' lang='grc' dir='ltr'>γνωρισθέντα,</span> <span class='ocrx_word' id='word_1_175' title='bbox 1733 2349 1790 2399; x_wconf 90' lang='grc' dir='ltr'>ἐν</span> <span class='ocrx_word' id='word_1_176' title='bbox 1823 2347 1902 2418; x_wconf 81' lang='grc' dir='ltr'>τῷ</span> 
     </span>
    </p>
   </div>
   <div class='ocr_carea' id='block_1_26' title="bbox 315 2435 1902 2508">
    <p class='ocr_par' dir='ltr' id='par_1_26' title="bbox 315 2435 1902 2508">
     <span class='ocr_line' id='line_1_26' title="bbox 315 2435 1902 2508; baseline 0.003 -20"><span class='ocrx_word' id='word_1_177' title='bbox 315 2435 536 2504; x_wconf 78' lang='grc' dir='ltr'>μεγέθει</span> <span class='ocrx_word' id='word_1_178' title='bbox 578 2436 675 2504; x_wconf 84' lang='grc' dir='ltr'>τῆς</span> <span class='ocrx_word' id='word_1_179' title='bbox 704 2437 988 2504; x_wconf 76' lang='grc' dir='ltr'>συμφορᾶς</span> <span class='ocrx_word' id='word_1_180' title='bbox 1041 2435 1293 2503; x_wconf 87' lang='grc' dir='ltr'>γενέσθαι</span> <span class='ocrx_word' id='word_1_181' title='bbox 1345 2435 1761 2508; x_wconf 84' lang='grc' dir='ltr'>διασημότερον·</span> <span class='ocrx_word' id='word_1_182' title='bbox 1801 2440 1902 2492; x_wconf 79' lang='grc' dir='ltr'>καὶ</span> 
     </span>
    </p>
   </div>
   <div class='ocr_carea' id='block_1_27' title="bbox 310 2527 1902 2595">
    <p class='ocr_par' dir='ltr' id='par_1_27' title="bbox 310 2527 1902 2595">
     <span class='ocr_line' id='line_1_27' title="bbox 310 2527 1902 2595; baseline 0.004 -17"><span class='ocrx_word' id='word_1_183' title='bbox 310 2527 470 2580; x_wconf 87' lang='grc' dir='ltr'>τοῦτο</span> <span class='ocrx_word' id='word_1_184' title='bbox 525 2527 776 2595; x_wconf 84' lang='grc' dir='ltr'>συνεργία</span> <span class='ocrx_word' id='word_1_185' title='bbox 847 2527 943 2595; x_wconf 80' lang='grc' dir='ltr'>τῆς</span> <span class='ocrx_word' id='word_1_186' title='bbox 1010 2527 1444 2594; x_wconf 83' lang='grc' dir='ltr'>γενεθλιαλογίας</span> <span class='ocrx_word' id='word_1_187' title='bbox 1512 2532 1620 2591; x_wconf 81' lang='grc' dir='ltr'>τοῖς</span> <span class='ocrx_word' id='word_1_188' title='bbox 1687 2531 1902 2594; x_wconf 84' lang='grc' dir='ltr'>πολλοῖς</span> 
     </span>
    </p>
   </div>
   <div class='ocr_carea' id='block_1_28' title="bbox 311 2615 1899 2686">
    <p class='ocr_par' dir='ltr' id='par_1_28' title="bbox 311 2615 1899 2686">
     <span class='ocr_line' id='line_1_28' title="bbox 311 2615 1899 2686; baseline 0.004 -18"><span class='ocrx_word' id='word_1_189' title='bbox 311 2615 591 2686; x_wconf 92' lang='grc' dir='ltr'>ἐνομίσθη,</span> <span class='ocrx_word' id='word_1_190' title='bbox 641 2617 722 2668; x_wconf 83' lang='grc' dir='ltr'>ὅτι</span> <span class='ocrx_word' id='word_1_191' title='bbox 757 2616 820 2668; x_wconf 89' lang='grc' dir='ltr'>τὸ</span> <span class='ocrx_word' id='word_1_192' title='bbox 869 2615 1011 2668; x_wconf 88' lang='grc' dir='ltr'>κατά</span> <span class='ocrx_word' id='word_1_193' title='bbox 1047 2616 1328 2686; x_wconf 78' lang='grc' dir='ltr'>συμφορὰν</span> <span class='ocrx_word' id='word_1_194' title='bbox 1381 2615 1608 2685; x_wconf 80' lang='grc' dir='ltr'>μέγεθος</span> <span class='ocrx_word' id='word_1_195' title='bbox 1656 2619 1776 2672; x_wconf 83' lang='grc' dir='ltr'>ἀντὶ</span> <span class='ocrx_word' id='word_1_196' title='bbox 1805 2619 1899 2674; x_wconf 88' lang='grc' dir='ltr'>τοῦ</span> 
     </span>
    </p>
   </div>
   <div class='ocr_carea' id='block_1_29' title="bbox 313 2703 1903 2780">
    <p class='ocr_par' dir='ltr' id='par_1_29' title="bbox 313 2703 1903 2780">
     <span class='ocr_line' id='line_1_29' title="bbox 313 2703 1903 2780; baseline 0.007 -24"><span class='ocrx_word' id='word_1_197' title='bbox 313 2705 578 2774; x_wconf 85' lang='grc' dir='ltr'>μεγέθους</span> <span class='ocrx_word' id='word_1_198' title='bbox 602 2705 712 2758; x_wconf 87' lang='grc' dir='ltr'>τῶν</span> <span class='ocrx_word' id='word_1_199' title='bbox 737 2705 955 2770; x_wconf 84' lang='grc' dir='ltr'>ἀγαθῶν</span> <span class='ocrx_word' id='word_1_200' title='bbox 996 2703 1072 2775; x_wconf 82' lang='grc' dir='ltr'>τῷ</span> <span class='ocrx_word' id='word_1_201' title='bbox 1097 2705 1248 2774; x_wconf 77' lang='grc' dir='ltr'>ἀνδρὶ</span> <span class='ocrx_word' id='word_1_202' title='bbox 1284 2708 1601 2780; x_wconf 88' lang='grc' dir='ltr'>συνηνέχθη.</span> <span class='ocrx_word' id='word_1_203' title='bbox 1664 2711 1806 2780; x_wconf 87' lang='grc' dir='ltr'>Ἐγὼ</span> <span class='ocrx_word' id='word_1_204' title='bbox 1845 2717 1903 2770; x_wconf 80' lang='grc' dir='ltr'>δὲ</span> 
     </span>
    </p>
   </div>
   <div class='ocr_carea' id='block_1_30' title="bbox 1999 614 3625 690">
    <p class='ocr_par' dir='ltr' id='par_1_30' title="bbox 1999 614 3625 690">
     <span class='ocr_line' id='line_1_30' title="bbox 1999 614 3625 690; baseline 0 -20"><span class='ocrx_word' id='word_1_205' title='bbox 1999 617 2052 672; x_wconf 91' lang='lat' dir='ltr'>in</span> <span class='ocrx_word' id='word_1_206' title='bbox 2091 617 2374 672; x_wconf 82' lang='lat' dir='ltr'>adversam</span> <span class='ocrx_word' id='word_1_207' title='bbox 2410 631 2473 670; x_wconf 91' lang='lat' dir='ltr'>ac</span> <span class='ocrx_word' id='word_1_208' title='bbox 2503 614 2699 668; x_wconf 88' lang='lat' dir='ltr'><strong>malam</strong></span> <span class='ocrx_word' id='word_1_209' title='bbox 2729 623 2936 683; x_wconf 89' lang='lat' dir='ltr'><strong>partem</strong></span> <span class='ocrx_word' id='word_1_210' title='bbox 2967 623 3217 669; x_wconf 84' lang='lat' dir='ltr'><strong>eventum</strong></span> <span class='ocrx_word' id='word_1_211' title='bbox 3249 614 3416 670; x_wconf 85' lang='lat' dir='ltr'><strong>fuisse</strong></span> <span class='ocrx_word' id='word_1_212' title='bbox 3449 631 3570 672; x_wconf 85' lang='lat' dir='ltr'><strong>sor—</strong></span> <span class='ocrx_word' id='word_1_213' title='bbox 3616 681 3625 690; x_wconf 91' lang='lat'><em>_</em></span> 
     </span>
    </p>
   </div>
   <div class='ocr_carea' id='block_1_31' title="bbox 1999 708 3567 778">
    <p class='ocr_par' dir='ltr' id='par_1_31' title="bbox 1999 708 3567 778">
     <span class='ocr_line' id='line_1_31' title="bbox 1999 708 3567 778; baseline 0.001 -16"><span class='ocrx_word' id='word_1_214' title='bbox 1999 711 2157 762; x_wconf 92' lang='lat' dir='ltr'><strong>titum</strong></span> <span class='ocrx_word' id='word_1_215' title='bbox 2185 728 2197 762; x_wconf 91' lang='lat'>:</span> <span class='ocrx_word' id='word_1_216' title='bbox 2253 708 2414 778; x_wconf 90' lang='lat' dir='ltr'><strong>idque</strong></span> <span class='ocrx_word' id='word_1_217' title='bbox 2453 723 2540 761; x_wconf 88' lang='lat' dir='ltr'>res</span> <span class='ocrx_word' id='word_1_218' title='bbox 2565 715 2752 762; x_wconf 90' lang='lat' dir='ltr'><strong>nostra</strong></span> <span class='ocrx_word' id='word_1_219' title='bbox 2785 708 3048 760; x_wconf 84' lang='lat' dir='ltr'><strong>memoria</strong></span> <span class='ocrx_word' id='word_1_220' title='bbox 3080 715 3244 776; x_wconf 77' lang='lat' dir='ltr'><strong>gesta:</strong></span> <span class='ocrx_word' id='word_1_221' title='bbox 3273 715 3567 763; x_wconf 86' lang='lat' dir='ltr'><strong>testantur.</strong></span> 
     </span>
    </p>
   </div>
   <div class='ocr_carea' id='block_1_32' title="bbox 2001 797 3571 867">
    <p class='ocr_par' dir='ltr' id='par_1_32' title="bbox 2001 797 3571 867">
     <span class='ocr_line' id='line_1_32' title="bbox 2001 797 3571 867; baseline 0.001 -15"><span class='ocrx_word' id='word_1_222' title='bbox 2001 797 2226 852; x_wconf 85' lang='lat' dir='ltr'><strong>Valente</strong></span> <span class='ocrx_word' id='word_1_223' title='bbox 2279 799 2420 852; x_wconf 89' lang='lat' dir='ltr'><strong>enim</strong></span> <span class='ocrx_word' id='word_1_224' title='bbox 2467 797 2837 851; x_wconf 78' lang='lat' dir='ltr'><strong>Romanorum</strong></span> <span class='ocrx_word' id='word_1_225' title='bbox 2889 799 3216 867; x_wconf 77' lang='lat' dir='ltr'>imperatore</span> <span class='ocrx_word' id='word_1_226' title='bbox 3248 799 3374 855; x_wconf 88' lang='lat' dir='ltr'><strong>talis</strong></span> <span class='ocrx_word' id='word_1_227' title='bbox 3416 798 3571 854; x_wconf 86' lang='lat' dir='ltr'><strong>fraus</strong></span> 
     </span>
    </p>
   </div>
   <div class='ocr_carea' id='block_1_33' title="bbox 1999 887 3569 958">
    <p class='ocr_par' dir='ltr' id='par_1_33' title="bbox 1999 887 3569 958">
     <span class='ocr_line' id='line_1_33' title="bbox 1999 887 3569 958; baseline 0 -14"><span class='ocrx_word' id='word_1_228' title='bbox 1999 897 2054 944; x_wconf 88' lang='lat' dir='ltr'>et</span> <span class='ocrx_word' id='word_1_229' title='bbox 2095 890 2396 958; x_wconf 89' lang='lat' dir='ltr'><strong>impostura</strong></span> <span class='ocrx_word' id='word_1_230' title='bbox 2431 887 2721 958; x_wconf 79' lang='lat' dir='ltr'><strong>quemdam</strong></span> <span class='ocrx_word' id='word_1_231' title='bbox 2783 890 2848 941; x_wconf 92' lang='lat' dir='ltr'>ad</span> <span class='ocrx_word' id='word_1_232' title='bbox 2879 889 3166 956; x_wconf 91' lang='lat' dir='ltr'><strong>imperium</strong></span> <span class='ocrx_word' id='word_1_233' title='bbox 3206 889 3569 944; x_wconf 78' lang='lat' dir='ltr'><strong>aﬂectandum</strong></span> 
     </span>
    </p>
   </div>
   <div class='ocr_carea' id='block_1_34' title="bbox 2001 978 3570 1050">
    <p class='ocr_par' dir='ltr' id='par_1_34' title="bbox 2001 978 3570 1050">
     <span class='ocr_line' id='line_1_34' title="bbox 2001 978 3570 1050; baseline 0.003 -17"><span class='ocrx_word' id='word_1_234' title='bbox 2001 981 2286 1050; x_wconf 72' lang='lat' dir='ltr'><strong>permovit.</strong></span> <span class='ocrx_word' id='word_1_235' title='bbox 2315 983 2540 1034; x_wconf 78' lang='lat' dir='ltr'><strong>Animos</strong></span> <span class='ocrx_word' id='word_1_236' title='bbox 2569 979 2646 1032; x_wconf 87' lang='lat' dir='ltr'><strong>illi</strong></span> <span class='ocrx_word' id='word_1_237' title='bbox 2675 979 2893 1049; x_wconf 85' lang='lat' dir='ltr'><strong>quidem</strong></span> <span class='ocrx_word' id='word_1_238' title='bbox 2923 978 3156 1034; x_wconf 89' lang='lat' dir='ltr'><strong>faciebat</strong></span> <span class='ocrx_word' id='word_1_239' title='bbox 3192 981 3570 1036; x_wconf 88' lang='lat' dir='ltr'><strong>audaciorem-</strong></span> 
     </span>
    </p>
   </div>
   <div class='ocr_carea' id='block_1_35' title="bbox 1999 1069 3570 1141">
    <p class='ocr_par' dir='ltr' id='par_1_35' title="bbox 1999 1069 3570 1141">
     <span class='ocr_line' id='line_1_35' title="bbox 1999 1069 3570 1141; baseline 0.001 -17"><span class='ocrx_word' id='word_1_240' title='bbox 1999 1087 2105 1141; x_wconf 88' lang='lat' dir='ltr'>que</span> <span class='ocrx_word' id='word_1_241' title='bbox 2137 1071 2400 1126; x_wconf 76' lang='lat' dir='ltr'><strong>reddebat</strong></span> <span class='ocrx_word' id='word_1_242' title='bbox 2432 1069 2898 1139; x_wconf 82' lang='lat' dir='ltr'><strong>genethliacorum</strong></span> <span class='ocrx_word' id='word_1_243' title='bbox 2931 1069 3230 1140; x_wconf 63' lang='lat' dir='ltr'><strong>praedictio,</strong></span> <span class='ocrx_word' id='word_1_244' title='bbox 3269 1071 3364 1126; x_wconf 88' lang='lat' dir='ltr'>sed</span> <span class='ocrx_word' id='word_1_245' title='bbox 3387 1073 3570 1126; x_wconf 84' lang='lat' dir='ltr'><strong>exitus</strong></span> 
     </span>
    </p>
   </div>
   <div class='ocr_carea' id='block_1_36' title="bbox 2001 1161 3571 1234">
    <p class='ocr_par' dir='ltr' id='par_1_36' title="bbox 2001 1161 3571 1234">
     <span class='ocr_line' id='line_1_36' title="bbox 2001 1161 3571 1234; baseline 0.002 -18"><span class='ocrx_word' id='word_1_246' title='bbox 2001 1173 2297 1218; x_wconf 72' lang='lat' dir='ltr'><strong>conatuum</strong></span> <span class='ocrx_word' id='word_1_247' title='bbox 2331 1162 2600 1232; x_wconf 87' lang='lat' dir='ltr'><strong>ejusmodi</strong></span> <span class='ocrx_word' id='word_1_248' title='bbox 2633 1161 2757 1224; x_wconf 86' lang='lat' dir='ltr'><strong>fuit,</strong></span> <span class='ocrx_word' id='word_1_249' title='bbox 2797 1169 2856 1214; x_wconf 86' lang='lat' dir='ltr'>ut</span> <span class='ocrx_word' id='word_1_250' title='bbox 2881 1161 2997 1230; x_wconf 91' lang='lat' dir='ltr'><strong>ipse</strong></span> <span class='ocrx_word' id='word_1_251' title='bbox 3025 1163 3254 1222; x_wconf 89' lang='lat' dir='ltr'><strong>summis</strong></span> <span class='ocrx_word' id='word_1_252' title='bbox 3281 1165 3571 1234; x_wconf 86' lang='lat' dir='ltr'><strong>magistra-</strong></span> 
     </span>
    </p>
   </div>
   <div class='ocr_carea' id='block_1_37' title="bbox 2003 1251 3571 1326">
    <p class='ocr_par' dir='ltr' id='par_1_37' title="bbox 2003 1251 3571 1326">
     <span class='ocr_line' id='line_1_37' title="bbox 2003 1251 3571 1326; baseline 0.001 -16"><span class='ocrx_word' id='word_1_253' title='bbox 2003 1258 2149 1312; x_wconf 89' lang='lat' dir='ltr'><strong>tibus</strong></span> <span class='ocrx_word' id='word_1_254' title='bbox 2179 1257 2345 1326; x_wconf 85' lang='lat' dir='ltr'><strong>gestis</strong></span> <span class='ocrx_word' id='word_1_255' title='bbox 2374 1255 2575 1316; x_wconf 87' lang='lat' dir='ltr'><strong>clarus,</strong></span> <span class='ocrx_word' id='word_1_256' title='bbox 2637 1251 2787 1306; x_wconf 76' lang='lat' dir='ltr'><strong>fieret</strong></span> <span class='ocrx_word' id='word_1_257' title='bbox 2837 1254 3210 1324; x_wconf 77' lang='lat' dir='ltr'><strong>magnitudine</strong></span> <span class='ocrx_word' id='word_1_258' title='bbox 3242 1257 3571 1312; x_wconf 81' lang='lat' dir='ltr'><strong>calamitatis</strong></span> 
     </span>
    </p>
   </div>
   <div class='ocr_carea' id='block_1_38' title="bbox 2001 1342 3573 1416">
    <p class='ocr_par' dir='ltr' id='par_1_38' title="bbox 2001 1342 3573 1416">
     <span class='ocr_line' id='line_1_38' title="bbox 2001 1342 3573 1416; baseline 0.003 -18"><span class='ocrx_word' id='word_1_259' title='bbox 2001 1346 2300 1414; x_wconf 86' lang='lat' dir='ltr'><strong>insignior:</strong></span> <span class='ocrx_word' id='word_1_260' title='bbox 2337 1345 2499 1412; x_wconf 90' lang='lat' dir='ltr'><strong>idque</strong></span> <span class='ocrx_word' id='word_1_261' title='bbox 2529 1342 2890 1412; x_wconf 85' lang='lat' dir='ltr'><strong>patrocinium</strong></span> <span class='ocrx_word' id='word_1_262' title='bbox 2919 1346 3349 1416; x_wconf 62' lang='lat' dir='ltr'><strong>genethlialogiae</strong></span> <span class='ocrx_word' id='word_1_263' title='bbox 3377 1347 3573 1416; x_wconf 87' lang='lat' dir='ltr'><strong>pleris-</strong></span> 
     </span>
    </p>
   </div>
   <div class='ocr_carea' id='block_1_39' title="bbox 1999 1436 3572 1507">
    <p class='ocr_par' dir='ltr' id='par_1_39' title="bbox 1999 1436 3572 1507">
     <span class='ocr_line' id='line_1_39' title="bbox 1999 1436 3572 1507; baseline 0.004 -19"><span class='ocrx_word' id='word_1_264' title='bbox 1999 1453 2106 1505; x_wconf 89' lang='lat' dir='ltr'>que</span> <span class='ocrx_word' id='word_1_265' title='bbox 2155 1437 2327 1490; x_wconf 90' lang='lat' dir='ltr'><strong>visum</strong></span> <span class='ocrx_word' id='word_1_266' title='bbox 2368 1443 2475 1500; x_wconf 74' lang='lat' dir='ltr'><strong>est,</strong></span> <span class='ocrx_word' id='word_1_267' title='bbox 2529 1436 2676 1504; x_wconf 80' lang='lat' dir='ltr'><strong>quod</strong></span> <span class='ocrx_word' id='word_1_268' title='bbox 2723 1453 2813 1492; x_wconf 89' lang='lat' dir='ltr'>res</span> <span class='ocrx_word' id='word_1_269' title='bbox 2853 1451 3129 1507; x_wconf 85' lang='lat' dir='ltr'><strong>prosperae</strong></span> <span class='ocrx_word' id='word_1_270' title='bbox 3165 1439 3268 1490; x_wconf 88' lang='lat' dir='ltr'><strong>viri</strong></span> <span class='ocrx_word' id='word_1_271' title='bbox 3314 1437 3572 1494; x_wconf 89' lang='lat' dir='ltr'><strong>adversas</strong></span> 
     </span>
    </p>
   </div>
   <div class='ocr_carea' id='block_1_40' title="bbox 2000 1525 3572 1598">
    <p class='ocr_par' dir='ltr' id='par_1_40' title="bbox 2000 1525 3572 1598">
     <span class='ocr_line' id='line_1_40' title="bbox 2000 1525 3572 1598; baseline 0.002 -16"><span class='ocrx_word' id='word_1_272' title='bbox 2000 1537 2396 1596; x_wconf 65' lang='lat' dir='ltr'><strong>exmquassent.</strong></span> <span class='ocrx_word' id='word_1_273' title='bbox 2433 1525 2636 1582; x_wconf 83' lang='lat' dir='ltr'><strong>Verum</strong></span> <span class='ocrx_word' id='word_1_274' title='bbox 2675 1543 2774 1598; x_wconf 89' lang='lat' dir='ltr'>ego</span> <span class='ocrx_word' id='word_1_275' title='bbox 2811 1526 2965 1582; x_wconf 86' lang='lat' dir='ltr'><strong>falsis</strong></span> <span class='ocrx_word' id='word_1_276' title='bbox 2998 1529 3227 1582; x_wconf 89' lang='lat' dir='ltr'><strong>istorum</strong></span> <span class='ocrx_word' id='word_1_277' title='bbox 3261 1529 3572 1598; x_wconf 80' lang='lat' dir='ltr'><strong>praedictio-</strong></span> 
     </span>
    </p>
   </div>
   <div class='ocr_carea' id='block_1_41' title="bbox 2000 1617 3572 1692">
    <p class='ocr_par' dir='ltr' id='par_1_41' title="bbox 2000 1617 3572 1692">
     <span class='ocr_line' id='line_1_41' title="bbox 2000 1617 3572 1692; baseline 0.001 -20"><span class='ocrx_word' id='word_1_278' title='bbox 2000 1619 2164 1672; x_wconf 86' lang='lat' dir='ltr'><strong>nibus</strong></span> <span class='ocrx_word' id='word_1_279' title='bbox 2195 1619 2259 1671; x_wconf 89' lang='lat' dir='ltr'>ad</span> <span class='ocrx_word' id='word_1_280' title='bbox 2289 1617 2457 1670; x_wconf 88' lang='lat' dir='ltr'><strong>fatum</strong></span> <span class='ocrx_word' id='word_1_281' title='bbox 2487 1617 2840 1673; x_wconf 88' lang='lat' dir='ltr'><strong>refellendum</strong></span> <span class='ocrx_word' id='word_1_282' title='bbox 2864 1634 2972 1672; x_wconf 90' lang='lat' dir='ltr'>non</span> <span class='ocrx_word' id='word_1_283' title='bbox 3003 1619 3189 1686; x_wconf 89' lang='lat' dir='ltr'><strong>nitor;</strong></span> <span class='ocrx_word' id='word_1_284' title='bbox 3223 1621 3315 1674; x_wconf 82' lang='lat' dir='ltr'>sed</span> <span class='ocrx_word' id='word_1_285' title='bbox 3351 1621 3440 1673; x_wconf 91' lang='lat' dir='ltr'><strong>illa</strong></span> <span class='ocrx_word' id='word_1_286' title='bbox 3473 1636 3572 1692; x_wconf 87' lang='lat' dir='ltr'>p0-</span> 
     </span>
    </p>
   </div>
   <div class='ocr_carea' id='block_1_42' title="bbox 2003 1711 3574 1779">
    <p class='ocr_par' dir='ltr' id='par_1_42' title="bbox 2003 1711 3574 1779">
     <span class='ocr_line' id='line_1_42' title="bbox 2003 1711 3574 1779; baseline 0.004 -17"><span class='ocrx_word' id='word_1_287' title='bbox 2003 1712 2111 1766; x_wconf 90' lang='lat' dir='ltr'><strong>tius</strong></span> <span class='ocrx_word' id='word_1_288' title='bbox 2165 1711 2392 1774; x_wconf 83' lang='lat' dir='ltr'><strong>ratione,</strong></span> <span class='ocrx_word' id='word_1_289' title='bbox 2445 1711 2593 1779; x_wconf 88' lang='lat' dir='ltr'><strong>quod</strong></span> <span class='ocrx_word' id='word_1_290' title='bbox 2644 1711 2865 1766; x_wconf 77' lang='lat' dir='ltr'><strong>fallaces</strong></span> <span class='ocrx_word' id='word_1_291' title='bbox 2913 1727 2976 1766; x_wconf 88' lang='lat' dir='ltr'>ac</span> <span class='ocrx_word' id='word_1_292' title='bbox 3033 1712 3248 1767; x_wconf 88' lang='lat' dir='ltr'><strong>subdoli</strong></span> <span class='ocrx_word' id='word_1_293' title='bbox 3298 1713 3574 1769; x_wconf 80' lang='lat' dir='ltr'><strong>daemones</strong></span> 
     </span>
    </p>
   </div>
   <div class='ocr_carea' id='block_1_43' title="bbox 2003 1801 3576 1860">
    <p class='ocr_par' dir='ltr' id='par_1_43' title="bbox 2003 1801 3576 1860">
     <span class='ocr_line' id='line_1_43' title="bbox 2003 1801 3576 1860; baseline 0.003 -6"><span class='ocrx_word' id='word_1_294' title='bbox 2003 1803 2188 1855; x_wconf 88' lang='lat' dir='ltr'><strong>multis</strong></span> <span class='ocrx_word' id='word_1_295' title='bbox 2215 1803 2378 1856; x_wconf 88' lang='lat' dir='ltr'><strong>etiam</strong></span> <span class='ocrx_word' id='word_1_296' title='bbox 2404 1801 2528 1856; x_wconf 91' lang='lat' dir='ltr'><strong>aliis</strong></span> <span class='ocrx_word' id='word_1_297' title='bbox 2555 1803 2729 1857; x_wconf 91' lang='lat' dir='ltr'><strong>modis</strong></span> <span class='ocrx_word' id='word_1_298' title='bbox 2757 1803 3172 1858; x_wconf 79' lang='lat' dir='ltr'><strong>vaticinationes</strong></span> <span class='ocrx_word' id='word_1_299' title='bbox 3207 1803 3576 1860; x_wconf 80' lang='lat' dir='ltr'><strong>fraudulenter</strong></span> 
     </span>
    </p>
   </div>
   <div class='ocr_carea' id='block_1_44' title="bbox 2003 1891 3576 1965">
    <p class='ocr_par' dir='ltr' id='par_1_44' title="bbox 2003 1891 3576 1965">
     <span class='ocr_line' id='line_1_44' title="bbox 2003 1891 3576 1965; baseline 0.001 -18"><span class='ocrx_word' id='word_1_300' title='bbox 2003 1893 2514 1948; x_wconf 85' lang='lat' dir='ltr'><strong>comminiscuntur.</strong></span> <span class='ocrx_word' id='word_1_301' title='bbox 2575 1891 2710 1946; x_wconf 85' lang='lat' dir='ltr'><strong>Nam</strong></span> <span class='ocrx_word' id='word_1_302' title='bbox 2759 1893 3087 1946; x_wconf 87' lang='lat' dir='ltr'><strong>divinatoria</strong></span> <span class='ocrx_word' id='word_1_303' title='bbox 3135 1896 3380 1964; x_wconf 67' lang='lat' dir='ltr'><strong>quaedam</strong></span> <span class='ocrx_word' id='word_1_304' title='bbox 3435 1911 3576 1965; x_wconf 86' lang='lat' dir='ltr'><strong>aqua</strong></span> 
     </span>
    </p>
   </div>
   <div class='ocr_carea' id='block_1_45' title="bbox 2001 1983 3578 2054">
    <p class='ocr_par' dir='ltr' id='par_1_45' title="bbox 2001 1983 3578 2054">
     <span class='ocr_line' id='line_1_45' title="bbox 2001 1983 3578 2054; baseline 0.001 -15"><span class='ocrx_word' id='word_1_305' title='bbox 2001 1995 2158 2054; x_wconf 89' lang='lat' dir='ltr'><strong>epota</strong></span> <span class='ocrx_word' id='word_1_306' title='bbox 2198 1986 2250 2038; x_wconf 89' lang='lat' dir='ltr'>in</span> <span class='ocrx_word' id='word_1_307' title='bbox 2302 1985 2501 2038; x_wconf 86' lang='lat' dir='ltr'><strong>mentis</strong></span> <span class='ocrx_word' id='word_1_308' title='bbox 2529 1999 2770 2038; x_wconf 89' lang='lat' dir='ltr'><strong>errorem</strong></span> <span class='ocrx_word' id='word_1_309' title='bbox 2803 1994 2858 2037; x_wconf 89' lang='lat' dir='ltr'>et</span> <span class='ocrx_word' id='word_1_310' title='bbox 2899 1983 3169 2038; x_wconf 84' lang='lat' dir='ltr'><strong>insaniam</strong></span> <span class='ocrx_word' id='word_1_311' title='bbox 3224 1985 3470 2054; x_wconf 85' lang='lat' dir='ltr'><strong>inducit;</strong></span> <span class='ocrx_word' id='word_1_312' title='bbox 3523 1999 3578 2042; x_wconf 85' lang='lat' dir='ltr'>et</span> 
     </span>
    </p>
   </div>
   <div class='ocr_carea' id='block_1_46' title="bbox 2005 2075 3571 2148">
    <p class='ocr_par' dir='ltr' id='par_1_46' title="bbox 2005 2075 3571 2148">
     <span class='ocr_line' id='line_1_46' title="bbox 2005 2075 3571 2148; baseline 0.001 -16"><span class='ocrx_word' id='word_1_313' title='bbox 2005 2079 2230 2148; x_wconf 84' lang='lat' dir='ltr'><strong>spiritus</strong></span> <span class='ocrx_word' id='word_1_314' title='bbox 2265 2093 2498 2146; x_wconf 87' lang='lat' dir='ltr'><strong>superne</strong></span> <span class='ocrx_word' id='word_1_315' title='bbox 2529 2092 2624 2145; x_wconf 92' lang='lat' dir='ltr'>per</span> <span class='ocrx_word' id='word_1_316' title='bbox 2651 2075 2923 2145; x_wconf 86' lang='lat' dir='ltr'><strong>quoddam</strong></span> <span class='ocrx_word' id='word_1_317' title='bbox 2960 2075 3230 2130; x_wconf 80' lang='lat' dir='ltr'><strong>orificium</strong></span> <span class='ocrx_word' id='word_1_318' title='bbox 3265 2093 3571 2146; x_wconf 84' lang='lat' dir='ltr'><strong>permeans,</strong></span> 
     </span>
    </p>
   </div>
   <div class='ocr_carea' id='block_1_47' title="bbox 2005 2167 3578 2238">
    <p class='ocr_par' dir='ltr' id='par_1_47' title="bbox 2005 2167 3578 2238">
     <span class='ocr_line' id='line_1_47' title="bbox 2005 2167 3578 2238; baseline 0.001 -16"><span class='ocrx_word' id='word_1_319' title='bbox 2005 2170 2258 2238; x_wconf 88' lang='lat' dir='ltr'><strong>intraque</strong></span> <span class='ocrx_word' id='word_1_320' title='bbox 2290 2167 2518 2222; x_wconf 86' lang='lat' dir='ltr'><strong>feminea</strong></span> <span class='ocrx_word' id='word_1_321' title='bbox 2547 2167 2758 2222; x_wconf 80' lang='lat' dir='ltr'><strong>viscera</strong></span> <span class='ocrx_word' id='word_1_322' title='bbox 2805 2179 3077 2236; x_wconf 86' lang='lat' dir='ltr'><strong>receptus,</strong></span> <span class='ocrx_word' id='word_1_323' title='bbox 3127 2175 3180 2221; x_wconf 87' lang='lat' dir='ltr'>et</span> <span class='ocrx_word' id='word_1_324' title='bbox 3208 2179 3363 2222; x_wconf 87' lang='lat' dir='ltr'><strong>utero</strong></span> <span class='ocrx_word' id='word_1_325' title='bbox 3397 2179 3578 2229; x_wconf 88' lang='lat' dir='ltr'><strong>tumo-</strong></span> 
     </span>
    </p>
   </div>
   <div class='ocr_carea' id='block_1_48' title="bbox 2002 2259 3578 2327">
    <p class='ocr_par' dir='ltr' id='par_1_48' title="bbox 2002 2259 3578 2327">
     <span class='ocr_line' id='line_1_48' title="bbox 2002 2259 3578 2327; baseline 0.001 -11"><span class='ocrx_word' id='word_1_326' title='bbox 2002 2277 2116 2317; x_wconf 90' lang='lat' dir='ltr'>rem</span> <span class='ocrx_word' id='word_1_327' title='bbox 2164 2269 2217 2315; x_wconf 88' lang='lat' dir='ltr'>et</span> <span class='ocrx_word' id='word_1_328' title='bbox 2268 2261 2434 2314; x_wconf 87' lang='lat' dir='ltr'><strong>menti</strong></span> <span class='ocrx_word' id='word_1_329' title='bbox 2470 2259 2706 2314; x_wconf 90' lang='lat' dir='ltr'><strong>furorem</strong></span> <span class='ocrx_word' id='word_1_330' title='bbox 2759 2274 2820 2312; x_wconf 87' lang='lat' dir='ltr'>ac</span> <span class='ocrx_word' id='word_1_331' title='bbox 2850 2259 3100 2313; x_wconf 88' lang='lat' dir='ltr'><strong>delirium</strong></span> <span class='ocrx_word' id='word_1_332' title='bbox 3139 2261 3415 2315; x_wconf 85' lang='lat' dir='ltr'><strong>conciliat.</strong></span> <span class='ocrx_word' id='word_1_333' title='bbox 3447 2261 3578 2327; x_wconf 76' lang='lat' dir='ltr'><strong>Qua:</strong></span> 
     </span>
    </p>
   </div>
   <div class='ocr_carea' id='block_1_49' title="bbox 2003 2351 3576 2424">
    <p class='ocr_par' dir='ltr' id='par_1_49' title="bbox 2003 2351 3576 2424">
     <span class='ocr_line' id='line_1_49' title="bbox 2003 2351 3576 2424; baseline 0.001 -16"><span class='ocrx_word' id='word_1_334' title='bbox 2003 2354 2207 2416; x_wconf 85' lang='lat' dir='ltr'><strong>omnia,</strong></span> <span class='ocrx_word' id='word_1_335' title='bbox 2243 2354 2426 2407; x_wconf 85' lang='lat' dir='ltr'><strong>divina</strong></span> <span class='ocrx_word' id='word_1_336' title='bbox 2451 2359 2502 2406; x_wconf 90' lang='lat' dir='ltr'>et</span> <span class='ocrx_word' id='word_1_337' title='bbox 2529 2351 2788 2405; x_wconf 85' lang='lat' dir='ltr'><strong>vaticinia</strong></span> <span class='ocrx_word' id='word_1_338' title='bbox 2819 2351 3074 2424; x_wconf 79' lang='lat' dir='ltr'><strong>videntur</strong></span> <span class='ocrx_word' id='word_1_339' title='bbox 3102 2367 3287 2406; x_wconf 89' lang='lat' dir='ltr'><strong>errore</strong></span> <span class='ocrx_word' id='word_1_340' title='bbox 3312 2352 3576 2423; x_wconf 88' lang='lat' dir='ltr'><strong>deceptis.</strong></span> 
     </span>
    </p>
   </div>
   <div class='ocr_carea' id='block_1_50' title="bbox 2002 2442 3579 2516">
    <p class='ocr_par' dir='ltr' id='par_1_50' title="bbox 2002 2442 3579 2516">
     <span class='ocr_line' id='line_1_50' title="bbox 2002 2442 3579 2516; baseline 0.001 -17"><span class='ocrx_word' id='word_1_341' title='bbox 2002 2445 2145 2512; x_wconf 87' lang='lat' dir='ltr'><strong>Quin</strong></span> <span class='ocrx_word' id='word_1_342' title='bbox 2179 2445 2340 2500; x_wconf 90' lang='lat' dir='ltr'><strong>etiam</strong></span> <span class='ocrx_word' id='word_1_343' title='bbox 2375 2459 2563 2496; x_wconf 81' lang='lat' dir='ltr'><strong>omnes</strong></span> <span class='ocrx_word' id='word_1_344' title='bbox 2607 2443 2705 2506; x_wconf 85' lang='lat' dir='ltr'><strong>illi,</strong></span> <span class='ocrx_word' id='word_1_345' title='bbox 2769 2442 2862 2512; x_wconf 89' lang='lat' dir='ltr'>qui</span> <span class='ocrx_word' id='word_1_346' title='bbox 2911 2459 2977 2496; x_wconf 78' lang='lat' dir='ltr'><strong>ex</strong></span> <span class='ocrx_word' id='word_1_347' title='bbox 3025 2443 3210 2511; x_wconf 89' lang='lat' dir='ltr'><strong>jecore</strong></span> <span class='ocrx_word' id='word_1_348' title='bbox 3261 2452 3356 2498; x_wconf 89' lang='lat' dir='ltr'>aut</span> <span class='ocrx_word' id='word_1_349' title='bbox 3403 2446 3579 2516; x_wconf 87' lang='lat' dir='ltr'><strong>signis</strong></span> 
     </span>
    </p>
   </div>
   <div class='ocr_carea' id='block_1_51' title="bbox 2001 2535 3580 2609">
    <p class='ocr_par' dir='ltr' id='par_1_51' title="bbox 2001 2535 3580 2609">
     <span class='ocr_line' id='line_1_51' title="bbox 2001 2535 3580 2609; baseline 0.001 -19"><span class='ocrx_word' id='word_1_350' title='bbox 2001 2537 2326 2609; x_wconf 88' lang='lat' dir='ltr'><strong>quibusdam</strong></span> <span class='ocrx_word' id='word_1_351' title='bbox 2358 2535 2520 2604; x_wconf 82' lang='lat' dir='ltr'><strong>ignis,</strong></span> <span class='ocrx_word' id='word_1_352' title='bbox 2569 2541 2664 2589; x_wconf 91' lang='lat' dir='ltr'>aut</span> <span class='ocrx_word' id='word_1_353' title='bbox 2691 2551 2754 2589; x_wconf 83' lang='lat' dir='ltr'><strong>ex</strong></span> <span class='ocrx_word' id='word_1_354' title='bbox 2793 2535 2974 2588; x_wconf 89' lang='lat' dir='ltr'><strong>avium</strong></span> <span class='ocrx_word' id='word_1_355' title='bbox 3025 2535 3206 2589; x_wconf 87' lang='lat' dir='ltr'><strong>volatu</strong></span> <span class='ocrx_word' id='word_1_356' title='bbox 3241 2535 3420 2591; x_wconf 88' lang='lat' dir='ltr'><strong>futura</strong></span> <span class='ocrx_word' id='word_1_357' title='bbox 3452 2553 3580 2592; x_wconf 92' lang='lat' dir='ltr'><strong>con-</strong></span> 
     </span>
    </p>
   </div>
   <div class='ocr_carea' id='block_1_52' title="bbox 2003 2624 3579 2698">
    <p class='ocr_par' dir='ltr' id='par_1_52' title="bbox 2003 2624 3579 2698">
     <span class='ocr_line' id='line_1_52' title="bbox 2003 2624 3579 2698; baseline -0.001 -16"><span class='ocrx_word' id='word_1_358' title='bbox 2003 2629 2231 2698; x_wconf 85' lang='lat' dir='ltr'><strong>jeclant,</strong></span> <span class='ocrx_word' id='word_1_359' title='bbox 2257 2627 2365 2679; x_wconf 88' lang='lat' dir='ltr'>vim</span> <span class='ocrx_word' id='word_1_360' title='bbox 2393 2625 2636 2678; x_wconf 91' lang='lat' dir='ltr'><strong>vaticinii</strong></span> <span class='ocrx_word' id='word_1_361' title='bbox 2663 2639 2770 2678; x_wconf 92' lang='lat' dir='ltr'>non</span> <span class='ocrx_word' id='word_1_362' title='bbox 2796 2624 2862 2678; x_wconf 87' lang='lat' dir='ltr'>ad</span> <span class='ocrx_word' id='word_1_363' title='bbox 2897 2624 3088 2690; x_wconf 87' lang='lat' dir='ltr'><strong>fatum,</strong></span> <span class='ocrx_word' id='word_1_364' title='bbox 3117 2626 3212 2681; x_wconf 85' lang='lat' dir='ltr'>sed</span> <span class='ocrx_word' id='word_1_365' title='bbox 3245 2627 3311 2680; x_wconf 91' lang='lat' dir='ltr'>ad</span> <span class='ocrx_word' id='word_1_366' title='bbox 3339 2625 3579 2682; x_wconf 82' lang='lat' dir='ltr'><strong>afflatum</strong></span> 
     </span>
    </p>
   </div>
   <div class='ocr_carea' id='block_1_53' title="bbox 2007 2715 2928 2791">
    <p class='ocr_par' dir='ltr' id='par_1_53' title="bbox 2007 2715 2928 2791">
     <span class='ocr_line' id='line_1_53' title="bbox 2007 2715 2928 2791; baseline -0.002 -17"><span class='ocrx_word' id='word_1_367' title='bbox 2007 2717 2296 2791; x_wconf 87' lang='lat' dir='ltr'><strong>quemdam</strong></span> <span class='ocrx_word' id='word_1_368' title='bbox 2326 2718 2632 2770; x_wconf 68' lang='lat' dir='ltr'><strong>daemonum</strong></span> <span class='ocrx_word' id='word_1_369' title='bbox 2664 2715 2928 2772; x_wconf 82' lang='lat' dir='ltr'><strong>referunt.</strong></span> 
     </span>
    </p>
   </div>
   <div class='ocr_carea' id='block_1_54' title="bbox 311 2796 3582 2888">
    <p class='ocr_par' dir='ltr' id='par_1_54' title="bbox 311 2796 3582 2888">
     <span class='ocr_line' id='line_1_54' title="bbox 311 2796 3582 2888; baseline 0.005 -40"><span class='ocrx_word' id='word_1_370' title='bbox 311 2797 368 2848; x_wconf 83' lang='grc' dir='ltr'>τὸ</span> <span class='ocrx_word' id='word_1_371' title='bbox 416 2796 518 2867; x_wconf 78' lang='grc' dir='ltr'>μὲν</span> <span class='ocrx_word' id='word_1_372' title='bbox 567 2797 986 2867; x_wconf 81' lang='grc' dir='ltr'>πεπλανημένας</span> <span class='ocrx_word' id='word_1_373' title='bbox 1029 2796 1128 2861; x_wconf 81' lang='grc' dir='ltr'>τὰς</span> <span class='ocrx_word' id='word_1_374' title='bbox 1175 2799 1302 2868; x_wconf 79' lang='grc' dir='ltr'>περὶ</span> <span class='ocrx_word' id='word_1_375' title='bbox 1344 2801 1548 2856; x_wconf 85' lang='grc' dir='ltr'>τούτων</span> <span class='ocrx_word' id='word_1_376' title='bbox 1595 2805 1838 2873; x_wconf 82' lang='grc' dir='ltr'>γίνεσθαι</span> <span class='ocrx_word' id='word_1_377' title='bbox 1883 2811 2326 2888; x_wconf 80' lang='grc' dir='ltr'>προαγορεύσεις,</span> <span class='ocrx_word' id='word_1_378' title='bbox 2367 2807 2517 2861; x_wconf 73' lang='grc' dir='ltr'>οὔπω</span> <span class='ocrx_word' id='word_1_379' title='bbox 2564 2809 2705 2878; x_wconf 91' lang='grc' dir='ltr'>μέγα</span> <span class='ocrx_word' id='word_1_380' title='bbox 2745 2807 3002 2880; x_wconf 82' lang='grc' dir='ltr'>ποιοῦμαι</span> <span class='ocrx_word' id='word_1_381' title='bbox 3042 2811 3337 2882; x_wconf 89' lang='grc' dir='ltr'>τεκμήριον</span> <span class='ocrx_word' id='word_1_382' title='bbox 3369 2810 3464 2864; x_wconf 90' lang='grc' dir='ltr'>τοῦ</span> <span class='ocrx_word' id='word_1_383' title='bbox 3506 2811 3582 2883; x_wconf 82' lang='grc' dir='ltr'>μὴ</span> 
     </span>
    </p>
   </div>
   <div class='ocr_carea' id='block_1_55' title="bbox 309 2889 3582 2973">
    <p class='ocr_par' dir='ltr' id='par_1_55' title="bbox 309 2889 3582 2973">
     <span class='ocr_line' id='line_1_55' title="bbox 309 2889 3582 2973; baseline 0.003 -30"><span class='ocrx_word' id='word_1_384' title='bbox 309 2890 533 2943; x_wconf 81' lang='grc' dir='ltr'>ἑστάναι</span> <span class='ocrx_word' id='word_1_385' title='bbox 556 2890 652 2959; x_wconf 88' lang='grc' dir='ltr'>τῆς</span> <span class='ocrx_word' id='word_1_386' title='bbox 683 2891 1021 2960; x_wconf 82' lang='grc' dir='ltr'>εἱμαρμένης</span> <span class='ocrx_word' id='word_1_387' title='bbox 1053 2889 1142 2944; x_wconf 88' lang='grc' dir='ltr'>τὸν</span> <span class='ocrx_word' id='word_1_388' title='bbox 1171 2890 1356 2958; x_wconf 83' lang='grc' dir='ltr'>λόγον’</span> <span class='ocrx_word' id='word_1_389' title='bbox 1399 2894 1514 2948; x_wconf 82' lang='grc' dir='ltr'>ἀλλ’</span> <span class='ocrx_word' id='word_1_390' title='bbox 1551 2897 1736 2972; x_wconf 84' lang='grc' dir='ltr'>ἐπειδὴ</span> <span class='ocrx_word' id='word_1_391' title='bbox 1783 2908 2003 2972; x_wconf 81' lang='grc' dir='ltr'>πολλαῖς</span> <span class='ocrx_word' id='word_1_392' title='bbox 2075 2907 2168 2959; x_wconf 72' lang='grc' dir='ltr'>καὶ</span> <span class='ocrx_word' id='word_1_393' title='bbox 2201 2903 2384 2962; x_wconf 83' lang='grc' dir='ltr'>ἄλλαις</span> <span class='ocrx_word' id='word_1_394' title='bbox 2424 2901 2687 2962; x_wconf 76' lang='grc' dir='ltr'>ἐπινοίαις</span> <span class='ocrx_word' id='word_1_395' title='bbox 2747 2902 2780 2970; x_wconf 79' lang='grc' dir='ltr'>ἡ</span> <span class='ocrx_word' id='word_1_396' title='bbox 2827 2900 3078 2971; x_wconf 84' lang='grc' dir='ltr'>ἁπατηλὴ</span> <span class='ocrx_word' id='word_1_397' title='bbox 3134 2901 3244 2954; x_wconf 85' lang='grc' dir='ltr'>τῶν</span> <span class='ocrx_word' id='word_1_398' title='bbox 3313 2901 3582 2973; x_wconf 85' lang='grc' dir='ltr'>δαιμόνων</span> 
     </span>
    </p>
   </div>
   <div class='ocr_carea' id='block_1_56' title="bbox 309 2979 3583 3066">
    <p class='ocr_par' dir='ltr' id='par_1_56' title="bbox 309 2979 3583 3066">
     <span class='ocr_line' id='line_1_56' title="bbox 309 2979 3583 3066; baseline 0.002 -26"><span class='ocrx_word' id='word_1_399' title='bbox 309 2979 537 3050; x_wconf 79' lang='grc' dir='ltr'>δύναμις</span> <span class='ocrx_word' id='word_1_400' title='bbox 557 2979 658 3042; x_wconf 78' lang='grc' dir='ltr'>τὰς</span> <span class='ocrx_word' id='word_1_401' title='bbox 681 2980 1010 3050; x_wconf 76' lang='grc' dir='ltr'>προρρήσεις</span> <span class='ocrx_word' id='word_1_402' title='bbox 1034 2981 1330 3049; x_wconf 74' lang='grc' dir='ltr'>σοφίζεται.</span> <span class='ocrx_word' id='word_1_403' title='bbox 1358 2985 1468 3038; x_wconf 74' lang='grc' dir='ltr'>Καὶ</span> <span class='ocrx_word' id='word_1_404' title='bbox 1497 2987 1606 3058; x_wconf 82' lang='grc' dir='ltr'>γάρ</span> <span class='ocrx_word' id='word_1_405' title='bbox 1627 2993 1719 3045; x_wconf 78' lang='grc' dir='ltr'>καὶ</span> <span class='ocrx_word' id='word_1_406' title='bbox 1743 2993 1884 3066; x_wconf 76' lang='grc' dir='ltr'>ὕδωρ</span> <span class='ocrx_word' id='word_1_407' title='bbox 1922 3013 1975 3050; x_wconf 91' lang='grc' dir='ltr'>τι</span> <span class='ocrx_word' id='word_1_408' title='bbox 2008 2993 2283 3066; x_wconf 83' lang='grc' dir='ltr'>μαντικὸν,</span> <span class='ocrx_word' id='word_1_409' title='bbox 2313 2989 2638 3062; x_wconf 70' lang='grc' dir='ltr'>παραφοράς</span> <span class='ocrx_word' id='word_1_410' title='bbox 2668 2990 2761 3043; x_wconf 74' lang='grc' dir='ltr'>καὶ</span> <span class='ocrx_word' id='word_1_411' title='bbox 2789 2991 2984 3060; x_wconf 89' lang='grc' dir='ltr'>μανίας</span> <span class='ocrx_word' id='word_1_412' title='bbox 3052 2993 3162 3054; x_wconf 82' lang='grc' dir='ltr'>τοῖς</span> <span class='ocrx_word' id='word_1_413' title='bbox 3227 2993 3583 3062; x_wconf 81' lang='grc' dir='ltr'>γευσαμένοις</span> 
     </span>
    </p>
   </div>
   <div class='ocr_carea' id='block_1_57' title="bbox 311 3067 3584 3159">
    <p class='ocr_par' dir='ltr' id='par_1_57' title="bbox 311 3067 3584 3159">
     <span class='ocr_line' id='line_1_57' title="bbox 311 3067 3584 3159; baseline 0.006 -33"><span class='ocrx_word' id='word_1_414' title='bbox 311 3073 758 3144; x_wconf 82' lang='grc' dir='ltr'>ἐνεργαζόμενον,</span> <span class='ocrx_word' id='word_1_415' title='bbox 807 3075 900 3125; x_wconf 73' lang='grc' dir='ltr'>καὶ</span> <span class='ocrx_word' id='word_1_416' title='bbox 947 3073 1163 3142; x_wconf 88' lang='grc' dir='ltr'>πνεῦμα</span> <span class='ocrx_word' id='word_1_417' title='bbox 1201 3077 1440 3130; x_wconf 82' lang='grc' dir='ltr'>κάτωθεν</span> <span class='ocrx_word' id='word_1_418' title='bbox 1468 3079 1554 3134; x_wconf 88' lang='grc' dir='ltr'>διά</span> <span class='ocrx_word' id='word_1_419' title='bbox 1595 3101 1738 3149; x_wconf 86' lang='grc' dir='ltr'>τινος</span> <span class='ocrx_word' id='word_1_420' title='bbox 1768 3089 1986 3159; x_wconf 84' lang='grc' dir='ltr'>στομίου</span> <span class='ocrx_word' id='word_1_421' title='bbox 2027 3085 2464 3158; x_wconf 79' lang='grc' dir='ltr'>διεξερχόμενον·</span> <span class='ocrx_word' id='word_1_422' title='bbox 2533 3085 2669 3150; x_wconf 84' lang='grc' dir='ltr'>ὅπερ</span> <span class='ocrx_word' id='word_1_423' title='bbox 2751 3084 2798 3134; x_wconf 83' lang='grc' dir='ltr'>εἰ</span> <span class='ocrx_word' id='word_1_424' title='bbox 2875 3084 2932 3135; x_wconf 87' lang='grc' dir='ltr'>ἐν</span> <span class='ocrx_word' id='word_1_425' title='bbox 2975 3083 3304 3152; x_wconf 82' lang='grc' dir='ltr'>γυναικείοις</span> <span class='ocrx_word' id='word_1_426' title='bbox 3319 3067 3328 3072; x_wconf 30' lang='grc'><strong><em>⁸</em></strong></span> <span class='ocrx_word' id='word_1_427' title='bbox 3376 3085 3584 3152; x_wconf 79' lang='grc' dir='ltr'>γένοιτο</span> 
     </span>
    </p>
   </div>
   <div class='ocr_carea' id='block_1_58' title="bbox 313 3167 3583 3252">
    <p class='ocr_par' dir='ltr' id='par_1_58' title="bbox 313 3167 3583 3252">
     <span class='ocr_line' id='line_1_58' title="bbox 313 3167 3583 3252; baseline 0.003 -31"><span class='ocrx_word' id='word_1_428' title='bbox 313 3169 639 3238; x_wconf 79' lang='grc' dir='ltr'>σπλάγχνοις</span> <span class='ocrx_word' id='word_1_429' title='bbox 666 3167 994 3238; x_wconf 80' lang='grc' dir='ltr'>ἐξῳδηκέναι</span> <span class='ocrx_word' id='word_1_430' title='bbox 1025 3169 1123 3239; x_wconf 84' lang='grc' dir='ltr'>τὴν</span> <span class='ocrx_word' id='word_1_431' title='bbox 1157 3171 1396 3242; x_wconf 86' lang='grc' dir='ltr'>γαστέρα</span> <span class='ocrx_word' id='word_1_432' title='bbox 1435 3174 1628 3243; x_wconf 84' lang='grc' dir='ltr'>ἐποίει,</span> <span class='ocrx_word' id='word_1_433' title='bbox 1670 3181 1764 3233; x_wconf 74' lang='grc' dir='ltr'>καὶ</span> <span class='ocrx_word' id='word_1_434' title='bbox 1795 3183 1891 3252; x_wconf 85' lang='grc' dir='ltr'>τῆς</span> <span class='ocrx_word' id='word_1_435' title='bbox 1962 3182 2198 3243; x_wconf 78' lang='grc' dir='ltr'>διανοίας</span> <span class='ocrx_word' id='word_1_436' title='bbox 2225 3181 2503 3238; x_wconf 76' lang='grc' dir='ltr'>ἔκστασιν,</span> <span class='ocrx_word' id='word_1_437' title='bbox 2540 3179 2634 3229; x_wconf 70' lang='grc' dir='ltr'>καὶ</span> <span class='ocrx_word' id='word_1_438' title='bbox 2673 3175 2996 3246; x_wconf 77' lang='grc' dir='ltr'>παραφορὰν</span> <span class='ocrx_word' id='word_1_439' title='bbox 3028 3175 3122 3229; x_wconf 83' lang='grc' dir='ltr'>τοῦ</span> <span class='ocrx_word' id='word_1_440' title='bbox 3188 3175 3583 3248; x_wconf 85' lang='grc' dir='ltr'>καθεστηκότος</span> 
     </span>
    </p>
   </div>
   <div class='ocr_carea' id='block_1_59' title="bbox 307 3263 3587 3346">
    <p class='ocr_par' dir='ltr' id='par_1_59' title="bbox 307 3263 3587 3346">
     <span class='ocr_line' id='line_1_59' title="bbox 307 3263 3587 3346; baseline -0.003 -12"><span class='ocrx_word' id='word_1_441' title='bbox 307 3265 618 3334; x_wconf 68' lang='grc' dir='ltr'>εξργάξετο·</span> <span class='ocrx_word' id='word_1_442' title='bbox 687 3264 865 3335; x_wconf 76' lang='grc' dir='ltr'>’Ἂπερ</span> <span class='ocrx_word' id='word_1_443' title='bbox 913 3263 1108 3330; x_wconf 72' lang='grc' dir='ltr'>πάντα,</span> <span class='ocrx_word' id='word_1_444' title='bbox 1177 3263 1295 3318; x_wconf 85' lang='grc' dir='ltr'>θεῖά</span> <span class='ocrx_word' id='word_1_445' title='bbox 1339 3285 1399 3320; x_wconf 82' lang='grc' dir='ltr'>τε</span> <span class='ocrx_word' id='word_1_446' title='bbox 1447 3271 1541 3323; x_wconf 85' lang='grc' dir='ltr'>καὶ</span> <span class='ocrx_word' id='word_1_447' title='bbox 1577 3276 1812 3342; x_wconf 75' lang='grc' dir='ltr'>μαντικὰ</span> <span class='ocrx_word' id='word_1_448' title='bbox 1849 3280 1961 3340; x_wconf 80' lang='grc' dir='ltr'>τοῖς</span> <span class='ocrx_word' id='word_1_449' title='bbox 1997 3276 2376 3346; x_wconf 88' lang='grc' dir='ltr'>ἀπατωμένοις</span> <span class='ocrx_word' id='word_1_450' title='bbox 2407 3273 2601 3338; x_wconf 88' lang='grc' dir='ltr'>ἐδόκει,</span> <span class='ocrx_word' id='word_1_451' title='bbox 2629 3271 2737 3323; x_wconf 86' lang='grc' dir='ltr'>τῶν</span> <span class='ocrx_word' id='word_1_452' title='bbox 2769 3289 2827 3324; x_wconf 88' lang='grc' dir='ltr'>τε</span> <span class='ocrx_word' id='word_1_453' title='bbox 2869 3270 2928 3334; x_wconf 82' lang='grc' dir='ltr'>ἐξ</span> <span class='ocrx_word' id='word_1_454' title='bbox 2971 3271 3180 3341; x_wconf 80' lang='grc' dir='ltr'>ἥπατος</span> <span class='ocrx_word' id='word_1_455' title='bbox 3213 3272 3246 3342; x_wconf 79' lang='grc' dir='ltr'><strong>ἢ</strong></span> <span class='ocrx_word' id='word_1_456' title='bbox 3281 3273 3449 3343; x_wconf 77' lang='grc' dir='ltr'>πυρὸς</span> <span class='ocrx_word' id='word_1_457' title='bbox 3488 3290 3587 3343; x_wconf 81' lang='grc' dir='ltr'>ση-</span> 
     </span>
    </p>
   </div>
   <div class='ocr_carea' id='block_1_60' title="bbox 316 3355 3584 3437">
    <p class='ocr_par' dir='ltr' id='par_1_60' title="bbox 316 3355 3584 3437">
     <span class='ocr_line' id='line_1_60' title="bbox 316 3355 3584 3437; baseline 0.002 -27"><span class='ocrx_word' id='word_1_458' title='bbox 316 3358 490 3429; x_wconf 86' lang='grc' dir='ltr'>μείοις</span> <span class='ocrx_word' id='word_1_459' title='bbox 519 3357 628 3410; x_wconf 75' lang='grc' dir='ltr'>τισὶ</span> <span class='ocrx_word' id='word_1_460' title='bbox 653 3355 713 3409; x_wconf 80' lang='grc' dir='ltr'>τὸ</span> <span class='ocrx_word' id='word_1_461' title='bbox 746 3355 936 3419; x_wconf 89' lang='grc' dir='ltr'>μέλλον</span> <span class='ocrx_word' id='word_1_462' title='bbox 971 3355 1416 3424; x_wconf 75' lang='grc' dir='ltr'>προεικαζόντων,</span> <span class='ocrx_word' id='word_1_463' title='bbox 1447 3360 1480 3432; x_wconf 85' lang='grc' dir='ltr'>ἢ</span> <span class='ocrx_word' id='word_1_464' title='bbox 1507 3363 1616 3417; x_wconf 88' lang='grc' dir='ltr'>τῶν</span> <span class='ocrx_word' id='word_1_465' title='bbox 1643 3365 1776 3434; x_wconf 84' lang='grc' dir='ltr'>πρὸς</span> <span class='ocrx_word' id='word_1_466' title='bbox 1795 3365 1892 3429; x_wconf 83' lang='grc' dir='ltr'>τὰς</span> <span class='ocrx_word' id='word_1_467' title='bbox 1931 3368 2156 3437; x_wconf 84' lang='grc' dir='ltr'>πτήσεις</span> <span class='ocrx_word' id='word_1_468' title='bbox 2188 3363 2296 3416; x_wconf 88' lang='grc' dir='ltr'>τῶν</span> <span class='ocrx_word' id='word_1_469' title='bbox 2365 3361 2587 3432; x_wconf 85' lang='grc' dir='ltr'>ὀρνέων,</span> <span class='ocrx_word' id='word_1_470' title='bbox 2660 3359 2831 3422; x_wconf 75' lang='grc' dir='ltr'>οὐδεὶς</span> <span class='ocrx_word' id='word_1_471' title='bbox 2884 3361 3112 3430; x_wconf 86' lang='grc' dir='ltr'>ἀνέθηκε</span> <span class='ocrx_word' id='word_1_472' title='bbox 3163 3363 3228 3431; x_wconf 80' lang='grc' dir='ltr'>τῇ</span> <span class='ocrx_word' id='word_1_473' title='bbox 3277 3361 3584 3434; x_wconf 80' lang='grc' dir='ltr'>εἱμαρμένῃ</span> 
     </span>
    </p>
   </div>
   <div class='ocr_carea' id='block_1_61' title="bbox 309 3449 2936 3528">
    <p class='ocr_par' dir='ltr' id='par_1_61' title="bbox 309 3449 2936 3528">
     <span class='ocr_line' id='line_1_61' title="bbox 309 3449 2936 3528; baseline -0.001 -22"><span class='ocrx_word' id='word_1_474' title='bbox 309 3453 406 3524; x_wconf 83' lang='grc' dir='ltr'>τὴν</span> <span class='ocrx_word' id='word_1_475' title='bbox 439 3451 544 3522; x_wconf 80' lang='grc' dir='ltr'>τῆς</span> <span class='ocrx_word' id='word_1_476' title='bbox 582 3451 940 3522; x_wconf 76' lang='grc' dir='ltr'>προρρήσεως</span> <span class='ocrx_word' id='word_1_477' title='bbox 985 3449 1241 3518; x_wconf 78' lang='grc' dir='ltr'>δύναμιν·</span> <span class='ocrx_word' id='word_1_478' title='bbox 1301 3451 1437 3505; x_wconf 83' lang='grc' dir='ltr'>ἀλλά</span> <span class='ocrx_word' id='word_1_479' title='bbox 1485 3473 1588 3508; x_wconf 91' lang='grc' dir='ltr'>τινι</span> <span class='ocrx_word' id='word_1_480' title='bbox 1643 3458 1892 3528; x_wconf 81' lang='grc' dir='ltr'>δαιμονίᾳ</span> <span class='ocrx_word' id='word_1_481' title='bbox 1931 3459 2225 3528; x_wconf 81' lang='grc' dir='ltr'>κατακωχῇ</span> <span class='ocrx_word' id='word_1_482' title='bbox 2257 3456 2316 3508; x_wconf 80' lang='grc' dir='ltr'>τὸ</span> <span class='ocrx_word' id='word_1_483' title='bbox 2345 3453 2584 3507; x_wconf 83' lang='grc' dir='ltr'>τοιοῦτον</span> <span class='ocrx_word' id='word_1_484' title='bbox 2616 3451 2936 3520; x_wconf 81' lang='grc' dir='ltr'>λογίζονται.</span> 
     </span>
    </p>
   </div>
   <div class='ocr_carea' id='block_1_62' title="bbox 381 3533 1898 3618">
    <p class='ocr_par' dir='ltr' id='par_1_62' title="bbox 381 3533 1896 3618">
     <span class='ocr_line' id='line_1_62' title="bbox 381 3533 1896 3618; baseline 0.003 -21"><span class='ocrx_word' id='word_1_485' title='bbox 381 3545 541 3598; x_wconf 87' lang='grc' dir='ltr'>Οῦτω</span> <span class='ocrx_word' id='word_1_486' title='bbox 568 3545 728 3614; x_wconf 73' lang='grc' dir='ltr'>φημὶ,</span> <span class='ocrx_word' id='word_1_487' title='bbox 766 3543 799 3612; x_wconf 84' lang='grc' dir='ltr'>ἢ</span> <span class='ocrx_word' id='word_1_488' title='bbox 839 3541 912 3612; x_wconf 85' lang='grc' dir='ltr'>μὴ</span> <span class='ocrx_word' id='word_1_489' title='bbox 946 3538 1084 3594; x_wconf 72' lang='grc' dir='ltr'>εἶναι</span> <span class='ocrx_word' id='word_1_490' title='bbox 1124 3540 1351 3596; x_wconf 84' lang='grc' dir='ltr'>καθόλου</span> <span class='ocrx_word' id='word_1_491' title='bbox 1389 3533 1784 3618; x_wconf 70' lang='grc' dir='ltr'>πβοαγόρευσιν</span> <span class='ocrx_word' id='word_1_492' title='bbox 1809 3549 1896 3602; x_wconf 77' lang='grc' dir='ltr'>διὰ</span> 
     </span>
    </p>
   </div>
   <div class='ocr_carea' id='block_1_63' title="bbox 2002 3533 3582 3618">
    <p class='ocr_par' dir='ltr' id='par_1_63' title="bbox 2073 3542 3582 3612">
     <span class='ocr_line' id='line_1_63' title="bbox 2073 3542 3582 3612; baseline -0.003 -12"><span class='ocrx_word' id='word_1_493' title='bbox 2073 3549 2253 3612; x_wconf 85' lang='lat' dir='ltr'><strong>Quare</strong></span> <span class='ocrx_word' id='word_1_494' title='bbox 2281 3544 2533 3600; x_wconf 80' lang='lat' dir='ltr'><strong>existimo</strong></span> <span class='ocrx_word' id='word_1_495' title='bbox 2565 3553 2657 3596; x_wconf 89' lang='lat' dir='ltr'>aut</span> <span class='ocrx_word' id='word_1_496' title='bbox 2687 3557 2792 3596; x_wconf 91' lang='lat' dir='ltr'>non</span> <span class='ocrx_word' id='word_1_497' title='bbox 2824 3557 2946 3595; x_wconf 82' lang='lat' dir='ltr'><strong>esse</strong></span> <span class='ocrx_word' id='word_1_498' title='bbox 2997 3542 3218 3594; x_wconf 89' lang='lat' dir='ltr'><strong>omnino</strong></span> <span class='ocrx_word' id='word_1_499' title='bbox 3259 3557 3385 3596; x_wconf 85' lang='lat' dir='ltr'><strong>vera</strong></span> <span class='ocrx_word' id='word_1_500' title='bbox 3435 3543 3582 3596; x_wconf 86' lang='lat' dir='ltr'><strong>vati-</strong></span> 
     </span>
    </p>
   </div>
   <div class='ocr_carea' id='block_1_64' title="bbox 312 3637 1898 3710">
    <p class='ocr_par' dir='ltr' id='par_1_64' title="bbox 312 3637 1898 3710">
     <span class='ocr_line' id='line_1_64' title="bbox 312 3637 1898 3710; baseline 0.002 -21"><span class='ocrx_word' id='word_1_501' title='bbox 312 3639 373 3692; x_wconf 74' lang='grc' dir='ltr'>τὸ</span> <span class='ocrx_word' id='word_1_502' title='bbox 409 3639 625 3700; x_wconf 83' lang='grc' dir='ltr'>πολλοῖς</span> <span class='ocrx_word' id='word_1_503' title='bbox 663 3637 1022 3705; x_wconf 84' lang='grc' dir='ltr'>ἐναντιώμασι</span> <span class='ocrx_word' id='word_1_504' title='bbox 1061 3637 1159 3699; x_wconf 74' lang='grc' dir='ltr'>τὰς</span> <span class='ocrx_word' id='word_1_505' title='bbox 1197 3638 1525 3708; x_wconf 71' lang='grc' dir='ltr'>προρρήσεις</span> <span class='ocrx_word' id='word_1_506' title='bbox 1564 3639 1898 3710; x_wconf 80' lang='grc' dir='ltr'>ἐλέγχεσθαι,</span> 
     </span>
    </p>
   </div>
   <div class='ocr_carea' id='block_1_65' title="bbox 311 3727 1904 3800">
    <p class='ocr_par' dir='ltr' id='par_1_65' title="bbox 311 3727 1904 3800">
     <span class='ocr_line' id='line_1_65' title="bbox 311 3727 1904 3800; baseline 0.001 -18"><span class='ocrx_word' id='word_1_507' title='bbox 311 3731 346 3800; x_wconf 81' lang='grc' dir='ltr'><strong>ἢ</strong></span> <span class='ocrx_word' id='word_1_508' title='bbox 393 3730 554 3798; x_wconf 79' lang='grc' dir='ltr'>εἴπερ</span> <span class='ocrx_word' id='word_1_509' title='bbox 602 3727 942 3780; x_wconf 83' lang='grc' dir='ltr'>ἀποδείκνυσί</span> <span class='ocrx_word' id='word_1_510' title='bbox 990 3745 1073 3790; x_wconf 90' lang='grc' dir='ltr'>τις</span> <span class='ocrx_word' id='word_1_511' title='bbox 1121 3729 1287 3798; x_wconf 77' lang='grc' dir='ltr'>αὐτὴν</span> <span class='ocrx_word' id='word_1_512' title='bbox 1329 3729 1404 3792; x_wconf 83' lang='grc' dir='ltr'>ὡς</span> <span class='ocrx_word' id='word_1_513' title='bbox 1449 3730 1818 3800; x_wconf 73' lang='grc' dir='ltr'>προλέγουσαν</span> <span class='ocrx_word' id='word_1_514' title='bbox 1852 3749 1904 3784; x_wconf 90' lang='grc' dir='ltr'>τι</span> 
     </span>
    </p>
   </div>
   <div class='ocr_carea' id='block_1_66' title="bbox 313 3819 1900 3890">
    <p class='ocr_par' dir='ltr' id='par_1_66' title="bbox 313 3819 1900 3890">
     <span class='ocr_line' id='line_1_66' title="bbox 313 3819 1900 3890; baseline 0.001 -16"><span class='ocrx_word' id='word_1_515' title='bbox 313 3821 420 3874; x_wconf 83' lang='grc' dir='ltr'>τῶν</span> <span class='ocrx_word' id='word_1_516' title='bbox 450 3820 851 3890; x_wconf 81' lang='grc' dir='ltr'>ἐκϐησομένων,</span> <span class='ocrx_word' id='word_1_517' title='bbox 885 3819 1018 3890; x_wconf 85' lang='grc' dir='ltr'>ὅπερ</span> <span class='ocrx_word' id='word_1_518' title='bbox 1063 3819 1154 3870; x_wconf 83' lang='grc' dir='ltr'>ἐπί</span> <span class='ocrx_word' id='word_1_519' title='bbox 1187 3819 1296 3872; x_wconf 86' lang='grc' dir='ltr'>τῶν</span> <span class='ocrx_word' id='word_1_520' title='bbox 1337 3819 1510 3873; x_wconf 80' lang='grc' dir='ltr'>ἄλλων</span> <span class='ocrx_word' id='word_1_521' title='bbox 1536 3821 1763 3874; x_wconf 77' lang='grc' dir='ltr'>ἑκάστου</span> <span class='ocrx_word' id='word_1_522' title='bbox 1792 3823 1900 3875; x_wconf 87' lang='grc' dir='ltr'>τῶν</span> 
     </span>
    </p>
   </div>
   <div class='ocr_carea' id='block_1_67' title="bbox 313 3909 1902 3982">
    <p class='ocr_par' dir='ltr' id='par_1_67' title="bbox 313 3909 1902 3982">
     <span class='ocr_line' id='line_1_67' title="bbox 313 3909 1902 3982; baseline 0.001 -18"><span class='ocrx_word' id='word_1_523' title='bbox 313 3911 458 3964; x_wconf 83' lang='grc' dir='ltr'>κατά</span> <span class='ocrx_word' id='word_1_524' title='bbox 505 3911 802 3982; x_wconf 74' lang='grc' dir='ltr'>πρόρρησιν</span> <span class='ocrx_word' id='word_1_525' title='bbox 857 3909 1362 3980; x_wconf 82' lang='grc' dir='ltr'>ἐπιτυγχανομένων</span> <span class='ocrx_word' id='word_1_526' title='bbox 1392 3910 1902 3980; x_wconf 77' lang='grc' dir='ltr'>καταλαμϐάνομεν,</span> 
     </span>
    </p>
   </div>
   <div class='ocr_carea' id='block_1_68' title="bbox 312 3999 1897 4074">
    <p class='ocr_par' dir='ltr' id='par_1_68' title="bbox 312 3999 1897 4074">
     <span class='ocr_line' id='line_1_68' title="bbox 312 3999 1897 4074; baseline 0.002 -20"><span class='ocrx_word' id='word_1_527' title='bbox 312 4001 472 4054; x_wconf 82' lang='grc' dir='ltr'>τοῦτο</span> <span class='ocrx_word' id='word_1_528' title='bbox 501 4001 592 4053; x_wconf 57' lang='grc' dir='ltr'>κοιλ¹</span> <span class='ocrx_word' id='word_1_529' title='bbox 629 4002 720 4054; x_wconf 74' lang='grc' dir='ltr'>ἐπὶ</span> <span class='ocrx_word' id='word_1_530' title='bbox 767 3999 859 4053; x_wconf 87' lang='grc' dir='ltr'>τοῦ</span> <span class='ocrx_word' id='word_1_531' title='bbox 903 4001 1140 4053; x_wconf 85' lang='grc' dir='ltr'>τοιούτου</span> <span class='ocrx_word' id='word_1_532' title='bbox 1187 4001 1285 4071; x_wconf 80' lang='grc' dir='ltr'>τῆς</span> <span class='ocrx_word' id='word_1_533' title='bbox 1336 4003 1694 4074; x_wconf 74' lang='grc' dir='ltr'>προρρήσεως</span> <span class='ocrx_word' id='word_1_534' title='bbox 1726 4005 1897 4068; x_wconf 78' lang='grc' dir='ltr'>εἴδους</span> 
     </span>
    </p>
   </div>
   <div class='ocr_carea' id='block_1_69' title="bbox 312 4085 1902 4161">
    <p class='ocr_par' dir='ltr' id='par_1_69' title="bbox 312 4085 1902 4161">
     <span class='ocr_line' id='line_1_69' title="bbox 312 4085 1902 4161; baseline 0.001 -18"><span class='ocrx_word' id='word_1_535' title='bbox 312 4091 540 4161; x_wconf 85' lang='grc' dir='ltr'>οἰόμεθα</span> <span class='ocrx_word' id='word_1_536' title='bbox 569 4091 761 4161; x_wconf 78' lang='grc' dir='ltr'>χρῆναι</span> <span class='ocrx_word' id='word_1_537' title='bbox 795 4089 1050 4160; x_wconf 76' lang='grc' dir='ltr'>νομίζειν.</span> <span class='ocrx_word' id='word_1_538' title='bbox 1083 4085 1229 4141; x_wconf 83' lang='grc' dir='ltr'>Ἷσον</span> <span class='ocrx_word' id='word_1_539' title='bbox 1267 4090 1376 4160; x_wconf 74' lang='grc' dir='ltr'>γὰρ</span> <span class='ocrx_word' id='word_1_540' title='bbox 1408 4091 1499 4142; x_wconf 70' lang='grc' dir='ltr'>ἐπὶ</span> <span class='ocrx_word' id='word_1_541' title='bbox 1537 4091 1758 4144; x_wconf 83' lang='grc' dir='ltr'>πάντων·</span> <span class='ocrx_word' id='word_1_542' title='bbox 1781 4091 1902 4145; x_wconf 80' lang='grc' dir='ltr'>τού-</span> 
     </span>
    </p>
   </div>
   <div class='ocr_carea' id='block_1_70' title="bbox 314 4179 1905 4250">
    <p class='ocr_par' dir='ltr' id='par_1_70' title="bbox 314 4179 1905 4250">
     <span class='ocr_line' id='line_1_70' title="bbox 314 4179 1905 4250; baseline 0.003 -18"><span class='ocrx_word' id='word_1_543' title='bbox 314 4197 424 4234; x_wconf 86' lang='grc' dir='ltr'>των</span> <span class='ocrx_word' id='word_1_544' title='bbox 473 4181 610 4242; x_wconf 78' lang='grc' dir='ltr'>ἐστὶ,</span> <span class='ocrx_word' id='word_1_545' title='bbox 649 4181 712 4232; x_wconf 87' lang='grc' dir='ltr'>τὸ</span> <span class='ocrx_word' id='word_1_546' title='bbox 758 4181 816 4232; x_wconf 84' lang='grc' dir='ltr'>ὲν</span> <span class='ocrx_word' id='word_1_547' title='bbox 853 4183 963 4244; x_wconf 85' lang='grc' dir='ltr'>τοῖς</span> <span class='ocrx_word' id='word_1_548' title='bbox 991 4179 1197 4232; x_wconf 82' lang='grc' dir='ltr'>πλείοσι</span> <span class='ocrx_word' id='word_1_549' title='bbox 1221 4179 1628 4250; x_wconf 83' lang='grc' dir='ltr'>διαμαρτάνειν,</span> <span class='ocrx_word' id='word_1_550' title='bbox 1660 4183 1720 4234; x_wconf 92' lang='grc' dir='ltr'>τό</span> <span class='ocrx_word' id='word_1_551' title='bbox 1756 4200 1813 4236; x_wconf 90' lang='grc' dir='ltr'>τε</span> <span class='ocrx_word' id='word_1_552' title='bbox 1847 4183 1905 4237; x_wconf 80' lang='grc' dir='ltr'>ἐν</span> 
     </span>
    </p>
   </div>
   <div class='ocr_carea' id='block_1_71' title="bbox 315 4269 1904 4342">
    <p class='ocr_par' dir='ltr' id='par_1_71' title="bbox 315 4269 1904 4342">
     <span class='ocr_line' id='line_1_71' title="bbox 315 4269 1904 4342; baseline -0.001 -17"><span class='ocrx_word' id='word_1_553' title='bbox 315 4289 458 4326; x_wconf 86' lang='grc' dir='ltr'>τισιν</span> <span class='ocrx_word' id='word_1_554' title='bbox 486 4272 664 4324; x_wconf 85' lang='grc' dir='ltr'>δοκεῖν</span> <span class='ocrx_word' id='word_1_555' title='bbox 699 4273 773 4342; x_wconf 78' lang='grc' dir='ltr'>μὴ</span> <span class='ocrx_word' id='word_1_556' title='bbox 801 4271 906 4335; x_wconf 79' lang='grc' dir='ltr'>ἔξω</span> <span class='ocrx_word' id='word_1_557' title='bbox 947 4271 1043 4342; x_wconf 80' lang='grc' dir='ltr'>τῆς</span> <span class='ocrx_word' id='word_1_558' title='bbox 1087 4271 1193 4322; x_wconf 85' lang='grc' dir='ltr'>τῶν</span> <span class='ocrx_word' id='word_1_559' title='bbox 1239 4269 1620 4340; x_wconf 70' lang='grc' dir='ltr'>ἐκϐησομένων</span> <span class='ocrx_word' id='word_1_560' title='bbox 1650 4270 1904 4341; x_wconf 81' lang='grc' dir='ltr'>ἀληθείας</span> 
     </span>
    </p>
   </div>
   <div class='ocr_carea' id='block_1_72' title="bbox 313 4361 1902 4434">
    <p class='ocr_par' dir='ltr' id='par_1_72' title="bbox 313 4361 1902 4434">
     <span class='ocr_line' id='line_1_72' title="bbox 313 4361 1902 4434; baseline 0 -18"><span class='ocrx_word' id='word_1_561' title='bbox 313 4363 471 4432; x_wconf 77' lang='grc' dir='ltr'>ἄγειν</span> <span class='ocrx_word' id='word_1_562' title='bbox 501 4363 602 4434; x_wconf 83' lang='grc' dir='ltr'>τὴν</span> <span class='ocrx_word' id='word_1_563' title='bbox 634 4363 936 4434; x_wconf 74' lang='grc' dir='ltr'>πρόρρησιν</span> <span class='ocrx_word' id='word_1_564' title='bbox 955 4380 968 4392; x_wconf 88' lang='grc'><strong>·</strong></span> <span class='ocrx_word' id='word_1_565' title='bbox 1001 4362 1094 4414; x_wconf 75' lang='grc' dir='ltr'>καὶ</span> <span class='ocrx_word' id='word_1_566' title='bbox 1123 4363 1186 4431; x_wconf 85' lang='grc' dir='ltr'>τῇ</span> <span class='ocrx_word' id='word_1_567' title='bbox 1217 4361 1465 4431; x_wconf 83' lang='grc' dir='ltr'>ἀπατηλῇ</span> <span class='ocrx_word' id='word_1_568' title='bbox 1497 4361 1606 4428; x_wconf 79' lang='grc' dir='ltr'>τῶν</span> <span class='ocrx_word' id='word_1_569' title='bbox 1631 4361 1902 4432; x_wconf 80' lang='grc' dir='ltr'>δαιμόνων</span> 
     </span>
    </p>
   </div>
   <div class='ocr_carea' id='block_1_73' title="bbox 313 4453 1904 4525">
    <p class='ocr_par' dir='ltr' id='par_1_73' title="bbox 313 4453 1904 4525">
     <span class='ocr_line' id='line_1_73' title="bbox 313 4453 1904 4525; baseline -0.001 -16"><span class='ocrx_word' id='word_1_570' title='bbox 313 4456 475 4525; x_wconf 74' lang='grc' dir='ltr'>φύσει</span> <span class='ocrx_word' id='word_1_571' title='bbox 519 4453 738 4525; x_wconf 83' lang='grc' dir='ltr'>ὁμοίως,</span> <span class='ocrx_word' id='word_1_572' title='bbox 778 4454 872 4506; x_wconf 87' lang='grc' dir='ltr'>καί</span> <span class='ocrx_word' id='word_1_573' title='bbox 912 4453 998 4506; x_wconf 84' lang='grc' dir='ltr'>διὰ</span> <span class='ocrx_word' id='word_1_574' title='bbox 1039 4453 1242 4524; x_wconf 85' lang='grc' dir='ltr'>ταύτης</span> <span class='ocrx_word' id='word_1_575' title='bbox 1269 4454 1363 4506; x_wconf 76' lang='grc' dir='ltr'>καὶ</span> <span class='ocrx_word' id='word_1_576' title='bbox 1396 4455 1574 4524; x_wconf 88' lang='grc' dir='ltr'>πάσης</span> <span class='ocrx_word' id='word_1_577' title='bbox 1604 4455 1846 4516; x_wconf 81' lang='grc' dir='ltr'>ἐπινοίας</span> <span class='ocrx_word' id='word_1_578' title='bbox 1876 4459 1904 4508; x_wconf 86' lang='grc' dir='ltr'>ό</span> 
     </span>
    </p>
   </div>
   <div class='ocr_carea' id='block_1_74' title="bbox 315 4545 1906 4618">
    <p class='ocr_par' dir='ltr' id='par_1_74' title="bbox 315 4545 1906 4618">
     <span class='ocr_line' id='line_1_74' title="bbox 315 4545 1906 4618; baseline 0 -18"><span class='ocrx_word' id='word_1_579' title='bbox 315 4550 519 4610; x_wconf 83' lang='grc' dir='ltr'>σκοπὸς</span> <span class='ocrx_word' id='word_1_580' title='bbox 551 4545 937 4618; x_wconf 66' lang='grc' dir='ltr'>κατορθοῦταγ</span> <span class='ocrx_word' id='word_1_581' title='bbox 977 4547 1038 4598; x_wconf 78' lang='grc' dir='ltr'>τὸ</span> <span class='ocrx_word' id='word_1_582' title='bbox 1069 4545 1176 4616; x_wconf 82' lang='grc' dir='ltr'>γὰρ</span> <span class='ocrx_word' id='word_1_583' title='bbox 1217 4546 1518 4615; x_wconf 82' lang='grc' dir='ltr'>ἀποστῆσαι</span> <span class='ocrx_word' id='word_1_584' title='bbox 1561 4547 1652 4598; x_wconf 83' lang='grc' dir='ltr'>τὸν</span> <span class='ocrx_word' id='word_1_585' title='bbox 1697 4545 1906 4616; x_wconf 82' lang='grc' dir='ltr'>ἄνθρω-</span> 
     </span>
    </p>
   </div>
   <div class='ocr_carea' id='block_1_75' title="bbox 315 4637 1903 4710">
    <p class='ocr_par' dir='ltr' id='par_1_75' title="bbox 315 4637 1903 4710">
     <span class='ocr_line' id='line_1_75' title="bbox 315 4637 1903 4710; baseline -0.003 -16"><span class='ocrx_word' id='word_1_586' title='bbox 315 4659 418 4694; x_wconf 82' lang='grc' dir='ltr'>πον</span> <span class='ocrx_word' id='word_1_587' title='bbox 447 4641 544 4693; x_wconf 88' lang='grc' dir='ltr'>τοῦ</span> <span class='ocrx_word' id='word_1_588' title='bbox 579 4639 712 4709; x_wconf 85' lang='grc' dir='ltr'>πρὸς</span> <span class='ocrx_word' id='word_1_589' title='bbox 744 4639 834 4691; x_wconf 79' lang='grc' dir='ltr'>τὸν</span> <span class='ocrx_word' id='word_1_590' title='bbox 879 4638 1010 4691; x_wconf 71' lang='grc' dir='ltr'>Θεὸν</span> <span class='ocrx_word' id='word_1_591' title='bbox 1041 4637 1276 4707; x_wconf 80' lang='grc' dir='ltr'>βλέπειν,</span> <span class='ocrx_word' id='word_1_592' title='bbox 1312 4638 1564 4690; x_wconf 84' lang='grc' dir='ltr'>κάκεῖθεν</span> <span class='ocrx_word' id='word_1_593' title='bbox 1607 4638 1781 4707; x_wconf 82' lang='grc' dir='ltr'>ἐαυτῷ</span> <span class='ocrx_word' id='word_1_594' title='bbox 1809 4640 1903 4710; x_wconf 85' lang='grc' dir='ltr'>τὴν</span> 
     </span>
    </p>
   </div>
   <div class='ocr_carea' id='block_1_76' title="bbox 313 4729 1904 4801">
    <p class='ocr_par' dir='ltr' id='par_1_76' title="bbox 313 4729 1904 4801">
     <span class='ocr_line' id='line_1_76' title="bbox 313 4729 1904 4801; baseline -0.004 -15"><span class='ocrx_word' id='word_1_595' title='bbox 313 4733 420 4786; x_wconf 88' lang='grc' dir='ltr'>τῶν</span> <span class='ocrx_word' id='word_1_596' title='bbox 447 4731 668 4800; x_wconf 84' lang='grc' dir='ltr'>ἀγαθῶν</span> <span class='ocrx_word' id='word_1_597' title='bbox 698 4733 888 4801; x_wconf 83' lang='grc' dir='ltr'>μοῖραν</span> <span class='ocrx_word' id='word_1_598' title='bbox 923 4729 1380 4801; x_wconf 73' lang='grc' dir='ltr'>παρασκευάζειν,</span> <span class='ocrx_word' id='word_1_599' title='bbox 1412 4729 1530 4781; x_wconf 78' lang='grc' dir='ltr'>ἀντὶ</span> <span class='ocrx_word' id='word_1_600' title='bbox 1559 4729 1762 4792; x_wconf 76' lang='grc' dir='ltr'>παντὸς</span> <span class='ocrx_word' id='word_1_601' title='bbox 1791 4733 1904 4792; x_wconf 87' lang='grc' dir='ltr'>τοῖς</span> 
     </span>
    </p>
   </div>
   <div class='ocr_carea' id='block_1_77' title="bbox 309 4819 1902 4894">
    <p class='ocr_par' dir='ltr' id='par_1_77' title="bbox 309 4819 1902 4894">
     <span class='ocr_line' id='line_1_77' title="bbox 309 4819 1902 4894; baseline -0.003 -17"><span class='ocrx_word' id='word_1_602' title='bbox 309 4823 533 4894; x_wconf 85' lang='grc' dir='ltr'>δαίμοσι</span> <span class='ocrx_word' id='word_1_603' title='bbox 568 4823 942 4887; x_wconf 79' lang='grc' dir='ltr'>σπουδάζεται.</span> <span class='ocrx_word' id='word_1_604' title='bbox 980 4822 1052 4874; x_wconf 78' lang='grc' dir='ltr'>Τὸ</span> <span class='ocrx_word' id='word_1_605' title='bbox 1087 4821 1266 4874; x_wconf 89' lang='grc' dir='ltr'>τοίνυν</span> <span class='ocrx_word' id='word_1_606' title='bbox 1305 4819 1596 4872; x_wconf 85' lang='grc' dir='ltr'>πεπεῖσθαι</span> <span class='ocrx_word' id='word_1_607' title='bbox 1640 4821 1768 4882; x_wconf 75' lang='grc' dir='ltr'>τοὺς</span> <span class='ocrx_word' id='word_1_608' title='bbox 1813 4821 1902 4872; x_wconf 85' lang='grc' dir='ltr'>εὑ-</span> 
     </span>
    </p>
   </div>
   <div class='ocr_carea' id='block_1_78' title="bbox 2004 3633 3571 3708">
    <p class='ocr_par' dir='ltr' id='par_1_78' title="bbox 2004 3633 3571 3708">
     <span class='ocr_line' id='line_1_78' title="bbox 2004 3633 3571 3708; baseline -0.003 -15"><span class='ocrx_word' id='word_1_609' title='bbox 2004 3639 2169 3702; x_wconf 90' lang='lat' dir='ltr'><strong>cinia,</strong></span> <span class='ocrx_word' id='word_1_610' title='bbox 2202 3637 2346 3708; x_wconf 88' lang='lat' dir='ltr'><strong>quod</strong></span> <span class='ocrx_word' id='word_1_611' title='bbox 2381 3635 2566 3688; x_wconf 89' lang='lat' dir='ltr'><strong>multis</strong></span> <span class='ocrx_word' id='word_1_612' title='bbox 2611 3633 2894 3704; x_wconf 77' lang='lat' dir='ltr'><strong>eventibus</strong></span> <span class='ocrx_word' id='word_1_613' title='bbox 2927 3633 3220 3687; x_wconf 86' lang='lat' dir='ltr'><strong>contrariis</strong></span> <span class='ocrx_word' id='word_1_614' title='bbox 3251 3634 3571 3688; x_wconf 82' lang='lat' dir='ltr'><strong>convellun—</strong></span> 
     </span>
    </p>
   </div>
   <div class='ocr_carea' id='block_1_79' title="bbox 2007 3721 3582 3795">
    <p class='ocr_par' dir='ltr' id='par_1_79' title="bbox 2007 3721 3582 3795">
     <span class='ocr_line' id='line_1_79' title="bbox 2007 3721 3582 3795; baseline 0 -16"><span class='ocrx_word' id='word_1_615' title='bbox 2007 3733 2130 3788; x_wconf 87' lang='lat' dir='ltr'><strong>tur;</strong></span> <span class='ocrx_word' id='word_1_616' title='bbox 2163 3735 2256 3780; x_wconf 87' lang='lat' dir='ltr'>aut</span> <span class='ocrx_word' id='word_1_617' title='bbox 2297 3727 2344 3781; x_wconf 90' lang='lat' dir='ltr'>si</span> <span class='ocrx_word' id='word_1_618' title='bbox 2375 3726 2498 3795; x_wconf 89' lang='lat' dir='ltr'><strong>quis</strong></span> <span class='ocrx_word' id='word_1_619' title='bbox 2533 3721 2786 3778; x_wconf 88' lang='lat' dir='ltr'><strong>ostendat</strong></span> <span class='ocrx_word' id='word_1_620' title='bbox 2821 3721 2990 3775; x_wconf 86' lang='lat' dir='ltr'><strong>fatum</strong></span> <span class='ocrx_word' id='word_1_621' title='bbox 3029 3723 3449 3792; x_wconf 65' lang='lat' dir='ltr'><strong>prmsigniﬁcare</strong></span> <span class='ocrx_word' id='word_1_622' title='bbox 3480 3725 3582 3780; x_wconf 83' lang='lat' dir='ltr'><strong>ali-</strong></span> 
     </span>
    </p>
   </div>
   <div class='ocr_carea' id='block_1_80' title="bbox 2004 3815 3578 3892">
    <p class='ocr_par' dir='ltr' id='par_1_80' title="bbox 2004 3815 3578 3892">
     <span class='ocr_line' id='line_1_80' title="bbox 2004 3815 3578 3892; baseline -0.003 -17"><span class='ocrx_word' id='word_1_623' title='bbox 2004 3838 2164 3892; x_wconf 84' lang='lat' dir='ltr'><strong>quem</strong></span> <span class='ocrx_word' id='word_1_624' title='bbox 2198 3821 2436 3873; x_wconf 87' lang='lat' dir='ltr'><strong>futurum</strong></span> <span class='ocrx_word' id='word_1_625' title='bbox 2461 3825 2734 3877; x_wconf 87' lang='lat' dir='ltr'><strong>eventum.</strong></span> <span class='ocrx_word' id='word_1_626' title='bbox 2771 3815 2914 3886; x_wconf 91' lang='lat' dir='ltr'><strong>quod</strong></span> <span class='ocrx_word' id='word_1_627' title='bbox 2945 3815 2998 3866; x_wconf 92' lang='lat' dir='ltr'>in</span> <span class='ocrx_word' id='word_1_628' title='bbox 3033 3815 3162 3874; x_wconf 75' lang='lat' dir='ltr'><strong>aliis,</strong></span> <span class='ocrx_word' id='word_1_629' title='bbox 3191 3815 3466 3878; x_wconf 89' lang='lat' dir='ltr'><strong>omnibus,</strong></span> <span class='ocrx_word' id='word_1_630' title='bbox 3501 3815 3578 3870; x_wconf 87' lang='lat' dir='ltr'>ita</span> 
     </span>
    </p>
   </div>
   <div class='ocr_carea' id='block_1_81' title="bbox 2007 3903 3578 3981">
    <p class='ocr_par' dir='ltr' id='par_1_81' title="bbox 2007 3903 3578 3981">
     <span class='ocr_line' id='line_1_81' title="bbox 2007 3903 3578 3981; baseline -0.004 -15"><span class='ocrx_word' id='word_1_631' title='bbox 2007 3913 2080 3966; x_wconf 86' lang='lat' dir='ltr'>uti</span> <span class='ocrx_word' id='word_1_632' title='bbox 2119 3911 2478 3981; x_wconf 62' lang='lat' dir='ltr'><strong>praenuntiata</strong></span> <span class='ocrx_word' id='word_1_633' title='bbox 2527 3905 2762 3971; x_wconf 88' lang='lat' dir='ltr'><strong>fuerant,</strong></span> <span class='ocrx_word' id='word_1_634' title='bbox 2817 3903 3196 3959; x_wconf 82' lang='lat' dir='ltr'><strong>evenientibus</strong></span> <span class='ocrx_word' id='word_1_635' title='bbox 3247 3904 3578 3972; x_wconf 81' lang='lat' dir='ltr'><strong>reperimus,</strong></span> 
     </span>
    </p>
   </div>
   <div class='ocr_carea' id='block_1_82' title="bbox 2005 3995 3575 4070">
    <p class='ocr_par' dir='ltr' id='par_1_82' title="bbox 2005 3995 3575 4070">
     <span class='ocr_line' id='line_1_82' title="bbox 2005 3995 3575 4070; baseline -0.006 -13"><span class='ocrx_word' id='word_1_636' title='bbox 2005 4003 2059 4058; x_wconf 87' lang='lat' dir='ltr'>id</span> <span class='ocrx_word' id='word_1_637' title='bbox 2093 4005 2147 4056; x_wconf 92' lang='lat' dir='ltr'>in</span> <span class='ocrx_word' id='word_1_638' title='bbox 2181 4000 2488 4070; x_wconf 87' lang='lat' dir='ltr'><strong>hujusmodi</strong></span> <span class='ocrx_word' id='word_1_639' title='bbox 2536 4013 2754 4068; x_wconf 86' lang='lat' dir='ltr'><strong>quoque</strong></span> <span class='ocrx_word' id='word_1_640' title='bbox 2803 3995 3204 4049; x_wconf 85' lang='lat' dir='ltr'><strong>vaticinationis</strong></span> <span class='ocrx_word' id='word_1_641' title='bbox 3243 4009 3440 4064; x_wconf 81' lang='lat' dir='ltr'><strong>genere</strong></span> <span class='ocrx_word' id='word_1_642' title='bbox 3481 4011 3575 4048; x_wconf 86' lang='lat' dir='ltr'><strong>ue-</strong></span> 
     </span>
    </p>
   </div>
   <div class='ocr_carea' id='block_1_83' title="bbox 2005 4084 3584 4158">
    <p class='ocr_par' dir='ltr' id='par_1_83' title="bbox 2005 4084 3584 4158">
     <span class='ocr_line' id='line_1_83' title="bbox 2005 4084 3584 4158; baseline -0.006 -12"><span class='ocrx_word' id='word_1_643' title='bbox 2005 4093 2250 4146; x_wconf 86' lang='lat' dir='ltr'><strong>cessario</strong></span> <span class='ocrx_word' id='word_1_644' title='bbox 2291 4089 2516 4158; x_wconf 86' lang='lat' dir='ltr'><strong>reperiri</strong></span> <span class='ocrx_word' id='word_1_645' title='bbox 2543 4102 2852 4142; x_wconf 91' lang='lat' dir='ltr'><strong>censemus.</strong></span> <span class='ocrx_word' id='word_1_646' title='bbox 2883 4084 2988 4138; x_wconf 86' lang='lat' dir='ltr'><strong>Par</strong></span> <span class='ocrx_word' id='word_1_647' title='bbox 3015 4087 3158 4139; x_wconf 84' lang='lat' dir='ltr'><strong>enim</strong></span> <span class='ocrx_word' id='word_1_648' title='bbox 3205 4086 3258 4138; x_wconf 91' lang='lat' dir='ltr'>in</span> <span class='ocrx_word' id='word_1_649' title='bbox 3293 4085 3379 4140; x_wconf 90' lang='lat' dir='ltr'>his</span> <span class='ocrx_word' id='word_1_650' title='bbox 3406 4085 3584 4138; x_wconf 90' lang='lat' dir='ltr'><strong>omni-</strong></span> 
     </span>
    </p>
   </div>
   <div class='ocr_carea' id='block_1_84' title="bbox 2005 4177 3583 4248">
    <p class='ocr_par' dir='ltr' id='par_1_84' title="bbox 2005 4177 3583 4248">
     <span class='ocr_line' id='line_1_84' title="bbox 2005 4177 3583 4248; baseline -0.004 -10"><span class='ocrx_word' id='word_1_651' title='bbox 2005 4185 2108 4238; x_wconf 89' lang='lat' dir='ltr'>bus</span> <span class='ocrx_word' id='word_1_652' title='bbox 2141 4191 2224 4238; x_wconf 88' lang='lat' dir='ltr'>est</span> <span class='ocrx_word' id='word_1_653' title='bbox 2255 4184 2416 4246; x_wconf 87' lang='lat' dir='ltr'><strong>ratio,</strong></span> <span class='ocrx_word' id='word_1_654' title='bbox 2471 4189 2530 4234; x_wconf 89' lang='lat' dir='ltr'>ut</span> <span class='ocrx_word' id='word_1_655' title='bbox 2559 4179 2768 4233; x_wconf 86' lang='lat' dir='ltr'><strong>fatidici</strong></span> <span class='ocrx_word' id='word_1_656' title='bbox 2819 4177 2912 4231; x_wconf 91' lang='lat' dir='ltr'>ubi</span> <span class='ocrx_word' id='word_1_657' title='bbox 2946 4177 3003 4231; x_wconf 92' lang='lat' dir='ltr'>in</span> <span class='ocrx_word' id='word_1_658' title='bbox 3056 4177 3331 4248; x_wconf 85' lang='lat' dir='ltr'><strong>plerisque</strong></span> <span class='ocrx_word' id='word_1_659' title='bbox 3361 4193 3583 4232; x_wconf 84' lang='lat' dir='ltr'><strong>errave-</strong></span> 
     </span>
    </p>
   </div>
   <div class='ocr_carea' id='block_1_85' title="bbox 2005 4267 3586 4343">
    <p class='ocr_par' dir='ltr' id='par_1_85' title="bbox 2005 4267 3586 4343">
     <span class='ocr_line' id='line_1_85' title="bbox 2005 4267 3586 4343; baseline -0.003 -15"><span class='ocrx_word' id='word_1_660' title='bbox 2005 4277 2134 4336; x_wconf 88' lang='lat' dir='ltr'><strong>rint,</strong></span> <span class='ocrx_word' id='word_1_661' title='bbox 2167 4277 2219 4326; x_wconf 87' lang='lat' dir='ltr'>in</span> <span class='ocrx_word' id='word_1_662' title='bbox 2245 4271 2574 4343; x_wconf 85' lang='lat' dir='ltr'><strong>quibusdam</strong></span> <span class='ocrx_word' id='word_1_663' title='bbox 2604 4277 2752 4324; x_wconf 85' lang='lat' dir='ltr'><strong>certe</strong></span> <span class='ocrx_word' id='word_1_664' title='bbox 2785 4267 3094 4322; x_wconf 85' lang='lat' dir='ltr'><strong>futurorum</strong></span> <span class='ocrx_word' id='word_1_665' title='bbox 3119 4277 3412 4324; x_wconf 87' lang='lat' dir='ltr'><strong>eventuum</strong></span> <span class='ocrx_word' id='word_1_666' title='bbox 3447 4269 3586 4323; x_wconf 82' lang='lat' dir='ltr'><strong>veri-</strong></span> 
     </span>
    </p>
   </div>
   <div class='ocr_carea' id='block_1_86' title="bbox 2006 4357 3586 4428">
    <p class='ocr_par' dir='ltr' id='par_1_86' title="bbox 2006 4357 3586 4428">
     <span class='ocr_line' id='line_1_86' title="bbox 2006 4357 3586 4428; baseline -0.002 -11"><span class='ocrx_word' id='word_1_667' title='bbox 2006 4373 2170 4418; x_wconf 89' lang='lat' dir='ltr'><strong>tatem</strong></span> <span class='ocrx_word' id='word_1_668' title='bbox 2211 4360 2597 4417; x_wconf 87' lang='lat' dir='ltr'><strong>vaticinatione</strong></span> <span class='ocrx_word' id='word_1_669' title='bbox 2647 4360 2936 4414; x_wconf 88' lang='lat' dir='ltr'><strong>videantur</strong></span> <span class='ocrx_word' id='word_1_670' title='bbox 2970 4360 3235 4414; x_wconf 90' lang='lat' dir='ltr'><strong>assecuti.</strong></span> <span class='ocrx_word' id='word_1_671' title='bbox 3275 4363 3452 4428; x_wconf 85' lang='lat' dir='ltr'><strong>Atque</strong></span> <span class='ocrx_word' id='word_1_672' title='bbox 3498 4357 3586 4414; x_wconf 85' lang='lat' dir='ltr'><strong>in-</strong></span> 
     </span>
    </p>
   </div>
   <div class='ocr_carea' id='block_1_87' title="bbox 2006 4447 3581 4506">
    <p class='ocr_par' dir='ltr' id='par_1_87' title="bbox 2006 4447 3581 4506">
     <span class='ocr_line' id='line_1_87' title="bbox 2006 4447 3581 4506; baseline -0.003 0"><span class='ocrx_word' id='word_1_673' title='bbox 2006 4467 2122 4506; x_wconf 78' lang='lat' dir='ltr'><strong>Star</strong></span> <span class='ocrx_word' id='word_1_674' title='bbox 2151 4453 2623 4506; x_wconf 87' lang='lat' dir='ltr'><strong>fraudulentorum</strong></span> <span class='ocrx_word' id='word_1_675' title='bbox 2653 4449 2959 4503; x_wconf 75' lang='lat' dir='ltr'><strong>daemonum</strong></span> <span class='ocrx_word' id='word_1_676' title='bbox 2989 4447 3044 4501; x_wconf 92' lang='lat' dir='ltr'>in</span> <span class='ocrx_word' id='word_1_677' title='bbox 3091 4463 3209 4503; x_wconf 84' lang='lat' dir='ltr'>eam</span> <span class='ocrx_word' id='word_1_678' title='bbox 3241 4463 3354 4501; x_wconf 89' lang='lat' dir='ltr'>rem</span> <span class='ocrx_word' id='word_1_679' title='bbox 3388 4463 3581 4502; x_wconf 91' lang='lat' dir='ltr'><strong>omnes</strong></span> 
     </span>
    </p>
   </div>
   <div class='ocr_carea' id='block_1_88' title="bbox 2007 4539 3583 4613">
    <p class='ocr_par' dir='ltr' id='par_1_88' title="bbox 2007 4539 3583 4613">
     <span class='ocr_line' id='line_1_88' title="bbox 2007 4539 3583 4613; baseline -0.003 -17"><span class='ocrx_word' id='word_1_680' title='bbox 2007 4543 2366 4613; x_wconf 82' lang='lat' dir='ltr'><strong>cogitationes</strong></span> <span class='ocrx_word' id='word_1_681' title='bbox 2423 4541 2715 4596; x_wconf 90' lang='lat' dir='ltr'><strong>conferunt</strong></span> <span class='ocrx_word' id='word_1_682' title='bbox 2767 4547 2820 4593; x_wconf 88' lang='lat' dir='ltr'>ct</span> <span class='ocrx_word' id='word_1_683' title='bbox 2865 4553 3047 4600; x_wconf 87' lang='lat' dir='ltr'><strong>curas,</strong></span> <span class='ocrx_word' id='word_1_684' title='bbox 3108 4549 3165 4590; x_wconf 91' lang='lat' dir='ltr'>ut</span> <span class='ocrx_word' id='word_1_685' title='bbox 3211 4539 3482 4592; x_wconf 84' lang='lat' dir='ltr'><strong>hominem</strong></span> <span class='ocrx_word' id='word_1_686' title='bbox 3515 4553 3583 4592; x_wconf 91' lang='lat' dir='ltr'>eo</span> 
     </span>
    </p>
   </div>
   <div class='ocr_carea' id='block_1_89' title="bbox 2007 4631 3582 4720">
    <p class='ocr_par' dir='ltr' id='par_1_89' title="bbox 2007 4631 3582 4720">
     <span class='ocr_line' id='line_1_89' title="bbox 2007 4631 3582 4720; baseline -0.005 -30"><span class='ocrx_word' id='word_1_687' title='bbox 2007 4638 2254 4706; x_wconf 83' lang='lat' dir='ltr'><strong>redigant</strong></span> <span class='ocrx_word' id='word_1_688' title='bbox 2295 4651 2361 4690; x_wconf 92' lang='lat' dir='ltr'>ne</span> <span class='ocrx_word' id='word_1_689' title='bbox 2410 4635 2600 4689; x_wconf 93' lang='lat' dir='ltr'><strong>oculos</strong></span> <span class='ocrx_word' id='word_1_690' title='bbox 2629 4633 2710 4720; x_wconf 54' lang='lat' dir='ltr'><strong>.ad</strong></span> <span class='ocrx_word' id='word_1_691' title='bbox 2743 4631 2911 4686; x_wconf 91' lang='lat' dir='ltr'><strong>Deum</strong></span> <span class='ocrx_word' id='word_1_692' title='bbox 2955 4638 3256 4694; x_wconf 90' lang='lat' dir='ltr'><strong>convertat,</strong></span> <span class='ocrx_word' id='word_1_693' title='bbox 3310 4631 3378 4684; x_wconf 90' lang='lat' dir='ltr'>ab</span> <span class='ocrx_word' id='word_1_694' title='bbox 3405 4646 3582 4700; x_wconf 83' lang='lat' dir='ltr'><strong>eoque</strong></span> 
     </span>
    </p>
   </div>
   <div class='ocr_carea' id='block_1_90' title="bbox 2005 4722 3582 4793">
    <p class='ocr_par' dir='ltr' id='par_1_90' title="bbox 2005 4722 3582 4793">
     <span class='ocr_line' id='line_1_90' title="bbox 2005 4722 3582 4793; baseline -0.003 -14"><span class='ocrx_word' id='word_1_695' title='bbox 2005 4729 2188 4781; x_wconf 90' lang='lat' dir='ltr'><strong>omnia</strong></span> <span class='ocrx_word' id='word_1_696' title='bbox 2225 4729 2366 4780; x_wconf 76' lang='lat' dir='ltr'><strong>bona</strong></span> <span class='ocrx_word' id='word_1_697' title='bbox 2417 4725 2694 4786; x_wconf 85' lang='lat' dir='ltr'><strong>obtineat;</strong></span> <span class='ocrx_word' id='word_1_698' title='bbox 2748 4731 2912 4793; x_wconf 87' lang='lat' dir='ltr'><strong>atque</strong></span> <span class='ocrx_word' id='word_1_699' title='bbox 2942 4722 3079 4776; x_wconf 89' lang='lat' dir='ltr'><strong>adeo</strong></span> <span class='ocrx_word' id='word_1_700' title='bbox 3122 4723 3436 4784; x_wconf 91' lang='lat' dir='ltr'><strong>consilium,</strong></span> <span class='ocrx_word' id='word_1_701' title='bbox 3471 4738 3582 4791; x_wconf 83' lang='lat' dir='ltr'>quo</span> 
     </span>
    </p>
   </div>
   <div class='ocr_carea' id='block_1_91' title="bbox 2007 4815 3580 4888">
    <p class='ocr_par' dir='ltr' id='par_1_91' title="bbox 2007 4815 3580 4888">
     <span class='ocr_line' id='line_1_91' title="bbox 2007 4815 3580 4888; baseline -0.001 -16"><span class='ocrx_word' id='word_1_702' title='bbox 2007 4822 2257 4874; x_wconf 84' lang='lat' dir='ltr'><strong>homines</strong></span> <span class='ocrx_word' id='word_1_703' title='bbox 2287 4819 2562 4888; x_wconf 89' lang='lat' dir='ltr'><strong>simplices</strong></span> <span class='ocrx_word' id='word_1_704' title='bbox 2592 4828 2645 4873; x_wconf 90' lang='lat' dir='ltr'>et</span> <span class='ocrx_word' id='word_1_705' title='bbox 2669 4816 2899 4870; x_wconf 85' lang='lat' dir='ltr'><strong>fallaciis</strong></span> <span class='ocrx_word' id='word_1_706' title='bbox 2929 4815 3148 4870; x_wconf 82' lang='lat' dir='ltr'><strong>obnoxii</strong></span> <span class='ocrx_word' id='word_1_707' title='bbox 3188 4829 3218 4866; x_wconf 92' lang='lat' dir='ltr'>a</span> <span class='ocrx_word' id='word_1_708' title='bbox 3265 4815 3447 4870; x_wconf 89' lang='lat' dir='ltr'><strong>divina</strong></span> <span class='ocrx_word' id='word_1_709' title='bbox 3482 4831 3580 4870; x_wconf 86' lang='lat' dir='ltr'><strong>vo-</strong></span> 
     </span>
    </p>
   </div>
   <div class='ocr_carea' id='block_1_92' title="bbox 313 4900 1898 4985">
    <p class='ocr_par' dir='ltr' id='par_1_92' title="bbox 313 4913 1898 4985">
     <span class='ocr_line' id='line_1_92' title="bbox 313 4913 1898 4985; baseline -0.001 -17"><span class='ocrx_word' id='word_1_710' title='bbox 313 4915 700 4985; x_wconf 81' lang='grc' dir='ltr'>εξαπατήτους,</span> <span class='ocrx_word' id='word_1_711' title='bbox 753 4916 826 4984; x_wconf 87' lang='grc' dir='ltr'>μὴ</span> <span class='ocrx_word' id='word_1_712' title='bbox 855 4916 950 4968; x_wconf 71' lang='grc' dir='ltr'>ἐπὶ</span> <span class='ocrx_word' id='word_1_713' title='bbox 993 4915 1071 4984; x_wconf 84' lang='grc' dir='ltr'>τῷ</span> <span class='ocrx_word' id='word_1_714' title='bbox 1127 4914 1255 4983; x_wconf 83' lang='grc' dir='ltr'>θείῳ</span> <span class='ocrx_word' id='word_1_715' title='bbox 1297 4913 1591 4984; x_wconf 85' lang='grc' dir='ltr'>βουλήματι</span> <span class='ocrx_word' id='word_1_716' title='bbox 1640 4913 1708 4965; x_wconf 82' lang='grc' dir='ltr'>τὰ</span> <span class='ocrx_word' id='word_1_717' title='bbox 1757 4913 1898 4966; x_wconf 84' lang='grc' dir='ltr'>κατά</span> 
     </span>
    </p>
   </div>
   <div class='ocr_carea' id='block_1_93' title="bbox 2002 4900 3583 4985">
    <p class='ocr_par' dir='ltr' id='par_1_93' title="bbox 2003 4906 3583 4982">
     <span class='ocr_line' id='line_1_93' title="bbox 2003 4906 3583 4982; baseline -0.003 -17"><span class='ocrx_word' id='word_1_718' title='bbox 2003 4916 2210 4966; x_wconf 86' lang='lat' dir='ltr'><strong>luntate</strong></span> <span class='ocrx_word' id='word_1_719' title='bbox 2227 4911 2603 4982; x_wconf 88' lang='lat' dir='ltr'><strong>amplectenda</strong></span> <span class='ocrx_word' id='word_1_720' title='bbox 2631 4917 2962 4964; x_wconf 85' lang='lat' dir='ltr'><strong>revocantur</strong></span> <span class='ocrx_word' id='word_1_721' title='bbox 3007 4908 3073 4959; x_wconf 90' lang='lat' dir='ltr'>ad</span> <span class='ocrx_word' id='word_1_722' title='bbox 3105 4906 3374 4975; x_wconf 85' lang='lat' dir='ltr'><strong>ejusmodi</strong></span> <span class='ocrx_word' id='word_1_723' title='bbox 3402 4917 3583 4962; x_wconf 87' lang='lat' dir='ltr'><strong>astro-</strong></span> 
     </span>
    </p>
   </div>
   <div class='ocr_carea' id='block_1_94' title="bbox 313 5001 1896 5075">
    <p class='ocr_par' dir='ltr' id='par_1_94' title="bbox 313 5001 1896 5075">
     <span class='ocr_line' id='line_1_94' title="bbox 313 5001 1896 5075; baseline -0.004 -16"><span class='ocrx_word' id='word_1_724' title='bbox 313 5005 405 5059; x_wconf 77' lang='grc' dir='ltr'>τὺν</span> <span class='ocrx_word' id='word_1_725' title='bbox 455 5005 566 5075; x_wconf 81' lang='grc' dir='ltr'>βίον</span> <span class='ocrx_word' id='word_1_726' title='bbox 615 5005 853 5058; x_wconf 84' lang='grc' dir='ltr'>κεῖσθαι·</span> <span class='ocrx_word' id='word_1_727' title='bbox 897 5003 1008 5057; x_wconf 87' lang='grc' dir='ltr'>ἀλλ’</span> <span class='ocrx_word' id='word_1_728' title='bbox 1062 5005 1154 5056; x_wconf 78' lang='grc' dir='ltr'>ἐπὶ</span> <span class='ocrx_word' id='word_1_729' title='bbox 1201 5005 1266 5072; x_wconf 83' lang='grc' dir='ltr'>τῇ</span> <span class='ocrx_word' id='word_1_730' title='bbox 1313 5001 1488 5072; x_wconf 83' lang='grc' dir='ltr'>τοιᾷδε</span> <span class='ocrx_word' id='word_1_731' title='bbox 1537 5001 1645 5054; x_wconf 82' lang='grc' dir='ltr'>τῶν</span> <span class='ocrx_word' id='word_1_732' title='bbox 1681 5001 1896 5072; x_wconf 85' lang='grc' dir='ltr'>ἄστρων</span> 
     </span>
    </p>
   </div>
   <div class='ocr_carea' id='block_1_95' title="bbox 313 5093 1897 5167">
    <p class='ocr_par' dir='ltr' id='par_1_95' title="bbox 313 5093 1897 5167">
     <span class='ocr_line' id='line_1_95' title="bbox 313 5093 1897 5167; baseline -0.004 -18"><span class='ocrx_word' id='word_1_733' title='bbox 313 5095 600 5167; x_wconf 79' lang='grc' dir='ltr'>διαπλοκῇ,</span> <span class='ocrx_word' id='word_1_734' title='bbox 631 5098 726 5148; x_wconf 75' lang='grc' dir='ltr'>καὶ</span> <span class='ocrx_word' id='word_1_735' title='bbox 767 5098 830 5166; x_wconf 83' lang='grc' dir='ltr'>τῇ</span> <span class='ocrx_word' id='word_1_736' title='bbox 880 5095 1085 5148; x_wconf 87' lang='grc' dir='ltr'>ἐκεῖθεν</span> <span class='ocrx_word' id='word_1_737' title='bbox 1118 5095 1460 5166; x_wconf 75' lang='grc' dir='ltr'>ἀπορρεούσῃ</span> <span class='ocrx_word' id='word_1_738' title='bbox 1490 5095 1736 5165; x_wconf 86' lang='grc' dir='ltr'>δυνάμει,</span> <span class='ocrx_word' id='word_1_739' title='bbox 1765 5093 1897 5144; x_wconf 88' lang='grc' dir='ltr'>πάν-</span> 
     </span>
    </p>
   </div>
   <div class='ocr_carea' id='block_1_96' title="bbox 313 5185 1898 5259">
    <p class='ocr_par' dir='ltr' id='par_1_96' title="bbox 313 5185 1898 5259">
     <span class='ocr_line' id='line_1_96' title="bbox 313 5185 1898 5259; baseline -0.003 -19"><span class='ocrx_word' id='word_1_740' title='bbox 313 5206 420 5242; x_wconf 90' lang='grc' dir='ltr'>των</span> <span class='ocrx_word' id='word_1_741' title='bbox 449 5189 683 5259; x_wconf 66' lang='grc' dir='ltr'>μάλιστα</span> <span class='ocrx_word' id='word_1_742' title='bbox 709 5189 843 5256; x_wconf 81' lang='grc' dir='ltr'>πρὸς</span> <span class='ocrx_word' id='word_1_743' title='bbox 869 5189 960 5240; x_wconf 85' lang='grc' dir='ltr'>τὸν</span> <span class='ocrx_word' id='word_1_744' title='bbox 989 5187 1186 5239; x_wconf 84' lang='grc' dir='ltr'>σκοπὸν</span> <span class='ocrx_word' id='word_1_745' title='bbox 1210 5188 1306 5257; x_wconf 83' lang='grc' dir='ltr'>τῆς</span> <span class='ocrx_word' id='word_1_746' title='bbox 1331 5187 1628 5256; x_wconf 78' lang='grc' dir='ltr'>βλαπτικῆς</span> <span class='ocrx_word' id='word_1_747' title='bbox 1649 5187 1756 5240; x_wconf 87' lang='grc' dir='ltr'>τῶν</span> <span class='ocrx_word' id='word_1_748' title='bbox 1784 5185 1898 5236; x_wconf 86' lang='grc' dir='ltr'>δαι-</span> 
     </span>
    </p>
   </div>
   <div class='ocr_carea' id='block_1_97' title="bbox 317 5273 1894 5348">
    <p class='ocr_par' dir='ltr' id='par_1_97' title="bbox 317 5273 1894 5348">
     <span class='ocr_line' id='line_1_97' title="bbox 317 5273 1894 5348; baseline -0.003 -17"><span class='ocrx_word' id='word_1_749' title='bbox 317 5281 495 5347; x_wconf 86' lang='grc' dir='ltr'>μόνων</span> <span class='ocrx_word' id='word_1_750' title='bbox 527 5278 736 5347; x_wconf 80' lang='grc' dir='ltr'>φύσεως</span> <span class='ocrx_word' id='word_1_751' title='bbox 768 5277 971 5346; x_wconf 81' lang='grc' dir='ltr'>βλέπει.</span> <span class='ocrx_word' id='word_1_752' title='bbox 999 5277 1063 5330; x_wconf 87' lang='grc' dir='ltr'><strong>Εἰ</strong></span> <span class='ocrx_word' id='word_1_753' title='bbox 1091 5273 1181 5330; x_wconf 76' lang='grc' dir='ltr'>οὖν</span> <span class='ocrx_word' id='word_1_754' title='bbox 1219 5278 1608 5348; x_wconf 84' lang='grc' dir='ltr'>κεχαρισμένον</span> <span class='ocrx_word' id='word_1_755' title='bbox 1643 5277 1757 5329; x_wconf 80' lang='grc' dir='ltr'>ἐστὶ</span> <span class='ocrx_word' id='word_1_756' title='bbox 1783 5277 1894 5337; x_wconf 85' lang='grc' dir='ltr'>τοῖς</span> 
     </span>
    </p>
   </div>
   <div class='ocr_carea' id='block_1_98' title="bbox 311 5366 1894 5440">
    <p class='ocr_par' dir='ltr' id='par_1_98' title="bbox 311 5366 1894 5440">
     <span class='ocr_line' id='line_1_98' title="bbox 311 5366 1894 5440; baseline -0.004 -17"><span class='ocrx_word' id='word_1_757' title='bbox 311 5369 552 5440; x_wconf 85' lang='grc' dir='ltr'>δαίμοσι,</span> <span class='ocrx_word' id='word_1_758' title='bbox 583 5369 678 5421; x_wconf 85' lang='grc' dir='ltr'>τοῦ</span> <span class='ocrx_word' id='word_1_759' title='bbox 703 5368 834 5421; x_wconf 81' lang='grc' dir='ltr'>Θεοῦ</span> <span class='ocrx_word' id='word_1_760' title='bbox 867 5371 1168 5438; x_wconf 85' lang='grc' dir='ltr'>ἀποστῆσαι</span> <span class='ocrx_word' id='word_1_761' title='bbox 1191 5369 1280 5420; x_wconf 77' lang='grc' dir='ltr'>τὸν</span> <span class='ocrx_word' id='word_1_762' title='bbox 1309 5367 1609 5439; x_wconf 83' lang='grc' dir='ltr'>ἄνθρωπον,</span> <span class='ocrx_word' id='word_1_763' title='bbox 1638 5366 1894 5436; x_wconf 76' lang='grc' dir='ltr'>ἀφίστησι</span> 
     </span>
    </p>
   </div>
   <div class='ocr_carea' id='block_1_99' title="bbox 311 5459 1894 5533">
    <p class='ocr_par' dir='ltr' id='par_1_99' title="bbox 311 5459 1894 5533">
     <span class='ocr_line' id='line_1_99' title="bbox 311 5459 1894 5533; baseline -0.003 -19"><span class='ocrx_word' id='word_1_764' title='bbox 311 5463 367 5514; x_wconf 83' lang='grc' dir='ltr'>δὲ</span> <span class='ocrx_word' id='word_1_765' title='bbox 399 5465 432 5532; x_wconf 84' lang='grc' dir='ltr'>ἠ</span> <span class='ocrx_word' id='word_1_766' title='bbox 467 5463 594 5533; x_wconf 74' lang='grc' dir='ltr'>περὶ</span> <span class='ocrx_word' id='word_1_767' title='bbox 619 5461 794 5515; x_wconf 84' lang='grc' dir='ltr'>ταῦτα</span> <span class='ocrx_word' id='word_1_768' title='bbox 836 5461 1032 5532; x_wconf 88' lang='grc' dir='ltr'>πλάνη,</span> <span class='ocrx_word' id='word_1_769' title='bbox 1075 5459 1453 5512; x_wconf 86' lang='grc' dir='ltr'>ἀποδείκνυται</span> <span class='ocrx_word' id='word_1_770' title='bbox 1493 5460 1676 5527; x_wconf 79' lang='grc' dir='ltr'>σαφῶς</span> <span class='ocrx_word' id='word_1_771' title='bbox 1707 5459 1894 5526; x_wconf 86' lang='grc' dir='ltr'>δαιμο-</span> 
     </span>
    </p>
   </div>
   <div class='ocr_carea' id='block_1_100' title="bbox 313 5549 1892 5622">
    <p class='ocr_par' dir='ltr' id='par_1_100' title="bbox 313 5549 1892 5622">
     <span class='ocr_line' id='line_1_100' title="bbox 313 5549 1892 5622; baseline -0.006 -14"><span class='ocrx_word' id='word_1_772' title='bbox 313 5553 400 5608; x_wconf 87' lang='grc' dir='ltr'>νία</span> <span class='ocrx_word' id='word_1_773' title='bbox 437 5554 520 5616; x_wconf 83' lang='grc' dir='ltr'>τίς</span> <span class='ocrx_word' id='word_1_774' title='bbox 569 5549 702 5606; x_wconf 79' lang='grc' dir='ltr'>οὖσα</span> <span class='ocrx_word' id='word_1_775' title='bbox 749 5552 1017 5622; x_wconf 85' lang='grc' dir='ltr'>ἐνέργεια,</span> <span class='ocrx_word' id='word_1_776' title='bbox 1067 5551 1133 5604; x_wconf 90' lang='grc' dir='ltr'>δι’</span> <span class='ocrx_word' id='word_1_777' title='bbox 1157 5551 1394 5620; x_wconf 64' lang='grc' dir='ltr'>ιάπάτης</span> <span class='ocrx_word' id='word_1_778' title='bbox 1437 5549 1892 5622; x_wconf 85' lang='grc' dir='ltr'>παρακρουομένη</span> 
     </span>
    </p>
   </div>
   <div class='ocr_carea' id='block_1_101' title="bbox 309 5635 1894 5712">
    <p class='ocr_par' dir='ltr' id='par_1_101' title="bbox 309 5635 1894 5712">
     <span class='ocr_line' id='line_1_101' title="bbox 309 5635 1894 5712; baseline -0.004 -16"><span class='ocrx_word' id='word_1_779' title='bbox 309 5647 436 5707; x_wconf 79' lang='grc' dir='ltr'>τοὺς</span> <span class='ocrx_word' id='word_1_780' title='bbox 465 5647 644 5697; x_wconf 82' lang='grc' dir='ltr'>πᾶσαν</span> <span class='ocrx_word' id='word_1_781' title='bbox 675 5643 775 5712; x_wconf 86' lang='grc' dir='ltr'>μὲν</span> <span class='ocrx_word' id='word_1_782' title='bbox 817 5644 876 5694; x_wconf 90' lang='grc' dir='ltr'>ἐν</span> <span class='ocrx_word' id='word_1_783' title='bbox 917 5641 1125 5704; x_wconf 82' lang='grc' dir='ltr'>τούτοις</span> <span class='ocrx_word' id='word_1_784' title='bbox 1167 5643 1264 5712; x_wconf 77' lang='grc' dir='ltr'>τὴν</span> <span class='ocrx_word' id='word_1_785' title='bbox 1307 5641 1535 5710; x_wconf 83' lang='grc' dir='ltr'>δύναμιν</span> <span class='ocrx_word' id='word_1_786' title='bbox 1576 5635 1713 5691; x_wconf 82' lang='grc' dir='ltr'>εἷναι</span> <span class='ocrx_word' id='word_1_787' title='bbox 1743 5638 1894 5708; x_wconf 89' lang='grc' dir='ltr'>νομί-</span> 
     </span>
    </p>
   </div>
   <div class='ocr_carea' id='block_1_102' title="bbox 311 5733 1889 5808">
    <p class='ocr_par' dir='ltr' id='par_1_102' title="bbox 311 5733 1889 5808">
     <span class='ocr_line' id='line_1_102' title="bbox 311 5733 1889 5808; baseline -0.002 -20"><span class='ocrx_word' id='word_1_788' title='bbox 311 5735 535 5800; x_wconf 84' lang='grc' dir='ltr'>ζοντας·</span> <span class='ocrx_word' id='word_1_789' title='bbox 569 5737 703 5808; x_wconf 80' lang='grc' dir='ltr'>πρὸς</span> <span class='ocrx_word' id='word_1_790' title='bbox 731 5737 788 5788; x_wconf 84' lang='grc' dir='ltr'>δὲ</span> <span class='ocrx_word' id='word_1_791' title='bbox 817 5734 1217 5806; x_wconf 83' lang='grc' dir='ltr'>παντοδύνσμον</span> <span class='ocrx_word' id='word_1_792' title='bbox 1250 5734 1344 5788; x_wconf 82' lang='grc' dir='ltr'>τοῦ</span> <span class='ocrx_word' id='word_1_793' title='bbox 1376 5733 1508 5788; x_wconf 87' lang='grc' dir='ltr'>Θεοῦ</span> <span class='ocrx_word' id='word_1_794' title='bbox 1539 5734 1786 5799; x_wconf 79' lang='grc' dir='ltr'>ἐξουσίαν</span> <span class='ocrx_word' id='word_1_795' title='bbox 1816 5733 1889 5803; x_wconf 87' lang='grc' dir='ltr'>μὴ</span> 
     </span>
    </p>
   </div>
   <div class='ocr_carea' id='block_1_103' title="bbox 313 5825 732 5888">
    <p class='ocr_par' dir='ltr' id='par_1_103' title="bbox 313 5825 732 5888">
     <span class='ocr_line' id='line_1_103' title="bbox 313 5825 732 5888; baseline 0.005 -10"><span class='ocrx_word' id='word_1_796' title='bbox 313 5825 518 5880; x_wconf 78' lang='grc' dir='ltr'>ἀποϐλέ</span> <span class='ocrx_word' id='word_1_797' title='bbox 524 5843 732 5888; x_wconf 87' lang='grc' dir='ltr'>ποντας.</span> 
     </span>
    </p>
   </div>
   <div class='ocr_carea' id='block_1_104' title="bbox 2003 5001 3582 5074">
    <p class='ocr_par' dir='ltr' id='par_1_104' title="bbox 2003 5001 3582 5074">
     <span class='ocr_line' id='line_1_104' title="bbox 2003 5001 3582 5074; baseline -0.002 -16"><span class='ocrx_word' id='word_1_798' title='bbox 2003 5021 2122 5058; x_wconf 85' lang='lat' dir='ltr'>rum</span> <span class='ocrx_word' id='word_1_799' title='bbox 2145 5005 2581 5074; x_wconf 88' lang='lat' dir='ltr'><strong>conjunctionem</strong></span> <span class='ocrx_word' id='word_1_800' title='bbox 2605 5017 2668 5056; x_wconf 89' lang='lat' dir='ltr'>ac</span> <span class='ocrx_word' id='word_1_801' title='bbox 2689 5003 2797 5056; x_wconf 90' lang='lat' dir='ltr'>vim</span> <span class='ocrx_word' id='word_1_802' title='bbox 2823 5001 2946 5056; x_wconf 91' lang='lat' dir='ltr'><strong>inde</strong></span> <span class='ocrx_word' id='word_1_803' title='bbox 2969 5001 3313 5065; x_wconf 82' lang='lat' dir='ltr'><strong>deﬂuentem,</strong></span> <span class='ocrx_word' id='word_1_804' title='bbox 3343 5001 3582 5055; x_wconf 80' lang='lat' dir='ltr'><strong>maxime</strong></span> 
     </span>
    </p>
   </div>
   <div class='ocr_carea' id='block_1_105' title="bbox 2002 5091 3580 5166">
    <p class='ocr_par' dir='ltr' id='par_1_105' title="bbox 2002 5091 3580 5166">
     <span class='ocr_line' id='line_1_105' title="bbox 2002 5091 3580 5166; baseline -0.003 -17"><span class='ocrx_word' id='word_1_805' title='bbox 2002 5097 2068 5150; x_wconf 91' lang='lat' dir='ltr'>ad</span> <span class='ocrx_word' id='word_1_806' title='bbox 2109 5098 2469 5166; x_wconf 88' lang='lat' dir='ltr'><strong>malignorum</strong></span> <span class='ocrx_word' id='word_1_807' title='bbox 2505 5094 2808 5148; x_wconf 54' lang='lat' dir='ltr'><strong>daemonum</strong></span> <span class='ocrx_word' id='word_1_808' title='bbox 2854 5101 3066 5162; x_wconf 86' lang='lat' dir='ltr'><strong>spectat</strong></span> <span class='ocrx_word' id='word_1_809' title='bbox 3108 5109 3358 5162; x_wconf 89' lang='lat' dir='ltr'><strong>scopum.</strong></span> <span class='ocrx_word' id='word_1_810' title='bbox 3389 5091 3580 5162; x_wconf 84' lang='lat' dir='ltr'><strong>Itaque</strong></span> 
     </span>
    </p>
   </div>
   <div class='ocr_carea' id='block_1_106' title="bbox 2001 5172 3578 5258">
    <p class='ocr_par' dir='ltr' id='par_1_106' title="bbox 2001 5172 3578 5258">
     <span class='ocr_line' id='line_1_106' title="bbox 2001 5172 3578 5258; baseline -0.003 -16"><span class='ocrx_word' id='word_1_811' title='bbox 2001 5189 2047 5243; x_wconf 90' lang='lat' dir='ltr'>si</span> <span class='ocrx_word' id='word_1_812' title='bbox 2090 5187 2393 5258; x_wconf 81' lang='lat' dir='ltr'><strong>jucundum</strong></span> <span class='ocrx_word' id='word_1_813' title='bbox 2428 5196 2511 5241; x_wconf 85' lang='lat' dir='ltr'>est</span> <span class='ocrx_word' id='word_1_814' title='bbox 2561 5186 2899 5240; x_wconf 73' lang='lat' dir='ltr'><strong>dannonibus</strong></span> <span class='ocrx_word' id='word_1_815' title='bbox 2921 5172 3142 5240; x_wconf 81' lang='lat' dir='ltr'><strong>animos</strong></span> <span class='ocrx_word' id='word_1_816' title='bbox 3189 5185 3472 5238; x_wconf 91' lang='lat' dir='ltr'><strong>hominum</strong></span> <span class='ocrx_word' id='word_1_817' title='bbox 3509 5187 3578 5238; x_wconf 83' lang='lat' dir='ltr'>ab</span> 
     </span>
    </p>
   </div>
   <div class='ocr_carea' id='block_1_107' title="bbox 2003 5275 3576 5344">
    <p class='ocr_par' dir='ltr' id='par_1_107' title="bbox 2003 5275 3576 5344">
     <span class='ocr_line' id='line_1_107' title="bbox 2003 5275 3576 5344; baseline 0 -16"><span class='ocrx_word' id='word_1_818' title='bbox 2003 5279 2242 5330; x_wconf 85' lang='lat' dir='ltr'><strong>amicitia</strong></span> <span class='ocrx_word' id='word_1_819' title='bbox 2270 5276 2361 5330; x_wconf 90' lang='lat' dir='ltr'><strong>Dei</strong></span> <span class='ocrx_word' id='word_1_820' title='bbox 2393 5287 2660 5340; x_wconf 84' lang='lat' dir='ltr'><strong>avertere,</strong></span> <span class='ocrx_word' id='word_1_821' title='bbox 2690 5277 2880 5344; x_wconf 87' lang='lat' dir='ltr'><strong>sicque</strong></span> <span class='ocrx_word' id='word_1_822' title='bbox 2903 5276 3101 5330; x_wconf 86' lang='lat' dir='ltr'><strong>avertit</strong></span> <span class='ocrx_word' id='word_1_823' title='bbox 3129 5275 3359 5328; x_wconf 88' lang='lat' dir='ltr'><strong>istarum</strong></span> <span class='ocrx_word' id='word_1_824' title='bbox 3391 5291 3576 5330; x_wconf 86' lang='lat' dir='ltr'><strong>rerum</strong></span> 
     </span>
    </p>
   </div>
   <div class='ocr_carea' id='block_1_108' title="bbox 2005 5365 3576 5439">
    <p class='ocr_par' dir='ltr' id='par_1_108' title="bbox 2005 5365 3576 5439">
     <span class='ocr_line' id='line_1_108' title="bbox 2005 5365 3576 5439; baseline -0.001 -18"><span class='ocrx_word' id='word_1_825' title='bbox 2005 5369 2255 5423; x_wconf 81' lang='lat' dir='ltr'><strong>fallacia:</strong></span> <span class='ocrx_word' id='word_1_826' title='bbox 2315 5369 2663 5439; x_wconf 87' lang='lat' dir='ltr'><strong>perspicuum</strong></span> <span class='ocrx_word' id='word_1_827' title='bbox 2717 5367 2776 5420; x_wconf 84' lang='lat' dir='ltr'><strong>ﬁt</strong></span> <span class='ocrx_word' id='word_1_828' title='bbox 2829 5365 2883 5419; x_wconf 91' lang='lat' dir='ltr'>id</span> <span class='ocrx_word' id='word_1_829' title='bbox 2935 5367 3243 5420; x_wconf 58' lang='lat' dir='ltr'><strong>daemonum</strong></span> <span class='ocrx_word' id='word_1_830' title='bbox 3299 5367 3576 5436; x_wconf 87' lang='lat' dir='ltr'><strong>quoddam</strong></span> 
     </span>
    </p>
   </div>
   <div class='ocr_carea' id='block_1_109' title="bbox 1999 5457 3574 5530">
    <p class='ocr_par' dir='ltr' id='par_1_109' title="bbox 1999 5457 3574 5530">
     <span class='ocr_line' id='line_1_109' title="bbox 1999 5457 3574 5530; baseline -0.003 -16"><span class='ocrx_word' id='word_1_831' title='bbox 1999 5477 2122 5516; x_wconf 88' lang='lat' dir='ltr'><strong>esse</strong></span> <span class='ocrx_word' id='word_1_832' title='bbox 2171 5477 2326 5529; x_wconf 85' lang='lat' dir='ltr'><strong>Opus,</strong></span> <span class='ocrx_word' id='word_1_833' title='bbox 2380 5468 2754 5530; x_wconf 90' lang='lat' dir='ltr'><strong>comparatum</strong></span> <span class='ocrx_word' id='word_1_834' title='bbox 2817 5457 2884 5512; x_wconf 92' lang='lat' dir='ltr'>ad</span> <span class='ocrx_word' id='word_1_835' title='bbox 2937 5459 3284 5528; x_wconf 88' lang='lat' dir='ltr'><strong>decipiendos</strong></span> <span class='ocrx_word' id='word_1_836' title='bbox 3327 5473 3442 5519; x_wconf 87' lang='lat' dir='ltr'><strong>eos,</strong></span> <span class='ocrx_word' id='word_1_837' title='bbox 3480 5458 3574 5527; x_wconf 90' lang='lat' dir='ltr'>qui</span> 
     </span>
    </p>
   </div>
   <div class='ocr_carea' id='block_1_110' title="bbox 1997 5549 3572 5618">
    <p class='ocr_par' dir='ltr' id='par_1_110' title="bbox 1997 5549 3572 5618">
     <span class='ocr_line' id='line_1_110' title="bbox 1997 5549 3572 5618; baseline -0.004 -12"><span class='ocrx_word' id='word_1_838' title='bbox 1997 5569 2213 5608; x_wconf 70' lang='lat' dir='ltr'><strong>onlnem</strong></span> <span class='ocrx_word' id='word_1_839' title='bbox 2242 5553 2391 5606; x_wconf 89' lang='lat' dir='ltr'><strong>illam</strong></span> <span class='ocrx_word' id='word_1_840' title='bbox 2437 5553 2541 5605; x_wconf 86' lang='lat' dir='ltr'>vim</span> <span class='ocrx_word' id='word_1_841' title='bbox 2571 5553 2721 5606; x_wconf 88' lang='lat' dir='ltr'><strong>hisce</strong></span> <span class='ocrx_word' id='word_1_842' title='bbox 2749 5551 2914 5605; x_wconf 85' lang='lat' dir='ltr'><strong>rebus</strong></span> <span class='ocrx_word' id='word_1_843' title='bbox 2957 5551 3224 5604; x_wconf 89' lang='lat' dir='ltr'><strong>contineri</strong></span> <span class='ocrx_word' id='word_1_844' title='bbox 3257 5549 3572 5618; x_wconf 89' lang='lat' dir='ltr'><strong>opinantur,</strong></span> 
     </span>
    </p>
   </div>
   <div class='ocr_carea' id='block_1_111' title="bbox 1995 5643 3573 5715">
    <p class='ocr_par' dir='ltr' id='par_1_111' title="bbox 1995 5643 3573 5715">
     <span class='ocr_line' id='line_1_111' title="bbox 1995 5643 3573 5715; baseline -0.002 -17"><span class='ocrx_word' id='word_1_845' title='bbox 1995 5661 2175 5715; x_wconf 84' lang='lat' dir='ltr'><strong>neque</strong></span> <span class='ocrx_word' id='word_1_846' title='bbox 2225 5646 2413 5702; x_wconf 87' lang='lat' dir='ltr'><strong>oculos</strong></span> <span class='ocrx_word' id='word_1_847' title='bbox 2458 5644 2524 5699; x_wconf 90' lang='lat' dir='ltr'>ad</span> <span class='ocrx_word' id='word_1_848' title='bbox 2571 5643 2666 5699; x_wconf 85' lang='lat' dir='ltr'><strong>Dei</strong></span> <span class='ocrx_word' id='word_1_849' title='bbox 2721 5657 2988 5700; x_wconf 89' lang='lat' dir='ltr'><strong>summam</strong></span> <span class='ocrx_word' id='word_1_850' title='bbox 3047 5650 3372 5698; x_wconf 89' lang='lat' dir='ltr'><strong>convertunt</strong></span> <span class='ocrx_word' id='word_1_851' title='bbox 3423 5649 3573 5710; x_wconf 86' lang='lat' dir='ltr'><strong>pote-</strong></span> 
     </span>
    </p>
   </div>
   <div class='ocr_carea' id='block_1_112' title="bbox 1997 5747 2190 5794">
    <p class='ocr_par' dir='ltr' id='par_1_112' title="bbox 1997 5747 2190 5794">
     <span class='ocr_line' id='line_1_112' title="bbox 1997 5747 2190 5794; baseline -0.005 -1"><span class='ocrx_word' id='word_1_852' title='bbox 1997 5747 2190 5794; x_wconf 66' lang='lat' dir='ltr'><strong>atatem</strong></span> 
     </span>
    </p>
   </div>
  </div>
