4166 6372
540 413 642 468 1ῗῦ

1784 425 1843 481 S.
1865 424 2190 482 GREGORII
2224 423 2520 480 NYSSENI

1036 557 2645 583 ΖΜ

1465 719 1690 804 ΤΟΥ
1786 719 2164 805 ΑΥΤΟΥ
2278 715 2899 802 ΓΡΗΓΟΡΙΟΥ

1885 902 2077 954 ΠΡΟΣ
2101 902 2442 954 ΕΛΛΗΛἏΣ

1104 1069 1318 1183 ΕΚ
1407 1071 1708 1244 ΤΩΝ
1806 1067 2410 1183 ΚΟΙΝΩΝ
2494 1066 3225 1183 ΕΝΝΟΙΩΝ.

1538 1471 2076 1564 EJUSDEM
2151 1475 2240 1562 S.
2301 1471 2871 1563 GREGORII

1599 1665 2021 1722 TRACTATUS
2054 1666 2442 1723 ADVERSUS
2486 1667 2796 1725 GRECOS

946 1839 1150 1954 EX
1228 1840 2300 1962 COMMUNIBUS
2360 1843 3395 1961 NOTIONlBUS.

1535 2062 1805 2112 chericus
1830 2062 2230 2113 Morellusiuter.
2253 2063 2378 2126 Reg.
2423 2063 2599 2113 Latine
2649 2063 2810 2114 vertit.

617 2359 673 2414 Si
703 2375 899 2416 nomen
944 2361 1044 2416 hoc
1092 2361 1236 2418 Deus
1284 2378 1640 2434 personarum
1697 2365 2119 2434 signiﬁcativum

2293 2363 2355 2414 Ei
2404 2361 2464 2412 τὸ
2498 2360 2629 2424 Θεὸς
2669 2361 2839 2430 ὸνομα
2877 2358 3181 2429 προσώπων
3218 2358 3509 2428 δηλωτικὸν
3551 2359 3758 2428 ὑπῆρχε
3783 2399 3805 2424 ,

546 2461 711 2517 esset,
748 2470 869 2508 cum
925 2465 1037 2512 tres
1084 2470 1345 2526 personas
1391 2457 1645 2519 dicimus,
1692 2472 1758 2511 ex
1792 2459 2118 2512 necessitate

546 2553 658 2600 tres
687 2545 992 2602 diceremus
1013 2548 1165 2612 deos;
1201 2547 1346 2616 quod
1375 2549 1419 2601 si
1442 2547 1582 2601 Deus
1611 2548 1862 2602 essentia:
1892 2549 2117 2602 denota-

545 2637 713 2690 tivum
744 2653 938 2693 nomen
966 2649 1068 2704 cst,
1113 2640 1238 2692 dum
1272 2653 1434 2692 unam
1468 2641 1760 2693 essentiam
1795 2639 2120 2692 confitemur

547 2736 751 2781 sanctae
772 2727 1077 2792 Trinitatis,
1106 2744 1273 2782 unum
1299 2727 1466 2780 Deum
1499 2729 1694 2781 merito
1726 2729 2118 2798 gloriﬁcamus,

546 2821 674 2890 quia
712 2820 873 2874 unius
905 2821 1224 2875 substantiae
1257 2836 1423 2873 unum
1464 2835 1683 2881 nomen,
1721 2819 1862 2874 Deus
1889 2828 1993 2873 est.
2037 2820 2119 2873 ld-

546 2909 697 2962 circo
734 2918 1096 2978 congruenter
1132 2917 1186 2962 et
1230 2909 1549 2963 substantia;
1597 2919 1647 2960 et
1701 2910 1930 2974 nomini,
1977 2924 2120 2963 unus

545 3006 631 3054 est
661 2997 824 3060 Deus,
859 3009 913 3053 et
945 3015 1051 3052 non
1097 3007 1228 3054 tres.
1263 2998 1446 3068 Neque
1493 3001 1636 3054 enim
1671 2999 1836 3054 Deum
1866 3015 1917 3054 et
1953 3001 2116 3055 Deum

545 3101 600 3143 et
628 3089 797 3144 Deum
824 3090 1077 3153 dicimus,
1110 3092 1257 3145 velut
1303 3090 1541 3145 dicimus
1572 3089 1784 3144 Patrem
1837 3099 1889 3145 et
1920 3089 2118 3144 Filium

547 3189 604 3234 et
663 3179 922 3246 Spiritum
976 3187 1248 3242 sanctum,
1318 3180 1633 3233 nominibus
1684 3195 1802 3247 quae
1859 3195 2120 3249 personas

550 3267 882 3338 signiﬁcant,
939 3276 1330 3322 contrectantes
1373 3269 1490 3338 (et)
1539 3269 2006 3337 ronjunctionem.
2047 3270 2120 3324 Eo

549 3359 694 3428 quod
725 3375 832 3416 non
861 3360 1060 3414 eaedem
1089 3360 1200 3414 sint
1234 3375 1498 3430 personae,
1526 3360 1620 3414 sed
1650 3361 1880 3415 diversa:
1914 3361 2117 3430 potius,

551 3459 604 3505 et
635 3465 664 3502 a
693 3465 750 3504 sc
784 3450 1015 3505 invicem
1055 3466 1152 3520 pro
1189 3451 1495 3521 signiﬁcatu
1550 3454 1834 3504 nominum
1867 3451 2123 3507 diﬁ‘eren-

553 3548 654 3594 tes.
685 3537 884 3595 Verum
921 3541 1127 3594 nomini
1165 3540 1370 3612 (Deus)
1403 3541 1547 3610 quod
1580 3542 1998 3611 signiﬁcativum
2038 3553 2121 3599 est

554 3629 808 3686 essentia:
837 3645 901 3684 ex
930 3631 1108 3698 aliqua
1137 3631 1485 3700 preprietate,
1521 3648 1642 3701 qua:
1671 3633 1784 3701 ipse
1812 3634 1973 3696 inest,
2007 3649 2114 3687 non

2219 2456 2346 2525 τρία
2372 2455 2636 2525 πρόσωπα
2675 2453 2942 2522 λέγοντες,
2981 2451 3038 2514 ἐξ
3066 2453 3308 2521 ἀνάγκης
3344 2450 3407 2502 ἂν
3446 2453 3593 2520 τρεῖς
3625 2450 3806 2517 ἐλέγο-

2225 2563 2322 2616 μεν
2345 2543 2527 2606 Θεούς·
2553 2545 2599 2596 εἰ
2634 2544 2689 2596 δὲ
2723 2542 2854 2605 Θεὸς
2890 2542 3060 2611 ὸνομα.
3093 2541 3277 2602 οὐσίας
3311 2542 3636 2611 σημαντικόν
3663 2544 3800 2602 ἐστι,

2225 2636 2351 2705 μίαν
2404 2635 2590 2687 οὐσίαν
2639 2633 3021 2704 ὁμολογοῦντες
3072 2636 3168 2699 τῆς
3221 2632 3379 2700 ἁγίας
3423 2634 3464 2683 Τ
3471 2633 3666 2704 ριὰδος,
3709 2632 3806 2684 ἕνα

2220 2723 2350 2775 Θεὸν
2384 2723 2607 2785 εἰκότως
2649 2721 2967 2789 δοξάζομενο
3007 2721 3126 2770 ἐπεὶ
3165 2721 3291 2789 μιᾶς
3332 2721 3515 2784 οὐσίας
3546 2719 3600 2772 ἓν
3635 2720 3803 2789 ὄνομα

2217 2796 2280 2865 τὸ
2311 2813 2442 2876 Θεός
2471 2815 2604 2865 ἐστι.
2642 2811 2732 2864 Διὸ
2769 2811 2863 2863 καὶ
2893 2809 3197 2873 ἀκολούθως
3241 2815 3305 2880 τῇ
3335 2829 3394 2863 τε
3427 2811 3581 2882 οὐσίᾳ.
3608 2812 3699 2864 καὶ
3727 2810 3805 2878 τῷ

2218 2900 2462 2969 ὀνόματι,
2490 2894 2570 2961 εἷς
2617 2900 2734 2951 ἐστι
2775 2898 2927 2961 Θεὸς,
2967 2898 3027 2949 οὐ
3060 2902 3228 2969 τρεῖς.
3261 2900 3398 2952 Οὔτε
3429 2901 3535 2971 γὰρ
3559 2902 3687 2954 Θεὸν
3713 2903 3805 2954 καὶ

2221 2991 2351 3043 Θεὸν
2395 2990 2488 3044 καὶ
2536 2990 2666 3042 Θεόν
2712 3005 2911 3058 φαμεν,
2955 2988 3142 3059 ὥσπερ
3187 2991 3413 3061 λέγομεν
3461 2994 3674 3063 Πατέρα
3712 2995 3808 3047 καὶ

2221 3081 2347 3134 Υἱὸν
2378 3082 2470 3135 καὶ
2520 3082 2675 3148 ἄτιον
2719 3081 2962 3150 Πνεῦμα,
3010 3080 3101 3133 ἐπὶ
3148 3086 3257 3144 τοῖς
3295 3085 3518 3153 ὀνόμασι
3564 3089 3672 3147 τοῖς
3700 3085 3809 3137 τῶν

2225 3171 2528 3241 προσώπων
2567 3176 2920 3242 σημαντικοῖς
2972 3173 3370 3242 συμπλέκοντες
3401 3175 3491 3227 τὸν
3544 3177 3634 3228 καὶ
3683 3177 3805 3228 σύνο

2220 3263 2436 3333 δεσμον.
2467 3263 2566 3316 Διὰ
2610 3263 2670 3315 τὸ
2699 3264 2772 3332 μὴ
2819 3264 2987 3316 ταύτὰ
3021 3261 3156 3317 εἶναι
3185 3265 3253 3316 τὰ
3285 3267 3566 3336 πρόσωπα,
3596 3271 3807 3340 ἑτεροῖα

2221 3352 2278 3405 δὲ
2311 3352 2529 3422 μᾶλλον,
2576 3353 2670 3405 καὶ
2717 3354 3039 3424 διαφέροντα
3088 3356 3328 3425 ἀλλήλων
3377 3359 3517 3411 κατὰ
3565 3360 3661 3428 τὴν
3700 3360 3805 3412 τῶν

2221 3444 2497 3514 ὀνομάτων
2528 3445 2819 3514 σημασὶαν.
2875 3447 2915 3497 Τ
2919 3446 2962 3515 ᾠ
3007 3447 3063 3498 δὲ
3104 3446 3233 3508 Θεὸς
3277 3447 3498 3517 ὀνόματι
3528 3450 3808 3522 δηλωτικῷ

2221 3535 2319 3605 τῆς
2349 3536 2536 3598 οὐσίας
2565 3535 2677 3588 ὄντι
2707 3536 2770 3588 ἐκ
2808 3555 2948 3600 τινος
2988 3537 3272 3607 ἰδιώματος
3302 3539 3593 3610 προσόντος
3617 3543 3806 3613 αὐτῆς,

2224 3623 2284 3675 οὐ
2318 3623 2660 3694 συνάπτομεν
2683 3625 2772 3676 τὸν
2806 3627 2899 3678 καὶ
2928 3625 3402 3697 σύνδεσμον,ὥστε
3434 3628 3610 3698 λέγειν
3640 3635 3804 3701 ἡμᾶς,

552 3719 936 3790 conjungimus
982 3720 1228 3788 copulam
1267 3721 1383 3791 (et)
1421 3728 1476 3774 ut
1531 3721 1798 3786 dicamus,
1862 3720 2026 3776 Deum
2068 3731 2122 3776 et

2227 3717 2354 3770 Θεὸν
2388 3719 2480 3770 καὶ
2527 3717 2655 3769 Θεὸν
2709 3717 2803 3768 κα)⁵
2842 3718 2973 3769 Θεόν
2993 3733 3008 3749 ο
3043 3717 3271 3789 ἐπείπερ
3293 3718 3326 3787 ἡ
3346 3720 3483 3792 αὑτὴ
3507 3721 3591 3774 ἐπ’
3611 3728 3628 3744 ⁹
3654 3725 3808 3776 οὐσία

556 3810 723 3864 Deum
758 3820 812 3864 et
845 3809 1011 3864 Deum
1037 3830 1048 3863 :
1083 3814 1206 3880 quia
1237 3811 1420 3866 eadem
1461 3822 1544 3865 est
1572 3813 1834 3877 essentia,
1861 3830 1980 3883 quae
2004 3830 2122 3883 per-

554 3915 703 3955 sonae
726 3908 876 3964 sunt,
920 3909 978 3954 et
1011 3917 1173 3970 quam
1222 3917 1421 3955 numen
1460 3902 1561 3955 hoc
1593 3901 1797 3972 (Deus)
1829 3905 2120 3976 signiﬁcat,

552 4001 843 4062 propterea
871 3990 1018 4061 quod
1061 3991 1224 4046 etiam
1254 3992 1393 4046 idem
1439 3992 1553 4062 ipse
1591 3993 1770 4047 Deus:
1822 3993 1961 4046 idem
1996 4009 2125 4047 vero

554 4082 767 4153 adjecta
789 4082 1157 4138 declarations
1178 4082 1349 4152 ipsius
1368 4098 1477 4136 non
1497 4085 1843 4138 connectitur
1863 4100 2122 4154 unquam.

557 4177 712 4242 Quod
758 4175 803 4230 si
832 4175 1071 4230 dicimus
1104 4173 1319 4230 Patrem
1373 4174 1565 4239 Deum,
1619 4183 1672 4227 ct
1707 4173 1902 4228 Filium
1935 4175 2124 4237 Deum,

556 4277 611 4320 et
639 4265 906 4335 Spiritum
946 4272 1196 4320 sanctum
1230 4265 1419 4324 Deum.
1468 4265 1552 4318 vel
1582 4262 1748 4317 Deum
1789 4263 2025 4327 Patrem,
2075 4274 2128 4320 ct

558 4355 727 4409 Deum
759 4355 975 4420 Filium,
1016 4364 1071 4411 et
1102 4355 1268 4410 Deum
1309 4354 1573 4424 Spiritum
1629 4363 1902 4422 sanctum,
1949 4358 2130 4412 notio~

557 4461 682 4502 nem
739 4461 1093 4515 personarum
1154 4446 1468 4500 nominibus
1525 4448 1872 4515 copulamus,
1933 4463 2129 4517 nempe

554 4535 729 4602 Patri,
769 4534 928 4603 Filio,
982 4543 1176 4592 sancto
1216 4535 1466 4606 Spiritui,
1516 4546 1575 4592 ut
1625 4540 1696 4594 sit
1741 4537 1920 4604 Pater,
1958 4539 2132 4594 Filius

555 4636 610 4680 et
627 4626 863 4696 Spiritus
881 4636 1124 4688 sanctus,
1144 4626 1244 4680 hoc
1263 4635 1347 4681 est
1364 4642 1592 4695 persona
1610 4638 1663 4682 et
1680 4643 1910 4698 persona
1927 4637 1980 4683 et
2002 4644 2130 4698 per-

556 4720 939 4776 sona.ldcirco
959 4728 1011 4775 et
1029 4727 1139 4774 tres
1160 4729 1288 4775 sunt
1315 4735 1576 4790 personae.
1595 4720 1803 4776 Nomen
1823 4730 2002 4776 autem
2027 4723 2128 4776 hoc

556 4811 766 4883 (Deus)
799 4813 1044 4867 absolute
1069 4822 1121 4867 et
1147 4812 1337 4866 eodem
1363 4813 1520 4867 modo
1550 4812 1876 4882 prtedicatur
1901 4815 1967 4868 de
1993 4831 2130 4868 una-

555 4919 772 4976 quaque
795 4919 1172 4973 personarum.
1197 4903 1402 4973 absque
1425 4904 1813 4970 conjunctione
1836 4902 1953 4974 (et),
1979 4905 2050 4958 ita
2071 4913 2129 4957 ut

557 5011 666 5050 non
696 4996 971 5065 possimus
996 4995 1177 5050 dicere
1208 4995 1372 5050 Deum
1408 5005 1461 5050 et
1501 4995 1666 5051 Deum
1697 5006 1750 5051 et
1783 4995 1952 5050 Deum
1979 5014 1996 5064 ;
2034 4998 2128 5052 sed

2225 3809 2258 3878 ἦ
2289 3809 2402 3860 ἐστι
2436 3807 2504 3860 τὰ
2527 3808 2808 3878 πρόσωπα,
2846 3809 2938 3860 καὶ
2965 3807 3030 3876 ἢν
3070 3810 3319 3878 σημαίνει
3352 3810 3411 3862 τὸ
3437 3810 3567 3873 Θεὸς
3608 3813 3803 3883 ὄνομα·

2225 3901 2305 3954 διὸ
2331 3898 2424 3952 καὶ
2461 3900 2487 3950 6
2518 3899 2678 3961 αὐτὸς
2712 3901 2740 3950 6
2771 3899 2922 3963 Θεός.
2967 3900 3024 3952 '0
3053 3899 3107 3952 δὲ
3143 3900 3304 3958 αὐτὸς
3353 3904 3447 3956 καὶ
3491 3902 3815 3973 ἐπιδηλώσει

2226 3989 2319 4042 τοῦ
2355 3989 2517 4042 αὐτοῦ
2550 3990 2611 4042 οὺ
2641 3989 3010 4057 συμπλέκεταί
3047 4009 3200 4046 ποτε.
3249 3992 3310 4044 Εἰ
3347 3992 3404 4044 δὲ
3440 3992 3664 4062 λέγομεν
3701 3994 3808 4046 Πα-

2225 4081 2360 4150 τέρα
2384 4080 2533 4140 Θεὸν,
2573 4081 2663 4132 καὶ
2696 4080 2822 4132 Υἱὸν
2859 4081 3008 4145 Θεὸν,
3055 4083 3148 4135 καὶ
3183 4080 3407 4152 Πνεῦμα
3453 4082 3606 4150 ἅγιον
3656 4083 3805 4147 Θεὸν,

2228 4171 2260 4241 ἢ
2311 4172 2441 4223 Θεὸν
2493 4172 2727 4241 Πατέρα,
2781 4173 2873 4224 καὶ
2919 4172 3049 4224 Θεὸν
3090 4174 3236 4235 Υἱὸν,
3283 4174 3376 4226 καὶ
3414 4175 3545 4228 Θεὸν
3590 4175 3808 4246 Πνεῦμα

2229 4264 2402 4330 ἅγιον,
2427 4263 2515 4315 τὸν
2544 4262 2638 4316 καὶ
2667 4263 2961 4333 σύνδεσμον
2991 4266 3109 4317 κατ’
3136 4265 3344 4320 ἔννοιαν
3374 4269 3486 4329 τοῖς
3515 4268 3622 4320 τῶν
3644 4285 3813 4337 προσ-

2227 4351 2392 4405 ώπων
2429 4355 2650 4424 ὀνόμασι
2681 4353 3040 4423 συνάπτομεν.
3074 4353 3218 4419 Οἷον,
3261 4357 3485 4429 Πατέρι,
3517 4357 3649 4427 Υὶῷ.
3673 4359 3815 4429 ἁγίῳ

2229 4444 2526 4514 Πνεῦματι,
2568 4446 2655 4498 ἵνα
2785 4446 2994 4517 Πατὴρ,
3034 4447 3178 4510 Υἱὸς,
3218 4448 3312 4501 καὶ
3363 4449 3516 4517 ἆγιον
3564 4449 3811 4518 Πνεῦμα,

2228 4538 2472 4590 τουτέστι
2511 4538 2817 4608 πρόσωπον,
2859 4538 2951 4591 καὶ
2997 4539 3308 4610 πρόσωπον,
3353 4540 3447 4592 καὶ
3497 4539 3808 4609 πρόσωπον.

2229 4629 2319 4680 Διὸ
2347 4628 2441 4681 καὶ
2470 4629 2591 4698 τρία
2626 4629 2909 4699 πρόσωπα.
2952 4630 3024 4681 Τὸ
3065 4629 3122 4682 δὲ
3160 4631 3290 4694 Θεὸς
3315 4631 3502 4700 ὸνομα,
3532 4631 3812 4694 ἀπολύτως

2230 4721 2324 4773 καὶ
2354 4721 2611 4784 ὡσαύτως
2663 4723 3047 4791 κατηγορεῖται
3095 4722 3325 4775 ἑκάστου
3362 4722 3470 4773 τῶν
3508 4720 3814 4791 προσώπων

2229 4813 2358 4865 ἄνευ
2386 4811 2477 4864 τοῦ
2510 4812 2604 4863 καὶ
2641 4811 2958 4881 συνδέσμου,
2985 4812 3124 4864 ὥστε
3163 4813 3235 4882 μὴ
3265 4812 3520 4865 δύνασθαι
3549 4814 3697 4881 ἡμᾶς
3727 4812 3812 4865 λέ-

2231 4897 2524 4971 γεινΘεὸν,
2559 4903 2652 4955 καὶ
2692 4901 2843 4964 Θεὸν,
2885 4904 2977 4956 καὶ
3014 4902 3174 4956 Θεόνν
3206 4903 3340 4956 ἀλλὰ
3366 4906 3503 4956 νοεῖν
3549 4905 3609 4974 τὸ
3646 4903 3812 4973 ὄνομα

2232 4995 2410 5067 τρίτον
2459 4995 2554 5064 μὲν
2604 4995 2892 5064 λεγόμενον
2929 4999 2993 5066 τῇ
3042 4999 3212 5066 φωνῇ,
3244 4996 3331 5050 διὰ
3378 4999 3446 5049 τὰ
3481 4995 3815 5064 ὑποκείμενα

557 5088 857 5156 intelligere
928 5102 1124 5141 nomen
1191 5088 1354 5142 tertio
1406 5089 1626 5158 quidem
1690 5089 1895 5142 dictum
1973 5105 2132 5157 voce,

2237 5059 2519 5157 ττρόσωπα,
2554 5059 2993 5157 προϐαλλόμενον
3039 5059 3094 5138 δὲ
3244 5085 3564 5158 δευτερὼσει
3615 5059 3706 5140 καὶ
3747 5087 3811 5156 τῇ

560 5185 781 5246 preptcr
828 5191 1091 5245 personas
1135 5177 1442 5246 subiectas,
1488 5178 1828 5247 propositum
1881 5193 2011 5232 vero
2041 5193 2130 5232 se-

558 5267 736 5324 cunda
781 5277 834 5322 et
882 5269 1044 5322 tertia
1099 5269 1423 5336 repetitione
1468 5270 1676 5338 absque
1738 5268 2131 5338 conjunctione

560 5359 842 5428 (et),quia
893 5374 1002 5413 non
1059 5359 1199 5413 alius
1260 5367 1423 5428 atque
1470 5360 1608 5414 alius
1656 5359 1799 5415 Deus
1852 5369 1956 5415 est.
2008 5359 2127 5414 Non

558 5451 701 5505 enim
752 5457 1022 5520 quatenus
1057 5448 1218 5504 Pater
1248 5448 1518 5505 diversam
1553 5453 1934 5520 proprietatem
1970 5467 2126 5505 suam

559 5551 744 5598 servat
795 5543 939 5612 apud
973 5541 1196 5606 Filium,
1245 5543 1401 5614 juxta
1459 5544 1561 5598 hoc
1613 5543 1754 5598 Deus
1801 5552 1886 5599 est
1924 5543 2126 5598 Pater:

559 5650 796 5704 namque
845 5636 919 5689 ita
969 5650 1074 5688 non
1131 5635 1274 5692 Deus
1317 5643 1465 5692 esset
1493 5635 1706 5702 Filius;
1754 5637 1846 5691 sed
1901 5637 2046 5689 cnim
2085 5635 2131 5689 si

558 5729 687 5797 quia
744 5725 902 5782 Pater
951 5736 1034 5783 est
1083 5726 1262 5792 Pater,
1319 5738 1603 5798 prepterea
1659 5736 1712 5783 et
1765 5727 1907 5782 Deus
1945 5725 2129 5788 Pater,

561 5819 818 5890 quoniam
872 5833 978 5873 non
1036 5817 1198 5874 Pater
1235 5817 1432 5876 Filius.
1473 5835 1578 5873 non
1614 5817 1758 5873 Deus
1805 5815 1978 5870 Filius
2019 5833 2034 5868 :
2086 5816 2132 5869 si

2234 5177 2505 5246 τριτώσει,
2541 5177 2668 5230 ἄνευ
2697 5177 2790 5231 τοῦ
2823 5178 2915 5230 καὶ
2954 5178 3268 5247 συνδέσμου,
3301 5178 3390 5232 διὰ
3426 5177 3486 5231 τὸ
3520 5177 3594 5248 μὴ
3621 5178 3816 5254 ,ἓτερον

2236 5270 2327 5321 καὶ
2370 5269 2556 5339 ἕτερον
2588 5265 2724 5322 εἶναι
2756 5269 2908 5323 Θεὸν.
2948 5270 3022 5322 Οὐ
3055 5271 3162 5340 γὰρ
3197 5269 3334 5323 καθὸ
3373 5270 3470 5342 τὴν
3522 5270 3814 5340 ἑτερότητα

2237 5361 2396 5424 σώζει
2432 5361 2618 5431 Πατὴρ
2653 5362 2787 5430 πρὸς
2824 5362 2968 5426 Υἱὸν,
3005 5363 3144 5414 κατὰ
3191 5362 3346 5416 τοῦτο
3378 5362 3509 5425 Θεὸς
3542 5364 3569 5414 6
3605 5363 3812 5432 Πατήρ.

2236 5453 2390 5506 Οῦτω
2418 5453 2525 5523 γὰρ
2552 5455 2652 5506 οὐκ
2679 5453 2744 5507 ἂν
2777 5454 2906 5517 Θεὸς
2933 5456 2960 5506 6
2991 5454 3143 5517 Υἱός’
3173 5455 3222 5506 εἰ
3263 5455 3372 5526 γὰρ
3411 5455 3532 5508 ἐπεὶ
3573 5455 3759 5524 Πατὴρ
3787 5455 3814 5505 6

2240 5545 2449 5614 Πατὴρ,
2477 5544 2564 5597 διὰ
2593 5545 2745 5597 τοῦτο
2769 5546 2860 5598 καὶ
2885 5545 3016 5608 Θεὸς
3045 5548 3072 5597 6
3100 5547 3314 5616 Πατήρ·
3357 5547 3480 5600 ἐπεὶ
3521 5548 3593 5617 μὴ
3628 5547 3814 5615 Πατὴρ

2238 5638 2266 5688 6
2298 5636 2441 5699 Υἱὸς,
2467 5638 2528 5689 οὐ
2569 5637 2698 5699 Θεὸς
2730 5639 2757 5688 6
2795 5637 2949 5700 Υἱός·
2986 5638 3032 5689 εἰ
3060 5638 3114 5690 δὲ
3155 5638 3285 5702 Θεὸς
3321 5641 3348 5692 6
3385 5639 3531 5702 Υἱὸς,
3563 5639 3661 5690 οὐκ
3695 5636 3816 5688 ἐπεὶ

2238 5730 2385 5792 Υἱός.
2427 5729 2654 5798 Ὁμοίως
2685 5730 2778 5783 καὶ
2814 5732 2843 5782 6
2872 5731 3075 5799 Πατὴρ,
3105 5733 3204 5784 οῦκ
3238 5733 3358 5784 ἐπει
3406 5732 3615 5800 Πατὴρ,
3650 5729 3781 5790 Θεὸς
3803 5744 3816 5756 ’

2240 5823 2354 5876 ἀλλ’
2393 5823 2512 5874 ἐπεὶ
2556 5822 2710 5875 οὐσία
2742 5823 2938 5888 τοιάδε,
2978 5820 3058 5886 εἷς
3089 5825 3208 5877 ἐστι
3241 5825 3450 5894 Πατὴρ,
3494 5822 3589 5875 καὶ
3628 5821 3656 5874 6
3691 5820 3820 5884 Υἱὸς
