4166 6372
416 403 477 456 ⁸ἵῖ
1519 415 1602 470 DE
1641 416 1832 473 COMM
1845 418 2045 477 UNIBU
2058 419 2095 475 S
2136 417 2578 476 NOTIONIBUS.
3528 424 3631 479 1⁸18

379 520 526 608 Θεὸς.
555 523 657 574 Καὶ
677 523 742 575 δι’
766 523 830 594 ἣν
856 527 1030 580 αἰτίαν
1058 530 1248 600 Πατὴρ
1263 530 1412 596 Θεὸς,
1438 533 1530 584 καὶ
1551 535 1680 596 Υίὸς
1693 536 1954 601 Θεὸς,καὶ
1983 541 2024 596 Α

1986 541 2030 596 Α
2055 551 2184 592 vero
2214 535 2360 592 Deus
2393 535 2586 598 Filius,
2618 551 2726 592 non
2767 538 2897 608 quia
2929 537 3137 595 Filius;
3179 537 3434 594 similiter
3465 538 3631 594 etiam

380 606 600 676 Πνεῦμα
636 610 788 676 ἅγιον
815 610 979 674 Θεός·
1017 614 1089 683 μὴ
1129 615 1508 688 διαιρουμένης
1552 619 1609 671 δὲ
1641 623 1740 690 τῆς
1770 622 1955 685 οὐσίας

2059 624 2237 685 Pater,
2308 640 2417 678 non
2471 627 2730 694 quoniam
2797 625 2981 691 Pater,
3034 627 3210 692 Deus;
3264 643 3452 683 verum
3503 631 3631 700 quia

381 699 438 749 ἐν
452 698 665 767 ἑκάστῳ
683 702 786 752 τῶν
808 703 1132 773 προσώπων,
1156 706 1294 758 ὥστε
1319 709 1415 761 καὶ
1438 712 1584 779 τρεῖς
1606 705 1745 763 εἷναι
1770 711 1956 774 οὐσίας

2055 715 2295 770 essentia
2353 717 2480 771 talis
2521 732 2666 771 unus
2709 725 2793 773 est
2840 718 3019 784 Pater,
3052 728 3106 774 et
3149 718 3322 774 Filius
3355 717 3497 773 Deus
3523 698 3548 772 -ι
3579 725 3633 771 et

380 787 518 839 κατὰ
541 788 609 839 τὰ
650 792 932 859 πρόσωπα,
962 792 1114 862 δῆλον
1138 794 1219 846 ὅτι
1244 793 1367 847 οὐτε
1396 795 1456 848 τὸ
1482 795 1651 866 ὖνομα
1677 798 1954 869 διαιρεθή-

2056 821 2224 880 quam
2269 811 2340 863 ob
2384 824 2608 864 causam
2657 810 2816 866 Pater
2854 811 3020 876 Deus,
3056 820 3111 867 et
3154 811 3327 866 Filius
3377 810 3543 873 Deus,
3579 817 3631 862 et

382 896 526 932 σεται
560 881 692 952 ὅπερ
729 884 979 952 σημαίνει
1003 886 1099 955 τὴν
1129 887 1335 951 οὐσίαν,
1362 886 1482 940 οὐτε
1525 889 1586 942 τὸ
1621 889 1751 953 Θεὸς
1786 894 1868 954 εἰς
1894 890 1955 944 τὸ

2058 902 2299 970 Spiritus
2343 911 2570 957 sanctus
2608 901 2772 958 Deus.
2813 900 2950 958 Cum
2987 914 3168 958 autem
3208 919 3317 957 non
3358 901 3633 956 dividatur

377 963 514 1021 εἶναι
542 974 686 1040 τρεῖς
728 973 880 1038 θεούς
898 991 912 1006 ο
949 976 1062 1029 ἀλλ’
1101 977 1288 1050 ὥσπερ
1325 981 1479 1034 οὐσία
1505 983 1532 1034 6
1560 983 1769 1053 Πατὴρ,
1798 983 1954 1036 οὐσία

2055 995 2297 1048 essentia
2353 995 2404 1048 in
2448 1010 2779 1064 unaquaque
2841 1011 3220 1066 personarum,
3287 995 3362 1049 ita
3412 1002 3474 1049 ut
3518 1001 3633 1048 tres

377 1060 406 1110 6
430 1058 571 1123 Υἱὸς,
601 1062 752 1113 οὐσία
780 1064 841 1115 τὸ
875 1065 1026 1132 ἅγιον
1067 1068 1284 1138 Πνεῦμα
1304 1087 1315 1098 ·
1351 1071 1442 1122 καὶ
1476 1072 1537 1122 οὐ
1569 1076 1716 1142 τρεῖς
1741 1073 1950 1126 οὐσίαι·

2056 1087 2166 1141 sint
2200 1089 2454 1143 essentia;
2489 1087 2790 1142 secundum
2835 1103 3123 1156 personas,
3170 1087 3426 1141 videlicet
3460 1100 3636 1155 neque

375 1149 518 1202 οῦτω
548 1153 640 1202 καὶ
667 1153 797 1217 Θεὸς
822 1157 849 1206 6
872 1157 1079 1227 Πατὴρ,
1108 1159 1238 1223 Θεὸς
1267 1163 1295 1212 ὀ
1324 1161 1471 1227 Υἱὸς,
1498 1163 1629 1226 Θεὸς
1650 1164 1710 1216 τὸ
1735 1165 1954 1235 Πνεῦμα

2055 1192 2254 1232 nomen
2301 1176 2594 1242 dividetur,
2647 1177 2796 1246 quod
2844 1178 3117 1247 signiﬁcat
3161 1176 3498 1242 essentiam;
3536 1191 3635 1229 ne-

375 1242 436 1293 τὸ
466 1243 636 1308 ἅγιον,
668 1247 756 1297 καὶ
791 1248 849 1298 οὐ
889 1253 1035 1319 τρεῖς
1061 1251 1190 1304 θεοί.
1231 1247 1322 1316 Εἷς
1351 1255 1457 1324 γὰρ
1483 1256 1613 1317 Θεὸς
1653 1257 1744 1310 καὶ
1787 1259 1814 1310 6
1859 1257 1954 1311 αὐο

2053 1284 2161 1335 que
2217 1267 2382 1332 Deus,
2446 1278 2503 1322 ut
2543 1242 2804 1323 sint-tres
2835 1242 2960 1322 dii:
2995 1268 3091 1322 sed
3139 1269 3284 1324 sicut
3328 1267 3636 1322 substantia

375 1333 493 1396 τός·
527 1337 646 1388 ἐπεὶ
673 1339 763 1390 καὶ
799 1340 895 1406 μία
918 1341 1072 1394 οὐσία
1113 1345 1144 1412 ἠ
1189 1345 1356 1414 αὐτή·
1390 1348 1436 1398 εἰ
1466 1347 1558 1398 καὶ
1589 1348 1814 1400 ἕκαστον
1845 1348 1954 1401 τῶν

2054 1333 2233 1423 Pater,
2287 1360 2596 1414 substantia
2640 1357 2835 1424 Filius,
2869 1360 3183 1414 substantia
3242 1359 3480 1428 Spiritus
3510 1373 3638 1412 san—

375 1426 682 1494 προσώπων
719 1427 954 1498 λέγεται,
989 1433 1081 1485 καὶ
1111 1437 1349 1488 ὲνούσιον
1391 1439 1485 1489 καὶ
1521 1440 1681 1502 Θεὸς·
1714 1440 1806 1492 καὶ
1845 1440 1953 1511 γὰρ

2054 1460 2197 1515 ctus,
2228 1460 2281 1506 et
2327 1469 2433 1506 non
2471 1462 2582 1506 tres
2622 1453 2946 1508 substantia:
2993 1471 3006 1505 :
3040 1453 3121 1507 sic
3150 1453 3312 1507 etiam
3355 1451 3500 1508 Deus
3529 1450 3635 1504 Pa—

375 1515 586 1586 ἀνάγκη
635 1523 778 1587 τρεῖς
827 1521 1003 1589 λέγειν
1045 1525 1232 1590 οὐσίας
1275 1528 1514 1599 Πατέρος
1563 1532 1654 1582 καὶ
1690 1531 1814 1583 Υίοῦ
1861 1533 1954 1585 καὶ

2057 1552 2156 1608 ter,
2192 1542 2333 1599 Deus
2357 1543 2552 1609 Filius,
2591 1543 2731 1599 Deus
2774 1545 3016 1613 Spiritus
3053 1552 3322 1610 sanctus;
3365 1557 3474 1597 non
3526 1549 3637 1597 tres

373 1607 529 1674 ἁγίου
551 1610 686 1662 Πνεύ
695 1629 862 1680 ματος
879 1630 892 1644 ·
917 1616 1038 1668 ἐπεὶ
1065 1617 1218 1669 οὐσία
1242 1617 1348 1671 τῶν
1378 1620 1682 1688 προσώπων
1703 1622 1948 1675 ἕκαστον·

2055 1607 2154 1688 dii.
2199 1635 2333 1691 Nam
2384 1607 2546 1690 unus
2585 1634 2730 1690 Deus
2793 1607 2848 1690 et
2897 1637 3062 1703 idem,
3111 1635 3241 1704 quia
3293 1607 3401 1687 una
3469 1634 3633 1687 etiam

367 1697 506 1770 ὅπερ
536 1702 677 1752 ἐστὶν
713 1702 1195 1771 ἀλόγιστον·“οὐδὲ
1215 1709 1323 1780 γὰρ
1369 1711 1570 1781 Πέτρον
1614 1713 1707 1766 καὶ
1745 1712 1953 1766 Παῦλον

2056 1725 2368 1780 substantia
2419 1726 2646 1791 eadem,-
2713 1727 2816 1782 etsi
2867 1741 3097 1794 qumque
3132 1739 3363 1794 persona
3398 1721 3634 1782 dicatur.

371 1790 468 1841 καὶ
508 1791 811 1861 Βαρνάϐαν,
846 1800 994 1866 τρεῖς
1038 1798 1225 1862 οὐσίας
1267 1801 1474 1869 φαμέν*
1526 1802 1660 1855 ἀλλά
1700 1803 1825 1872 μίαν
1859 1804 1951 1855 καὶ

1992 1875 2021 1880 λ
2055 1824 2108 1870 et
2125 1816 2363 1870 essentia
2388 1817 2696 1872 subsistens
2720 1825 2773 1870 ct
2798 1816 2942 1872 Deus
2967 1835 2980 1880 ;
3009 1818 3211 1871 etenim
3246 1830 3472 1870 necesse
3491 1822 3637 1868 esset

372 1880 506 1975 μίαν
533 1881 777 1949 λέγοντες
805 1887 1012 1954 οὐσίαν,
1045 1884 1110 1960 ἧς
1157 1892 1272 1944 ἐστι
1324 1893 1510 1965 Πατὴρ
1559 1896 1652 1948 καὶ⁹
1698 1896 1822 1958 Υἱὸς
1860 1898 1953 1949 καὶ
1989 1875 2017 1928 Ε

1990 1875 2028 1928 Β
2054 1913 2166 1961 tres
2219 1906 2404 1962 dicere
2457 1908 2800 1962 substantias
2826 1907 3007 1963 Patris
3035 1917 3090 1963 et
3127 1905 3250 1961 Filii
3300 1914 3355 1961 et
3396 1905 3635 1975 Spiritus

365 1970 527 2039 ἅγιον
565 1976 808 2047 Πνεῦμα,
853 1981 946 2033 ἕνα
1001 1985 1304 2048 ἀκολούθως
1354 1988 1531 2056 φαμὲν
1575 1989 1734 2040 Θεόν⁸
1767 1991 1814 2041 εί
1862 1991 1954 2042 καὶ

2053 1999 2247 2063 sancti,
2292 2000 2556 2068 quoniam
2593 2001 2902 2054 substantia
2951 2013 3036 2054 est
3072 2014 3413 2068 unaquaaqne
3444 2012 3635 2067 perso-

370 2063 479 2115 τῶν
515 2068 819 2136 προσώπων
845 2072 936 2123 καὶ
968 2072 1203 2126 ἐνούσιον
1238 2077 1331 2128 καὶ
1367 2075 1498 2130 Θεὸν
1527 2072 1664 2130 εἶναι
1702 2080 1952 2131 πιστεύο-

2053 2107 2273 2154 narum,
2306 2091 2454 2161 quod
2490 2107 2520 2146 a
2552 2094 2765 2147 ratione
2820 2094 3058 2146 alienum
3107 2099 3214 2146 est.
3272 2090 3460 2159 Neque
3488 2090 3634 2144 enim

377 2174 496 2225 μεν.
522 2159 729 2229 Ὥσπερ
753 2163 858 2233 γὰρ
878 2162 953 2232 τῷ
975 2165 1246 2234 διαφέρειν
1273 2166 1362 2218 τὸν
1388 2168 1601 2238 Πατέρα
1622 2169 1712 2222 τοῦ
1735 2187 1792 2222 τε
1820 2169 1950 2223 Υἰοῦ

2052 2182 2274 2238 Petrum
2316 2194 2369 2238 et
2410 2183 2638 2237 Paulum
2684 2195 2738 2239 et
2788 2183 3093 2238 Barnabam
3147 2192 3260 2238 tres
3297 2181 3636 2240 substantias

368 2249 464 2300 καὶ
511 2249 603 2300 τοῦ
656 2251 809 2318 ἁγίου
869 2253 1201 2323 Πνεύματος,
1251 2258 1378 2328 τρία
1429 2260 1607 2328 φαμὲν
1651 2260 1947 2330 πρόσωπα·

2053 2274 2326 2339 dicimus;
2365 2275 2459 2329 sed
2489 2290 2652 2328 unam
2689 2285 2742 2329 et
2770 2290 2933 2328 unam
2964 2274 3219 2329 dicentes
3242 2272 3631 2334 substantiam,

365 2339 541 2403 οὕτως
571 2344 692 2394 ἐπεὶ
724 2343 796 2412 μὴ
822 2344 1131 2415 διαφέρουσι
1161 2349 1302 2400 κατά
1327 2351 1426 2418 τὴν
1455 2350 1659 2415 οὐσίαν,
1691 2353 1803 2405 ἀλλ’
1836 2353 1950 2407 ἔστι

2053 2381 2174 2435 quae
2196 2376 2280 2420 est
2322 2363 2483 2419 Pater
2513 2373 2568 2419 et
2603 2363 2776 2420 Filius
2809 2376 2860 2418 et
2902 2363 3144 2435 Spiritus
3191 2371 3436 2424 sanctus,
3467 2378 3633 2415 unum

366 2433 486 2484 κατ’
523 2433 690 2504 αὐτὴν
723 2435 827 2487 τῶν
887 2436 1192 2506 προσώπων
1220 2441 1501 2512 ταυτότης,
1551 2443 1698 2496 ἔσται
1737 2445 1951 2509 πάντως

2052 2464 2451 2526 consequenter
2481 2457 2721 2511 dicimus
2764 2455 2929 2511 Deum
2973 2454 3230 2510 :tametsi
3274 2468 3634 2523 unamquam-

365 2525 463 2577 καὶ
497 2524 636 2577 κατά
673 2526 733 2578 τὸ
766 2525 896 2589 Θεὸς
927 2528 1116 2598 ὄνομα.
1164 2530 1465 2600 Δηλωτικὸν
1497 2532 1602 2604 γὰρ
1653 2534 1809 2587 τοῦτο
1852 2537 1952 2605 τῆς

2051 2564 2156 2618 que
2183 2563 2470 2618 personam
2495 2548 3022 2602 consubstantialem
3059 2557 3114 2601 et
3137 2545 3308 2601 Deum
3364 2560 3487 2600 esse
3514 2558 3633 2598 cre-

365 2616 574 2677 οὐσίας,
603 2617 662 2668 οὐ
702 2617 762 2669 τὸ
789 2618 839 2670 τί
869 2620 1038 2689 αὐτῆς
1069 2623 1366 2690 παριστῶν,
1394 2625 1514 2676 ἐπεὶ
1548 2626 1946 2695 ἀκατάληπτον,

2052 2616 2254 2696 dimiis.
2289 2639 2422 2693 Nam
2455 2640 2941 2710 quemadmodum,
2963 2655 3029 2695 eo
3047 2641 3196 2710 quod
3228 2637 3444 2693 dili'erat
3472 2635 3634 2690 Pater

365 2706 483 2758 ἀλλ’
513 2707 620 2758 ἀπὸ
645 2725 786 2769 τινος
828 2708 1130 2778 ἰδιωμάτων
1186 2714 1471 2782 προσόντος
1506 2716 1640 2786 αὐτῇ
1683 2717 1951 2787 λαμϐανό-

2051 2747 2079 2783 a
2116 2729 2253 2784 Filio
2278 2738 2332 2784 et
2357 2706 2568 2799 Spiritu
2603 2738 2798 2786 sancto
2828 2737 2943 2786 tres
2981 2706 3283 2784 asserimus
3320 2743 3586 2798 personas
3615 2744 3629 2780 :

368 2811 570 2861 μενον,
624 2797 964 2867 παραδηλοῦν
1015 2801 1200 2871 αὐτήν,
1238 2801 1389 2856 ’Ἐστι
1447 2805 1552 2876 γὰρ
1615 2807 1809 2876 ἰδίωμα
1852 2810 1949 2878 τῆς

2050 2822 2237 2876 itidem
2283 2797 2413 2891 quia
2452 2838 2563 2876 non
2605 2821 2866 2877 diderunt
2895 2822 3196 2878 secundum
3246 2797 3632 2880 substantiam,

365 2886 538 2939 ἀϊδίου
578 2888 781 2951 οὐσίας,
812 2885 880 2960 ἧς
922 2893 1128 2963 Πατὴρ,
1180 2894 1304 2957 Υἱὸς
1363 2896 1453 2947 καὶ
1496 2896 1649 2963 ἆγιον
1702 2897 1945 2966 Πνεῦμα,

2050 2913 2144 2967 sed
2197 2921 2281 2967 est
2324 2914 2474 2983 juxta
2536 2913 2710 2982 ipsam
2763 2927 3119 2983 personarum
3185 2911 3479 2966 identitas:
3529 2910 3635 2965 erit

362 2978 425 3030 τὸ
458 2978 637 3030 πάντα
668 2980 986 3033 ἐποπτεύειν
1031 2984 1124 3034 καὶ
1168 2981 1389 3053 θεωρεῖν
1419 2985 1509 3038 καὶ
1541 2985 1826 3052 γινώσκειν
1857 2989 1949 3039 καὶ

2052 3006 2215 3058 etiam
2249 3006 2470 3060 omnino
2508 3005 2809 3060 secundum
2845 3020 3042 3059 nomen
3075 3001 3506 3075 [Deus],quippe
3528 3003 3633 3057 hoc

363 3070 507 3122 αὐτά
556 3069 624 3122 τὰ
678 3071 900 3143 κρύφια.
965 3073 1240 3126 Ἐντεῦθεν
1305 3077 1631 3147 εἰλημμένον
1696 3079 1756 3131 τὸ
1818 3079 1948 3143 Θεὸς

2050 3097 2412 3152 substantiam
2437 3095 2751 3152 declarandi
2789 3098 2895 3150 vim
2927 3069 3093 3150 habet
3126 3069 3274 3149 :non
3499 3095 3633 3164 quid

363 3157 536 3228 ὃνομα
561 3163 763 3232 κυρίως
793 3162 1079 3232 λεγόμενον
1107 3166 1355 3234 σημαίνει
1377 3167 1473 3238 τὴν
1501 3169 1687 3222 οὐσίαν
1712 3171 1945 3240 ἐκείνην.
1977 3215 2008 3272 c

364 3251 596 3272 Il.2__-
631 3255 792 3272 ,_,_s_'
861 3256 872 3272 ο
1079 3254 1090 3269 ο
1264 3260 1288 3272 ιο
1486 3260 1496 3272 ο
1667 3262 1678 3272 ι
1735 3262 1744 3272 ι
1930 3265 1940 3272 .

1988 3215 2021 3272 α
2056 3186 2172 3254 ipsa
2231 3187 2303 3242 sit
2347 3195 2732 3257 repraesentet,
2787 3187 3058 3255 siquidem
3099 3157 3633 3250 incomprehensibi-

364 3251 515 3314 Μιᾶς
545 3255 828 3322 τοιγαροῦν
852 3254 1197 3326 ὑπαρχούσης
1228 3260 1325 3327 τῆς
1348 3260 1601 3329 τοιαύτης
1626 3262 1832 3324 οὐσίας,
1861 3265 1952 3316 καί¹
1977 3251 2009 3272 ““

1986 3251 2021 3272 υ
2055 3251 2123 3332 lis
2153 3287 2258 3348 est,
2284 3279 2380 3332 sed
2405 3251 2475 3334 ab
2503 3279 2687 3348 aliqua
2718 3251 3142 3348 proprietatum,
3174 3291 3296 3347 quae
3328 3276 3432 3346 ipsi
3467 3275 3631 3344 inest,

366 3344 486 3405 ἑνὸς
532 3344 624 3395 τοῦ
666 3346 1098 3416 παραδηλοῦντος
1128 3351 1297 3422 αὐτὴν
1345 3351 1606 3421 ὀνόματος
1656 3354 1845 3423 (φημὶ
1888 3355 1952 3427 δὴ

2056 3347 2332 3437 sumptum
2374 3384 2494 3423 eam
2539 3344 2940 3438 design—atdEst
2961 3367 3108 3422 enim
3146 3344 3454 3436 proprietas
3486 3380 3631 3420 sern-

362 3435 459 3487 τοῦ
497 3436 671 3507 Θεός)·
704 3433 781 3501 εἷς
815 3441 1017 3510 κυρίως
1044 3441 1194 3495 ἔσται
1220 3443 1350 3506 Θεὸς
1379 3444 1456 3514 τῷ
1478 3445 1618 3513 λόγῳ
1640 3446 1737 3514 τῆς
1765 3447 1952 3511 οὐσίας

2055 3433 2288 3532 ρίιειῖῐιαξ
2313 3433 2852 3529 substantiamvcujus
2885 3459 3069 3522 Pater,
3107 3433 3279 3514 Filius
3306 3466 3360 3513 et
3404 3467 3631 3513 sanctus

364 3525 676 3589 ἀκολούθως
698 3545 710 3556 ·
752 3531 873 3582 ἐπεὶ
909 3531 981 3600 μὴ
1025 3533 1316 3602 πρόσωπον
1352 3534 1504 3604 δηλοῖ
1533 3537 1595 3588 τὸ
1627 3536 1779 3599 Θεὸς,
1817 3537 1964 3596 ἀλλά,

2054 3551 2318 3622 Spiritus,
2370 3554 2554 3607 omnia
2612 3554 2834 3615 intueri,
2865 3561 2920 3608 et
2943 3552 3304 3621 contemplari
3343 3558 3398 3606 et
3425 3566 3630 3621 cogno-

363 3616 463 3686 τὴν
490 3619 693 3671 οὐσίαν.
736 3621 796 3674 Ei
839 3624 944 3692 γάρ
972 3627 1256 3695 πρόσωπον
1286 3628 1474 3699 ἐδήλου
1508 3630 1568 3681 τὸ
1593 3629 1742 3691 Θεὸς,
1770 3630 1828 3681 ἓν
1857 3633 1952 3684 καὶ

2054 3658 2235 3708 scere,
2263 3645 2427 3698 etiam
2456 3661 2520 3700 ea
2552 3660 2673 3715 qua:
2701 3647 2917 3699 occulta
2971 3653 3122 3698 sunt.
3178 3644 3309 3698 inde
3350 3652 3631 3712 acceptum

368 3709 529 3778 μόνον
553 3711 659 3763 τῶν
685 3713 988 3782 προσώπων
1014 3718 1224 3786 ἐλέγετο
1271 3721 1422 3785 Θεὸς,
1451 3723 1586 3793 ὅπερ
1631 3727 1950 3796 ἐσημαίνετο

2055 3750 2252 3789 nomen
2315 3735 2457 3791 Deus
2510 3737 2732 3806 proprie
2777 3736 3010 3800 dictum,
3063 3736 3428 3792 substantiam
3483 3735 3629 3788 illam

364 3800 440 3869 τῷ
472 3801 659 3872 τοιῷδε
695 3805 939 3875 ὀνόματι·
974 3808 1161 3880 ὥσπερ
1193 3807 1286 3864 οῦν
1332 3815 1426 3866 καὶ
1467 3815 1677 3886 Πατὴρ,
1729 3817 1885 3887 μόνος
1921 3822 1950 3872 6

2055 3827 2349 3897 signiﬁcat.
2376 3800 2742 3895 Quamobrem
2772 3845 2899 3882 cum
2936 3843 3044 3882 una
3065 3826 3338 3898 ejusmodi
3375 3826 3631 3880 substan-

364 3892 558 3964 Πατὴρ
611 3895 846 3964 λέγεται,
891 3900 976 3953 διὰ
1023 3902 1082 3955 τὸ
1137 3904 1428 3974 προσώπου
1479 3907 1771 3975 δηλωτικὸν
1810 3907 1948 3965 εἶναι

2054 3923 2127 3974 tia
2170 3923 2436 3989 exsistat;
2482 3925 2721 3994 itemque
2760 3939 2959 3979 nomen
3009 3941 3175 3979 unum
3216 3939 3326 3993 quo
3370 3925 3487 3994 ipsa
3547 3924 3635 3977 de-

363 3985 521 4038 τοῦτο
545 3988 605 4040 τὸ
637 3990 815 4060 ὄνομα

2058 4011 2318 4078 claratur,
2381 3985 2573 4084 nempe
2603 3985 2822 4087 [Deus],
2870 4031 3010 4070 unus
3081 3985 3302 4086 proprie
3341 3985 3484 4070 Deus
3529 4015 3633 4070 erit

362 4094 729 4149 congruenter
769 4089 964 4140 rationi
1021 4091 1271 4145 essentia:
1325 4110 1337 4144 :
1405 4093 1672 4162 siquidem
1718 4094 1856 4151 Deus
1895 4115 2182 4167 personam
2241 4123 2352 4161 non
2393 4108 2656 4176 declarat,
2710 4111 2806 4166 sed
2869 4111 3255 4165 substantiam.
3305 4109 3520 4163 Etenim
3585 4114 3632 4165 si

366 4179 510 4237 Deus
572 4196 860 4276 personam
889 4184 1216 4276 Aindicaret,
1259 4201 1365 4240 una
1431 4196 1485 4242 et
1529 4192 1644 4243 sola
1693 4208 1757 4246 ex
1815 4198 2061 4261 personis
2095 4201 2371 4256 diceretur
2408 4203 2570 4271 Deus,
2612 4221 2735 4275 qua:
2781 4206 2874 4259 tali
2914 4207 3133 4260 nomine
3198 4204 3630 4276 signiﬁcaretur;

364 4275 508 4330 sicut
547 4275 816 4367 nimirum
887 4274 1046 4330 Pater
1087 4281 1237 4333 solus
1268 4281 1471 4334 dicitur
1493 4281 1672 4348 Pater,
1711 4286 1838 4354 quia
1861 4301 2056 4344 nomen
2086 4293 2229 4347 istud
2263 4311 2552 4364 personam
2585 4274 2833 4367 Signandi
2874 4299 2982 4350 vim
3036 4298 3218 4352 habet.

434 4367 501 4418 Εἰ
541 4365 597 4417 δὲ
629 4366 760 4437 φαίη
800 4384 882 4430 τις
919 4369 1000 4420 ὅτι
1043 4369 1248 4440 Πέτρον
1285 4371 1377 4423 καὶ
1419 4371 1628 4426 Παῦλον
1669 4375 1761 4427 καὶ
1807 4375 1950 4446 Βαρ-

2132 4380 2286 4446 Quod
2329 4386 2374 4441 si
2424 4389 2547 4456 quis
2595 4365 2815 4451 dixerit,
2858 4387 3006 4455 quod
3041 4387 3257 4441 Petrum
3291 4395 3344 4441 et
3397 4386 3621 4439 Paulum

365 4459 535 4513 νάϐαν
581 4460 757 4527 φαμὲν
804 4461 950 4528 τρεῖς
983 4460 1187 4525 οὐσίας,
1229 4461 1458 4532 μερικάς
1499 4463 1760 4532 δηλονότι,
1798 4481 1950 4518 τουτ-

2055 4483 2110 4527 et
2140 4475 2442 4530 Barnabam
2475 4477 2712 4532 dicimus
2735 4486 2846 4533 tres
2877 4477 3213 4533 substantias
3243 4478 3621 4546 particulares.

368 4552 513 4603 ἐστιν
549 4550 720 4610 tam;
746 4549 922 4642 (τοῦτο
941 4551 1049 4621 γὰρ
1081 4553 1412 4623 κυριώτατον
1441 4558 1654 4620 εἰπεῖν),
1685 4559 1765 4611 δτι
1797 4576 1948 4631 μερι-
1984 4588 2013 4642 η

1984 4588 2026 4642 D
2055 4565 2308 4620 videlicet
2352 4569 2603 4638 proprias
2637 4569 2764 4637 (hoc
2805 4570 2950 4624 enim
3001 4577 3087 4622 est
3127 4568 3364 4621 maxime
3413 4567 3627 4636 proprie

367 4642 469 4712 κὴν
505 4642 713 4703 οὐσίαν,
743 4641 1017 4695 τουτέστιν
1061 4643 1231 4714 ίδικὴν
1273 4644 1536 4713 λέγοντες,
1584 4649 1732 4701 οὐδὲν
1765 4650 1951 4722 ἕτερον
1989 4641 2010 4642 7

1989 4641 2010 4642 ί
2055 4658 2244 4728 loqui),
2304 4662 2432 4728 quia
2493 4660 2880 4730 particularem
2949 4660 3340 4720 substantiam,
3394 4659 3496 4711 hoc
3547 4669 3630 4712 est

371 4731 608 4799 σημᾶναι
637 4730 956 4800 βουλόμεθα,
985 4732 1015 4802 ἢ
1052 4732 1271 4802 ἄτομον,
1315 4735 1452 4806 ὅπερ
1485 4738 1599 4790 ἐστὶ
1638 4740 1947 4810 πρόσωπον.

2052 4750 2326 4818 propriam
2350 4750 2616 4813 dicentes,
2656 4750 2792 4804 nihil
2823 4749 2975 4804 aliud
3009 4750 3322 4820 signiﬁcare
3353 4751 3625 4811 VUIUUI'IUS.

369 4821 685 4891 Προσώποις
707 4822 763 4875 δὲ
784 4823 882 4893 οὐχ
907 4824 1096 4878 ’ἐπεται
1121 4826 1181 4878 τὸ
1205 4827 1354 4892 Θεὸς,
1381 4829 1561 4893 καθὼς
1582 4831 1866 4886 δέδεικται.
1886 4835 1951 4887 Τί

2050 4857 2211 4910 quam
2255 4842 2615 4908 individuam,
2651 4842 2797 4912 quod
2826 4851 2910 4898 est
2955 4859 3231 4913 persona;
3275 4853 3438 4912 atque
3479 4841 3623 4898 Deus

367 4911 458 4967 οῦν
479 4913 694 4967 λεκτέον
738 4915 873 4984 πρὸς
909 4917 1114 4980 ἐκεῖνο,
1146 4918 1228 4970 δτι
1260 4918 1461 4990 Πέτρον
1493 4922 1588 4974 καὶ
1617 4921 1828 4975 Παῦλον
1857 4923 1950 4977 καὶ

2050 4947 2160 4986 non
2199 4932 2451 5004 designat
2480 4911 2766 5004 personas,
2802 4944 2861 4989 ut
2887 4911 3180 5004 probatum
3212 4911 3481 5004 estzquid
3523 4935 3623 5004 igi-

373 5007 670 5075 Βαρνάϐαν,
715 5010 862 5076 τρεῖς
904 5025 1082 5078 φαμεν
1130 5009 1482 5080 ἀνθρώπουςς
1530 5016 1640 5084 uox
1674 5015 1749 5079 ὼς
1779 5018 1949 5070 ταῦτα

2049 5033 2139 5077 tur
2175 5027 2462 5080 dicendum
2489 5035 2576 5081 est
2605 5027 2672 5081 ad
2700 5027 2853 5084 illud.
2884 5027 3029 5096 quod
3060 5025 3279 5080 Petrum
3313 5035 3369 5080 et
3397 5026 3623 5081 Paulum

373 5101 667 5170 πρόσωπα,
704 5103 973 5170 πρόσωπα
1012 5101 1069 5154 δὲ
1109 5101 1186 5170 τῷ
1231 5105 1548 5175 σημαντικῷ
1587 5107 1809 5177 ὀνόματι
1848 5110 1950 5178 τῆς

2049 5122 2103 5169 et
2121 5113 2420 5168 Barnabam
2443 5125 2555 5170 tres
2574 5116 2809 5172 dicimus
2830 5117 3115 5171 homines?
3129 5131 3235 5170 non
3260 5125 3318 5170 ut
3339 5119 3420 5170 hae
3437 5133 3627 5188 perso-

369 5191 553 5257 κοινῆς
581 5193 765 5255 οὐσίας
793 5193 852 5244 οὐ
882 5194 1222 5262 σημαίνεται.
1251 5195 1434 5266 Οὐδὲή
1470 5199 1664 5268 μερικὴ
1684 5198 1947 5271 λεγομένη

2050 5224 2132 5260 nae
2149 5215 2296 5272 sunt;
2319 5223 2564 5276 personae
2583 5217 2762 5263 autem
2782 5210 3137 5278 signiticativo
3159 5211 3374 5264 nomine
3385 5225 3628 5265 commn-

367 5280 483 5348 ἤτοι
541 5281 680 5352 ίδικὴ
717 5283 891 5344 οὐσία,
924 5284 1118 5338 ταύτὸν
1163 5285 1300 5355 αὐτὴ
1349 5287 1426 5356 τῷ
1475 5272 1768 5360 προσώπῳ,
1804 5292 1949 5356 τίνος

2050 5301 2136 5354 nis
2165 5301 2485 5356 substantiae
2515 5315 2622 5355 non
2647 5302 2955 5369 signantur.
2990 5299 3172 5370 Neque
3196 5315 3261 5355 ea
3298 5315 3419 5370 qua;
3458 5303 3627 5371 parti-

368 5371 524 5442 χὰριν
565 5377 713 5443 τρεῖς
753 5373 1070 5445 ἀνθρώπους
1119 5377 1316 5446 φαμὲν,
1361 5379 1559 5442 αὐτοὺς
1603 5384 1730 5450 μιᾶς
1761 5385 1948 5448 οὐσίας

2048 5393 2256 5448 cularis
2272 5394 2493 5457 dicitur,
2520 5394 2635 5448 sive
2655 5394 2951 5462 peculiaris
2973 5403 3026 5446 et
3052 5393 3267 5462 propria
3286 5393 3625 5458 substantia;

369 5464 724 5536 ὑπάρχοντας,
777 5463 843 5539 ἦς
889 5471 1004 5521 ἐστι
1049 5469 1110 5522 τὸ
1180 5471 1494 5540 ἄνθρωπος
1529 5473 1856 5543 δηλωτικόνς
1882 5481 1945 5534 Εἰ

2049 5487 2174 5556 quia
2194 5487 2332 5541 idem
2351 5487 2468 5556 ipsa
2486 5495 2568 5542 est
2583 5503 2704 5541 eum
2724 5501 2953 5555 persona
2972 5503 2985 5538 :
3003 5501 3107 5555 qua
3137 5485 3205 5538 de
3223 5499 3385 5539 causa
3407 5491 3517 5538 tres
3537 5484 3625 5537 ho—

373 5560 505 5627 μήτε
540 5557 625 5610 διὰ
660 5559 729 5611 τὰ
774 5560 1060 5630 πρόσωπα,
1094 5563 1230 5632 μήτε
1268 5564 1356 5617 διὰ
1389 5565 1448 5616 τὸ
1490 5565 1738 5632 λέγεσθαι
1794 5587 1948 5641 μερι-

2049 5577 2223 5632 mines
2244 5576 2500 5642 dicimus,
2523 5592 2652 5631 cum
2683 5577 2786 5647 ipsi
2808 5578 2972 5632 unius
2995 5577 3316 5631 substantia:
3332 5575 3620 5637 exsistant,

370 5647 470 5718 χὴν
502 5649 705 5714 οὐσίαν,
736 5651 854 5720 ἦτοι
905 5651 1097 5721 ίδικὴν,
1147 5654 1530 5724 ὲκερωνοῦμεν,
1571 5657 1727 5711 τοῦτό
1766 5677 1946 5731 φαμεν

2047 5683 2208 5737 quam
2239 5683 2436 5724 nomen
2461 5668 2564 5722 hoc
2615 5667 2767 5722 homo
2792 5667 3043 5737 designat
3087 5684 3099 5720 :
3153 5665 3424 5735 siquidem
3450 5681 3625 5734 neque

366 5737 450 5792 ὅτι
501 5742 952 5812 καταχρηστικῶς
1003 5744 1094 5796 καὶ
1141 5746 1201 5797 οὐ
1249 5747 1451 5816 κυρίως
1493 5748 1651 5802 τοῦτο
1688 5750 1944 5822 λέγομεν,

2048 5769 2269 5832 propter
2290 5776 2572 5831 personas,
2598 5776 2775 5830 neque
2793 5775 2858 5814 eo
2878 5759 3020 5829 quod
3040 5759 3255 5813 dicatur
3274 5759 3536 5828 particula
3547 5759 3620 5813 ris

365 5829 454 5884 διά
499 5849 615 5886 τινα
661 5833 943 5903 συνήθειαν
991 5834 1048 5900 ἐξ
1091 5835 1400 5905 ἀναγκαίων
1439 5840 1627 5894 αἰτιῶν
1673 5846 1944 5916 κρατήσα-

2047 5829 2377 5914 substantia,
2439 5829 2696 5904 nimirum
2755 5849 2996 5919 propria,
3046 5849 3459 5906 enuntiemus;
3514 5847 3615 5902 hoc
