4166 6372
459 376 565 432 {79

1687 356 1746 430 s'.
1783 368 2110 428 cneconn
2146 366 2438 422 nvssem

3609 358 3718 416 180

459 497 762 552 asserimus
804 494 951 566 quod
997 493 1226 550 abusive
1269 504 1323 548 et
1381 509 1489 548 non
1543 492 1762 562 proprie
1815 493 1918 546 hoc
1959 491 2035 544 di-

2156 505 2236 540 παν
2279 487 2386 539 τῶν
2426 485 2500 556 μὴ
2543 485 2635 536 ἐπὶ
2680 483 2778 553 τῆς
2838 482 2997 550 ἁγίας
3045 480 3270 551 Τριάδος
3308 477 3721 551 θεωρουμένων.

459 591 677 656 cimus;
725 597 950 660 propter
981 587 1434 642 consuetudinem
1466 585 1760 656 quamdam
1795 601 1915 654 quae
1943 601 2038 638 ne-

459 680 720 735 cessariis
759 681 826 735 de
871 679 1058 735 causis
1088 677 1324 734 obtinuit
1355 681 1619 732 adversus
1655 692 1718 730 ea
1773 692 1894 746 qua:
1929 692 2038 729 non

459 771 516 826 in
555 781 746 827 sancta
795 771 1062 826 Trinitate
1111 769 1534 825 considerantur
1592 786 1605 821 :
1660 776 1790 823 sunt
1859 775 2038 820 autem

460 863 778 932 ejusmodi:
839 861 1089 916 deﬁnitio
1140 861 1380 916 hominis
1425 876 1546 930 qua:
1591 873 1698 914 non
1741 874 1956 928 semper
1987 858 2039 910 in

462 956 600 1026 ipsis
642 955 960 1018 individuis,
1012 956 1126 1010 sive
1164 954 1416 1024 personis
1477 959 1776 1022 spectatur.
1831 949 2041 1002 Etenim

463 1045 739 1115 prioribus
761 1045 1142 1108 morientibus,
1174 1045 1278 1098 alia
1314 1044 1596 1098 individua
1647 1044 1890 1112 ipsorum
1925 1040 2046 1095 loco

460 1146 856 1191 construuntur
882 1156 895 1191 :
915 1151 978 1190 ac
998 1151 1192 1192 rursus
1217 1137 1404 1190 iisdem
1423 1148 1796 1204 saepenumero
1824 1148 2047 1187 manen-

463 1227 632 1290 tihus,
663 1227 768 1279 alia
790 1226 1036 1295 qumdam
1061 1225 1490 1296 superveniunt:
1513 1225 1584 1277 ita
1607 1230 1668 1277 ιιι
1685 1219 1974 1290 aliquando
1991 1219 2045 1272 in

464 1317 570 1384 his,
593 1316 888 1387 aliquando
924 1317 976 1370 in
1000 1316 1131 1384 illis,
1167 1315 1441 1371 interdum
1483 1315 1535 1368 in
1578 1312 1846 1384 pluribus,
1880 1311 2049 1364 inter-

465 1410 595 1466 dum
618 1411 672 1465 in
696 1409 1049 1480 paucioribus
1067 1409 1516 1464 considerentur:
1542 1407 1780 1474 itemque
1805 1407 1858 1458 in
1876 1405 2052 1458 detra-

462 1502 667 1566 ctione,
698 1503 847 1556 exitu
873 1500 992 1554 vitae
1019 1511 1072 1555 et
1113 1500 1490 1570 procreatione
1528 1497 2047 1560 individuorum,'in

467 1591 668 1662 quibus
697 1590 938 1644 hominis
973 1588 1217 1643 deﬁnitio
1260 1597 1560 1658 spectatur,
1597 1589 1845 1658 cogimur
1885 1587 2048 1639 etiam

467 1683 672 1737 multos
704 1683 885 1736 dicere
909 1682 1179 1743 homines,
1231 1691 1283 1734 et
1306 1695 1532 1750 paucos,
1559 1681 1863 1732 mutatione
1881 1687 1935 1732 et
1955 1692 2051 1729 va-

469 1775 702 1828 riatione
716 1789 811 1828 seu
835 1773 1156 1827 alteratione
1177 1787 1535 1842 personarum
1548 1813 1560 1832 ,
1575 1773 1797 1840 expulsa
1813 1785 2054 1824 commu-

2140 580 2262 633 Εἰσὶ
2287 579 2344 631 δὲ
2387 572 2578 631 αὗταιο
2621 575 2748 644 ὄρος
2793 573 2886 626 τοῦ
2926 572 3208 642 ἀνθρώπου
3251 572 3350 624 οὐκ
3394 571 3480 624 ἀεὶ
3525 571 3581 622 ὲν
3613 572 3723 632 τοῖς

2142 672 2322 733 αὐτοῖς
2355 671 2577 740 ἀτόμοις
2615 669 2732 738 ἦτοι
2768 665 3077 736 προσώποις
3117 664 3416 734 θεωρεῖται.
3468 661 3588 714 Τῶν
3624 662 3724 730 μὲν

2143 761 2251 834 γὰρ
2284 762 2564 833 προτέρων
2596 757 2985 824 τελευτώντων,
3031 758 3193 827 ἕτερα
3233 755 3346 808 ἀντ’
3388 753 3565 806 αὐτῶν
3598 768 3724 805 συν-

2147 855 2388 906 ίσταται-
2419 852 2513 906 καὶ
2558 851 2717 905 πάλιν
2765 851 2872 904 τῶν
2921 847 3099 902 αὐτῶν
3153 846 3406 908 πολλάκις
3457 844 3724 914 μενόντων

2143 945 2277 999 ἄλλα
2313 945 2434 998 τινὰ
2460 944 2791 1013 ἐπιγίνεται·
2826 942 2902 1005 ὡς
2930 941 3062 993 ποτε
3092 940 3188 1009 μὲν
3229 940 3285 991 ἐν
3318 937 3545 1000 τούτοις,
3593 933 3724 987 ποτὲ

2142 1037 2200 1090 δὲ
2237 1039 2296 1090 ὲν
2349 1036 2598 1098 ἐκείνοις,
2647 1037 2740 1089 καὶ
2787 1033 2916 1087 ποτὲ
2971 1032 3068 1103 μὲν
3122 1033 3178 1084 ἐν
3227 1030 3452 1093 πλείοσι,
3493 1027 3623 1080 ποτὲ
3667 1026 3725 1079 δὲ

2145 1130 2202 1182 ἐν
2251 1129 2493 1182 ἐλάττοσι
2538 1127 2875 1201 θεωρεῖσθαι·
2927 1125 3021 1178 καὶ
3073 1124 3164 1176 ἐπὶ¹
3218 1123 3319 1192 τῆς
3363 1121 3727 1190 ἀφαιρέσεως,

2144 1222 2245 1292 τῆς
2280 1239 2341 1274 τε
2377 1219 2726 1283 ἀποὸιώσεως
2771 1220 2865 1272 καὶ
2906 1218 3210 1288 γεννήσεως
3254 1214 3361 1267 τῶν
3402 1213 3634 1282 ἀτόμων,
3672 1212 3729 1262 ἐν

2147 1308 2228 1376 οἷς
2277 1313 2555 1384 θεωρεῖται
2597 1314 2626 1366 ό
2669 1310 2761 1364 τοῦ
2805 1307 3092 1380 ἀνθρώπου
3131 1308 3274 1378 ὄρος.
3309 1301 3727 1372 ἀναγκαζόμεθα

2150 1406 2242 1457 καὶ
2292 1403 2516 1466 πολλοὺς
2579 1402 2756 1470 λέγειν
2823 1398 3141 1472 ἀνθρώπους
3214 1398 3306 1449 καὶ
3361 1396 3612 1463 ὀλίγους,
3661 1397 3725 1464 τῇ

2147 1499 2323 1566 τροπῇ
2359 1497 2450 1548 καὶ
2493 1493 2772 1548 ἀλλοιώσει
2809 1491 2918 1544 τῶν
2950 1488 3254 1560 προσώπων
3308 1485 3729 1557 ὲκκρουσθείσης

2148 1587 2246 1657 τῆς
2284 1587 2468 1654 κοινῆς
2517 1583 2816 1654 συνηθείας,
2859 1583 2953 1634 καὶ
2999 1580 3149 1650 παρὰ
3189 1578 3350 1631 αὐτὸν
3383 1577 3474 1630 τὸν
3521 1576 3619 1645 τῆς
3650 1575 3730 1627 οὺ-

2154 1681 2275 1742 σίας
2318 1678 2505 1737 λόγον·
2538 1676 2677 1728 ῶστε
2727 1673 3073 1745 συναριθμεῖν
3113 1674 3222 1735 τοῖς
3275 1667 3583 1742 προσώποις
3611 1669 3730 1719 τινὰ

2151 1773 2351 1841 τρόπον
2417 1769 2510 1822 καὶ
2568 1766 2772 1830 οὐσίας.
2841 1766 2962 1818 Ἐπὶ
3022 1764 3078 1817 δὲ
3130 1764 3228 1834 τῆς
3293 1763 3450 1829 ἁγίας
3505 1759 3731 1830 Τριὰδος

469 1867 524 1921 ni
546 1866 965 1932 consuetudine,
994 1875 1048 1919 et
1075 1876 1267 1934 praeter
1289 1865 1463 1934 ipsam
1493 1865 1756 1918 rationem
1775 1864 2045 1924 essentne,

2156 1863 2297 1915 οὐδὲν
2345 1861 2584 1914 τοιοῦτον
2649 1857 2932 1929 συμϐαίνει
2992 1857 3161 1919 ποτὲ,
3219 1855 3307 1908 διὰ
3360 1854 3420 1906 τὸ
3470 1851 3540 1904 τὰ
3597 1850 3732 1903 αὐτὰ

470 1967 532 2014 ιιι
561 1976 683 2015 cum
707 1958 959 2030 personis
992 1969 1458 2012 connumerentur
1483 1955 1883 2027 quodammodo
1915 1955 2049 2008 sub-

470 2051 705 2106 stantiae.
769 2051 829 2104 In
887 2058 1078 2103 sancta
1119 2064 1250 2102 vero
1291 2047 1562 2102 Trinitate
1617 2047 1755 2101 nihil
1805 2061 2047 2116 unquam

470 2141 741 2211 ejusmodi
795 2140 1070 2198 usuvenit.
1142 2154 1208 2192 eo
1247 2139 1392 2208 quod
1438 2138 1641 2192 emdem
1691 2153 1954 2208 personae,
1997 2144 2052 2189 et

472 2246 583 2285 non
627 2230 746 2283 aliae
796 2237 961 2298 atque
1014 2229 1134 2282 alia:
1187 2227 1460 2293 dicantur,
1509 2229 1603 2284 sed
1655 2228 1722 2282 ad
1773 2228 1912 2282 idem
1953 2242 2051 2281 eo-

472 2324 705 2392 demque
755 2321 920 2375 modo
991 2337 1049 2376 se
1108 2321 1380 2383 habeant,
1435 2337 1612 2391 neque
1657 2322 2049 2376 incrementum

476 2416 643 2469 ullum
696 2415 814 2484 ipsa
864 2413 1108 2468 Trinitas
1140 2413 1412 2476 admittat,
1461 2427 1519 2466 ut
1558 2412 1625 2466 ad
1660 2413 1922 2467 tetradem
1959 2427 2052 2464 ac-

475 2504 655 2568 cedat,
681 2519 858 2572 neque
879 2502 1323 2567 diminutionem,
1355 2511 1413 2555 ut
1450 2503 1516 2556 ad
1541 2502 1715 2573 dyada
1743 2502 2048 2572 redigatur:

476 2608 654 2663 neque
696 2593 842 2647 enim
887 2599 1181 2662 generatur
1211 2599 1304 2645 aut
1336 2592 1584 2660 procedit
1613 2608 1640 2645 a
1682 2591 1842 2646 Patre
1880 2593 1961 2645 vel
1987 2607 2053 2645 ex

476 2697 587 2736 una
632 2696 664 2736 e
709 2681 994 2750 personis,
1048 2679 1187 2734 adeo
1216 2690 1276 2734 ιιι
1311 2679 1554 2736 Trinitas
1583 2684 1746 2734 etiam
1783 2689 1950 2734 tetras
1985 2682 2056 2736 sit

478 2770 805 2840 aliquando;
853 2784 1030 2838 neque
1085 2769 1272 2824 interit
1321 2784 1561 2839 unquam
1602 2787 1707 2823 una
1755 2785 1818 2824 ex
1879 2772 2056 2826 tribus

479 2861 565 2917 his
600 2860 873 2932 personis,
908 2869 966 2914 ιιι
998 2859 1238 2914 Trinitas
1278 2861 1368 2915 ﬁat
1412 2861 1567 2932 dyas.
1612 2860 1731 2915 Jam
1770 2878 1900 2918 vero
1930 2878 2055 2916 cum

481 2953 626 3006 nulla
657 2953 894 3006 accretio
944 2967 1045 3006 nec
1090 2952 1402 3016 diminutio,
1432 2969 1530 3007 nec
1566 2955 1851 3009 conversio
1899 2964 2060 3026 atque

482 3043 731 3097 alteratio
787 3056 1027 3111 unquam
1089 3041 1180 3096 ﬁat
1231 3043 1408 3098 tribus
1453 3046 1716 3113 personis,
1760 3046 2054 3101 absurdum

479 3142 624 3189 esset
670 3149 835 3203 super
873 3134 1048 3188 tribus
1072 3135 1320 3203 personis
1343 3137 1502 3188 etiam
1549 3144 1663 3191 tres
1696 3136 1876 3192 dicere
1903 3138 2054 3192 deos.

483 3223 694 3279 Rursus
730 3225 964 3280 hominis
996 3239 1242 3294 persona:
1265 3240 1456 3280 omnes
1485 3243 1591 3279 non
1628 3227 1696 3280 ab
1726 3229 1915 3282 eadem
1943 3245 2058 3298 per-

481 3331 616 3371 sona
639 3316 938 3371 secundum
962 3317 1284 3371 continuum
1320 3319 1516 3373 habent
1548 3335 1668 3375 esse
1699 3337 1917 3375 :verum
1947 3323 2062 3377 ha'c

481 3409 699 3479 quidem
751 3425 817 3464 ex
869 3393 984 3473 illa,
1031 3410 1146 3464 hznc
1194 3418 1376 3465 autem
1408 3427 1469 3464 ex
1524 3413 1613 3466 illa
1655 3413 1708 3467 iu
1770 3416 1940 3467 multa
2003 3425 2059 3468 et

481 3501 697 3556 diversa
747 3517 869 3556 esse
921 3517 1087 3571 super
1145 3503 1386 3557 causatis
1443 3503 1604 3558 etiam
1659 3521 1853 3561 causas
1898 3525 1912 3561 :
1966 3523 2059 3562 ve-

484 3607 606 3646 rum
652 3592 708 3645 in
747 3598 938 3645 sancta
991 3591 1264 3646 Trinitate
1312 3609 1418 3645 non
1461 3594 1534 3646 ita
1595 3610 1654 3650 se
1702 3611 1791 3650 res
1852 3597 2055 3662 habet;

489 3699 615 3738 nam
661 3698 770 3737 una
821 3692 878 3738 et
906 3684 1096 3738 eadem
1132 3699 1362 3754 persona
1409 3685 1608 3750 Patris,
1643 3704 1706 3740 ex
1753 3703 1862 3757 quo
1890 3686 2059 3742 Filius

486 3784 778 3848 generatur
821 3785 877 3829 et
932 3774 1172 3845 Spiritus
1213 3786 1437 3832 sanctus
1489 3780 1754 3848 procedit.
1792 3780 2059 3845 Quocirca

484 3867 650 3922 etiam
691 3867 909 3936 proprie
953 3881 1122 3920 unum
1171 3874 1450 3922 auctorem
1513 3884 1702 3923 eorum
1756 3887 1876 3940 quae
1920 3887 1948 3924 a
2002 3887 2061 3926 se

487 3966 548 4014 ut
565 3974 732 4013 causa
762 3957 1092 4028 dependent,
1122 3975 1290 4013 unum
1326 3959 1493 4014 Deum
1523 3962 1822 4016 asserimus
1849 3980 1860 4014 :
1889 3977 2061 4032 quan-

489 4051 778 4121 doquidem
803 4065 910 4103 una
933 4050 1096 4105 etiam
1126 4065 1251 4104 cum
1281 4051 1416 4120 ipsis
1437 4051 1672 4105 exsistit.
1709 4051 1895 4121 Neque
1915 4054 2060 4106 enim

489 4150 732 4211 tempore
760 4140 1078 4194 dividuntur
1117 4157 1146 4194 a
1189 4157 1248 4195 se
1288 4141 1518 4196 invicem
1547 4159 1794 4212 personae
1820 4144 2058 4210 deitatis,

491 4247 670 4302 neque
687 4232 828 4296 loco,
859 4246 1035 4300 neque
1061 4232 1340 4286 voluntate
1361 4233 1677 4299 consiliove,
1700 4250 1874 4303 neque
1900 4236 2061 4290 insli-

492 4324 1164 4393 tuto,nequeoperatione,
1183 4339 1358 4393 neque
1371 4324 1656 4379 aﬂectione
1671 4327 1777 4379 ulla
1791 4328 2060 4396 ejusmodi

491 4430 612 4484 qua:
645 4415 1024 4470 consideratur
1064 4416 1116 4469 in
1145 4415 1480 4480 hominibus,
1509 4419 1602 4472 sed
1633 4418 1900 4473 duntaxat
1930 4421 2057 4490 quia

2149 1953 2453 2024 πρόσωπα,
2507 1950 2598 2002 καὶ
2662 1950 2757 2016 οὐχ
2821 1948 2981 2017 ἕτερα
3050 1947 3144 1999 καὶ
3202 1945 3366 2013 ’ἐτερα
3437 1939 3730 2010 λέγεσθαι,

2149 2043 2290 2096 κατὰ
2314 2043 2373 2095 τὸ
2395 2042 2522 2094 αὐτὸ
2553 2041 2644 2094 καὶ
2673 2038 2930 2101 ὡσαύτως
2977 2037 3196 2108 ἔχοντα·
3238 2039 3373 2107 μήτε
3408 2033 3726 2105 προσθήκην

2149 2136 2270 2188 τινὰ
2307 2133 2552 2203 δέχεσθαι
2583 2130 2748 2200 αὐτὴν
2785 2131 2862 2192 εἰς
2904 2129 3162 2200 τετράδα’
3205 2129 3340 2197 μήτε
3371 2126 3732 2197 μείωσίνιτὴν

2152 2231 2230 2287 εἰς
2263 2227 2457 2279 δυόιδσι⁸
2495 2223 2618 2277 οὔτε
2667 2223 2774 2292 γὰρ
2798 2223 3048 2291 γεννᾶται
3094 2221 3126 2292 ἢ
3162 2219 3516 2292 ἐκπορεύεται
3551 2220 3614 2269 ὲκ
3638 2215 3732 2268 τοῦ

2152 2318 2440 2390 Πατέροςῆ
2465 2316 2523 2380 ἐξ
2552 2317 2667 2379 ἐνὸς
2695 2315 2804 2366 τῶν
2835 2313 3142 2384 προσώπων
3163 2351 3178 2375 ,
3211 2311 3351 2364 ὥστε
3381 2312 3471 2363 καὶ
3503 2308 3734 2379 τετράδα

2153 2407 2291 2464 εἷναί
2322 2427 2450 2463 ποτε
2497 2409 2594 2477 τὴν
2644 2406 2846 2477 Τριάδα
2873 2423 2884 2434 ·
2921 2405 3042 2458 οὔτε
3082 2404 3305 2473 τελευτᾷ
3353 2419 3482 2455 ποτε
3533 2401 3590 2453 ἓν
3624 2399 3733 2453 τῶν

2152 2502 2318 2574 τριῶν
2375 2501 2579 2553 τούτων
2631 2487 2959 2570 προσώπων,
3001 2497 3140 2549 ὥστε
3186 2496 3352 2548 δυάδα
3395 2495 3492 2564 τὴν
3532 2491 3735 2563 Τριάδα

2153 2593 2418 2662 γίνεσθαι.
2479 2591 2801 2661 Προσθήκης
2847 2588 2902 2640 δὲ
2953 2589 3047 2640 καὶ
3093 2585 3390 2658 μειώσεως,
3429 2585 3638 2654 τροπῆς
3675 2599 3733 2634 τε

2156 2687 2248 2738 καὶ
2285 2681 2620 2744 ἀλλοιώσεως
2672 2680 2939 2750 μηδεμιᾶς
2982 2695 3112 2731 ποτε
3142 2677 3430 2746 γινομένης
3454 2677 3565 2737 τοῖς
3589 2674 3734 2744 τρισὶ

2156 2771 2485 2842 προσώποις,
2525 2771 2723 2824 ἄτοπον
2771 2767 2905 2837 πρὸς
2956 2769 3070 2829 τοῖς
3119 2767 3263 2836 τρισὶ
3309 2763 3618 2834 προσώποις
3642 2762 3737 2814 καὶ

2154 2868 2304 2937 τρεῖς
2335 2865 2512 2932 λέγειν
2541 2862 2714 2926 θεούς.
2747 2862 2913 2914 Πάλιν
2936 2860 3004 2914 τὰ
3039 2859 3132 2914 τοῦ
3162 2860 3448 2931 ἀνθρώπου
3472 2858 3736 2928 πρόσωπα

2157 2960 2355 3021 πάντα,
2383 2957 2483 3009 οὐκ
2512 2955 2618 3008 ἀπὸ
2646 2954 2739 3008 τοῦ
2789 2951 2953 3006 αὐτοῦ
2984 2952 3275 3025 προσώπου
3306 2950 3446 3004 κατά
3478 2950 3536 3002 τὸ
3579 2963 3738 3017 προσο

2157 3052 2276 3121 εχὲς
2307 3049 2418 3121 ἔχει
2447 3047 2509 3100 τὸ
2537 3042 2676 3100 εἶναι
2701 3063 2713 3076 ·
2743 3045 2880 3100 ἀλλὰ
2924 3044 2992 3098 τὰ
3025 3046 3120 3115 μὲν
3147 3047 3208 3096 ὲκ
3235 3043 3423 3096 τούτου
3457 3057 3470 3069 °
3500 3041 3568 3092 τὰ
3592 3039 3646 3091 δὲ
3680 3037 3740 3102 ἐξ

2159 3143 2365 3196 ἐκείνου
2402 3143 2480 3203 είς
2503 3139 2669 3193 πολλὰ
2703 3140 2796 3191 καὶ
2819 3137 3046 3210 διάφορα
3081 3131 3217 3189 εἶναι
3253 3135 3389 3206 πρὸς
3419 3135 3531 3196 τοῖς
3563 3133 3739 3186 αἰτια-

2158 3239 2270 3299 τοῖς
2325 3235 2418 3289 καὶ
2473 3235 2538 3287 τὰ
2581 3235 2727 3286 αἴτια
2752 3249 2765 3262 ·
2809 3232 2902 3283 ἐπὶ
2943 3230 2999 3284 δὲ
3041 3231 3138 3298 τῆς
3174 3229 3334 3297 ἁγίας
3366 3226 3612 3298 Τριὰδος,
3642 3224 3740 3294 οὐχ

2159 3329 2348 3391 οὕτως.
2381 3329 2476 3379 ’Ἐν
2509 3326 2615 3396 γὰρ
2641 3327 2733 3378 καὶ
2769 3324 2828 3378 τὸ
2861 3323 2992 3376 αὐτὸ
3019 3322 3306 3393 πρόσωπον
3333 3319 3429 3372 τοῦ
3476 3319 3737 3388 Πατέρος,

2159 3419 2217 3484 ἐξ
2243 3411 2302 3470 οὗ
2328 3420 2355 3470 ὀ
2384 3418 2509 3480 Υἱὸς
2541 3419 2817 3486 γεννᾶται,
2859 3415 2952 3468 καὶ
2982 3414 3042 3466 τὸ
3073 3413 3294 3483 Πνεῦμα
3325 3412 3384 3464 τὸ
3410 3412 3560 3479 ἆγιον
3577 3412 3742 3463 ἐκπο-

2163 3511 2397 3581 ρεύεται.
2430 3508 2520 3561 Διὸ
2549 3510 2641 3561 καὶ
2665 3508 2868 3576 κυρίως
2911 3506 3001 3558 τὸν
3025 3505 3120 3558 ἕνα
3159 3506 3328 3558 αἴτιον
3356 3503 3483 3555 ὅντα
3512 3502 3617 3554 τῶν
3642 3501 3740 3554 αὑ-

2157 3603 2250 3656 τοῦ
2283 3602 2558 3666 αἰτιατῶν,
2586 3601 2684 3654 ἕνα
2713 3600 2844 3652 Θεόν
2896 3615 3072 3668 φαμεν
3093 3615 3106 3630 ο
3138 3598 3258 3648 ἐπεὶ
3292 3595 3382 3648 καὶ
3413 3594 3739 3664 συνυπάρχει

2159 3696 2356 3756 αὐτοῖς.
2385 3691 2519 3745 Οὔτε
2551 3691 2658 3762 γὰρ
2683 3691 2860 3762 χρόνῳ
2881 3690 3165 3759 διαιρεῖται
3196 3687 3439 3756 ἀλλήλων
3476 3687 3542 3739 τὰ
3574 3687 3741 3756 πρόσ-

2157 3804 2282 3839 ωπα
2319 3785 2418 3854 τῆς
2447 3785 2716 3852 θεότητος,
2741 3782 2862 3836 οὔτε
2897 3783 3065 3851 τόπῳ,
3112 3783 3171 3834 οὐ
3207 3781 3389 3850 βουλῇ,
3423 3780 3520 3832 οῦκ
3554 3782 3740 3849 ἐπιτη-

2158 3877 2406 3946 δεύματι,
2443 3876 2540 3928 οὐκ
2571 3873 2839 3944 ἐνεργείᾳ,
2861 3873 2921 3926 οὑ
2950 3873 3109 3926 πάθει
3131 3871 3306 3924 οὐδενὶ
3333 3871 3439 3923 τῶν
3463 3870 3734 3934 τοιούτων,

2159 3963 2356 4038 οἷάπερ
2404 3967 2686 4038 θεωρεῖται
2726 3966 2818 4018 ἐπὶ
2852 3965 2959 4018 τῶν
2987 3963 3287 4034 ἀνθρώπων
3307 3981 3320 3994 ·
3346 3963 3378 4032 ἦ
3416 3964 3570 4032 μόνον
3599 3964 3679 4016 ὅτι
3711 3965 3740 4017 ὁ

2160 4060 2370 4131 Πατὴρ,
2399 4059 2588 4130 Πατήρ
2636 4060 2774 4120 ἐστι,
2807 4058 2900 4110 καὶ
2948 4057 3045 4125 οὐχ
3082 4056 3208 4116 Υἱός
3233 4071 3247 4085 ο
3287 4055 3434 4117 Υἱὸς,
3474 4054 3601 4117 Υἱός
3626 4057 3741 4107 ἐστι

2161 4153 2254 4204 καὶ
2316 4151 2376 4202 οὐ
2429 4150 2660 4219 Πατὴρο
2700 4149 2900 4218 ὁμοίως
2940 4147 3034 4198 καὶ
3078 4145 3139 4198 τὸ
3189 4145 3414 4215 Πνεῦμα
3463 4144 3524 4196 τὸ
3557 4146 3732 4212 ἆγιον,

2160 4240 2276 4294 οὐδὲ
2309 4239 2518 4309 Πατὴρ,
2546 4237 2662 4290 οὐδὲ
2693 4237 2836 4298 Υἱός.
2856 4236 3053 4304 Διόπερ
3078 4234 3300 4303 οὐδεμία
3323 4233 3535 4303 ἀνάγκη
3558 4250 3743 4303 παρα-

2163 4329 2420 4394 σκευάζει
2453 4330 2598 4399 ήμᾶς
2625 4330 2770 4399 τρεῖς
2809 4327 2963 4388 θεοὺς
3004 4327 3176 4378 εἰπεῖν
3205 4325 3272 4377 τὰ
3297 4324 3422 4394 τρία
3455 4324 3739 4392 πρόσωπα,

2161 4423 2347 4493 ὥσπερ
2377 4423 2458 4489 ἐφ’
2491 4419 2646 4491 ἡμῶν
2664 4417 2888 4481 πολλοὺς
2917 4416 3235 4486 ἀνθρώπους
3267 4416 3444 4485 φαμὲν
3474 4415 3542 4468 τὰ
3575 4415 3740 4468 πολλὰ

491 4505 672 4567 Pater,
691 4502 850 4558 Pater
866 4512 969 4568 est,
991 4513 1044 4557 et
1067 4522 1174 4558 non
1193 4503 1386 4572 Filius;
1401 4504 2055 4573 Filius,Filiusest,etnon

2167 4511 2433 4583 πρόσωπα
2461 4508 2550 4561 διὰ
2587 4507 2686 4570 τὰς
2716 4506 3010 4577 εἰρημένας
3057 4505 3255 4567 αἰτίας,
3287 4506 3378 4557 καὶ
3406 4506 3466 4557 οὐ
3497 4505 3636 4558 κατὰ
3664 4505 3744 4557 λό-

489 4589 676 4645 Pater:
701 4591 954 4645 similiter
973 4592 1135 4646 ctiam
1163 4593 1398 4668 Spiritus
1421 4603 1661 4661 sanctus,
1688 4613 1860 4668 neque
1882 4597 2059 4664 Pater,

491 4701 671 4755 neque
697 4683 872 4741 Filius
895 4693 998 4740 est.
1027 4664 1370 4757 Quapropter
1397 4689 1548 4742 nulla
1574 4664 1877 4747 necessitas
1911 4704 2065 4764 urget

491 4791 592 4830 nos
615 4776 681 4829 ad
706 4776 995 4830 dicendam
1015 4785 1128 4832 tres
1153 4777 1284 4833 deos
1302 4794 1423 4834 esse
1443 4795 1704 4849 personas
1731 4793 1861 4838 tres:
1876 4801 2066 4855 quem-

491 4866 780 4922 admodum
813 4868 867 4921 in
897 4869 1053 4925 nobis
1087 4871 1288 4925 multos
1330 4871 1578 4925 homines
1601 4873 1833 4929 dicimus
1867 4877 2065 4932 multas

491 4973 777 5028 personas,
809 4969 1031 5029 propter
1070 4976 1164 5016 eas
1188 4977 1326 5031 quas
1355 4961 1592 5018 diximus
1630 4979 1848 5030 causas,
1882 4974 1934 5021 et
1957 4984 2066 5021 non

491 5050 644 5119 juxta
665 5050 928 5104 rationem
953 5052 1340 5116 necessariam,
1380 5053 1526 5122 quod
1569 5053 1709 5108 idem
1747 5065 1832 5110 est
1865 5071 1962 5124 per
1986 5073 2064 5119 se,

494 5159 664 5198 unum
683 5152 738 5197 et
774 5143 943 5196 multa
975 5158 1082 5196 non
1108 5151 1286 5212 potest
1313 5159 1454 5197 esse.
1483 5141 1581 5198 Est
1608 5143 1769 5198 etiam
1795 5143 1992 5199 Petrus
2015 5153 2069 5199 et

493 5233 698 5289 Paulus
712 5240 767 5289 et
787 5233 1066 5290 Barnabas
1082 5234 1382 5289 secundum
1405 5234 1699 5298 hominem,
1725 5250 1866 5289 unus
1884 5235 2086 5318 homo;l

2168 4618 2262 4669 γον
2300 4601 2597 4666 ἀναγκαῖον
2623 4597 2684 4649 τὸ
2707 4595 2866 4649 αὐτὸν
2898 4595 3036 4648 κατά
3069 4595 3252 4659 αὐτὸν,
3281 4594 3336 4646 ἒν
3363 4596 3456 4647 καὶ
3487 4594 3654 4647 πολλά
3679 4596 3742 4647 οὐ

2167 4690 2391 4744 δυνατὸν
2429 4685 2585 4742 εἶναι.
2619 4687 2774 4740 Ἐστι
2808 4687 2863 4740 δὲ
2888 4688 2980 4740 καὶ
3006 4686 3228 4754 Πέτρος,
3270 4688 3361 4738 καὶ
3391 4686 3621 4751 Παῦλος,
3649 4687 3743 4741 καὶ

2171 4779 2486 4849 Βαρνάϐας,
2529 4778 2669 4832 κατὰ
2723 4778 2805 4842 τὸ,
2843 4777 3153 4849 ἄνθρωπος,
3187 4773 3267 4842 εἷς
3309 4777 3610 4848 ἅνθρωπος,
3651 4780 3743 4832 καὶ

2171 4875 2312 4928 κατὰ
2343 4872 2403 4926 τὸ
2435 4871 2564 4925 αὐτὸ
2617 4870 2792 4932 τοῦτο,
2829 4870 2969 4922 κατά
3001 4869 3084 4932 τὸ,
3122 4869 3427 4940 ἄνθρωπος,
3471 4870 3650 4923 πολλοὶ
3682 4872 3743 4923 οὐ

2172 4966 2422 5018 δύνανται
2453 4959 2610 5018 εἶναι.
2657 4961 2918 5031 Λέγονται
2959 4962 3016 5014 δὲ
3050 4961 3233 5014 πολλοὶ⁴
3261 4961 3537 5033 ἅνθρωποι
3574 4979 3743 5013 κατα-

2174 5053 2501 5125 χρηστικῶς.
2533 5053 2626 5105 καὶ
2653 5053 2713 5104 οὺ
2754 5051 2954 5121 κυρίως
2976 5067 2990 5082 ο
3019 5051 3078 5103 τδ
3091 5051 3145 5103 δὲ
3177 5052 3628 5123 καταχρηστικῶς
3659 5052 3745 5104 λε-

2174 5147 2420 5216 γόμενον,
2452 5147 2552 5198 οὐκ
2585 5145 2651 5198 ἂν
2689 5146 2797 5207 τοῖς
2824 5139 2881 5197 εὖ
2922 5142 3177 5215 φρονοῦσι
3201 5143 3295 5196 τοῦ
3325 5145 3526 5212 κυρίως
3556 5161 3741 5214 προτι-

2180 5237 2395 5306 μηθείη.
2425 5235 2514 5287 Διὸ
2538 5236 2596 5288 οὐ
2623 5235 2841 5288 λεκτέον
2876 5235 2966 5287 ἐπὶ
2993 5235 3098 5286 τῶν
3120 5234 3284 5304 τριῶν
3314 5233 3614 5304 προσώπων
3642 5235 3742 5303 τῆς

495 5335 550 5383 et
573 5327 874 5383 secundum
897 5327 1002 5381 hoc
1025 5329 1225 5396 ipsum,
1250 5335 1524 5396 quatenus
1551 5325 1738 5388 homo,
1773 5327 1924 5382 multi
1958 5343 2055 5380 nor

2177 5327 2324 5388 θείας
2353 5325 2536 5388 οὐσίας
2565 5329 2710 5396 τρεῖς
2755 5325 2910 5387 θεοὺς
2945 5322 3110 5388 εἶναι,
3141 5325 3281 5377 κατά
3307 5324 3367 5376 τὸ
3383 5323 3512 5386 Θεός
3535 5342 3548 5354 ·
3580 5318 3658 5386 εἷς
3687 5325 3743 5376 δὲ

496 5430 725 5490 possunt
756 5435 880 5476 esse
923 5419 1216 5475 :dicuntur
1253 5429 1428 5472 autem
1464 5419 1618 5472 multi
1663 5418 1910 5473 homines
1941 5420 2070 5474 abu-

497 5513 612 5567 sive
667 5527 731 5566 ac
768 5527 874 5566 non
914 5511 1132 5581 proprie
1170 5529 1183 5565 :
1231 5509 1375 5580 quod
1422 5523 1553 5562 vero
1600 5524 1696 5578 per
1749 5509 2067 5565 abusionem

497 5601 718 5667 dicitur,
749 5602 1166 5671 haudquaquam
1198 5601 1341 5670 apud
1393 5615 1487 5654 eos
1513 5599 1606 5670 qui
1687 5600 1906 5670 sapiunt
1971 5601 2305 5672 praeponitur
2366 5598 2416 5653 ei
2471 5599 2613 5668 quod
2664 5599 2902 5668 proprie.
2961 5597 3228 5663 Quocirca

2173 5416 2304 5478 Θεὸς
2329 5415 2421 5468 καὶ
2438 5417 2466 5468 ό
2489 5415 2648 5477 αὐτὸς
2674 5414 2763 5467 διὰ
2777 5415 2874 5484 τὴν
2889 5414 3190 5484 ταυτότητα
3204 5413 3302 5483 τῆς
3319 5413 3503 5476 οὐσίας
3533 5408 3600 5484 ἦς
3629 5414 3744 5466 ἐστι

2173 5509 2304 5572 Θεὸς
2336 5509 2688 5578 σημαντικὸν,
2724 5507 2906 5570 καθὼς
2937 5507 3179 5576 εἴπομεν.

3320 5595 3540 5650 minime
3623 5610 3744 5665 pro-

495 5691 759 5747 ﬁtendum
810 5702 895 5749 est
934 5693 991 5747 in
1041 5694 1218 5749 tribus
1253 5692 1504 5763 personis
1558 5691 1754 5748 divinae
1791 5695 2066 5761 essentia,
2107 5703 2219 5750 tres
2267 5693 2401 5748 deos
2429 5707 2571 5756 esse,
2608 5702 2878 5762 quatenus
2906 5690 3048 5747 Deus
3080 5710 3092 5746 :
3123 5705 3268 5746 unus
3298 5703 3428 5744 vero
3487 5696 3542 5741 et
3603 5688 3745 5747 idem

498 5783 642 5840 Deus
695 5786 1276 5858 prepteridentitatem
1309 5786 1649 5853 substantiae,
1679 5786 1839 5860 cujus
1871 5785 1933 5843 τὸ
1952 5787 2095 5846 Deus
2131 5795 2216 5845 est
2262 5787 2704 5860 signiﬁcativum,
2758 5795 2818 5842 ut
2861 5786 3064 5842 dictum
3113 5796 3197 5840 cst
3250 5798 3282 5838 a
3349 5779 3530 5837 nobis.
