4166 6372
374 428 466 484 isi
1462 412 1548 467 ms
1590 406 2044 466 COMMUNIBUS
2084 405 2512 460 sonoxtccs.
3513 400 3618 455 ,δε

442 545 502 596 Εἰ
547 542 605 596 δὲ
654 540 800 606 λέγοι
856 554 968 600 τις⁶
1013 537 1123 590 Καὶ
1157 535 1269 598 πῶς
1312 537 1346 604 ἡ
1401 534 1590 604 Γραφὴ
1632 530 1949 600 συναριθμεῖ
1978 534 2020 588 Α

1978 534 2020 588 Α
2120 529 2274 593 Quod
2315 529 2360 582 si
2395 530 2519 597 quis
2563 527 2738 590 dicat,
2781 526 2847 579 Et
2878 526 3152 596 quomodo
3187 524 3466 594 Scriptura
3504 533 3617 578 tres

373 637 518 705 τρεῖς
572 629 767 702 ἄνδρας
801 630 942 682 κατὰ.
988 627 1299 699 περιουσίαν
1329 644 1342 691 ;
1375 627 1553 695 ὁράτω
1582 626 1662 676 ὅτι
1700 623 1824 673 Υἰὸν
1856 621 1948 673 καὶ

2047 621 2194 675 viros
2262 629 2622 674 conumnerat
2689 635 2755 672 ex
2814 617 3189 672 abundantia?
3235 617 3412 671 videat
3473 616 3618 684 quod

376 728 526 793 ἆγιον
556 723 777 791 Πνεῦμα
810 720 1022 774 διδοῦσα
1049 723 1082 789 ἡ
1109 719 1299 788 Γραφὴ
1316 720 1408 771 καὶ
1435 717 1566 769 Θεὸν
1593 716 1782 782 Λόγον,
1817 713 1948 765 Θεὸν

2049 713 2244 766 Filium
2283 721 2338 767 et
2379 724 2626 766 sanctum
2664 711 2926 781 Spiritum
2971 710 3193 765 tradens
3227 710 3534 780 Scriptura,
3567 718 3619 763 et

381 819 453 887 μὴ
476 817 665 883 Λόγον,
687 812 954 878 τουτέστι,
972 812 1102 864 Θεὸν
1126 811 1365 880 Πατέρα,
1385 808 1517 860 Θεὸν
1540 806 1762 875 Πνεῦμα
1777 805 1947 871 ἆγιον·

2052 807 2217 860 Deum
2275 804 2510 859 Verbum
2576 813 2629 856 et
2675 803 2840 857 Deum
2893 819 3000 856 non
3059 801 3318 864 Verbum,
3381 802 3480 855 hoc
3538 810 3622 855 est

378 910 506 960 Θεὸν
530 903 897 977 παραδιδοῦσα
921 943 936 966 ,
972 901 1198 954 καθόλου
1232 901 1577 969 παραιτεῖται
1619 898 1768 967 τρεῖς
1800 894 1951 955 θεοὺς

2053 896 2222 950 Deum
2268 894 2505 957 Patrem,
2559 893 2726 947 Deum
2775 891 3036 961 Spiritum
3096 901 3387 946 sanctum:
3454 891 3621 943 Deum

379 999 568 1060 εἰπεῖν,
606 995 860 1049 ἀσέϐειαν
909 993 1185 1064 ἡγουμένη
1220 991 1317 1060 τὴν
1369 988 1679 1052 πολυθεῖαν,
1725 985 1820 1038 καὶ
1857 986 1954 1036 ’ἐνα

2052 987 2274 1041 tradens
2319 985 2687 1056 prolitensque
2731 985 2954 1036 omnino
2987 992 3200 1037 recusat
3231 991 3343 1037 tres
3375 981 3507 1035 deos
3544 984 3626 1035 di-

380 1089 511 1141 Θεὸν
542 1088 711 1140 διόλου
760 1085 1122 1157 κηρύττουσα,
1162 1084 1299 1155 μήτε
1332 1081 1400 1134 τὰ
1443 1080 1708 1151 πρόσωπα
1745 1075 1956 1144 συμφύ-

2054 1093 2207 1140 cere,
2260 1078 2589 1145 impietatem
2645 1090 2874 1128 censens
2921 1074 3146 1127 deorum
3199 1072 3621 1136 multitudinem,

385 1198 570 1251 ρουσα,
630 1181 766 1248 μήτε
825 1179 923 1246 τὴν
986 1177 1214 1246 θεότητα
1253 1175 1570 1246 διαιροῦσα·
1620 1172 1957 1240 φυλάττουσα

2055 1175 2110 1222 et
2159 1183 2325 1220 unum
2382 1167 2546 1219 [)eum
2602 1165 2804 1234 ubique
2858 1167 3236 1235 promulgatis,
3290 1180 3466 1234 neque.
3506 1181 3629 1233 per-

382 1269 437 1320 δὲ
475 1268 669 1338 μᾶλλον
719 1266 1021 1334 ταυτότητα
1061 1265 1310 1335 θεότητος
1348 1265 1406 1316 ἐν
1439 1263 1692 1331 ἰδιότησιν
1721 1260 1956 1313 ὑποστά-

2057 1274 2224 1312 sonas
2289 1259 2657 1323 confundens,
2716 1275 2892 1328 neque
2953 1259 3295 1312 divinitatem
3353 1257 3627 1322 dividens,

386 1377 542 1420 σεων,
565 1359 599 1430 ἢ
623 1359 694 1420 ὡς
715 1359 879 1427 τριῶν
911 1355 1236 1426 προσώπων.
1265 1357 1328 1409 Εἰ
1345 1355 1398 1408 δὲ
1417 1354 1662 1424 βούλεται
1689 1352 1718 1403 ὁ
1737 1351 1959 1404 τοιαῦτα

2059 1353 2169 1403 imo
2205 1350 2512 1403 divinitatis
2549 1352 2888 1405 identitatem
2926 1366 3266 1405 conservans
3308 1350 3362 1404 in
3392 1349 3633 1419 proprie-

386 1453 554 1520 λέγων
587 1450 775 1520 μαθεῖν
825 1452 884 1502 τὸ
924 1448 1141 1519 ἀληθὲς,
1180 1447 1495 1514 γινωσκέτω
1533 1445 1605 1507 ὡς
1640 1445 1786 1511 τρεῖς
1813 1442 1959 1511 λέγει

2060 1445 2265 1498 tatibus
2330 1444 2685 1514 hypostaticis
2743 1446 2905 1498 trium
2954 1459 3331 1514 personarum.
3377 1441 3532 1508 Quod
3585 1442 3632 1495 si

386 1544 420 1612 ἡ
451 1543 634 1613 Γραφή
661 1558 674 1571 ·
711 1540 911 1610 καίπερ
934 1541 1028 1591 ἕνα
1056 1538 1336 1608 ἄνθρωπον
1362 1538 1488 1599 τοὺς
1514 1535 1837 1603 σύμπαντας
1879 1549 1961 1600 γι-

2062 1536 2152 1603 qui
2181 1535 2294 1589 ha'c
2327 1537 2460 1588 dicit
2489 1551 2674 1589 verum
2724 1536 2934 1589 discere
2983 1534 3122 1596 vult.
3163 1541 3457 1603 cognoscat
3488 1529 3634 1586 Scri-

388 1631 687 1694 νώσκουσα,
740 1630 887 1684 κατὰ
931 1631 1011 1691 τὸ,
1069 1631 1409 1694 ’Ἄνθρωπος
1461 1625 1602 1680 ὡσεὶ
1649 1626 1860 1693 χόρτος
1903 1625 1962 1676 αἱ

2062 1635 2276 1696 pturam
2316 1635 2426 1679 tres
2463 1625 2910 1688 dicerc,-tametsi
2953 1639 3121 1677 unutn
3165 1622 3440 1676 hominem
3471 1635 3633 1674 omne

390 1724 604 1794 ἡμέραι
648 1722 832 1776 αὐτοῦ
859 1740 872 1752 σ
913 1717 998 1773 οἷα
1045 1719 1242 1790 τροφὸς
1277 1718 1476 1786 ἀγαθὴ,
1521 1716 1614 1769 καὶ
1652 1715 1756 1768 ἴδια
1789 1714 1961 1784 βρέφη

2063 1735 2236 1788 genus
2271 1719 2567 1772 humanum
2596 1727 2912 1787 cognoscat,
2945 1717 3100 1786 juxta
3128 1717 3282 1778 illud,
3319 1716 3490 1770 llomo
3519 1726 3633 1768 tau-

388 1818 511 1878 τοὺς
548 1813 864 1884 ἀνθρώπους
895 1811 1219 1882 λογιζομένη
1243 1827 1256 1840 ·
1291 1812 1384 1863 καὶ
1415 1811 1580 1862 ἐνίοτε
1617 1809 1796 1868 αὑτοῖς
1821 1823 1960 1875 συμ-
1999 1879 2031 1884 _

1999 1879 2031 1884 _
2065 1828 2222 1879 quam
2267 1811 2442 1880 [cuum
2477 1811 2587 1863 dies
2632 1811 2766 1878 ejus,
2798 1810 2964 1864 veluti
3002 1809 3187 1863 nutrix
3220 1809 3383 1869 bona,
3438 1817 3488 1862 et
3518 1825 3635 1878 pro-

388 1906 728 1975 ψελλίζουσα,
767 1907 860 1956 καὶ
916 1903 1174 1974 χρωμένη
1227 1903 1424 1972 ὁμοίως
1467 1901 1692 1961 ἐκείνοις
1717 1898 1824 1951 τῶν
1852 1898 1966 1949 ὀνο·
1999 1879 2033 1933 Π

1999 1879 2039 1933 Β
2069 1903 2217 1970 prius
2253 1902 2394 1956 fetus
2454 1902 2700 1955 homines
2775 1902 3018 1970 singulos
3066 1909 3281 1969 reputat
3340 1917 3355 1954 :
3409 1909 3464 1953 et
3513 1917 3635 1954 cum

394 1999 577 2066 μάτων
625 1997 783 2059 τισὶν,
841 1995 900 2046 οὑ
955 1997 1449 2064 παραγινώσκουσα
1514 1991 1575 2044 τὸ
1619 1991 1841 2043 τέλειον.
1901 1987 1966 2040 Ἡ

2068 1993 2202 2060 ipsis
2233 1994 2502 2046 interdum
2537 1993 2864 2056 balbutiens,
2896 1999 2951 2046 et
2981 1995 3012 2028 4
3035 1993 3236 2060 pariter
3269 1991 3529 2044 nonnulla
3572 2008 3635 2044 ex

392 2089 530 2158 αὑτὴ
588 2088 695 2158 γάρ
748 2087 840 2139 καὶ
899 2080 1034 2148 ὦτα,
1087 2087 1181 2138 καὶ
1226 2083 1554 2154 ὀφθαλμοὺς,
1589 2082 1682 2135 xai
1712 2080 1873 2133 λοιπὰ
1902 2078 1969 2150 δὴ

2070 2083 2178 2139 illis
2201 2085 2462 2139 vocabula
2495 2086 2560 2137 ad
2587 2101 2750 2138 unum
2783 2086 3068 2149 exhibens,
3092 2100 3200 2137 non
3226 2100 3414 2153 parum
3449 2083 3651 2138 videns,

396 2182 560 2252 μόρια
591 2181 839 2250 σώματος
867 2179 1008 2248 ἔχειν
1040 2177 1270 2244 λέγουσα
1301 2176 1392 2230 τὸν
1430 2176 1583 2237 Θεὸν,
1603 2175 1663 2227 οὑ
1696 2173 1872 2242 δόγμα
1909 2172 1970 2224 τὸ

2072 2178 2398 2246 ignoransve
2433 2178 2574 2247 quod
2601 2176 2896 2247 perlectum
2928 2184 3035 2231 est.
3083 2175 3218 2228 Nam
3263 2178 3451 2230 eadem
3482 2192 3653 2232 sacra.

394 2273 598 2328 τοιοῦτο
634 2272 998 2342 παραδίδωσι,
1056 2270 1306 2323 σύνθετον
1351 2268 1638 2339 ὁριζομένη
1690 2267 1750 2319 τὸ
1781 2266 1966 2317 Θεῖον·

2074 2269 2380 2340 Scriptura,
2428 2279 2482 2326 et
2527 2286 2709 2333 aures,
2748 2279 2803 2324 et
2826 2270 3016 2324 oculos
3069 2285 3132 2322 ac
3177 2270 3416 2338 reliquos
3455 2269 3643 2338 utique

395 2366 530 2420 ἀλλὰ
555 2365 696 2419 κατὰ
751 2364 840 2416 τὸν
867 2363 1153 2434 εἰρημένον
1199 2363 1399 2434 τρόπον
1432 2364 1495 2414 ἐκ
1532 2359 1841 2430 μεταφορᾶς
1866 2356 1972 2410 τῶν

2075 2371 2253 2426 artus,
2298 2372 2348 2417 et
2382 2363 2679 2431 particulas
2723 2363 2969 2430 corporis
3002 2361 3165 2415 Deum
3195 2361 3390 2415 habere
3430 2361 3639 2425 dicens,

394 2457 696 2528 ἡμετέρων,
745 2457 881 2527 πρὸς
941 2454 1229 2525 ἀναγωγὴν
1251 2454 1359 2507 τῶν
1411 2452 1484 2524 μὴ
1523 2451 1746 2522 ἁμέσως
1790 2450 1883 2503 ἐπὶ
1905 2449 1974 2502 τὰ

2075 2471 2181 2508 non
2254 2457 2559 2508 doctrinam
2616 2455 2890 2523 ejusmodi
2950 2454 3132 2520 tradit,
3172 2466 3230 2508 nt
3287 2454 3644 2524 compositam

396 2545 662 2616 ἀσώματα
697 2547 892 2614 χωρεῖν
924 2545 1256 2614 δυναμένων,
1291 2542 1359 2596 τὰ
1394 2542 1636 2612 δόγματα
1667 2539 1970 2593 ἐκτίθεται·

2076 2545 2304 2599 dehniat
2352 2546 2714 2610 divinitatem,
2767 2545 2861 2600 sed
2915 2548 3078 2601 modo
3128 2548 3650 2616 pradicto-transla—

399 2636 622 2705 Πνεῦμα
672 2635 904 2702 λέγουσα
936 2633 1026 2687 τὸν
1055 2634 1188 2686 Θεὸν
1220 2629 1379 2695 εἶναι,
1415 2634 1508 2686 καὶ
1543 2631 1818 2701 πανταχοῦ
1849 2630 1975 2683 ἔνθα

2077 2637 2226 2691 tione
2249 2637 2413 2691 ducta
2443 2653 2474 2690 a
2509 2638 2676 2692 rebus
2705 2638 2917 2692 nostris
2945 2638 3012 2692 ad
3044 2638 3399 2692 elevationem
3431 2653 3644 2702 eorum,

397 2745 480 2791 τις
512 2727 806 2799 πορευθείη
839 2729 1093 2798 παρεῖναι
1126 2727 1184 2780 τὸ
1217 2725 1421 2780 ἁπλοῦν
1455 2724 1620 2778 αὑτοῦ
1659 2725 1753 2779 καὶ
1782 2723 1976 2794 ἀπερί-

2077 2727 2170 2796 qui
2227 2742 2333 2780 non
2390 2727 2596 2794 absque
2665 2725 2846 2780 medio
2912 2727 3147 2796 quodam
3204 2728 3269 2781 ad
3325 2727 3647 2798 incorporea

398 2835 631 2890 γραφον,
664 2820 810 2889 ἡμᾶς
853 2813 1256 2872 ἑκδιδὰσκουσα.
1286 2817 1442 2872 Οὑτω
1480 2819 1574 2872 καὶ
1603 2820 1752 2888 τρεῖς
1779 2817 1977 2887 ἄνδρας

2080 2818 2337 2873 accedere
2390 2827 2641 2888 possunt,
2691 2819 2914 2888 exponit
2967 2819 3232 2872 decreta:
3282 2818 3410 2873 dum
3470 2819 3649 2887 Spiri-

399 2912 630 2980 λέγουσα
667 2911 756 2964 διὰ
789 2910 1108 2980 συνήθειαν,
1147 2909 1232 2962 ἵνα
1271 2911 1345 2981 μὴ
1381 2909 1560 2980 ξενίζῃ
1588 2909 1649 2961 τὸ
1680 2909 1858 2961 κοινὸν
1885 2907 1980 2959 καὶ

2081 2920 2196 2966 tum
2255 2912 2386 2966 dicit
2417 2911 2585 2966 Deum
2611 2927 2754 2973 esse.
2787 2922 2839 2967 et
2862 2924 3190 2981 quocunque
3226 2913 3468 2966 locorum
3497 2912 3654 2982 quie-

401 3007 459 3058 ἐν
485 3008 676 3075 χρήσει
724 3003 830 3056 τῶν
868 3002 1078 3056 πολλῶν
1117 3002 1378 3074 ὑπάρχον.
1427 3003 1536 3055 Καὶ
1591 3001 1688 3055 ’ἐνα
1742 3001 1876 3072 φησι
1912 3000 1976 3053 δι’

2082 3005 2204 3068 scit,
2251 3005 2557 3074 simplicem
2597 3013 2652 3059 et
2687 3005 2854 3059 nullis
2883 3005 3144 3059 cancellis
3178 3004 3651 3074 circumscriptam

403 3097 703 3167 ἀκρίϐειαν,
751 3095 836 3147 ἵνα
891 3095 966 3165 μὴ
1003 3094 1354 3164 παρασαλεύῃ
1399 3095 1460 3147 τὸ
1499 3094 1671 3156 τέλος,
1701 3095 1795 3146 καὶ
1823 3096 1880 3146 ἐν
1911 3095 1977 3162 τῇ

2081 3097 2202 3164 ejus
2257 3105 2506 3149 naturam
2542 3097 2735 3151 adesse
2767 3111 2868 3150 nos
2919 3097 3112 3150 edocet
3141 3115 3154 3150 :
3210 3095 3463 3150 similiter
3490 3098 3652 3148 etiam

403 3188 562 3256 φύσει
587 3188 695 3240 τῶν
725 3187 1064 3258 πραγμάτων
1085 3186 1452 3256 θεωρουμένη.
1486 3187 1594 3238 Καὶ
1618 3186 1679 3237 τὸ
1699 3186 1794 3253 μὲν
1821 3184 1982 3254 ἡγοῦ·
2008 3233 2048 3287 C

2010 3233 2050 3287 Ο
2085 3197 2195 3241 tres
2256 3204 2407 3242 VII‘OS
2468 3189 2659 3242 dicens
2712 3204 2778 3242 ex
2823 3203 2996 3249 more,
3057 3187 3132 3240 uti
3189 3202 3258 3240 ne
3309 3185 3655 3255 peregrinum

407 3279 544 3350 μεθα
567 3278 970 3346 συγκατάϐασιν
998 3277 1091 3329 ἐπὶ
1123 3278 1376 3346 χρησίμῳ
1403 3277 1496 3328 καὶ
1522 3275 1851 3344 συμφέροντι
1873 3273 1982 3325 τῶν
2011 3273 2050 3287 ν

2013 3273 2050 3287 ν
2085 3293 2396 3348 novumque
2435 3287 2695 3349 appareat
2730 3278 2878 3348 quod
2905 3293 3195 3332 commune
3240 3289 3291 3332 et
3320 3277 3464 3348 quod
3498 3277 3658 3348 vulgo

403 3369 848 3439 νηπιωδεστέρων
879 3367 1243 3437 γεγενημένον
1264 3384 1278 3397 ο
1315 3366 1376 3418 τὸ
1407 3367 1464 3418 δὲ
1492 3365 1781 3436 όριζόμεθα
1810 3365 1984 3432 δόγμα

2085 3370 2348 3425 usitatmu
2383 3379 2487 3424 est.
2545 3370 2726 3424 Unum
2780 3378 2961 3423 autem
2988 3369 3120 3424 dicit
3152 3377 3411 3422 accurato
3441 3368 3659 3422 dicendi

405 3459 499 3512 ἐπὶ
526 3458 812 3528 βεϐαιώσει
856 3458 949 3510 καὶ
979 3457 1273 3525 παραδόσει
1306 3457 1404 3526 τῆς
1425 3455 1756 3526 τελειότητος
1780 3455 1987 3507 ἐκτιθέ-

2085 3476 2286 3531 genere
2334 3476 2402 3514 ne
2453 3461 2730 3514 transiliat
2771 3459 2930 3513 ﬁnem
2965 3474 3028 3511 ac
3088 3459 3336 3520 limitem,
3384 3460 3547 3512 etiam
3605 3459 3659 3512 in

374 3569 588 3621 ’μενον.
634 3549 789 3602 Ἀλλά
842 3549 999 3604 πάλιν
1033 3548 1160 3618 φασὶ
1209 3565 1351 3610 τινες
1381 3549 1482 3612 ὅτι,
1524 3547 1712 3618 ὥσπερ
1732 3548 1994 3617 λέγομεν·

2086 3566 2272 3606 rerum
2316 3559 2513 3604 natura
2561 3551 2929 3606 considerata.
2974 3549 3214 3619 Itemque
3258 3560 3318 3602 nt
3373 3549 3505 3602 illud
3534 3551 3659 3618 qui-

423 3638 1180 3712 ’]“πόστασιςὺποστὰσεως,ὴ
1198 3643 1512 3703 ὑπόστασις,
1540 3641 1690 3693 οὐδὲν
1723 3639 1985 3710 διαφέρει·

2089 3644 2209 3700 dem
2233 3643 2614 3700 existimemus
2633 3643 3088 3707 condescensum,
3112 3642 3177 3695 ad
3205 3642 3258 3696 id
3280 3642 3422 3711 quod
3448 3641 3663 3712 expedit

411 3730 503 3782 καὶ
523 3731 584 3782 οὑ
617 3731 764 3800 παρὰ
799 3730 960 3784 τοῦτο
1001 3732 1098 3800 μία
1128 3733 1422 3795 ὑπόστασις
1463 3734 1518 3786 αἱ
1550 3733 1719 3785 πᾶσαι
1749 3729 1994 3784 ὑποστά-

2089 3745 2144 3792 et
2194 3736 2414 3791 confert
2465 3737 2534 3791 iis
2584 3735 2677 3804 qui
2725 3735 3072 3789 imbecilliori
3115 3741 3241 3789 sunt
3294 3735 3512 3805 ingenio
3570 3749 3664 3788 ac-

413 3839 528 3885 σεις
552 3840 568 3854 ο
596 3823 688 3875 καὶ
719 3821 907 3893 ὥσπερ
955 3823 1135 3884 οὐσία,
1171 3824 1356 3886 οὐσίας
1402 3823 1551 3877 οὐδὲν
1581 3823 1827 3892 διαφέρει
1851 3839 1862 3852 ³
1897 3823 1992 3875 καὶ

2089 3828 2492 3884 commodatum
2523 3846 2538 3894 ;
2567 3829 2671 3882 hoc
2715 3842 2848 3882 vero
2893 3833 3196 3880 statuamus
3224 3826 3504 3880 decretum
3541 3841 3667 3882 esse

409 3915 472 3967 οὑ
505 3914 658 3985 παρὰ
683 3915 838 3966 τοῦτο
870 3915 966 3985 μία
997 3915 1154 3968 οὑσία
1185 3917 1238 3967 αἱ
1270 3917 1439 3969 πᾶσαι
1475 3916 1652 3968 οὐσίαι
1677 3933 1690 3946 ·
1721 3913 1894 3976 οὕτως
1923 3913 1990 3966 ἂν

2090 3918 2156 3972 ad
2189 3919 2663 3973 conﬁrmationem
2709 3925 2766 3973 et
2800 3916 3151 3971 traditionem
3189 3916 3541 3986 perfectionis
3570 3933 3665 3971 ex-

411 4006 682 4077 εῖποιμεν,
716 4007 845 4070 Θεὸς
872 4007 1006 4060 Θεοῦ
1038 4008 1188 4061 οὐδὲν
1207 4008 1454 4078 διαφέρει
1476 4023 1488 4036 ⁸
1516 4009 1608 4060 καὶ
1631 4007 1691 4060 οὑ
1724 4006 1809 4059 διὰ
1835 4005 1990 4059 τοῦτο

2090 4008 2354 4076 positum.
2393 4006 2499 4062 Sed
2535 4022 2731 4062 rursus
2761 4006 2912 4060 aiunt
2947 4005 3168 4076 quidem
3203 4005 3660 4075 quemadmodum

411 4096 494 4162 εἷς
525 4099 680 4162 Θεὸς,
741 4100 796 4151 αἱ
846 4102 995 4169 τρεῖς
1045 4100 1390 4164 ὑποστάσεις,
1450 4097 1572 4152 καθ’
1626 4092 1701 4151 ὧν
1760 4097 1820 4149 τὸ
1858 4097 1990 4159 Θεὸς

2091 4115 2214 4153 cum
2257 4099 2494 4154 dicimus
2531 4117 2543 4153 :
2573 4097 2813 4153 Persona
2841 4114 3088 4168 personae
3113 4110 3346 4165 persona
3383 4104 3490 4160 est,
3526 4097 3667 4151 nihil

414 4191 817 4260 κατηγορεῖται.
840 4190 947 4241 Καὶ
975 4188 1160 4253 πάλιν,
1187 4190 1505 4259 Ἀνθρωπος
1525 4188 1813 4259 ἀνθρώπου
1837 4188 1990 4241 οὐδὲν

2092 4192 2295 4257 diﬂ‘ert,
2337 4201 2391 4246 et
2430 4207 2535 4246 non
2588 4199 2874 4258 propterea
2921 4203 3027 4241 una
3061 4204 3294 4257 persona
3345 4197 3429 4244 est
3473 4203 3663 4243 omnes

410 4280 682 4350 διαφέρει,
711 4279 977 4346 λέγοντες,
1020 4279 1120 4330 οὑκ
1145 4279 1476 4349 ἀναιροῦμεν
1515 4279 1574 4331 τὸ
1608 4281 1753 4350 τρεῖς
1781 4276 1992 4346 ἀνθρώ-

2092 4284 2416 4354 hypostases
2447 4299 2462 4348 ;
2496 4289 2551 4335 et
2596 4281 2759 4334 veluti
2801 4281 3040 4334 essentia
3069 4279 3204 4333 nihil
3235 4277 3415 4333 dill'ert
3456 4278 3526 4333 ab
3573 4294 3663 4333 es-

413 4389 549 4434 πους
580 4369 720 4425 εἶναι
759 4372 960 4443 Πέτρον
1007 4372 1102 4426 καὶ
1147 4371 1355 4425 Παῦλον
1385 4373 1481 4424 καὶ
1529 4372 1832 4442 Βαρνάϐαν.
1861 4373 1990 4424 Δια-

2093 4376 2292 4442 sentia,
2351 4382 2406 4430 et
2457 4388 2564 4428 non
2611 4373 2731 4427 ideo
2781 4389 2887 4425 una
2951 4371 3258 4426 substantia
3301 4386 3493 4424 omnes
3533 4369 3665 4424 sub-

413 4462 571 4532 φέρει
598 4461 706 4532 γάρ
739 4461 894 4513 οὐσία
951 4461 1137 4524 οὐσίας
1164 4477 1178 4491 ·
1215 4463 1308 4514 καὶ
1366 4463 1425 4513 οὑ
1483 4461 1615 4514 καθὸ
1641 4461 1819 4525 οὐσία,
1856 4459 1990 4513 ἀλλὰ

2093 4464 2310 4520 stantia:
2361 4474 2527 4518 sunt:
2564 4463 2644 4516 sic
2692 4461 2856 4515 etiam
2904 4459 3089 4513 dicere
3121 4473 3424 4528 possemus,
3466 4457 3608 4513 Deus
3633 4474 3664 4514 a

413 4555 548 4607 καθὸ
568 4555 742 4607 τοιάδε
771 4555 926 4607 οὐσία
947 4570 962 4585 ·
992 4557 1085 4607 καὶ
1118 4556 1412 4617 ὑπόστασις
1459 4556 1826 4619 ὑποστάσεως,
1857 4554 1991 4606 καθὸ
2023 4567 2058 4624 ῃ

2023 4567 2070 4624 ι)
2099 4557 2208 4612 Deo
2242 4557 2375 4611 nihil
2400 4554 2600 4615 diﬂ'ert,
2631 4561 2686 4607 et
2711 4569 2816 4606 non
2853 4561 3140 4622 propterea
3172 4568 3314 4606 unus
3360 4551 3526 4613 Deus,
3555 4561 3665 4607 tres

413 4648 588 4700 τοιάδε
621 4648 933 4712 ὑπόστασις,
967 4649 1056 4702 καὶ
1093 4649 1375 4718 ἄνθρωπος
1405 4647 1689 4718 ἀνθρώπου
1789 4648 1990 4700 τοιόσδε

2102 4658 2230 4703 sunt
2248 4663 2498 4718 personae
2524 4647 2592 4700 de
2608 4645 2808 4713 quibus
2837 4643 2979 4698 Deus
2999 4644 3322 4713 praedicatur
3345 4663 3358 4697 :
3378 4651 3430 4698 et
3448 4659 3663 4709 rursus,

415 4737 512 4790 ἄνθ
523 4755 718 4808 ρωπος.
743 4740 850 4790 Καὶ
876 4739 1035 4790 πάλιν
1059 4738 1189 4801 Θεὸς
1213 4733 1399 4810 Θεοῦ
1421 4738 1620 4791 τοιόσδε
1651 4739 1781 4802 Θεός
1800 4756 1814 4769 ·
1846 4738 1906 4790 τὸ
1935 4738 1992 4791 δὲ

2107 4737 2502 4794 llomohomini
2535 4737 2671 4790 nihil
2703 4735 2948 4797 interest,
2985 4735 3255 4799 dicentes,
3291 4749 3400 4787 non
3423 4734 3666 4789 tollimus

415 4829 674 4899 τοιόσδεῆ
710 4829 932 4888 τοιόσδε,
965 4830 1056 4882 ἐπὶ
1088 4828 1180 4882 δύο
1215 4828 1247 4899 ἦ
1279 4829 1373 4881 καὶ
1405 4828 1664 4882 πλειόνων
1689 4830 1874 4882 εἴωθεν
1908 4828 1994 4880 λέ-

2095 4839 2206 4883 tres
2236 4827 2485 4882 homines
2511 4842 2633 4881 esse
2655 4824 2874 4880 Petrum
2903 4834 2956 4878 et
3002 4823 3230 4878 Paulum
3262 4832 3316 4877 et
3333 4823 3662 4878 Barnabam.

415 4918 628 4986 γεσθαι.
676 4919 832 4971 Ἀλλὰ
863 4918 1034 4970 ταῦτα
1064 4918 1162 4988 μὲν
1206 4920 1402 4972 ἐκεῖνοι
1429 4936 1441 4949 ·
1475 4921 1636 4990 ἡμεῖς
1663 4919 1718 4972 δὲ
1750 4919 1992 4988 δείξομεν

2098 4921 2203 4976 Sed
2235 4921 2384 4975 enim
2421 4921 2601 4974 diﬂ‘ert
2639 4919 2946 4974 substantia
2986 4934 3017 4972 a
3064 4918 3371 4972 substantia
3404 4935 3419 4971 :
3468 4929 3523 4973 et
3557 4934 3672 4973 non

419 5011 658 5078 σόφισμα
704 5010 762 5061 τὸ
808 5012 917 5062 πᾶν
972 5007 1142 5071 εἶναι,
1190 5010 1372 5072 αὐτοῖς
1400 5013 1512 5073 τοῖς
1546 5011 1854 5081 εἰρημένοις
1896 5028 1988 5064 κε-

2098 5020 2368 5081 quatenus
2416 5010 2747 5072 substantia,
2802 5009 2895 5064 sed
2934 5017 3209 5078 quatenus
3247 5009 3375 5062 talis
3393 5007 3669 5093 .qnzedam

418 5100 709 5168 χρημένοι,
755 5100 846 5152 xai
891 5099 1194 5162 δεικνύντες
1235 5099 1308 5171 μὴ
1345 5101 1474 5166 δεῖν,
1504 5101 1703 5154 τοιόνδε
1726 5101 1857 5154 Θεὸν
1897 5101 1990 5154 καὶ

2097 5101 2407 5157 substantia
2441 5108 2525 5155 est
2555 5119 2567 5154 :
2601 5110 2654 5155 et
2701 5099 3012 5170 hypostasis
3044 5098 3111 5153 ab
3151 5098 3431 5169 hyposmsi
3465 5097 3667 5162 dill‘ert,

416 5189 640 5250 τοιόνδε,
671 5190 703 5259 ἧ
737 5189 936 5242 τοιόνδε
966 5188 1246 5259 ἄνθρωπον
1275 5193 1366 5244 καὶ
1396 5191 1595 5245 τοιόνδε
1639 5191 1816 5260 λέγειν
1835 5208 1850 5223 ο
1874 5191 1988 5243 ἀλλ’

2095 5205 2368 5263 quatenus
2401 5193 2530 5247 talis
2563 5192 2810 5261 quaedam
2850 5190 3206 5245 subsistentia
3248 5198 3354 5254 est,
3401 5197 3455 5244 et
3503 5189 3669 5242 homo

419 5281 452 5349 ἢ
490 5281 598 5351 ἄρα
618 5281 822 5333 τοιάνδε
855 5281 1149 5334 ὑπόστασιν
1173 5282 1307 5334 Θεοῦ
1342 5285 1435 5335 καὶ
1459 5284 1664 5336 τοιάνδε
1693 5284 1989 5337 ὑπόστασιν

2098 5287 2167 5337 ab
2225 5285 2446 5338 homine
2475 5299 2581 5351 qua
2618 5282 2744 5336 talis
2803 5281 3024 5350 quidam
3070 5281 3232 5333 homo
3270 5290 3395 5334 est:
3431 5280 3670 5347 itemque

420 5369 721 5440 ἀνθρώπου.
758 5371 962 5433 Πολλὰς
994 5371 1100 5442 γάρ
1145 5373 1465 5438 ὑποστάσεις
1513 5374 1605 5428 τοῦ
1630 5376 1745 5438 ἐνὸς
1779 5374 1990 5446 ἀνθρώ-

2101 5376 2245 5430 Deus
2278 5391 2306 5427 a
2355 5375 2464 5428 Deo
2494 5385 2766 5443 quatenus
2801 5373 2925 5426 talis
2959 5371 3138 5426 Deus:
3181 5380 3239 5424 ut
3277 5385 3407 5423 vero
3429 5370 3663 5434 dicatur,

421 5477 545 5524 που,
579 5463 673 5515 xai
700 5467 848 5534 τρεῖς
900 5465 1224 5529 ὑποστάσεις
1263 5466 1356 5518 τοῦ
1389 5468 1506 5530 ἐνὸς
1546 5469 1680 5521 Θεοῦ
1712 5487 1891 5541 φαμεν
1921 5471 1997 5522 δι-

2094 5467 2222 5521 talis
2251 5473 2343 5519 aut
2373 5467 2520 5526 talis,
2578 5465 2645 5518 de
2671 5465 2885 5518 duobus
2909 5473 3073 5533 atque
3111 5463 3362 5532 pluribus
3387 5462 3497 5516 dici
3531 5477 3667 5516 con-

423 5555 608 5616 καίως.
643 5555 716 5606 Τὸ
750 5556 848 5626 μὲν
885 5555 975 5610 οὖν
999 5559 1196 5612 τοιόνδε
1229 5558 1537 5628 λεγόμενον,
1570 5561 1838 5631 διακρῖναι
1871 5563 1996 5632 βού-

2097 5561 2277 5613 suevit
2304 5577 2317 5612 :
2344 5572 2529 5610 verum
2557 5557 2746 5610 isthzec
2767 5555 2981 5624 quidem
3010 5555 3085 5608 illi
3112 5574 3124 5608 :
3159 5571 3258 5609 nos
3283 5561 3464 5608 autem
3495 5561 3673 5608 osten-

422 5641 572 5694 λεταί
613 5643 665 5695 τί
706 5661 850 5708 τινος
889 5647 1268 5710 κοινωνοῦντος
1304 5650 1423 5700 κατ’
1460 5651 1633 5703 έκεῖνο
1662 5651 1920 5720 τοῦνομα,
1955 5649 2000 5722 ᾧ

2097 5651 2290 5705 demus
2361 5658 2531 5701 totum
2597 5647 2743 5702 istud
2781 5647 3083 5715 captiosum
3134 5654 3188 5700 et
3237 5645 3668 5699 commentitium

423 5734 484 5784 τὸ
511 5735 708 5787 τοιόνδε
761 5739 1104 5807 προστίθεται
1125 5756 1138 5770 ⁸
1179 5734 1290 5791 οἷον
1327 5740 1464 5802 ζῶον
1489 5743 1687 5795 τοιόνδε
1713 5745 1890 5814 φαμὲν
1911 5746 2002 5798 τὸν

2099 5755 2223 5794 esse
2259 5761 2276 5794 :
2306 5740 2374 5794 iis
2409 5740 2543 5808 ipsis
2570 5755 2691 5808 qua:
2731 5739 2875 5792 dicta
2901 5746 3032 5792 sunt
3067 5739 3134 5792 ad
3184 5753 3346 5792 usum
3385 5737 3671 5802 adhibitis,

427 5821 729 5894 ἄνθρωπον,
780 5826 1051 5900 διακρῖναι
1102 5828 1263 5882 αὑτὸν
1316 5827 1627 5900 βουὶόμενοι
1671 5831 1764 5884 τοῦ
1813 5832 2000 5898 ἵππου,

2107 5840 2161 5887 et
2207 5847 2314 5887 non
2349 5842 2602 5902 oportere
2649 5831 2810 5885 talem
2847 5830 3013 5884 Deum
3062 5840 3114 5884 et
3153 5831 3334 5895 talem,
3374 5839 3466 5884 aut
3507 5831 3671 5885 talem
