4166 6372
451 367 554 422 £83

1665 361 1722 415 S.
1763 358 2087 415 GREGORII
2114 359 2396 415 NYSSENI

3596 351 3699 407 i8!-

453 490 721 542 hominem
747 497 910 556 atque
935 487 1096 540 talem
1123 483 1306 539 dicere
1343 484 1669 555 probantes;
1707 497 1894 537 verum
1936 489 2020 534 la-

2128 483 2257 555 φέρε
2301 485 2492 543 εἰπεῖν,
2542 479 2917 541 κοινωνούντος
2959 476 3104 546 αὐτῴ
3157 476 3295 529 κατὰ
3339 473 3572 541 τοῦνομα
3604 471 3697 525 τοῦ

451 588 554 642 lem
585 586 679 641 Dei
715 602 1004 657 personam
1037 594 1091 639 et
1125 585 1287 639 talem
1319 584 1731 639 subsistentiam
1762 581 2022 648 hominis;

451 702 576 739 nam
625 687 827 740 multas
876 686 1038 739 unius
1098 684 1341 737 hominis
1403 682 1749 752 bypostases,
1806 688 1859 734 et
1917 687 2029 731 tres

453 785 614 838 unius
637 784 726 838 Dei
761 798 1024 852 personas
1047 784 1173 852 jure
1197 783 1456 837 dicimus.
1493 782 1856 846 Quamobrem
1885 779 2028 848 quod

451 887 558 938 tale
597 884 804 938 dicitur
828 885 1143 937 discernere
1176 884 1290 936 vult
1327 881 1535 951 aliquid
1573 897 1600 934 a
1635 880 1867 950 quodam
1907 897 2029 947 par-

451 979 710 1049 ticipante
728 997 925 1035 nomen
953 979 1084 1033 illud
1109 980 1197 1034 cui
1229 981 1334 1034 tale
1353 979 1484 1049 quid
1517 979 1799 1048 adjicitur.
1819 977 2028 1044 Qlll‘lll-

452 1079 744 1133 admodum
762 1080 964 1133 :mimal
986 1080 1090 1134 tale
1114 1079 1351 1134 dicimus
1369 1079 1674 1143 hominem,
1699 1093 1824 1132 cum
1845 1079 2022 1146 ipsum

451 1180 1082 1250 distinguered'olumus
1143 1181 1211 1233 ab
1261 1195 1425 1248 equo,
1472 1180 1623 1233 verbi
1678 1179 1876 1249 gratia,
1934 1178 2024 1245 qui

451 1296 738 1335 commune
764 1281 982 1350 quidem
1013 1295 1209 1334 nomen
1238 1279 1498 1333 animalis
1530 1279 1693 1332 habet
1728 1293 1851 1332 cum
1883 1278 2024 1346 ipso,

454 1382 549 1436 sed
585 1383 652 1435 ab
707 1396 772 1433 eo
820 1381 1180 1451 distinguitur
1223 1395 1319 1449 per
1349 1378 1617 1432 rationale
1673 1385 1727 1430 et
1783 1376 2023 1430 brutum.

456 1479 796 1534 Discernitur
828 1489 1008 1532 autem
1041 1479 1247 1548 aliquid
1285 1479 1353 1531 ab
1379 1477 1582 1546 aliquo,
1633 1483 1728 1528 aut
1770 1474 2030 1528 substan-

455 1581 550 1643 tia,
601 1591 696 1635 aut
731 1597 988 1650 persona,
1027 1591 1120 1634 aut
1160 1582 1436 1643 essentia,
1485 1587 1648 1648 atque
1685 1592 1920 1647 persona
1964 1591 2028 1628 ac

455 1673 761 1729 substantia
819 1673 1040 1740 quidem
1109 1673 1466 1743 distinguitur
1529 1672 1691 1724 homo
1743 1670 1811 1722 ab
1857 1683 2019 1737 equo,

453 1781 689 1836 persona
729 1781 858 1819 vero
907 1765 1108 1818 Paulus
1153 1781 1183 1817 a
1226 1763 1424 1831 Petro;
1477 1764 1714 1818 essentia
1750 1767 1930 1814 autem
1975 1768 2027 1813 et

2128 574 2268 639 ζὼου
2295 593 2308 605 ·
2344 575 2692 645 διαφέροντος
2725 572 2780 625 δὲ
2803 571 2880 642 τῷ
2902 569 3102 640 λογικῷ
3128 569 3220 622 καὶ⁵
3246 567 3324 637 τῷ
3357 568 3554 636 ἀλόγῳ.
3582 568 3702 617 Δια-

2127 665 2370 736 κρίνεται
2427 667 2484 718 δέ
2534 666 2585 716 τί
2617 680 2781 727 τινος,
2812 662 2845 733 ἢ
2883 661 3060 724 οὐσία,
3085 660 3118 730 ἢ
3147 656 3510 724 ὑπόστασις,ἦ
3544 655 3700 727 οὐσίᾳ

2127 754 2222 807 καὶ
2243 736 2555 808 ὑποστάσει·
2584 754 2676 806 καὶ
2693 753 2849 820 οὐσίᾳ
2881 753 2976 821 μὲν
2998 749 3351 819 διακρίνεται,
3369 750 3396 800 ὁ
3419 747 3701 817 ἄνθρωπος

2127 847 2219 898 τοῦ
2255 846 2420 898 ἵππου
2441 861 2452 872 ·
2480 844 2774 897 ὑποστάσει
2811 843 2866 894 δὲ
2917 841 3146 902 Παῦλος,
3177 840 3404 910 Πέτρου.
3445 837 3612 907 ossa;
3643 836 3700 888 δὲ

2127 937 2222 989 καὶ
2273 935 2596 997 ὑποστάσει,
2646 933 2738 1003 ἥδε
2779 933 2924 985 ἐστὶν
2957 933 2990 1002 ὴ
3024 931 3317 991 ὑπόστασις
3364 927 3456 980 τοῦ
3495 925 3703 996 ἀνθρώ·

2127 1045 2252 1090 που,
2287 1025 2446 1095 τῆσδε
2473 1025 2820 1086 ὑποστάσεως
2856 1023 2949 1075 τού
2989 1023 3176 1074 ἵππου.
3239 1019 3399 1071 Ἀλλά
3441 1034 3704 1089 φανερού-

2131 1117 2294 1185 μένου
2337 1116 2430 1168 τοὺ
2488 1116 2646 1181 λόγου
2700 1115 2807 1167 τῶν
2860 1116 2978 1167 κατ’
3020 1113 3204 1165 οὐσίαν
3234 1111 3440 1176 ἁπλῶς,
3475 1109 3703 1163 καὶτῶν

2129 1208 2247 1260 καθ’
2276 1209 2571 1262 ὑπόστασιν
2593 1209 2687 1261 καὶ
2710 1209 2768 1259 οὐ
2793 1208 2910 1258 κατ’
2939 1207 3126 1258 οὐσίαν
3159 1205 3540 1274 διαφερόντων,
3570 1201 3704 1272 πρό-

2126 1300 2283 1368 δηλος
2310 1300 2458 1354 ἔσται
2487 1301 2579 1354 καὶ
2606 1303 2634 1354 ὁ
2667 1301 2817 1369 παρὰ
2847 1299 2953 1351 τῶν
2989 1301 3108 1352 κατ’
3135 1297 3322 1353 οὐσίαν
3356 1296 3706 1366 διακεκριμέ-

2127 1407 2233 1443 νων
2265 1391 2437 1458 λόγος.
2477 1392 2597 1443 Ὅτι
2630 1391 2727 1460 μὲν
2761 1391 2869 1460 γὰρ
2892 1389 2984 1442 καὶ
3017 1389 3087 1442 τὰ
3125 1387 3447 1458 διαφέροντα
3471 1386 3588 1439 κατ’
3615 1385 3704 1438 οὑ-

2131 1484 2270 1545 σίαν,
2300 1484 2544 1550 λέγονται
2570 1483 2714 1554 δύοῆ
2755 1484 2904 1552 τρεῖς
2927 1481 3105 1534 οὐσίαι
3129 1499 3142 1512 ο
3169 1479 3263 1532 καὶ¹
3289 1478 3357 1531 τὰ
3379 1478 3704 1546 διαφέροντα

2128 1576 2250 1628 καθ’
2301 1575 2616 1638 ὑπόστασιν,
2679 1573 2941 1636 ὡσαύτως
2994 1573 3239 1641 λέγονται
3290 1571 3382 1624 δύο
3429 1571 3522 1624 καὶ
3553 1572 3703 1640 τρεῖς

2130 1667 2475 1730 ὑποστάσεις,
2505 1667 2820 1737 ὁμολογοῦσι
2853 1666 2945 1719 καὶ
2984 1665 3156 1726 αὐτοὶ,
3185 1664 3278 1716 καὶ
3299 1665 3478 1732 ἡμεῖς.
3505 1665 3702 1730 Διαφε-

2134 1757 2336 1828 ρόμεῦα
2360 1759 2436 1821 δὲ,
2462 1760 2542 1811 ὅτι
2572 1759 2662 1810 ἐπὶ
2689 1758 2786 1828 μὲν
2817 1757 3024 1827 Πέτρου
3061 1757 3153 1808 καὶ
3191 1754 3402 1807 Παύλου
3436 1754 3567 1822 φασὶ
3593 1752 3702 1805 δεῖν

455 1857 850 1922 subsistentia,
929 1857 1042 1910 hinc
1113 1856 1350 1912 hominis
1407 1855 1762 1910 subsistentia
1811 1852 1878 1906 ab
1926 1850 2026 1905 hac

2129 1851 2303 1919 λέγειν
2363 1849 2699 1920 ἀνθρώπους.
2750 1851 2942 1920 Ἡμεῖς
2996 1848 3052 1900 δὲ
3087 1849 3148 1901 οὐ
3194 1847 3394 1918 κυρίως
3432 1846 3528 1898 καὶ
3560 1843 3704 1898 κατὰ

452 1945 576 2014 equi
614 1945 990 1998 subsistentia.
1038 1943 1239 1998 Verum
1269 1944 1539 2015 patefacta
1586 1944 1796 1998 ratione
1834 1959 2023 1996 eorum

455 2052 576 2106 qua:
626 2035 927 2090 secundum
984 2035 1420 2096 subsislenliam,
1473 2045 1526 2090 at
1571 2050 1678 2088 non
1721 2034 2023 2090 secundum

453 2130 746 2183 essentiam
805 2127 1104 2180 dill‘erunt:
1150 2127 1437 2182 manifesta
1493 2143 1708 2196 quoque
1751 2125 1841 2179 ﬁet
1884 2125 2027 2178 ratio

451 2235 642 2274 eorum
668 2234 788 2287 quae
819 2218 1122 2273 secundum
1173 2217 1535 2272 substantiam
1577 2217 1837 2271 distincta
1877 2224 2024 2269 sunt.

452 2310 587 2364 Nam
623 2311 772 2382 quod
812 2320 926 2364 tum
959 2325 1023 2364 ea
1067 2325 1188 2377 qua:
1241 2309 1541 2364 secundum
1573 2309 1868 2363 essentiam
1918 2306 2026 2360 dif-

453 2402 636 2458 ferunt
658 2403 778 2456 duae
815 2410 996 2456 tresve
1027 2400 1280 2454 essentize
1318 2399 1590 2462 dicantur,
1641 2409 1753 2452 tum
1801 2413 1862 2452 ea
1907 2412 2028 2466 quae

453 2492 756 2548 secundum
798 2492 1214 2548 subsistentiam
1280 2491 1570 2555 dissident,
1617 2491 1804 2545 eodem
1863 2490 2026 2545 modo

453 2586 576 2639 dum
607 2586 688 2640 vel
719 2593 832 2639 tres
860 2585 1181 2654 hypostases
1212 2583 1590 2646 enuntientur,
1625 2593 1679 2636 et
1712 2582 1813 2651 ipsi
1848 2582 2026 2636 faten-

454 2689 543 2729 tur
581 2684 636 2730 et
671 2692 772 2731 nos
805 2694 817 2729 :
848 2675 1152 2729 dillerimus
1193 2681 1373 2728 autem
1407 2674 1460 2726 in
1499 2689 1562 2728 eo
1597 2674 1740 2742 quod
1778 2674 1831 2727 in
1866 2671 2026 2726 Petro

453 2766 673 2835 quidem
705 2773 758 2819 et
799 2763 970 2818 Paulo
999 2764 1148 2818 aiunt
1200 2764 1384 2818 dicere
1429 2771 1682 2832 oportere
1730 2763 1976 2816 homines
2009 2779 2022 2816 :

454 2874 554 2912 nos
581 2873 712 2912 vero
737 2872 844 2910 non
873 2856 1091 2926 proprie
1129 2865 1182 2909 et
1222 2854 1524 2909 secundum
1555 2854 1818 2909 rationem
1840 2855 2024 2908 scien-

454 2949 655 3003 tilicam
690 2967 704 3002 :
739 2965 849 3002 una
902 2948 1102 3017 quippe
1155 2947 1296 3000 ratio
1338 2962 1485 3000 nunc
1528 2953 1612 3000 est
1658 2962 1685 2998 a
1749 2950 2025 3003 couununi

454 3048 617 3110 atque
658 3041 886 3094 abusivo
947 3056 1071 3094 usu.
1127 3038 1228 3092 llic
1279 3040 1422 3092 enim
1481 3056 1655 3108 neque
1689 3039 1753 3093 ad
1799 3041 2022 3095 exitium

455 3133 720 3201 alicujus,
753 3148 930 3201 neque
955 3132 1022 3185 ad
1054 3133 1498 3184 constitutionem
1530 3133 1688 3186 valet.
1738 3133 2026 3187 Enimvero

456 3224 612 3278 nobis
650 3226 800 3293 prius
843 3223 1128 3292 perspicue
1171 3223 1500 3290 declaretur,
1545 3225 1702 3292 cujus
1736 3225 1814 3277 rei
1861 3240 2025 3280 causa

456 3316 725 3370 hominem
757 3324 811 3369 et
834 3331 1033 3384 equum
1052 3324 1104 3368 et
1134 3332 1324 3369 canem
1355 3315 1574 3370 diﬂ'erre
1599 3317 1874 3378 dicamus,
1895 3334 2030 3386 qua-

455 3417 613 3462 tenus
641 3408 765 3460 talis
795 3408 1041 3475 quaedam
1081 3409 1410 3473 substantia,
1456 3408 1642 3477 utique
1673 3409 1828 3464 valde
1856 3409 2028 3462 mani-

459 3497 658 3552 festum
686 3506 789 3560 est,
839 3496 981 3567 quod
1013 3513 1041 3550 a
1085 3513 1146 3552 se
1185 3499 1410 3569 invicei,
1463 3497 1739 3563 diﬂ‘erunt,
1787 3501 1940 3569 juxta
1965 3517 2027 3556 ea

453 3605 574 3659 quae
599 3604 854 3657 separare
901 3590 1080 3644 solent
1117 3591 1415 3652 essentias,
1475 3605 1669 3660 nempe
1717 3593 2027 3647 rationabili

454 3687 507 3733 et
534 3680 923 3743 irrationabili,
958 3679 1214 3733 hinnibili
1252 3689 1305 3733 et
1350 3678 1583 3734 latrabili
1610 3723 1624 3746 ,
1681 3692 1734 3734 et
1771 3683 1816 3734 si
1845 3683 2026 3751 aliqua

457 3770 770 3840 huiusmodi
799 3771 867 3825 sit
903 3770 1232 3826 diﬂerentia.
1274 3769 1408 3823 Nam
1438 3772 1620 3825 dicere
1666 3773 2026 3827 substantiam

457 3865 647 3928 talem.
707 3864 842 3918 nihil
885 3865 1030 3918 aliud
1067 3871 1150 3918 est
1203 3863 1387 3918 dicere
1429 3881 1593 3933 quam
1647 3867 2026 3920 exsistentiam

454 3956 584 4010 vitae
631 3955 954 4024 participem
991 3955 1059 4009 ad
1114 3955 1516 4010 distinctionem
1551 3957 1718 4019 illius,
1766 3972 1887 4026 quae
1918 3972 2028 4010 non

454 4055 540 4102 est
571 4047 878 4117 ejusmodi;
913 4046 1022 4110 vel,
1055 4047 1434 4100 exsistentiam
1467 4062 1587 4116 quae
1627 4055 1755 4100 nata
1795 4055 1879 4101 est
1903 4056 2029 4117 apta

457 4139 524 4193 ad
554 4137 1018 4199 ratiocinandum,
1067 4147 1127 4191 ut
1152 4137 1496 4191 discernatur
1521 4138 1589 4189 ab
1616 4151 1677 4190 ea
1718 4153 1839 4206 quae
1871 4138 2029 4192 bruta

458 4239 650 4285 natura
684 4229 906 4300 praedita
929 4239 1012 4284 est
1039 4248 1052 4284 :
1075 4241 1168 4284 aut
1194 4230 1575 4284 exsistentiam
1626 4244 1746 4298 quae
1769 4230 2031 4300 insignita

455 4332 540 4377 est
573 4330 699 4374 nota
735 4321 1038 4374 habilitatis
1069 4321 1136 4373 ad
1174 4321 1565 4387 hinniendum;
1603 4330 1656 4375 et
1686 4321 1732 4375 si
1763 4323 1893 4390 quid
1925 4322 2032 4377 tale

456 4419 731 4468 occurrat.
779 4411 994 4465 Etenim
1049 4413 1172 4467 loco
1227 4412 1540 4482 huiusmodi
1595 4413 2030 4467 differentiarum

2126 1942 2216 1996 τὸν
2239 1943 2652 2012 ἐπιστημονικὸν
2669 1941 2843 2009 λόγον.
2874 1941 3006 1994 Οὐδὲ
3026 1935 3106 2004 εἷς
3126 1939 3234 2009 γάρ
3255 1938 3408 2006 λόγος
3435 1938 3528 1990 νῦν
3555 1935 3704 2006 παρὰ

2127 2035 2311 2102 κοινῆς
2356 2050 2415 2085 τε
2473 2032 2566 2086 καὶ
2622 2031 3062 2102 καταχρηστικῆς
3103 2031 3369 2101 χρήσεως.
3409 2027 3556 2096 Αὕτη
3595 2025 3703 2096 γάρ

2127 2125 2246 2179 οὐδὲ
2278 2124 2412 2195 πρὸς
2444 2123 2721 2193 ἀναίρεσίν
2751 2140 2893 2186 τινος
2921 2121 3041 2174 οὔτε
3073 2122 3210 2191 πρὸς
3234 2120 3487 2173 σύστασιν
3511 2119 3702 2188 ἰσχύει.

2128 2215 2512 2288 Σαφηνιζέσθω
2548 2214 2834 2285 τοιγαροῦν
2857 2213 3122 2285 πρότερον
3145 2216 3278 2284 ἡμῖν
3299 2212 3388 2266 τὸν
3421 2212 3704 2282 ἄνθρωπον

2129 2311 2221 2364 καὶ
2250 2311 2340 2363 τὸν
2372 2310 2556 2371 ἵππον,
2587 2309 2619 2380 ἢ
2655 2309 2744 2361 τὸν
2772 2308 2936 2360 ἵππον
2971 2307 3065 2360 καὶ
3093 2305 3183 2359 τόν
3209 2304 3346 2358 κύνα
3371 2305 3513 2366 τίνος
3547 2303 3706 2373 χάριν

2126 2402 2403 2472 διαφέρειν
2429 2401 2680 2470 λέγομεν,
2701 2399 2838 2453 καθὸ
2857 2399 3033 2452 τοιάδε
3059 2397 3234 2450 οὐσία·
3266 2396 3299 2467 ἢ
3325 2395 3704 2466 πρόδηλον,ὃτι

2127 2496 2247 2546 ἐπεὶ
2289 2493 2635 2562 διαφέρουσιν
2685 2491 2928 2562 ἀλλήλων
2965 2489 3103 2543 κατὰ
3133 2489 3200 2542 τὰ
3242 2489 3495 2559 χωρίζειν
3519 2488 3705 2551 οὐσίας

2128 2585 2354 2638 εἰωθότα
2371 2601 2384 2615 ο
2412 2579 2522 2638 οἷον
2550 2583 2753 2654 λογικῷ
2780 2583 2875 2638 καὶ
2902 2583 3102 2654 ἀλόγῳ,
3139 2580 3555 2653 χρεμετιστικῷ,
3583 2580 3705 2633 ὑλα-

2128 2677 2331 2747 κτικῷ·
2389 2678 2481 2730 καὶ
2530 2676 2582 2728 εἴ
2617 2693 2723 2729 τινι
2760 2675 3008 2746 τοιούτῳ.
3054 2674 3127 2727 Τὸ
3175 2673 3284 2745 γὰρ
3310 2673 3488 2740 λέγειν
3517 2672 3704 2725 οὐσίαν

2126 2766 2357 2828 τοιάνδε,
2389 2765 2540 2818 οὐδὲν
2572 2764 2756 2834 ἕτερον
2796 2763 3050 2830 λέγομεν,
3076 2761 3108 2832 ἢ
3139 2760 3366 2832 ὓπαρξιν
3391 2760 3537 2829 ζωῆς
3573 2777 3703 2829 μετ-

2128 2856 2356 2926 έχουσαν
2384 2855 2520 2926 πρὸς
2536 2854 2941 2924 άντιδιαστολὴν
2960 2856 3059 2923 τῆς
3082 2853 3156 2922 μὴ
3176 2855 3451 2921 τοιαύτης,
3475 2851 3507 2921 ἢ
3536 2850 3705 2921 ὑπαρ-

2131 2949 2209 3013 ξιν
2243 2949 2549 3016 λογίζεσθαι
2582 2951 2904 3016 πεφυκυῖαν,
2963 2947 3098 3018 πρὸς
3129 2947 3398 3017 διάκρισιν
3437 2947 3534 3015 τῆς
3577 2947 3702 2999 ἁλο-

2128 3042 2223 3112 γίᾳ
2243 3039 2638 3112 διαφερούσης·
2671 3041 2702 3108 ἢ
2735 3038 2987 3109 ὓπαρξιν,
3019 3038 3077 3090 τὸ
3109 3037 3518 3108 χρεμετιστικὸν
3547 3036 3702 3105 ἐχου-

2054 3166 2096 3223 c
2133 3151 2232 3189 σαν
2283 3133 2795 3205 χαρακτηριστικὸν,
2832 3130 2927 3182 καὶ
2959 3131 3010 3182 εἴ
3037 3147 3089 3182 τι
3114 3129 3370 3182 τοιοῦτον.
3420 3129 3562 3181 Ἀντί
3593 3129 3702 3198 γὰρ

2128 3225 2382 3278 τοιούτων
2406 3222 2681 3294 διαφορῶν
2719 3223 2812 3276 καὶ
2837 3222 3005 3286 ἰδίων,
3035 3221 3346 3290 προτίθεται
3378 3221 3442 3290 τῇ
3468 3220 3699 3291 οὐσίᾳ.ἢ

2128 3317 2222 3368 καὶ
2255 3315 2416 3366 παντὶ
2446 3313 2612 3381 γένει,
2644 3311 2780 3382 πρὸς
2815 3311 3085 3380 διάκρισιν
3120 3310 3226 3362 τῶν
3267 3310 3358 3362 ὑπ’
3390 3308 3520 3361 αὐτὸ
3548 3309 3702 3361 εἰδῶν

2127 3405 2188 3458 τὸ
2208 3403 2478 3473 τοιόνδε,ἢ
2508 3402 2708 3455 τοιόνδε
2734 3401 2873 3464 ζῶον
2897 3401 3018 3454 ἀντὶ
3042 3399 3138 3452 τοῦ
3169 3399 3400 3467 λογικὸν.
3421 3401 3453 3471 ἢ
3489 3399 3700 3467 ἄλογον.

2127 3498 2238 3549 Καὶ
2269 3496 2429 3549 πάλιν
2479 3493 2742 3562 λέγομεν,
2770 3493 3026 3563 Διαφέρει
3073 3493 3276 3563 Πέτρος
3305 3490 3539 3552 Παύλου,
3571 3491 3704 3544 καθὸ

2127 3588 2304 3641 τοιάδε
2340 3587 2636 3647 ὑπόστασις
2688 3585 2902 3654 ἑκάστῳ
2933 3583 3144 3636 αὐτῶν·
3182 3583 3302 3635 ἐπεὶ
3356 3582 3702 3652 διαφέρουσιν

2128 3678 2368 3748 ἀλλήλων
2416 3676 2556 3729 κατά
2603 3691 2724 3727 τινα
2777 3673 2885 3727 τῶν
2928 3674 3226 3726 ὑπόστασιν
3257 3673 3352 3726 καὶ
3388 3675 3487 3725 οὐκ
3517 3672 3704 3725 οὐσίαν

2131 3769 2382 3839 συνιστᾷν
2413 3767 2731 3836 πεφυκότων
2753 3781 2766 3794 °
2793 3761 2904 3818 οἷον
2930 3765 3334 3837 φαλακρότητα,
3365 3765 3700 3835 μακρότητα,

2130 3858 2467 3929 πατρότητα,
2521 3855 2772 3924 υἱότητα·
2813 3857 2909 3908 καὶ
2951 3853 3079 3907 εἴτι
3111 3854 3368 3907 τοιοῦτον.
3409 3855 3702 3926 Πρόδηλον,

2129 3951 2237 4022 γὰρ
2265 3950 2339 4014 ὡς
2371 3949 2432 4002 οὐ
2470 3948 2664 4000 ταύτὸν
2687 3942 2827 4010 εἶδος
2856 3949 2947 4001 καὶ
2971 3947 3170 4017 ἄτομον
3191 3964 3204 3976 ·
3235 3947 3391 4000 τοῦτο
3421 3948 3579 4002 οὐσία
3609 3949 3703 4001 καὶ

2132 4043 2426 4103 ὑπόστασις
2451 4058 2464 4072 ·
2499 4042 2532 4111 ὴ
2566 4040 2673 4112 γὰρ
2704 4039 3003 4101 ὑπόστασις
3029 4038 3190 4102 εὐθὺς
3223 4041 3322 4110 τὴν
3350 4040 3589 4093 διάνοιαν
3609 4039 3702 4093 τοῦ

2131 4133 2479 4205 ἀκροωμένου
2504 4134 2741 4200 παράγει
2761 4130 2898 4201 πρὸς
2911 4128 2973 4182 τὸ
2990 4130 3218 4200 ζητῆσαι
3240 4129 3422 4200 οὐλὴν,
3449 4129 3700 4197 γλαυκὸν,

2134 4224 2368 4296 πατέρα,
2397 4223 2511 4275 υἱὸν
2542 4262 2556 4284 ,
2593 4221 2688 4274 καὶ
2711 4219 2831 4272 εἴτι
2854 4221 3058 4289 ὅμοιον.
3089 4219 3244 4287 Λέγω
3276 4219 3334 4271 δὲ
3367 4217 3522 4284 εἶδος,
3552 4237 3706 4272 τουτ-

2134 4315 2278 4367 έστιν
2306 4315 2494 4367 οὐσίαν
2549 4313 2685 4383 πρὸς
2719 4313 2779 4365 τὸ
2804 4313 3006 4381 γνῶναι
3036 4312 3274 4381 δηλονότι
3306 4313 3443 4377 ζῶον
3467 4315 3703 4382 λογικὸν,

2135 4406 2345 4476 θνητὸν,
2365 4405 2455 4458 νοῦ
2486 4406 2579 4458 καὶ
2595 4405 2902 4474 ἐπιστήμης
2917 4404 3182 4464 δεκτικὸν,
3207 4405 3342 4468 ζῶον
3367 4405 3438 4476 μὴ
3467 4406 3704 4474 λογικὸν,

455 4513 511 4560 et
553 4504 900 4573 propriorum
958 4504 1104 4568 loco,
1165 4505 1499 4573 przeponitur
1549 4505 1890 4566 substantiae,
1938 4511 2026 4557 aut

2137 4499 2345 4568 θνητὸν,
2373 4497 2804 4569 χρεμετιστικὸν,
2835 4497 2931 4549 καὶ
2952 4497 3021 4549 τά
3040 4496 3264 4550 τοιαῦτα
3288 4515 3303 4530 ο
3330 4500 3376 4550 εἰ
3403 4499 3460 4552 δὲ
3483 4498 3556 4570 μὴ
3586 4498 3708 4552 ταύ-

456 4595 618 4648 etiam
660 4595 838 4648 cuivis
891 4594 1103 4663 generi,
1153 4595 1219 4646 ad
1272 4594 1683 4648 distinctionem
1721 4595 2028 4662 specierum

457 4687 561 4756 ipsi
605 4687 999 4754 subiectarum,
1045 4701 1242 4756 nempe
1295 4686 1564 4752 ejusmodi
1588 4695 1682 4738 aut
1728 4687 1834 4740 tale
1885 4685 2029 4754 quod

459 4778 678 4841 anim-al,
731 4793 830 4847 pro
881 4777 1220 4841 rationabili,
1274 4778 1358 4831 vel
1397 4777 1624 4830 rationis
1658 4784 1905 4846 experte.
1954 4775 2031 4829 Ac

457 4885 652 4924 rursus
681 4869 934 4933 dicimus,
989 4869 1189 4924 Petrus
1223 4868 1402 4922 diITert
1452 4883 1482 4921 a
1521 4867 1712 4931 Paulo,
1757 4875 2029 4937 quatenus

459 4962 586 5016 talis
603 4961 851 5031 quaedam
879 4961 1194 5031 bypostasis
1223 4975 1411 5014 eorum
1434 4961 1630 5028 cuique
1653 4967 1756 5024 est,
1783 4960 2029 5028 quando-

457 5051 677 5122 quidem
710 5051 968 5104 diﬂ'erunt
993 5065 1022 5104 a
1056 5066 1116 5105 se
1141 5051 1399 5116 invicem,
1447 5051 1748 5104 secundum
1779 5050 2025 5119 quzedam

2137 4591 2228 4644 τὸν
2256 4591 2410 4644 οὐσία
2466 4591 2558 4644 καὶ
2616 4590 2836 4659 ἄτομον,
2877 4589 3016 4658 ὅπερ
3056 4590 3203 4642 ἐστὶν
3235 4590 3705 4654 ὑπόστασις-οὐδὲ

2136 4681 2309 4734 ταύτὰ
2333 4681 2401 4733 τὰ
2431 4679 2905 4750 χαρακτηρίζοντα
2935 4679 3140 4749 ταύτην
3162 4698 3219 4733 τε
3249 4681 3528 4753 κάκείνην.
3566 4684 3628 4735 Εἰ
3649 4685 3705 4737 δὲ

2139 4769 2480 4839 κα“ι⁶ταύτην
2493 4775 2555 4827 οὐ
2574 4771 2758 4834 ταύτὰ,
2786 4771 2904 4823 οὐδὲ
2933 4773 3043 4834 τοῖς
3077 4773 3260 4835 αὐτοῖς
3292 4773 3518 4843 ὀνόμασι
3546 4775 3705 4827 δυνα-

2138 4863 2230 4915 τὸν
2267 4862 2662 4914 συνάπτεσθαι·
2701 4861 2835 4914 ἀλλὰ
2867 4862 2935 4915 τὰ
2965 4862 3085 4931 μὲν,
3122 4865 3234 4924 τοῖς
3274 4865 3396 4916 κατ’
3430 4865 3637 4926 οὐσίαν,
3672 4867 3704 4934 ἢ

2136 4954 2323 5016 οὐσίας
2362 4953 2635 5024 κειμένοις
2660 4970 2673 4982 ’
2699 4952 2768 5005 τὰ
2791 4953 2846 5006 δὲ
2871 4993 2886 5017 ,
2921 4956 3031 5016 τοῖς
3068 4953 3208 5006 κατὰ
3234 4955 3434 5024 ἄτομον
3477 4954 3703 5026 λεγομέ-

2135 5065 2265 5108 νοις.

458 5161 648 5201 eorum
675 5160 796 5216 quae
825 5145 1189 5214 hypostasim,
1219 5155 1271 5200 et
1301 5159 1408 5199 non
1440 5145 1875 5208 subsistentiam,
1913 5144 2250 5198 constituere
2284 5142 2498 5196 solent:
2568 5143 2878 5212 cujusmodi
2943 5152 3072 5200 sunt
3141 5146 3409 5209 calvities,
3475 5151 3706 5204 statura,

460 5242 780 5310 paternilas,
814 5240 1029 5304 tiliatio,
1075 5248 1129 5294 et
1178 5241 1223 5294 si
1255 5240 1401 5310 quod
1452 5241 1558 5294 tale
1593 5247 1697 5294 est.
1728 5238 1863 5293 Nam
1904 5240 2254 5309 perspicuum
2279 5245 2382 5301 est,
2412 5253 2521 5291 non
2554 5237 2696 5291 idem
2727 5253 2850 5293 esse
2913 5239 3150 5308 speciem
3214 5247 3269 5294 et
3341 5238 3706 5297 individuum,

459 5333 711 5402 idemque
790 5333 1152 5387 substantiam
1227 5334 1678 5403 elhypostasim:
1746 5332 2100 5387 subsistentia
2139 5332 2281 5384 enim
2334 5330 2520 5384 statim
2567 5331 2846 5386 audientis
2890 5340 3125 5384 mentem
3161 5329 3426 5386 transfert
3461 5330 3527 5384 ad
3559 5347 3709 5399 qua--

459 5427 685 5480 reudum
741 5427 1003 5496 crispum,
1056 5427 1302 5489 caesium,
1384 5438 1614 5496 patrem.
1675 5427 1868 5491 lilium,
1910 5444 1973 5481 ac
2027 5427 2072 5482 si
2115 5427 2242 5496 quid
2281 5425 2477 5481 simile.
2544 5424 2674 5480 Dico
2707 5442 2837 5481 vero
2877 5427 3136 5496 speciem,
3190 5443 3384 5497 nempe
3456 5431 3711 5481 substan-

455 5524 586 5577 tiam
621 5524 686 5577 ad
717 5522 1157 5592 cognoscendum
1192 5523 1392 5576 animal
1418 5523 1762 5586 rationabile,
1793 5523 2048 5586 mortale,
2094 5521 2292 5576 mentis
2313 5527 2366 5573 et
2393 5521 2640 5574 scientiae
2673 5535 2866 5589 capax,
2899 5528 2952 5574 et
2981 5520 3184 5574 animal
3222 5522 3454 5576 rationis
3489 5537 3706 5586 expers,

456 5615 706 5679 mortale,
759 5614 1042 5680 hinnibile,
1069 5627 1123 5672 et
1155 5623 1349 5672 cmtera
1379 5615 1672 5685 ejusmodi.
1748 5616 1920 5670 Porro
1962 5632 2069 5670 non
2147 5614 2287 5668 idem
2314 5621 2441 5667 sunt
2489 5613 2826 5668 substantiae.
2856 5623 2909 5668 et
2939 5614 3298 5680 individuum,
3327 5615 3469 5686 quod
3497 5627 3583 5671 est
3611 5616 3710 5685 by-

458 5710 736 5781 postasis;
784 5727 962 5783 neque
995 5713 1184 5769 eadem
1215 5729 1334 5784 quae
1365 5712 1676 5784 designant,
1729 5728 1792 5768 ac
1834 5719 2028 5768 notant
2065 5705 2290 5766 hancct
2326 5711 2492 5764 illam.
2526 5709 2680 5776 Quod
2714 5711 2758 5765 si
2788 5710 2903 5766 haec
2934 5711 3118 5767 eadem
3156 5727 3264 5765 non
3331 5719 3478 5774 sunt,
3533 5724 3710 5778 neque
