4166 6372
406 398 507 455 185

1507 399 1594 453 DE
1633 395 2085 455 COMMUNIBUS
2124 394 2560 455 NOTIONIBUS.

3546 404 3653 461 183

405 516 568 568 etiam
625 514 940 570 nominibus
1000 514 1190 570 iisdem
1256 514 1511 586 conjungi
1558 523 1824 586 possunt;
1861 512 1954 568 sed
1997 510 2112 565 haec
2145 512 2362 580 quidem
2394 514 2463 568 iis
2507 529 2627 584 quae
2677 523 2771 568 aut
2837 516 3137 572 secundum
3211 516 3527 579 essentiam,
3555 528 3649 571 aut

408 608 730 661 substantiis
761 608 1146 678 imponuntur;
1197 610 1284 664 illa
1326 623 1504 666 autem
1545 612 1612 665 iis
1644 626 1763 677 qua:
1806 604 2104 661 secundum
2140 607 2479 661 individuum
2512 608 2792 673 dicuntur,
2834 620 3162 682 congruunt.

475 702 611 772 Τρία
654 702 828 755 τοίνυν
870 705 1016 757 ἐστὶν
1075 707 1313 777 ὀνόματα
1369 709 1495 778 περὶ
1529 702 1605 760 ὧν
1658 709 1692 776 ἡ
1731 706 1977 773 ζήτησις,

2155 701 2280 756 Tria
2311 705 2476 774 igitur
2507 706 2729 760 nomina
2776 716 2902 761 sunt
2934 708 3001 762 de
3044 708 3245 778 quibus
3278 708 3509 777 quaestio
3543 716 3649 772 est,

405 793 577 853 οὐσία,
606 792 823 862 ἄτομον,
848 796 1159 865 ἄνθρωπος’
1192 800 1286 850 καὶ
1305 801 1371 869 τῇ
1406 799 1503 868 μὲν
1534 798 1693 868 οὐσίᾳ
1714 796 1974 849 συνάπτο-

409 899 506 950 μεν
534 882 602 934 τὰ
645 883 842 943 τοιάδε,
875 886 967 937 καὶ
1009 886 1397 957 συζεύγνυμεν,
1425 888 1560 957 πρὸς
1589 887 1878 957 διάκρισιν,
1902 884 1978 947 ὡς

407 970 578 1039 εἷπον,
609 975 715 1027 τῶν
754 977 844 1027 ὐπ’
868 976 1035 1047 αὐτὴν
1066 978 1220 1031 εἰδῶν
1242 980 1361 1031 κατ’
1383 979 1572 1031 οὐσίαν
1598 979 1842 1048 ἀλλήλων
1871 978 1977 1030 δια-

407 1066 699 1136 φερόντων.
733 1067 809 1137 Τῇ
859 1066 914 1119 δὲ
960 1069 1250 1121 ὑποστάσει
1292 1070 1452 1122 πάλιν
1481 1071 1679 1139 ὁμοίως
1704 1070 1771 1121 τά
1800 1069 1975 1122 τοιάδε

406 1156 795 1227 συζεύγνυμεν,
824 1159 954 1230 πρὸς
982 1158 1245 1229 διαίρεσιν
1268 1160 1574 1231 προσώπων
1593 1161 1700 1212 τῶν
1729 1160 1976 1230 ἀλλήλοις

406 1249 802 1301 κοινωνούντων
823 1250 1010 1303 τούτου
1034 1251 1126 1304 τοῦ
1149 1251 1432 1320 ὀνόματος,
1452 1252 1694 1304 τουτέστι
1718 1251 1815 1321 τῆς
1841 1253 1971 1303 ὑπο·

406 1339 667 1403 στάσεως,
709 1340 1072 1410 διαφερόντων
1096 1342 1340 1412 ἀλλήλων
1365 1343 1427 1395 οὐ
1460 1345 1571 1405 τοῖς
1602 1342 1790 1406 οὐσίας
1812 1357 1977 1412 χαρα-

402 1431 771 1501 κτηρίξουσιν,
796 1432 929 1485 ἀλλὰ
950 1435 1061 1496 τοῖς
1082 1432 1393 1503 λεγομένοις
1416 1451 1476 1486 συ
1486 1434 1829 1504 μ6ε6ηκόσιν.
1860 1434 1976 1486 Τίνι

402 1517 494 1576 οὖν
529 1520 807 1590 βούλονται
842 1523 1025 1593 τρόπῳ
1056 1522 1287 1592 συνάψαι
1315 1523 1392 1593 τῷ
1423 1523 1729 1593 ἄνθρωπος
1754 1524 1976 1593 ὀνόματι

404 1613 465 1667 τὸ
489 1614 689 1667 τοιόνδε
718 1631 733 1679 ;
772 1615 863 1666 Ἐκ
899 1615 1009 1685 γὰρ
1064 1616 1170 1667 τῶν
1203 1616 1395 1678 κοινῶς
1422 1615 1879 1685 ὁμολογουμένων,
1909 1612 1976 1666 τὰ

403 1705 846 1775 ἀμφιϐαλλὸμενα
877 1705 1088 1775 δέχεται
1110 1706 1205 1776 τὴν
1235 1706 1416 1760 λύσιν’
1449 1709 1523 1769 ὡς
1548 1710 1611 1777 τῇ
1640 1706 1795 1776 οὐσίᾳ
1824 1704 1975 1757 ἕσται

401 1792 474 1847 τὰ
495 1794 586 1846 ὑπ’
609 1794 774 1863 αὐτὴν
802 1794 1045 1847 οὐσιώδει
1101 1795 1331 1865 διαφορᾷ
1372 1794 1763 1864 διακεκριμένα
1816 1793 1977 1863 ἀλλή-

401 1886 512 1939 λων
533 1904 545 1917 ’
570 1888 704 1957 ὅπερ
725 1888 824 1939 οὐκ
854 1886 1019 1941 ἔστιν.
1050 1887 1214 1941 Οὐδὲν
1247 1886 1355 1957 γὰρ
1377 1887 1622 1957 διαφέρει
1654 1886 1769 1939 κατ’
1791 1885 1976 1937 οὐσίαν

403 1978 615 2041 Παῦλος
634 1979 860 2049 Πέτρου,
904 1980 1024 2032 καθ’
1056 1973 1129 2032 ὧν
1150 1983 1535 2051 κατηγορεῖται
1563 1979 1621 2031 τὸ
1647 1978 1973 2046 ἄνθρωπος’

2080 794 2405 862 substantia,
2485 798 2848 863 individuum,
2922 799 3142 853 homo:
3187 815 3251 853 ac
3330 802 3651 854 substantiae

2081 889 2302 957 quidem
2360 891 2738 945 connectimus
2783 898 2837 943 et
2900 892 3288 961 conjungimus
3339 891 3527 944 isthazc
3582 891 3649 944 ad

2078 980 2508 1042 distinctionem,
2556 989 2614 1034 ut
2666 981 2799 1045 dixi,
2850 983 3158 1050 specierum
3199 998 3322 1050 quae
3369 982 3474 1036 sub
3528 982 3647 1049 ipsa

2081 1078 2230 1133 sunt,
2260 1087 2363 1140 qua
2394 1072 2694 1126 secundum
2720 1074 3012 1128 essentiam
3050 1088 3081 1125 a
3122 1089 3181 1127 se
3212 1073 3442 1127 invicem
3490 1072 3647 1126 αισθ-

2080 1172 2227 1214 runt.
2288 1160 2504 1217 Rursus
2533 1163 2903 1218 subsistentiae
2932 1164 3136 1233 pariter
3153 1164 3267 1218 haec
3298 1164 3646 1233 copulamus,

2078 1254 2144 1306 ad
2183 1254 2508 1309 divisionem
2554 1269 2935 1325 personarum,
2987 1270 3109 1324 quae
3140 1254 3382 1322 ejusdem
3431 1254 3646 1323 quidem

2077 1345 2339 1406 nominis,
2370 1360 2564 1415 nempe
2604 1346 2941 1416 hypostasis,
2996 1352 3127 1399 sunt
3181 1346 3500 1415 participes,
3553 1345 3645 1400 sed

2079 1432 2341 1487 diﬁ'erunt
2368 1450 2397 1487 a
2439 1451 2497 1489 se
2533 1436 2787 1501 invicem,
2834 1450 2944 1489 non
2990 1434 3061 1489 iis
3112 1450 3249 1504 qua:
3280 1434 3647 1489 substantiam

2077 1526 2359 1592 denotant,
2392 1541 2576 1580 verum
2611 1527 2678 1581 iis
2707 1542 2829 1596 qua:
2869 1526 3128 1581 dicuntur
3153 1522 3474 1582 accidentia.
3502 1525 3651 1591 Quo-

2078 1632 2202 1670 nam
2236 1630 2367 1685 ergo
2403 1616 2564 1670 modo
2595 1618 2928 1687 conjungere
2978 1618 3165 1672 volunt
3212 1618 3421 1672 nomini
3469 1617 3647 1681 homo,

2078 1708 2185 1762 tale
2211 1708 2506 1776 quiddam?
2532 1707 2666 1762 Nam
2702 1725 2767 1763 ex
2800 1710 2868 1764 iis
2894 1725 3014 1779 qua:
3057 1712 3332 1765 communi
3377 1725 3650 1763 consensu

2076 1798 2319 1853 omnium
2370 1799 2767 1868 approbantur,
2826 1802 3152 1857 solutionem
3199 1801 3496 1855 admittunt
3530 1817 3651 1871 quae

2079 1888 2134 1942 in
2174 1891 2606 1945 controversiam
2656 1900 2940 1947 vocantur.
2983 1892 3071 1957 Ut,
3116 1909 3213 1963 per
3257 1894 3648 1959 substantiam,

2079 1995 2198 2047 quae
2228 1979 2330 2032 sub
2355 1981 2468 2048 ipsa
2488 1989 2617 2034 sunt
2645 1980 2925 2035 essentiali
2952 1980 3252 2036 diﬁ‘erentia
3267 1981 3525 2033 distincta
3546 1995 3573 2032 a
3591 1995 3651 2035 se

402 2070 518 2123 ἀλλ’
544 2071 618 2133 ὡς
645 2074 710 2140 τῇ
744 2072 1033 2124 ὑποστάσει
1074 2070 1387 2143 προσώπου.
1415 2073 1555 2140 Ἀρα
1598 2070 1891 2141 δηλωτικὸν
1920 2069 1979 2121 τὸ

2082 2072 2312 2125 invicem
2348 2081 2531 2135 erunt,
2578 2074 2723 2143 quod
2775 2074 2993 2143 quidem
3030 2088 3140 2127 non
3165 2081 3272 2127 est.
3325 2072 3469 2126 Nihil
3498 2075 3645 2125 enim

401 2163 711 2229 ἄνθρωπος
735 2162 834 2214 οὐκ
882 2162 1090 2225 οὐσίας,
1127 2163 1264 2233 ὅπερ
1304 2161 1503 2215 ἄτοπον
1536 2161 1717 2230 λέγειν
1737 2177 1750 2192 ο
1784 2160 1846 2213 τὸ
1866 2177 1981 2212 κοιο

318 2312 325 2319 ,
401 2254 491 2305 νὸν
513 2254 619 2323 γὰρ
654 2253 750 2322 τῆς
787 2253 972 2316 οὐσίας
1010 2254 1263 2323 σημαίνει
1296 2254 1357 2306 τὸ
1386 2254 1714 2319 ἅνθρωπος,
1746 2252 1839 2305 καὶ
1882 2251 1981 2305 οὐκ

405 2345 571 2398 ίδικὸν
610 2344 923 2413 πρόσωπον,
973 2345 1184 2398 Παύλου
1233 2345 1365 2416 φέρε
1408 2346 1597 2409 εἰπεῖν,
1632 2345 1664 2416 ἢ
1704 2345 1976 2415 Βαρνάϐα.

402 2437 518 2489 Οὐκ
544 2438 648 2506 ἄρα
661 2437 831 2490 οὐδενὶ
856 2437 1041 2508 τρόπῳ
1062 2438 1237 2490 τοιάδε
1260 2436 1547 2490 συνέπεται
1574 2436 1653 2507 τῷ
1674 2437 1981 2504 ἅνθρωπος

403 2530 547 2581 κατά
577 2546 638 2596 γε
665 2529 752 2582 τὸν
787 2529 1203 2599 ἐπιστημονικὸν
1233 2530 1407 2597 λόγον.
1434 2530 1495 2581 Εἰ
1522 2529 1577 2581 δὲ
1613 2529 1764 2599 κοινὴ
1788 2529 1981 2599 χρῆσις

402 2620 635 2690 ἀποροίη
672 2620 899 2683 τούτοις,
947 2622 1041 2673 καὶ
1072 2622 1476 2691 κατακέχρηται
1517 2623 1626 2684 τοῖς
1658 2620 1754 2690 τῆς
1793 2619 1980 2679 οὐσίας

404 2712 664 2781 ὀνόμασιν
722 2716 801 2775 εἰς
854 2712 1158 2785 προσώπων
1200 2714 1469 2782 δήλωσιν,
1510 2712 1660 2764 οὐδὲν
1715 2711 1850 2780 πρὸς
1887 2710 1978 2762 τὸν

406 2802 609 2874 ἀκριδῆ
661 2806 857 2857 κανόνα
913 2806 1014 2875 τῆς
1078 2806 1299 2877 λογικῆς
1344 2806 1668 2875 ἐπιστήμης.
1725 2804 1884 2856 Ἀλλὰ
1925 2803 1979 2856 τί

405 2896 724 2967 κατατρέχω
760 2897 860 2967 τῆς
918 2898 1180 2968 συνήθους
1226 2900 1635 2970 καταχρήσεως,
1669 2896 1978 2970 ἀπορούσης

404 2989 486 3051 εἰς
539 2988 607 3040 τὰ
655 2988 895 3049 τοιαῦτα,
934 2989 1208 3042 λανθάνων
1243 2992 1323 3043 ὅτι
1354 2991 1610 3053 πολλάκις
1643 2990 1851 3060 κυρίοις
1877 2989 1977 3041 οὐκ

404 3078 783 3149 εὐποροῦντες,
809 3080 1012 3151 ἑτέροις
1047 3082 1140 3134 καὶ
1167 3083 1316 3133 αὐτοὶ
1333 3081 1734 3151 καταχριῦμεθα
1753 3081 1976 3150 ὀνόμασι

404 3170 867 3238 καταχρηστικοῖς
923 3171 1057 3240 πρὸς
1100 3170 1441 3239 παράστασιν
1485 3169 1577 3223 τοῦ
1642 3168 1974 3238 λεγομένου;

407 3259 555 3329 Πλὴν
589 3263 762 3312 ἐκεῖνο
790 3261 956 3328 σαεξὲς
976 3263 1110 3330 ἡμῖν
1140 3261 1299 3323 ἔστω,
1330 3263 1517 3332 ὅτιπερ
1540 3262 1587 3312 εἰ
1613 3260 1868 3329 ἐλέγομεν
1885 3259 1977 3310 ἐπὶ

403 3351 613 3420 Πέτρου
676 3350 768 3402 καὶ
814 3349 1045 3416 Παύλου,
1081 3352 1412 3418 Ἀνθρωπος
1447 3348 1778 3416 ἀνθρώπου,
1800 3341 1841 3418 ᾖ
1872 3346 1977 3400 ἅν-
2003 3376 2048 3434 C

404 3444 655 3508 Ορωπος,
673 3440 851 3493 οὐδὲν
867 3440 1127 3510 διαφέρει
1146 3457 1162 3472 ·
1185 3441 1320 3495 ἀλλ’
1341 3435 1381 3511 ᾗ
1396 3439 1630 3493 τοιόσδε
1646 3438 1973 3505 ἄνθρωπος’

406 3532 526 3595 καὶ,
558 3532 750 3583 Οὐσιά
769 3532 1003 3596 οὐσίας,
1032 3526 1071 3602 ᾖ
1099 3532 1297 3596 οὐσία,
1325 3529 1506 3583 οὐδὲν
1532 3527 1814 3597 διαφέρει,
1841 3527 1979 3581 ἀλλ’

406 3615 443 3691 ᾗ
472 3619 671 3674 τοιάδε
702 3621 901 3682 οὐσία,
942 3620 1118 3688 λέγειν
1150 3620 1236 3673 ἐπ’
1270 3618 1448 3672 αὐτῶν
1474 3617 1803 3689 ἠδυνάμεθα.
1834 3619 1896 3669 Εἰ
1923 3618 1981 3670 δὲ

402 3712 565 3764 τοῦτο
585 3711 763 3780 λέγειν
795 3713 867 3782 μὴ
896 3711 1138 3776 δυνατὸν,
1179 3711 1301 3763 ἐπεὶ
1331 3712 1424 3764 καὶ
1453 3712 1485 3781 ἡ
1521 3711 1658 3780 αὐτὴ
1690 3709 1846 3761 οὐσία
1877 3708 1982 3762 Πέ-

403 3820 535 3873 τρου
594 3804 686 3854 καὶ
724 3803 955 3869 Παύλου,
1006 3802 1126 3855 οὐδὲ
1173 3803 1281 3874 ἄρα
1323 3802 1444 3855 οὐδὲ
1495 3803 1701 3854 ἐκεῖνο·
1751 3800 1981 3870 ἐπείπερ

402 3896 594 3958 οὐσίας
615 3895 912 3965 δηλωτικὸν
945 3894 1001 3947 τὸ
1023 3894 1330 3963 ἄνθρωπος
1347 3893 1535 3963 ὅνομα’
1559 3894 1607 3945 εἰ
1630 3892 1686 3943 δὲ
1703 3891 1762 3943 τὸ
1784 3890 1982 3944 τοιάδε

403 3989 500 4039 καὶ
550 3987 785 4040 τοιόσδε
814 3988 913 4040 οὐκ
970 3986 1259 4040 ἀκόλουθον
1303 3984 1535 4047 συνάψαι
1564 3983 1643 4054 τῷ
1674 3982 1981 4049 ἄνθρωπος

400 4079 631 4147 ὀνόματι
657 4095 670 4107 ·
698 4078 803 4131 οὐδ’
834 4080 938 4150 ἄρα
976 4078 1095 4131 οὐδὲ
1116 4077 1229 4140 δύο,
1256 4076 1288 4147 ἢ
1315 4078 1463 4148 τρεῖς
1518 4074 1721 4145 κυρίως
1752 4074 1981 4145 λέγομεν

405 4171 744 4240 ἀνθρώπους.
782 4171 892 4223 Καὶ
932 4173 979 4222 εἰ
1020 4170 1111 4222 ἐπὶ
1146 4168 1240 4221 τοῦ
1268 4165 1581 4241 ἀνθρῴπου
1608 4166 1779 4217 ταῦτα
1812 4165 1980 4217 δέδει-

406 4279 563 4317 κται·
598 4263 749 4333 πόσῳ
812 4263 1008 4333 μᾶλλον
1059 4262 1151 4314 ἐπὶ
1178 4262 1274 4330 τῆς
1308 4258 1476 4312 ἀϊδίου
1517 4259 1608 4311 καὶ
1627 4256 1771 4311 θείας
1795 4257 1981 4319 οὐσίας

406 4357 740 4426 κυριώτερον
771 4355 1000 4425 ἁρμόσει
1048 4352 1110 4406 τὸ
1168 4352 1243 4422 μὴ
1270 4350 1474 4403 τοιόσδε
1506 4350 1637 4412 Θεὸς
1658 4349 1751 4401 καί
1777 4347 1981 4400 τοιόσδε

404 4445 663 4513 λέγεσθαι
687 4445 795 4497 τῶν
825 4443 1172 4497 ὐποστάσεων
1230 4440 1465 4508 ἑκάστην
1488 4455 1502 4469 ’
1548 4437 1681 4507 μηδὲ
1720 4435 1848 4489 Θεὸν
1886 4434 1981 4487 καὶ

404 4535 541 4589 Θεὸν
578 4536 668 4589 καὶ
692 4535 822 4588 Θεὸν
870 4532 1227 4601 ὲκφωνεῖσθαι
1248 4532 1339 4584 τὸν
1366 4530 1584 4601 Πατέρα
1614 4528 1819 4581 καὶτὸν
1851 4526 1980 4579 Υίὸν

407 4629 504 4683 καὶ
540 4628 602 4680 τὸ
652 4628 805 4693 ἆγιον
833 4626 1057 4696 Πνεῦμα
1083 4645 1096 4657 ·
1130 4625 1264 4695 μηδὲ
1306 4624 1474 4694 τρεῖς,
1508 4621 1610 4674 κᾶν
1641 4622 1696 4673 ἐν
1725 4622 1789 4689 τῇ
1821 4618 1978 4670 ἐνθυ-

2082 2163 2261 2218 (Ιὶῐΐειι
2317 2164 2510 2220 Petrus
2561 2181 2590 2218 a
2625 2165 2795 2220 Paulo
2859 2166 3160 2222 secundum
3220 2165 3536 2229 essentiam,
3583 2164 3651 2218 de

2082 2258 2278 2327 quibus
2329 2259 2657 2327 praedicatur
2705 2259 2901 2323 homo;
2960 2258 3052 2311 sed
3093 2267 3150 2310 ut
3201 2258 3485 2327 hypostasi
3520 2272 3647 2326 per-

2082 2365 2251 2405 sonas.
2289 2349 2477 2420 Itaque
2520 2351 2582 2403 τὸ
2623 2350 2774 2404 homo
2830 2366 2937 2404 non
2982 2350 3350 2404 substantiam
3402 2347 3648 2413 denotat,

2080 2442 2224 2511 quod
2276 2441 2493 2510 quidem
2551 2442 2850 2496 absurdum
2905 2453 2991 2495 est
3040 2441 3188 2495 dictu
3231 2457 3244 2493 :
3284 2454 3408 2492 nam
3484 2440 3648 2493 homo

2080 2548 2371 2587 commune
2404 2534 2728 2588 substantiae
2776 2534 3069 2601 signiﬁcat,
3122 2542 3174 2585 et
3206 2547 3314 2584 non
3349 2530 3651 2600 particula-

2080 2638 2194 2678 rem
2243 2638 2552 2692 personam,
2610 2622 2763 2675 Pauli
2827 2632 2957 2691 puta
3007 2628 3102 2674 aut
3151 2620 3434 2673 Barnabas.
3488 2617 3652 2673 Nullo

2081 2708 2248 2778 igitur
2278 2717 2440 2778 pacto
2480 2710 2585 2763 tale
2614 2708 2745 2778 quid
2794 2708 3155 2778 subsequitur
3191 2707 3414 2769 homini,
3452 2708 3650 2761 saltem

2075 2798 2228 2869 juxta
2288 2800 2645 2855 scientiﬁcam
2700 2801 2988 2854 rationem.
3038 2797 3196 2864 Quod
3240 2798 3284 2852 si
3338 2796 3652 2851 communis

2080 2905 2215 2945 usus
2239 2891 2325 2945 his
2359 2891 2712 2952 destituatur,
2759 2897 2815 2944 et
2859 2890 3185 2945 substantiae
3234 2888 3551 2943 nominibus
3582 2890 3652 2942 ad

2081 2996 2442 3051 personarum
2482 2980 2907 3035 declarationem
2944 2980 3264 3043 abutantur,
3296 2978 3432 3031 nihil
3464 2978 3565 3031 hoc
3583 2977 3652 3031 ad

2079 3084 2326 3129 exactam
2361 3075 2547 3141 logicm
2585 3073 2831 3127 scientia:
2858 3073 3106 3141 regulam
3137 3072 3400 3140 pertinet.
3448 3068 3653 3125 Verum

2080 3165 2256 3219 curiu
2300 3166 2618 3219 abusionem
2651 3171 2968 3218 consuetam
3019 3162 3288 3215 invectiva
3339 3170 3485 3227 utor,
3534 3178 3655 3231 qua:

2080 3256 2133 3310 in
2155 3255 2488 3325 ejuscemodi
2522 3255 2703 3309 deﬁcit
2736 3273 2750 3309 :
2782 3270 2895 3309 non
2928 3254 3397 3318 animadvertens,
3434 3263 3494 3308 ut
3546 3254 3652 3323 ipsi

2081 3362 2221 3416 sape
2250 3345 2498 3400 destituti
2544 3344 2797 3413 propriis,
2828 3344 2950 3398 aliis
2992 3342 3289 3396 abutamur
3338 3342 3655 3396 nominibus

2085 3437 2402 3507 impropriis
2433 3437 2500 3489 ad
2532 3452 2645 3489 rem
2680 3435 2747 3489 de
2780 3450 2888 3503 qua
2909 3434 3088 3503 agitur
3114 3432 3659 3502 repraesentandam?

2082 3528 2354 3583 Duutaxat
2383 3526 2510 3581 illud
2549 3534 2738 3595 aperte
2767 3526 2926 3580 nobis
2957 3533 3197 3585 constet,
3233 3533 3291 3576 ut
3333 3525 3519 3578 dicere
3542 3538 3655 3578 non

2083 3629 2409 3675 cunctemur
2442 3619 2498 3671 in
2523 3619 2687 3671 Petro
2714 3626 2764 3671 et
2785 3616 2975 3681 Paulo,
3001 3613 3175 3669 Homo
3197 3615 3262 3667 ab
3290 3617 3656 3683 nominequa—

2084 3721 2232 3765 tenus
2261 3710 2436 3773 homo,
2466 3709 2596 3763 nihil
2620 3710 2820 3778 differt,
2857 3707 2947 3760 sed
2973 3722 3077 3776 qua
3104 3707 3227 3759 talis
3249 3702 3655 3775 quidamhomo;

2085 3803 2169 3851 et:
2197 3796 2529 3861 Substantia,
2551 3808 2807 3866 quatenus
2837 3794 3160 3854 substantia,
3209 3792 3341 3844 nihil
3396 3790 3575 3858 di/fert
3618 3807 3652 3842 α

2089 3887 2387 3942 substantia
2413 3903 2429 3949 ;
2457 3884 2546 3939 sed
2562 3902 2666 3955 qua
2693 3884 2815 3937 talis
2843 3883 3083 3950 quadam
3107 3883 3403 3936 substantia
3427 3890 3529 3946 est,
3548 3882 3653 3936 hoc

2082 3980 2371 4034 enuntiare
2403 3978 2470 4031 de
2532 3978 2668 4046 ipsis
2704 3976 3008 4045 potuimus.
3054 3974 3147 4027 Sin
3197 3974 3403 4040 minus,
3454 3980 3509 4027 et
3550 3973 3655 4028 hoc

2082 4072 2264 4125 dicere
2297 4072 2378 4125 fas
2401 4084 2510 4123 non
2543 4076 2645 4135 est,
2699 4066 3142 4138 quandoquidem
3187 4065 3375 4120 eadem
3398 4072 3483 4119 est
3520 4065 3654 4118 sub-

2083 4161 2284 4215 stantia
2329 4159 2472 4214 Petri
2512 4165 2565 4213 et
2601 4157 2791 4223 Pauli;
2836 4171 3015 4226 neque
3048 4170 3185 4211 sane
3226 4155 3359 4208 illud
3407 4168 3650 4223 quoque.

2083 4253 2348 4320 Quoniam
2384 4268 2581 4306 nomen
2612 4252 2765 4305 homo
2809 4250 2913 4303 vim
2963 4250 3124 4303 habet
3165 4246 3480 4302 declarandi
3519 4247 3653 4301 sub-

2083 4347 2362 4401 stantiam.
2397 4344 2452 4397 Si
2502 4358 2631 4397 vero
2667 4343 2769 4396 hoc
2806 4341 3027 4395 nomine
3078 4342 3233 4394 homo
3260 4338 3494 4409 prolato,
3541 4354 3653 4392 non

2082 4447 2167 4491 est
2192 4436 2240 4489 ei
2267 4448 2608 4502 consequens
2642 4433 2748 4486 tale
2797 4433 2876 4486 vel
2911 4432 3020 4485 tale
3048 4430 3181 4499 quid
3211 4448 3224 4483 :
3277 4430 3445 4499 igitur
3477 4445 3659 4498 neque

2082 4528 2241 4594 duos,
2281 4534 2372 4581 aut
2397 4535 2509 4581 tres
2536 4527 2758 4596 proprie
2804 4524 3044 4577 dicimus
3084 4523 3368 4586 homines;
3429 4520 3571 4589 quod
3608 4521 3658 4574 si

2083 4623 2138 4674 in
2176 4620 2398 4673 homine
2425 4617 2537 4671 haec
2572 4617 2797 4687 probata
2842 4622 3006 4678 sunt,
3062 4624 3270 4683 quanto
3306 4612 3482 4681 magis
3526 4626 3656 4680 pro-

410 4726 599 4794 μήσει,
644 4721 1082 4793 δογματίζεσθαι.
1124 4721 1455 4790 Συνέστηκεν
1474 4712 1567 4771 οῦν
1595 4718 1704 4787 ἄρα
1742 4715 1820 4785 τῷ
1842 4714 1977 4785 πρὸς

2084 4712 2199 4784 prie
2226 4713 2279 4764 in
2310 4710 2639 4779 sempiterna
2670 4716 2723 4762 et
2770 4707 2957 4761 divina
2989 4704 3231 4759 essentia
3276 4711 3565 4772 congruat,
3597 4710 3659 4756 ut

407 4815 568 4886 ἡμῶν
600 4815 791 4885 δικαίῳ
818 4816 911 4868 καὶ
943 4814 1217 4883 ἀκολούθῳ
1251 4813 1344 4866 καὶ
1373 4808 1780 4880 ἐπιστημονικῷ
1806 4808 1874 4860 τὰ
1902 4805 1979 4876 τῷ

406 4905 576 4977 λόγῳ,
620 4905 697 4973 ὡς
732 4907 829 4959 ’ἑνα
848 4906 979 4959 Θεόν
998 4921 1176 4975 φαμεν
1206 4904 1297 4957 τὸν
1320 4903 1426 4955 τῶν
1442 4902 1696 4956 ἁπάντων
1723 4900 1981 4971 δημιουρ-

406 4997 524 5065 γὸν,
557 4999 605 5050 εί
632 4999 723 5050 καὶ
746 5000 803 5051 ὲν
830 4999 975 5070 τρισὶ
998 4995 1360 5067 προσώποιςῆ
1390 4996 1464 5059 ὡς
1493 4994 1819 5047 ὑποστάσεσι
1848 4991 1984 5045 θεω-

409 5092 609 5158 ρεῖται,
645 5090 854 5159 Πατρὸς
882 5091 975 5141 καὶ
1003 5088 1135 5141 Υίοῦ
1162 5088 1255 5142 καὶ
1286 5087 1441 5155 ἁγίου
1470 5084 1803 5156 Πνεῦματος.

2085 4821 2193 4859 non
2226 4804 2351 4858 talis
2377 4801 2522 4855 Deus
2556 4807 2611 4854 et
2642 4799 2766 4852 talis
2806 4797 3024 4851 dicatur
3071 4809 3414 4863 unaquaeque
3469 4808 3661 4863 perso-

2088 4911 2314 4957 narum;
2364 4907 2543 4962 neque
2577 4892 2720 4946 Deus
2769 4897 2823 4944 et
2869 4888 3032 4952 Deus,
3069 4894 3125 4942 et
3168 4886 3314 4941 Deus
3346 4885 3662 4939 enuntietur

2088 4989 2251 5044 Pater
2277 4995 2333 5043 et
2365 4985 2541 5040 Filius
2572 4993 2627 5038 et
2683 4982 2925 5051 Spiritus
2973 4988 3242 5045 sanctus;
3296 4992 3474 5046 neque
3525 4987 3661 5041 tres,

2091 5079 2344 5150 quamvis
2379 5078 2563 5131 animo
2598 5080 2811 5127 tantum
2838 5080 2893 5126 et
2929 5069 3285 5141 cogitatione,
3335 5069 3662 5122 doceantur.

405 5181 636 5235 Constat
688 5158 868 5248 itaque
899 5183 1046 5247 justa
1076 5186 1130 5233 et
1152 5184 1516 5233 consentanea
1567 5176 1908 5245 maximeque
1939 5174 2153 5246 propria
2180 5168 2493 5225 dissertatio
2517 5172 2706 5220 nostra
2726 5202 2741 5227 ,
2780 5162 2927 5232 quod
2954 5175 3124 5243 unum
3168 5159 3337 5215 Deum
3362 5158 3665 5213 asserimus

407 5278 653 5334 omnium
685 5276 957 5348 opiﬁcem,
981 5274 1202 5331 tametsi
1232 5274 1286 5329 in
1317 5273 1491 5328 tribus
1515 5274 1767 5342 personis
1795 5291 1888 5329 seu
1919 5267 2306 5344 hypostasibus
2330 5256 2947 5326 consideretur,Patris,
2970 5254 3093 5310 Filii
3121 5263 3174 5311 et
3196 5253 3436 5325 Spiritus
3465 5252 3663 5308 sancti.
