4166 6372
406 425 508 482 189

1853 429 1939 486 DE
1976 429 2208 486 ANIMA.

3556 431 3660 490 190

474 541 558 595 Τὰ
607 541 832 611 σώματα
873 543 941 612 τῇ
975 539 1152 612 οἰκείᾳ
1201 539 1359 609 φύσει
1388 542 1599 612 τρεπτά
1629 557 1690 594 τε
1729 541 1858 594 ὄντα
1886 543 1982 596 καὶ

2152 543 2395 614 Corpora
2424 551 2620 598 natura
2652 559 2750 598 sua
2782 543 3066 599 mutabilia
3094 559 3217 601 esse
3245 555 3299 602 et
3331 561 3523 616 sparsa
3559 565 3662 621 per

402 635 672 690 σκεδαστά
690 634 757 688 δι’
785 634 930 700 ὅλου,
963 635 1058 688 καὶ
1097 635 1176 696 εἰς
1209 633 1436 704 ἄπειρον
1469 633 1672 704 τμητὰ,
1703 634 1760 686 ἐν
1799 635 1980 698 αὐτοῖς

405 728 632 799 μηδενὸς
660 724 1038 798 ἀμεταϐλήτου
1063 725 1512 795 ὑπολειπομένου,
1541 725 1712 778 δεῖται
1737 726 1831 778 τοῦ
1855 743 1982 779 συν-

399 821 615 890 έχοντος
647 821 741 874 καὶ
770 821 1112 888 συνάγοντος,
1143 817 1441 888 καὶῶσπερ
1471 817 1858 889 ωσφίγγοντος
1889 819 1983 871 καὶ

401 911 832 982 συγκρατοῦντος
859 911 1016 976 αὐτὰ,
1045 913 1182 983 ὅπερ
1214 911 1390 982 ψυχὴν
1415 912 1665 982 λέγομεν.
1703 913 1764 965 ΕΞ
1802 912 1982 964 τοίνυν

402 1003 563 1074 σῶμά
588 1005 738 1056 ἐστιν
760 1005 793 1072 ή
821 1004 989 1075 ψυχὴ,
1030 998 1142 1057 οἷον
1178 1004 1241 1075 δή
1269 1021 1421 1067 ποτε,
1443 1005 1493 1056 εἰ
1527 1003 1622 1057 καὶ
1653 1003 1983 1074 λεπτομερέ-

402 1111 631 1160 στατον,
693 1095 746 1148 τί
797 1095 855 1148 δὲ
918 1095 1079 1149 πάλιν
1139 1095 1255 1148 ἐστὶ
1307 1093 1367 1148 τὸ
1392 1094 1671 1165 συμφέρον
1732 1093 1980 1162 ὲκείνην;

413 1185 657 1258 Ἐδείχθη
684 1186 794 1258 γὰρ
826 1188 934 1240 πᾶν
967 1186 1127 1258 σῶμα
1159 1186 1366 1240 δεῖσθαι
1387 1185 1480 1239 τοῦ
1511 1185 1828 1254 συνέχοντος
1849 1201 1860 1214 ·
1891 1183 1984 1236 καὶ

400 1279 571 1345 οὕτως
596 1283 685 1365 εἰς
703 1281 951 1351 ἄπειρον,
980 1278 1085 1342 ἕως
1117 1278 1182 1332 ἂν
1207 1278 1638 1348 καταντήσωμεν
1657 1275 1736 1337 εἰς
1761 1273 1984 1344 ἀσώμα-

397 1390 510 1426 τον.
562 1373 626 1426 Εἰ
652 1372 708 1425 δὲ
740 1371 969 1440 λέγοιεν,
1003 1370 1193 1440 ὥσπερ
1225 1371 1276 1423 οἱ
1315 1368 1566 1431 Στωϊκοὶ,
1605 1368 1828 1436 τονικήν
1864 1383 1984 1418 τινα

399 1460 540 1516 εἶναι
568 1461 780 1532 κίνησιν
829 1461 1051 1531 περὶτὰ
1095 1458 1346 1530 σώματα,
1382 1460 1462 1522 εἰς
1501 1457 1566 1510 τδ
1596 1458 1726 1510 εἵσω
1755 1457 1870 1526 ἅμα
1902 1473 1980 1506 κι-

400 1552 620 1624 νοῦμεν,
656 1554 750 1608 καὶ
773 1554 852 1616 εὶς
882 1552 951 1604 τὰ
979 1550 1104 1616 ἔξω,
1136 1552 1231 1605 καὶ
1277 1550 1376 1622 τὴν
1407 1550 1506 1621 μὲν
1531 1551 1608 1614 εἰς
1633 1549 1696 1602 τὸ
1728 1547 1854 1614 ἔξω,
1884 1563 1982 1616 με-

400 1645 576 1714 γεθῶν
632 1645 728 1698 καὶ
761 1645 1060 1714 ποιοτήτων
1106 1642 1531 1713 ἀποτελεστικὴν
1582 1638 1753 1705 εἶναι,
1794 1641 1892 1710 τὴν
1926 1639 1984 1692 δὲ

398 1738 479 1802 εἰς
502 1737 563 1790 τὸ
585 1737 716 1790 εἵσω
741 1776 756 1800 ,
789 1735 1033 1798 ὲνώσεως
1061 1736 1156 1788 καὶ
1183 1735 1368 1798 οὐσίας
1390 1751 1404 1764 '
1430 1733 1733 1806 ἐρωτητέον
1763 1729 1978 1793 αὐτούς·

411 1827 630 1900 Ἐπειδὴ
663 1829 811 1881 πᾶσα
834 1828 1046 1898 κίνησις
1079 1827 1188 1880 ἀπό
1216 1829 1358 1891 τινός
1395 1829 1512 1880 ἐστι
1557 1826 1858 1897 δυνάμεως,
1897 1825 1982 1885 τίς

396 1923 432 1991 ὴ
461 1921 692 1992 δυνάμις
723 1919 881 1991 αὑτὴ,
911 1922 1005 1974 καὶ
1029 1922 1133 1974 τίνι
1161 1921 1448 1986 obcaecat;
1476 1920 1538 1972 Ei
1580 1919 1676 1989 μὲν
1703 1914 1796 1972 οὖν
1827 1917 1921 1970 καὶ
1945 1915 1980 1984 ἡ
2019 1909 2057 1963 Β

398 2011 625 2082 δύναμις
647 2010 787 2083 αὕτη
820 2011 917 2082 ὕλη
947 2012 1032 2074 τίς
1066 2013 1202 2074 ἐστι,
1226 2012 1338 2074 τοῖς
1371 2011 1552 2072 αὐτοῖς
1578 2009 1742 2062 πάλιν
1777 2008 1977 2078 χρησό-

402 2101 546 2171 μεθα
578 2101 775 2170 λόγοις.
808 2101 870 2154 Εἰ
898 2101 954 2154 δὲ
983 2101 1082 2170 οὐχ
1108 2099 1232 2170 ὕλη,
1266 2100 1382 2154 ἀλλ’
1407 2099 1609 2161 ἕνυλον,
1639 2099 1825 2169 ἕτερόν
1862 2099 1978 2149 ἐστι

398 2193 460 2246 τὸ
505 2193 709 2258 ἔνυλον,
749 2194 901 2264 παρά
947 2193 1044 2265 τὴν
1086 2192 1237 2263 ὕλην.
1289 2191 1364 2244 To
1402 2192 1510 2262 γάρ
1563 2190 1786 2262 μετέχον
1824 2187 1975 2258 ὕλης,

400 2283 584 2336 ἔνυλον
609 2282 851 2350 λέγεται’
876 2283 927 2334 τί
951 2301 1080 2336 ποτε
1107 2283 1214 2354 ἄρα
1241 2283 1358 2335 ἐστὶ
1377 2281 1437 2334 τὸ
1462 2283 1588 2352 μετέ
1595 2299 1684 2351 λον
1701 2281 1796 2350 τῆς
1824 2279 1976 2348 ὕλης,

401 2375 628 2448 πότερον
657 2373 757 2444 ὕλη
779 2375 874 2428 καὶ⁸
897 2374 1050 2437 αὐτὸ,
1079 2375 1112 2445 ἢ
1143 2373 1336 2440 ἇῦλον;
1370 2375 1433 2427 Ei
1462 2373 1558 2443 μὲν
1590 2368 1681 2425 οὖν
1709 2371 1830 2442 ὕλη,
1863 2372 1978 2433 πῶς

400 2464 583 2520 ἐνυλον
619 2466 713 2518 καὶ
744 2464 841 2535 οὐχ
865 2463 962 2535 ὕλη
991 2481 1006 2530 ;
1031 2466 1095 2518 Εἰ
1115 2465 1172 2518 δὲ
1193 2466 1293 2536 οὐχ
1322 2464 1443 2535 ὕλη,
1473 2465 1633 2520 ἄῦλον
1665 2464 1789 2534 ἄρα.
1834 2464 1895 2515 Et
1922 2462 1978 2514 δὲ

398 2558 581 2621 ἀῦλον,
604 2557 663 2610 οὐ
697 2557 882 2628 σῶμα·
918 2557 980 2610 τὸ
1011 2557 1119 2628 γὰρ
1150 2557 1306 2628 σῶμα
1345 2557 1548 2610 ἕνυλον.
1582 2559 1644 2611 Εἰ
1687 2557 1743 2609 δὲ
1767 2555 1978 2624 λέγοιεν

399 2649 481 2716 ὅτι
531 2647 601 2701 τὰ
638 2647 866 2718 σώματα
907 2647 1069 2718 τριχῆ
1101 2647 1361 2702 διαστατά
1397 2650 1533 2714 ἐστι,
1565 2649 1658 2701 καὶ
1689 2651 1720 2719 ή
1747 2647 1893 2718 ψυχὴ
1923 2649 1978 2702 δὲ

397 2741 465 2794 δι’
491 2741 611 2794 ὅλου
642 2740 903 2812 διήκουσα
919 2741 1014 2794 τοῦ
1042 2740 1312 2812 σώματος,
1343 2742 1504 2812 τριχῆ
1531 2741 1789 2812 διαστατή
1822 2744 1934 2794 ἐστι
1959 2758 1974 2772 ο

400 2832 495 2887 καὶ
517 2831 603 2886 διὰ
633 2831 790 2885 τοῦτο
813 2832 1028 2896 πάντως
1049 2834 1143 2886 καὶ
1171 2832 1328 2904 σῶμα
1349 2833 1601 2904 ἐροῦμεν,
1633 2833 1714 2885 δτι
1741 2834 1848 2885 πᾶν
1881 2833 1978 2902 μὲν

401 2925 561 2996 σῶμα
586 2925 750 2997 τριχῆ
806 2925 1086 2980 διαστατόν
1137 2927 1315 2978 ἐστιν·
1371 2926 1431 2978 οὕ
1470 2927 1576 2978 πᾶν
1623 2925 1677 2976 δὲ
1725 2924 1785 2976 τὸ
1818 2925 1975 2995 τριχῆ

399 3018 682 3072 διαστατόν
713 3017 890 3088 σῶμα.
926 3017 1031 3070 Καὶ
1067 3016 1175 3088 γὰρ
1196 3019 1224 3068 ὁ
1243 3021 1262 3036 ⁹
1285 3017 1343 3069 τὸ
1367 3017 1551 3074 ποσὸν,
1585 3018 1677 3069 καὶ
1713 3015 1773 3068 τὺ
1803 3016 1974 3079 ποιὸν,

400 3110 668 3183 ἀσώματα
688 3111 818 3164 ὂντα
849 3109 967 3164 καθ’
991 3111 1180 3176 ἑαυτὰ,
1209 3109 1348 3163 κατά
1371 3127 1432 3162 συ
1442 3109 1731 3179 μὸεϐηκὸς,
1759 3108 1816 3160 ὲν
1831 3107 1978 3178 ὄγκῳ

400 3201 680 3255 ποσοῦται.
720 3200 905 3264 Οὕτως
937 3194 1030 3253 οὗν
1082 3199 1174 3252 καὶ
1213 3201 1278 3270 τῇ
1307 3199 1452 3270 ψυχῇ
1487 3197 1609 3252 καθ’
1647 3199 1846 3269 ἑαυτὴν
1879 3197 1976 3268 μὲν

2085 639 2423 701 universum,
2462 646 2625 706 atque
2658 636 2712 690 in
2779 637 3051 690 inlinitum
3101 649 3250 693 secta
3275 679 3290 704 ,
3331 649 3387 695 et
3432 657 3557 696 cum
3598 646 3654 698 in

2084 731 2218 800 ipsis
2254 729 2515 783 mutabile
2563 728 2698 782 nihil
2749 729 3004 782 relictum
3042 729 3135 793 sit,
3169 746 3332 801 egere
3383 747 3450 788 eo
3510 736 3659 804 quod

2084 825 2202 894 ipsa
2231 823 2448 893 copulet
2483 830 2536 879 et
2566 823 2909 892 constringat
2934 831 2988 878 et
3020 824 3177 894 quasi
3209 825 3430 897 colliget
3456 835 3509 883 et
3526 843 3660 882 con-

2083 914 2294 969 tineat:
2335 911 2482 982 quod
2536 913 2778 966 animum
2815 913 3071 968 dicimus.
3131 911 3311 979 Quare
3371 916 3416 969 si
3473 919 3657 972 anima

2085 1019 2284 1074 corpus
2316 1011 2400 1059 est
2441 1005 2852 1074 qualecunque,
2895 1005 3021 1059 licet
3055 1005 3462 1071 tenuissinmm,
3498 1009 3660 1077 quale

2085 1098 2302 1151 tandem
2345 1095 2483 1150 foret
2513 1095 2659 1166 quod
2689 1105 2966 1152 coerceret
2991 1098 3175 1153 illam?
3207 1113 3332 1153 nam
3373 1100 3658 1168 probatum

2084 1195 2168 1241 est
2195 1201 2358 1241 omne
2392 1202 2594 1257 corpus
2623 1203 2784 1256 egere
2812 1203 2878 1242 eo
2908 1188 3057 1257 quod
3095 1190 3313 1257 copulet
3343 1208 3355 1243 :
3392 1191 3574 1260 itaque
3605 1193 3657 1245 in

2085 1279 2357 1333 inﬁnitum
2390 1294 2714 1350 progressus
2743 1288 2910 1343 esset,
2939 1279 3112 1333 donec
3143 1295 3560 1339 occurret-emus
3590 1284 3659 1338 iis

2085 1386 2207 1439 qua:
2247 1369 2570 1440 incorporea
2613 1379 2762 1424 sunt.
2799 1371 2956 1438 Quod
2987 1373 3031 1426 si
3060 1372 3268 1436 dicant,
3306 1376 3660 1443 quemadmo-

2084 1461 2213 1515 dum
2265 1461 2455 1526 Stoici,
2519 1461 2812 1516 motionem
2851 1463 3143 1531 quamdam
3201 1463 3471 1518 intensam
3513 1467 3659 1519 circa

2084 1568 2316 1624 corpora
2345 1569 2490 1619 esse,
2523 1553 2686 1607 simul
2717 1555 2865 1608 intus
2899 1569 3243 1609 moverentur
3268 1564 3321 1609 et
3348 1556 3412 1608 ad
3447 1571 3509 1609 ea
3539 1571 3660 1626 qum

2084 1646 2222 1702 foris
2249 1655 2378 1700 sunt
2410 1664 2426 1711 ;
2462 1655 2627 1715 atque
2659 1645 2798 1699 hanc
2829 1646 3048 1716 quidem
3083 1648 3396 1716 perliciendi
3430 1648 3537 1701 vim
3571 1649 3661 1702 ha-

2085 1738 2213 1792 bere
2257 1737 2663 1806 magnitudines
2699 1746 2752 1791 et
2786 1739 3078 1806 qualitates
3144 1739 3198 1792 in
3241 1739 3308 1794 iis
3359 1756 3480 1809 qua:
3513 1741 3660 1796 foras

2084 1841 2317 1900 pergunt
2347 1848 2360 1896 ;
2394 1831 2446 1883 in
2479 1830 2547 1886 iis
2577 1845 2709 1883 vero
2745 1846 2867 1898 qua:
2900 1830 3044 1898 quod
3088 1830 3235 1884 intus
3267 1841 3352 1885 est
3389 1842 3660 1901 spectant,

2088 1924 2343 1977 unionem
2398 1929 2452 1976 et
2511 1924 2850 1977 essentiam:
2920 1938 3087 1991 quare
3149 1923 3227 1975 sic
3287 1923 3661 1992 interrogandi

2087 2023 2307 2070 essent:
2340 2014 2478 2079 Quia
2510 2015 2690 2073 on'mis
2732 2023 2913 2070 motus
2944 2025 3026 2070 est
3063 2010 3347 2084 ah'aliqna
3380 2015 3661 2079 facultate,

2086 2119 2334 2175 quamam
2364 2103 2597 2158 facultas
2628 2103 2745 2172 ipsa
2772 2111 2876 2170 est,
2905 2114 2959 2157 et
2991 2121 3100 2172 quo
3131 2115 3288 2172 pacto
3322 2104 3443 2171 ejus
3481 2120 3663 2159 essen-

2087 2195 2160 2249 tia
2194 2196 2490 2249 constituta
2543 2195 2668 2249 est?
2699 2194 2755 2248 Si
2811 2196 3029 2264 quidem
3065 2196 3226 2248 etiam
3279 2195 3514 2263 potentia
3550 2196 3664 2250 haec

2087 2291 2314 2340 materia
2347 2283 2594 2356 quaedam
2632 2295 2736 2350 est,
2770 2286 2964 2340 iisdem
3015 2302 3209 2340 rursus
3252 2295 3468 2339 utemur
3497 2289 3666 2341 ratio-

2087 2379 2269 2434 nibus.
2299 2378 2355 2432 Si
2389 2394 2517 2432 vero
2549 2393 2657 2432 non
2688 2377 2939 2440 materia,
2969 2378 3064 2432 sed
3087 2379 3324 2431 materia:
3357 2378 3662 2441 adhaerens,

2087 2467 2233 2522 aliud
2264 2477 2347 2522 est
2375 2470 2618 2522 materiae
2650 2468 2928 2536 particeps
2961 2474 3155 2536 praeter
3185 2467 3466 2519 materiam
3497 2485 3510 2532 ;
3541 2482 3665 2519 nam

2086 2558 2232 2628 quod
2263 2566 2348 2612 est
2379 2573 2604 2626 compos
2643 2557 2906 2620 materiae,
2941 2556 3223 2609 maleriale
3257 2557 3457 2609 dicitur
3489 2575 3502 2610 :
3535 2556 3667 2624 quid

2085 2667 2215 2720 ergo
2245 2661 2327 2706 est
2370 2652 2612 2704 materia-3
2651 2648 2952 2718 particeps,
3002 2659 3184 2701 utrum
3220 2649 3446 2702 materia
3503 2650 3665 2702 etiam

2087 2745 2290 2812 ipsum,
2341 2759 2406 2795 an
2471 2741 2715 2795 materia:
2773 2756 2972 2809 expers
3033 2741 3164 2794 est?
3217 2739 3584 2804 Quamobrem
3620 2741 3667 2794 si

2086 2838 2314 2890 materia
2361 2843 2468 2898 est,
2497 2833 2589 2904 qui
2633 2833 2918 2886 materiale
2975 2841 3078 2897 est,
3117 2840 3170 2885 et
3226 2848 3334 2885 non
3396 2832 3671 2886 materia?

2086 2929 2240 2995 Quod
2272 2929 2316 2982 si
2342 2944 2448 2981 non
2481 2927 2707 2980 materia
2739 2934 2845 2988 est,
2879 2941 3073 2994 expers
3102 2926 3268 2993 igitur
3291 2927 3531 2978 materia:
3556 2936 3666 2991 est;

2086 3021 2170 3076 sin
2203 3029 2380 3073 autem
2410 3019 2634 3072 materia
2666 3026 2837 3083 caret,
2879 3033 3079 3084 corpus
3111 3033 3216 3069 non
3249 3023 3370 3082 est;
3405 3031 3526 3069 nam
3549 3031 3672 3070 cer-

2086 3129 2188 3182 pus
2219 3112 2442 3164 materia
2477 3118 2712 3165 constat.
2743 3108 2897 3174 Quod
2923 3108 3220 3161 sidixerint
3245 3122 3474 3176 corpora
3491 3108 3670 3161 tribus

2085 3203 2360 3256 distantiis
2389 3198 2870 3273 [dimensionibus]
2900 3199 3122 3269 prazdita
3148 3215 3290 3258 esse,
3309 3209 3360 3253 et
3378 3200 3556 3251 anima
3577 3215 3674 3268 per

400 3295 659 3365 πρόσεστι
695 3293 756 3346 τὸ
789 3293 1128 3358 ἀδιάστατον,
1155 3267 1296 3346 κατά
1325 3267 1678 3362 συμϐεϐηκὸς
1722 3291 1777 3344 δὲ
1920 3293 1976 3344 ἐν

2089 3305 2255 3349 totum
2286 3310 2485 3362 corpus
2513 3293 2939 3362 pertinens.tres
2968 3292 3129 3344 etiam
3151 3291 3442 3344 distantias
3469 3267 3628 3342 habet
3653 3311 3664 3344 :

400 3381 446 3455 ᾧ
470 3388 606 3450 ἐστι,
638 3386 800 3458 τριχῆ
838 3385 1121 3440 διαστατδν
1148 3385 1282 3447 δντι,
1318 3385 1698 3454 συνθεωρεῖται
1725 3386 1816 3436 καὶ
1839 3383 1976 3454 αὑτὴ

398 3478 559 3548 τριχῆ
593 3476 873 3546 διαστατή.
905 3477 1025 3528 Ἔτι
1071 3477 1180 3528 πᾶν
1229 3475 1262 3544 ἢ
1323 3474 1520 3540 ἔξωθεν
1560 3477 1787 3528 κινεῖται
1825 3473 1860 3544 ἢ
1895 3474 1979 3526 έν-

399 3567 550 3621 δοθεν
569 3585 582 3598 ο
616 3568 729 3621 ἀλλ’
756 3570 804 3621 εὶ
837 3568 934 3638 μὲν
961 3566 1181 3634 ἔξωθεν,
1222 3566 1532 3634 ἀναγκαίως
1560 3567 1764 3637 ἄψυχον
1803 3566 1975 3620 ἔσται.

400 3663 464 3716 El
487 3661 544 3714 δὲ
577 3659 805 3726 ἔνδοθεν,
842 3659 1103 3730 ἔμψυχον.
1145 3661 1209 3712 Εἰ
1244 3659 1299 3712 δὲ
1327 3658 1486 3729 σῶμα
1515 3661 1546 3727 ἡ
1585 3660 1729 3730 ψυχή
1760 3676 1771 3688 ο
1805 3659 1852 3710 εἰ
1881 3657 1979 3726 μὲν

401 3753 599 3819 ἔξωθεν
630 3756 880 3817 κινεῖται,
903 3753 1107 3823 ἄψυχός
1146 3754 1293 3805 ἐστιν
1317 3770 1328 3782 ·
1364 3755 1411 3805 εἰ
1443 3751 1675 3815 ἔνδοθεν,
1717 3751 1979 3822 ἔμψυχος·

400 3846 599 3900 ἄτοπον
629 3845 684 3898 δὲ
717 3846 812 3898 καὶ
861 3845 922 3898 τὸ
975 3843 1238 3916 ἔμψυχον,
1292 3843 1387 3896 καὶ
1438 3843 1501 3896 τὸ
1549 3842 1752 3912 ἄψυχον
1801 3842 1984 3910 λέγειν

401 3936 500 4008 τὴν
525 3936 725 4008 ψυχήν.
750 3937 865 3989 Οὐκ
899 3935 1008 4006 ἄρα
1052 3935 1210 4005 σῶμα
1244 3937 1276 4006 ή
1313 3934 1482 4004 ψυχή.
1519 3935 1640 3987 Ἔτι
1662 3936 1695 4003 ἠ
1733 3932 1901 4003 ψυχὴ,
1934 3934 1982 3986 εἰ

407 4029 506 4102 μὲν
533 4030 812 4101 τρέφεται,
855 4029 960 4082 ὑπὸ
988 4027 1280 4098 ἀσωμάτου
1312 4028 1589 4097 τρέφεται.
1617 4025 1697 4079 Τά
1727 4025 1838 4096 γὰρ
1880 4043 1984 4095 μα-

403 4122 623 4194 θήματα
657 4122 846 4194 τρέφει
875 4121 1042 4191 αὐτήν
1063 4139 1077 4153 ο
1108 4120 1260 4173 οὐδὲν
1283 4119 1339 4172 δὲ
1367 4119 1526 4190 σῶμα
1555 4118 1660 4171 ὑπὸ
1690 4117 1982 4189 ἀσωμάτου

400 4215 692 4287 τρέφεται·
721 4215 821 4267 οὐκ
848 4214 954 4284 ἄρα
979 4213 1138 4283 σῶμα
1172 4213 1205 4282 ή
1237 4211 1403 4281 ψυχή.

2087 3404 2148 3440 ac
2165 3397 2448 3456 propterea
2469 3387 2656 3455 utique
2674 3385 2821 3438 illam
2847 3400 3047 3452 corpus
3065 3384 3345 3448 dicemus;
3368 3383 3495 3451 quia
3509 3399 3672 3438 onme

2087 3495 2290 3549 corpus
2339 3478 2518 3531 tribus
2568 3477 2849 3531 distantiis
2889 3477 3268 3538 constituitur,
3328 3491 3512 3528 verum
3563 3492 3672 3530 non

2088 3587 2250 3625 omne
2284 3570 2428 3639 quod
2464 3579 2576 3622 tres
2606 3567 2900 3621 distantias
2937 3567 3127 3628 habet,
3169 3581 3372 3635 corpus
3403 3574 3487 3621 cst
3515 3609 3530 3632 ,
3592 3573 3674 3620 et-

2089 3665 2235 3717 enim
2272 3663 2424 3716 locus
2481 3670 2534 3715 et
2569 3660 2829 3728 qualitas,
2869 3660 3192 3727 incorporea
3225 3675 3348 3712 cmn
3410 3660 3523 3713 sint
3578 3675 3674 3729 per

2090 3772 2169 3815 se,
2203 3770 2299 3822 per
2327 3753 2583 3806 accidens
2619 3753 2672 3805 in
2728 3753 2872 3805 mole
2927 3759 2980 3803 et
3013 3752 3322 3818 quantitate
3353 3751 3622 3804 habentur
3655 3771 3670 3807 :

2091 3850 2170 3902 sic
2201 3847 2367 3917 igitur
2395 3854 2450 3900 et
2484 3846 2682 3898 anima:
2715 3859 2810 3912 per
2843 3859 2902 3898 se
2926 3845 3146 3912 quidem
3175 3846 3338 3904 inest.
3368 3852 3426 3896 ut
3460 3843 3672 3898 distan-

2090 3940 2164 3992 tia
2199 3947 2404 4001 careat,
2457 3953 2553 4006 per
2590 3935 2848 3989 accidens
2910 3950 3041 3987 vero
3071 3935 3233 3987 simul
3291 3934 3675 3988 consideratur

2090 4032 2357 4085 trifariam
2385 4030 2600 4084 distans
2629 4045 2752 4082 cum
2779 4044 2846 4082 eo
2871 4028 2925 4081 in
2960 4043 3068 4095 quo
3093 4035 3196 4089 est,
3233 4027 3379 4096 quod
3407 4027 3672 4094 triplicem

2091 4123 2405 4178 distantiam
2439 4121 2640 4176 habet:
2677 4119 2742 4172 ad
2777 4120 2891 4173 haec
2918 4119 3100 4172 omnis
3133 4134 3219 4171 res
3250 4126 3341 4169 aut
3396 4118 3670 4170 extrinse-

2089 4230 2188 4268 cus
2219 4221 2466 4267 movetur
2492 4223 2586 4266 aut
2616 4211 2844 4265 interius
2894 4228 2906 4264 :
2965 4219 3019 4264 et
3051 4210 3095 4262 si
3129 4210 3348 4278 quidem
3391 4209 3522 4262 foris
3557 4209 3674 4278 agi-

403 4317 570 4373 tatur,
627 4308 941 4365 necessario
975 4308 1277 4361 inanimum
1337 4309 1459 4362 erit.
1519 4307 1674 4373 Quod
1727 4309 1772 4363 si
1834 4311 1985 4366 intus
2024 4319 2296 4374 movetur,
2324 4309 2622 4362 animatum
2649 4307 2776 4360 erit.
2813 4303 2869 4358 Si
2896 4320 3024 4357 vero
3055 4320 3254 4372 corpus
3326 4305 3398 4358 sit
3468 4302 3670 4360 anima.

403 4400 696 4475 siquidem
729 4400 1071 4457 extrinsecus
1109 4401 1370 4470 agitatur,
1398 4414 1596 4468 expers
1625 4409 1709 4454 est
1779 4402 2012 4458 anitnae:
2054 4403 2200 4471 quod
2243 4404 2286 4455 si
2336 4403 2506 4461 intus,
2569 4399 2850 4452 animata:
2920 4395 3216 4450 absurdum
3295 4411 3424 4449 vero
3479 4404 3562 4447 est
3619 4399 3674 4445 et

404 4491 728 4554 animatum,
772 4497 827 4544 et
889 4488 1129 4543 inanime
1189 4489 1372 4543 dicere
1423 4489 1700 4543 animam:
1739 4506 1864 4544 -non
1895 4500 1979 4545 est
2018 4493 2181 4562 igitur
2213 4493 2391 4546 anima
2442 4505 2666 4558 corpus.

2748 4487 2878 4541 Item
2949 4488 3154 4550 anima,
3212 4488 3255 4539 si
3319 4485 3536 4555 quidem
3571 4501 3666 4538 nn-

406 4590 593 4652 tritur,
643 4588 712 4642 ab
765 4587 1087 4656 incorporeo
1142 4588 1347 4654 alitur;
1401 4586 1602 4641 etenim
1667 4586 1973 4658 disciplinae
2006 4587 2486 4659 ipsamnutriunt:
2519 4587 2669 4655 atqui
2706 4584 2916 4638 nullum
2942 4598 3144 4651 corpus
3209 4584 3278 4636 ab
3348 4583 3672 4650 incorporeo

407 4683 649 4736 nutritur
677 4699 690 4734 :
722 4695 830 4734 non
859 4687 943 4733 est
977 4677 1142 4748 igitur
1181 4678 1363 4731 anima
1395 4693 1620 4746 corpus.

477 4777 819 4848 Ξενοκράτης
857 4775 999 4828 οὕτω
1041 4774 1270 4842 συνῆγεν
1296 4791 1310 4804 ·
1344 4775 1393 4826 εἰ
1423 4772 1480 4825 δὲ
1509 4773 1583 4845 μὴ
1608 4773 1889 4844 τρέφεται,
1923 4773 1982 4826 οὐ

2160 4766 2496 4822 Xenocrates
2525 4763 2604 4817 sic
2625 4760 2950 4830 colligebat;
2982 4767 3036 4811 at
3063 4758 3105 4813 si
3139 4773 3243 4811 non
3272 4759 3439 4812 alitur
3468 4761 3671 4826 anima,

410 4873 568 4944 σῶμα
591 4872 625 4940 ἡ
652 4869 795 4940 ψυχή
812 4885 827 4900 ·
847 4869 940 4922 καὶ
965 4867 1135 4920 ταῦτα
1162 4866 1258 4934 μὲν
1295 4867 1447 4935 κοινῇ
1474 4865 1609 4936 πρὸς
1632 4865 1838 4928 πάντας
1859 4865 1987 4928 τοὺς

407 4964 664 5033 λέγοντας
702 4960 861 5030 σῶμα
896 4954 1029 5010 εἶναι
1076 4956 1175 5026 τὴν
1207 4956 1419 5026 ψυχήνο
1455 4957 1561 5027 ἰδὶᾳ
1601 4955 1657 5009 δὲ
1697 4956 1832 5027 πρὸς
1863 4956 1989 5018 τοὺς

406 5055 725 5120 δοξάζοντας
747 5046 886 5120 αἷμα
917 5051 950 5121 ἢ
998 5047 1213 5116 πνεῦμα
1249 5043 1386 5100 εἶναι
1427 5046 1524 5117 τὴν
1557 5045 1734 5116 ψυχήν
1755 5062 1770 5076 ο
1803 5045 1989 5114 ἐπειδὴ

406 5149 502 5202 τοῦ
521 5145 828 5215 πνεύματος
851 5143 884 5214 ἢ
910 5141 1003 5196 τοῦ
1035 5143 1266 5211 αἳματος
1290 5138 1684 5210 χωριζομένου,
1707 5137 1990 5207 ειεκροῦται

407 5239 468 5292 τὸ
495 5237 651 5302 ζῶον.
680 5237 793 5288 Οὐκ
825 5236 1000 5286 ἐκεῖνο
1031 5230 1240 5303 ῥητέον,
1268 5231 1406 5299 ὅπερ
1429 5228 1573 5292 τινὲς
1597 5227 1706 5280 τῶν
1731 5226 1992 5297 οἰομένων

407 5326 545 5385 εἷναί
573 5347 625 5382 τι
663 5328 854 5398 μέρος,
889 5325 1274 5396 γεγραφήκασι
1309 5322 1581 5390 λέγοντες,
1623 5318 1831 5374 Οὐκοῦν
1863 5319 1991 5370 ὅταν

408 5423 662 5493 ἀπορρυῇ
712 5419 805 5472 τοῦ
848 5419 1098 5488 αἵματος,
1153 5416 1315 5486 μέρος
1369 5411 1620 5483 ἀπερρύη
1665 5411 1765 5480 τῆς
1791 5409 1989 5480 ψυχῆς.

410 5513 750 5582 Κουφολογία
781 5511 888 5581 γάρ
929 5510 991 5563 τὸ
1033 5508 1272 5562 τοιοῦτον
1295 5522 1308 5535 ·
1353 5506 1446 5559 ἐπὶ
1469 5503 1578 5574 γὰρ
1609 5504 1716 5556 τῶν
1745 5505 1994 5572 ὁμοιομε-

413 5607 544 5669 ρῶν,
587 5607 680 5658 καὶ
733 5604 794 5657 τὸ
847 5601 1274 5672 ὑπολειπόμενον
1314 5599 1496 5670 μέρος,
1537 5596 1730 5650 ταύτόν
1770 5597 1887 5648 ἐστι
1914 5594 1991 5661 τῷ

418 5695 596 5749 παντί.
621 5693 806 5764 ’Ύδωρ
833 5691 962 5760 γοῦν
1016 5691 1114 5744 καὶ
1169 5689 1231 5742 τὸ
1260 5688 1393 5742 πολῦ
1424 5687 1520 5742 καὶ
1547 5686 1607 5738 τὸ
1633 5683 1990 5755 βραχύτατον,

418 5789 612 5859 δμοίως
629 5787 720 5838 καὶ
745 5787 982 5856 ἄργυρος
1000 5785 1092 5838 καὶ⁹
1115 5783 1333 5854 χρυσὸς,
1357 5787 1452 5835 καὶ
1473 5779 1654 5833 πάντα
1670 5772 1742 5831 ὧν
1759 5778 1825 5830 τὰ
1853 5777 1990 5846 μέρη

422 5883 475 5938 ab
502 5879 802 5936 διαλλάττει
827 5877 1068 5951 ἀλλήλων
1094 5876 1212 5932 κατ’
1229 5875 1438 5929 οὐσίαν.
1475 5871 1660 5934 Οὕτως
1691 5866 1782 5924 οὖν
1805 5869 1892 5923 καὶ
1935 5869 1996 5922 τὸ

2093 4874 2292 4928 corpus
2321 4872 2430 4910 non
2471 4865 2596 4916 est;
2667 4861 2832 4921 atque
2871 4851 2985 4904 lucc
3025 4849 3244 4920 quidem
3305 4852 3673 4906 communiter

2094 4953 2361 5006 adversus
2382 4963 2478 5002 eos
2506 4946 2598 5016 qui
2635 4945 2827 4999 dicunt
2869 4959 3072 5013 corpus
3102 4958 3225 4996 esse
3260 4943 3496 4996 animam
3529 4959 3544 5010 ;
3581 4960 3676 5009 με..

2095 5042 2379 5097 culiariter
2433 5047 2612 5091 autem
2649 5036 2914 5089 adversus
2947 5050 3041 5088 eos
3076 5033 3170 5100 qui
3228 5034 3523 5101 epinantur
3556 5035 3677 5087 ani-

2096 5151 2240 5190 mam
2273 5133 2616 5200 sanguinem,
2654 5141 2745 5182 aut
2768 5128 3019 5198 spiritum
3048 5143 3200 5192 esse;
3231 5127 3674 5196 quandoquidem

2099 5223 2315 5292 spiritu,
2349 5229 2442 5274 aut
2482 5221 2750 5286 sanguine
2786 5228 3060 5286 separato,
3094 5218 3298 5269 animal
3341 5227 3519 5270 morte
3553 5233 3676 5270 con-

2101 5316 2300 5369 licitur.
2343 5313 2463 5367 Non
2496 5311 2628 5365 illud
2658 5309 2950 5363 dicendum
2986 5316 3092 5368 est,
3128 5307 3274 5376 quod
3319 5307 3540 5376 quidam
3578 5323 3676 5362 co-

2099 5389 2242 5468 rum,
2285 5405 2376 5475 qui
2412 5403 2706 5473 opinantur
2741 5407 2946 5470 partem
2984 5400 3222 5468 aliquam
3258 5415 3404 5463 esse,
3437 5401 3676 5468 scripse-

2098 5506 2228 5552 runt
2256 5497 2484 5558 aientes,
2513 5492 2740 5558 Quoties
2770 5491 2938 5546 elliuit
2994 5490 3197 5559 aliquid
3263 5506 3293 5544 e
3356 5490 3622 5559 sanguine
3648 5530 3663 5551 ,

2099 5593 2292 5645 animze
2323 5604 2449 5659 pars
2484 5587 2818 5645 eﬂ'unditur;
2849 5584 2994 5639 istud
3033 5587 3178 5639 enim
3213 5585 3345 5637 levis
3372 5583 3666 5652 inanisque

2100 5695 2283 5736 sermo
2314 5687 2434 5741 est;
2468 5677 2563 5731 sed
2593 5675 2736 5730 enim
2777 5675 2834 5728 in
2872 5674 2938 5728 iis
2973 5689 3093 5741 qua:
3139 5680 3392 5726 constant
3427 5671 3675 5740 partibus

2102 5771 2463 5832 similarihus,
2517 5769 2679 5821 etiam
2723 5783 2850 5836 pars
2897 5781 3020 5835 quae
3065 5764 3282 5818 residua
3341 5772 3426 5817 cst
3484 5764 3673 5816 eadem

2105 5874 2188 5921 est
2214 5879 2337 5918 curn
2369 5870 2504 5916 toto.
2559 5862 2709 5931 Aqua
2744 5869 2889 5913 certe
2926 5867 3007 5912 est
3043 5857 3212 5912 mulla
3250 5865 3298 5910 et
3361 5855 3675 5926 perexigua.
