4166 6372
486 400 582 455 191

1753 392 1811 450 S.
1845 395 2173 452 GREGOBH
2210 394 2505 452 NYSSENI

3633 397 3734 452 192

489 515 756 571 Similiter
784 522 965 570 autem
999 524 1284 584 argentum
1318 526 1372 569 et
1402 532 1616 578 aurum,
1652 532 1884 585 quorum
1929 531 2056 587 par-

2171 516 2584 587 5πολειπόμενον
2630 514 2788 586 αἷμα,
2817 517 2940 571 ὅσον
2966 516 3032 571 ἂν
3055 517 3162 588 εἴη,
3201 517 3346 588 ψυχή
3372 519 3537 579 ἐστιν,
3577 518 3735 588 εἰπερ

489 616 573 663 tes
605 624 716 662 non
744 607 1062 678 discrepant
1091 625 1118 661 a
1153 625 1210 664 se
1259 609 1488 663 invicem
1530 610 1686 679 juxta
1727 611 2054 664 essentiam:

489 697 571 751 sic
607 697 776 768 igitur
804 698 1031 767 sanguis
1075 700 1238 753 etiam
1270 700 1362 768 qui
1396 701 1743 767 relinquitur,
1797 711 2060 770 quantus-

489 802 712 858 cunque
761 788 962 856 fuerit,
1019 791 1201 844 anima
1253 800 1368 855 est,
1418 791 1684 858 siquidem
1741 792 1921 845 anima
1978 799 2060 846 est

490 881 716 952 sanguis
748 900 762 936 :
797 883 930 936 illud
965 896 1097 951 ergo
1127 883 1311 950 potius
1344 882 1633 936 dicemlum
1670 891 1788 945 est,
1833 883 1978 953 quod
2014 884 2060 937 si

492 973 595 1027 hoc
628 981 777 1028 esset
803 974 1007 1036 anima,
1046 989 1156 1043 quo
1197 973 1415 1027 sublato
1466 983 1771 1029 moreretur
1819 975 2057 1028 animal:

487 1080 717 1134 prorsus
755 1064 918 1118 etiam
953 1064 1146 1132 llegma
1174 1063 1441 1132 pituitave
1473 1064 1655 1119 anima
1686 1073 1790 1127 est,
1827 1074 1880 1118 et
1940 1066 2062 1120 bilis

489 1165 764 1224 utraque;
802 1169 926 1207 nam
966 1156 1346 1224 qualecunque
1374 1155 1567 1208 horum
1603 1155 1858 1220 defuerit,
1903 1155 2059 1209 ﬁnem

489 1257 544 1303 et.
570 1248 794 1302 exitium
825 1247 1031 1301 inducit
1064 1248 1323 1300 animali:
1359 1247 1611 1318 idemque
1660 1249 1835 1318 jecur,
1867 1257 1922 1302 et
1973 1243 2083 1302 ce-"

488 1342 732 1402 rehrum,
766 1347 819 1393 et
853 1354 969 1400 cor,
1010 1347 1064 1392 et
1121 1339 1461 1402 stomachus,
1505 1350 1560 1395 et
1609 1355 1788 1404 renes,
1825 1348 1879 1394 et
1924 1341 2064 1394 inte-

489 1435 654 1496 stina,
686 1440 739 1488 et
774 1433 877 1485 alia
909 1432 1205 1501 pleraque;
1238 1449 1361 1486 nam
1395 1449 1503 1503 quo
1535 1433 1765 1489 istorum
1809 1439 2062 1501 exempto

491 1543 598 1580 non
627 1533 931 1580 moreretur
961 1525 1205 1577 animal?
1248 1525 1550 1596 Caeteroqui
1582 1525 1749 1577 multa
1795 1531 1922 1579 sunt
1964 1539 2062 1577 ex-

487 1620 717 1691 sanguia
757 1617 1000 1688 quidem,
1031 1616 1125 1672 sed
1154 1616 1393 1670 animata
1430 1632 1444 1680 ;
1476 1625 1534 1670 ut
1565 1616 1746 1685 pisces
1781 1613 2063 1682 cartilagi-

489 1714 609 1768 nosi
641 1719 693 1764 et
730 1711 935 1778 absque
967 1707 1233 1777 squamis,
1275 1722 1339 1761 ac
1379 1706 1590 1771 molles,
1640 1705 1807 1760 veluti
1869 1704 2061 1773 sepim,

489 1816 544 1858 et
572 1803 863 1863 teuthides,
892 1801 1096 1868 lolligo,
1127 1799 1291 1868 myle,
1315 1805 1480 1866 atque
1512 1796 1762 1855 testacci.
1792 1803 1844 1849 et
1873 1810 2062 1848 omnes

2159 608 2302 680 ψυχὴ
2326 609 2384 661 τὸ
2407 605 2564 679 αἷμα.
2584 609 2788 662 Ἐκεῖνο
2807 607 2902 662 οὖν
2928 609 3126 679 μᾶλλον
3145 608 3381 669 λεκτέον,
3410 608 3491 661 ὅτι
3509 607 3558 660 εἰ
3577 605 3736 660 τοῦτό

2161 703 2274 753 ἐστι
2303 701 2470 772 ψυχὴ,
2494 696 2554 755 οὗ
2579 701 2960 772 ὲξαιρουμένου
2989 701 3207 772 θνήσκει
3234 699 3296 753 τὸ
3321 699 3486 764 ζῶονο
3519 700 3737 762 πάντως

2160 795 2253 847 καὶ
2284 794 2344 846 τὸ
2369 794 2586 864 φλέγμα
2622 793 2766 864 ψυχή
2815 796 2951 858 ἐστι,
2988 794 3082 847 καὶ
3112 793 3168 846 αί
3205 792 3361 864 χολαὶ
3389 792 3695 863 ἀμφότεραι
3722 809 3733 819 ·

2160 887 2341 938 ὁποῖον
2369 885 2478 955 γάρ
2507 884 2709 938 τούτων
2757 885 2823 941 ἂν
2865 885 3048 957 λείπῃ,
3081 885 3232 947 τέλος
3259 884 3451 950 ἐπάγει
3471 881 3548 951 τῷ
3578 882 3699 951 ζώῳ
3721 899 3736 913 ο

2161 977 2237 1028 ἔτι
2265 976 2321 1028 δὲ
2354 976 2521 1029 καὶτὸ
2548 973 2702 1048 ἧπαρ
2727 977 2820 1030 καὶ
2841 978 2869 1030 6
2893 975 3325 1044 ὲγκέφαλος,καὶ
3345 979 3378 1044 ἡ
3411 973 3622 1044 καρδία,
3647 973 3740 1025 καὶ

2159 1070 2186 1120 6
2216 1069 2504 1138 στόμαχος,
2530 1069 2625 1120 καὶ⁵
2678 1069 2727 1121 οἱ
2765 1069 2972 1138 νεφροὶ,
3002 1068 3096 1120 καὶ
3129 1069 3199 1121 τὰ
3232 1068 3446 1136 ἔντερα,
3478 1065 3574 1118 καὶ
3607 1063 3741 1116 ἄλλα

2163 1159 2351 1212 πολλά·
2386 1160 2541 1223 Τίνος
2567 1159 2675 1230 γὰρ
2691 1159 2893 1213 τούτων
2916 1160 3305 1231 ἐξαιρεθέντος,
3333 1160 3395 1212 ού
3428 1157 3739 1227 τεθνήξεται

2161 1250 2222 1302 τὸ
2239 1250 2374 1314 ζῶον
2394 1268 2408 1312 ;
2435 1251 2643 1313 ’Ἄλλως
2661 1267 2720 1302 τε
2740 1251 2909 1304 πολλά
2929 1252 3096 1314 ἐστιν,
3120 1252 3324 1320 ἄναιμα
3345 1254 3361 1272 ⁶
3381 1251 3498 1320 μὲν,
3525 1249 3741 1318 ἔμψυχα

2162 1340 2237 1403 δὲ,
2297 1340 2372 1403 ὡς
2414 1342 2484 1394 τὰ
2523 1341 2795 1412 σμύραινα
2833 1345 2927 1395 καὶ
2963 1342 3225 1413 μαλάκια,
3277 1337 3386 1394 οἷον
3425 1341 3622 1410 σηπίας
3651 1341 3743 1393 καὶ

2161 1430 2420 1494 τευθίδες,
2463 1435 2558 1486 καὶ
2608 1433 2822 1501 σμύλοι,
2855 1437 2950 1488 καὶ
2998 1436 3174 1488 πάντα
3209 1434 3278 1488 τὰ
3314 1434 3741 1505 ὀστρακόδερμα,

2165 1525 2259 1576 καὶ
2289 1525 2698 1595 ἀπαλόστρακα,
2729 1525 2803 1588 ὡς
2819 1527 2866 1578 οἱ
2901 1525 3154 1596 κάραϐοι,
3189 1527 3282 1580 καὶ
3312 1527 3361 1578 οἱ
3381 1529 3626 1595 καρκῖνοι
3648 1525 3745 1577 καὶ

2164 1615 2407 1667 ἀστακοί.
2445 1616 2508 1668 Ei
2539 1617 2716 1669 τοίνυν
2747 1618 2893 1669 ἐστὶν
2925 1617 3143 1687 ἔμψυχα
3174 1617 3291 1688 μὲν,
3316 1616 3530 1686 ἄναιμα
3554 1616 3630 1680 δὲ,
3653 1616 3746 1686 δῆ-

2165 1707 2254 1758 λον
2276 1707 2350 1770 ὡς
2377 1709 2475 1760 οὐκ
2497 1708 2641 1761 ἔστιν
2663 1703 2801 1778 αἷμα
2834 1712 2867 1780 ἡ
2895 1710 3063 1779 ψυχή.
3093 1710 3236 1780 Πρὸς
3263 1710 3320 1762 δὲ
3341 1711 3465 1772 τοὺς
3491 1709 3745 1776 λέγοντας

2166 1797 2308 1868 ὕδωρ
2355 1794 2492 1851 εἶναι
2539 1801 2638 1868 τὴν
2673 1798 2870 1869 ψυχὴν,
2926 1799 3008 1853 ὅτι
3053 1799 3113 1852 τὸ
3147 1798 3289 1869 ὕδωρ
3321 1799 3568 1868 φαίνεται
3612 1798 3745 1862 ζωοί-

489 1905 630 1952 testa
665 1909 763 1964 pro
791 1902 914 1948 cute
943 1890 1150 1962 praediti
1183 1898 1239 1945 et
1270 1890 1418 1943 molli
1447 1896 1584 1944 testa
1619 1889 1836 1951 muniti,
1874 1889 2058 1943 carahi

2171 1890 2349 1958 γονοῦν
2391 1891 2586 1954 πάντα,
2619 1892 2713 1944 καὶ
2748 1891 2917 1962 χωρὶς
2947 1889 3139 1954 ὓδατος
3174 1890 3434 1960 βιοτεύειν
3464 1890 3742 1950 ἀδύνατον,

490 1997 546 2044 et
571 1987 754 2042 cancri
783 1993 836 2041 et
860 1983 1054 2040 astaci.
1087 1983 1144 2037 Si
1187 1983 1354 2053 igitur
1386 1989 1514 2036 sunt
1573 1981 1807 2034 animata
1845 1981 2064 2050 quidem

492 2079 590 2136 sed
652 2078 968 2146 exsanguia,
1002 2075 1346 2145 perspicuum
1376 2081 1460 2128 est
1511 2073 1746 2126 animam
1779 2088 1885 2125 non
1943 2087 2064 2127 esse

492 2172 852 2240 sanguinem;
882 2169 1080 2222 etenim
1122 2167 1383 2220 adversus
1446 2180 1540 2220 eos
1571 2165 1662 2232 qui
1719 2165 1910 2219 dicunt
1948 2165 2067 2218 ani-

493 2279 636 2318 mam
667 2277 789 2316 esse
819 2275 1037 2328 aquam,
1076 2274 1140 2313 eo
1174 2258 1318 2327 quod
1352 2273 1491 2323 aqua
1521 2257 1770 2311 videatur
1789 2257 2065 2311 viviﬁcare

493 2352 701 2412 omnia,
740 2358 793 2404 et
825 2350 1034 2416 absque
1064 2362 1203 2416 aqua
1250 2349 1431 2401 vivere
1464 2346 1547 2400 fas
1603 2363 1710 2400 non
1753 2349 1859 2400 sit:
1896 2347 2064 2401 inter-

492 2446 623 2499 dum
665 2443 834 2496 multa
859 2455 1077 2510 quoque
1107 2439 1486 2493 intercitlentia
1511 2457 1525 2505 ;
1549 2455 1724 2508 neque
1753 2440 1895 2492 enim
1937 2439 2063 2492 abs-

491 2552 600 2606 que
650 2535 911 2588 alimeuto
971 2533 1096 2600 quis
1147 2531 1314 2584 vitam
1367 2531 1563 2600 degere
1619 2540 1835 2599 potest:
1900 2532 2065 2602 igitur

492 2627 753 2687 animam,
790 2632 845 2678 et
876 2623 1132 2676 alimenta
1167 2621 1348 2674 omnia
1373 2621 1647 2690 sigillatim
1684 2622 1911 2675 dicenda
1968 2637 2065 2690 per

493 2734 588 2774 se:
625 2716 824 2771 deinde
856 2715 1023 2768 multa
1056 2714 1310 2766 animalia
1352 2720 1480 2767 sunt
1540 2729 1660 2782 qua:
1695 2729 1802 2766 non
1848 2714 2062 2779 bibunt,

492 2819 554 2863 ut
585 2809 652 2863 de
683 2805 1010 2878 quibusdam
1053 2804 1254 2873 aquilis
1278 2811 1555 2868 narratur,
1577 2812 1629 2878 et
1661 2805 1846 2872 perdix
1883 2805 2067 2859 vivere

492 2909 670 2973 potest
700 2901 908 2969 absque
950 2907 1098 2966 potu.
1150 2895 1254 2950 Sed
1314 2911 1412 2948 cur
1463 2897 1642 2964 potius
1683 2909 1822 2964 aqua
1858 2903 1911 2948 et
1957 2912 2066 2950 non

491 2993 779 3048 aer?nam
816 2989 883 3044 ad
916 2989 1146 3043 multum
1180 2995 1392 3056 tempus
1435 2987 1548 3040 lieri
1584 2993 1760 3055 potest
1786 2994 1845 3039 tIt
1892 2987 2066 3041 absti-

492 3092 687 3141 neatur
713 3097 874 3152 aqua,
914 3081 1009 3137 sed
1044 3095 1151 3133 non
1208 3079 1421 3148 spirare
1472 3094 1624 3140 aera,
1684 3095 1752 3132 ne
1792 3079 2064 3132 tantillum

493 3176 712 3246 quidem
744 3173 1006 3243 temporis
1033 3171 1296 3242 possibile
1329 3179 1412 3224 est
1447 3189 1460 3224 :
1497 3187 1684 3224 verum
1718 3185 1787 3223 ne
1821 3186 1915 3224 aer
1942 3171 2066 3239 qui-

493 3269 616 3323 dem
664 3268 847 3321 anima
900 3272 1022 3327 est;
1080 3265 1279 3318 etenim
1315 3265 1483 3317 multa
1520 3273 1648 3318 sunt
1685 3279 1805 3333 qua:
1856 3265 2068 3330 vivunt,

493 3375 596 3415 nec
625 3367 804 3412 tamen
835 3357 1047 3426 spirant
1070 3371 1275 3419 aerem,
1304 3364 1361 3408 ut
1384 3354 1591 3409 insecta
1615 3355 1816 3414 omnia,
1838 3363 1897 3408 ut
1919 3370 2066 3424 apes,

495 3452 629 3514 fuci,
659 3466 859 3521 vespm,
919 3450 1178 3511 formicaa,
1216 3459 1269 3503 et
1319 3449 1641 3519 exsanguia,
1678 3457 1734 3502 et
1786 3463 1815 3501 e
1842 3449 2070 3502 marinis

495 3545 687 3606 multa,
729 3543 912 3596 omnia
943 3543 1179 3608 denique
1205 3557 1326 3609 quae
1357 3541 1617 3606 pulmone
1654 3547 1865 3593 carent.
1923 3537 2069 3591 Nihil

494 3638 642 3692 enim
671 3635 816 3705 quod
852 3634 1164 3704 pulmonem
1203 3649 1308 3705 non
1349 3633 1510 3687 habet
1548 3633 1722 3701 Spirat
1759 3645 1938 3686 aerem
1971 3649 1986 3698 ;
2019 3639 2073 3686 et

497 3730 552 3785 id
590 3740 736 3784 retro
769 3726 1006 3781 vicissim
1043 3734 1333 3786 commeat,
1366 3725 1503 3778 nihil
1525 3738 1713 3778 eorum
1746 3738 1866 3792 quae
1899 3722 2074 3791 respi-

498 3831 625 3876 rant
662 3837 861 3882 aerem,
893 3821 1149 3889 pulmone
1183 3826 1354 3872 caret.
1406 3815 1860 3886 Quandoquidem
1908 3815 2072 3870 etiam

497 3913 780 3969 Cleanthis
823 3911 1019 3972 Stoici,
1071 3919 1124 3965 ct
1163 3910 1454 3981 Chrysippi
1493 3910 1744 3963 feruntur
1794 3923 2074 3963 sermones

498 4003 719 4073 quidam
761 4018 867 4056 non
909 4001 1315 4063 contemnendi,
1351 4000 1687 4070 exponenda:
1717 4009 1845 4054 sunt
1879 3999 2074 4052 horum

498 4096 663 4150 etiam
697 4094 1016 4156 solutiones,
1060 4103 1120 4144 ut
1154 4093 1435 4147 solverunt
1470 4107 1564 4146 eas
1613 4090 1860 4144 Platonis
1908 4091 2075 4146 disci-

500 4185 943 4255 puli.Cleanthes
975 4184 1136 4236 talem
1169 4182 1692 4250 argumentationem
1729 4181 1900 4235 nectit
1927 4179 2073 4234 :Non

503 4279 705 4340 solum,
740 4278 940 4345 inquit,
973 4276 1182 4329 similes
1213 4273 1532 4344 parentibus
1570 4272 1847 4326 nascimur
1885 4287 2078 4327 secun-

501 4372 633 4427 dum
668 4385 888 4438 corpus,
919 4383 1104 4421 verum
1157 4367 1321 4420 etiam
1368 4366 1524 4434 juxta
1564 4367 1827 4428 animam,
1866 4364 2079 4418 ratione

504 4459 820 4518 all‘ectuum,
851 4472 1086 4518 morum,
1120 4454 1468 4509 aﬁeetionum
1496 4471 1511 4522 ;
1545 4469 1748 4523 corpus
1795 4463 1974 4507 autem
2003 4454 2079 4507 si-

2167 1985 2296 2037 ποτὲ
2344 1985 2512 2038 πολλὰ
2579 1986 2649 2039 τὰ
2709 1986 3118 2040 ἀντιπίπτοντα.
3179 1985 3315 2039 Οὐδὲ
3375 1985 3484 2055 γάρ
3541 1984 3744 2054 τροφῆς

2165 2076 2332 2145 χωρὶς
2382 2072 2490 2128 οἷόν
2545 2092 2604 2129 τε
2665 2077 2802 2146 ζῇν·
2868 2075 3049 2147 ψυχὴν
3127 2076 3250 2144 ἄρα,
3310 2074 3403 2127 καὶ
3465 2072 3565 2135 τὰς
3623 2089 3746 2141 τρο-

2167 2168 2271 2236 φάς
2330 2168 2509 2231 πάσας
2587 2169 2710 2222 καθ’
2783 2169 3023 2238 ἑκάστην
3080 2169 3272 2239 ῥητέον
3331 2167 3452 2220 κατ’
3531 2165 3742 2229 αὐτάς⁹

2166 2259 2356 2312 ἔπειτα
2393 2259 2560 2312 πολλὰ
2604 2260 2713 2312 τῶν
2761 2259 2914 2324 ζώων
2953 2261 3068 2313 ἐστὶ
3121 2261 3198 2331 μὴ
3245 2260 3490 2324 πίνοντα,
3531 2259 3606 2322 ὡς
3655 2257 3744 2310 ἐπί

2164 2367 2323 2403 τινων
2359 2351 2531 2404 ἀετῶν
2569 2352 2881 2422 ἱστόρηται·
2926 2353 3018 2404 καὶ
3063 2351 3252 2420 πέρδιξ
3291 2351 3347 2404 δὲ
3391 2351 3613 2404 δύναται
3647 2350 3746 2420 ζῇν

2164 2443 2332 2512 χωρὶς
2363 2443 2454 2496 τοῦ
2491 2443 2686 2497 πίνειν.
2729 2445 2828 2497 Διὰ
2859 2444 2913 2496 τί
2947 2444 3004 2496 δὲ
3038 2443 3234 2513 μᾶλλον
3264 2444 3323 2496 τὸ
3351 2442 3496 2514 ὕδωρ
3529 2443 3620 2496 καὶ
3647 2443 3747 2513 οὐχ

2165 2535 2193 2586 6
2222 2535 2356 2602 ὰήρ;
2392 2534 2620 2597 Ὕδατος
2659 2534 2754 2604 μὲν
2793 2533 2902 2605 γάρ
2943 2535 3035 2587 καὶ
3085 2535 3177 2587 ἐπὶ
3210 2532 3344 2586 πολὺ
3385 2532 3608 2586 δυνατὸν
3639 2534 3748 2586 άπ-

2167 2624 2406 2694 ἑχεσθαι·
2449 2625 2542 2677 τοῦ
2572 2625 2626 2678 δὲ
2658 2627 2915 2680 ἀναπνεῖν
2939 2624 3028 2678 τὸν
3055 2624 3214 2696 ἀέρα,
3246 2625 3364 2677 οὐδὲ
3392 2624 3453 2676 τὸ
3480 2621 3748 2693 βραχύτα-

2166 2733 2290 2769 τον·
2327 2716 2440 2769 άλλ’
2490 2717 2610 2769 οὐδὲ
2647 2719 2674 2770 6
2709 2719 2817 2788 ἀὴρ
2855 2717 3021 2787 ψυχή.
3058 2716 3232 2769 Πολλά
3276 2715 3384 2785 γάρ
3414 2717 3528 2768 ἐστι
3572 2714 3746 2778 ζῶντα

2170 2807 2288 2876 μὲν,
2339 2809 2413 2880 μὴ
2471 2809 2807 2861 άναπνέοντα
2850 2808 2908 2860 δὲ
2949 2808 3040 2860 τὸν
3085 2807 3256 2877 ἀέρα,
3307 2807 3383 2870 ὡς
3425 2807 3491 2860 τά
3549 2806 3748 2876 ἔντομα

2167 2900 2366 2962 πάντα,
2419 2893 2530 2951 οἷον
2571 2899 2837 2970 μέλιτται,
2886 2900 2978 2952 καὶ
3012 2899 3239 2968 σφῆκες,
3292 2899 3384 2952 καὶ
3433 2898 3744 2969 μύρμηκες,

2169 2991 2261 3042 καὶ
2299 2992 2368 3043 τὰ
2417 2992 2646 3061 ἄναιμα,
2694 2993 2787 3044 καὶ
2831 2991 2940 3043 τῶν
2982 2991 3282 3044 θαλαττίων
3313 2989 3384 3043 τὰ
3428 2991 3616 3056 πολλὰ,
3654 2991 3748 3044 καὶ

2169 3083 2349 3136 πάντα
2383 3086 2482 3138 ὅσα
2523 3085 2623 3138 οὐκ
2662 3084 2773 3153 ἔχει
2819 3083 3113 3154 πνεύμονα.
3167 3084 3334 3137 Οὐδὲν
3367 3083 3474 3154 γὰρ
3513 3086 3589 3154 μὴ
3627 3085 3752 3154 ἕχον

2097 3215 2143 3274 C
2178 3175 2460 3246 πνεύμονα
2485 3177 2715 3229 ἀναπνεῖ
2737 3177 2829 3229 τὸν
2861 3175 2996 3246 ἀέρα
3019 3191 3033 3206 ⁸
3073 3175 3168 3228 καὶ
3195 3176 3557 3246 ἀντιστρέφει,
3597 3177 3749 3230 οὐδὲν

2178 3268 2252 3338 μὴ
2287 3267 2552 3320 ἀναπνέον
2597 3269 2686 3320 τὸν
2729 3266 3188 3338 ἀέρα,πνεύμονα
3214 3266 3349 3336 ἔχει.
3404 3267 3618 3338 Ἐπειδὴ
3658 3269 3750 3322 καὶ

2175 3359 2483 3423 Κλεάνθους
2530 3358 2626 3411 τοῦ
2675 3358 2937 3423 Στωϊκοῦ,
2987 3359 3082 3410 καὶ
3124 3359 3446 3428 Χρυσίππου
3497 3360 3750 3429 φέρονται

2174 3450 2320 3519 λόγοι
2350 3451 2492 3512 τινὲς
2540 3451 2640 3503 οὐκ
2690 3450 3176 3520 εὐκαταφρόνητοι,
3219 3451 3476 3520 ὲκρητέον
3509 3453 3604 3504 καὶ
3635 3451 3754 3505 τού-

2174 3559 2283 3594 των
2312 3541 2411 3604 τάς
2448 3541 2651 3602 λύσεις,
2701 3542 2774 3604 ὡς
2804 3543 3079 3595 ἀπέλυσαν
3110 3542 3160 3593 οί
3197 3540 3303 3594 ἀπὸ
3347 3542 3648 3606 Πλάτωνος.
3691 3542 3752 3596 '0

2175 3632 2456 3700 Κλεάνθης
2517 3633 2718 3686 τοιόνδε
2767 3633 2954 3686 πλέκει
3002 3632 3380 3703 συλλογισμόνσ
3433 3633 3506 3686 Οὐ
3570 3635 3751 3703 μόνον,

2177 3725 2360 3794 φησιν,
2397 3726 2570 3795 ὅμοιοι
2602 3728 2714 3788 τοῖς
2741 3723 2958 3794 γονεῦσι
2986 3725 3248 3797 γινόμεθα
3281 3724 3418 3779 κατὰ
3463 3724 3522 3778 τὸ
3572 3725 3750 3793 σῶμα,

2177 3817 2311 3870 ἀλλὰ
2342 3817 2434 3870 καὶ
2467 3817 2604 3869 κατὰ
2642 3817 2738 3886 τὴν
2763 3817 2958 3888 ψυχὴν,
3008 3820 3122 3880 τοῖς
3165 3817 3382 3881 πάθεσι,
3423 3819 3535 3880 τοῖς
3573 3816 3752 3887 ἤθεσι,

2177 3911 2297 3972 ταῖς
2347 3909 2636 3961 διαθέσεσι.
2694 3908 2950 3979 Σώματος
2989 3910 3044 3962 δὲ
3093 3910 3155 3962 τὸ
3191 3912 3372 3980 ὅμοιον
3421 3909 3514 3962 καὶ
3556 3909 3616 3961 τὸ
3658 3908 3753 3962 ἀν-

2177 4002 2379 4072 όμοιον,
2413 4002 2531 4071 οὐχὶ
2555 4002 2610 4054 δὲ
2641 4001 2951 4070 ἀσωμάτου·
2993 4000 3150 4070 σῶμα
3185 4001 3290 4072 ἄρα
3321 4003 3353 4070 ἡ
3385 3999 3551 4070 ψυχή.
3594 3996 3754 4051 Ἀλλά

2179 4091 2395 4162 πρῶτον
2423 4093 2522 4161 μὲν
2548 4092 2611 4143 ἐκ
2637 4091 2744 4144 τῶν
2771 4090 2863 4143 ἐπὶ
2894 4089 3094 4160 μέρους
3119 4089 3188 4142 τά
3211 4087 3436 4141 καθόλου
3482 4102 3754 4154 συγκατα-

2182 4183 2502 4248 σκευάζεται
2523 4199 2536 4212 °
2580 4183 2716 4253 πρὸς
2744 4181 2917 4252 τούτῳ
2955 4181 3032 4243 δὲ,
3065 4182 3158 4233 καί
3195 4180 3254 4232 τὸ
3280 4180 3398 4249 οὐχὶ
3435 4177 3499 4230 δι’
3529 4176 3753 4248 ἀσωμά-

2179 4293 2302 4338 του,
2357 4274 2550 4344 ψεῦδός
2599 4275 2735 4327 ἐστι.
2792 4273 3036 4343 Λέγομεν
3076 4273 3184 4343 γὰρ
3234 4273 3496 4343 ἀριθμοὺς
3541 4271 3756 4342 ὁμοίους

2181 4361 2341 4431 εἶναι,
2367 4360 2441 4420 ὧν
2482 4367 2536 4418 αἱ
2581 4364 2814 4436 πλευραὶ
2848 4364 3098 4432 ἀνάλογοί
3138 4364 3272 4416 εἰσιν
3293 4379 3307 4392 ·
3346 4363 3420 4424 ὡς
3449 4363 3538 4416 τὸν
3567 4361 3626 4426 ἓξ
3663 4363 3756 4416 καὶ

2179 4458 2272 4510 τὸν
2304 4457 2733 4527 εἰκοσιτέσσαρα.
2785 4455 3020 4526 Πλευραὶ
3075 4456 3183 4526 γὰρ
3232 4454 3322 4507 τού
3368 4454 3427 4520 ἒξ
3471 4455 3562 4507 καί
3594 4455 3621 4504 ό
3662 4453 3754 4505 δύο

503 4553 665 4609 miles
693 4561 874 4622 partes
896 4550 1078 4612 habet,
1103 4558 1154 4603 et
1179 4548 1494 4610 dissimiles,
1524 4563 1632 4601 non
1658 4547 2070 4616 incorporeum;

2180 4550 2274 4603 καὶ
2305 4552 2332 4602 ό
2367 4551 2546 4619 τρεῖς
2587 4548 2680 4600 τοῦ
2719 4547 2774 4600 δὲ
2821 4547 3252 4618 εἰκοσιτέσσαρα,
3294 4547 3322 4597 ὁ
3359 4545 3617 4616 τέσσαρα,
3659 4544 3753 4597 καὶ

503 4661 707 4714 corpus
732 4645 898 4714 igitur
927 4643 1127 4696 anima.
1169 4639 1274 4696 Sed
1333 4640 1568 4710 primum
1620 4637 1840 4707 quidem
1899 4652 1965 4691 ex
2014 4636 2081 4689 iis

505 4751 627 4805 quae
659 4735 1004 4805 particularia
1033 4739 1182 4796 sunt,
1221 4746 1329 4785 una
1359 4731 1718 4786 constituitur
1757 4727 1904 4798 quod
1956 4727 2080 4781 uni-

505 4844 725 4883 versum
755 4835 838 4882 est
868 4846 880 4880 :
915 4827 981 4879 ad
1017 4825 1132 4878 haec
1165 4839 1294 4879 vero
1324 4823 1486 4878 etiam
1520 4819 1669 4892 quod
1707 4835 1820 4876 non
1877 4829 1960 4874 est
1994 4819 2081 4873 in-

505 4931 850 4986 corporeum,
895 4913 1236 4968 mendacium
1267 4919 1392 4978 est;
1434 4909 1668 4964 dicimus
1705 4909 1850 4964 enim
1890 4922 2084 4962 nume-

506 5024 598 5064 ros
627 5008 831 5063 similes
861 5022 1002 5068 esse,
1029 5020 1260 5075 quorum
1287 5004 1457 5058 latera
1483 5001 1909 5072 proportionalia
1933 5007 2081 5066 sunt;

507 5111 566 5156 ut
585 5116 681 5155 sex
704 5108 758 5154 et
787 5099 1245 5170 vigintiquatuor;
1278 5095 1447 5150 latera
1468 5095 1610 5149 enim
1641 5093 1850 5148 numeri
1883 5091 2085 5147 senarii

509 5199 638 5246 sunt
665 5189 776 5243 duo
803 5199 857 5242 et
887 5198 1038 5254 tres;
1077 5185 1265 5256 viginti
1303 5193 1484 5239 autem
1509 5195 1764 5254 quatuor,
1799 5193 2087 5252 quaterna-

510 5282 626 5336 rius
650 5290 702 5335 et
734 5281 1004 5334 senarius.
1035 5277 1194 5348 Atqui
1226 5277 1527 5347 analogiam
1560 5286 1615 5330 et
1673 5275 2080 5344 proportionem

510 5376 714 5430 habent
743 5372 851 5426 duo
874 5372 940 5425 ad
979 5379 1236 5440 quatuor,
1270 5378 1324 5425 et
1353 5370 1458 5423 tria
1492 5370 1557 5423 ad
1620 5383 1714 5423 sex
1743 5384 1757 5431 ;
1812 5367 1865 5420 in
1918 5366 2082 5436 dupla

509 5466 652 5518 enim
685 5466 894 5518 ratione
926 5465 1388 5524 considerantur:
1431 5480 1557 5517 nam
1609 5471 1852 5532 quatuor
1916 5459 2080 5527 dupla

511 5565 639 5613 sunt
663 5557 915 5618 duorum,
945 5563 1001 5609 et
1038 5571 1130 5610 sex
1161 5556 1361 5618 trium;
1418 5556 1726 5624 incorporei
1784 5569 1913 5608 vero
1980 5568 2083 5604 nu-

512 5647 668 5710 meri,
713 5653 766 5701 et
807 5647 990 5717 ﬁgura:
1042 5661 1200 5715 pares
1253 5654 1402 5708 sunt,
1460 5662 1801 5717 quaecunque
1849 5644 2080 5714 angulos

513 5755 673 5811 pares
706 5739 924 5803 habent,
966 5750 1021 5795 et
1055 5741 1226 5793 latera
1276 5754 1398 5807 qua:
1445 5739 1589 5792 circa
1634 5754 1793 5809 pares
1849 5736 2081 5806 angulos

515 5837 661 5892 sunt,
699 5830 1164 5899 proportioualia:
1231 5830 1457 5902 ligurum
1493 5845 1623 5886 vero
1684 5831 1847 5886 etiam
1906 5829 2082 5899 ipsam

2183 4643 2211 4693 6
2247 4639 2340 4705 ἓξ·
2375 4639 2664 4706 ἀναλογίαν
2693 4637 2748 4689 δὲ
2782 4636 2891 4707 ἔχει
2924 4639 2952 4690 6
2983 4637 3074 4690 δύο
3109 4637 3245 4708 πρὸς
3271 4635 3339 4690 τά
3366 4637 3625 4706 τέσσαρα,
3661 4633 3755 4688 καὶ

2181 4734 2211 4784 6
2235 4730 2361 4802 τρία
2387 4731 2520 4802 πρὸς
2554 4731 2645 4783 τὸν
2676 4729 2754 4794 ἓξ.
2802 4730 2888 4782 Ἐν
2918 4729 3216 4782 διπλασίονι
3235 4728 3341 4801 γὰρ
3366 4728 3506 4799 λόγῳ
3535 4728 3755 4796 θεωρεῖ-

2181 4840 2292 4877 ται.
2319 4823 2400 4876 Τὰ
2427 4822 2535 4893 γὰρ
2562 4824 2804 4894 τέσσαρα
2851 4821 2958 4876 τῶν
2983 4821 3074 4874 δύο
3101 4821 3433 4883 διπλασίονα,
3473 4821 3566 4876 καὶ
3603 4820 3669 4873 τά
3697 4817 3758 4882 ἒξ

2183 4917 2288 4969 τῶν
2319 4915 2482 4986 τριῶν
2505 4931 2516 4942 ·
2553 4913 2840 4984 ἀσώματον
2868 4913 2925 4966 δὲ
2966 4914 3016 4966 οἱ
3044 4913 3295 4984 ἀριθμοί·
3331 4915 3398 4965 τὰ
3427 4914 3677 4984 σχήματα
3699 4911 3756 4964 δὲ

2185 5008 2458 5078 σχήμασιν
2487 5006 2650 5075 ὅμοιά
2680 5009 2849 5070 ἐστιν,
2879 5010 2978 5060 ὅσα
3021 5009 3116 5071 τάς
3147 5025 3206 5059 τε
3238 5006 3436 5075 γωνίας
3465 5008 3582 5068 ἴσας
3622 5006 3755 5076 ἔχει,

2184 5101 2277 5156 καὶ
2308 5099 2406 5164 τὰς
2437 5101 2563 5170 περὶ
2594 5102 2693 5164 τὰς
2724 5103 2844 5164 ἴσας
2871 5103 3073 5170 γωνίας
3113 5100 3350 5171 πλευράς
3381 5101 3668 5169 ἀνάλογον·
3696 5103 3758 5154 τὸ

2183 5195 2238 5248 δὲ
2271 5194 2458 5265 σχῆμα
2483 5193 2577 5248 καὶ
2601 5195 2732 5247 αὐτὸ
2771 5195 3057 5266 ἀσώματον
3100 5193 3193 5248 καὶ
3228 5194 3379 5248 αὐτοὶ
3410 5193 3758 5264 ὁμολογοῦσιν

2185 5280 2343 5338 εἶναι.
2381 5283 2502 5336 Ἔτι
2546 5282 2620 5346 ὡς
2646 5282 2738 5335 τοῦ
2772 5282 2938 5336 ποσοῦ
2971 5283 3097 5335 ἴδιόν
3129 5284 3242 5335 ἐστι
3269 5283 3329 5335 τὸ
3361 5277 3475 5335 ἴσον
3521 5283 3612 5336 καὶ
3648 5283 3758 5336 ἄνις

2187 5394 2278 5430 σον
2300 5418 2314 5441 ,
2349 5374 2492 5429 οὕτω
2527 5375 2620 5428 καὶ
2657 5375 2750 5428 τοῦ
2784 5374 2937 5428 ποιοῦ
2965 5375 3024 5427 τὺ
3048 5375 3230 5445 ὅμοιον
3255 5374 3348 5426 καὶ
3384 5374 3446 5428 τὸ
3474 5372 3721 5442 ἀνόμοιον
3741 5387 3756 5401 ⁸

2185 5466 2476 5537 ἀσώματον
2502 5465 2559 5518 δὲ
2596 5468 2629 5535 ὴ
2665 5465 2886 5536 ποιότης
2925 5465 3103 5518 ἐστίν·
3146 5464 3275 5533 ἄρα,
3327 5465 3420 5517 κα)⁵
3468 5462 3759 5533 ἀσώματον

2186 5559 2464 5629 ἀσωμάτῳ
2506 5559 2706 5627 ὅμοιον.
2746 5557 2964 5622 Ἐτιδὲ,
2999 5559 3161 5627 φησὶν
3206 5560 3235 5610 6
3272 5555 3573 5626 Κλεάνθης,
3609 5555 3759 5609 οὐδὲν

2171 5648 2477 5720 ’ἀσώματον
2511 5647 2820 5718 συμπάσχει
2865 5647 3097 5716 σώματι,
3129 5649 3250 5702 οὐδὲ
3295 5649 3572 5720 ἀσωμάτῳ
3621 5666 3761 5718 συμ-

2188 5738 2390 5807 πάσχει
2438 5736 2616 5808 σῶμα,
2665 5735 2799 5789 ἀλλὰ
2838 5736 2992 5808 σῶμα
3044 5737 3292 5810 σώματι”
3341 5740 3651 5809 συμπάσχει
3702 5739 3760 5792 δὲ

2188 5834 2220 5901 ἡ
2253 5829 2399 5902 ψυχὴ
2438 5829 2514 5903 τῷ
2549 5827 2759 5902 σώματι
2794 5831 3054 5899 νοσοῦντι,
3085 5832 3175 5887 καὶ
3204 5832 3540 5906 τεμνομένῳ,
3572 5833 3665 5886 καὶ
3701 5832 3764 5884 τὸ
