4166 6372
417 418 522 476 19⁸5
1858 411 1946 467 DE
1975 411 1997 464 ,Α

2102 411 2216 468 ΜΛ.
3583 418 3688 474 194

414 536 574 607 σῶμα
607 537 671 607 τῇ
702 535 869 607 ψυχῇ.
903 533 1308 607 Αἰσχυνομένης
1339 532 1446 603 γὰρ
1490 527 1720 601 ἐρυθρὸν
1771 529 1997 598 γίνεται,

2109 543 2490 599 incorpoream
2524 529 2625 600 ipsi
2663 531 2903 586 fatentur
2935 547 3078 588 esse.
3119 530 3386 588 Praeterea
3419 538 3476 586 ut
3506 547 3687 600 quan-

413 629 511 682 καὶ
539 627 878 697 φοϐουμένης
915 627 1090 697 ὠχρόν
1109 642 1125 656 ·
1167 625 1326 696 σῶμα
1355 625 1461 694 ἄρα
1487 623 1521 692 ἡ
1551 621 1718 691 ψυχή.

2108 617 2283 673 titatis
2309 620 2589 688 pr0prium
2621 632 2704 674 est
2733 636 2832 690 par
2867 628 2921 677 et
2950 621 3164 688 impar:
3195 623 3274 677 sic
3297 622 3462 676 etiam
3506 623 3686 692 quali-

416 724 548 776 tatis
579 723 760 776 simile
793 730 847 776 et
874 721 1165 776 dissimile.
1194 720 1579 789 lncorporeum
1605 730 1737 770 vero
1767 712 2004 784 qualitas
2042 721 2166 766 est:
2192 727 2324 784 ergo
2364 715 2751 785 incorporeum
2789 717 3116 787 incorporeo
3151 719 3350 773 simile.
3420 717 3503 772 Ad
3546 719 3684 782 haec,

416 818 706 873 Cleanthes
759 819 957 887 inquit,
1032 817 1167 870 nihil
1265 818 1648 884 incorporeum
1703 811 1910 881 patitur
1950 823 2072 862 cum
2100 825 2349 879 corpore.
2370 827 2546 881 neque
2585 829 2710 867 cum
2743 814 3070 884 incorporeo
3092 829 3292 884 corpus
3315 818 3535 884 patitur,
3588 817 3684 872 scd

415 927 618 980 corpus
649 928 773 965 cum
808 927 1080 981 corpore;
1119 926 1308 964 verum
1354 911 1536 962 anima
1585 905 1751 960 simul
1793 902 1998 972 patitur
2036 914 2158 952 cum
2187 915 2417 970 corpore
2448 913 2745 974 aegrotante
2771 916 2825 960 et
2857 923 2980 962 cum
3033 919 3286 975 secatur;
3352 917 3406 964 et
3479 923 3685 976 corpus

413 1025 538 1062 eum
568 1009 751 1062 animo
773 1008 1088 1070 cruciatur;
1125 1007 1323 1061 etenim
1353 1007 1713 1060 erubescente
1752 1007 1808 1054 et
1847 995 2158 1066 pudibunda
2195 997 2404 1061 anima,
2481 1014 2686 1070 corpus
2733 1002 2959 1056 rubrum
3038 1002 3292 1065 eﬂicitur,
3342 1010 3395 1056 et
3441 1018 3504 1056 ea
3574 1017 3690 1056 me-

415 1116 626 1168 tuente,
663 1106 910 1176 pallescit
937 1124 951 1169 ;
979 1121 1182 1176 corpus
1208 1121 1338 1174 ergo
1365 1113 1450 1158 est
1479 1102 1680 1156 anima.

491 1198 646 1249 Ἐστι
692 1197 750 1250 δὲ
798 1197 859 1249 τὸ
886 1198 1071 1268 ἕτερον
1115 1198 1224 1250 τῶν
1269 1196 1572 1267 λημμάτων
1600 1192 1812 1264 ψεῦδος,
1859 1185 1999 1243 κατά

417 1289 722 1360 πρόσληψιν
750 1291 1126 1360 συγκείμενον,
1153 1291 1213 1343 τὸ
1242 1291 1420 1358 λέγον,
1454 1289 1646 1341 Οὐδὲν
1678 1285 2000 1353 ἀσώματον

416 1381 642 1452 σώματι
675 1382 1044 1452 συμπάσχει.
1088 1383 1152 1435 Τί
1181 1383 1289 1455 γὰρ
1319 1385 1366 1436 εἰ
1402 1382 1536 1453 μόνῃ
1568 1383 1632 1450 τῇ
1663 1380 1808 1450 ψυχῇ
1844 1376 2001 1429 τοῦτο

416 1475 738 1543 πρόσεστινς
777 1475 987 1544 Ὠσπερ
1016 1474 1070 1526 εἴ
1098 1491 1179 1537 τις
1206 1475 1372 1542 λέγοι,
1403 1473 1566 1526 Οὐδὲν
1599 1471 1736 1537 ζῶον
1764 1469 1862 1539 τὴν
1887 1469 2000 1521 ἀνω

418 1563 576 1631 γένυν
609 1567 782 1616 κινεῖ·
831 1567 859 1618 ό
887 1565 942 1618 δὲ
983 1565 1321 1636 κροκόδειλος
1367 1565 1464 1636 τὴν
1495 1565 1606 1618 ἀνω
1651 1565 1814 1633 γένυν
1841 1565 1996 1615 κινεῖ.

431 1653 559 1706 Ἰδοὺ
591 1653 700 1725 γὰρ
727 1655 754 1706 ό
775 1655 1112 1726 κροκόδειλος
1137 1657 1230 1709 καὶ
1257 1657 1413 1721 ζῶον,
1447 1657 1538 1708 καὶ
1565 1656 1664 1726 τὴν
1693 1655 1806 1706 ἄνω
1835 1653 2000 1722 γένυν

419 1747 594 1797 κινεῖ·
646 1745 738 1798 τὸν
793 1746 953 1800 αὑτὸν
995 1746 1050 1798 δὲ
1103 1747 1302 1817 τρόπον
1343 1748 1436 1800 καὶ
1478 1747 1604 1798 ὅταν
1652 1743 1787 1816 λέγῃ
1809 1743 2004 1813 μηδὲν

2177 1183 2272 1238 Est
2307 1185 2470 1239 etiam
2492 1187 2663 1240 altera
2699 1187 3078 1256 sumptionum
3128 1186 3286 1249 falsa,
3315 1188 3470 1253 juxta
3505 1193 3688 1258 prole-

2107 1279 2226 1346 psit!
2267 1280 2757 1348 praeceptionemve
2797 1281 3126 1350 composita,
3175 1298 3296 1350 quae
3339 1281 3490 1347 dicit,
3534 1281 3691 1338 Nihil

2101 1370 2465 1437 incorporeum
2519 1370 2794 1426 condolere
2836 1389 2954 1424 cum
3000 1389 3216 1439 corpore
3253 1373 3422 1442 :quid
3460 1375 3605 1428 enim
3639 1378 3686 1430 si

2105 1462 2206 1516 soli
2233 1462 2440 1520 animae
2471 1462 2578 1519 hoc
2601 1463 2792 1519 inest?
2826 1465 3287 1533 quemadmodum
3348 1465 3393 1518 si
3441 1466 3568 1535 quis
3601 1465 3688 1520 di-

2104 1561 2275 1615 ceret,
2308 1549 2528 1606 Nullum
2558 1554 2760 1608 animal
2796 1556 3134 1624 superiorem
3158 1557 3432 1610 maxillam
3468 1566 3687 1625 movet;

2103 1643 2202 1697 sed
2239 1644 2553 1720 crocodilus
2609 1647 2947 1715 superiorem
3005 1649 3283 1702 maxillam
3320 1650 3508 1718 agitat.
3547 1649 3688 1704 Ecce

2101 1735 2246 1790 enim
2276 1736 2609 1801 crocodilus,
2659 1746 2715 1793 et
2749 1739 2976 1808 animal,
3015 1747 3069 1794 et
3109 1743 3447 1812 superiorem
3492 1745 3691 1799 maxil-

418 1833 971 1904 ἀσώματονσώματι
982 1836 1372 1907 συμπάσχειν
1394 1851 1410 1868 ·
1439 1823 1844 1904 προσλαμϐάνει
1888 1829 1997 1902 γὰρ

2102 1825 2205 1878 lam
2232 1834 2430 1881 movet.
2452 1827 2767 1896 Eodemque
2787 1830 2950 1884 modo
2971 1831 3134 1884 etiam
3152 1848 3276 1887 cum
3296 1831 3446 1900 dicit,
3463 1833 3689 1890 Nullum

414 1921 475 1972 τὸ
501 1919 830 1990 ζητούμενον
861 1926 925 1992 τῇ
959 1925 1256 1993 ἀποφάσει·
1289 1926 1337 1978 εί
1365 1926 1422 1978 δέ
1454 1943 1537 1990 τις
1577 1926 1830 1980 ὑπόθοιτο
1866 1924 1998 1996 ἀλη-

415 2010 505 2074 θὲς
546 2008 685 2066 εἶναι
718 2013 778 2066 τὸ
829 2013 992 2083 μηδὲν
1026 2015 1316 2086 ἀσώματον
1366 2017 1578 2087 σώματι
1621 2017 1994 2087 συμπάσχειν·

414 2099 550 2153 ἀλλὰ
590 2101 650 2154 τὺ
696 2103 1035 2174 ἐπαγόμενον
1086 2106 1186 2159 οὐκ
1230 2106 1376 2160 ἐστιν
1421 2108 1870 2178 ὁμολογούμενον,
1915 2110 1998 2162 ὅτι

417 2192 729 2262 συμπάσχει
779 2195 811 2262 ή
854 2193 998 2264 ψυχὴ
1036 2195 1279 2248 νοσοῦντι
1315 2195 1410 2250 καὶ
1436 2195 1757 2266 τεμνομένῳ
1783 2194 1863 2265 τῷ
1895 2194 1999 2248 σώε-

417 2300 564 2352 ματι.
616 2284 1038 2353 Ἀμφιϐάλλεται
1066 2285 1176 2356 γὰρ
1208 2286 1316 2338 εῐτε
1360 2285 1422 2340 τὺ
1467 2285 1628 2356 σῶμα
1677 2285 1838 2356 μόνον
1881 2284 1999 2338 ἐστὶ

411 2376 472 2428 τὸ
499 2376 717 2444 ἀλγοῦν,
743 2377 908 2429 λαϐὸν
930 2378 1080 2448 παρά
1107 2382 1206 2449 τῆς
1235 2377 1415 2448 ψυχῆς
1440 2379 1538 2448 τὴν
1565 2377 1836 2448 αἴσθησιν,
1860 2375 1997 2448 αὕτη

412 2465 469 2518 δὲ
494 2466 642 2538 μένει
674 2467 889 2538 ἀπαθής
911 2485 922 2495 ·
978 2466 1089 2520 εἴτε
1119 2467 1212 2521 καὶ
1243 2468 1496 2536 συναλγεῖ
1519 2467 1597 2539 τῷ
1629 2469 1861 2538 σώματι.
1889 2467 2000 2520 Καὶ

413 2561 609 2628 κρατεῖ
640 2558 839 2628 μᾶλλον
883 2562 1034 2630 παρά
1067 2562 1178 2624 τοῖς
1209 2559 1569 2632 ὲνδοξοτέροις
1595 2559 1655 2613 τὸ
1697 2559 1961 2631 πρότερον
1981 2573 1996 2590 ·

410 2649 584 2712 οὐδεὶς
611 2650 666 2703 δὲ
693 2650 758 2703 ἐκ
784 2650 892 2703 τῶν
922 2651 1416 2722 ἀμφιϐαλλομένων
1450 2652 1672 2720 συνάγει
1698 2652 1824 2716 τοὺς
1875 2651 2000 2703 συλ-

410 2737 723 2810 λογισμοὺς,
753 2741 867 2795 ἀλλ’
913 2743 978 2795 ὲκ
1003 2741 1112 2796 τῶν
1151 2743 1598 2813 ὁμολογουμένων
1618 2759 1633 2775 ·
1683 2743 1747 2795 ἐκ
1781 2759 1999 2814 περιου-

413 2828 532 2894 σίας
578 2830 635 2884 δὲ
679 2832 950 2886 δείκνυται
982 2832 1074 2885 καί
1122 2849 1244 2886 τινα
1292 2833 1560 2904 ἀσώματα
1602 2833 2000 2905 συμπάσχοντα

410 2923 520 2984 τοῖς
571 2921 839 2993 σώμασιν.
889 2923 954 2976 Αἰ
1001 2923 1286 2996 ποιότητες
1329 2924 1462 2994 γοῦν
1511 2925 1795 2995 ἀσώματοι
1838 2923 1997 2980 οὖσαι

411 3015 733 3085 πασχόντων
773 3015 883 3068 τῶν
929 3017 1198 3085 σωμάτων
1227 3016 1322 3070 καὶ
1363 3017 1526 3070 αὐταὶ
1559 3017 1995 3086 συμπάσχουσιν,

412 3105 469 3159 ἓν
495 3125 554 3159 τε
601 3110 663 3177 τῇ
698 3108 870 3179 φθορᾷ
903 3110 997 3162 καὶ
1023 3111 1088 3179 τῇ
1131 3110 1382 3180 γεννήσει
1414 3107 1889 3178 συναλλοιούμεναι
1918 3107 1996 3177 τῷ

415 3196 652 3267 σώματι.
696 3199 1019 3271 Χρύσιππος
1067 3199 1121 3253 δέ
1167 3217 1354 3270 φησιν,
1402 3201 1483 3254 ὅτι
1535 3203 1563 3253 ό
1613 3199 1842 3264 θάνατός
1880 3203 1995 3253 ἐστι

411 3293 689 3363 χωρισμὸς
717 3293 894 3364 ψυχῆς
932 3293 1044 3346 ἀπὸ
1087 3293 1373 3364 σώματος·
1411 3293 1562 3346 οὐδὲν
1609 3294 1664 3346 δὲ
1707 3293 1997 3362 ἀσώματον

410 3385 520 3439 ἀπὸ
547 3384 799 3456 σώματος
836 3386 1149 3456 χωρίζεται.
1182 3386 1314 3439 Οὐδὲ
1342 3386 1450 3456 γὰρ
1479 3386 1780 3454 ἐφάπτεται
1812 3385 1997 3454 σώμα-

411 3495 503 3542 τος
532 3477 851 3550 ἀσώματον·
902 3481 935 3551 ἡ
978 3480 1033 3534 δὲ
1075 3479 1220 3551 ψυχὴ
1251 3480 1344 3532 καὶ
1375 3479 1674 3548 ἐφάπτεται
1712 3481 1806 3533 καὶ
1834 3480 1998 3550 χωρίς

413 3570 566 3634 ζεται
613 3570 710 3623 τοῦ
763 3569 1044 3640 σώμακτος·
1096 3571 1195 3624 οὑκ
1247 3572 1354 3641 ἄρα
1405 3567 1696 3640 ἀσώματος
1739 3571 1773 3640 ἡ
1825 3569 1991 3640 ψυχή.

413 3661 632 3716 Τούτων
675 3663 736 3714 τὸ
786 3664 883 3732 μὲν
924 3663 1015 3715 τὸν
1061 3663 1287 3716 θάνατον
1333 3663 1613 3734 χωρισμὸν
1641 3657 1782 3715 εἶναι
1819 3661 1998 3732 ψυχῆς

413 3753 522 3806 ἀπὸ
567 3751 838 3822 σώματος,
885 3753 1085 3823 ἀληθές
1131 3754 1278 3804 ἐστι·
1326 3753 1386 3805 τὸ
1435 3753 1492 3805 δὲ
1543 3753 1616 3822 μὴ
1659 3752 1994 3820 ἐφάπτεσθαι

413 3843 699 3915 ἀσώματον
736 3843 1008 3913 σώματος,
1039 3845 1228 3914 ψευδὲς
1272 3843 1370 3914 μέν
1416 3845 1532 3897 ἐστι
1577 3843 1807 3897 καθόλου
1839 3843 1995 3912 λεγό-

418 3957 577 4010 μενον
595 3959 607 3970 ·
643 3941 736 3992 ἐπὶ
763 3939 819 3991 δὲ
843 3940 943 4009 τῆς
974 3938 1152 4010 ψυχῆς
1180 3939 1378 4009 ἀληθές
1401 3956 1414 3972 ·
1443 3939 1637 4008 ψεῦδος
1670 3939 1788 4009 μὲν,
1808 3938 1996 4010 ἐπειδὴ

413 4032 507 4084 καὶ
533 4033 566 4101 ἡ
596 4030 829 4102 γραμμὴ
864 4030 1152 4102 ἀσώματος
1197 4027 1349 4091 οὖσα,
1399 4031 1703 4100 ἐφάπτεται
1749 4031 1996 4100 σώματος

412 4125 508 4178 καὶ
547 4123 858 4193 χωρίζεται,
919 4123 1118 4192 ὁμοίως
1167 4123 1260 4176 καὶ
1285 4124 1317 4191 ἡ
1345 4123 1604 4193 λευκότης
1625 4137 1636 4149 ⁶
1693 4124 1784 4175 ἐπὶ
1810 4124 1864 4176 δὲ
1897 4123 1995 4194 τῆς

412 4217 590 4286 ψυχῆς
617 4215 833 4285 ἀληθές.
891 4216 964 4268 Οὐ
1023 4214 1131 4284 γὰρ
1181 4216 1484 4283 ἐφάπτεται
1531 4213 1625 4266 τοῦ
1678 4214 1991 4285 σώματοςὴ

411 4310 581 4380 ψυχή.
617 4308 680 4361 El.
706 4309 813 4379 γὰρ
837 4307 1160 4375 ἐφάπτεται,
1187 4306 1427 4376 δηλονότι
1456 4308 1783 4376 παράκειται
1815 4306 1962 4375 αὐτῷ
1980 4322 1991 4335 ·

413 4405 461 4456 εί
505 4403 562 4456 δὲ
607 4401 788 4464 τοῦτο,
839 4402 936 4470 οὐχ
990 4400 1095 4465 ὅλῳ
1144 4401 1495 4470 παράκειται.
1556 4400 1842 4453 Ἀδύνατον
1889 4401 1996 4470 γὰρ

2100 1918 2466 1987 incorporeum
2494 1936 2614 1974 cum
2644 1937 2863 1988 corpore
2891 1925 3214 1991 compatitur
3239 1941 3257 1988 ;
3285 1935 3339 1979 at
3357 1927 3501 1980 enim
3525 1944 3688 1984 assu-

2100 2007 2374 2078 mitquod
2413 2013 2762 2079 quaerebatur
2803 2013 2857 2066 in
2890 2016 3215 2071 assertione.
3277 2015 3334 2070 Si
3381 2033 3512 2073 vero
3565 2022 3692 2090 quis

2101 2101 2454 2168 supposuerit
2499 2118 2690 2155 verum
2718 2119 2864 2170 esse,
2891 2107 3102 2159 nullum
3137 2108 3525 2178 incorporeum
3557 2127 3693 2166 con-

2101 2189 2288 2245 dolere
2335 2193 2597 2262 corpori:
2655 2203 2896 2250 attamen
2941 2197 3088 2266 quod
3131 2197 3412 2254 inducitur
3461 2217 3568 2255 non
3607 2210 3693 2257 est

2101 2297 2454 2348 concessum,
2480 2284 2626 2354 quod
2656 2289 2837 2340 anima
2860 2288 3151 2343 condoleat
3173 2305 3282 2343 una
3308 2305 3434 2344 cum
3457 2307 3692 2362 corpore

2101 2375 2246 2444 quod
2300 2386 2528 2446 aegrotat
2585 2385 2640 2432 et
2699 2388 2937 2433 secatur.
3008 2382 3220 2451 Quippe
3287 2383 3581 2452 ambigitur
3619 2401 3691 2439 an

2101 2484 2306 2538 corpus
2331 2470 2509 2524 solum
2535 2471 2629 2531 sit,
2659 2471 2804 2540 quod
2837 2473 3018 2526 doleat
3045 2489 3210 2526 sensu
3263 2477 3330 2528 ab
3369 2479 3547 2530 anima
3597 2495 3694 2532 ac-

2101 2569 2284 2628 cepto,
2345 2569 2403 2614 ut
2465 2562 2580 2628 ipsa
2624 2573 2841 2616 maneat
2885 2565 3091 2619 doloris
3142 2582 3372 2635 expers;
3432 2582 3500 2619 an
3563 2585 3695 2622 vero

2101 2653 2281 2707 doleat
2311 2667 2436 2704 cum
2472 2669 2724 2723 corpore.
2787 2652 3010 2709 Obtinet
3069 2665 3250 2710 autem
3310 2656 3494 2725 potius
3547 2659 3693 2726 apud

2101 2743 2364 2798 clariores
2418 2744 2568 2798 viros
2617 2745 2765 2814 quod
2826 2745 2977 2815 prius
3009 2754 3112 2801 est.
3176 2748 3342 2816 Atqui
3410 2763 3575 2802 nemo
3622 2765 3686 2804 ex

2105 2837 2483 2890 controversis
2508 2837 2717 2905 colligit
2747 2845 2802 2891 et
2850 2839 3134 2891 concludit
3162 2841 3693 2908 argumentationes,

2101 2943 2292 2983 verum
2318 2945 2380 2982 ex
2410 2929 2477 2983 iis
2499 2945 2620 2998 qua:
2651 2930 3052 2984 conceduntur.
3091 2930 3262 2985 Porro
3290 2947 3355 2985 ex
3390 2933 3693 2987 abundanti

2101 3020 2370 3089 probatur
2404 3021 2568 3073 etiam
2595 3021 2842 3089 quaedam
2881 3021 3203 3091 incorporea
3258 3025 3369 3092 pati
3410 3040 3535 3077 cuin
3570 3040 3694 3078 cor-

2101 3112 2351 3182 poribus.
2403 3112 2587 3178 Quare
2619 3115 2917 3182 qualitatcs
2974 3116 3312 3184 incorporea‘.
3368 3132 3492 3170 cum
3554 3117 3694 3178 sint,

2101 3203 2228 3257 dum
2281 3205 2566 3274 patiuntur
2617 3221 2872 3274 corpora,
2927 3207 3061 3276 ipsae
3102 3223 3324 3276 quoque
3362 3207 3691 3272 condolent,

2099 3297 2228 3351 dum
2264 3297 2317 3349 in
2357 3306 2503 3356 ortu.
2531 3306 2694 3364 atque
2730 3299 2954 3353 interitu
2985 3299 3146 3352 aliter
3192 3299 3508 3354 adiciuntur
3562 3315 3694 3354 cum

2099 3401 2348 3455 corpore.
2373 3387 2712 3457 Chrysippus
2739 3397 2922 3442 autem
2949 3389 3024 3442 ait
3076 3396 3306 3443 mortem
3358 3405 3482 3445 esse
3535 3405 3695 3460 sepa-

2103 3479 2370 3531 rationem
2404 3479 2599 3532 anima:
2628 3495 2658 3531 a
2688 3495 2920 3548 corpore
2950 3495 2964 3544 ;
2997 3479 3107 3548 jam
3136 3495 3266 3534 vero
3321 3481 3457 3534 nihil
3502 3481 3691 3535 incor-

2098 3586 2325 3640 poreum
2352 3586 2382 3622 a
2416 3586 2647 3639 corpore.
2673 3579 2962 3640 separatur
2989 3589 3004 3636 ;
3033 3588 3212 3641 neque
3233 3573 3379 3626 enim
3429 3573 3695 3644 incorpo-

2100 3680 2256 3717 reum
2286 3665 2558 3733 coutingit
2589 3680 2792 3733 corpus
2818 3683 2832 3730 ;
2855 3665 3036 3718 anima
3063 3679 3196 3718 vero
3222 3674 3276 3719 et
3316 3666 3536 3737 attingit
3566 3681 3693 3720 cor-

2099 3771 2200 3825 pus
2232 3764 2285 3810 et
2317 3767 2611 3825 separatur
2643 3757 2710 3809 ab
2740 3772 2827 3810 eo.
2856 3755 2976 3810 Non
3006 3764 3092 3811 est
3148 3757 3317 3827 igitur
3364 3758 3548 3812 anima
3599 3759 3688 3812 in-

2098 3865 2382 3917 corporea.
2417 3847 2493 3901 Ex
2527 3849 2614 3903 his
2643 3865 2833 3902 verum
2872 3849 3020 3902 istud
3048 3857 3155 3912 est,
3201 3865 3399 3919 nempe
3451 3859 3686 3906 mortem

2098 3956 2218 3994 esse
2252 3940 2650 4008 separationem
2679 3940 2873 3993 animae
2901 3957 2928 3992 a
2958 3955 3226 4008 corpore;
3282 3941 3375 3995 sed
3418 3941 3548 3994 illud
3592 3941 3695 3996 fal-

2099 4049 2218 4087 sum
2243 4048 2365 4085 cum
2409 4033 2460 4084 in
2507 4048 2706 4100 genere
2739 4031 2963 4095 dicitur,
2999 4031 3147 4100 quod
3193 4033 3578 4101 incorporeum
3606 4041 3692 4085 est

2099 4141 2204 4177 nou
2247 4124 2515 4192 attingere
2558 4138 2801 4192 corpus;
2852 4122 2947 4176 sed
2992 4139 3180 4176 verum
3225 4133 3307 4176 est
3360 4125 3412 4177 in
3465 4125 3690 4188 anima;

2100 4217 2231 4271 illud
2273 4227 2419 4270 certe
2449 4215 2666 4276 falsum,
2713 4218 2974 4284 quoniam
3006 4215 3146 4268 linea
3189 4232 3310 4285 quae
3365 4216 3691 4284 incorporea

2097 4320 2200 4369 est,
2236 4308 2455 4375 attingit
2487 4322 2712 4376 corpus,
2761 4313 2816 4360 et
2853 4313 3170 4374 separatur:
3223 4306 3478 4360 similiter
3526 4306 3688 4359 etiam

2100 4401 2311 4454 candor
2343 4415 2356 4463 ;
2389 4401 2442 4452 in
2475 4399 2658 4451 anima
2692 4404 2872 4452 autem
2906 4413 3119 4452 verum.
3155 4396 3272 4449 Non
3318 4398 3462 4450 enim
3506 4397 3692 4451 anima

417 4494 576 4563 σῶμα
607 4491 816 4562 σώματι
843 4493 961 4546 ὅλον
988 4492 1092 4562 ὅλῳ
1122 4493 1522 4563 παρακεῖσθαι·
1575 4495 1666 4546 καὶ
1693 4493 1864 4556 οὕτως
1894 4493 1994 4546 οὐκ

2103 4507 2306 4562 corpus
2330 4491 2588 4559 attingit;
2621 4505 2746 4543 nam
2774 4489 2819 4543 si
2843 4489 3158 4556 attingeret,
3193 4488 3471 4556 adjacei'et
3505 4490 3575 4542 ei.
3630 4490 3690 4542 Si

416 4588 566 4641 ἔσται
599 4587 717 4638 ὅλον
749 4586 988 4656 ἔμψυχον
1020 4586 1078 4637 τὺ
1111 4584 1268 4649 ζῶον.
1318 4585 1478 4637 Ὥστε
1523 4587 1570 4636 εί
1627 4587 1721 4654 μὲν
1755 4585 1995 4652 ἐφάπτε-

414 4697 523 4740 ται,
547 4679 702 4748 σῶμα
725 4679 818 4747 μὲν
838 4679 1036 4748 ἔσταιὴ
1068 4676 1244 4747 ψυχή·
1267 4676 1383 4729 ὅλον
1403 4677 1458 4728 δὲ
1474 4677 1572 4729 οὐκ
1588 4677 1736 4730 ἔσται
1755 4677 1994 4747 ἔμψυχον

415 4771 474 4823 τδ
491 4769 648 4832 ζῶον.
675 4770 736 4822 Εἰ
755 4769 811 4822 δὲ
828 4769 947 4821 ὅλον
967 4768 1114 4820 ἐστὶν
1144 4766 1403 4837 ἔμψυχον,
1423 4765 1552 4819 οὔτε
1571 4766 1894 4835 ἐφάπτεται,
1915 4766 1997 4820 οὕς

414 4882 473 4916 τε
500 4862 656 4935 σώμά
680 4865 824 4916 ἐστιν
845 4863 877 4932 ἡ
1096 4860 1156 4912 τὸ
1175 4861 1229 4912 δὲ
1262 4860 1397 4924 ζῶον
1417 4859 1535 4914 ὅλον
1559 4858 1798 4929 ἔμψυχόν
1825 4860 1994 4911 ἐστιν·

415 4956 536 5011 οὒτε
577 4959 682 5027 ἄρα
707 4956 1028 5026 ἐφάπτεται,
1069 4951 1190 5006 οὕτε
1223 4951 1383 5022 σῶμά
1413 4953 1546 5014 ὲστι,
1577 4950 1672 5004 καὶ
1705 4949 1996 5021 χωρίζεται

417 5050 704 5122 ἀσώματος
755 5045 909 5102 οὖσα.
965 5048 1088 5100 Ὅτι
1143 5046 1240 5116 μὲν
1287 5041 1380 5098 οὖν
1424 5045 1524 5097 οὐκ
1575 5043 1719 5096 ἔστιν
1766 5045 1798 5111 ὴ
1850 5043 1997 5113 ψυχὴ

419 5144 598 5214 σῶμα,
637 5143 792 5212 δῆλον
844 5145 910 5194 ὲκ
953 5141 1063 5193 τῶν
1094 5139 1432 5211 εἰρημένων·
1480 5137 1561 5191 ὅτι
1606 5137 1663 5190 δὲ
1696 5136 1813 5189 οὐδὲ
1850 5135 2000 5189 ἀνού-

419 5255 552 5299 σιος,
589 5236 714 5305 ἑξῆς
746 5235 954 5306 ῥητέον.

2103 4599 2237 4638 vero
2268 4582 2434 4647 istud,
2467 4597 2576 4636 non
2618 4581 2717 4635 toti
2752 4581 3005 4651 adjacet;
3041 4581 3382 4650 impossibile
3424 4582 3569 4633 enim
3607 4589 3693 4636 est

2105 4690 2308 4745 corpus
2340 4673 2582 4743 corpori,
2634 4679 2812 4726 totum
2865 4673 2966 4725 toti
3017 4671 3303 4740 adjacere,
3360 4682 3414 4726 et
3448 4674 3526 4726 sic
3581 4689 3692 4728 non

2105 4769 2210 4822 erit
2271 4774 2445 4819 totum
2497 4765 2698 4818 animal
2759 4765 3081 4820 animatum.
3148 4765 3335 4832 Itaque
3369 4766 3414 4818 si
3469 4766 3694 4835 quidem

2105 4859 2424 4928 contigerit,
2445 4873 2646 4926 corpus
2677 4856 2895 4925 quidem
2922 4857 3020 4910 erit
3053 4859 3233 4910 anima
3264 4877 3276 4910 :
3306 4866 3477 4911 totum
3505 4870 3692 4914 autem

2106 4969 2213 5006 non
2246 4952 2350 5004 erit
2385 4951 2686 5003 animatum
2718 4950 2938 5002 animal.
2969 4950 3128 5015 Quod
3165 4950 3209 5003 si
3249 4960 3420 5003 totum
3453 4960 3538 5004 est
3569 4951 3690 5005 ani-

2107 5056 2334 5103 malum,
2391 5059 2567 5109 neque
2596 5042 2904 5111 attingitur,
2938 5059 3115 5112 neque
3138 5059 3336 5113 corpus
3367 5053 3450 5097 est
3487 5046 3693 5110 anima,

2105 5137 2308 5192 animal
2338 5152 2465 5190 vero
2492 5145 2664 5188 totum
2693 5145 2776 5189 est
2817 5135 3117 5189 animatum
3151 5155 3164 5191 :
3217 5154 3394 5206 neque
3427 5153 3556 5205 ergo
3606 5145 3694 5191 at-

2107 5229 2356 5299 tingitur,
2389 5243 2566 5296 neque
2609 5243 2813 5296 corpus
2861 5239 2967 5288 est,
3011 5236 3063 5282 et
3123 5237 3412 5298 separatur
3443 5245 3566 5280 eum
3619 5229 3690 5280 sit

417 5328 776 5396 incorporea:
838 5321 984 5392 quod
1039 5320 1205 5390 igitur
1251 5335 1358 5373 non
1414 5317 1486 5372 sit
1540 5318 1724 5372 anima
1775 5335 1999 5391 corpus,
2037 5318 2388 5375 manifestum
2420 5326 2504 5372 est
2545 5332 2608 5370 ex
2643 5317 2710 5372 iis
2740 5334 2862 5388 quae
2894 5319 3038 5372 dicta
3117 5327 3294 5384 sunt;
3335 5318 3480 5388 quod
3528 5319 3694 5373 dubio

421 5420 609 5494 procul
640 5433 749 5471 non
775 5415 847 5472 sit
879 5414 1200 5470 substantia:
1233 5427 1452 5482 expers,
1503 5413 1766 5482 deinceps
1821 5413 2208 5470 declarandum
2237 5419 2340 5466 est.

503 5515 657 5568 Ἐπεὶ
702 5512 757 5565 δὲ
813 5511 906 5564 καὶ
959 5508 1246 5580 Δείναρχος
1297 5505 1559 5578 ἁρμονίαν
1607 5507 1846 5578 ὡρίσατο
1900 5510 1998 5581 τὴν

418 5606 616 5677 ιζυχὴν,
648 5605 742 5657 καὶ⁹
771 5603 968 5673 Σιμίας
999 5599 1294 5668 ἀντιλέγων
1324 5598 1401 5668 τῷ
1439 5599 1717 5670 Σωκράτει
1762 5600 1860 5671 τὴν
1897 5600 2000 5670 ψυ-

420 5698 521 5767 χὴν
550 5696 814 5766 ἁρμονίαν
841 5692 1077 5762 ἔφασκεν
1106 5685 1266 5753 εἶναι,
1295 5689 1469 5757 λέγων
1497 5689 1733 5743 ἑοικέναι
1763 5690 1862 5760 τὴν
1903 5692 1999 5760 μὲν

419 5790 596 5860 ψυχὴν
622 5787 874 5860 ἁρμονίᾳ,
922 5787 984 5840 τὸ
1011 5785 1068 5839 δὲ
1100 5782 1259 5853 σῶμα
1295 5781 1466 5853 λύρᾳ·
1505 5783 1752 5836 ἐκθετέον
1780 5783 1878 5846 τὰς
1910 5783 2002 5836 λύ-

423 5901 536 5947 σεις
560 5883 760 5937 τούτων
792 5882 890 5945 τὰς
921 5883 977 5935 ὲν
1008 5878 1086 5951 τῷ
1119 5877 1370 5932 Φαίδωνι
1409 5875 1692 5940 Πλάτωνος
1721 5877 1999 5948 κειμένας.

2177 5505 2450 5571 Quoniam
2481 5520 2612 5558 vero
2642 5506 2805 5560 etiam
2836 5505 3146 5562 Dinarchus
3191 5506 3428 5559 animam
3477 5504 3694 5558 harmo-

2104 5597 2252 5653 niam
2286 5596 2578 5661 delinierit,
2631 5605 2684 5652 et
2740 5597 2940 5654 Simias
2975 5599 3274 5652 adversans
3310 5595 3522 5649 Socrati
3575 5599 3692 5648 aui-

2107 5705 2248 5743 mam
2309 5699 2635 5742 concentum
2674 5705 2798 5744 esse
2857 5690 3082 5752 dixerit,
3141 5704 3397 5743 asserens
3457 5688 3692 5742 similem

2107 5798 2224 5835 eam
2255 5797 2378 5836 esse.
2415 5781 2732 5849 harmoniae,
2762 5799 2969 5852 corpus
2998 5799 3130 5838 vero
3158 5783 3322 5852 lyrze;
3357 5798 3416 5836 es
3430 5780 3692 5850 ponenda:

2109 5885 2235 5931 sunt
2277 5877 2582 5932 solutiones
2615 5875 2832 5945 horum,
2869 5891 2990 5948 qua:
3023 5875 3077 5931 in
3125 5874 3369 5930 Platonis
3425 5871 3697 5928 Plia'done
