4166 6372
478 380 579 438 195

1710 373 1767 430 S.
1803 370 2127 428 GREGORH
2162 372 2457 428 'NYSSENI

3615 377 3717 432 195

474 495 748 566 leguntur.
786 494 900 548 Una
929 502 1076 548 certe
1104 504 1190 548 est
1233 508 1299 548 ex
1329 492 1418 557 iis,
1452 507 1572 562 qua:
1602 493 1755 561 prius
1808 494 1877 546 ab
1932 495 2042 562 ipso

2155 494 2262 547 Μία
2298 497 2394 564 μὲν
2423 490 2515 547 οὖν
2545 496 2689 548 ἐστιν
2710 497 2772 548 ἐκ
2805 495 2911 548 τῶν
2939 495 3506 567 προαποδεδειγμένων
3533 495 3716 565 αὐτῷ·

472 588 700 657 probata
743 594 796 640 et
835 588 1202 641 demonstrata
1247 585 1484 638 fuerant.
1536 582 1670 637 Nam
1721 592 1879 638 antea
1926 600 2051 654 pro-

473 676 659 732 batum
700 676 877 731 fuerat
917 677 1238 745 disciplinas
1272 676 1682 730 recordationes
1735 691 1887 740 esse;
1949 677 2053 729 hoc

474 768 639 836 igitur
657 777 875 838 sumpto
919 776 976 820 ut
1011 768 1076 821 ab
1104 767 1358 820 omnibus
1403 782 1685 831 concesso,
1726 767 1797 818 ita
1834 775 2052 820 senten-

474 859 604 914 tiam
629 876 781 913 suam
809 862 1132 911 conlirmat:
1163 857 1219 911 Si
1268 857 1573 925 disciplina:
1620 864 1747 911 sunt
1801 857 2053 909 recorda—

475 951 668 1014 tiones,
711 953 889 1004 anima
933 962 1114 1005 nostra
1159 960 1276 1004 erat
1341 951 1656 1018 priusquam
1707 951 1760 1002 in
1817 949 2048 1001 humana

474 1040 652 1107 specie
675 1042 1018 1094 consisteret.
1061 1039 1219 1104 Quod
1251 1040 1296 1093 si
1331 1038 1640 1101 harmonia,
1671 1039 1784 1092 sive
1812 1054 2049 1092 concen-

476 1141 561 1184 tus
590 1137 695 1194 est,
732 1131 884 1198 prius
917 1129 1134 1199 quidem
1160 1144 1268 1182 non
1299 1136 1438 1195 erat,
1467 1128 1561 1183 sed
1605 1129 1874 1198 posterius
1915 1146 2048 1182 con-

473 1224 631 1287 stitit,
657 1239 819 1292 quam
862 1239 1062 1293 corpus
1095 1233 1218 1292 apte
1252 1222 1582 1276 fabricatum
1616 1221 1833 1276 fuisset.
1889 1221 2046 1276 Nulla

473 1315 620 1368 enim
650 1316 976 1384 compositio
1000 1315 1155 1368 aliter
1185 1330 1244 1368 se
1279 1314 1461 1378 habet,
1499 1327 1661 1382 quam
1699 1315 1789 1366 illa
1835 1329 1892 1368 se
1947 1315 2046 1366 ha-

473 1413 602 1465 bent
634 1428 697 1466 ex
733 1413 933 1480 quibus
967 1411 1266 1464 constituta
1295 1418 1414 1475 est;
1456 1411 1694 1465 societas
1723 1410 1866 1464 enim
1902 1426 2048 1480 qua:-

472 1500 595 1552 dzun
660 1508 741 1554 cst
803 1515 982 1554 rerum
1034 1501 1462 1568 compositarum
1525 1502 1871 1569 compositio,
1928 1518 2047 1571 qua:

471 1601 769 1646 concentus
799 1591 1019 1661 quidam
1047 1600 1163 1656 est;
1207 1607 1270 1644 ac
1306 1592 1438 1644 nihil
1472 1592 1722 1660 prohibet
1761 1595 1906 1661 quod
1937 1610 2042 1647 non

471 1685 739 1737 antecedit
770 1699 832 1738 ea
877 1699 939 1736 ex
972 1684 1172 1752 quibus
1210 1683 1578 1751 componitur,
1615 1684 1724 1738 imo
1784 1695 2045 1754 sequatur

471 1777 581 1829 illa.
635 1775 995 1842 Quamobrem
1030 1785 1294 1846 repugnat
1345 1777 1706 1846 propositioni
1739 1793 1863 1845 quae
1910 1779 2044 1832 dicit

470 1868 704 1921 animam
731 1883 852 1922 esse
881 1867 1332 1931 concentum,illa
1353 1883 1475 1936 quae
1504 1868 1702 1934 asserit
1726 1869 2043 1938 disciplinas

468 1974 590 2012 esse
623 1959 1068 2023 recordationes;
1097 1959 1244 2027 atqui
1272 1949 1575 2028 propositio
1619 1960 2042 2014 reminiscentiaa

467 2064 595 2102 vera
617 2057 719 2108 est,
741 2049 934 2101 falsum
959 2049 1120 2116 igitur
1142 2057 1226 2102 est
1252 2052 1490 2104 animam
1517 2066 1642 2105 esse
1673 2049 2038 2106 harmoniam.

469 2139 638 2194 Porro
690 2144 869 2194 anima
937 2142 1232 2210 opponitur
1279 2143 1518 2212 corpori,
1567 2150 1622 2198 et
1681 2145 2040 2213 principalem

467 2234 676 2288 obtinet
700 2234 968 2287 rationem
997 2242 1255 2302 tauquam
1276 2232 1551 2303 imperans
1580 2235 1716 2304 ipsi;
1741 2242 2041 2288 concentus

469 2341 618 2386 vero,
662 2341 838 2393 neque
864 2323 1141 2394 prmcedit,
1171 2341 1349 2395 neque
1389 2325 1738 2381 adversatur:
1789 2342 1896 2380 non
1950 2333 2035 2380 est

469 2417 636 2485 igitur
656 2415 834 2467 anima
863 2421 1201 2467 concentus:
1235 2421 1492 2482 praeterea
1542 2414 1825 2467 harmonia
1870 2414 2042 2483 magis

467 2516 524 2560 et
558 2508 738 2560 minus
772 2513 855 2560 cst
882 2516 1181 2571 concentu;
1216 2505 1341 2559 item
1383 2505 1666 2558 harmonia
1697 2507 1749 2559 in
1787 2507 2038 2572 laxanda,

471 2606 525 2651 et
571 2597 903 2651 intendendo
954 2603 1238 2661 versatur;
1289 2595 1567 2649 enimvero
1617 2597 1668 2648 in
1727 2595 2043 2652 definitione

468 2695 765 2740 concentus
795 2683 1236 2753 haudquaquam,
1262 2685 1460 2753 quippe
1493 2683 1648 2739 nefas
1671 2692 1754 2739 est
1775 2687 2038 2740 rationem

469 2781 642 2849 magis
671 2778 750 2832 vel
777 2778 957 2830 minus
995 2777 1330 2841 habere;sed
1350 2777 1403 2828 in
1433 2785 1699 2831 concentu
1732 2781 2036 2848 reperitur:

473 2871 674 2926 etenim
707 2870 754 2924 si
785 2869 1102 2938 permistus,
1133 2876 1326 2921 acutus
1354 2883 1522 2922 sonus
1551 2876 1604 2922 et
1631 2870 1815 2938 gravis
1843 2889 1856 2926 :
1889 2869 2040 2925 dein-

469 2967 532 3015 de
564 2965 608 3016 si
642 2961 1010 3024 remittantur,
1050 2968 1102 3013 et
1136 2968 1530 3028 temperentur,
1580 2961 1823 3016 eamdem
1869 2963 2039 3015 ratio-

469 3067 592 3105 nem
625 3059 956 3106 conservant
991 3051 1045 3103 in
1089 3051 1560 3120 magnitudinibus
1608 3066 1886 3106 sonorum.
1930 3051 2037 3107 Ve-

468 3159 587 3195 rum
621 3142 968 3195 mutationem
998 3140 1192 3208 accipit
1227 3141 1525 3194 secundum
1549 3143 1841 3195 harmonia:
1867 3157 2033 3211 copu-

2155 586 2633 655 προαποδέδεικται
2671 586 2798 656 γὰρ,
2848 588 2928 639 δτι
2969 589 3026 639 αἱ
3080 586 3341 658 μαθήσεις
3389 589 3722 658 ἀναμνήσεις

2151 677 2274 729 εἰσί.
2312 676 2479 728 Τοῦτο
2507 673 2598 729 οὖν
2626 677 2805 729 λαϐὼν
2831 678 2906 740 ὡς
2928 677 3371 746 ὁμολογούμενον,
3417 679 3721 731 κατασκευ-

2151 767 2269 830 άζει
2311 767 2401 820 τὸν
2443 768 2598 836 λόγον
2640 767 2831 828 οὕτως’
2867 771 2929 820 Εἰ
2976 771 3029 820 αἱ
3084 769 3346 840 μαθήσεις
3388 771 3719 840 ἀναμνήσεις

2116 913 2119 916 _
2151 859 2303 922 εἰσὶν,
2327 856 2395 929 ἦν
2424 862 2580 930 ἡμῶν
2612 863 2644 930 ἡ
2673 861 2838 930 ψυχὴ,
2875 861 3002 930 πρὶν
3033 862 3091 914 ἐν
3126 861 3203 928 τῷ
3239 861 3558 932 ἀνθρωπίνῳ
3587 863 3718 915 εἴδει

2150 951 2433 1019 γενέσθαι·
2477 955 2523 1004 εἰ
2553 952 2608 1003 δὲ
2639 952 2871 1022 ἁρμονία
2903 955 3040 1015 ἐστὶ,
3072 953 3333 1023 πρότερον
3376 955 3472 1024 μὲν
3498 956 3595 1007 οὐκ
3627 948 3716 1025 ἦν,

2151 1042 2373 1112 ὕστερον
2396 1042 2452 1095 δὲ
2483 1044 2715 1110 ἐγένετο,
2747 1043 3112 1114 ἁρμοσθέντος
3139 1045 3232 1096 τοῦ
3270 1044 3542 1114 σώματος’
3571 1047 3718 1097 πᾶσα

2149 1135 2259 1203 γὰρ
2292 1134 2539 1197 σύνθεσις
2583 1136 2680 1187 οὐκ
2720 1135 2890 1199 ἄλλως
2930 1134 3065 1205 ἔχει,
3113 1135 3146 1205 ἢ
3193 1135 3266 1198 ὡς
3298 1135 3408 1206 ἔχει
3437 1138 3617 1191 ἐκεῖνα
3647 1137 3717 1190 τὰ

2148 1227 2205 1292 ἐξ
2229 1220 2302 1279 ὧν
2346 1227 2640 1294 σύγκειται.
2692 1228 2956 1281 Κοινωνία
2991 1229 3096 1298 γάρ
3123 1229 3206 1292 τίς
3247 1231 3360 1281 ἐστι
3391 1229 3496 1281 τῶν
3530 1246 3717 1281 συντε-

2149 1313 2410 1382 θειμένων
2461 1316 2494 1382 ἡ
2540 1313 2785 1376 σύνθεσις
2817 1315 3049 1384 ἁρμονία
3081 1311 3236 1375 οὖσα,
3281 1317 3375 1369 καὶ
3405 1317 3466 1368 οὐ
3519 1314 3714 1368 κωλύει

2146 1405 2205 1457 τὸ
2237 1406 2312 1476 μὴ
2341 1405 2588 1475 ἡγεῖσθαι
2621 1406 2788 1474 αὐτὴν
2814 1407 3032 1459 ἐκείνων
3061 1407 3152 1476 ἀφ’
3177 1401 3249 1458 ὧν
3279 1407 3552 1478 συνετέθη.
3583 1405 3734 1474 ἀλλά

2147 1497 2371 1550 ἕπεσθαι
2404 1497 2606 1560 αὐτοῖς.
2656 1498 2900 1567 Μάχεται
2944 1499 3123 1551 τοίνυν
3166 1498 3243 1569 τῷ
3274 1499 3536 1568 ἁρμονίαν
3578 1493 3714 1551 εἶναι

2145 1589 2244 1656 τὴν
2279 1588 2477 1658 ψυχὴν,
2507 1587 2566 1640 τὸ
2589 1587 2686 1651 τὰς
2714 1588 2971 1660 μαθήσεις
2997 1590 3326 1658 ἀναμνήσεις
3357 1586 3494 1644 εἶναι
3515 1603 3527 1616 ·
3572 1587 3634 1640 τὸ
3657 1587 3714 1639 δὲ

2146 1678 2252 1730 τῶν
2288 1679 2644 1748 ἁναμνήσεων
2681 1678 2877 1749 ἀληθές
2921 1680 3069 1730 ἐστι·
3122 1678 3314 1747 ψεῦδος
3359 1677 3465 1748 ἄρα
3510 1676 3572 1729 τὸ
3615 1676 3714 1746 τὴν

2145 1768 2320 1839 ψυχὴν
2349 1769 2613 1840 ἁρμονίαν
2646 1765 2802 1822 εἶναι.
2833 1771 2953 1822 Ἔτι
2999 1771 3029 1839 ή
3059 1770 3157 1839 μὲν
3201 1769 3345 1838 ψυχὴ
3383 1769 3714 1822 ἐναντιοῦται

2073 1855 2116 1910 Β
2147 1859 2222 1930 τῷ
2254 1859 2483 1929 σώματι,
2520 1862 2612 1912 καὶ
2644 1859 2734 1911 τὸν
2772 1861 2996 1930 ἀρχικὸν
3040 1861 3224 1929 ἐπέχει
3271 1862 3448 1928 λόγον,
3489 1860 3580 1913 ἁτε
3613 1860 3712 1931 ἀρ-

2147 1967 2313 2019 χουσα
2343 1950 2504 2003 αὑτοῦ
2527 1968 2539 1980 ο
2577 1952 2608 2020 ἠ
2641 1951 2697 2003 δὲ
2729 1952 2962 2022 ἁρμονία
2990 1951 3111 2004 οὔτε
3143 1953 3374 2021 ἡγεῖται,
3409 1950 3531 2003 οὔτε
3564 1953 3715 2003 ἐναν-

2147 2043 2383 2098 τιοῢται·
2419 2045 2518 2098 οὐκ
2575 2045 2682 2116 ἀρα
2715 2046 2747 2115 ἡ
2778 2045 2922 2114 ψυχὴ
2953 2043 3182 2115 ἁρμονία
3206 2061 3218 2073 ·
3256 2044 3335 2096 ἔτι
3367 2045 3597 2114 ἁρμονία
3624 2045 3716 2113 ἀρ-

2152 2136 2338 2206 μονίας
2373 2135 2572 2205 μᾶλλον
2615 2135 2707 2188 καὶ
2739 2132 2898 2207 ἧττόν
2924 2139 3067 2188 ἐστιν
3087 2152 3099 2164 ο
3137 2135 3399 2206 ἁρμονίας
3428 2133 3483 2185 δὲ
3524 2131 3585 2184 τὸ
3615 2151 3713 2203 χα-

2147 2226 2341 2279 λᾶσθαι
2384 2226 2478 2278 καὶ
2511 2226 2903 2279 ἐπιτείνεσθαι·
2941 2229 2996 2279 ἐν
3036 2225 3111 2296 τῷ
3148 2209 3290 2294 λόγῳ
3322 2225 3378 2278 δὲ
3414 2223 3514 2294 τῆς
3543 2224 3714 2294 ἁρμο-

2148 2319 2264 2382 νίας
2300 2317 2396 2371 οὖο
2432 2319 2686 2371 ἀδύνατον
2738 2318 2845 2390 γὰρ
2887 2319 3041 2386 λόγον
3083 2318 3143 2370 τὸ
3179 2317 3375 2388 μᾶλλον
3419 2315 3512 2368 καὶ⁸
3554 2311 3715 2387 ἦττον

2148 2414 2310 2483 ἔχειν,
2351 2411 2463 2465 ἀλλ’
2515 2414 2571 2464 ἐν
2618 2413 2682 2481 τῇ
2733 2411 2998 2483 ἁρμονίᾳ·
3054 2409 3150 2463 ὲὰν
3218 2410 3325 2480 γὰρ
3380 2409 3716 2478 κεκραμένος

2147 2505 2271 2569 ὀξὺς
2315 2504 2549 2572 φθόγγος
2581 2504 2672 2555 καὶ
2693 2501 2894 2572 βαρύς·
2919 2501 3108 2556 ἔπειτα
3149 2500 3410 2561 ἀνεθῶσι,
3441 2501 3530 2552 τὸν
3559 2498 3716 2566 λόγον

2152 2599 2248 2665 μὲν
2289 2596 2379 2649 τὸν
2409 2595 2569 2648 αὐτὸν
2617 2594 2876 2658 σώζουσιν
2903 2593 2960 2643 ἐν
2987 2592 3098 2654 τοῖς
3131 2589 3382 2660 μεγέθεσι
3413 2588 3520 2641 τῶν
3548 2588 3716 2657 φθόγ-

2147 2705 2292 2756 γων’
2342 2685 2693 2757 παραλλαγὴν
2730 2683 2787 2736 δὲ
2833 2683 3099 2754 λαμϐάνει
3133 2681 3274 2735 κατὰ
3305 2681 3401 2751 τὴν
3445 2679 3714 2750 ἁρμογὴν,

2155 2780 2354 2850 μᾶλλον
2387 2780 2482 2832 καὶ
2510 2774 2669 2850 ἦττον
2715 2775 3089 2846 ἐπιτεινομένη
3111 2792 3124 2807 ο
3158 2773 3304 2844 ψυχὴ
3331 2774 3386 2826 δὲ
3413 2773 3589 2843 ψυχῆς
3615 2773 3717 2824 οὐκ

2146 2873 2262 2926 ἐστι
2311 2871 2508 2943 μᾶλλον
2554 2869 2647 2922 καὶ
2691 2863 2888 2940 ἧττον·
2938 2868 3038 2921 οὐκ
3069 2867 3174 2938 ἄρα
3220 2866 3452 2936 ἁρμονία
3499 2866 3646 2918 ἐστὶν
3680 2865 3715 2935 ἡ

2143 2968 2312 3037 ψυχή.
2365 2966 2484 3017 Ἔτι
2531 2965 2565 3034 ἡ
2603 2961 2746 3032 ψυχὴ
2789 2961 2988 3031 ἀρετὴν
3016 2961 3108 3012 καὶ
3146 2961 3342 3012 κακίαν
3373 2959 3713 3028 ἐπιδέχεταιο

2145 3061 2178 3130 ἡ
2209 3058 2263 3110 δὲ
2297 3054 2530 3126 ἁρμονία
2567 3051 2830 3124 ἁρμονίαν
2872 3051 2965 3103 καὶ
2996 3050 3360 3120 ἀναρμοστίαν
3397 3048 3497 3100 οὐκ
3535 3046 3716 3100 ἐπιδέ-

2145 3164 2329 3222 χεταιο
2388 3148 2488 3201 οὐκ
2543 3145 2647 3214 ἄρα
2706 3141 2936 3214 ἁρμονία
2990 3142 3138 3194 ἐστὶν
3190 3141 3222 3210 ὴ
3281 3139 3444 3211 ψυχή.
3508 3140 3626 3192 Ἔτι
3681 3140 3714 3210 ή

469 3239 572 3292 lam
603 3238 775 3306 magis
804 3246 856 3290 et
881 3236 1062 3288 minus
1103 3235 1350 3300 intensa;
1393 3235 1572 3287 anima
1609 3244 1789 3287 autem
1816 3250 1925 3289 non
1951 3246 2035 3291 est

2332 3243 2388 3293 ἐν
2437 3237 2513 3308 τῷ
2556 3235 2892 3305 ἐπιδέχεσθαι
2946 3232 3015 3285 τὰ
3054 3231 3288 3296 ἐναντία,
3328 3231 3479 3302 παρὰ
3531 3231 3714 3302 μέρος,

468 3329 640 3396 magis
671 3326 753 3379 vel
795 3325 973 3377 minus
1011 3323 1223 3375 anima:
1256 3323 1419 3390 igitur
1448 3325 1627 3376 anima
1659 3340 1766 3377 non
1798 3335 1879 3379 est
1907 3325 2036 3378 har-

468 3417 668 3468 monia.
725 3413 853 3468 ltem
913 3415 1090 3466 anima
1139 3415 1393 3467 virtutem
1427 3425 1481 3467 et
1533 3414 1726 3467 vitium
1772 3415 2034 3483 admittit;

467 3513 766 3560 concentus
797 3520 925 3558 vero
954 3516 1278 3559 concentum
1313 3514 1366 3558 ct
1395 3505 1784 3559 inconcinnum
1821 3518 2036 3562 cantum

469 3613 577 3651 non
610 3598 775 3666 capit.
813 3595 933 3650 Non
965 3607 1048 3652 est
1079 3597 1247 3666 igitur
1276 3596 1458 3649 anima
1489 3608 1808 3653 concentus.
1841 3599 2039 3653 Adbaac

468 3688 650 3740 anima
678 3689 731 3740 in
761 3686 1126 3756 suscipiendis
1161 3687 1458 3742 contrariis
1486 3703 1613 3756 pars
1655 3696 1738 3742 est
1778 3691 2040 3752 substan-

470 3782 559 3833 tia:
583 3788 637 3833 et
664 3779 1005 3848 subjectum;
1037 3779 1323 3832 harmonia
1355 3794 1484 3832 vero
1513 3781 1748 3848 qualitas
1787 3790 1870 3835 est
1907 3791 1960 3836 et
1987 3784 2040 3836 iu

472 3871 740 3939 subjecto.
779 3869 1098 3924 Substantia
1155 3880 1335 3925 autem
1369 3871 1512 3924 aliud
1554 3883 1638 3925 est
1685 3887 1714 3924 a
1749 3873 2039 3940 qualitate:

471 3961 750 4031 estigitur
803 3961 984 4014 anima
1039 3961 1185 4014 aliud
1243 3976 1272 4013 a
1332 3972 1620 4016 concentu.
1676 3963 1856 4027 Quare
1913 3965 2043 4017 nihil

473 4051 698 4122 absurdi
761 4059 843 4105 est
881 4051 1118 4104 animam
1178 4051 1500 4122 participem
1554 4069 1676 4108 esse
1717 4055 2040 4121 harmoniae;

473 4143 572 4198 sed
602 4158 710 4197 non
742 4151 1027 4211 propterea
1048 4151 1133 4196 est
1163 4152 1496 4210 concentus;
1522 4160 1697 4214 neque
1731 4147 1876 4200 enim
1916 4149 2045 4217 quia

474 4234 692 4288 virtutis
723 4235 998 4303 particeps
1029 4243 1134 4300 est,
1169 4233 1290 4289 ideo
1319 4237 1497 4290 virtus
1528 4247 1612 4290 est
1641 4237 1844 4291 anima.
1883 4238 2045 4294 Gale-

475 4341 580 4381 nus
608 4341 739 4380 vero
769 4326 903 4379 nihil
937 4340 1068 4380 sane
1101 4326 1328 4392 asserit;
1361 4343 1547 4381 verum
1601 4339 1932 4398 protestatur
1990 4334 2045 4386 in

473 4416 904 4471 demonstrativo
935 4430 1206 4480 sermone,
1244 4417 1388 4486 quod
1419 4417 1554 4471 nihil
1581 4418 1648 4474 de
1683 4421 1862 4475 anima
1893 4422 2045 4476 afﬁr-

473 4508 734 4575 maverit;
775 4508 869 4562 sed
905 4509 1181 4577 probabile
1213 4516 1297 4562 est
1330 4524 1394 4562 ex
1429 4509 1498 4562 iis
1549 4525 1672 4579 qua:
1729 4511 1886 4573 dicit,
1915 4529 2039 4567 eum

471 4599 648 4668 magis
681 4599 911 4668 probare
937 4599 1170 4652 animam
1194 4613 1316 4652 esse
1367 4606 1876 4670 temperamentum.
1923 4602 2041 4659 Huc

473 4687 618 4742 enim
655 4688 989 4757 propendere
1015 4703 1225 4742 morum
1255 4687 1635 4753 diﬂ‘erentiam,
1665 4707 1727 4745 ex
1758 4691 2044 4761 Hippocra-

474 4781 548 4834 tis
571 4781 732 4836 dictis
761 4781 1212 4835 commentarium
1247 4779 1503 4834 instituit.
1539 4782 1695 4847 Quod
1758 4782 1804 4836 si
1836 4783 1908 4836 ita
1937 4791 2040 4849 est,

475 4874 823 4944 perspicuum
856 4881 938 4928 est
993 4873 1201 4943 opinari
1261 4873 1498 4926 animam
1563 4874 1846 4929 mortalem
1897 4889 2040 4939 esse,

476 4983 584 5020 non
615 4974 798 5020 tamen
850 4981 1088 5031 omnem,
1146 4965 1241 5020 sed
1287 4966 1602 5030 humanam,
1654 4981 1761 5036 qua
1814 4967 2044 5022 rationis

475 5074 668 5129 expers
691 5067 805 5124 est;
835 5074 1022 5113 verum
1054 5057 1121 5110 de
1169 5057 1396 5111 rationis
1456 5057 1740 5127 participe,
1794 5058 2046 5128 ambigue

478 5149 558 5201 sic
584 5145 1029 5216 loquitueruod
1066 5161 1193 5199 vero
1223 5162 1330 5199 non
1363 5148 1533 5216 possit
1566 5149 1746 5201 anima
1775 5155 2045 5218 tempera-

478 5250 718 5291 mentum
756 5237 1002 5304 corporis
1044 5251 1188 5297 esse,
1245 5236 1371 5289 hinc
1401 5243 1582 5304 patet:
1625 5236 1801 5292 Omne
1846 5252 2047 5304 corpus

478 5331 775 5383 animatum
810 5342 971 5398 atque
1002 5329 1302 5382 inanimum
1360 5345 1423 5382 cx
1479 5337 1715 5397 quatuor
1763 5330 2048 5383 elementis

477 5423 695 5476 mistum
727 5429 840 5484 est;
882 5420 974 5474 sed
1002 5421 1146 5474 enim
1184 5421 1376 5473 herum
1429 5420 1610 5474 mistio
1642 5436 1872 5489 corpora
1911 5437 2044 5475 con-

476 5515 670 5580 stituit;
721 5529 890 5584 quare
920 5514 966 5568 si
1014 5514 1192 5576 anima
1250 5512 1497 5581 corporis
1559 5521 2045 5581 temperamentum

473 5616 638 5671 essm,
674 5607 807 5659 nihil
846 5605 986 5661 foret
1018 5605 1277 5669 inanime,
1307 5613 1364 5657 ut
1397 5605 1534 5657 ratio
1563 5605 1934 5658 demonstrat:
1967 5607 2047 5660 sic

474 5695 617 5747 enim
641 5697 821 5749 anima
849 5697 1094 5764 corporis
1123 5696 1305 5749 ruistio
1332 5703 1497 5749 esset.
1529 5694 1742 5748 Rursus
1765 5697 1809 5749 si
1845 5711 2047 5762 corpus

473 5787 758 5843 misturam
793 5790 973 5860 habet,
1023 5800 1076 5847 et
1121 5807 1283 5846 omne
1324 5805 1524 5860 corpus
1559 5790 1794 5842 animam
1850 5789 2044 5844 habet:

2138 3337 2294 3389 οὐσία
2333 3332 2451 3386 ἐστὶ
2502 3327 3026 3402 καιὺποκείμενον·
3059 3327 3091 3395 ἡ
3133 3325 3187 3377 δὲ
3216 3325 3448 3395 ἁρμονία
3495 3325 3716 3393 ποιότης

2141 3430 2235 3481 καὶ
2289 3429 2344 3480 ἐν
2393 3423 2771 3492 ὑποκειμένῳ·
2832 3419 2952 3490 ἡδὲ
2991 3418 3146 3470 οὐσία
3179 3418 3460 3487 ποιότητος
3503 3416 3712 3485 ἓτερον,

2141 3521 2233 3573 καὶ
2272 3520 2305 3588 ἡ
2358 3515 2502 3586 ψυχὴ
2550 3515 2655 3584 ἄρα
2704 3511 2966 3582 ἁρμονίας
3019 3509 3222 3580 ἕτερον.
3283 3508 3571 3579 Ἀρμονίας
3619 3507 3716 3577 μέν

2140 3628 2221 3663 τοι
2253 3609 2497 3679 μετέχειν
2542 3605 2637 3675 τὴν
2663 3603 2840 3673 ψυχὴν
2868 3602 3018 3654 οὐδὲν
3049 3601 3247 3654 ἄτοπον
3267 3619 3280 3631 ·
3328 3601 3441 3654 ἀλλ’
3473 3603 3536 3653 οὐ
3567 3600 3716 3671 παρὰ

2141 3701 2298 3754 τοῦτο
2335 3698 2569 3769 ἁρμονία
2597 3696 2775 3749 ἐστίν⁸
2819 3695 2881 3747 οὐ
2922 3693 3030 3763 γὰρ
3066 3694 3196 3746 διότι
3239 3694 3440 3765 ἀρετῆς
3477 3693 3713 3763 μετέχει,

2143 3788 2310 3858 ἀρετή
2347 3789 2492 3838 ἐστιν
2538 3787 2571 3854 ἡ
2624 3783 2792 3854 ψυχή.
2845 3783 3080 3850 Γαληνὸς
3116 3782 3172 3835 δὲ
3218 3783 3574 3850 ἀποφαίνεται
3619 3783 3716 3853 μὲν

2143 3880 2311 3941 οὐδὲν,
2346 3878 2478 3932 ἀλλὰ
2504 3875 2928 3947 διαμαρτύρεται
2967 3876 3022 3927 ἐν
3062 3873 3141 3943 τῷ
3171 3873 3716 3944 ἁποδεικτικῷ·λόγῳ,

2145 3971 2218 4034 ὡς
2247 3970 2397 4022 οὐδὲν
2431 3970 2513 4039 εἴη
2543 3969 2670 4039 περὶ
2697 3966 2876 4037 ψυχῆς
2905 3966 3336 4034 ἀποφαινόμενος
3355 3981 3367 3994 ·
3398 3964 3539 4017 ἔοικε
3574 3964 3630 4016 δὲ
3658 3964 3717 4029 ἐξ

2146 4056 2220 4115 ὧν
2246 4061 2392 4129 λέγει
2410 4059 2720 4130 δοκιμάζειν
2749 4057 2946 4128 μᾶλλον
2973 4056 3068 4127 τὴν
3091 4058 3284 4126 κρᾶσιν
3314 4051 3453 4108 εἶναι
3487 4057 3586 4124 τὴν
3613 4055 3716 4124 ψυ-

2147 4155 2247 4224 χήν
2267 4171 2280 4184 ο
2309 4152 2481 4224 ταύτῃ
2530 4151 2638 4220 γάρ
2682 4148 3065 4202 ἐπακολουθεῖν
3090 4149 3187 4216 τὴν
3215 4146 3323 4200 τῶν
3363 4146 3507 4214 ἠθῶν
3533 4147 3718 4216 διαφο-

2149 4244 2268 4314 ρὰν,
2302 4245 2365 4295 ἐκ
2392 4242 2499 4293 τῶν
2537 4241 2925 4310 Ἱπποκράτους
2954 4239 3374 4302 κατασκευάζων
3405 4239 3497 4292 τὸν
3525 4239 3678 4307 λόγον
3699 4255 3714 4268 '

2147 4334 2196 4384 εἰ
2225 4333 2281 4384 δὲ
2305 4331 2482 4391 τοῦτο,
2507 4330 2663 4399 δῆλον
2685 4331 2766 4382 ὃτι
2799 4329 2891 4381 καὶ
2922 4328 3116 4399 θνητὴν
3149 4330 3318 4399 αὐτὴν
3349 4331 3515 4382 οἴεται
3542 4324 3678 4382 εἶναι
3698 4345 3713 4360 ·

2147 4425 2207 4476 οὺ
2241 4425 2418 4475 πᾶσαν
2453 4423 2529 4485 δὲ,
2569 4421 2706 4474 ἀλλά
2747 4420 2844 4490 τὴν
2875 4420 3065 4486 ἄλογον
3106 4420 3272 4489 μόνην
3305 4420 3479 4490 ψυχὴν
3505 4419 3596 4472 τοῦ
3623 4422 3718 4472 ἀν-

2149 4513 2366 4584 θρώπου
2387 4531 2399 4543 ο
2432 4513 2561 4583 περὶ
2591 4512 2646 4564 δὲ
2675 4514 2771 4580 τῆς
2801 4511 3022 4581 λογικῆς
3060 4509 3388 4580 ἀμφιϐάλλει
3420 4509 3592 4578 λέγων
3627 4508 3718 4561 οὓ-

2142 4622 2268 4668 τως·
2307 4605 2429 4657 Ὅτι
2458 4604 2513 4656 δὲ
2549 4605 2609 4656 οὐ
2638 4603 2857 4656 δύναται
2889 4602 2981 4654 τοῦ
3011 4599 3257 4671 σώματος
3291 4604 3324 4672 ή
3358 4603 3552 4672 κρᾶσις
3581 4595 3718 4653 εἶναι

2141 4696 2307 4767 ψυχὴ.
2345 4697 2500 4764 δῆλον
2554 4695 2833 4747 ἐντεῦθεν
2879 4693 2994 4746 Πᾶν
3029 4693 3187 4763 σῶμα
3234 4693 3472 4763 ἔμψυχόν
3520 4709 3578 4744 τε
3625 4692 3718 4745 καὶ

2143 4788 2366 4857 ἄψυχον,
2401 4789 2466 4838 ἐκ
2503 4785 2608 4838 τῶν
2640 4785 2918 4862 τεσσάρων
2952 4784 3228 4854 στοιχείων
3258 4785 3610 4855 κεκράτηται.
3653 4783 3717 4836 Ἦ

2143 4880 2250 4948 γὰρ
2305 4878 2508 4928 τούτων
2569 4878 2762 4946 κρᾶσις
2813 4874 2882 4926 τὰ
2933 4872 3159 4944 σώματα
3213 4873 3603 4944 ἀπεργάζεται.
3655 4873 3718 4925 Εἰ

2143 4970 2322 5021 τοίνυν
2355 4971 2389 5038 ὴ
2432 4967 2525 5020 τοῦ
2571 4966 2818 5037 σώματος
2864 4965 3056 5036 κρᾶσίς
3095 4967 3244 5018 ἐστιν
3288 4967 3320 5035 ή
3361 4965 3526 5036 ψυχὴ,
3566 4965 3718 5018 οὑδὲ-δ

2145 5059 2350 5130 ἄψυχον
2393 5059 2566 5121 ἔσται,
2614 5057 2689 5118 ὡς
2732 5056 2760 5106 ὁ
2795 5056 2948 5124 λόγος
2979 5055 3278 5120 ἀπέδειξεν.
3327 5055 3484 5108 Οὕτω
3529 5055 3635 5126 γὰρ
3681 5058 3714 5123 ἡ

2145 5155 2340 5224 κρᾶσις
2372 5150 2464 5204 τοῦ
2508 5149 2755 5220 σώματος
2799 5149 2945 5218 ψυχὴ
2974 5149 3145 5202 ἔσται.
3183 5148 3347 5201 Πάλιν
3392 5149 3439 5201 εί
3473 5149 3534 5200 τὸ
3562 5148 3719 5216 σῶμα

2148 5247 2340 5315 κρᾶσιν
2373 5243 2506 5313 ἔχει,
2556 5243 2647 5294 καὶ
2687 5242 2794 5293 πᾶν
2845 5241 3002 5308 σῶμα
3039 5239 3214 5310 ψυχὴν
3245 5240 3388 5309 ἔχει·
3425 5243 3472 5292 εἰ
3509 5241 3566 5293 δέ
3610 5243 3717 5292 πᾶν

2149 5338 2306 5406 σῶμα
2339 5337 2504 5404 ψυχὴ,
2549 5334 2700 5386 οὐδὲν
2746 5332 2903 5401 σῶμά
2945 5333 3091 5384 ἐστιν
3137 5329 3373 5398 ἄψυχον·
3411 5329 3534 5381 οὔτε
3575 5329 3718 5390 λίθος

2147 5427 2276 5494 ἄρα,
2312 5425 2433 5479 οὕτε
2467 5424 2618 5488 ξύλα,
2666 5423 2788 5476 οὕτε
2824 5423 3059 5492 σίδηρος,
3108 5420 3230 5474 οὔτε
3267 5420 3394 5474 ἄλλο
3424 5438 3477 5474 τι
3514 5421 3717 5489 ἄψυχον

2148 5519 2301 5570 ἔσται
2321 5531 2334 5544 °
2370 5518 2418 5569 εἰ
2447 5516 2502 5569 δὲ
2549 5514 2624 5585 μὴ
2655 5513 2881 5567 καθόλου
2913 5513 3087 5565 πᾶσαν
3117 5513 3311 5583 κρᾶσιν
3345 5510 3594 5580 σώματος
3627 5510 3714 5561 λέ-

2148 5626 2234 5678 γει
2261 5607 2434 5678 ψυχὴν
2467 5605 2625 5669 εἶναι,
2671 5605 2807 5660 ἀλλά
2838 5605 2934 5670 τὴν
2963 5604 3169 5658 τοιάνδε
3191 5621 3202 5634 ·
3241 5603 3558 5673 ἐρωτητέον.
3591 5603 3721 5653 ποία

2151 5701 2344 5771 κρᾶσίς
2393 5702 2559 5763 ἐστιν,
2612 5700 2644 5768 ἡ
2701 5698 2837 5762 ζῶον
2889 5696 3136 5759 ποιοῦσα,
3193 5697 3287 5747 καὶ
3336 5696 3510 5765 ψυχῆς
3563 5693 3720 5761 λόγον

2151 5790 2441 5860 ἐπέχουσα.
2495 5789 2714 5842 Ὀποίαν
2742 5790 2846 5859 γὰρ
2877 5788 2941 5841 ἂν
2973 5788 3113 5842 εἴποι
3153 5786 3252 5857 τὴν
3289 5786 3503 5856 κρᾶσιν,
3535 5783 3717 5838 τοιαύ-
