4166 6372
426 384 524 437 197

1855 395 1940 450 DE
1981 395 2218 450 ANIMA.

3566 392 3671 448 198

420 525 518 578 την
549 507 846 578 εὑρήσομεν
869 503 1006 560 εἶναι
1037 507 1127 560 καὶ
1163 509 1220 560 ἐν
1265 511 1377 572 τοῖς
1407 509 1664 580 ἀψύχοις·
1696 511 1848 568 ἐννέα
1882 513 1990 582 γὰρ

2108 513 2232 583 ιιιοιί
2267 511 2310 568 si
2335 527 2494 567 omne
2524 526 2725 582 corpus
2759 511 2940 564 anima
2972 518 3076 577 est,
3113 509 3324 564 nullum
3357 524 3557 580 corpus
3586 518 3671 563 est

421 597 596 650 οὐσῶν
646 599 927 668 κράσεων,
976 599 1053 662 ὼς
1105 599 1264 662 αὐτὸς
1322 601 1380 652 ἐν
1431 601 1509 670 τῷ
1566 603 1693 673 περὶ
1745 604 1994 674 κράσεως

421 687 617 752 ἔδειξεν
640 707 654 720 ⁸
703 688 847 741 ὀκτὼ
887 691 984 760 μὲν
1021 690 1130 743 τῶν
1157 692 1493 763 δυσκράτων,
1528 696 1658 763 μιᾶς
1684 695 1740 748 δὲ
1775 697 1872 766 τῆς
1904 698 1996 748 εὐ-

423 780 656 850 κράτου·
711 781 850 834 κατὰ
903 781 1001 850 μὲν
1047 783 1143 852 τὴν
1195 782 1456 854 εὔκρατον
1501 785 1648 853 λέγει
1699 786 1996 858 κεκρᾶσθαι

423 874 512 925 τὸν
560 873 863 944 ἄνθρωπον,
915 876 976 927 οὐ
1017 877 1191 929 πάντα
1240 877 1318 938 δὲ,
1365 878 1501 929 ἀλλά
1550 879 1641 930 τὸν
1683 879 1781 948 τῆς
1827 881 1997 950 μέσης

423 965 701 1035 κράσεως·
737 965 877 1018 κατά
921 968 978 1020 δὲ
1027 967 1123 1030 τὰς
1162 969 1324 1030 ἄλλας
1368 969 1701 1040 δυσκρασίας
1748 972 1816 1024 τὰ
1862 971 1998 1025 ἄλλα

425 1055 536 1119 ζῶα
580 1058 700 1110 κατ’
747 1053 883 1121 εἶδος
930 1059 1066 1129 μετά
1105 1060 1203 1130 τῆς
1251 1061 1341 1113 ἐπὶ
1384 1061 1444 1112 τὸ
1479 1061 1676 1132 μᾶλλον
1707 1063 1800 1115 καὶ
1838 1059 1996 1134 ἦττον

424 1141 660 1212 ἀνέσεώς
702 1167 763 1202 τε
807 1151 898 1203 καὶ
931 1152 1232 1215 ὲπιτάσεως
1263 1153 1606 1225 εὑρίσκονται
1627 1195 1640 1218 ,
1686 1155 1780 1208 καὶ
1807 1157 1864 1207 ὲν
1886 1158 1996 1218 τοῖς

425 1239 650 1308 ἀψύχοις
701 1241 926 1310 κράσεις
975 1242 1111 1310 μετά
1155 1241 1248 1294 τοῦ
1299 1243 1495 1313 μᾶλλον
1545 1243 1639 1296 καὶ
1684 1239 1878 1315 ἦττον·
1924 1245 2000 1308 ὡς

425 1331 583 1392 αὐτὸς
615 1331 775 1384 πάλιν
808 1332 866 1384 ὲν
900 1335 1010 1395 τοῖς
1056 1332 1244 1396 ἁπλοῖς
1281 1333 1579 1399 ἀπέδειξεν.
1617 1336 1738 1388 Ἔτι
1770 1338 1803 1406 ή
1852 1335 1999 1407 ψυχὴ

425 1421 618 1491 κρᾶσίς
656 1424 835 1476 ἐστιν’
889 1424 944 1475 αἱ
993 1423 1050 1475 δὲ
1085 1423 1308 1492 κράσεις
1341 1425 1482 1477 κατά
1526 1425 1626 1488 τὰς
1664 1425 1878 1496 ἡλικίας
1907 1428 2000 1479 καὶ

405 1511 522 1569 ’τὰς
569 1507 738 1578 ὥρας,
785 1509 880 1562 καὶ⁵
909 1510 1008 1571 τὰς
1036 1509 1244 1573 διαίτας
1267 1529 1280 1540 ⁸
1329 1514 1360 1582 ὴ
1391 1513 1536 1584 ψυχὴ
1579 1514 1995 1568 ἐναλλάσσεται·

425 1599 472 1650 εί
497 1597 551 1650 δὲ
580 1599 984 1664 ἐναλλάσσεται,
1012 1602 1074 1654 οὐ
1097 1601 1193 1673 τὴν
1223 1602 1392 1673 αὐτὴν
1425 1603 1622 1675 ἔχομεν
1646 1605 1843 1678 ψυχὴν,
1866 1607 2000 1660 ἀλλά

425 1692 565 1744 κατά
598 1691 694 1762 τὴν
732 1695 948 1764 κρᾶσιν,
980 1694 1109 1746 ποτὲ
1142 1695 1239 1765 μὲν
1285 1695 1518 1759 λέοντος,
1552 1698 1682 1750 ποτὲ
1710 1699 1767 1751 δὲ
1796 1699 2000 1769 προϐά-

423 1798 538 1845 του,
565 1781 694 1833 ποτὲ
731 1782 788 1835 δὲ
815 1782 974 1836 ἄλλου
1010 1783 1176 1848 τινὸς,
1208 1783 1344 1854 ὅπερ
1388 1786 1607 1840 ἄτοπον.
1639 1787 1758 1839 Ἔτι
1801 1787 1834 1856 ἡ
1868 1787 2001 1857 κρᾶ-

2096 606 2415 666 inanimum,
2448 618 2625 673 neque
2661 618 2792 672 ergo
2816 603 2976 672 lapis,
3019 617 3194 675 neque
3225 603 3393 670 ligna,
3431 616 3530 656 nec
3565 600 3674 654 fer-

2097 708 2239 758 rum,
2272 708 2446 762 neque
2467 693 2614 747 aliud
2665 693 2960 762 quidquam
3017 693 3314 746 inanimum
3340 692 3464 746 erit.
3517 690 3673 756 Quod

2098 782 2143 834 si
2203 796 2309 835 non
2364 782 2640 836 universe”
2673 797 2837 837 omne
2886 789 3372 851 temperamentum
3425 779 3673 848 corporis

2097 873 2239 927 dicat
2269 874 2392 942 quis
2421 888 2544 928 esse
2579 873 2838 939 animam,
2874 875 2967 928 sed
3001 876 3108 927 tale
3141 873 3437 942 ([llﬂddam,
3476 887 3675 941 rogan-

2097 967 2225 1020 dum
2256 977 2340 1021 est
2364 968 2542 1036 qualis
2573 968 2684 1020 lucc
2711 965 2942 1018 mistura
2974 965 3044 1018 sit
3069 981 3190 1034 qua:
3237 965 3438 1018 animal
3482 963 3671 1029 efﬁcit,

2100 1068 2259 1127 atque
2306 1059 2502 1111 animae
2557 1057 2824 1111 rationem
2881 1056 3134 1110 obtinet?
3185 1053 3463 1109 Utramvis
3525 1055 3672 1108 enim

2099 1151 2298 1205 dixerit
2321 1152 2480 1205 talem
2521 1149 2854 1215 mistionem,
2902 1149 3245 1203 inveniemus
3272 1162 3394 1202 esse
3423 1144 3672 1200 eamdem

2098 1244 2260 1299 etiam
2287 1245 2338 1297 in
2371 1243 2440 1298 iis
2477 1257 2598 1312 qua:
2627 1242 2868 1295 inanima
2924 1247 3071 1294 sunt.
3114 1237 3250 1292 Nam
3300 1253 3424 1291 cum
3478 1251 3674 1291 novem

2101 1333 2211 1388 sint
2271 1341 2715 1401 temperamenta,
2778 1340 2836 1384 ut
2890 1330 3006 1399 ipse
3057 1330 3111 1382 in
3165 1329 3560 1382 commentario
3606 1324 3675 1379 de

2101 1424 2546 1494 temperamentis
2575 1422 2757 1487 docet,
2785 1428 2912 1475 octo
2942 1421 3162 1489 quidem
3189 1435 3255 1473 ex
3287 1419 3354 1472 iis
3389 1432 3509 1487 qua:
3532 1431 3676 1486 aegre

2100 1525 2491 1588 temperantur,
2511 1531 2677 1570 unum
2702 1531 2852 1580 vero,
2876 1515 3021 1583 quod
3053 1513 3230 1576 facilis
3261 1522 3343 1566 est
3373 1509 3677 1579 temperiei,

2101 1623 2166 1663 ac
2224 1608 2377 1678 iuxta
2430 1610 2568 1663 bene
2630 1614 2986 1676 temperatam
3055 1605 3342 1659 misturam
3398 1603 3677 1656 hominem

2103 1708 2461 1769 temperatum
2490 1715 2612 1754 esse
2671 1699 2825 1765 dicit,
2887 1697 2980 1753 sed
3027 1712 3136 1750 non
3181 1709 3429 1760 onmem;
3488 1707 3678 1747 verum

2101 1791 2255 1845 illum
2281 1790 2374 1860 qui
2408 1791 2600 1846 mediae
2629 1797 3009 1858 temperatura:
3056 1795 3161 1854 est,
3219 1801 3281 1838 ac
3340 1785 3495 1854 juxta
3541 1783 3679 1836 alias

427 1889 510 1935 σις
541 1873 641 1925 οὐκ
685 1873 1017 1927 ἐναντιοῦται
1066 1877 1182 1938 ταῖς
1222 1875 1537 1946 ἐπιθυμίαις
1580 1877 1672 1929 τοῦ
1723 1876 1993 1947 σώματος,

2108 1884 2519 1953 temperationes
2548 1891 2745 1937 caetera
2785 1880 3041 1934 animalia
3080 1877 3384 1933 secundum
3412 1875 3675 1945 speciem,

423 1962 558 2016 ἀλλὰ
585 1966 678 2016 καὶ
703 1967 972 2034 συνεργεῖ.
1007 1964 1154 2038 Αὕτη
1184 1966 1290 2037 γάρ
1323 1966 1469 2019 ἐστιν
1495 1969 1528 2036 ἡ
1575 1966 1795 2020 κινοῦσα
1815 1983 1827 1995 ⁸
1865 1968 1897 2037 ἡ
1936 1966 1994 2019 δὲ

423 2056 568 2128 ψυχὴ
607 2057 960 2112 ἐναντιοῦται.
986 2059 1098 2112 Οὐκ
1123 2059 1229 2130 ἄρα
1255 2060 1448 2131 κρᾶσίς
1477 2062 1620 2113 ἐστιν
1653 2061 1686 2131 ἡ
1710 2059 1854 2131 ψυχή
1875 2078 1889 2092 ⁸
1914 2059 1995 2112 ἔτι

425 2152 474 2201 εἰ
506 2150 699 2220 κρᾶσίς
732 2151 848 2203 ἐστι
882 2151 1050 2222 ψυχὴ,
1078 2154 1112 2221 ἡ
1141 2152 1198 2205 δὲ
1241 2155 1436 2224 κρᾶσις
1474 2153 1727 2224 ποιότης·
1774 2154 1996 2224 ποιότης

424 2243 480 2294 δὲ
515 2243 832 2311 καὶγίνεται
858 2245 950 2296 καὶ
978 2244 1293 2312 ἀπογίνεται
1323 2245 1491 2316 χωρὶς
1527 2247 1625 2314 τῆς
1657 2243 1748 2297 τοῦ
1777 2245 1998 2298 ὑποκει-

430 2332 588 2402 μένου
617 2332 854 2404 φθορᾶς⁸
888 2333 982 2386 καὶ
1015 2335 1048 2404 ἡ
1081 2333 1226 2405 ψυχὴ
1266 2333 1374 2406 ἄρα
1407 2335 1805 2406 χωρισθήσεται
1829 2335 1996 2406 χωρὶς

426 2423 524 2493 τῆς
556 2423 649 2475 τοῦ
689 2423 1045 2494 ὑποκειμένου
1078 2423 1312 2495 φθορᾶς⁸
1361 2424 1518 2478 τοῦτο
1548 2425 1604 2478 δὲ
1637 2426 1736 2478 οὐκ
1765 2425 1961 2496 ἀληθές
1981 2440 1994 2454 ⁸

427 2516 526 2568 οὐκ
563 2515 671 2586 ἄρα
696 2517 910 2586 κρᾶσις,
941 2516 1070 2597 οὐδὲ,
1099 2515 1320 2586 ποιότης
1351 2517 1496 2569 ἐστὶν
1522 2518 1556 2588 ἡ
1580 2517 1744 2586 ψυχή.
1775 2517 1848 2570 Οὐ
1890 2515 1999 2588 γὰρ

427 2611 491 2680 δή
527 2627 626 2663 που
659 2610 766 2664 τῶν
805 2611 1194 2681 ἀντικειμένων
1232 2611 1292 2662 τὸ
1321 2610 1506 2681 ἕτερον
1550 2609 1794 2679 φυσικῶς
1827 2626 1999 2680 προσ-

430 2704 567 2754 εῖναι
595 2701 825 2772 φήσουσι
855 2701 931 2772 τῷ
959 2701 1102 2772 ζώῳ,
1131 2702 1207 2765 ὼς
1230 2703 1321 2755 ἐπὶ
1343 2701 1436 2753 τοῦ
1463 2701 1632 2771 πυρὸς
1661 2701 1721 2754 τὸ
1762 2701 1962 2773 θερμόν
1981 2717 1997 2732 ⁸

429 2795 758 2865 ἀμετάθετον
811 2794 918 2866 γὰρ
963 2794 1157 2847 τοῦτο·
1208 2795 1456 2863 φαίνεται
1505 2793 1574 2848 δὲ.
1604 2793 1998 2866 μετατιθεμένη

430 2889 464 2956 ἡ
499 2887 713 2957 κρᾶσις.
749 2885 962 2938 Μᾶλλον
1005 2885 1060 2937 δὲ
1096 2887 1190 2938 καὶ
1227 2885 1376 2938 αὐτοί
1407 2886 1542 2938 εἰσιν
1569 2886 1616 2938 οἱ
1658 2884 1746 2939 διά
1793 2884 1892 2955 τῆς
1929 2886 2003 2938 ία-

430 2978 624 3049 τρικῆς
647 2977 840 3046 τέχνης
865 2977 963 3038 τὰς
991 2977 1216 3046 κράσεις
1259 2975 1682 3047 μεταϐάλλοντες
1702 2992 1716 3006 ⁸
1747 2976 1826 3029 ἔτι
1867 2993 2003 3030 παν-

431 3070 520 3132 τὸς
551 3068 797 3138 σώματος
827 3071 881 3121 αἱ
911 3069 1193 3139 ποιότητες
1226 3067 1476 3138 αἰσθηταί
1514 3069 1650 3120 εἰσιν
1674 3083 1688 3097 ⁸
1719 3068 1832 3138 ἠδὲ
1854 3069 2001 3142 ψυχὴ

431 3160 530 3212 οὐκ
567 3158 817 3228 αἰσθητὴ,
852 3157 987 3211 ἀλλά
1015 3158 1177 3229 νοητή
1205 3172 1218 3185 ⁸
1247 3157 1347 3210 οὐκ
1373 3156 1481 3230 ἄρα
1523 3157 1743 3228 ποιότης
1775 3158 2001 3230 ἀσώμα-

430 3250 522 3314 τός
553 3251 701 3304 ἐστιν
738 3251 772 3320 ἡ
811 3249 977 3319 ψυχή.

2102 1990 2224 2029 cum
2260 1974 2588 2030 remissione
2629 1981 2682 2028 et
2720 1973 3042 2038 intentione,
3085 1970 3151 2025 ad
3205 1970 3260 2024 id
3304 1967 3450 2038 quod
3503 1966 3678 2035 magis

2101 2067 2184 2121 vel
2208 2069 2388 2120 minus
2427 2066 2808 2120 inveniuntur:
2847 2066 3088 2134 itemque
3120 2063 3174 2116 in
3201 2075 3383 2115 rerum
3409 2058 3678 2111 inanima-

2103 2165 2282 2210 tarum
2310 2158 2755 2228 temperamentis
2803 2172 2929 2211 cum
2977 2154 3306 2210 remissione
3357 2151 3442 2204 vel
3497 2149 3680 2204 inten-

2103 2250 2277 2305 tione:
2309 2259 2368 2304 ut
2398 2249 2515 2319 ipse
2545 2250 2598 2304 in
2627 2248 2970 2318 simplicibus
2996 2261 3189 2300 rursus
3228 2241 3488 2298 ostendit.
3533 2239 3678 2293 Prae-

2103 2351 2250 2396 terea
2282 2342 2462 2394 anima
2496 2341 2818 2410 temperatio
2839 2349 2952 2406 est;
2992 2339 3085 2393 sed
3121 2335 3540 2406 temperationes
3588 2348 3678 2386 se-

2104 2433 2341 2487 cundum
2370 2434 2608 2498 habitus,
2645 2440 2853 2495 aetates,
2887 2436 3236 2501 tempestates
3259 2427 3388 2482 anni
3426 2434 3481 2480 et
3501 2425 3680 2479 victus

2105 2525 2367 2595 regimina
2399 2541 2457 2578 se
2510 2524 2743 2578 habent:
2769 2533 2822 2578 et
2851 2525 3031 2576 anima
3064 2526 3434 2576 commutatur
3470 2537 3483 2570 :
3533 2515 3682 2587 quod

2107 2615 2154 2670 si
2203 2623 2590 2680 commutatur,
2650 2630 2757 2668 non
2807 2613 3053 2668 eamdem
3087 2613 3354 2666 habemus
3408 2608 3679 2671 animam,

2108 2705 2200 2760 sed
2228 2705 2385 2773 juxta
2436 2705 2753 2775 temperiem
2785 2703 3079 2772 aliquando
3136 2702 3332 2762 leonis,
3389 2697 3685 2769 aliquando

2107 2800 2248 2864 ovis,
2293 2797 2562 2850 interdum
2595 2797 2758 2850 etiam
2796 2795 3020 2850 alterius
3062 2793 3307 2862 cujusvis
3359 2790 3683 2856 animantis,

2108 2887 2250 2957 quod
2276 2887 2677 2956 perabsurdum
2707 2896 2812 2942 est.
2847 2887 3018 2940 Porro
3054 2894 3538 2954 temperamentum
3577 2898 3683 2935 non

2110 2980 2430 3034 adversatur
2460 2981 2782 3036 libidinibus
2808 2979 3081 3050 corporis,
3111 2980 3220 3032 imo
3271 2994 3398 3031 vero
3422 2989 3683 3044 coopera-

2110 3077 2235 3124 tur:
2270 3071 2374 3124 hoc
2401 3073 2545 3125 enim
2580 3080 2664 3126 est
2689 3073 2834 3141 quod
2865 3079 3065 3128 movet.
3090 3072 3256 3140 Atqui
3287 3069 3468 3124 anima
3502 3067 3690 3121 adver-

2111 3173 2264 3219 satur
2295 3165 2687 3234 cnpiditatibus
2713 3166 3015 3234 ejusmodi;
3050 3183 3156 3220 non
3186 3173 3269 3220 est
3309 3164 3473 3234 igitur
3503 3161 3685 3215 anima

2029 3235 2072 3291 (ί
2106 3263 2612 3324 temperamentum.
2675 3255 2847 3310 Porro
2893 3257 3164 3327 siquidem
3220 3253 3545 3323 temperatio
3604 3260 3690 3304 est

435 3345 634 3411 anima,
690 3342 1010 3412 temperatio
1038 3354 1160 3395 vere
1213 3345 1298 3395 est
1341 3340 1612 3410 qualitas;
1645 3340 1760 3394 haec
1819 3348 2000 3396 autem
2040 3343 2196 3399 adest
2235 3353 2288 3399 et
2316 3345 2471 3399 abest
2503 3346 2711 3414 absque
2737 3344 2970 3415 subjecti
3001 3344 3275 3415 pernicie;
3335 3342 3502 3397 etiam
3567 3339 3688 3392 ani-

432 3449 523 3488 ma
549 3435 758 3504 absque
795 3431 1019 3486 interitu
1051 3430 1281 3500 subjecti
1340 3431 1720 3500 separabitur:
1750 3431 1852 3485 hoc
1891 3443 2071 3486 autem
2140 3450 2268 3489 vero
2342 3444 2774 3491 consentaneum
2826 3453 2937 3491 non
2984 3445 3086 3491 est.
3168 3435 3291 3488 Non
3343 3431 3506 3501 igitur
3573 3430 3692 3484 ani-

433 3546 522 3584 ma
554 3537 639 3586 est
663 3533 1173 3608 temperamentum,
1234 3540 1334 3580 nec
1383 3526 1639 3596 qualitas.
1694 3525 1811 3581 Non
1860 3529 2007 3582 enim
2045 3530 2234 3599 utique
2269 3532 2501 3585 alterum
2533 3533 2909 3600 oppositorum
2940 3530 3266 3585 naturaliter
3340 3528 3534 3582 adesse
3603 3523 3692 3578 di-

434 3632 560 3680 cent
587 3623 826 3689 animali,
855 3630 914 3675 ut
943 3622 998 3675 in
1035 3621 1161 3692 igne
1201 3621 1460 3687 calidum,
1493 3637 1728 3692 namque
1777 3623 1883 3676 hoc
1912 3623 2355 3680 incommutabile
2380 3635 2508 3681 est:
2569 3627 2720 3697 atqui
2781 3627 3098 3697 temperatio
3165 3622 3452 3679 mutationi
3515 3621 3692 3675 obno-

436 3720 523 3772 xia
551 3717 784 3773 videtur.
814 3715 958 3782 Quin
989 3715 1173 3786 potius
1206 3716 1310 3784 ipsi
1345 3723 1474 3770 sunt
1518 3715 1613 3786 qui
1645 3723 1762 3770 arte
1834 3717 2046 3771 medica
2121 3727 2546 3788 temperamenta
2616 3727 2830 3774 mutant
2871 3735 2884 3771 :
2955 3719 3151 3774 deinde
3203 3717 3385 3772 omnis
3445 3713 3694 3783 corporis

436 3810 722 3880 qualitates
749 3811 852 3866 sub
879 3824 1101 3865 sensum
1128 3809 1363 3876 cadunt;
1393 3808 1574 3864 anima
1615 3825 1745 3865 vero
1772 3812 2050 3868 sensibilis
2072 3829 2181 3867 non
2216 3822 2321 3882 est,
2347 3813 2444 3870 sed
2506 3815 2886 3886 intelligibilis.
2951 3813 3072 3868 Non
3135 3823 3220 3869 est
3296 3812 3466 3882 igitur
3511 3807 3696 3862 anima

436 3905 673 3978 qualitas
699 3906 946 3974 corporis
983 3918 1200 3974 expers.

511 4001 632 4053 Ἔτι
659 4002 692 4072 ἡ
719 3999 813 4053 τοῦ
853 3998 1102 4071 σώματος
1131 4001 1224 4054 καὶ
1249 3999 1558 4071 πνεύματος
1599 4001 1738 4072 μετά
1767 4000 2012 4071 παραθέσ

438 4109 576 4158 cui);
617 4092 835 4164 σαρκῶν
867 4095 961 4146 καὶ
1000 4091 1206 4162 νεύρων
1250 4091 1485 4144 καὶτῶν
1531 4091 1705 4146 ἄλλων
1748 4093 2013 4163 εὐκρασία

443 4187 594 4258 ισχύς
629 4189 808 4240 ἐστιν’
843 4186 939 4239 καὶ
981 4187 1015 4256 ἡ
1042 4185 1152 4240 τῶν
1181 4184 1397 4258 θερμῶν
1435 4184 1493 4236 δὲ
1521 4185 1616 4237 καὶ
1649 4184 1873 4256 ψυχρῶν
1920 4186 2013 4239 καὶ

439 4280 618 4352 ξηρῶν
652 4280 744 4333 ml.
763 4277 946 4348 ὑγρῶν
977 4279 1263 4350 εὐκρασία,
1291 4277 1470 4346 ὑγίειά
1499 4279 1645 4331 ἐστιν
1664 4293 1678 4308 ⁸
1707 4279 1741 4348 ἡ
1784 4277 1840 4329 δὲ
1872 4293 2012 4348 συμ-

442 4371 638 4445 μετρία
661 4372 768 4424 τῶν
801 4369 976 4441 μελῶν
1009 4371 1144 4441 μετὰ
1164 4369 1263 4440 τῆς
1288 4369 1533 4440 εὐχρόας,
1560 4369 1624 4422 τὸ
1652 4369 1846 4432 κάλλος
1872 4371 2016 4421 ποιεῖ

440 4465 535 4518 τοῦ
567 4462 835 4534 σώματος.
858 4460 919 4515 Εἰ
940 4462 1117 4514 τοίνυν
1139 4462 1172 4532 ἡ
1195 4460 1426 4532 ἁρμονία
1450 4460 1551 4530 τῆς
1569 4460 1776 4529 ὑγιείας
1799 4461 1892 4514 καὶ
1918 4461 2014 4531 τῆς

2192 3999 2322 4055 item
2355 4001 2622 4069 corporis,
2665 4007 2719 4053 et
2766 3997 2992 4068 spiritus
3039 3996 3183 4052 bona
3215 3995 3508 4064 temperies
3558 4009 3687 4050 cum

2119 4091 2302 4147 carnis
2331 4106 2624 4146 nervorum
2654 4101 2816 4160 atque
2856 4091 3088 4144 aliorum
3121 4087 3486 4159 appositione.
3526 4089 3696 4144 robur

2119 4193 2225 4250 est,
2257 4193 2312 4240 et
2340 4183 2643 4238 calidorum
2694 4199 2758 4238 ac
2794 4181 3141 4254 frigidorum,
3194 4183 3467 4237 siccorum
3511 4189 3564 4234 et
3590 4181 3697 4236 hu-

2119 4276 2392 4331 midorum
2426 4275 2570 4330 bona
2603 4275 2898 4345 temperies
2929 4276 3139 4330 sanitas
3171 4283 3286 4338 est;
3323 4274 3696 4328 membrorum

2122 4375 2305 4422 autem
2350 4377 2406 4422 et
2464 4375 2680 4421 artuum
2731 4367 3012 4421 moderata
3066 4365 3384 4436 symmetria
3428 4380 3524 4420 seu
3571 4380 3699 4435 pro-

2122 4461 2302 4529 portio
2349 4476 2474 4516 cum
2509 4462 2754 4516 bonitate
2801 4459 3002 4516 coloris
3027 4498 3042 4524 ,
3086 4458 3544 4528 pulchritudinem
3575 4472 3700 4512 cor-

445 4555 627 4626 ῐσχύος
675 4553 888 4608 καὶτοῦ
928 4553 1158 4615 κάλλους
1205 4554 1348 4624 ψυχὴ
1393 4554 1560 4614 ἐστιν,
1592 4553 1803 4624 ἀνάγκη
1927 4553 2006 4606 τδι

2125 4553 2273 4627 poris
2328 4553 2476 4608 facit.
2527 4553 2715 4624 Itaque
2749 4553 2796 4609 si
2841 4552 3128 4607 harmonia
3178 4553 3455 4614 sanitatis,
3487 4559 3540 4606 et
3573 4550 3696 4621 pul-

443 4645 726 4718 ἄνθρωπον
760 4643 937 4707 ζῶντα
981 4644 1116 4714 μήτε
1155 4645 1349 4709 νοσεῖν,
1390 4643 1527 4713 μήτε
1574 4642 1840 4706 ἀσθενεῖν,
1877 4644 2017 4713 μήτε

443 4736 687 4807 ἄμορφον
716 4729 892 4788 εἶναι’
932 4733 1217 4805 συμϐαίνει
1244 4731 1302 4786 δὲ
1340 4732 1620 4796 πολλάκις,
1657 4733 1717 4785 οὐ
1753 4733 1883 4803 μίαν
1919 4732 2016 4802 μό-

443 4848 552 4893 νον,
590 4829 702 4882 ἀλλ’
747 4827 881 4900 ὁμοῦ
929 4829 1109 4891 πάσας
1151 4826 1250 4890 τὰς
1278 4829 1426 4897 τρεῖς
1461 4826 1673 4890 ’ταυτας
1721 4827 2019 4897 εὐκρασίας

444 4921 796 4984 ἀπόλλυσθαι,
847 4919 942 4972 καὶ
973 4917 1070 4990 ζῇν
1102 4918 1191 4970 τὸν
1235 4917 1550 4990 ἄνθρωπονο
1583 4916 1866 4988 συμϐαίνει
1911 4917 2019 4988 γὰρ

445 5012 534 5064 τὸν
574 5012 732 5064 αὐτὸν
758 5010 892 5080 ὁμοῦ
933 5010 1026 5062 καὶ
1062 5011 1306 5080 ἄμορφον
1335 5006 1470 5062 εἶναι
1512 5011 1607 5062 καὶ
1635 5009 1880 5062 ἀσθενεῖν
1923 5009 2019 5062 καὶ

445 5106 638 5156 νοσεῖν.
685 5103 797 5155 Οὐκ
837 5105 949 5172 ἄρα
981 5105 1015 5172 ἡ
1059 5101 1324 5172 εὐκρασία
1369 5102 1462 5154 τοῦ
1511 5100 1759 5172 σώματός
1809 5103 1955 5154 ἐστιν
1983 5103 2017 5172 ή

445 5196 609 5266 ψυχή.
645 5193 769 5257 Πῶς
792 5191 884 5247 οὖν
918 5194 1144 5262 φυσικαί
1170 5209 1312 5256 τινες
1340 5193 1527 5247 κακίαι
1561 5193 1654 5247 καὶ
1694 5195 1884 5265 ἀρεταὶ
1908 5196 2021 5256 τοῖς

446 5285 752 5357 ἀνθρώποις
774 5286 996 5339 ἕπονται
1022 5302 1037 5352 ;
1068 5284 1238 5339 Τοῦτο
1265 5287 1328 5338 ὲκ
1359 5285 1459 5354 τῆς
1488 5285 1581 5338 τοῦ
1609 5285 1858 5356 σώματος
1888 5284 2021 5355 ἀλη-

445 5376 554 5438 θῶς
602 5376 850 5445 κράσεως
892 5375 1120 5441 γίνεται.
1169 5375 1255 5439 Ὡς
1283 5374 1391 5445 γὰρ
1444 5374 1685 5444 φυσικῶς
1714 5376 1764 5428 οἰ
1800 5374 2023 5444 ὑγιεινοὶ

448 5467 543 5520 καὶ
567 5465 815 5530 νοσώδεις
843 5468 980 5519 εἰσὶν
1005 5468 1068 5518 ἐκ
1093 5469 1190 5538 τῆς
1217 5467 1484 5537 κράσεως,
1509 5464 1650 5518 οὓτω
1678 5465 1823 5527 τινὲς
1859 5483 2019 5534 φυσι-

447 5556 559 5631 κῶς
608 5557 921 5628 πικρόχολοι
966 5557 1138 5623 ὅντες,
1190 5556 1397 5629 ὀργίλοι
1441 5554 1598 5621 εἰσὶν,
1642 5555 1792 5610 ἄλλοι
1838 5556 2020 5623 δειλοὶ,

449 5649 596 5703 ἄλλοι
619 5651 958 5719 κατωφερεῖς
977 5665 989 5678 ⁸
1020 5649 1131 5702 ἀλλ’
1162 5647 1292 5700 ἔνιοι
1321 5647 1580 5720 κρατοῦσι
1605 5648 1698 5700 καὶ
1722 5648 2025 5719 περιγίνον-

450 5756 569 5794 ται⁸
613 5741 766 5812 δῆλον
798 5742 855 5795 δὲ
890 5742 972 5794 ὅτι
1021 5741 1120 5810 τῆς
1149 5739 1397 5812 κράσεως
1431 5738 1722 5810 κρατοῦσιν
1746 5757 1758 5770 ⁸
1794 5739 1920 5794 ἄλλο
1965 5740 2024 5793 δέ

452 5833 569 5885 ἐστι
602 5833 661 5886 τὸ
691 5833 945 5906 κρατοῦν,
977 5832 1070 5885 καὶ
1092 5832 1218 5887 ἄλλο
1247 5832 1306 5885 τὸ
1332 5831 1699 5903 κρατούμενον
1725 5848 1738 5863 ⁸
1769 5831 1896 5886 ἄλλο
1916 5831 2024 5903 ἄρα

2119 4623 2448 4698 ἕὶπίιιιᾱὶηἰε
2473 4623 2774 4698 concentus
2803 4651 2887 4698 est
2910 4643 3114 4704 anima,
3148 4657 3376 4697 necesse
3409 4641 3574 4696 fuerit
3610 4642 3700 4696 ho-

2120 4733 2321 4785 minem
2353 4732 2621 4788 viventem
2654 4748 2832 4803 neque
2856 4741 3145 4802 aegrotare,
3189 4747 3366 4802 neque
3395 4733 3697 4797 inﬁrmum,

2119 4839 2299 4893 neque
2329 4822 2630 4879 deformem
2664 4839 2786 4878 esse
2821 4841 2835 4876 :
2884 4839 3074 4878 verum
3105 4839 3249 4893 sape
3282 4824 3552 4894 contingit
3584 4840 3696 4880 non

2120 4929 2286 4968 unam
2315 4915 2487 4969 solam
2517 4917 2990 4986 temperationem,
3042 4914 3139 4969 sed
3192 4927 3304 4970 tres
3353 4915 3491 4970 istas
3543 4917 3700 4986 prius

2121 5009 2296 5062 dictas
2325 5007 2624 5063 desiderari
2668 5015 2723 5063 et
2768 5010 2968 5078 perire,
3004 5016 3059 5064 et
3091 5020 3271 5063 tamen
3307 5008 3582 5064 hominem
3615 5010 3698 5064 vi-

2121 5115 2267 5153 vere.
2315 5097 2584 5155 Usuvenit
2614 5099 2758 5154 enim
2792 5101 2970 5170 ipsum
3009 5101 3174 5156 simul
3212 5109 3268 5156 et
3297 5101 3623 5164 deformem,
3648 5111 3701 5158 et

2122 5191 2395 5245 infirmum
2417 5233 2432 5257 ,
2480 5198 2534 5246 et
2581 5202 2842 5260 aegrotum
2871 5208 3012 5247 esse.
3047 5191 3164 5246 Non
3198 5202 3282 5247 est
3319 5193 3486 5263 igitur
3520 5195 3700 5248 anima

2123 5285 2370 5353 corporis
2412 5285 2614 5340 bonum
2663 5292 3176 5356 temperamentum.
3226 5288 3515 5353 Quomodo
3570 5303 3700 5355 ergo

2124 5375 2396 5427 naturalia
2427 5373 2675 5444 quasdam
2704 5376 2859 5450 vitia,
2889 5383 2942 5430 et
2975 5377 3206 5431 virtutes
3233 5378 3567 5430 comitantur
3598 5376 3699 5430 ho—

2125 5469 2333 5523 mines?
2380 5468 2494 5523 lloc
2539 5484 2670 5524 vero
2712 5483 2778 5523 ex
2812 5467 3063 5538 corporis
3104 5483 3233 5523 vere
3267 5476 3700 5537 temperamento

2123 5562 2321 5617 oritur.
2381 5560 2515 5614 Nam
2577 5560 3038 5630 quemadmodum
3095 5561 3420 5614 naturaliter
3480 5561 3598 5614 sani
3646 5567 3703 5614 et

2126 5654 2367 5707 morbosi
2417 5660 2545 5708 sunt
2605 5669 2670 5708 ex
2712 5661 3198 5723 temperamento,
3251 5651 3331 5706 sic
3381 5652 3704 5704 naturaliter

2126 5744 2346 5813 quidam
2374 5747 2487 5798 acri
2517 5744 2624 5798 bile
2655 5743 2845 5814 perciti
2875 5741 3122 5796 iracundi
3157 5750 3321 5807 sunt;
3354 5742 3443 5794 alii
3476 5742 3705 5794 meticu-

2129 5835 2255 5901 losi,
2297 5835 2386 5889 alii
2423 5835 2761 5905 praecipites;
2796 5848 2986 5888 verum
3037 5831 3257 5902 quidam
3308 5832 3590 5886 continent
3620 5847 3700 5897 ac,
