4166 6372
500 347 598 403 I99

1722 357 1776 413 s.
1818 354 2144 414 cnecoau
2181 316 2470 415 messem

3622 355 3728 409 200

489 466 544 514 ct
585 458 813 514 vincunt
855 479 868 515 :
925 462 1183 517 nimirum
1245 465 1374 536 quia
1423 473 1909 538 temperamentum
1961 484 2056 524 su-

2161 474 2374 543 κρᾶσις,
2404 473 2497 525 καὶ
2525 470 2650 526 ἄλλο
2668 471 2812 541 ψυχή
2837 487 2850 499 -
2888 469 3119 540 ὄργανον
3143 469 3250 541 γάρ
3271 468 3330 522 ὂν
3356 468 3416 522 τὸ
3447 469 3602 540 σῶμα
3629 472 3723 540 τῆς

494 560 706 618 perant.
755 551 917 622 Atqui
966 554 1111 608 aliud
1147 565 1231 610 est
1259 557 1402 626 quod
1435 561 1678 613 continet
1721 568 1775 614 et
1820 561 1978 632 regit,
2006 569 2060 614 et

494 640 642 696 aliud
673 643 816 712 quod
848 648 1164 700 continetur
1193 656 1246 701 et
1276 649 1500 719 regitur.
1533 651 1692 704 Aliud
1727 651 1891 720 igitur
1926 661 2054 704 tem-

495 739 889 798 peramentum.
925 743 979 788 et
1008 736 1154 789 aliud
1187 738 1367 792 anima
1397 748 1513 801 est:
1564 756 1688 793 nam
1727 741 2053 794 instrunmen-

491 827 603 874 tum
632 837 754 877 cum
773 824 844 879 sit
871 826 1034 880 animi
1057 844 1274 897 corpus,
1301 830 1346 883 si
1365 828 1717 900 quidemapte
1737 830 2056 883 fabricatum

490 923 978 986 comparatumque
1003 919 1093 983 sit,
1131 931 1389 988 operatur
1409 922 1612 987 anima,
1654 931 1707 976 et
1734 923 1910 992 ipsum
1939 932 2063 993 apte

491 1007 880 1077 commodeque
911 1016 1085 1074 tenet;
1121 1012 1204 1065 sin
1233 1013 1411 1068 minus
1439 1022 1626 1082 aptum
1656 1014 1722 1066 ad
1755 1014 2061 1070 functiones

492 1095 678 1160 fuerit.
717 1108 847 1156 tunc
882 1102 1045 1161 rebus
1073 1119 1204 1160 sane
1232 1120 1368 1173 opus
1401 1105 1596 1160 animae
1631 1106 1812 1161 fuerit.
1851 1106 2060 1162 Etenim

489 1187 778 1246 decertans
822 1207 944 1248 cum
995 1195 1356 1264 ineptitudine
1402 1198 1789 1261 instrumenti,
1845 1197 2060 1252 tametsi

493 1296 600 1335 non
645 1281 802 1338 valde
846 1285 1185 1354 evigilaverit
1210 1328 1225 1348 ,
1287 1297 1346 1342 nt
1381 1298 1737 1345 conversetur
1770 1305 1892 1344 cum
1921 1291 2062 1361 ipso,

491 1374 658 1429 veluti
699 1374 962 1438 musicus,
999 1378 1220 1432 aberrat
1269 1396 1374 1434 una
1420 1396 1544 1435 cum
1598 1383 1860 1452 pravitate
1908 1383 2058 1452 lyrae,

492 1465 596 1518 nisi
633 1466 784 1534 prius
836 1468 1006 1536 ipsam
1054 1471 1482 1526 concinnaverit.
1545 1473 1888 1541 Quapropter
1922 1489 2060 1542 Opus

491 1563 576 1609 est
603 1555 787 1608 animo
817 1572 948 1612 cura
975 1562 1243 1631 corporis.
1279 1571 1338 1615 ut
1370 1572 1648 1632 comparet
1675 1579 1830 1618 suum
1865 1563 2065 1618 instru-

493 1653 732 1700 mentum
769 1648 871 1702 sibi
921 1660 1126 1720 aptum,
1175 1653 1510 1721 operationis
1549 1661 1603 1706 et
1638 1669 1870 1716 morum,
1920 1661 1978 1706 ut
2007 1654 2059 1706 in

489 1748 756 1794 concentu
783 1741 1120 1804 harmonico,
1152 1744 1278 1798 dum
1308 1743 1499 1812 partim
1533 1744 1696 1809 laxat,
1730 1746 1922 1815 partim
1969 1745 2055 1798 in-

2161 565 2374 634 ψυχῆς,
2409 565 2503 617 ἐὰν
2543 563 2641 634 μέν
2689 563 3008 633 ἐπιτηδείως
3051 561 3484 632 κατασκευασθῇ,
3519 565 3727 632 ἐνεργεί

2162 659 2228 726 τῇ
2260 657 2425 726 ψυχῇ,
2460 656 2554 708 καὶ
2580 655 2712 709 αῡτὸ
2743 653 2854 723 ἔχει
2885 653 3223 722 ἐπιτηδείως·
3277 651 3371 704 ἐὰν
3417 653 3472 704 δέ
3505 653 3577 723 μὴ
3609 655 3728 704 ἐπι-

2158 749 2366 814 τήδειον
2407 749 2696 817 ἐνήργηκε,
2727 746 2847 798 τότε
2881 745 3039 816 χρεία
3079 749 3143 814 τῇ
3182 745 3326 814 ψυχῇ
3369 744 3722 814 πραγμάτων.

2167 838 2588 906 Ἀπομαχομένη
2633 837 2739 906 γὰρ
2788 836 2922 907 πρὸς
2975 837 3072 904 τὴν
3111 834 3586 904 άνεπιτηδειότητα
3632 831 3726 885 τοῦ

2160 927 2411 997 ὀργάνου,
2441 926 2541 980 κᾶν
2573 926 2646 996 μὴ
2687 927 2889 996 σφόδρα
2920 927 3085 996 νήψῃ,
3131 927 3225 978 καὶ
3254 925 3725 994 συνδιαστρέφεται

2161 1017 2327 1089 αὐτῷ,
2359 1019 2605 1090 καθάπερ
2635 1019 2907 1089 μουσικὸς,
2937 1019 3398 1089 συνεξαμαρτάνει
3424 1021 3488 1088 τῇ
3516 1018 3613 1086 τῆς
3637 1017 3726 1070 λύ-

2165 1128 2263 1180 ρας
2293 1112 2587 1182 διαστροφῇ
2613 1151 2628 1173 ,
2661 1112 2756 1164 ἐὰν
2792 1111 2865 1182 μὴ
2915 1111 3176 1182 πρότερον
3209 1112 3376 1181 αὐτὴν
3413 1112 3726 1182 καταστήσῃ

2161 1198 2358 1262 καλῶς.
2390 1199 2480 1251 Διὸ
2522 1201 2614 1252 καὶ
2666 1200 2823 1270 χρεία
2865 1203 2930 1270 τῇ
2963 1201 3107 1270 ψυχῇ
3154 1201 3252 1270 τῆς
3285 1199 3593 1268 ἐπιμελείας
3632 1199 3725 1251 τοῦ

2164 1287 2432 1359 σώματος,
2470 1290 2556 1342 ἵνα
2605 1291 2922 1361 καταστήσῃ
2974 1290 3103 1343 αὐτὸ
3154 1290 3382 1362 ὄργανον
3428 1291 3727 1359 ἐπιτήδειον

2161 1382 2326 1452 ἑαυτῇ
2347 1398 2360 1410 ο
2389 1381 2481 1434 καὶ
2519 1381 2676 1433 τοῦτο
2702 1381 2756 1433 δέ
2789 1384 2931 1433 ποιεῖ
2971 1381 3058 1434 διά
3085 1398 3143 1433 τε
3185 1381 3278 1433 τοῦ
3316 1381 3472 1446 λόγου
3503 1382 3594 1434 καὶ
3621 1381 3728 1433 τῶν

2161 1474 2328 1544 ήθῶν,
2359 1475 2434 1538 ὡς
2459 1477 2516 1526 ἐν
2545 1473 2800 1544 ἁρμονίᾳ,
2831 1473 2898 1524 τὰ
2933 1472 3032 1542 μὲν
3063 1472 3299 1543 χαλῶσα,
3333 1475 3399 1526 τά
3434 1474 3488 1526 δὲ
3532 1471 3730 1526 ἐπιτεί-

2161 1581 2342 1626 νουσα,
2389 1564 2476 1616 ἵνα
2516 1563 2769 1633 ἁρμόδιον
2811 1561 2941 1614 αὐτὸ
2989 1563 3153 1632 ἐαυτῇ
3186 1564 3589 1633 κατασκευάσῃ,
3636 1563 3729 1616 καὶ

2161 1657 2428 1724 χρήσηται
2475 1652 2763 1724 ἐπιτηδείῳ
2799 1651 3014 1721 ὀργάνῳ
3038 1665 3051 1680 ’
3087 1651 3188 1704 κᾶν
3235 1651 3308 1722 μὴ
3347 1651 3484 1721 αὑτὴ
3518 1652 3729 1704 συνδια-

2164 1751 2376 1818 στραφῇ
2411 1745 2590 1816 αὐτῷ·
2628 1745 2912 1815 συμϐαίνει
2939 1743 3047 1814 γὰρ
3077 1743 3170 1795 xui.
3205 1743 3380 1797 τοῦτο.
3430 1741 3731 1812 Ἀριστοτέ-

488 1831 682 1892 tendit,
737 1841 793 1885 ut
845 1834 1170 1888 concinnam
1224 1835 1451 1905 gratiam
1513 1835 1684 1905 ipsam
1734 1835 2056 1904 sibimetipsi

2161 1815 2255 1907 λης
2295 1815 2480 1904 δέητὴν
2527 1815 2704 1904 ψυχὴν
2748 1833 3081 1902 ἐντελέχειαν
3131 1832 3322 1901 λέγων,
3369 1833 3520 1886 οὐδὲν
3571 1828 3730 1902 ἦττον

487 1930 785 1987 comparet,
819 1931 873 1976 et
917 1924 1134 1992 pr0prio
1169 1924 1536 1980 instrumento
1585 1935 1821 1996 aptoque
1853 1933 2056 1990 utatur,

490 2017 655 2078 utque
681 2011 795 2078 ipsa
822 2025 926 2064 non
952 2011 1276 2081 depravetur
1297 2028 1421 2066 cum
1459 2016 1610 2084 ipso;
1657 2017 1932 2070 enimvero
1957 2016 2059 2069 hoc

486 2101 650 2152 etiam
687 2103 956 2155 usuvenit.
980 2100 1245 2158 Caeterum
1269 2103 1589 2160 Aristoteles
1612 2106 1846 2158 animam
1875 2115 2054 2160 actum

489 2188 788 2257 perfectum
821 2207 944 2246 esse
993 2193 1216 2259 dicens,
1267 2194 1625 2248 nihilominus
1659 2195 1956 2264 propendet
1990 2195 2058 2249 ad

486 2295 582 2335 eos
610 2281 703 2350 qui
738 2281 908 2350 ipsam
942 2285 1258 2353 qualitatem
1310 2285 1521 2338 dicunt.
1577 2283 1680 2339 Sed
1713 2286 1864 2354 prius
1897 2303 2056 2355 quem

485 2383 646 2426 vocet
678 2383 859 2428 actum
896 2378 1218 2444 perfectum,
1263 2378 1626 2432 declaramus.
1686 2377 2058 2435 Substantiam

487 2463 666 2518 tribus
697 2465 871 2521 modis
894 2467 1025 2520 dicit
1055 2483 1067 2518 :
1107 2469 1246 2521 hanc
1275 2470 1497 2538 quidem
1528 2479 1584 2522 ut
1619 2471 1900 2524 materiam
1933 2471 2060 2527 sub-

485 2553 705 2621 iectam,
751 2555 897 2624 quod
943 2573 1040 2626 per
1088 2574 1145 2611 se
1187 2559 1402 2628 quidem
1450 2560 1586 2614 nihil
1619 2568 1726 2622 est,
1763 2562 2058 2631 potentiam

487 2653 666 2700 tamen
718 2647 882 2702 habet
926 2649 991 2702 ad
1032 2659 1233 2704 ortum.
1283 2652 1444 2704 Aliud
1482 2661 1661 2707 autem
1693 2663 1777 2709 est
1807 2655 1978 2710 forma
2006 2660 2059 2708 et

488 2738 732 2805 species,
797 2740 1095 2794 secundum
1154 2759 1316 2810 quam
1382 2744 1721 2812 specilicatur
1789 2747 2056 2811 materia;

489 2830 650 2882 tertio
703 2830 822 2885 loco
874 2840 1166 2902 utrumque
1214 2833 1380 2887 simul
1427 2835 1571 2903 quod
1619 2851 1682 2889 ex
1739 2837 1964 2890 materia
2006 2845 2061 2892 et

489 2918 662 2973 forma
711 2923 1110 2986 constitutum,
1170 2923 1312 2992 quod
1365 2934 1448 2979 est
1498 2927 1685 2994 utique
1732 2927 2056 2980 animatum.

490 3012 849 3077 Quamobrem
906 3015 1128 3068 materia
1183 3005 1401 3084 quidem
1451 3020 1690 3084 potentia
1739 3029 1841 3081 est,
1886 3017 2059 3072 forma

490 3117 620 3156 vero
663 3113 836 3157 actus.
899 3103 1010 3159 [loc
1057 3121 1219 3174 porro
1274 3104 1526 3160 bifariam
1577 3109 1938 3174 intelligitur,
2001 3119 2059 3162 ut

489 3200 744 3262 scientia,
779 3209 832 3252 et
863 3201 1146 3253 scientiam
1186 3199 1537 3254 considerare
1573 3202 1879 3266 :videlicet,
1927 3203 2056 3256 illud

490 3293 708 3362 quidem
743 3301 801 3344 ut
827 3292 1136 3361 dispositio,
1172 3292 1272 3346 hoc
1302 3303 1481 3346 autem
1514 3303 1571 3346 ut
1595 3303 1786 3360 actus;
1833 3295 2060 3350 scientia

490 3393 661 3444 certe.
688 3392 746 3438 ut
775 3385 902 3436 dum
934 3385 1113 3438 anima
1147 3398 1279 3438 sana
1309 3395 1412 3446 est,
1445 3394 1499 3438 et
1531 3385 1658 3438 dum
1693 3386 1866 3455 sopita
1889 3387 2056 3454 jacet.

489 3489 542 3528 et
587 3476 713 3529 dum
765 3476 1001 3546 evigilat,
1055 3477 1287 3545 primum
1338 3477 1556 3547 quidem
1607 3478 1789 3548 vigilia
1836 3494 1931 3533 seu
1963 3495 2058 3533 ex-

490 3568 760 3636 perret-tio
805 3576 890 3622 est
931 3568 984 3620 in
1028 3567 1486 3637 contemplando,
1526 3583 1690 3638 sopor
1738 3583 1866 3621 vero
1897 3568 1950 3621 in
1983 3571 2062 3619 vi-

490 3659 685 3714 dendo.
724 3669 777 3711 et
807 3657 1030 3712 minime
1073 3657 1372 3727 operando.
1409 3659 1486 3713 Ac
1534 3659 1684 3729 prior
1726 3659 1945 3729 quidem
1976 3669 2062 3714 est

491 3753 721 3807 scientia
753 3754 1104 3821 operatione;
1155 3760 1210 3807 et
1261 3763 1546 3822 prepterea
1592 3752 1823 3822 primum
1877 3761 2058 3806 actum

491 3843 725 3912 appellat
781 3842 1062 3907 formam;
1117 3843 1416 3896 secundum
1478 3857 1604 3896 vero
1656 3841 2057 3904 diﬂ‘erentiam;

489 3935 656 3988 veluti
684 3935 876 4010 opulus
909 3941 994 3989 est
1033 3934 1262 4001 subjecti
1292 3941 1342 3987 et
1374 3933 1603 3999 formae;
1655 3948 1719 3986 ac
1755 3933 2059 4002 subjectum

491 4025 708 4094 quidem
739 4034 822 4079 est
851 4028 902 4078 in
939 4027 1076 4094 ipso,
1104 4025 1250 4094 quod
1278 4034 1456 4078 autem
1487 4025 1678 4094 recipit
1711 4026 1908 4088 visum,
1947 4041 2062 4078 ma-

489 4117 628 4168 teria
661 4123 744 4169 est
773 4117 951 4181 oeuli;
987 4116 1290 4184 appellatur
1315 4116 1478 4168 etiam
1514 4116 1600 4168 hic
1631 4115 1910 4183 mquivoce
1936 4129 2064 4168 ocu-

493 4206 599 4258 lus.
656 4206 849 4260 Forma
897 4223 1023 4260 vero
1057 4214 1109 4260 et
1162 4214 1317 4260 actus
1366 4207 1575 4276 primus
1610 4207 1891 4260 oculorum
1947 4207 2061 4274 ipse

489 4299 645 4352 visus
675 4307 779 4361 est,
811 4307 866 4352 et
913 4302 1005 4367 qui
1045 4305 1267 4367 prastat
1313 4306 1373 4350 ut
1421 4296 1604 4352 videre
1646 4298 1818 4366 possit
1847 4297 2057 4350 oculus.

492 4391 778 4444 Secundus
836 4400 1014 4442 autem
1065 4399 1218 4443 actus
1272 4389 1415 4443 oculi
1449 4398 1530 4444 est
1583 4389 1864 4458 operatio,
1908 4387 2061 4458 jurta

2161 1927 2494 1997 συμφέρεται
2527 1929 2637 1984 τοῖς
2668 1925 2927 1993 ποιότητα
2961 1924 3208 1992 λέγουσιν
3238 1924 3406 1993 αὐτήν
3426 1939 3441 1954 ·
3473 1923 3732 1990 διασαφή-

2163 2035 2342 2089 σωμεν
2371 2019 2425 2072 δὲ
2459 2019 2720 2089 πρότερον
2763 2017 2861 2085 τὴν
2893 2014 3226 2084 ἐντελέχειαν
3255 2015 3373 2067 τίνα
3411 2014 3583 2067 καλεῖ.
3619 2013 3730 2083 Τὴν

2159 2109 2342 2162 οὐσίαν
2386 2107 2586 2178 τριχῶς
2615 2107 2794 2174 λέγει·
2825 2105 2920 2175 τὴν
2963 2105 3059 2176 μὲν
3087 2105 3161 2167 ὡς
3189 2104 3319 2174 ὕλην
3358 2104 3728 2174 ὑποκείμενον,

2159 2200 2187 2252 ὃ
2225 2198 2346 2252 καθ’
2375 2199 2536 2252 ἑαυτὸ
2586 2199 2684 2268 μὲν
2720 2199 2885 2269 μηδέν
2926 2198 3071 2260 ἐστι,
3101 2196 3328 2266 δύναμιν
3372 2196 3428 2248 δὲ
3457 2196 3568 2265 ἔχει
3597 2194 3732 2266 πρὸς

2158 2291 2372 2358 γένεσιν
2390 2311 2403 2320 ·
2431 2290 2614 2359 ἓτερον
2636 2289 2692 2342 δέ
2724 2289 2902 2359 μορφὴ
2929 2287 3022 2341 καὶ
3039 2281 3198 2351 εἶδος,
3222 2287 3340 2340 καθ’
3366 2287 3430 2358 ἢν
3456 2287 3732 2340 εἰδοποιεῖ-

2160 2397 2246 2433 ται
2282 2381 2314 2450 ἡ
2354 2378 2488 2450 ὕλη·
2531 2379 2713 2449 τρίτον
2746 2378 2802 2431 δέ
2852 2378 2913 2430 τὸ
2967 2377 3391 2448 συναμφότερον,
3438 2376 3498 2428 τὸ
3541 2377 3604 2428 ἐκ
3636 2375 3733 2444 τῆς

2162 2471 2292 2542 ὕλης
2321 2471 2415 2524 καὶ
2434 2469 2526 2524 τοῦ
2554 2470 2722 2533 είδους
2751 2472 3139 2540 γεγενημένον,
3163 2471 3190 2521 ὃ
3215 2469 3331 2521 ἐστι
3361 2467 3544 2520 λοιπὸν
3569 2466 3734 2536 ἐμψυ-

2160 2580 2273 2632 χον.
2317 2563 2472 2616 Ἔστι
2513 2561 2609 2631 μέν
2650 2558 2742 2613 οὖν
2777 2564 2809 2631 ή
2860 2561 2957 2631 μὲν
2992 2560 3089 2631 ὕλη
3122 2560 3380 2629 δύναμις,
3415 2558 3476 2612 τὸ
3508 2558 3564 2610 δὲ
3597 2555 3733 2620 εἶδος

2163 2653 2484 2724 ἐντελέχεια.
2516 2651 2684 2704 Τοῦτο
2711 2653 2766 2706 δέ
2793 2652 2954 2722 διχῶς
2979 2655 3197 2711 νοεῖται,
3217 2651 3291 2713 ὡς
3319 2652 3616 2720 ἐπιστήμη,
3640 2649 3734 2701 καὶ

2159 2745 2220 2798 τὸ
2260 2745 2481 2815 θεωρεῖν
2511 2744 2610 2814 τὴν
2636 2743 2944 2812 ἐπιστήμην
2967 2757 2980 2770 ·
3013 2743 3282 2805 τουτέστι,
3310 2741 3370 2793 τὸ
3403 2740 3500 2810 μὲν
3525 2739 3597 2800 ὼς
3620 2739 3733 2792 διά-

2161 2833 2340 2898 θεσις,
2373 2834 2435 2887 τὸ
2477 2833 2533 2886 δέ
2560 2833 2634 2896 ὡς
2663 2833 2912 2902 ἐνέργεια
2939 2847 2951 2860 ⁸
2987 2831 3262 2900 ἐπιστήμη
3296 2829 3416 2899 μὲν,
3452 2830 3532 2882 ὅτι
3571 2829 3630 2880 ἐν
3657 2826 3734 2896 τῷ

2161 2923 2422 2992 ὑγιαίνειν
2441 2924 2540 2993 τὴν
2567 2922 2743 2993 ψυχὴν
2765 2922 3016 2992 ὑπάρχει·
3037 2921 3130 2974 καὶ⁵
3153 2921 3437 2974 ὑπνοῦσαι*
3453 2919 3544 2972 καὶ
3571 2919 3735 2988 ἐγρη-

2161 3013 2380 3084 γορέναι
2405 3031 2416 3043 ·
2451 3013 2668 3084 πρῶτον
2695 3013 2807 3082 δέὴ
2853 3013 2950 3082 μὲν
2986 3010 3312 3081 ἐγρήγορσίς
3347 3012 3460 3062 ἐστι
3495 3008 3571 3078 τῷ
3601 3007 3734 3059 θεω-

2086 3151 2128 3206 C
2169 3107 2311 3173 ρεῖν,
2350 3105 2378 3157 ὁ
2412 3103 2468 3157 δὲ
2511 3102 2675 3165 ὕπνος
2706 3101 2783 3172 τῷ
2818 3101 3034 3172 βλέπειν
3069 3102 3162 3153 καὶ
3199 3101 3271 3170 μὴ
3301 3100 3560 3169 ἐνεργεῖν.
3593 3099 3736 3168 Προ-

2164 3196 2297 3264 τέρα
2337 3194 2394 3246 δέ
2450 3194 2596 3246 ἐστιν
2638 3194 2671 3262 ἡ
2717 3193 2991 3262 ἐπιστήμη
3039 3193 3138 3258 τῆς
3183 3189 3480 3260 ἐνεργείας.
3523 3186 3612 3240 Διὸ
3643 3186 3735 3239 καὶ

2165 3285 2384 3357 πρώτην
2411 3284 2742 3354 ἐντελέχειαν
2771 3283 2923 3336 καλεῖ
2946 3283 3005 3335 τὸ
3052 3281 3217 3346 εἶδος,
3243 3282 3493 3348 δεύτερον
3529 3280 3585 3333 δὲ
3617 3280 3736 3332 δια-

2165 3377 2335 3448 φορὰν
2362 3375 2460 3445 τὴν
2501 3375 2780 3447 ἐνέργειαν
2799 3390 2813 3404 ⁸
2839 3370 2950 3426 οἷον
2984 3373 3259 3443 ὀφθαλμὸς
3290 3373 3348 3436 ἐξ
3377 3371 3734 3440 ὑποκειμένου

2163 3469 2279 3520 ἐστὶ
2301 3469 2393 3520 καὶ
2422 3467 2592 3530 εἴδους
2607 3483 2619 3495 ·
2646 3467 2738 3520 καὶ
2758 3466 2873 3518 ἐστι
2898 3466 2959 3518 τὸ
2987 3467 3084 3535 μὲν
3107 3465 3463 3532 ὑποκείμενον
3483 3464 3540 3516 ἐν
3565 3461 3731 3531 αὐτῷ,

2161 3559 2221 3612 τὸ
2249 3559 2304 3612 δὲ
2337 3559 2651 3629 δεδεγμένον
2685 3558 2781 3629 τὴν
2815 3557 2958 3627 ὄψιν,
2993 3556 3091 3626 ὓλη
3129 3555 3406 3626 ὀφθαλμοῦ
3431 3570 3446 3586 ⁸
3494 3553 3736 3607 καλεῖται

2163 3652 2255 3705 καὶ
2283 3648 2419 3720 αὕτη
2439 3648 2740 3719 ὁμωνύμως
2752 3647 3022 3717 ὀφθαλμός
3042 3663 3057 3679 ο
3087 3642 3222 3710 εἶδος
3251 3646 3308 3698 δέ
3326 3645 3419 3698 καὶ
3437 3644 3735 3714 ἐντελέχεια

2162 3739 2397 3812 ἡπρώτη
2415 3738 2709 3808 ὀφθαλμῶν
2723 3737 2858 3807 αὐτὴ
2870 3739 2903 3806 ἡ
2921 3735 3060 3805 ὄψις,
3083 3736 3115 3803 ἡ
3134 3735 3194 3787 τὸ
3211 3733 3430 3787 δυνατὸν
3444 3734 3574 3803 ὁρᾷν
3591 3729 3738 3799 αὐτῷ

2163 3830 2529 3901 παρεχομένη.
2576 3828 2810 3898 Δευτέρα
2837 3827 2892 3879 δὲ
2938 3825 3237 3896 ἐντελέχειά
3271 3827 3383 3878 ἐστι
3419 3823 3514 3876 τοῦ
3540 3821 3740 3891 ὀφθαλ-

2165 3921 2266 3992 μοῦ
2285 3925 2317 3992 ή
2338 3922 2604 3992 ἐνέργεια,
2629 3920 2749 3972 καθ’
2770 3921 2833 3988 ἣν
2849 3919 2970 3990 ὁρᾷ.
2999 3919 3208 3988 Ὥσπερ
3232 3911 3322 3969 οὖν
3346 3917 3374 3968 ὁ
3390 3916 3512 3987 ἄρτι
3529 3915 3736 3984 τεχθεὶς

2165 4012 2385 4076 σκύλαξ,
2417 4013 2533 4064 οὐδὲ
2563 4011 2750 4080 ἐτέραν
2786 4010 2883 4079 μὲν
2906 4009 3016 4078 ἔχει
3043 4008 3395 4077 ἐντελέχειαν,
3429 4007 3656 4072 δύναμιν
3681 4003 3736 4056 δὲ

2162 4104 2274 4173 έχει
2310 4102 2402 4156 τοῦ
2443 4103 2696 4166 δέξασθαι
2735 4102 2832 4171 τὴν
2876 4100 3204 4169 ἐντελέχειαν
3229 4115 3242 4128 '
3274 4099 3416 4152 οὕτω
3445 4098 3525 4152 δεῖ
3555 4098 3737 4151 λαϐεῖν

2163 4195 2255 4246 καὶ
2286 4194 2345 4246 τὸ
2388 4193 2487 4263 τῆς
2529 4193 2730 4263 ψυχῆς.
2775 4193 2860 4255 Ὠς
2894 4192 3001 4262 γὰρ
3042 4193 3158 4244 ἐκεῖ
3190 4190 3507 4260 γεννηθεῖσα
3547 4192 3581 4259 ἡ
3615 4187 3738 4256 ὄψις

2161 4285 2354 4337 τελειοῖ
2401 4285 2492 4337 τὸν
2535 4285 2829 4355 ὀφθαλμὸν,
2869 4283 3042 4346 οὕτως
3081 4282 3315 4336 ἐνταῦθα
3346 4280 3668 4351 γεννηθεῖσα
3700 4281 3734 4349 ή

2162 4375 2308 4446 ψυχὴ
2345 4377 2402 4429 ἐν
2447 4375 2522 4446 τῷ
2571 4375 2780 4446 σώματι
2818 4377 3014 4428 τελειοῖ
3053 4376 3113 4428 τὸ
3153 4375 3308 4438 ζῶον,
3339 4374 3413 4436 ὡς
3445 4374 3581 4442 μήτε
3611 4373 3738 4426 ἄνευ

491 4497 654 4553 quam
705 4482 866 4535 videt.
904 4480 1372 4547 Quemadmodum
1429 4481 1594 4549 igitur
1653 4495 1844 4534 recens
1900 4486 2059 4532 natus

2170 4467 2420 4538 σώματος
2453 4464 2589 4520 εἷναί
2621 4485 2750 4520 ποτε
2790 4467 2886 4537 τὴν
2912 4466 3110 4536 ψυχὴν,
3145 4468 3280 4536 μήτε
3309 4464 3465 4534 σῶμα
3492 4464 3617 4533 δίχα
3637 4463 3739 4531 ψυ-

491 4575 707 4630 catulus
757 4589 862 4628 non
917 4572 1216 4626 secundum
1271 4570 1488 4640 quidem
1525 4580 1703 4624 actum
1757 4579 1922 4631 tenet,
1969 4568 2063 4622 sed

490 4665 729 4735 potentia
779 4664 1037 4734 praeditus
1069 4673 1154 4718 est
1185 4671 1364 4716 actum
1398 4662 1696 4728 accipiendi
1725 4703 1738 4724 ,
1792 4664 1871 4714 sic
1921 4660 2066 4714 acci-

492 4771 620 4825 pere
653 4764 863 4824 oportet
909 4753 1076 4806 animi
1129 4754 1234 4806 vim
1267 4763 1319 4806 et
1364 4761 1636 4805 naturam.
1689 4749 1822 4804 Nam
1865 4759 1922 4804 ut
1955 4751 2065 4804 illic

491 4853 715 4901 exortus
761 4845 988 4898 intuitus
1040 4844 1250 4913 perlicit
1297 4843 1556 4904 oculum,
1611 4843 1687 4896 ita
1739 4843 1826 4896 hic
1876 4850 2065 4896 exorta

494 4937 675 4990 anima
725 4937 1064 5004 incorpore,
1118 4935 1328 5005 perlicit
1379 4934 1602 4997 animal,
1637 4941 1693 4986 ut
1727 4950 1902 5003 neque
1947 4933 2066 4988 sine

493 5041 726 5096 Corpore
759 5042 883 5080 esse
918 5042 1156 5092 unquam
1204 5029 1383 5078 anima
1433 5027 1624 5094 possit.
1661 5040 1836 5094 neque
1865 5040 2065 5094 corpus

493 5119 701 5186 absque
733 5117 932 5170 anima.
967 5115 1165 5169 Verum
1204 5117 1348 5168 enim
1381 5131 1582 5185 corpus
1609 5115 1718 5168 vita
1754 5115 2062 5182 praeditum,

489 5228 628 5279 opus
663 5210 858 5264 anima:
888 5211 1124 5262 animam
1155 5217 1330 5273 vocat,
1368 5209 1660 5277 sejungens
1691 5207 1759 5260 ab
1781 5207 1893 5274 ipsa
1917 5205 2062 5270 quod

490 5303 760 5355 rationale
796 5307 896 5354 est.
953 5297 1058 5353 Sed
1101 5300 1439 5368 oportuisset
1488 5312 1704 5352 omnem
1742 5295 1902 5348 simul
1940 5296 2060 5347 ani-

492 5405 636 5442 mam
683 5390 974 5443 humanam
1010 5389 1277 5455 accipere.
1325 5397 1378 5442 et
1413 5404 1520 5441 non
1547 5402 1633 5463 ex
1679 5397 1852 5456 parte,
1890 5400 2064 5453 eaque

489 5479 894 5539 inﬁrmissima,
945 5478 1012 5531 de
1057 5487 1170 5531 toto
1230 5479 1554 5532 sententiam
1605 5477 1806 5530 dicere.
1869 5473 2063 5528 Postea

491 5585 691 5638 corpus
743 5569 818 5622 ait
874 5579 1140 5636 potestate
1185 5569 1350 5623 vitam
1409 5569 1610 5622 habere
1657 5580 1710 5620 et
1771 5575 2062 5634 antequam

492 5661 674 5712 anima
707 5661 1028 5714 chIitisset.
1074 5659 1214 5715 Dicit
1255 5662 1398 5716 enim
1447 5675 1646 5728 corpus
1680 5667 1944 5728 potestate
1981 5658 2062 5709 vi-

493 5760 605 5805 tam
637 5750 837 5807 habere
864 5753 921 5808 in
946 5753 1164 5824 seipse;
1203 5762 1415 5824 oportet
1452 5763 1630 5808 autem
1663 5766 1866 5821 corpus
1894 5750 2060 5804 vitam

2167 4559 2288 4628 χῆς.
2333 4559 2492 4613 Ἀλλὰ
2532 4560 2592 4612 τὸ
2624 4559 2722 4629 μέν
2761 4558 2990 4622 ζωτικὸν
3026 4559 3184 4628 σῶμα
3215 4557 3372 4627 ἔργον
3409 4557 3507 4626 τῆς
3538 4555 3736 4625 ψυχῆς,

2166 4649 2343 4719 ψυχὴν
2391 4649 2568 4712 καλεῖ,
2618 4647 2864 4718 χωρίζων
2901 4649 3070 4717 αὐτῆς
3117 4648 3176 4699 τὸ
3215 4646 3450 4713 λογικόν.
3487 4645 3634 4698 Ἔδει
3681 4643 3739 4696 δὲ

2169 4743 2347 4792 πᾶσαν
2376 4739 2510 4808 ὁμοῦ
2542 4739 2726 4792 λαϐεῖν
2753 4740 2850 4808 τὴν
2881 4738 3164 4808 ἀνθρώπου
3192 4737 3386 4806 ψυχὴν,
3412 4739 3504 4788 καὶ
3531 4736 3604 4807 μὴ
3630 4735 3739 4788 ἀπὸ

2171 4831 2390 4902 μέρους,
2426 4832 2520 4883 καὶ
2550 4830 2721 4883 ταῦτα
2751 4829 2844 4882 τοῦ
2874 4830 3286 4891 ἀσθενεστάτου,
3321 4829 3448 4898 περὶ
3480 4827 3571 4880 τοῦ
3606 4845 3742 4881 παν-

2164 4922 2257 4984 τὸς
2281 4922 2692 4990 ἀποφαίνεσθαι.
2727 4923 2956 4974 Ἔπειτα
2979 4921 3039 4974 τὸ
3077 4921 3235 4991 σῶμά
3271 4937 3404 4990 φησι
3430 4920 3656 4990 δυνάμει
3682 4919 3743 4972 τὸ

2167 5011 2267 5082 ζῇν
2301 5011 2465 5082 ἔχειν,
2501 5012 2594 5064 καὶ
2645 5011 2751 5082 πρὸ
2783 5012 2875 5064 τοῦ
2915 5012 3165 5080 γενέσθαι
3198 5011 3294 5080 τὴν
3345 5011 3539 5080 ψυχήν.
3581 5011 3742 5078 Λέγει

2167 5107 2273 5175 γάρ
2299 5105 2360 5156 τὸ
2391 5103 2550 5173 σῶμα
2577 5103 2802 5174 δυνάμει
2833 5104 2977 5172 ζωὴν
3006 5103 3149 5172 ἐχειν
3178 5106 3234 5155 ἐν
3258 5102 3454 5172 ἐαυτῷ.
3484 5103 3650 5156 Δεῖδέ
3682 5103 3743 5155 τὸ

2169 5196 2326 5265 σῶμα
2355 5195 2414 5247 τὸ
2433 5195 2659 5265 δυνάμει
2683 5194 2826 5266 ζωὴν
2855 5195 2974 5265 έχον
3012 5193 3272 5265 πρότερον
3307 5193 3558 5264 ἐνεργείᾳ
3586 5195 3742 5264 σῶμα

2167 5282 2339 5338 εἶναι·
2371 5287 2430 5338 οὺ
2476 5285 2695 5339 δύναται
2726 5285 2783 5338 δέ
2831 5285 3078 5356 ἐνεργείᾳ
3121 5285 3278 5353 σῶμα
3328 5279 3465 5336 εἶναι
3512 5284 3614 5354 πρὸ
3647 5284 3741 5336 τοῦ

2167 5377 2421 5442 δέξασθαι
2452 5378 2512 5430 τὸ
2541 5373 2700 5440 εἶδος.
2737 5377 2872 5448 Ὕλη
2904 5379 3011 5447 γάρ
3045 5379 3188 5429 ἐστιν
3222 5375 3429 5438 ἄποιος,
3468 5378 3561 5428 καὶ
3599 5377 3660 5429 οὐ
3684 5376 3744 5429 τὸ

2170 5470 2348 5541 σῶμα.
2403 5470 2686 5523 Ἀδύνατον
2731 5469 2838 5542 ἄρα
2887 5469 2946 5521 τὸ
2997 5468 3070 5538 μὴ
3118 5468 3176 5520 δν
3219 5468 3469 5538 ἐνεργείᾳ
3518 5468 3742 5538 δύναμιν

2168 5563 2312 5632 ἔχειν
2343 5562 2478 5634 πρὸς
2506 5562 2564 5615 τὸ
2593 5561 2653 5626 ἐξ
2686 5561 2850 5614 αὑτοῦ
2888 5579 2940 5613 τι
2971 5559 3232 5628 γίνεσθαι.
3268 5559 3332 5611 Εἰ
3373 5559 3428 5610 δὲ
3455 5560 3548 5611 καὶ
3584 5560 3742 5628 σῶμα

2169 5657 2262 5706 καὶ
2305 5655 2529 5726 δυνάμει
2559 5654 2706 5706 ἐστί·
2746 5653 2861 5716 πῶς
2893 5652 2951 5705 τὸ
2978 5652 3202 5721 δυνάμει
3247 5651 3426 5720 σῶμα,
3462 5651 3740 5720 δυνάμεως

2167 5746 2312 5817 ζωὴν
2339 5747 2479 5817 ἔχειν
2507 5747 2563 5799 ἐν
2589 5745 2762 5816 ἐαυτῷ
2789 5744 3035 5810 δύναται;
3073 5743 3279 5806 ’Ἄλλως
3303 5759 3362 5796 τε
3390 5743 3480 5796 ἐπὶ
3507 5742 3608 5812 μὲν
3635 5742 3741 5794 τῶν
