4166 6372
405 367 505 422 201

1843 354 1929 408 DE
1968 351 2199 407 ANIM‘A.

3552 345 3662 398 eos

408 484 582 541 ἄλλων
608 480 829 537 δυνατὸν
860 480 1051 551 ἔχοντὰ
1080 495 1132 531 τι
1162 478 1236 549 μὴ
1263 477 1495 549 χρῆσθαι
1524 473 1694 545 αὐτῷ,
1731 468 1840 526 οἷον
1860 472 1981 541 byw

2093 470 2294 523 habens
2341 473 2609 537 potestate
2669 467 2819 535 prius
2880 464 3195 536 operatione
3244 477 3447 534 corpus
3490 477 3657 525 esse;

409 577 583 646 ἔχοντι
621 574 694 644 μὴ
727 573 959 644 χρῆσθαι
1011 572 1170 640 αὐτῇ,
1205 570 1300 622 ἐπὶ
1343 568 1400 620 δὲ
1440 568 1540 637 τῆς
1575 566 1753 635 ψυχῆς
1790 563 1983 618 ἀδύνα-

407 684 516 722 τυν.
550 668 623 720 Οὐ
648 666 754 737 γὰρ
787 668 816 719 ὀ
850 664 1125 718 καθεύδων
1152 664 1279 717 ἄνευ
1307 660 1487 730 ψυχῆς
1519 657 1799 728 ἐνεργείας
1846 654 1983 708 ἐστί.

410 762 519 814 Καὶ
537 760 644 829 γὰρ
669 757 923 829 τρέφεται
953 760 1041 809 καὶ
1069 754 1315 819 αὒξεται,
1342 754 1435 806 καὶ
1458 748 1868 819 φαπασιοῦται,
1893 748 1985 799 καὶ

408 851 670 903 ἀναπνεῖ·
704 851 840 920 ὅπερ
892 848 1127 918 μάλιστα
1172 847 1269 916 τῆς
1319 844 1462 915 ζωῆς
1510 846 1625 896 ἔστι
1664 841 1983 910 τεκμήριον.

421 941 516 993 Ἐκ
544 939 748 992 τούτων
791 933 883 995 οὖν
910 935 1163 1007 φανερὸν,
1194 935 1275 987 ὅτι
1316 932 1539 1003 δυνάμει
1566 930 1628 982 τὸ
1656 928 1755 999 ζῇν
1800 928 1860 981 οὐ
1892 925 1984 977 δύ-

410 1047 568 1083 ναται
616 1028 896 1099 προσεῖναί
927 1045 1054 1088 τινι,
1087 1025 1224 1079 ἀλλὰ
1271 1024 1487 1085 πάντως
1532 1018 1782 1091 ἐνεργείᾳ
1805 1034 1817 1046 ·
1852 1032 1987 1085 προ-

408 1120 726 1191 ηγουμένως
766 1119 874 1189 γὰρ
901 1115 963 1170 τὸ
995 1115 1294 1170 είδοποιοῦν
1322 1114 1420 1185 τὴν
1458 1112 1654 1182 ψυχὴν,
1683 1109 1833 1163 οὐδὲν
1860 1106 1988 1161 ἄλλο

411 1207 580 1265 ἐστὶν.
610 1206 721 1259 ἀλλ’
746 1206 777 1275 ἡ
808 1204 918 1276 ζωή
945 1222 956 1235 ’
988 1206 1053 1276 τῇ
1092 1204 1190 1275 μὲν
1223 1204 1332 1275 γὰρ
1364 1203 1506 1272 ψυχῇ
1533 1198 1808 1270 σύμφυτός
1839 1198 1987 1250 ἐστιν

410 1296 443 1363 ἡ
472 1292 582 1363 ζωή
605 1309 618 1322 ’
654 1292 732 1363 τῷ
762 1294 820 1347 δὲ
850 1292 1060 1362 σώματι
1101 1292 1242 1346 κατὰ
1277 1292 1512 1363 μέθεξιν.
1556 1291 1615 1343 '0
1661 1289 1833 1357 λέγων
1879 1286 1988 1339 τοί-

411 1402 506 1438 νυν
542 1385 640 1455 τὴν
669 1385 876 1451 ὑγίειαν
919 1385 1180 1453 ἀνάλογον
1208 1382 1348 1438 εἶναι
1379 1386 1444 1455 τῇ
1488 1383 1624 1453 ζωῇ,
1661 1382 1724 1434 οὐ
1752 1378 1851 1452 τὴν
1889 1379 1988 1450 τῆς

410 1476 585 1546 ψυχῆς
618 1476 762 1547 ζωὴν
794 1476 962 1544 λέγει,
995 1476 1129 1531 ἀλλὰ
1156 1477 1255 1546 τὴν
1284 1474 1377 1527 τοῦ
1408 1475 1657 1545 σώματος
1679 1490 1692 1503 ο
1725 1472 1819 1526 καὶ
1845 1471 1987 1524 οὕτω

413 1571 772 1641 σοφίζεται’ἡ
825 1570 921 1641 μὲν
955 1571 1063 1641 γὰρ
1101 1568 1386 1640 σωματικὴ
1429 1568 1585 1621 οὐσία
1625 1566 1774 1637 παρὰ
1825 1565 1988 1635 μέρος

410 1662 518 1714 τῶν
550 1662 805 1715 ἐναντίων
838 1664 953 1715 ὲστὶ
1002 1662 1222 1730 δεκτική
1243 1677 1258 1691 ο
1291 1663 1323 1730 ἡ
1367 1659 1422 1712 δὲ
1456 1659 1599 1711 κατὰ
1636 1657 1697 1710 τὸ
1729 1652 1867 1719 εἶδος
1898 1656 1988 1709 οὐ·

408 1752 595 1822 δαμῶς
614 1771 628 1784 ⁸
654 1753 757 1807 κᾶν
778 1754 884 1823 γὰρ
913 1753 1054 1809 κατὰ
1082 1753 1143 1805 τὸ
1170 1748 1307 1814 εἶδος
1333 1754 1364 1821 ἡ
1395 1749 1625 1818 διαφορὰ
1653 1747 1983 1817 καταλλαγῇ,

2088 559 2235 630 atqui
2266 575 2373 613 non
2408 568 2587 629 petest
2630 566 2754 612 actu
2797 573 2998 628 corpus
3032 573 3177 620 esse,
3211 558 3529 627 priusquam
3564 569 3658 609 ac-

2086 654 2290 723 ceperit
2340 652 2608 716 l'ormam,
2658 667 2781 705 nam
2831 651 3053 705 materia
3108 656 3192 703 est
3235 648 3518 719 qualitatis
3563 664 3660 702 ex-

2086 758 2235 813 pers,
2261 749 2317 797 et
2347 758 2454 795 non
2484 756 2706 809 corpus.
2759 740 2929 812 Igitur
2964 739 3118 795 nefas
3144 747 3228 795 est
3251 738 3395 810 quod
3433 754 3538 793 non
3574 748 3659 796 est

2084 836 2422 905 operatione,
2470 833 2785 889 facultatem
2838 834 3063 896 habere,
3112 840 3170 886 ut
3199 850 3265 887 ex
3298 833 3417 903 ipso
3452 831 3656 901 aliquid

2086 926 2198 981 ﬂat.
2232 925 2385 992 Quod
2436 926 2482 981 si
2511 940 2712 996 corpus
2741 925 2904 979 etiam
2949 925 3189 994 potentia
3236 932 3342 988 est,
3386 925 3659 994 quomodo

2084 1033 2286 1087 corpus
2331 1018 2591 1087 potentia,
2645 1016 2899 1085 potentiae
2931 1017 3098 1070 vitam
3131 1016 3184 1069 in
3218 1032 3279 1070 se
3324 1016 3526 1070 habere
3559 1032 3657 1085 po-

2084 1108 2228 1163 test?
2262 1106 2398 1162 Cum
2429 1107 2634 1176 alioqui
2670 1107 2723 1159 in
2758 1106 2881 1159 aliis
2912 1105 3026 1160 ﬁeri
3059 1105 3254 1175 possit,
3299 1112 3358 1157 ut
3380 1105 3470 1174 qui
3497 1105 3657 1158 habet

2086 1201 2312 1271 aliquid,
2361 1216 2471 1255 non
2518 1200 2773 1254 adhibeat
2825 1200 2892 1253 ad
2943 1213 3127 1262 usum,
3173 1197 3323 1251 verbi
3372 1198 3567 1268 gratia,
3603 1209 3661 1249 ut

2086 1290 2257 1344 aciem
2299 1291 2581 1345 oculorum
2630 1290 2837 1345 habens
2881 1304 2991 1344 non
3039 1297 3224 1343 utatur
3265 1290 3404 1359 ipsa.
3458 1291 3563 1344 Sed
3601 1291 3657 1344 in

2086 1382 2266 1437 anima
2292 1381 2344 1436 id
2378 1382 2716 1452 impossibile
2748 1392 2850 1438 est.
2879 1381 2996 1436 Non
3019 1384 3162 1437 enim
3188 1383 3282 1452 qui
3308 1382 3512 1437 dormit
3540 1382 3659 1436 sine

2086 1473 2212 1527 vitae
2258 1472 2561 1542 animaeque
2606 1473 2923 1541 operatione
2972 1480 3057 1528 est
3098 1491 3112 1527 :
3154 1474 3353 1528 etenim
3402 1474 3568 1527 alitur
3604 1481 3659 1525 et

2087 1572 2332 1633 augetur,
2365 1571 2418 1616 et
2443 1562 2797 1632 imaginatur,
2822 1573 2876 1618 et
2905 1564 3159 1634 respirat,
3186 1563 3331 1634 quod
3361 1565 3655 1619 maximum

2085 1654 2210 1709 vitae
2236 1662 2617 1725 argumentum
2650 1665 2753 1710 est.
2786 1655 3057 1721 Quocirca
3100 1656 3452 1711 manifestum
3488 1674 3555 1711 ex
3590 1657 3659 1712 iis

2086 1755 2171 1803 est
2203 1747 2367 1801 vitam
2400 1747 2637 1816 potentia
2684 1763 2791 1800 non
2827 1763 2989 1816 posse
3034 1749 3291 1819 cuiquam
3332 1765 3657 1819 congruere,

413 1843 833 1913 μεταλλαττεται
865 1845 957 1898 καὶ⁸
989 1845 1049 1896 τὸ
1081 1844 1248 1909 ζῶονο
1279 1842 1419 1894 ὥστε
1454 1842 1571 1911 οὐχὶ
1598 1840 1739 1893 κατὰ
1769 1840 1830 1892 τὸ
1850 1835 1987 1899 εἶδος

2093 1838 2183 1894 sed
2233 1848 2357 1893 actu
2403 1840 2666 1893 omnino:
2720 1855 2845 1892 nam
2896 1841 3042 1910 quod
3089 1842 3329 1895 animam
3380 1842 3662 1910 specilicat

410 1936 443 2003 ή
474 1936 632 1988 οὐσία
685 1937 791 1991 τῶν
830 1939 1086 1991 ἐναντίων
1133 1938 1251 1989 ἐστὶ
1286 1935 1529 2003 δεκτικὴ,
1576 1933 1712 1987 ἀλλὰ
1753 1932 1894 1986 κατὰ
1926 1933 1986 1987 τὸ

409 2024 781 2095 ὑποκείμενον,
813 2027 1086 2083 τουτέστιν
1124 2027 1157 2096 ὴ
1189 2025 1495 2094 σωματική.
1521 2022 1593 2075 Οὐ
1632 2021 1853 2073 δύναται
1878 2018 1987 2072 τοί-

408 2134 501 2169 νυν
533 2119 567 2187 ή
591 2118 736 2188 ψυχὴ
766 2118 886 2173 κατ’
931 2116 1118 2171 οὐδένα
1165 2115 1363 2186 τρόπον
1411 2113 1712 2183 ἐντελέχεια
1746 2112 1839 2166 τοῦ
1883 2110 1986 2164 σώ-

413 2222 578 2278 ματος
607 2203 767 2271 εἶναι,
809 2207 922 2260 ἀλλ’
952 2208 1106 2261 οὐσία
1141 2205 1433 2275 αὐτοτελὴς
1475 2203 1786 2274 ἀσώματος.
1829 2202 1987 2275 Παρὰ

413 2300 575 2369 μέρος
608 2299 716 2370 γὰρ
758 2299 1063 2367 ἐπιδέχεται
1107 2298 1175 2350 τὰ
1209 2298 1446 2359 ἐναντία,
1485 2295 1680 2348 κακίαν
1719 2295 1814 2349 καὶ
1858 2296 1985 2367 ἀρε-

407 2391 507 2460 τήν
530 2408 541 2417 ·
576 2391 713 2462 ὅπερ
751 2390 847 2445 οὐκ
875 2389 1106 2460 ἠδύνατο
1143 2390 1202 2442 τὸ
1228 2382 1365 2453 εἶδος
1392 2388 1664 2454 δέξασθαι.

2087 1930 2379 2000 praecipue,
2425 1930 2571 1983 aliud
2608 1930 2742 1984 nihil
2790 1939 2876 1986 est
2926 1942 3122 2000 praeter
3169 1934 3380 1988 vitam:
3414 1937 3661 2003 quando-

2089 2021 2316 2090 quidem
2347 2022 2541 2074 animte
2570 2021 2681 2073 vita
2713 2021 2877 2076 insita
2907 2032 2962 2077 et
2995 2034 3230 2077 connata
3261 2031 3344 2078 est
3378 2040 3391 2089 ;
3441 2027 3659 2094 corpori

2088 2128 2219 2169 vero
2250 2113 2670 2183 participatione
2698 2116 2975 2169 convenit.
3015 2115 3197 2181 Quare
3228 2118 3321 2186 qui
3356 2117 3488 2170 dicit
3513 2117 3665 2171 sani-

2089 2211 2256 2258 tatem
2292 2203 2556 2258 rationem
2589 2205 2787 2259 habere
2826 2206 2968 2268 vitaz,
3012 2221 3119 2258 non
3149 2207 3342 2260 anima}
3373 2208 3535 2261 vitam
3579 2208 3664 2261 di-

2088 2295 2184 2360 cit,
2218 2295 2311 2349 sed
2347 2296 2593 2365 corporis
2629 2314 2642 2348 :
2678 2296 2860 2365 itaque
2904 2299 3161 2366 captione
3195 2298 3405 2357 utitur;
3460 2299 3661 2352 etenim

2093 2401 2353 2456 corporea
2397 2387 2705 2441 substantia
2751 2390 3155 2442 contrariorum
3210 2404 3379 2459 capax
3437 2399 3522 2445 est
3569 2405 3665 2459 per

410 2493 593 2553 partes
627 2486 739 2539 sive
765 2485 991 2539 alternis
1014 2504 1027 2539 :
1052 2501 1241 2540 verum
1268 2502 1389 2555 qua:
1417 2485 1717 2539 secundum
1785 2483 2021 2554 speciem
2059 2492 2163 2548 est,
2196 2499 2539 2553 nequaquam
2578 2502 2592 2539 :
2632 2484 2882 2553 quamvis
2914 2486 3056 2539 enim
3089 2485 3244 2554 juxta
3305 2486 3538 2555 speciem
3561 2485 3667 2539 dif-

412 2578 635 2632 ferentia
683 2587 890 2633 mutata
976 2580 1067 2641 sit,
1139 2581 1302 2633 etiam
1355 2580 1556 2632 animal
1605 2587 1883 2641 mutatur;
1964 2577 2191 2647 proinde
2236 2594 2345 2631 non
2386 2578 2541 2647 juxta
2591 2578 2827 2647 speciem
2877 2580 3183 2634 substantia
3267 2582 3663 2634 contrariorum

408 2684 577 2738 rapax
613 2681 718 2730 est,
762 2671 856 2725 sed
890 2672 1186 2726 secundum
1218 2672 1546 2740 subjectum,
1580 2673 1684 2729 hoc
1731 2681 1816 2727 est
1856 2686 2118 2742 corporea
2152 2673 2412 2727 essentia.
2448 2672 2590 2742 Ergo
2627 2689 2736 2727 non
2798 2682 2977 2742 potest
3044 2674 3226 2727 anima
3284 2674 3394 2727 ulla
3453 2676 3667 2731 ratione

408 2778 530 2818 esse
568 2764 815 2833 corporis
856 2776 1032 2826 artus,
1066 2764 1160 2820 sed
1206 2765 1513 2819 substantia
1555 2774 1639 2820 est
1674 2780 1769 2835 per
1800 2779 1860 2820 se
1890 2766 2248 2835 incorporea;
2296 2766 2390 2820 sed
2456 2766 2601 2818 enim
2672 2781 2767 2834 per
2832 2775 3015 2834 partes
3041 2766 3354 2822 successive
3426 2768 3663 2823 admittit

409 2860 707 2921 contraria,
756 2858 946 2911 vitium
996 2869 1051 2913 et
1105 2860 1361 2914 virtutem
1412 2878 1425 2912 :
1482 2861 1626 2929 quod
1665 2860 1837 2914 forma
1874 2876 1980 2913 non
2021 2868 2209 2929 posset
2241 2860 2546 2915 admittere.

485 2949 712 3002 Ἔπειτὰ
743 2965 904 3017 φησιν
938 2950 1271 3019 ἐντελέχειαν
1300 2948 1463 3004 οὖσαν
1499 2952 1598 3022 τὴν
1632 2952 1828 3023 ψυχὴν,
1866 2951 1987 3005 ἀκί-

2160 2952 2422 3022 Adjungit
2450 2961 2707 3022 praeterea
2738 2951 2976 3005 animam
3008 2968 3072 3006 eo
3100 2953 3247 3022 quod
3279 2953 3350 3008 sit
3381 2964 3539 3009 actus
3566 2955 3669 3009 im-

414 3057 585 3110 νητον.
612 3036 749 3093 εἶναι
779 3041 900 3093 καθ’
932 3042 1152 3110 ἑαυτὴν,
1184 3043 1447 3095 κινεῖσθαι
1485 3043 1540 3096 δὲ
1574 3044 1715 3096 κατὰ
1750 3044 1809 3096 τὸ
1849 3061 1983 3113 συμ-

2093 3044 2346 3097 mobilem
2391 3058 2514 3098 esse
2562 3058 2659 3112 per
2700 3058 2779 3106 se,
2813 3045 3016 3097 moveri
3050 3059 3146 3113 per
3193 3043 3489 3109 accidens;
3531 3045 3668 3098 nihil

413 3131 679 3202 ὄεόηκός·
731 3132 884 3185 οὐδὲν
929 3133 985 3186 δὲ
1028 3132 1251 3198 ἀπεικὸς
1305 3136 1560 3203 ἀκίνητον
1606 3132 1771 3188 οὖσαν
1817 3138 1984 3189 κινεῖν

2093 3144 2271 3189 autem
2304 3135 2601 3189 absurdum
2627 3142 2732 3196 est,
2762 3150 2885 3189 cum
2916 3135 2984 3190 sit
3016 3135 3259 3197 immota,
3294 3153 3512 3193 morere
3543 3156 3662 3194 nos.

416 3221 575 3289 ἡμᾶς.
620 3223 727 3274 Καὶ
777 3222 885 3291 γὰρ
918 3224 978 3274 τὸ
1021 3223 1213 3287 κάλλος
1259 3225 1510 3294 ἀκίνητον
1550 3224 1608 3277 ὂν
1652 3227 1791 3277 κινεῖ
1818 3227 1985 3296 ἡμᾶς.

2093 3222 2780 3293 Enimvero‘pulchritudo
2831 3225 3127 3281 immobilis
3174 3242 3297 3281 cum
3356 3228 3449 3289 sit,
3489 3236 3672 3285 movet

2017 3179 2061 3238 C

425 3312 562 3364 Ἀλλ’
598 3314 646 3365 εἰ
678 3314 771 3365 καὶ
807 3313 964 3367 τοῦτο
996 3315 1252 3385 ἀκίνητον
1296 3314 1355 3367 ὃν
1384 3319 1538 3379 κινεῖ,
1569 3316 1702 3369 ἀλλὰ
1740 3316 1803 3368 τὸ
1831 3317 1991 3384 φύσιν

413 3404 533 3473 ἔχον
554 3405 815 3458 κινεῖσθαι
829 3410 987 3470 κινεῖ,
1004 3408 1097 3460 καὶ
1117 3407 1234 3477 οὐχὶ
1253 3408 1345 3461 καὶ
1362 3409 1421 3461 τὸ
1436 3408 1708 3478 ἀκίνητον.
1735 3410 1796 3461 Et
1814 3410 1991 3462 τοίνυν

415 3497 505 3548 καὶ
531 3497 591 3548 τὸ
623 3497 782 3565 σῶμα
810 3498 929 3551 καθ’
956 3498 1117 3551 ἑαυτὸ
1147 3500 1358 3570 κίνησιν
1383 3496 1546 3570 εἶχεν,
1578 3501 1729 3554 οὐδὲν
1751 3498 1818 3572 ἦν
1844 3502 1993 3573 αὑτῴ

414 3586 610 3639 ἄτοπον
644 3588 777 3641 αὐτὸ
808 3589 1073 3643 κινεῖσθαι
1103 3590 1207 3642 ὑπὸ
1243 3592 1522 3662 ἀκινήτου.
1556 3592 1669 3645 Νῦν
1707 3593 1762 3644 δὲ
1792 3594 1989 3647 ἀδύνα-

415 3696 504 3730 τον
542 3680 602 3731 τὸ
641 3680 892 3749 ἀκίνητον
922 3680 1027 3732 ὑπὸ
1071 3682 1325 3751 ἀκινήτου
1370 3683 1650 3737 κινεῖσθαι.
1689 3684 1856 3737 Πόθεν
1902 3682 1993 3739 οὖν

417 3770 494 3840 τῷ
520 3770 732 3841 σώματι
763 3771 823 3823 τὸ
869 3772 1154 3835 κινεῖσθαι,
1198 3774 1244 3825 εί
1280 3773 1353 3843 μὴ
1392 3774 1499 3825 ἀπὸ
1537 3776 1635 3845 τῆς
1670 3776 1884 3845 ψυχῆςς
1919 3778 1993 3829 Οὐ

417 3862 524 3933 γὰρ
559 3863 909 3933 αὐτοκίνητόν
940 3865 1055 3916 ἐστι
1082 3864 1142 3915 τὸ
1173 3864 1329 3935 σῶμα
1348 3882 1361 3894 ·
1398 3864 1621 3935 πρώτην
1660 3862 1753 3919 οὖν
1782 3868 1994 3934 γένεσιν

418 3956 685 4025 κινήσεως
725 3955 1043 4025 βουλόμενος
1075 3957 1263 4023 δεῖξαι.
1294 3958 1353 4009 οὐ
1383 3957 1625 4027 πρώτην,
1663 3958 1797 4010 ἀλλὰ
1823 3959 1997 4011 δευτέ-

423 4064 521 4117 ραν
561 4045 778 4110 ἕδειξεν.
811 4045 873 4099 Et
898 4047 997 4117 μὲν
1022 4047 1129 4119 γὰρ
1170 4048 1243 4120 μὴ
1270 4048 1582 4117 κινούμενον
1624 4050 1812 4109 ἐκίνει,
1847 4050 1998 4120 πρώ-

418 4154 518 4207 την
550 4138 721 4190 ἐποίει
761 4138 993 4207 κίνησιν.
1038 4139 1099 4190 Εἰ
1138 4138 1194 4191 δὲ
1231 4140 1291 4191 τὸ
1335 4139 1651 4208 κινούμενον
1682 4139 1774 4208 ἀφ’
1802 4139 1994 4192 ἑαυτοῦ

420 4230 514 4283 καὶ⁵
543 4230 717 4291 ἄλλως
760 4233 916 4295 κινεί,
955 4229 1209 4300 δευτέρας
1241 4232 1504 4300 κινήσεως
1544 4231 1754 4298 γένεσιν
1787 4229 1997 4300 ἐξηγεί-

418 4336 528 4374 ται.
563 4319 733 4372 Πόθεν
764 4316 856 4373 οὖν
898 4320 958 4372 τὸ
997 4321 1282 4385 κινεῖσθαι,
1316 4324 1362 4374 εί
1399 4321 1472 4392 μὴ
1514 4322 1624 4375 ἀπὸ
1661 4322 1877 4392 ψυχῆςς
1919 4323 1993 4375 Οὐ

421 4412 528 4483 γὰρ
559 4411 909 4482 αὐτοκίνητόν
934 4414 1050 4464 ἐστι
1071 4413 1131 4466 τὸ
1159 4413 1337 4482 σῶμα.
1372 4414 1540 4466 Πόθεν
1564 4408 1657 4467 οὖν
1683 4414 1871 4483 πρώτη
1905 4414 1995 4482 γέ-

2092 3333 2240 3385 ιιοε;
2288 3334 2475 3373 verum
2528 3319 2746 3373 tametsi
2797 3318 2944 3389 quod
2993 3319 3271 3373 immobile
3316 3329 3399 3374 est
3432 3330 3668 3386 moveat,

2092 3419 2273 3465 tamen
2320 3411 2463 3481 quod
2507 3423 2756 3464 naturam
2787 3411 2969 3472 habet,
3007 3417 3066 3463 ut
3113 3421 3415 3475 moveatur,
3449 3423 3668 3480 movet;

2094 3519 2204 3557 non
2269 3503 2321 3556 id
2370 3503 2535 3557 etiam
2589 3502 2734 3572 quod
2799 3501 3080 3556 immobile
3163 3510 3270 3557 est.
3323 3501 3672 3575 Quapropter

2095 3596 2140 3650 si
2181 3611 2378 3663 corpus
2421 3595 2584 3647 etiam
2634 3609 2729 3663 per
2773 3609 2831 3648 se
2866 3593 3159 3673 motionem
3217 3594 3475 3659 haberet,
3533 3596 3671 3650 nihil

2097 3686 2395 3740 absurdum
2427 3694 2594 3745 esset,
2648 3687 2826 3755 ipsum
2875 3700 3097 3754 quoque
3131 3687 3337 3739 moveri
3373 3688 3440 3742 ab
3477 3688 3673 3741 immo-

2094 3779 2207 3832 bili.
2243 3776 2361 3830 Jam
2398 3792 2528 3831 vero
2581 3776 2693 3829 ﬁeri
2746 3791 2852 3829 non
2905 3784 3123 3845 potest,
3177 3789 3235 3831 ut
3288 3777 3566 3834 immobile
3604 3781 3673 3835 ab

2096 3868 2359 3922 immobili
2396 3876 2700 3922 moveatur.
2734 3865 3015 3921 Undenam
3046 3882 3177 3935 ergo
3208 3868 3410 3921 accidit
3429 3869 3667 3938 corpori,

2096 3970 2158 4012 ut
2190 3972 2492 4023 moveatur,
2528 3960 2629 4014 nisi
2661 3960 2730 4013 ab
2752 3959 2970 4011 anima?
3009 3960 3281 4030 siquidem
3321 3975 3524 4031 corpus
3564 3976 3671 4015 non

2096 4062 2180 4107 est
2222 4068 2318 4121 per
2368 4068 2428 4106 se
2471 4054 2689 4107 mobile.
2738 4052 3007 4118 Quocirca
3063 4068 3189 4107 cum
3232 4053 3461 4122 primam
3516 4062 3672 4105 actus

2097 4141 2360 4211 originem
2390 4142 2551 4195 vellet
2581 4140 2843 4206 indicare,
2894 4157 3001 4194 non
3064 4142 3295 4211 primam
3346 4139 3443 4195 sed
3474 4156 3671 4195 secun-

2096 4232 2221 4286 dam
2259 4232 2516 4286 ostendit.
2556 4232 2766 4286 Etenim
2801 4235 2846 4286 si
2872 4234 3015 4301 quod
3050 4250 3155 4287 non
3186 4242 3452 4291 movetur,
3489 4248 3671 4286 move-

2098 4308 2489 4391 ret,"primam
2524 4323 2724 4376 faceret
2763 4325 3105 4388 motionem;
3154 4324 3240 4377 sin
3290 4332 3469 4375 autem
3522 4322 3667 4392 quod

2099 4422 2350 4467 movetur
2386 4430 2478 4482 per
2512 4429 2591 4475 se,
2623 4413 2780 4466 aliter
2813 4413 2976 4467 etiam
3024 4420 3223 4477 movet,
3269 4410 3524 4466 secundae
3554 4424 3669 4463 mo-

420 4520 567 4567 νεσις
610 4504 711 4573 τῆς
746 4505 1010 4574 κινήσεως
1046 4503 1124 4574 τῷ
1156 4503 1401 4574 σώματι;
1430 4506 1502 4557 Τὸ
1544 4505 1651 4577 γὰρ
1693 4506 1871 4575 λέγειν
1902 4508 1991 4574 ἀφ’

2100 4505 2267 4559 tionis
2300 4513 2479 4558 ortum
2514 4505 2760 4574 exponit.
2797 4503 3078 4558 Untlenam
3121 4504 3286 4574 igitur
3323 4504 3524 4555 moveri
3562 4502 3667 4555 nisi

421 4594 632 4647 ἑαυτῶν
666 4594 927 4648 κινεῖσθαι
972 4595 1040 4649 τὰ
1090 4599 1346 4666 στοιχεῖα,
1395 4597 1462 4651 τὰ
1511 4598 1608 4667 μὲν
1655 4598 1831 4667 κοῦφα
1864 4598 1991 4651 ὄντα

424 4685 603 4754 φύσει,
634 4688 703 4740 τὰ
731 4687 788 4740 δὲ
819 4686 1009 4757 βαρέα,
1034 4686 1228 4756 ψεῦδός
1248 4690 1413 4742 ἐστιν.
1442 4690 1501 4743 Et
1525 4690 1633 4760 γὰρ
1662 4692 1694 4760 ἡ
1726 4691 1996 4761 κουφότης

424 4780 518 4831 καί¹
550 4779 788 4850 βαρύτης
828 4780 1040 4851 κίνησίς
1080 4783 1245 4845 ἐστιν,
1285 4782 1376 4849 ἀφ’
1410 4782 1617 4834 ἑαυτῶν
1649 4781 1705 4834 δὲ
1745 4784 1993 4843 κινεῖται,

424 4871 677 4925 οὐδέποτε
719 4873 974 4944 στήσεται
1001 4874 1069 4927 τὰ
1110 4876 1286 4944 κοῦφα
1315 4876 1409 4929 καὶ
1446 4875 1646 4945 βαρέα’
1687 4874 1900 4926 ἵσταται
1940 4875 1996 4927 δὲ

425 4967 516 5021 τὸν
541 4969 738 5021 οἰκεῖον
763 4968 1137 5023 καταλαϐόντα
1158 4971 1339 5023 τόπον.
1368 4971 1482 5022 Οὐκ
1503 4970 1609 5041 ἄρα
1638 4967 1877 5040 βαρύτης
1903 4966 1996 5021 καὶ

425 5057 696 5127 κουφότης
735 5060 885 5115 αἰτία
937 5060 1159 5131 πρώτης
1206 5061 1488 5131 κινήσεως,
1534 5059 1668 5113 ἀλλὰ
1716 5058 1997 5128 ποιότητες

427 5149 534 5201 τῶν
566 5154 861 5219 στοιχείων.
908 5152 1032 5203 Ἐὰν
1063 5152 1119 5204 δὲ
1162 5150 1440 5205 καὶτοῦτο
1474 5151 1621 5223 δοθῇ,
1663 5150 1778 5212 πῶς
1805 5166 1888 5211 τις
1912 5147 1998 5200 λο-

426 5240 673 5309 γίζεσθαι
701 5244 793 5294 καὶ
820 5240 1064 5306 δοξάζειν
1097 5242 1192 5295 καὶ
1223 5242 1423 5312 κρίνειν
1453 5241 1691 5302 δύναται,
1732 5238 2000 5307 κουφότη-

427 5350 515 5395 τος
543 5335 635 5386 καὶ
660 5332 957 5404 βαρύτητος
977 5334 1115 5403 ἔργα
1138 5332 1307 5400 εἷναι;
1338 5332 1399 5385 Εἰ
1431 5333 1488 5386 δὲ
1523 5333 1597 5402 μὴ
1630 5330 1854 5395 τούτων,
1879 5329 1997 5382 οὐδὲ

427 5426 534 5476 τῶν
575 5426 872 5494 στοιχείων.
905 5427 966 5478 Et
1010 5426 1067 5477 δὲ
1115 5426 1189 5495 μὴ
1221 5426 1327 5477 τῶν
1378 5425 1672 5495 στοιχείων,
1717 5423 1836 5476 οὐδὲ
1890 5422 1999 5475 τῶν

432 5516 724 5584 σωμάτωνο
760 5516 839 5568 ἔτι
867 5517 916 5568 εί
960 5517 1099 5569 κατὰ
1131 5516 1472 5585 συμϐεϐηκὸς
1502 5517 1535 5585 ἡ
1571 5514 1716 5585 ψυχὴ
1750 5517 1997 5574 κινεῖται,

429 5606 491 5657 τὸ
521 5607 577 5658 δὲ
610 5607 767 5677 σῶμα
801 5608 862 5672 ἐξ
909 5607 1124 5671 ἑαυτοῦ,
1153 5610 1246 5661 καὶ
1284 5609 1356 5679 μὴ
1395 5607 1561 5678 οὔσης
1590 5608 1686 5677 τῆς
1724 5606 1898 5676 ψυχῆς
1942 5606 2000 5671 ὲξ

431 5697 623 5750 ἑαυτοῦ
665 5702 724 5755 τὸ
748 5699 907 5771 σῶμα
928 5697 1467 5770 κινηθήσεται.Είδὲ
1511 5698 1685 5763 τοῦτο,
1728 5700 1819 5751 καὶ
1863 5697 2000 5761 ζῶον

431 5789 581 5844 εστ-αι
619 5792 783 5860 χωρὶς
829 5791 925 5859 τῆς
980 5789 1187 5860 ψυχῆς
1219 5789 1395 5843 ἄτοπα
1446 5791 1501 5843 δὲ
1552 5790 1752 5843 ταῦτα·
1803 5789 2000 5844 ἄτοπον

755 5884 1019 5944 ΡΑτιιοι..
1056 5886 1171 5945 Gtt.
1211 5884 1398 5944 XLV.

2100 4598 2168 4651 ab
2196 4595 2374 4649 anima
2402 4594 2616 4648 oritur?
2659 4593 2775 4648 Non
2807 4595 2948 4648 enim
2975 4609 3176 4667 corpus
3225 4609 3321 4662 per
3370 4608 3429 4647 se
3464 4592 3666 4644 moveri

2098 4695 2310 4759 potest.
2335 4687 2509 4747 Unde,
2543 4687 2789 4756 inquam,
2822 4667 3031 4756 primus
3064 4685 3321 4739 motionis
3356 4691 3509 4737 ortus
3547 4698 3669 4736 eor-

2098 4780 2217 4849 pori
2265 4778 2507 4832 accidit?
2556 4777 2690 4832 Nam
2741 4779 2922 4832 dicere
2953 4778 3215 4832 elementa
3258 4792 3286 4830 a
3331 4791 3389 4830 se
3439 4776 3665 4838 moveri,

2098 4888 2221 4940 quae
2248 4872 2443 4942 partim
2476 4871 2613 4925 levia
2646 4878 2774 4926 sunt
2806 4881 3023 4931 natura,
3056 4870 3253 4939 partim
3284 4868 3491 4939 gravia,
3522 4884 3669 4921 men-

2098 4965 2312 5018 dacium
2340 4972 2445 5019 est.
2482 4962 2693 5017 Etenim
2732 4962 2778 5017 si
2810 4963 2998 5016 levitas
3052 4970 3106 5016 et
3135 4961 3373 5031 gravitas
3399 4962 3667 5015 motiones

2100 5064 2247 5118 sunt,
2270 5063 2324 5110 et
2350 5069 2379 5108 a
2401 5055 2598 5124 seipsis
2621 5064 2923 5116 moventur,
2943 5067 3219 5122 nunquam
3239 5052 3377 5106 levia
3406 5058 3461 5105 et
3483 5052 3667 5121 gravia

2099 5146 2419 5202 consistent.
2474 5143 2634 5213 Atqui
2668 5158 2731 5197 ea
2760 5157 2882 5213 quae
2916 5143 3197 5212 proprium
3249 5148 3502 5195 assecuta
3539 5148 3668 5193 sunt

2102 5238 2301 5301 locum,
2333 5237 2660 5290 consistunt.
2693 5234 2875 5300 Quare
2901 5236 3137 5304 gravitas
3179 5241 3233 5286 et
3268 5234 3457 5286 levitas
3489 5247 3668 5286 causa:

2102 5346 2208 5403 non
2241 5338 2368 5382 sunt
2407 5328 2591 5397 primae
2629 5327 2908 5385 motionis,
2941 5324 3037 5382 sed
3052 5327 3341 5396 qualitates
3374 5324 3669 5377 elemento-

2102 5439 2242 5476 rum.
2279 5420 2432 5486 Quod
2465 5421 2508 5474 si
2544 5419 2646 5472 hoc
2677 5434 2999 5472 concessum
3031 5417 3213 5480 fuerit,
3250 5417 3522 5486 quomodo
3550 5415 3665 5468 exi-

2103 5515 2327 5569 stimare
2350 5519 2403 5567 et
2430 5511 2644 5580 opinari
2676 5518 2728 5563 et
2753 5508 3003 5577 judicare
3042 5507 3165 5575 quis
3195 5512 3394 5576 potest,
3432 5503 3667 5559 levitatis

2100 5615 2155 5658 et
2182 5602 2464 5673 gravitatis
2495 5614 2657 5670 opera
2687 5600 2848 5653 esse?
2904 5597 2999 5652 Sin
3053 5597 3234 5651 minus
3269 5596 3463 5649 horum
3515 5604 3664 5656 sunt,

2102 5712 2170 5750 ne
2217 5696 2608 5750 elementorum
2661 5694 2902 5762 quidem.
2970 5690 3124 5757 Quod
3175 5690 3219 5743 si
3272 5690 3666 5743 elementorum

2105 5804 2268 5858 opera
2296 5803 2402 5842 non
2436 5796 2585 5853 sunt,
2617 5800 2684 5841 ne
2710 5800 2999 5856 corporum
3040 5781 3277 5853 quidem.
3309 5779 3578 5834 Praeterea
3620 5778 3666 5835 si

3355 5874 3392 5896 Η

3367 5889 3385 5931 ι
