4166 6372
493 281 594 340 203

1707 287 1762 343 S.
1804 289 2136 347 GREGORII
2173 295 2463 352 NYSSENI

3640 307 3750 364 204

493 397 672 450 anima
705 413 802 467 per
835 395 1093 453 accidens
1132 407 1400 464 movetur,
1436 416 1637 472 corpus
1667 416 1847 460 autem
1887 422 1950 462 ex
1985 423 2070 463 se-

2186 412 2280 482 ἱρα
2299 413 2464 467 καὶτὸ
2485 415 2543 481 ἐξ
2559 416 2750 486 ἀρχῆς*
2771 416 2887 470 ἀλλ’
2901 417 3020 471 οὐδὲ
3035 418 3094 472 τὸ
3107 417 3284 486 λέγειν
3300 419 3381 472 ὅτι
3399 421 3508 472 πᾶν
3521 419 3582 472 τὸ
3593 417 3750 488 φύσει

490 487 637 556 ipso,
676 491 859 542 anima
886 506 992 544 non
1021 492 1314 546 exsistente
1347 509 1547 564 corpus
1574 511 1604 549 a
1633 512 1692 552 se
1721 499 2030 554 movebitur
2055 516 2067 551 :

491 579 639 649 quod
675 581 718 636 si
751 582 822 635 ita
865 596 924 636 se
966 597 1050 637 res
1083 583 1266 647 habet,
1309 587 1511 639 animal
1540 589 1702 642 etiam
1734 591 1840 643 erit
1867 593 2076 663 absque

492 672 708 740 anima;
741 676 890 744 atqui
920 676 1160 730 absurda
1195 685 1324 731 sunt
1353 680 1498 745 luec;
1533 679 1702 750 igitur
1734 684 1900 736 etiam
1928 687 2076 755 quod

495 764 564 818 ab
597 765 754 820 initio
786 765 1023 836 positum
1050 775 1156 832 est,
1179 769 1475 824 absurdum
1503 773 1644 839 erit;
1676 775 1768 828 sed
1795 791 1863 830 ne
1889 793 2073 833 verum

492 857 714 926 quidem
737 866 822 912 est
851 860 1022 925 dictu,
1046 875 1209 915 omne
1231 861 1377 930 quod
1412 871 1608 918 natura
1641 877 1887 922 movetur
1909 870 2074 923 etiam

493 950 545 1000 vi
585 950 820 1013 moveri,
855 958 908 1004 et
938 951 1085 1020 quod
1124 953 1174 1006 vi
1207 961 1481 1018 movetur,
1516 956 1683 1009 etiam
1725 968 1920 1014 natura
1961 977 2078 1016 mo-

494 1041 631 1094 veri.
683 1041 894 1095 Etenim
929 1043 1167 1098 mundus
1196 1045 1290 1114 qui
1321 1054 1517 1099 natura
1554 1056 1820 1114 movetur,
1867 1065 1977 1104 non
2024 1051 2078 1106 vi

496 1141 791 1186 movetur:
831 1133 934 1188 hoc
986 1135 1150 1188 etiam
1195 1137 1496 1191 secundum
1535 1147 1787 1194 naturam
1821 1142 2075 1211 quiescit.

495 1225 786 1280 Enimvero
824 1227 1065 1281 mundus
1105 1235 1160 1281 et
1209 1229 1291 1284 sol
1321 1237 1376 1284 et
1413 1231 1561 1296 luna,
1603 1247 1724 1301 qua:
1775 1235 2080 1289 secundum

495 1327 748 1370 naturam
786 1329 1094 1384 moventur,
1144 1320 1446 1374 secundum
1499 1332 1751 1376 naturam
1797 1325 2081 1394 quiescere

496 1423 604 1461 non
644 1419 878 1477 possunt
911 1427 923 1462 :
959 1411 1150 1465 eodem
1185 1426 1319 1466 sane
1367 1413 1527 1467 tnodo
1579 1415 1784 1479 anima,
1836 1435 1958 1487 quae
1991 1434 2080 1475 se-

495 1500 734 1552 cundum
763 1510 1016 1553 naturam
1041 1515 1256 1571 semper
1284 1510 1554 1564 movetur,
1581 1505 1866 1574 quiescere
1891 1524 2084 1563 secun-

496 1589 625 1642 dum
659 1600 913 1644 naturam
955 1593 1164 1662 nequit.
1217 1592 1350 1648 Nam
1390 1597 1548 1665 quies
1585 1599 1810 1652 exitium
1843 1609 1926 1657 est
1963 1604 2084 1657 ani-

497 1698 618 1746 Inaa,
653 1689 707 1737 et
751 1683 996 1752 cujusvis
1032 1701 1248 1756 semper
1288 1689 1508 1743 mobilis
1553 1700 1782 1747 naturte.
1830 1693 1910 1748 Ad
1970 1696 2082 1749 hac

2176 503 2491 574 κινούμενον
2524 507 2618 559 καὶ
2657 507 2747 579 βία
2775 512 3000 563 κινεῖται
3029 525 3043 539 ⁸
3081 510 3174 563 καὶ
3215 511 3324 564 πᾶν
3351 511 3412 564 τὸ
3452 510 3543 582 βίᾳ.
3569 511 3750 564 κινού-

2179 610 2337 662 μενον
2384 598 2476 649 καὶ
2514 597 2670 666 φύσει
2703 602 2948 665 κινεῖται,
2991 600 3188 671 ἀληθές
3233 603 3399 656 ἐστιν.
3438 603 3494 655 Ὀ
3527 603 3634 674 γὰρ
3662 603 3753 657 κό-

2179 704 2314 756 σμος
2352 687 2511 757 φύσει
2566 691 2899 763 κινούμενος,
2949 695 3040 764 βίᾳ.
3065 695 3125 746 οὐ
3168 697 3423 747 κινεῖταιο
3467 695 3624 747 τοῦτο
3657 695 3753 748 καὶ

2178 779 2320 832 κατὰ
2365 783 2524 851 φύσιν
2570 785 2787 854 ἠρεμεῖ.
2823 786 2931 838 Καὶ
2958 785 3066 855 γὰρ
3107 787 3135 838 6
3164 786 3366 856 κόσμος
3406 787 3498 839 καὶ
3535 787 3564 838 6
3602 786 3754 855 ἥλιος

2178 875 2270 926 καὶ
2296 877 2328 945 ή
2355 875 2549 946 σελήνη
2579 877 2716 929 κατὰ
2738 877 2897 944 φύσιν
2937 877 3250 948 κινούμενα,
3283 877 3423 932 κατὰ
3451 878 3609 946 φύσιν
3631 881 3755 950 ἠρε-

2183 967 2300 1034 μεῖν
2340 965 2401 1018 οὐ
2448 965 2695 1019 δύναται·
2739 968 2829 1019 τὸν
2879 968 3040 1020 αὑτὸν
3072 971 3272 1039 τρόπον
3319 970 3351 1039 ή
3399 969 3565 1040 ψυχὴ,
3614 969 3754 1022 κατὰ

2181 1057 2340 1126 φύσιν
2368 1058 2671 1130 ἀεικίνητος
2696 1055 2849 1121 οὖσα,
2888 1061 3028 1113 κατὰ
3060 1061 3219 1129 φύσιν
3258 1063 3483 1132 ήρεμεῖν
3507 1061 3564 1112 οὐ
3600 1059 3755 1113 δύνα-

2178 1167 2289 1203 ται.
2333 1151 2396 1202 Ἡ
2421 1150 2527 1222 γὰρ
2559 1151 2761 1222 ἠρεμία
2789 1152 2963 1222 φθορὰ
2989 1154 3083 1224 τῆς
3109 1153 3286 1222 ψυχῆς
3326 1155 3460 1215 ἐστι,
3489 1153 3583 1204 καὶ
3619 1169 3756 1205 παν-

2179 1243 2270 1306 τὸς
2302 1244 2629 1313 ἀεικινήτου.
2666 1244 2808 1314 Πρὸς
2829 1246 3037 1306 τούτοις
3064 1243 3220 1312 φύσει
3243 1244 3337 1296 καὶ
3359 1244 3418 1296 τὸ
3449 1243 3758 1315 ἀπορούμε-

2181 1351 2271 1387 νον
2310 1335 2367 1400 ὲξ
2398 1335 2590 1406 ἀρχῆς,
2637 1334 2828 1388 ἄλυτον
2869 1335 3040 1405 μένει,
3089 1336 3249 1389 πόθεν
3289 1336 3350 1388 τὸ
3401 1335 3559 1406 σῶμα
3595 1334 3756 1405 φύσιν

2185 1427 2485 1496 συνέχεται,
2526 1428 2765 1496 πεφυκὸς
2806 1428 2898 1481 καὶ
2935 1428 3430 1482 διασκεδάννυσθαι.
3475 1430 3660 1499 Ἀρκεῖ
3697 1427 3756 1480 δὲ

2181 1517 2355 1570 ταῦτα
2389 1521 2451 1570 ὲκ
2500 1518 2708 1572 πολλῶν
2749 1519 3024 1584 ἀποδεῖξαι
3062 1519 3158 1591 τὴν
3199 1521 3395 1592 ψυχὴν,
3430 1523 3566 1592 μήτε
3611 1522 3757 1573 ἐντε-

2183 1609 2396 1679 λέχειαν
2425 1607 2606 1672 οὖσαν,
2643 1613 2776 1682 μήτε
2809 1612 3082 1682 ἀκίνητον,
3115 1613 3250 1683 μήτε
3295 1614 3353 1666 ἐν
3382 1612 3592 1683 σώματι
3618 1630 3760 1682 γινο-

2188 1703 2374 1774 μένην.
2417 1702 2738 1774 Πυθαγόρας
2786 1703 2842 1756 δὲ
2886 1703 3226 1773 συμϐολικῶς
3258 1703 3495 1767 εἰκάζειν
3530 1705 3616 1758 ἀεὶ
3661 1705 3757 1757 καὶ

499 1781 697 1827 natura
723 1775 911 1839 etiam,
945 1777 1091 1846 quod
1123 1777 1176 1831 in
1217 1779 1442 1834 dubium
1472 1783 1772 1837 vocabatur
1801 1787 1868 1839 ab
1903 1787 2078 1850 initio,

2186 1764 2272 1849 τὸν
2308 1764 2439 1848 Θεὸν
2479 1764 2674 1848 καὶ-τά
2721 1764 2896 1848 πάντα
2926 1764 3036 1858 τοῖς
3072 1764 3322 1866 ἀριθμοῖς
3369 1764 3592 1859 εἰωθὼς,
3627 1795 3757 1867 ὡρί-

503 1867 742 1921 solutum
781 1875 985 1935 manet,
1045 1870 1188 1925 unde
1237 1886 1440 1942 corpus
1488 1883 1737 1930 naturam
1780 1879 2079 1947 contineat,

498 1973 624 2011 cum
672 1966 866 2012 natura
913 1970 1290 2031 comparatum
1338 1965 1408 2017 sit
1454 1973 1512 2019 ut
1553 1966 1873 2037 dissipetur.
1905 1969 2083 2040 Atque

503 2051 620 2105 haec
658 2067 689 2105 e
721 2052 911 2106 multis
937 2053 1215 2108 sulliciunt
1243 2055 1308 2109 ad
1342 2057 1684 2126 probandum
1716 2062 1954 2115 animam
1988 2079 2082 2119 ne-

501 2156 608 2209 que
638 2149 822 2195 actum
855 2143 1160 2212 perlectum
1204 2161 1346 2210 esse,
1379 2163 1555 2217 neque
1590 2149 1948 2217 immobilem,
1982 2168 2079 2207 ne-

499 2249 606 2302 que
641 2235 695 2286 in
731 2249 963 2302 corpore
1005 2237 1177 2292 nasci.
1236 2237 1572 2309 Pythagoras
1632 2251 1803 2304 certe,
1853 2244 1946 2311 qui
1986 2259 2081 2312 per

500 2333 660 2380 notas
690 2341 905 2395 semper
935 2343 1255 2397 comparare
1293 2339 1348 2384 et
1389 2331 1558 2385 Deum
1592 2341 1646 2387 et
1675 2334 1854 2386 omnia
1887 2350 2080 2388 nume-

497 2419 574 2472 ris
603 2419 798 2473 solitus
828 2429 968 2484 erat,
992 2421 1156 2474 etiam
1192 2422 1428 2474 animam
1461 2423 1757 2477 deliniebat
1790 2441 2078 2479 numerum

499 2509 742 2578 seipsum
774 2519 1108 2564 moventem.
1164 2508 1300 2565 Huic
1329 2513 1495 2566 etiam
1526 2511 1868 2570 Xenocrates
1897 2515 2081 2569 adlue-

499 2600 673 2662 rebat,
723 2613 833 2652 non
883 2600 1029 2668 quod
1061 2601 1422 2654 assentiretur
1452 2603 1688 2654 animam
1724 2618 1848 2657 esse
1883 2619 2080 2657 nume-

499 2705 642 2754 rum,
678 2690 773 2746 sed
809 2693 955 2761 quod
991 2704 1236 2748 censeret
1270 2709 1390 2747 eam
1429 2693 1481 2747 in
1515 2695 1680 2749 rebus
1724 2697 2082 2751 numerabili-

501 2781 603 2834 bus
634 2796 778 2844 esse,
808 2791 969 2849 atque
993 2783 1350 2836 multitudine
1374 2784 1784 2854 comprehensis
1817 2803 1829 2839 :
1861 2786 2082 2854 etquod

502 2874 684 2926 anima
715 2874 786 2926 sit
817 2889 937 2942 quae
966 2875 1184 2941 negotia
1219 2874 1505 2937 discernit,
1557 2874 1765 2931 formas
1801 2887 1856 2931 et
1881 2879 2081 2948 elligies

501 2965 793 3034 quibusvis
840 2965 1145 3018 inferendo.
1198 2965 1323 3018 Ilaec
1355 2972 1498 3019 enim
1543 2980 1624 3022 εει
1658 2984 1776 3037 qua:
1805 2972 2016 3038 species
2050 2984 2079 3022 a

504 3058 791 3125 speciebus
825 3067 1066 3125 separat,
1099 3065 1151 3111 et
1185 3057 1498 3113 dillerentes
1542 3075 1571 3112 a
1613 3077 1672 3114 se
1721 3062 1952 3115 iuvit-em
1984 3063 2080 3117 de-
2107 3095 2150 3152 ο

503 3153 701 3215 claral,
750 3162 863 3204 tum
907 3151 1223 3205 diversitate
1264 3167 1547 3221 generum,
1589 3163 1702 3206 tum
1734 3156 2083 3209 multitudine

504 3245 741 3304 numeri,
788 3243 1026 3311 ideoque
1071 3245 1444 3299 numerabiles
1495 3243 1733 3300 alliciens
1765 3263 1887 3313 res;
1940 3247 2084 3303 unde

502 3351 617 3390 non
664 3350 1061 3404 usquequaque
1095 3335 1277 3389 liberte
1309 3345 1437 3390 sunt
1489 3352 1516 3388 a
1564 3339 1956 3393 communione
1989 3355 2087 3409 per

505 3443 786 3482 numeros.
818 3426 1022 3482 Verum
1057 3428 1203 3496 quod
1254 3444 1349 3498 per
1379 3445 1439 3483 se
1472 3442 1721 3484 movetur
1755 3432 1918 3485 etiam
1968 3433 2087 3502 ipse

505 3521 556 3574 ei
579 3520 895 3574 testimonio
925 3536 1026 3574 suo
1055 3521 1263 3575 tribuit.
1296 3518 1452 3586 Quod
1476 3533 1654 3575 autem
1687 3538 1949 3577 numerus
1978 3540 2087 3578 non

508 3615 580 3668 sit
609 3612 814 3678 anima,
853 3613 979 3666 hinc
1014 3613 1292 3683 colligitur
1320 3632 1332 3666 :
1364 3611 1639 3667 Numerus
1667 3613 1949 3682 quantitas
1978 3624 2084 3680 est,

507 3705 694 3760 anima
741 3720 869 3759 vero
923 3708 1205 3773 quantitas
1258 3718 1366 3756 non
1409 3712 1533 3767 est,
1591 3705 1686 3760 sed
1739 3706 2085 3771 substantia;

508 3813 640 3869 ergo
672 3812 936 3851 numerus
971 3813 1076 3850 non
1110 3805 1194 3850 est
1228 3815 1240 3850 :
1289 3797 1506 3850 tametsi
1539 3798 1886 3866 potissimum
1921 3798 2088 3852 etiam

509 3905 799 3946 numerum
836 3890 890 3942 in
925 3889 1366 3958 intelligibilibus
1392 3891 1693 3943 essentiam
1725 3906 1848 3945 esse
1877 3892 2087 3957 volunt,

508 3990 570 4038 ut
616 3983 670 4037 in
708 3984 774 4037 iis
801 3997 926 4052 quae
957 3981 1217 4050 deinceps
1267 3989 1577 4050 sequuntur
1625 3981 1898 4038 dicemus.
1955 3982 2088 4037 Item

509 4077 690 4132 anima
735 4075 1002 4131 continua
1037 4083 1141 4138 est,
1193 4090 1457 4129 numerus
1489 4069 1633 4129 vero
1661 4090 1770 4130 non
1802 4083 1886 4132 est
1913 4078 2091 4131 conti-

508 4185 674 4224 nuus.
707 4167 828 4222 Non
861 4175 948 4223 est
974 4167 1140 4238 igitur
1172 4168 1355 4220 anima
1389 4181 1675 4221 numerus.
1712 4165 1830 4222 Huc
1856 4169 2089 4236 accedit,

509 4260 656 4332 quod
677 4274 939 4314 numerus
968 4273 1065 4329 per
1104 4255 1472 4327 adiectionem
1498 4266 1751 4326 augetur,
1785 4257 1878 4312 sed
1909 4259 2092 4313 anima

511 4351 827 4409 accessione
845 4365 953 4405 non
969 4359 1218 4420 augetur.
1237 4346 1367 4402 Item
1386 4363 1646 4402 numerus
1663 4363 1759 4417 par
1771 4357 1855 4402 est
1875 4358 1968 4402 aut
1993 4349 2094 4404 im-

2184 1905 2313 1942 σατο
2356 1890 2450 1942 καὶ
2493 1889 2592 1958 τὴν
2640 1888 2838 1958 ψυχὴν,
2889 1888 3120 1960 ἀριθμὸν
3158 1889 3347 1943 ἑαυτὸν
3401 1888 3676 1943 κινοῦντα⁸
3713 1881 3759 1956 ᾧ

2183 1979 2275 2031 καὶ
2307 1976 2647 2050 Ξενοκράτης
2677 1979 3060 2050 ἠκολούθησεν,
3092 1981 3190 2049 οὐχ
3223 1982 3304 2033 ὃτι
3341 1980 3570 2051 ἀριθμός
3610 1982 3758 2033 ἐστιν

2183 2071 2214 2140 ή
2243 2070 2410 2140 ψυχὴ,
2439 2070 2554 2124 ἀλλ’
2583 2072 2664 2124 ὄτι
2696 2073 2752 2123 ὲν
2785 2072 2895 2135 τοῖς
2925 2073 3248 2143 ἀριθμητοῖς
3282 2073 3396 2124 ἐστι
3440 2074 3532 2126 καὶ
3557 2073 3615 2126 ἐν
3647 2076 3760 2135 τοῖς

2183 2158 2674 2230 πεπληθυσμένοις,
2706 2161 2798 2213 καὶ¹
2833 2161 2912 2214 ὅτι
2941 2163 2973 2232 ή
3003 2161 3146 2232 ψυχή
3175 2165 3320 2214 ἐστιν
3349 2164 3381 2232 ή
3410 2162 3759 2232 διακρίνουσα

2181 2251 2249 2304 τὰ
2289 2253 2612 2322 πράγματα,
2645 2251 2722 2322 τῷ
2760 2253 2974 2323 μορφὰς
3013 2255 3106 2306 καὶ
3138 2255 3333 2317 τόπους
3371 2255 3619 2316 ἑκάστοις
3639 2256 3759 2306 ἐπι-

2183 2341 2386 2394 ϐαλεῖν.
2406 2341 2554 2412 Αὕτη
2593 2342 2701 2412 γάρ
2732 2345 2879 2395 ἐστιν
2907 2345 2938 2413 ή
2968 2344 3037 2396 τά
3065 2344 3177 2414 εἴδη
3209 2343 3316 2396 ἀπὸ
3345 2344 3454 2396 τῶν
3476 2343 3630 2397 εἰδῶν
3653 2361 3759 2413 χω-

2184 2435 2426 2505 ρίζουσα,
2465 2437 2557 2489 καὶ
2602 2437 2833 2508 διάφορα
2876 2436 3014 2490 αὐτὰ
3034 2438 3426 2505 ἀποφαίνουσα,
3457 2438 3524 2506 τῇ
3556 2453 3613 2488 τε
3639 2437 3760 2486 ἐτε-

2184 2527 2370 2598 ρότητι
2403 2527 2510 2580 τῶν
2539 2527 2714 2589 είδῶν,
2764 2531 2856 2580 καὶ
2893 2527 2972 2597 τῷ
3007 2528 3200 2598 πλήθει
3238 2526 3332 2579 τοῦ
3374 2526 3628 2597 ἀριθμοῦ,
3665 2526 3759 2578 καὶ

2181 2618 2266 2670 διὰ
2298 2619 2454 2671 τοῦτο
2493 2618 2770 2689 ἀριθμητὰ
2801 2619 3027 2672 ποιοῦσα
3060 2619 3128 2672 τὰ
3157 2619 3472 2690 πράγματα.
3507 2616 3668 2669 Ὅθεν
3695 2615 3757 2668 οὐ

2184 2711 2527 2764 παντάπασιν
2581 2711 2921 2781 ἀπήλλακται
2977 2712 3076 2781 τῆς
3126 2711 3267 2764 κατὰ
3313 2711 3439 2772 τοὺς
3493 2708 3759 2779 ἀριθμοὺς

2183 2798 2496 2859 κοινωνίας·
2531 2797 2589 2850 τὸ
2622 2798 2676 2850 δὲ
2723 2799 3072 2869 αὐτοκίνητον
3107 2800 3200 2852 καὶ
3228 2798 3388 2860 αὐτὸς
3416 2799 3551 2869 αὐτῇ
3587 2814 3758 2867 προσ-

2183 2889 2584 2960 εμαρτύρησεν·
2640 2892 2720 2943 ὅτι
2781 2891 2836 2944 δὲ
2883 2892 3115 2962 ἀριθμὸς
3161 2892 3260 2945 οὐκ
3307 2891 3440 2953 ἔστι,
3479 2890 3638 2961 δῆλον
3673 2891 3760 2942 ἐν·

2182 2981 2388 3034 τεῦθεν·
2439 2983 2495 3034 Ὁ
2524 2983 2752 3054 ἀριθμὸς
2775 2985 2938 3036 ποσόν
2962 2985 3129 3046 ἐστιν,
3219 2983 3365 3055 ψυχὴ
3393 2983 3448 3035 δὲ
3476 2983 3534 3033 οὐ
3571 2981 3756 3044 ποσὸν,

2184 3072 2297 3126 ἀλλ’
2331 3073 2485 3126 οὐσία
2506 3089 2519 3101 °
2551 3074 2652 3126 οὐκ
2683 3074 2789 3144 ἄρα
2821 3074 3048 3144 ἀριθμὸς
3079 3077 3111 3144 ή
3143 3073 3287 3144 ψυχή
3314 3091 3326 3103 ·
3361 3076 3410 3125 εἰ
3436 3073 3616 3124 καὶτὰ
3659 3073 3762 3141 μά-

2186 3164 2341 3215 λιστα
2379 3163 2471 3215 καὶ
2518 3163 2608 3216 τὸν
2647 3163 2876 3233 ἀριθμὸν
2909 3165 2967 3216 ὲν
2999 3167 3110 3226 τοῖς
3137 3167 3364 3234 νοητοῖς,
3405 3162 3589 3214 οὐσίαν
3621 3157 3760 3213 εἷναι

2185 3253 2484 3324 βούλονται,
2509 3253 2583 3314 ὡς
2611 3254 2667 3305 ἐν
2694 3257 2805 3316 τοῖς
2833 3254 2957 3324 ἑξῆς
2979 3254 3232 3326 ἐροῦμεν.
3263 3255 3382 3307 Ἔτι
3409 3256 3442 3324 ή
3473 3252 3617 3323 ψυχὴ
3637 3269 3763 3304 συν·
3801 3291 3804 3294 -

2187 3349 2316 3416 εχής
2351 3348 2516 3412 ἐστιν,
2549 3347 2578 3398 6
2633 3346 2690 3398 δὲ
2731 3346 2960 3416 ἀριθμὸς
2990 3347 3049 3399 οὑ
3086 3347 3340 3416 συνεχής*
3381 3345 3478 3398 οὐκ
3507 3345 3615 3414 ἄρα
3645 3343 3766 3413 ἀρι-

2187 3439 2321 3510 θμὸς
2350 3441 2382 3508 ἡ
2419 3438 2584 3510 ψυχή.
2618 3439 2738 3491 Ἔτι
2769 3441 2797 3491 6
2829 3438 3058 3510 ἀριθμὸς
3086 3439 3226 3491 κατὰ
3259 3437 3575 3508 προσθήκην
3601 3434 3763 3500 αὒξε-

2186 3547 2307 3592 ται,
2341 3531 2374 3599 ή
2402 3529 2458 3581 δὲ
2486 3528 2631 3599 ψυχὴ
2674 3532 2816 3583 κατὰ
2864 3528 3178 3598 προσθήκην
3215 3528 3314 3580 οὐκ
3343 3525 3593 3589 αὔξεταιο
3625 3523 3705 3576 ἔτι
3734 3526 3766 3578 6

2188 3619 2418 3690 ἀριθμὸς
2465 3619 2651 3690 ἄρτιός
2696 3619 2843 3672 ἐστιν
2883 3618 2916 3688 ἢ
2963 3618 3235 3687 περιττὸς,
3276 3619 3308 3688 ή
3354 3616 3410 3669 δὲ
3453 3614 3598 3685 ψυχὴ
3641 3613 3765 3668 οὕτε

2189 3713 2394 3782 ἄρτιος,
2418 3713 2541 3764 οὔτε
2573 3712 2799 3782 περιττή
2819 3730 2830 3741 ·
2861 3711 2961 3764 οὐκ
2991 3712 3100 3779 ἄρα
3127 3708 3414 3780 ἀριθμὸςή
3445 3707 3614 3778 ψυχή.
3645 3708 3765 3759 Ἔτι

2190 3806 2224 3874 ή
2251 3803 2395 3874 ψυχὴ
2419 3802 2770 3873 αὑτοκίνητός
2798 3805 2943 3855 ἐστιν
2964 3843 2978 3864 ,
3007 3804 3034 3854 6
3057 3802 3111 3854 δὲ
3154 3801 3381 3871 ἀριθμὸς
3411 3803 3438 3852 6
3466 3798 3766 3868 ὡρισμένος

2191 3897 2464 3966 ἀκίνητος.
2503 3896 2622 3948 Ἔτι
2661 3896 2688 3946 6
2720 3894 2818 3964 μὲν
2846 3894 3077 3966 ἀριθμὸς
3113 3893 3287 3963 μένων
3324 3886 3403 3954 εἷς
3431 3891 3523 3944 καὶ
3549 3892 3577 3942 6
3607 3889 3768 3951 αὐτὸς

2191 3989 2289 4060 τὴν
2324 3989 2507 4057 φύσιν,
2534 3987 2788 4057 οὐδεμίαν
2828 3987 3089 4057 ποιότητα
3119 3988 3216 4056 τήν
3250 3986 3306 4036 ἐν
3340 3982 3588 4054 ἀριθμοῖς
3621 3996 3767 4048 γινο-

2195 4081 2362 4152 μένην
2397 4079 2813 4144 ὲξαλλάσσεται’
2857 4081 2888 4148 ἠ
2923 4077 3067 4148 ψυχὴ
3115 4077 3171 4129 δὲ
3203 4076 3300 4146 μία
3339 4093 3423 4136 τις
3453 4071 3587 4127 οὖσα
3627 4071 3767 4126 κατὰ

2191 4172 2288 4244 τὴν
2329 4173 2535 4236 οὐσίαν,
2569 4171 2895 4225 ὑπαλλάττει
2941 4173 3040 4234 τὰς
3073 4171 3381 4240 ποιότητας,
3426 4167 3485 4231 ἐξ
3531 4165 3768 4237 ἀμαθίας

2194 4265 2274 4328 εἰς
2298 4265 2607 4335 ἐπιστήμην
2637 4262 3071 4324 καταπίπτουσα,
3097 4261 3194 4315 καὶ
3221 4262 3285 4313 ὲκ
3315 4260 3510 4323 κακίας
3533 4259 3611 4321 εἰς
3641 4257 3770 4328 ἀρε-

2193 4354 2290 4424 τήν
2316 4371 2329 4384 ·
2363 4353 2462 4406 οὐκ
2484 4353 2592 4422 ἄρα
2620 4351 2902 4423 ἀριθμὺςή
2930 4352 3096 4423 ψυχή.

514 4462 640 4519 par:
659 4458 848 4500 verum
866 4442 1047 4496 anima
1070 4455 1246 4511 neque
1269 4455 1386 4510 par,
1406 4455 1580 4509 neque
1602 4439 1808 4510 impar;
1825 4457 1956 4513 ergo
1975 4460 2236 4502 numerus
2251 4461 2360 4501 non
2393 4453 2499 4500 est.
2517 4443 2597 4498 Ad
2622 4444 2738 4499 haec
2767 4445 2946 4497 anima
2970 4459 3066 4513 per
3093 4458 3152 4498 se
3181 4441 3396 4497 mobilis
3417 4448 3530 4495 est:
3553 4439 3648 4496 sed
3667 4453 3770 4493 nu-

514 4553 696 4594 merus
712 4531 1412 4591 determinatusimmobilis
1431 4539 1537 4587 est.
1565 4532 1695 4587 Item
1725 4549 1991 4590 numerus
2004 4551 2232 4593 manens
2260 4553 2402 4592 unus
2418 4545 2471 4592 et
2496 4535 2634 4590 idem
2667 4544 2886 4596 natura,
2914 4535 3061 4588 nulla
3086 4534 3190 4586 alia
3221 4534 3480 4603 qualitate
3507 4547 3627 4601 quae
3645 4531 3769 4600 qui-

512 4630 636 4684 dem
664 4630 721 4684 in
750 4627 996 4682 numeris
1027 4625 1141 4689 liat,
1171 4631 1448 4690 mutatur;
1473 4625 1569 4681 sed
1601 4627 1782 4680 anima
1815 4642 1941 4682 cum
1966 4645 2073 4685 una
2107 4633 2178 4686 sit
2214 4634 2516 4687 secundum
2553 4631 2874 4690 essentiam,
2901 4635 3076 4682 mutat
3098 4627 3335 4683 subinde
3360 4627 3673 4696 qualitates,
3697 4639 3766 4681 ex

516 4718 735 4778 inscitia
779 4718 852 4773 ad
897 4718 1208 4782 scientiam,
1235 4724 1292 4773 et
1333 4731 1399 4772 ex
1445 4719 1578 4773 vitio
1625 4720 1693 4774 ad
1736 4721 1995 4776 virtutem
2029 4725 2272 4795 migrans
2311 4744 2324 4780 :
2362 4726 2528 4796 igitur
2557 4725 2739 4779 anima
2771 4739 3033 4777 numerus
3064 4736 3174 4776 non
3201 4730 3306 4775 est.

587 4810 728 4866 Sunt
767 4810 934 4880 igitur
981 4817 1228 4865 veterum
1272 4809 1341 4865 de
1374 4811 1558 4863 anima
1583 4815 1870 4868 sententia:
1899 4815 2085 4884 hujus-

2265 4820 2346 4874 Τὰ
2388 4819 2487 4889 μὲν
2531 4813 2623 4871 οὖν
2668 4815 2776 4869 τῶν
2823 4814 3070 4869 παλαιῶν
3114 4814 3360 4884 δόγματα
3412 4813 3540 4884 περὶ
3588 4811 3769 4882 ψυχῆς

515 4904 683 4962 modi.
731 4900 1038 4959 Eunomius
1071 4911 1255 4956 autem
1289 4902 1526 4956 animam
1558 4902 1771 4958 deliniit
1829 4909 2088 4962 substan-

516 5000 644 5053 tiam
679 4997 1084 5066 incorpoream,
1132 4994 1188 5048 in
1227 5009 1464 5064 corpore
1504 4994 1778 5050 conditam
1816 5013 1829 5049 :
1883 4998 1940 5052 in
1981 5015 2089 5070 quo

515 5102 638 5144 cum
673 5086 918 5151 Platone,
952 5093 1006 5140 et
1056 5085 1349 5140 Aristotele
1399 5086 1704 5141 convenit:
1751 5088 1954 5158 quippe
2003 5090 2090 5144 in-

517 5194 835 5250 corpoream
888 5194 956 5234 ex
1010 5177 1240 5234 Platone
1289 5179 1548 5249 accepit:
1602 5181 1747 5250 quod
1793 5194 1972 5238 autem
2035 5184 2091 5238 in

519 5286 749 5342 corpore
776 5270 1050 5325 conditam
1084 5269 1238 5332 dicit,
1261 5284 1325 5323 ex
1350 5269 1658 5326 Aristotelis
1693 5272 1942 5327 doctrina
1965 5285 2050 5329 est
2077 5290 2090 5327 :

518 5377 621 5418 nec
650 5361 1035 5417 animadvertit
1063 5362 1418 5431 quantumvis
1459 5373 1654 5419 acutus
1695 5375 1750 5420 et
1803 5366 1998 5428 solers,
2037 5383 2096 5422 se

521 5454 580 5508 in
609 5469 779 5508 unum
810 5467 1004 5524 cogere
1036 5452 1191 5515 eniti,
1226 5467 1348 5523 qua:
1379 5468 1608 5524 prorsus
1637 5470 1668 5509 a
1707 5470 1766 5512 se
1791 5456 2094 5513 dissident:

523 5563 688 5604 omne
714 5547 860 5603 enim
891 5545 1035 5616 quod
1068 5553 1248 5601 ortum
1276 5544 1459 5608 habet,
1499 5555 1553 5600 et
1579 5561 1902 5617 corporeum
1931 5549 2096 5604 simul

525 5657 589 5695 ac
619 5639 914 5710 temporale
937 5645 1043 5700 est,
1082 5637 1351 5692 caducum
1385 5643 1440 5691 et
1475 5639 1703 5693 mortale
1730 5639 1962 5693 exsistit.
2000 5638 2097 5693 His

527 5734 689 5787 etiam
747 5731 1045 5786 conciuunt
1103 5729 1304 5790 Movsis
1375 5730 1600 5801 scripta.
1621 5798 1631 5807 θ
1657 5729 1790 5786 Nam
1847 5730 2094 5789 omnium

2194 4911 2434 4964 τοιαῦτα.
2464 4909 2726 4978 Εὑνόμιος
2757 4909 2813 4960 δὲ
2832 4907 3068 4978 ὡρίσατο
3091 4905 3190 4976 τὴν
3212 4903 3388 4974 ψυχὴν
3417 4903 3603 4957 οὐσίαν
3627 4903 3772 4956 ἀσώ-

2200 5020 2387 5072 ματον,
2442 5003 2498 5054 ὲν
2541 5001 2752 5070 σώματι
2797 4999 3152 5069 κτιζομένηψ
3203 4998 3577 5067 συμφωνήσας
3631 4997 3765 5067 ὁμοῦ

2197 5095 2443 5147 Πλάτωνι
2471 5093 2565 5146 καὶ
2606 5091 2984 5162 Ἀριστοτέλει.
3029 5089 3104 5143 Τὸ
3138 5089 3237 5161 μὲν
3263 5085 3356 5142 οὖν
3386 5089 3674 5160 ἀσώματον
3703 5092 3768 5143 ὲκ

2197 5185 2291 5240 τοῦ
2322 5184 2606 5247 Πλάτωνος
2639 5183 2858 5254 εἴληφε·
2889 5184 2951 5236 τὸ
2977 5182 3033 5235 δὲ
3079 5184 3138 5234 ὲν
3172 5181 3383 5252 σώματι
3425 5181 3766 5253 κτιζομένην,

2198 5278 2263 5330 ἐκ
2281 5277 2379 5347 τῆς
2407 5276 2809 5347 Ἀριστοτέλους
2827 5274 3172 5336 διδασκαλίας
3191 5292 3204 5306 ·
3227 5274 3327 5328 οὐκ
3347 5274 3625 5342 ἐννοήσας,
3645 5274 3766 5326 καί-

2200 5386 2304 5440 περ
2332 5369 2455 5434 όξὺς
2500 5366 2595 5432 ὣν,
2637 5369 2720 5420 ὅτι
2768 5368 3022 5436 συνάγειν
3061 5369 3141 5431 είς
3189 5367 3353 5420 ταὺτὸ
3404 5368 3659 5438 πειρᾶται
3699 5366 3770 5420 τὰ

2197 5459 2522 5530 ἁσύμὸατα’
2575 5460 2682 5512 πᾶν
2727 5461 2834 5530 γὰρ
2879 5459 2941 5512 τὸ
2990 5460 3203 5528 γένεσιν
3257 5459 3407 5530 ἔχον,
3459 5459 3768 5529 σωματικὸν

2196 5549 2330 5620 ὁμοῦ
2372 5549 2465 5602 καὶ
2495 5547 2763 5618 χρονικὺν,
2794 5547 3033 5619 φθαρτόν
3065 5549 3181 5601 ἐστι
3208 5549 3302 5602 καὶ
3346 5548 3536 5618 θνητόν
3563 5565 3576 5578 ο
3611 5550 3770 5620 συνᾴ-

2195 5638 2274 5692 δει
2305 5639 2363 5693 δὲ
2389 5637 2563 5709 τούτῳ
2588 5640 2681 5693 καὶ
2705 5639 2773 5692 τὰ
2797 5639 3093 5701 Μωΰσέως.
3124 5635 3236 5710 Τὴν
3263 5638 3371 5710 γὰρ
3395 5639 3526 5710 ὓλην
3553 5640 3766 5696 πάντων

2200 5729 2410 5798 γένεσιν
2451 5730 2782 5797 ὑποτίθεται,
2819 5730 2895 5796 ὡς
2925 5729 3238 5796 δοξάζουσιν
3269 5731 3317 5784 οί
3354 5730 3446 5784 τοῦ
3484 5728 3768 5793 Πλάτωνος
