4166 6372
396 309 504 366 205

1847 298 1933 351 DE
1974 294 2204 351 ANIMA.

3552 278 3661 337 206

396 427 544 494 λόγοι
592 425 683 478 καὶ
716 424 1101 495 συμφέρονται.
1134 425 1194 477 ΕΞ
1227 423 1283 477 δέ
1326 440 1407 486 τις
1444 422 1579 488 μετὰ
1620 420 1720 490 τὴν
1747 420 1967 472 διάπλα-

2077 411 2357 466 materiam
2392 407 2660 477 originem
2688 404 2969 475 supponit,
3004 407 3063 455 ut
3096 397 3339 454 Platonis
3375 412 3663 453 sermones

401 537 484 572 σιν
515 520 609 572 τοῦ
632 518 882 589 σώματος
921 518 1253 587 ὲμϐεὸλῆσαι
1281 521 1296 537 “
1318 516 1413 586 τὴν
1446 514 1643 584 ψυχὴν,
1678 515 1795 583 ἦτοι
1836 512 1972 581 μετὰ

397 610 462 663 τὸ
498 610 654 680 σῶμα
706 610 1027 678 γεγενῆσθαι
1076 607 1264 677 αὐτὴν,
1303 606 1660 676 διαμαρτάνει
1697 606 1796 672 τῆς
1836 602 1970 670 ἀλη-

400 702 569 764 θείας.
596 701 730 754 Οὔτε
754 702 861 774 γὰρ
889 705 917 754 ὁ
936 701 1169 769 Μωῦσῆς
1194 700 1314 753 τότε
1337 700 1505 767 αὐτὴν
1535 696 1781 749 ἐκτίσθαι
1799 694 1968 763 λέγει,

396 794 483 847 ὅτε
508 793 583 863 τῷ
614 794 824 864 σώματι
874 794 1219 847 ἑνεὸάλλετοο
1256 790 1378 843 οὔτε
1422 788 1562 842 κατὰ
1603 789 1759 855 λόγον
1799 786 1971 848 οὓτως

397 885 529 955 εχει.
564 887 626 937 Ei
653 886 829 937 τοίνυν
853 885 1051 956 θνητὴν
1072 884 1240 953 αὐτὴν
1259 883 1533 950 λέγουσιν,
1551 880 1627 942 ὡς
1670 878 1970 949 Ἀριστοτέ-

394 975 514 1046 λης,
531 978 601 1045 φή
611 994 707 1039 σας
723 978 890 1046 αὐτὴν
909 980 964 1028 ἐν
988 976 1196 1046 σώματι
1219 972 1525 1042 γεννᾶσθαι,
1544 972 1637 1024 καὶ
1652 972 1701 1023 οἱ
1723 969 1965 1021 Στωϊκοί⁹

395 1069 429 1139 ἢ
457 1069 628 1137 λέγων
651 1070 835 1122 οὐσίαν
865 1068 1173 1137 ἀσώματον,
1202 1064 1675 1137 παραιτείσθωσαν
1700 1062 1882 1128 λέγειν
1912 1063 1969 1113 ἐν

397 1158 606 1228 σώματι
629 1160 972 1231 κτιζομένην,
991 1162 1076 1211 ἵνα
1101 1158 1175 1230 μὴ
1198 1158 1398 1228 θνητῆς
1421 1157 1595 1227 ψυχῆς
1616 1155 1823 1207 ἔννοιαν
1839 1154 1970 1222 ἡμῖν

396 1254 743 1324 παραστήσῃ,
788 1254 883 1305 καὶ¹
926 1251 1200 1314 παντελῶς
1250 1250 1446 1317 ἀλόγου
1474 1264 1487 1277 ·
1530 1247 1704 1309 ἄλλως
1756 1262 1814 1297 τε
1848 1244 1969 1297 κατ’

394 1343 557 1395 αὑτὸν
588 1344 645 1395 ου
681 1343 889 1414 πλήρης
913 1344 1060 1396 ἐστὶν
1080 1346 1108 1396 ὁ
1135 1343 1357 1412 κόσμος,
1392 1340 1527 1394 άλλὰ
1567 1337 1822 1409 ἡμιτελής
1852 1338 1968 1387 ἐστι

396 1435 489 1487 καὶ
522 1434 636 1497 νῦν,
693 1435 1006 1505 προσθήκης
1047 1436 1135 1487 ἀεὶ
1172 1435 1446 1503 δεόμενος.
1500 1429 1967 1499 Πεντακισμυρίαι

394 1522 525 1589 γοῦν
561 1522 623 1573 τὸ
658 1522 933 1591 ἐλάχιστον
967 1524 1087 1574 καθ’
1123 1523 1358 1591 ἑκάστην
1386 1520 1597 1589 ἡμέραν
1640 1519 1816 1571 οὐσίαι
1843 1535 1967 1586 νοη-

393 1612 483 1665 ταὶ
531 1614 910 1683 προσγίνονται
954 1613 1136 1683 αὐτῷ’
1183 1616 1275 1665 καὶ
1308 1613 1368 1664 τὸ
1408 1611 1807 1681 χαλεπώτατον,
1841 1610 1967 1661 ὅταν

394 1702 837 1773 τελεσιουργηθῇ,
892 1704 1011 1756 τότε
1059 1704 1439 1773 διαλυθήσεται
1497 1703 1613 1754 κατ’
1655 1700 1817 1753 αὑτοῦ
1858 1699 1967 1751 τῶν

2074 507 2324 558 statuunt
2370 511 2425 553 et
2476 494 2846 569 perseverant.
2901 495 3055 561 Quod
3106 496 3153 547 si
3203 491 3327 563 quis
3370 500 3492 560 post
3534 506 3658 543 cor-

2073 597 2222 666 poris
2278 596 2593 663 ligmentum
2648 590 2883 643 animam
2926 586 3147 641 insitam
3189 600 3312 639 esse
3360 582 3659 640 existimat,

2074 687 2327 739 nimirum
2358 698 2475 735 eam
2510 688 2631 750 post
2665 694 2866 747 corpus
2902 686 3075 730 ortam
3107 692 3249 737 esse,
3284 690 3312 727 a
3347 689 3477 728 vero
3504 666 3661 725 aber-

2073 786 2195 840 rat;
2234 789 2410 841 neque
2431 773 2576 826 enim
2615 769 2825 839 Moyses
2856 780 2983 820 tunc
3028 768 3200 834 ipsam
3224 765 3499 818 conditam
3534 779 3659 817 esse

2073 866 2168 926 ait,
2207 865 2425 934 quando
2450 865 2502 915 in
2538 878 2738 929 corpus
2774 859 2952 912 infusa
2995 870 3114 919 est,
3149 874 3325 927 neque
3367 858 3417 910 id
3460 857 3658 910 rationi

2072 969 2498 1012 consentanequ
2530 966 2650 1017 est;
2698 964 2789 1005 aut
2835 953 2998 1020 igitur
3038 950 3318 1004 mortalem
3361 950 3505 1002 illam
3534 963 3659 1002 esse

2072 1057 2311 1108 censeat,
2348 1059 2405 1101 ut
2433 1047 2774 1102 Aristoteles.
2801 1046 2893 1113 qui
2944 1045 2996 1096 in
3038 1059 3267 1111 corpore
3311 1050 3489 1095 natam
3530 1055 3655 1095 esse

2071 1139 2229 1199 dixit,
2272 1147 2325 1191 et
2357 1138 2557 1190 Stoici:
2599 1143 2691 1187 aut
2724 1134 3087 1189 substantiam
3128 1135 3502 1199 incorpoream
3530 1144 3655 1183 esse

2070 1245 2349 1290 asserens,
2419 1229 2472 1282 in
2522 1241 2752 1296 corpore
2799 1234 3035 1277 creatam
3092 1224 3275 1276 dicere
3326 1230 3649 1276 cunctetur:

2070 1338 2139 1375 ne
2165 1322 2358 1373 animte
2416 1320 2663 1372 mortalis
2727 1318 3004 1370 notionem
3051 1325 3104 1369 et
3147 1314 3373 1367 omnino
3424 1312 3654 1367 rationis

2069 1422 2346 1481 expertem
2395 1412 2553 1465 nobis
2593 1410 2864 1472 exhibeat,
2900 1408 3195 1478 praesertim
3244 1424 3367 1461 cmn
3419 1409 3655 1461 mundus

2070 1504 2311 1557 nondum
2350 1519 2444 1570 per
2471 1518 2528 1555 se
2560 1503 2750 1572 plenus
2783 1502 2874 1561 sit,
2916 1500 3010 1555 sed
3039 1500 3451 1569 semiperfeclus
3486 1499 3655 1552 etiam

2069 1609 2213 1647 nunc
2280 1602 2395 1655 est,
2458 1604 2621 1662 atque
2678 1591 3015 1645 accessionis
3103 1606 3317 1659 semper
3384 1590 3651 1659 indigens.

2071 1686 2249 1749 Quare
2295 1683 2694 1752 quinquaginta
2743 1683 2910 1734 millia
2957 1681 3021 1734 ad
3073 1683 3357 1734 minimum
3411 1682 3655 1750 quotidie

393 1794 716 1849 τελευταίων
765 1795 1064 1863 ἀνθρώπων
1110 1796 1217 1848 τῶν
1266 1796 1400 1866 πρὸς
1434 1797 1500 1864 τῇ
1550 1794 1839 1845 ἀναστάσει
1881 1793 1967 1844 τὸν

2075 1774 2496 1842 intelligibilium
2531 1774 2893 1826 cssentiarum
2926 1774 3195 1828 accedunt
3230 1774 3355 1842 ipsi,
3409 1782 3462 1826 et
3509 1772 3655 1843 quod

392 1903 621 1974 ψυχικὸν
658 1905 886 1976 ἀριθμὸν
940 1906 1400 1977 ἁποπληρούντων
1422 1923 1434 1934 ·
1470 1900 1531 1959 οὗ
1566 1905 1619 1958 τί
1665 1905 1730 1958 ἂν
1761 1906 1971 1973 γένοιτο

392 1992 730 2063 ἀλογώτερον
766 1996 884 2048 τότε
930 1996 1160 2062 φάσκειν
1185 1995 1589 2065 διαφθείρεσθαι
1614 1996 1705 2048 τὸν
1746 1996 1967 2064 κόσμον,

394 2084 522 2137 ὅταν
544 2085 801 2157 πληρωθῇ
824 2104 836 2147 ;
874 2089 1082 2158 Κομιδῆ
1117 2087 1225 2158 γὰρ
1252 2088 1459 2157 νηπίων
1491 2087 1695 2142 παίδων
1719 2090 1747 2140 ό
1771 2088 1970 2157 τρόπος

393 2170 549 2240 οὗτος
611 2181 669 2230 ὲν
714 2179 924 2250 ψάμμῳ
960 2180 1060 2249 τῆς
1094 2180 1331 2243 παιδιᾶς,
1374 2180 1533 2243 εὐθὺς
1584 2179 1723 2249 μετὰ
1749 2181 1807 2231 τὸ
1834 2180 1970 2249 πληι

396 2268 568 2338 ρῶσαι
596 2271 929 2338 συγχεόντων
957 2272 1025 2323 τὰ
1054 2273 1372 2342 πράγματα.
1406 2272 1477 2323 Τὸ
1506 2271 1613 2341 γὰρ
1642 2272 1818 2337 λέγειν
1840 2287 1971 2340 προ-

394 2361 540 2423 νοίας
585 2362 728 2433 λόγῳ
762 2363 855 2415 νῦν
902 2363 999 2426 τὰς
1043 2363 1221 2433 ψυχὰς
1251 2365 1515 2432 γίνεσθαι,
1556 2365 1650 2415 καὶ
1682 2365 1803 2433 οὐχὶ
1854 2364 1969 2415 κτί-

397 2487 533 2534 σεως
571 2473 667 2541 (οὐ
700 2472 805 2544 γὰρ
844 2476 1029 2545 κοινὴν
1066 2476 1272 2542 οὐσίαν,
1313 2476 1431 2528 οὐδέ
1482 2475 1647 2543 ἄλλην
1696 2474 1844 2546 παρὰ
1872 2475 1969 2542 τὴν

393 2560 557 2616 οὖσαν
608 2566 940 2633 εἰσάγεσθαι,
992 2567 1127 2620 ἀλλὰ
1172 2567 1266 2639 τὴν
1312 2564 1475 2619 οὖσαν
1532 2568 1670 2620 κατὰ
1714 2566 1968 2637 πρόνοιαν

396 2652 936 2724 πληστηριάζεσθαι),
964 2657 1296 2722 ἀγνοούντων
1314 2658 1428 2708 ἐστὶ
1451 2656 1711 2725 διαφορὰν
1741 2656 1967 2717 κτίσεως

394 2748 489 2800 καὶ
530 2748 799 2817 προνοίας.
838 2749 1095 2820 Προνοίας
1146 2751 1245 2819 μὲν
1288 2750 1395 2821 γὰρ
1422 2750 1581 2819 ἔργον
1634 2749 1767 2805 ἐστὶ.
1810 2748 1869 2799 τὸ
1909 2747 1967 2813 ἐξ

392 2838 777 2909 ἀλληλογονίας
807 2830 1089 2905 διασώζειν
1123 2840 1220 2911 τὴν
1252 2841 1360 2893 τῶν
1406 2841 1659 2911 φθαρτῶν
1699 2840 1851 2905 ζώων
1879 2840 1968 2892 οὺ-

397 2929 515 2983 σίαν
541 2948 554 2960 ·
608 2930 750 2999 λέγω
786 2931 842 2984 δὲ
886 2932 994 2984 τῶν
1031 2933 1104 3003 μὴ
1152 2933 1293 2985 κατὰ
1335 2934 1602 3002 σηπεδόνα
1633 2933 1965 3003 γινομένων,

394 3022 577 3092 ἐπειδὴ
602 3024 699 3094 τὴν
720 3024 921 3079 τούτων
942 3025 1190 3096 διαδοχὴν
1213 3026 1458 3094 σηπεδὼν
1488 3025 1645 3077 πάλιν
1675 3027 1832 3093 ἑτέρα
1856 3024 1968 3076 δια-

2071 1866 2519 1919 tnolestissimum
2569 1871 2675 1927 est,
2733 1879 2856 1917 eum
2910 1865 3303 1933 perfectionem
3367 1874 3656 1917 assecutus

2074 1958 2262 2020 fuerit,
2290 1966 2420 2010 tunc
2448 1958 2800 2019 dissolvetur,
2842 1957 3158 2009 ultimorum
3193 1954 3476 2008 hominum
3516 1970 3654 2018 tero,

2070 2050 2162 2118 qui
2226 2050 2465 2103 instante
2520 2046 2927 2103 resurrectione
2989 2046 3297 2098 animarum
3363 2061 3654 2099 numerum

2070 2142 2576 2209 complerentzquo
2602 2139 2732 2207 quid
2764 2137 2880 2191 ﬁeri
2925 2146 3109 2206 posset
3149 2152 3179 2189 a
3225 2136 3437 2189 ratione
3482 2135 3657 2205 magis

2072 2230 2329 2291 alienum,
2377 2239 2434 2281 ut
2470 2237 2583 2281 tum
2619 2227 2932 2281 labefactari
2971 2226 3208 2280 mundus
3258 2225 3493 2287 dicatur,
3529 2240 3654 2278 cum

2071 2323 2325 2375 omnibus
2371 2324 2486 2376 suis
2535 2321 2778 2375 numeris
2819 2319 3103 2373 absolutus
3146 2317 3657 2373 l'uerit?Enimvero

2072 2414 2160 2467 hic
2210 2415 2399 2483 utique
2448 2430 2566 2467 mos
2614 2423 2698 2466 est
2745 2412 3033 2465 infantium
3066 2412 3438 2479 puerulorum,
3472 2410 3563 2479 qui
3601 2410 3654 2463 in

2070 2521 2233 2559 arena
2285 2507 2374 2559 ubi
2413 2506 2697 2559 colludunt
2743 2504 3073 2571 simulatque
3113 2502 3335 2571 aliquod
3382 2501 3655 2554 ludicrum

2071 2607 2407 2658 struxerunt,
2476 2598 2786 2651 absolutum
2854 2593 3218 2649 confundunt.
3282 2592 3413 2646 Nam
3473 2592 3660 2648 dicere

2071 2707 2217 2743 nunc
2243 2688 2599 2757 providentia:
2642 2688 2852 2740 ratione
2895 2686 3106 2739 animas
3137 2684 3276 2748 lieri,
3325 2699 3429 2737 non
3472 2691 3657 2737 autem

2069 2781 2365 2836 creationis
2396 2780 2620 2848 (quippe
2667 2793 2791 2831 cum
2838 2793 2947 2830 non
2993 2778 3065 2831 sit
3100 2776 3465 2831 substantiam
3509 2789 3661 2828 com-

2071 2890 2284 2928 munem
2312 2887 2410 2926 nec
2440 2873 2603 2923 aliam
2630 2881 2825 2939 praeter
2844 2885 2965 2938 quae
2999 2877 3083 2922 est
3111 2868 3388 2925 inducere,
3424 2866 3517 2921 sed
3539 2866 3655 2934 jam

2068 2968 2415 3020 exsistentem
2448 2978 2543 3032 per
2559 2962 2956 3031 providentiam
2986 2960 3280 3029 complere)
3305 2998 3318 3021 ,
3357 2974 3545 3011 eorum
3573 2965 3659 3011 est

2069 3060 2159 3128 qui
2208 3058 2503 3111 discrimen
2542 3056 2795 3123 ignorant
2834 3054 3129 3106 creationis
3182 3059 3237 3104 et
3277 3048 3655 3118 providentia.

393 3115 680 3183 φυλάττει·
718 3116 946 3179 κτίσεως
978 3118 1118 3171 δὲτὸ
1148 3120 1435 3189 κράτιστον
1484 3120 1662 3188 ἔργον,
1697 3120 1755 3169 τὸ
1787 3118 1843 3181 ἐξ
1869 3120 1965 3169 οὐκ

2076 3150 2285 3203 Etenim
2315 3147 2669 3217 providentiae
2696 3160 2832 3213 opus
2856 3153 2938 3198 est
2967 3157 3300 3196 conservare
3332 3139 3657 3192 animalium

390 3209 556 3261 δντων
586 3214 779 3261 ποιεῖν.
811 3211 871 3262 Εἰ
900 3212 1079 3262 τοίνυν
1110 3213 1166 3275 ἐξ
1192 3212 1568 3281 άλλη).ογονίας
1597 3214 1650 3263 αὶ
1680 3212 1849 3280 ψυχαὶ
1880 3212 1964 3281 γί-

392 3316 591 3360 νονται,
630 3301 724 3352 καὶ
771 3300 1002 3369 φθαρταί
1040 3304 1165 3365 εἱσι,
1202 3301 1453 3369 καθάπερ
1484 3301 1550 3352 τὰ
1594 3301 1745 3362 ἄλλα,
1790 3302 1856 3353 τά
1904 3306 1965 3353 ἐκ

390 3388 638 3460 διαδοχῆς
682 3391 870 3457 γένους
908 3393 1187 3460 γινόμενα.
1230 3392 1288 3443 Ei
1330 3392 1385 3444 δὲ
1418 3393 1473 3456 ἐξ
1499 3389 1608 3443 οὐχ’
1632 3391 1798 3443 ὄντων
1827 3409 1964 3462 παρ-

392 3482 633 3549 άγονται,
666 3483 841 3545 κτίσις
870 3486 985 3537 ἐστὶ
1012 3486 1069 3536 τὸ
1096 3484 1399 3554 γινόμενον,
1419 3486 1511 3537 καὶ
1535 3486 1633 3537 οὐκ
1658 3484 1803 3537 ἔστιν
1835 3486 1965 3554 άλη-

394 3573 482 3636 θὲς
498 3575 559 3626 τὸ
572 3573 663 3626 τοῦ
676 3572 1060 3638 Μωῦσέως,τδ,
1075 3572 1465 3628 Κατέπαυσεν
1477 3578 1508 3627 ό
1528 3574 1672 3639 Θεὸς
1688 3575 1804 3627 ἀπὸ
1825 3574 1965 3626 πάν-

390 3684 510 3720 των
551 3666 670 3719 τῶν
696 3669 884 3737 ἔργων
914 3667 1133 3720 αὐτοῦ’
1190 3668 1364 3721 ἄτοπα
1401 3668 1457 3720 δὲ
1508 3668 1811 3738 ἀμφότερα.
1854 3668 1965 3719 Οὐκ

391 3761 499 3831 ἄρα
520 3760 615 3812 νῦν
641 3762 695 3813 αἱ
720 3760 890 3831 ψυχαὶ
907 3761 1165 3828 γίνονται.
1188 3761 1262 3814 Τὸ
1289 3760 1485 3830 γὰρ,Ὀ
1510 3763 1709 3829 Πατήρ
1723 3780 1840 3830 μου
1856 3762 1967 3827 ἕως

393 3852 857 3923 άρτιέργνὶζεται,
894 3854 993 3907 οὐκ
1039 3855 1129 3906 ἐπὶ
1175 3853 1269 3906 τοῦ
1316 3854 1540 3920 κτίζειν,
1576 3854 1689 3907 ἀλλ’
1729 3856 1820 3907 ἐπὶ
1871 3856 1964 3907 τοῦ

392 3945 637 4014 προνοεῖν
679 3944 964 4014 εἰρῆσθαι·
1016 3945 1109 3995 καὶ
1159 3944 1307 4015 αὐτῷ
1360 3945 1508 3997 δοκεῖ
1552 3944 1963 4016 Ἀπολλιναρίῳ,

390 4034 488 4095 τὰς
515 4032 691 4103 ψυχὰς
717 4034 825 4086 ἀπὸ
849 4033 955 4086 τῶν
976 4032 1163 4103 ψυχῶν
1183 4034 1484 4093 τίκτεσθαι,
1511 4034 1701 4103 ὥσπερ
1733 4034 1841 4086 ἀπὸ
1859 4034 1967 4086 τῶν

394 4124 680 4194 σωμάτων.
722 4126 975 4195 Προῖέναι
1025 4125 1132 4196 γὰρ
1180 4126 1280 4195 τὴν
1330 4125 1506 4195 ψυχὴν
1544 4124 1687 4178 κατὰ
1716 4124 1967 4196 διαδοχὴν

391 4218 484 4271 τοῦ
514 4216 731 4287 πρώτου
758 4218 1046 4289 ἀνθρώπου
1074 4222 1152 4282 είς
1173 4222 1298 4282 τοὺς
1331 4219 1391 4284 ἐξ
1419 4220 1626 4272 ἐκείνου
1658 4219 1964 4289 τεχθέντας,

390 4310 644 4381 καθάπερ
671 4310 767 4381 τὴν
797 4314 1116 4383 σωματικὴν
1142 4313 1412 4383 διαδοχήν.
1441 4315 1591 4383 Μήτε
1620 4313 1727 4382 γὰρ
1753 4314 1964 4366 ἀποκεῖ-

392 4402 517 4457 σθαι
561 4402 760 4473 ψυχὰς,
806 4406 943 4474 μήτε
976 4404 1070 4456 νῦν
1120 4404 1415 4467 σιτίζεσθαι.
1457 4406 1595 4468 Τοὺς
1640 4405 1746 4475 γὰρ
1795 4403 1966 4456 ταῦτα

2074 3240 2512 3307 corruptibilium
2566 3237 2929 3290 substantiam
2977 3232 3361 3287 vicissitudine
3403 3244 3658 3299 procrea-

2073 3333 2279 3385 tionis:
2316 3332 2510 3399 loquor
2557 3338 2738 3381 autem
2772 3329 2838 3380 de.
2873 3328 2938 3381 iis
2986 3342 3107 3396 qtue
3147 3340 3253 3378 non
3281 3340 3344 3377 ex
3370 3323 3659 3393 putredine

2074 3432 2395 3486 nascuntur,
2466 3420 2734 3489 siquidem
2813 3420 3004 3472 horum
3078 3418 3486 3471 successionem
3551 3416 3659 3467 alia

2072 3514 2327 3581 deinceps
2358 3514 2586 3580 putredo
2631 3515 2946 3562 conservat.
2998 3507 3306 3561 Creationis
3348 3520 3475 3558 vero
3522 3519 3659 3573 prte-

2074 3603 2474 3658 stantissimum
2533 3616 2673 3668 opus
2728 3606 2812 3653 est
2853 3596 3085 3661 ellicere,
3143 3606 3201 3650 ut
3247 3597 3451 3667 aliquid
3485 3599 3555 3650 sit
3590 3613 3657 3651 ex

2073 3698 2263 3751 nihilo.
2321 3694 2685 3761 Quamobrem
2728 3693 2773 3745 si
2818 3690 3013 3743 anima:
3056 3704 3121 3743 ex
3174 3697 3361 3742 mutua
3406 3704 3658 3758 procrea-

2072 3789 2220 3843 tione
2244 3786 2454 3846 fierent,
2482 3784 2645 3838 etiam
2677 3782 2938 3835 mortales
2968 3787 3172 3843 essent,
3203 3780 3366 3834 veluti
3395 3779 3496 3831 alia
3538 3796 3659 3848 quae

2073 3881 2286 3953 generis
2329 3877 2678 3933 successione
2710 3874 2847 3927 ﬁunt
2876 3892 2888 3927 :
2935 3874 3080 3942 quod
3125 3873 3172 3926 si
3211 3887 3278 3926 ex
3306 3872 3373 3925 iis
3402 3888 3522 3941 qua:
3549 3889 3657 3925 non

2073 3981 2223 4035 sunt,
2258 3970 2623 4031 deducuntur,
2651 3967 2855 4020 creatio
2885 3972 2970 4018 est
3002 3964 3149 4033 quod
3190 3964 3250 4016 ﬁt
3272 4001 3287 4025 ,
3334 3978 3435 4017 nec
3467 3978 3657 4016 verum

2072 4077 2155 4122 cst
2208 4064 2353 4135 quod
2403 4064 2478 4115 ait
2526 4062 2778 4132 Moyses,
2829 4058 3341 4127 nempe:Requievit
3393 4058 3532 4111 Deus
3591 4064 3657 4112 ab

2077 4157 2320 4212 omnibus
2379 4155 2619 4224 operibus
2670 4154 2780 4207 suis
2811 4154 2853 4184 ⁸¹
2893 4162 3207 4220 (utrumque
3239 4161 3420 4205 autem
3461 4153 3657 4205 absur-

2074 4254 2201 4315 dum
2230 4252 2355 4319 est).
2389 4245 2508 4303 Non
2536 4249 2699 4318 igitur
2731 4262 2876 4301 mmc
2923 4246 3118 4299 animas
3162 4254 3497 4298 nascuntur:
3531 4260 3598 4296 na
3624 4262 3653 4294 ιι

2075 4345 2204 4401 illttd
2230 4383 2245 4407 ,
2284 4343 2443 4397 Pater
2474 4358 2616 4395 meus
2659 4339 2924 4409 hucusque
2952 4349 3203 4407 operatur
3234 4339 3277 4369 ⁸²
3298 4378 3313 4402 ,
3348 4352 3458 4391 non
3496 4351 3657 4391 usur-

2076 4450 2233 4509 patur
2261 4436 2327 4489 de
2356 4450 2415 4489 re
2436 4434 2695 4496 creanda,
2725 4429 2818 4485 sed
2847 4428 3052 4484 dictum
3081 4443 3204 4483 esse
3239 4427 3429 4483 volunt
3458 4441 3555 4496 pro
3590 4442 3661 4481 eo

389 4499 647 4567 λέγοντας
674 4500 935 4568 συνεργὸν
964 4500 1135 4551 ποιεῖν
1163 4500 1253 4551 τὸν
1287 4500 1419 4553 Θεὸν
1451 4503 1564 4564 τοῖς
1597 4501 1806 4569 μοιχοῖς
1831 4516 1844 4528 ο
1876 4501 1967 4553 καὶ

2071 4484 2216 4598 quod
2245 4533 2329 4579 est
2352 4484 2765 4593 providerepet
2805 4519 2905 4587 ipsi
2946 4533 3163 4588 quoque
3197 4484 3536 4586 Apollinario
3576 4516 3658 4568 vi-

391 4589 499 4661 γὰρ
527 4591 591 4642 ἐκ
620 4589 821 4642 τούτων
855 4590 1041 4643 παιδία
1078 4593 1354 4644 τίκτεται·
1390 4591 1582 4660 ψεῦδος
1611 4592 1665 4644 δὲ
1713 4588 1848 4645 εἶναι
1875 4593 1970 4646 καὶ

389 4681 471 4747 τὸ,
504 4682 898 4738 Κατέπαυσεν
929 4685 961 4735 ό
997 4683 1139 4749 Θεὸς
1177 4683 1296 4737 ἀπὸ
1335 4684 1578 4737 πάντων
1615 4684 1735 4738 τῶν
1780 4684 1971 4753 ἔργων

389 4773 577 4828 αὑτοῦ
607 4773 646 4827 d
695 4774 921 4842 ἤρξατο
966 4775 1185 4827 ποιεῖν’
1217 4777 1372 4845 εἴπερ
1419 4776 1498 4829 ἔτι
1550 4778 1643 4829 καὶ
1674 4776 1767 4831 νῦν
1792 4776 1970 4847 ψυχὰς

390 4865 728 4938 δημιουργεῖ.
772 4866 910 4918 Ἀλλ’
940 4868 988 4918 εἰ
1027 4867 1205 4919 πάντα
1232 4867 1299 4919 τὰ
1332 4867 1473 4920 κατὰ
1500 4867 1748 4938 διαδοχὴν
1777 4866 1837 4932 ἐξ
1869 4868 1968 4921 άλ-

390 4956 705 5028 ληλογονίας
734 4958 993 5028 γινόμενα
1021 4958 1287 5012 δέδεικται
1316 4958 1516 5027 θνητά*
1547 4959 1636 5012 διὰ
1666 4959 1823 5013 τοῦτο
1860 4961 1967 5030 γὰρ

389 5052 553 5120 γεννᾷ
585 5050 680 5102 καὶ
723 5053 999 5119 γεννᾶται,
1039 5051 1125 5103 ἶνα
1171 5050 1279 5102 τῶν
1316 5050 1569 5121 φθαρτῶν
1615 5051 1865 5122 διαμείνῃ
1908 5053 1968 5105 τὸ

389 5144 543 5213 γένος
566 5166 578 5178 ·
606 5145 819 5214 ἀνάγκη
850 5146 942 5197 καὶ
966 5145 1170 5196 τούτων
1194 5144 1226 5214 ἢ
1259 5143 1459 5213 θνητὴν
1487 5140 1625 5196 εἶναι
1662 5142 1840 5210 λέγειν
1868 5143 1967 5212 τὴν

388 5237 584 5308 ψυχὴν,
624 5238 682 5303 ἐξ
703 5236 1085 5308 άλληλογονίας
1117 5237 1482 5305 γεννωμένην,
1519 5235 1551 5305 ἢ
1577 5236 1651 5307 μή
1681 5235 1819 5288 κατὰ
1849 5235 1967 5289 δια-

390 5334 550 5405 δοχὴν
579 5336 638 5401 ἐξ
666 5335 1051 5404 άλληλογονίας
1077 5334 1370 5404 γεννᾶσθαι
1396 5336 1495 5398 τὰς
1524 5335 1701 5405 ψυχάς
1724 5354 1736 5365 ο
1772 5336 1833 5390 τὸ
1856 5336 1963 5407 γὰρ

391 5426 483 5477 ἐπὶ
502 5426 609 5478 τῶν
626 5427 687 5478 ἐκ
706 5427 949 5497 μοιχείας
968 5427 1318 5496 γεννωμένων
1338 5426 1415 5497 τῷ
1430 5429 1528 5496 τῆς
1547 5427 1800 5497 προνοίας
1823 5428 1965 5499 λόγῳ

392 5518 810 5591 καταλείπομεν,
838 5519 1099 5591 ἀγνώστῳ
1132 5521 1263 5590 παρ’
1290 5521 1422 5590 ἡμῖν
1464 5520 1597 5574 ὄντι.
1631 5522 1693 5574 El
1726 5520 1781 5573 δέ
1804 5540 1854 5575 τι
1885 5522 1967 5575 δεῖ

392 5612 533 5665 κατὰ
553 5614 650 5683 τῆς
689 5615 943 5685 προνοίας
980 5614 1509 5685 καταοτοχάσασθαι,
1541 5615 1756 5681 πάντως
1775 5612 1882 5671 οἵδε
1904 5618 1965 5672 τὸ

462 5790 505 5823 ⁸³
538 5789 671 5847 Gen.
713 5808 769 5859 ιι,
798 5791 852 5845 2.
930 5793 974 5825 "
1000 5790 1155 5847 Joan.
1190 5809 1243 5861 v,
1287 5791 1378 5849 l7.

2067 4621 2226 4675 detur
2253 4616 2465 4670 animas
2501 4615 2569 4666 ab
2600 4612 2800 4665 animis
2842 4610 3016 4665 creari
3065 4610 3215 4663 velut
3248 4624 3278 4662 a
3324 4608 3659 4677 corporibus

2070 4707 2347 4783 [corpora]
2366 4726 2381 4773 ;
2399 4708 2599 4777 quippe
2622 4705 2859 4757 animam
2882 4702 3177 4774 procedere
3202 4702 3315 4754 vult
3345 4717 3408 4755 ex
3432 4700 3659 4756 traduce

2066 4818 2163 4871 per
2210 4801 2612 4856 successionem
2647 4812 2678 4849 a
2710 4795 2884 4865 primo
2922 4793 3145 4848 homine
3183 4791 3250 4846 ad
3290 4808 3387 4848 eos
3417 4793 3509 4863 qui
3540 4794 3654 4846 nati

2068 4900 2197 4948 sunt
2238 4908 2302 4947 ex
2348 4891 2463 4952 illo,
2508 4893 2683 4944 instar
2716 4901 2995 4955 corporeae
3026 4885 3421 4941 successionis.
3472 4884 3659 4955 Neque

2069 4983 2213 5039 enim
2244 4983 2457 5036 animas
2488 4979 2694 5035 servari
2734 4978 3007 5041 conditas,
3042 4992 3219 5047 neque
3254 4994 3404 5032 nunc
3442 4981 3655 5034 creari:

2068 5074 2270 5129 etenim
2299 5087 2394 5126 eos
2424 5072 2516 5140 qui
2548 5070 2663 5123 haec
2685 5068 2961 5131 dictitant,
2989 5065 3157 5120 Deum
3194 5066 3411 5121 edicere
3464 5078 3659 5137 putant

2068 5162 2371 5231 adjutorem
2418 5159 2838 5213 adulterorum:
2877 5172 2943 5211 ex
2991 5158 3057 5211 iis
3106 5157 3252 5212 enim
3299 5159 3465 5212 etiam
3502 5159 3661 5213 liberi

2069 5258 2395 5307 nascuntur.
2426 5249 2597 5304 Porro
2633 5248 2979 5304 mendacium
3010 5264 3135 5305 esse
3175 5256 3465 5304 autumant
3500 5251 3660 5312 illud,

2071 5342 2338 5413 Requievit
2378 5341 2442 5394 ab
2481 5339 2724 5394 omnibus
2765 5339 3008 5407 operibus
3049 5340 3184 5403 suis,
3218 5356 3337 5407 qua:
3373 5342 3525 5409 carpit
3569 5341 3659 5411 fa-

2071 5450 2207 5497 cere,
2262 5432 2531 5503 siquidem
2560 5432 2725 5486 etiam
2766 5446 2913 5486 nunc
2953 5430 3168 5486 animas
3215 5432 3420 5486 condit.
3455 5432 3658 5487 Verum

2074 5528 2120 5583 si
2148 5527 2330 5580 omnia
2368 5540 2491 5596 quae
2534 5524 2850 5581 successive
2893 5523 3029 5578 tiunt
3072 5539 3138 5579 ex
3179 5530 3366 5582 mutua
3402 5539 3660 5595 procrea-

2074 5616 2241 5682 tione,
2286 5615 2539 5672 mortalia
2568 5629 2691 5671 esse
2736 5612 2966 5685 probata
3014 5619 3182 5679 sunt;
3219 5628 3343 5667 nam
3374 5621 3660 5685 propterea
