4166 6372
508 300 610 354 907

1747 300 1805 355 S.
1845 298 2171 357 GREGORH
2214 298 2501 355 NYSSENI

3645 299 3754 355 208

509 420 793 480 generant,
832 418 885 465 et
936 422 1285 483 generantur,
1333 422 1390 466 ut
1425 414 1862 483 corruptibilium
1906 430 2079 485 genus

2183 415 2517 484 τικτόμενον,
2544 414 2577 485 ἢ
2606 414 2684 485 τῷ
2732 414 2827 486 βίῳ
2860 416 2891 485 ἢ
2943 413 3118 485 ἑαυτῷ
3149 415 3417 485 χρήσιμον
3460 414 3713 485 ἐσόμενον
3736 456 3751 477 ,

508 513 856 573 permaneat;
912 521 1136 561 necesse
1168 520 1387 575 quoque
1412 505 1605 559 horum
1660 516 1754 560 aut
1799 507 2079 560 mortalem

506 612 628 651 esse
674 599 910 652 animam
960 597 1089 657 diei,
1144 611 1269 649 cum
1326 596 1555 650 invicem
1612 604 2083 665 procreaturzaut

507 706 615 744 non
648 706 744 760 per
772 691 1171 745 successionem
1202 706 1267 745 ex
1300 704 1359 744 se
1398 691 1627 743 invicem
1674 690 1921 759 generari
1960 689 2082 742 ani-

506 798 658 837 mas:
694 797 817 836 nam
846 782 1198 851 quaestionem
1238 782 1305 835 de
1339 782 1405 835 iis
1439 781 1531 850 qui
1576 796 1643 834 ex
1688 781 1956 835 adulterio
1982 794 2083 834 na-

504 885 733 929 scuntur
763 875 1117 944 providentia:
1152 874 1350 927 rationi
1383 872 1777 942 relinquimus,
1811 888 1932 941 qua:
1960 873 2085 941 qui-

2184 508 2275 557 καὶ
2312 505 2400 558 διὰ
2450 505 2606 558 τοῦτο
2657 510 2927 577 συγχωρεῖ
2972 507 3068 577 τὴν
3113 506 3428 577 ἐμψύχωσιν
3469 507 3750 575 γίνεσθαιο

2185 596 2367 649 ἱκανὸν
2412 597 2468 650 δὲ
2500 599 2795 668 τεκμήριον
2834 598 2991 651 τοῦτο
3030 598 3398 669 λαμϐάνομεν,
3427 598 3517 651 τὸν
3548 600 3612 650 ὲκ
3654 599 3753 669 τῆς

2180 686 2274 741 τοῦ
2324 690 2520 760 Οὐρίου
2583 692 2677 743 καὶ
2726 690 2890 744 Δαὸὶδ
2942 691 3269 761 γεννηθέντα
3324 690 3611 761 Σολομῶνα
3658 690 3754 762 [ὡς

2184 781 2323 834 κατὰ
2358 783 2519 851 νόμον
2560 782 2650 835 τὸν
2677 782 2817 835 θεῖον
2854 782 3156 853 τικτομὲνῳ
3189 781 3299 844 ’ὡς
3353 783 3447 835 καὶ
3473 783 3567 835 ἐπὶ
3596 782 3755 836 Σολο-

2188 873 2358 943 μῶντι
2387 872 2465 943 τῷ
2492 874 2656 926 Δαὸὶδ
2675 873 2966 941 γεννῶνται
2989 874 3057 926 τὰ
3088 872 3472 945 γεννώμενα.].

503 966 625 1021 dem
646 982 675 1019 a
694 966 1169 1035 nobisignoratur.
1203 963 1359 1030 Quod
1382 964 1427 1019 si
1450 964 1578 1032 quid
1609 970 1855 1033 oporteat
1885 962 1953 1018 de
1989 964 2326 1033 providentia
2347 965 2665 1033 conjectura
2689 966 2928 1035 assequi,
2950 966 3098 1019 novit
3129 966 3295 1035 probe
3330 966 3473 1036 quod
3508 973 3750 1021 creatum

503 1066 605 1123 est,
629 1065 724 1111 aut
741 1058 885 1120 vitae,
916 1065 1010 1111 aut
1044 1058 1144 1112 sibi
1165 1057 1507 1112 commodum
1545 1068 1705 1129 atque
1734 1060 1864 1113 utile
1885 1058 2156 1127 futurum;
2189 1062 2337 1130 atqui
2365 1061 2570 1115 idcirco
2601 1061 3177 1115 conceditanimorum
3206 1062 3581 1130 migrationem
3612 1060 3747 1119 ﬁeri.

505 1148 755 1203 Validum
774 1164 901 1202 vero
923 1147 1047 1201 hinc
1068 1156 1442 1217 argumentum
1483 1147 1549 1201 ad
1571 1147 1625 1201 ld
1657 1148 1908 1203 ducimus
1938 1148 2306 1213 Salomonem,
2335 1150 2427 1220 qui
2464 1164 2529 1204 ex
2565 1148 2709 1205 Uriae
2734 1150 2920 1204 uxoris
2955 1157 3241 1219 conceptu,
3283 1160 3338 1204 et
3374 1149 3591 1206 Davidis
3630 1159 3751 1205 satu

502 1239 683 1294 editus
732 1248 836 1305 est,
875 1238 1029 1308 quasi
1066 1237 1221 1307 juxta
1260 1238 1430 1307 legem
1465 1238 1705 1292 divinam
1742 1245 2084 1292 nasceretur.

576 1330 1036 1405 (8)Expentlamus
1049 1331 1114 1381 de
1139 1324 1914 1396 nccpsetiamManicltteorum
1937 1328 2058 1395 opi-

506 1422 723 1473 nionem
764 1417 830 1471 de
860 1417 1043 1470 anima
1074 1435 1085 1470 :
1121 1417 1278 1471 aiunt
1317 1418 1518 1471 etenim
1554 1433 1673 1471 eam
1717 1434 1840 1472 esse
1889 1418 2071 1472 incor-

507 1526 726 1581 poream
770 1518 823 1563 et
869 1510 1271 1576 immortalem;
1316 1508 1410 1563 sed
1442 1524 1605 1562 unam
1642 1509 1923 1578 solamque
1953 1524 2075 1564 esse

507 1604 883 1656 universorum
914 1603 1150 1654 animam
1180 1617 1275 1671 per
1302 1601 1474 1656 frusta
1504 1602 1733 1656 divisam
1757 1642 1771 1665 ,
1808 1612 1861 1655 et
1889 1602 2075 1655 conci-

507 1709 622 1747 sam
651 1695 705 1747 in
731 1694 941 1763 singula
966 1708 1220 1763 corpora,
1250 1695 1490 1748 animata
1521 1702 1575 1749 et
1604 1695 1840 1747 inanima
1869 1713 1881 1748 :
1912 1704 2075 1764 atque

508 1788 623 1839 haec
651 1786 916 1855 potiorem
945 1787 1196 1841 obtinere
1221 1796 1429 1856 partem
1450 1825 1463 1847 ,
1494 1786 1600 1838 alia
1628 1787 1889 1839 minorem
1912 1802 1926 1850 ;
1958 1803 2072 1840 ain-

513 1878 742 1947 pliorem
778 1877 995 1947 quidem
1044 1879 1317 1941 animata,
1371 1878 1737 1947 angustiorem
1773 1886 1952 1932 autem
1984 1878 2074 1932 in-

506 1969 717 2033 anima,
752 1970 922 2023 multo
952 1985 1081 2024 vero
1115 1970 1483 2039 augustiorem
1516 1970 1756 2023 coelestia
1788 1988 1805 2035 ;
1834 1970 1969 2024 adeo
2017 1976 2077 2023 ut

505 2062 776 2115 universae
806 2061 1028 2128 animae,
1063 2062 1182 2115 alia:
1215 2062 1446 2130 singulas
1473 2062 1582 2115 sint
1613 2062 1893 2130 particulae
1918 2077 2067 2130 qua:-

505 2152 632 2205 dam
656 2169 670 2218 ;
700 2160 753 2206 et
779 2152 825 2205 si
852 2151 1068 2221 quidem
1097 2153 1235 2205 hanc
1258 2151 1531 2204 imlividue
1561 2152 1746 2220 partiri
1773 2149 2075 2213 dixissent,

505 2253 765 2313 tanquam
796 2258 983 2297 vocem
1019 2244 1162 2297 inter
1204 2242 1525 2305 audientes,
1555 2241 1826 2295 mediocre
1862 2241 2064 2296 malum

507 2337 651 2391 istud
682 2336 891 2390 fuisset.
912 2333 1065 2389 Nunc
1088 2344 1267 2389 autem
1294 2336 1481 2387 dicunt
1506 2334 1869 2388 substantiam
1899 2332 2072 2401 ipsam

507 2430 700 2483 animae
724 2428 889 2483 dividi
909 2467 924 2490 ,
947 2437 1000 2482 et
1027 2426 1170 2496 quod
1205 2426 1445 2479 omnium
1483 2424 1935 2479 molestissimum
1958 2430 2074 2486 est,

506 2523 724 2592 proprie
752 2521 921 2591 ipsam
950 2520 1005 2573 in
1034 2518 1316 2573 elementis
1343 2533 1467 2571 esse
1496 2518 1718 2582 volunt,
1745 2526 1798 2570 et
1822 2532 1927 2570 una
1958 2516 2076 2571 dis-

508 2612 672 2665 tribui
707 2624 831 2663 cum
887 2610 969 2665 liis
1004 2609 1057 2660 in
1091 2621 1385 2676 corporum
1433 2607 1820 2676 generatione,
1854 2621 1917 2659 ae
1950 2621 2077 2658 rur-

444 2712 449 2719 '
505 2719 602 2757 sus
650 2701 714 2754 ad
763 2701 903 2755 idem
946 2699 1239 2753 convenire
1277 2697 1577 2766 eodemque
1627 2697 1831 2767 redigi,
1882 2696 2078 2751 solutis

505 2794 866 2861 corporibus.
912 2792 1053 2845 sicut
1097 2804 1240 2859 aqua
1290 2791 1341 2842 in
1380 2797 1563 2859 partes
1601 2788 1818 2853 divisa,
1852 2789 2079 2841 iterum-

508 2899 615 2953 que
643 2892 833 2935 coacta
865 2892 917 2935 et
949 2880 1230 2947 permista.
1274 2877 1512 2946 Itemque
1544 2878 1753 2932 animas
1794 2892 1961 2946 puras
2009 2876 2077 2930 ad

506 2974 682 3029 lucem
749 2988 1007 3042 pergere,
1070 2986 1193 3024 cum
1255 2971 1384 3038 ipsa:
1419 2970 1597 3023 lumen
1643 2971 1774 3031 sint,
1813 2970 2080 3022 contami-

506 3070 666 3117 natas
695 3071 874 3115 autem
905 3077 933 3113 a
958 3060 1184 3114 materia
1204 3100 1219 3123 ,
1251 3060 1315 3112 ad
1348 3060 1612 3113 elementa
1642 3060 1791 3113 abire
1811 3099 1827 3122 ,
1858 3061 2078 3114 iterum-
2106 3098 2149 3157 ο

506 3171 612 3225 que
643 3156 711 3209 ab
740 3154 1025 3208 elementis
1057 3156 1123 3206 ad
1151 3154 1368 3221 plautas
1391 3159 1445 3203 et
1480 3150 1733 3205 animalia
1764 3152 1942 3205 bruta.
1974 3151 2081 3204 Ita-

504 3262 611 3314 que
643 3246 815 3315 ipsius
845 3244 1141 3297 essentiam
1169 3243 1511 3297 dissecantes
1534 3281 1549 3304 ,
1583 3251 1638 3294 et
1680 3241 1827 3293 velut
1879 3257 2079 3310 corpo-

504 3354 653 3392 ream
691 3336 1073 3390 aﬂ’ectionibus
1103 3334 1493 3403 subjicientes,
1545 3335 1907 3389 immortalem
1955 3350 2082 3390 esse

506 3437 760 3486 asserunt
781 3469 795 3492 ,
831 3429 924 3483 sed
962 3428 1015 3481 in
1043 3427 1317 3481 contraria
1349 3429 1635 3480 incurrunt
1666 3446 1677 3481 :
1714 3428 1913 3482 ctenim
1942 3428 2076 3481 dum

505 3523 740 3591 pollutas
768 3521 980 3573 animas
1008 3520 1073 3572 ad
1104 3520 1372 3573 elementa
1404 3533 1685 3573 recurrere
1736 3518 2075 3588 praedicant,

504 3623 559 3667 et
610 3612 957 3666 commisceri
1017 3610 1159 3663 inter
1219 3626 1277 3664 se
1311 3649 1325 3672 ,
1389 3625 1585 3664 rursus
1639 3611 1787 3679 ipsas
1838 3610 2078 3664 cruciari

506 3707 660 3758 aiunt
691 3703 747 3757 in
783 3702 1236 3772 commigratione
1266 3701 1331 3754 ad
1373 3702 1476 3754 alia
1509 3716 1737 3769 corpora
1760 3741 1774 3763 ,
1821 3717 1919 3771 pro
1950 3718 2078 3773 gra-

512 3798 678 3851 vitate
709 3796 1066 3857 delictorum,
1112 3794 1240 3847 dum
1294 3794 1496 3847 uniunt
1537 3795 1718 3863 ipsas.
1768 3794 2080 3864 iterumque

506 3896 764 3957 separant
816 3887 1030 3939 ratione
1088 3883 1479 3938 subsistentia.
1530 3882 1823 3937 Enimvero
1857 3883 2078 3936 umbras

506 3981 631 4035 luce
668 3986 921 4033 manente
960 3977 1244 4046 separari,
1294 3983 1445 4029 arcta
1497 3989 1628 4029 vero
1681 3973 2075 4043 conjunctione

510 4071 690 4126 uniri:
719 4069 861 4138 quod
898 4067 1116 4139 quidem
1156 4068 1209 4120 in
1243 4066 1572 4136 intelligibili
1604 4076 1798 4118 natura
1834 4065 1949 4119 ﬁeri
1980 4080 2077 4119 ne-

507 4162 646 4233 quit.
680 4158 927 4225 Namque
952 4158 1157 4213 umbrae
1187 4168 1313 4213 sunt
1358 4158 1627 4211 bonorum
1656 4174 1668 4209 :
1700 4157 1918 4211 tametsi
1954 4155 2079 4225 quis

508 4253 844 4309 concesserit
878 4252 1027 4319 ipsas
1058 4250 1338 4320 separari,
1371 4265 1435 4303 ac
1464 4264 1659 4303 rursus
1689 4249 1874 4303 unitas
1905 4263 2071 4317 copu-

508 4347 632 4402 lari.
669 4344 843 4398 Porro
868 4342 1025 4396 Plato
1057 4350 1111 4397 et
1145 4357 1311 4395 unam
1343 4356 1498 4403 esse,
1537 4349 1593 4395 et
1633 4341 1835 4394 multas
1866 4342 2081 4394 animas

2258 1327 2415 1398 Ἑξῆς
2462 1328 2879 1398 ἐπισκεψώμεθα
2933 1329 3026 1380 καὶ
3085 1328 3186 1399 τὴν
3242 1328 3399 1394 δόξαν
3436 1329 3543 1382 τῶν
3580 1330 3753 1382 Μανιο

2176 1419 2368 1488 χαίων,
2407 1418 2473 1487 ἠν
2498 1418 2680 1487 ἔχουσι
2710 1418 2838 1488 περὶ
2873 1418 2971 1486 τῆς
2995 1416 3192 1487 ψυχῆς.
3223 1420 3359 1471 Φασὶ
3390 1419 3484 1488 μὲν
3511 1417 3619 1490 γὰρ
3654 1419 3753 1471 αὐ-

2175 1506 2271 1575 τὴν
2306 1505 2593 1575 ἀσώματον
2634 1508 2725 1559 καὶ
2770 1506 3035 1559 ἀθάνατον
3061 1523 3074 1535 ·
3127 1507 3253 1576 μίαν
3291 1506 3349 1560 δὲ
3403 1508 3569 1578 μόνην
3615 1503 3752 1560 εἶναι

2174 1598 2273 1666 τὴν
2316 1598 2423 1648 τῶν
2464 1598 2719 1651 ἁπάντων
2770 1596 2965 1667 ψυχὴν,
3008 1598 3616 1669 κατακερματιζομένην
3658 1599 3753 1652 καὶ

2177 1687 2656 1757 κατατεμνομένην
2677 1689 2755 1749 εἰς
2771 1688 2837 1739 τὰ
2863 1687 2985 1740 καθ’
3008 1688 3236 1740 ἕκαστον
3264 1687 3510 1758 σώματα,
3537 1688 3755 1759 ἔμψυχά

2181 1782 2239 1829 τε
2277 1779 2369 1830 καὶ
2412 1779 2595 1848 ἄψυχα
2616 1796 2630 1807 ·
2668 1779 2851 1831 καὶτὰ
2886 1780 2982 1849 μὲν
3017 1780 3257 1843 πλείονος
3282 1781 3450 1851 αὐτῆς
3486 1783 3750 1852 μετέχειν,

2181 1870 2250 1922 τὰ
2270 1870 2326 1922 δὲ
2348 1869 2654 1933 ἐλάττονοςο
2694 1870 2933 1934 πλείονος
2973 1872 3072 1940 μὲν
3103 1871 3172 1924 τὰ
3204 1872 3441 1941 ἔμψυχα,
3477 1874 3751 1937 ἐλάττονος

2182 1960 2238 2011 δὲ
2262 1960 2327 2013 τὰ
2355 1960 2554 2029 ἄψυχα,
2588 1961 2767 2030 πολλῷ
2793 1961 2849 2013 δὲ
2878 1962 3118 2027 πλείονος
3143 1962 3213 2015 τὰ
3239 1963 3464 2033 οὐράνια
3488 1980 3500 1993 ·
3546 1962 3622 2027 ὡς
3656 1960 3758 2032 τῆς

2183 2050 2410 2103 καθόλου
2438 2052 2615 2121 ψυχῆς
2647 2053 2785 2123 μέρη
2820 2052 2917 2116 τὰς
2952 2052 3072 2107 καθ’
3101 2053 3329 2108 ἕκαστον
3369 2052 3510 2108 εἶναι
3536 2054 3712 2125 ψυχάς
3732 2071 3751 2088 ⁸

2184 2143 2276 2194 καὶ
2304 2144 2353 2193 εἰ
2397 2142 2494 2211 μὲν
2538 2143 2845 2212 ἁμερίστως
2892 2145 3207 2215 μερίζεσθαι
3252 2147 3454 2217 ταύτην
3494 2145 3757 2215 ἔφασκον,

2183 2236 2257 2298 ὡς
2297 2234 2394 2305 τὴν
2444 2235 2626 2306 φωνὴν
2672 2237 2728 2288 εν
2779 2239 2891 2300 τοῖς
2927 2236 3203 2305 ἀκούουσι,
3235 2238 3455 2311 μέτριον
3496 2238 3563 2292 ἂν
3588 2234 3656 2311 ἦν
3694 2240 3757 2293 τὸ

2184 2326 2351 2379 κακόν
2376 2343 2389 2355 ·
2440 2326 2534 2378 νῦν
2573 2327 2629 2378 δὲ
2670 2327 2769 2396 τὴν
2800 2327 2988 2381 οὐσίαν
3024 2329 3194 2398 αὐτὴν
3240 2330 3340 2399 τῆς
3368 2330 3546 2401 ψυχῆς
3584 2347 3755 2384 κατα-

2187 2416 2502 2487 μερίζεσοαι
2523 2420 2759 2489 λέγουσι,
2792 2422 2969 2476 καὶτὸ
2996 2425 3214 2479 πάντων
3242 2426 3644 2495 χαλεπώτατον,
3672 2427 3754 2480 ὅτι

2184 2508 2387 2580 κυρίως
2423 2510 2593 2581 αὐτὴν
2615 2512 2675 2564 ἐν
2696 2510 2978 2581 στοιχείοις
2990 2511 3128 2569 εἶναι
3150 2514 3446 2585 βούλονται,
3481 2516 3574 2568 καὶ
3617 2533 3756 2585 συμ-

2188 2600 2506 2672 μερίζεσθαι
2538 2602 2749 2668 τούτοις
2781 2605 2839 2658 ὲν
2870 2607 2935 2676 τῇ
2962 2606 3069 2660 τῶν
3101 2608 3367 2677 σωμάτων
3397 2608 3627 2676 γενέσει,
3664 2608 3758 2660 καὶ

2184 2692 2345 2744 πάλιν
2390 2695 2469 2756 είς
2514 2694 2709 2747 ταύτὸν
2758 2695 2993 2751 συνιέναι
3038 2696 3399 2767 διαλυομένων
3429 2698 3537 2751 τῶν
3570 2700 3758 2770 σωμάο

2182 2800 2311 2848 των,
2358 2784 2433 2848 ὡς
2469 2784 2611 2857 ὕδωρ
2645 2787 3016 2858 μεριζόμενον,
3068 2789 3161 2842 καὶ
3192 2790 3353 2843 πάλιν
3396 2790 3760 2861 συναγόμενον

2185 2876 2276 2927 καὶ
2312 2876 2660 2947 μιγνύμενον.
2691 2880 2800 2932 Καὶ
2825 2879 2922 2943 τὰς
2953 2881 3051 2951 μὲν
3083 2880 3329 2952 καθαράς
3353 2881 3530 2951 ψυχὰς
3560 2884 3757 2951 χωρεῖν

2185 2970 2264 3029 εἰς
2302 2970 2364 3021 τὸ
2395 2969 2528 3038 φῶς,
2561 2971 2675 3039 φῶς
2722 2970 2887 3035 θύσας
2910 2989 2924 3003 °
2975 2972 3075 3036 τὰς
3114 2972 3171 3025 δὲ
3215 2974 3622 3045 μεμολυσμένας
3655 2976 3762 3027 ὑπὸ

2183 3059 2283 3129 τῆς
2312 3060 2463 3132 ὕλης,
2500 3067 2694 3133 χωρεῖν
2720 3064 2799 3127 εἰς
2826 3063 2895 3116 τὰ
2920 3066 3185 3135 στοιχεῖα·
3219 3066 3309 3118 καὶ
3334 3066 3493 3119 πάλιν
3523 3066 3631 3119 ἀπὸ
3650 3067 3764 3120 τῶν

2184 3152 2483 3220 στοιχείων,
2520 3153 2599 3216 εἰς
2626 3153 2694 3206 τὰ
2725 3155 2867 3224 φυτὰ
2910 3154 3006 3208 καὶ
3048 3154 3119 3207 τὰ
3156 3155 3270 3219 ζῶα
3293 3173 3307 3186 ·
3353 3157 3448 3209 καὶ
3489 3157 3631 3209 οὔτω
3662 3159 3762 3228 τὴν

2180 3239 2365 3291 οὐσίαν
2410 3241 2580 3311 αὐτῆς
2624 3242 3070 3312 κατατέμνοντες,
3116 3245 3209 3296 καὶ
3243 3244 3555 3315 σωματικὴν
3589 3262 3760 3299 κατα-

2180 3330 2470 3399 τέμνοντες
2494 3338 2533 3395 ‘,
2590 3334 2683 3385 καὶ
2751 3334 2977 3387 πάθεσιν
3036 3334 3443 3399 ὑποϐάλλοντες,
3497 3335 3761 3389 ἀθάνατον

2180 3417 2317 3475 εἷναί
2384 3441 2519 3491 φασι
2550 3440 2564 3454 ·
2616 3424 3002 3495 περιπίπτουσι
3043 3425 3100 3477 δὲ
3148 3426 3242 3479 καὶ
3307 3430 3418 3489 τοῖς
3470 3427 3760 3489 ἐναντίοιςσ

2181 3513 2478 3582 φάσκοντες
2509 3514 2614 3584 γὰρ
2649 3517 2967 3587 ἀνατρέχειν
3000 3518 3097 3581 τὰς
3129 3516 3541 3587 μεμολυσμένας
3583 3518 3762 3587 ψυχὰς

2181 3606 2273 3657 ἐπὶ
2302 3609 2369 3659 τὰ
2400 3610 2654 3675 στοιχεῖα,
2686 3608 2780 3659 καὶ
2813 3610 3242 3679 καταμίγνυσθαι
3272 3609 3517 3679 ἀλλήλοις
3541 3651 3557 3674 ,
3602 3610 3762 3662 πάλιν

2180 3689 2347 3752 αὑτὰς
2402 3691 2459 3741 ὲν
2506 3693 2619 3751 ταῖς
2672 3692 3191 3761 μετενσωματώσεσί
3227 3710 3358 3760 φασι
3386 3694 3760 3762 τιμωρεῖσθαι,

2180 3776 2319 3828 κατὰ
2342 3774 2401 3826 τὸ
2433 3775 2658 3845 μέγεοος
2695 3776 2803 3829 τῶν
2826 3778 3256 3847 ἁμαρτημάτων,
3298 3777 3539 3838 ἐνοῦντες
3572 3778 3758 3839 αὑτὰς,

2181 3860 2274 3910 καὶ
2330 3859 2488 3910 πάλιν
2540 3858 2897 3927 χωρίζοντες,
2946 3861 3065 3913 καθ’
3117 3861 3429 3914 ὑπόστασιν.
3492 3862 3601 3913 Καὶ
3656 3860 3762 3932 γάρ

2179 3942 2279 4004 τὰς
2309 3941 2464 4003 σκιὰς
2522 3943 2696 4009 ψωτὸς
2753 3943 3002 4011 μένοντος
3047 3944 3413 4013 χωρίζεσθαι,
3466 3944 3761 4012 συναφείας

2181 4025 2238 4077 δὲ
2284 4024 2586 4093 γενομένης
2652 4025 2901 4077 ὲνοῦσθαι
2927 4067 2939 4082 ,
2972 4026 3106 4095 ὅπερ
3149 4022 3403 4078 ἀδύνατον
3433 4028 3523 4079 ἐπὶ
3566 4027 3764 4096 νοητῆς

2182 4108 2395 4176 φύσεως
2442 4108 2712 4176 γενέσθαι.
2756 4110 2863 4161 Καὶ
2916 4110 3019 4180 γάρ
3068 4111 3124 4162 αἰ
3179 4111 3326 4162 σκιαὶ
3379 4111 3484 4163 τῶν
3546 4108 3764 4179 ἀγαθῶν

2181 4193 2351 4243 εἰσιν·
2383 4192 2433 4243 εί
2466 4192 2556 4243 καὶ
2601 4191 2715 4261 δοίη
2774 4207 2854 4254 τις
2899 4192 3068 4255 αὑτὰς
3113 4193 3457 4263 χωρίζεσθαι,
3508 4194 3600 4246 καὶ⁵
3655 4193 3767 4247 πάι

2181 4274 2267 4328 λιν
2322 4274 2591 4327 ἐνοῦσθαι.
2666 4275 2887 4328 Πλάτων
2947 4276 3003 4327 δὲ
3068 4276 3163 4328 καὶ
3258 4276 3384 4346 μίαν
3466 4272 3603 4329 εἶναι
3672 4277 3765 4328 καὶ

2182 4360 2382 4422 πολλὰς
2437 4360 2610 4430 ψυχὰς
2663 4360 3047 4429 ἀποφαίνεται.
3099 4361 3243 4414 Μίαν
3299 4362 3395 4431 μὲν
3474 4362 3581 4431 γὰρ
3626 4356 3763 4414 εἶναι

508 4445 785 4494 asseverat
808 4455 823 4492 :
849 4451 1009 4490 unam
1032 4435 1233 4505 quippe
1260 4450 1383 4489 esse
1405 4434 1645 4489 universi
1676 4434 1915 4487 animam
1934 4475 1950 4499 ,
1980 4432 2075 4487 sed

2183 4443 2276 4496 τοῦ
2323 4443 2521 4507 παντὸς
2576 4443 2674 4512 τὴν
2716 4443 2925 4513 ψυχήν·
2974 4439 3114 4496 εἶναι
3170 4443 3227 4497 δὲ
3273 4446 3367 4497 καὶ
3436 4444 3598 4507 ἄλλας
3654 4447 3763 4497 τῶν

508 4540 563 4589 et
609 4532 748 4588 alias
774 4546 837 4585 ex
876 4530 945 4585 iis
979 4543 1103 4598 qua:
1136 4528 1496 4599 particulares
1534 4534 1706 4593 sunt;
1755 4534 1815 4579 ut
1859 4526 2079 4597 proprie

510 4624 843 4679 universitas
880 4622 1121 4676 animata
1161 4621 1233 4676 sit
1266 4620 1336 4673 ab
1365 4620 1621 4674 universa
1658 4620 1837 4673 anima
1865 4617 1997 4685 ;sed
2028 4626 2083 4672 et

508 4717 859 4787 peculiariter
911 4728 1006 4783 per
1055 4721 1241 4783 partes
1298 4711 1518 4782 propria
1567 4712 1837 4780 cujusque
1876 4711 2079 4764 anima.

509 4808 599 4865 Ait
631 4820 762 4878 ergo
795 4805 1037 4860 universi
1066 4802 1285 4874 quidem
1316 4804 1554 4857 animam
1584 4802 1874 4856 distentam
1902 4815 2024 4854 esse
2053 4814 2085 4852 a

510 4905 703 4953 centro
755 4906 916 4951 terrae
950 4896 1017 4950 ad
1051 4896 1253 4950 limites
1296 4895 1422 4949 (εωιί
1456 4912 1472 4959 ;
1508 4909 1609 4947 nec
1647 4907 1779 4947 vero
1810 4889 2083 4960 ejusmodi

510 4991 903 5045 distensionem
953 4988 1180 5043 localem
1229 5002 1351 5042 esse
1402 4985 1693 5057 prtedieat,
1750 4983 1845 5038 sed
1886 4981 2086 5036 intelli-

510 5084 772 5152 gibilem:
812 5080 1084 5151 ejusmodi
1127 5089 1275 5134 certe
1322 5080 1559 5132 animam
1606 5092 1768 5138 esse,
1819 5090 1939 5144 qua:
1979 5074 2083 5127 eir-

511 5174 750 5245 cumagit
796 5175 849 5227 in
900 5174 1086 5227 orbem
1141 5172 1589 5234 universitatem,
1647 5176 1702 5224 et
1766 5174 1981 5223 coercet
2032 5176 2087 5221 et

511 5266 755 5321 continet
800 5279 1116 5335 corpoream
1166 5262 1354 5316 mundi
1403 5263 1633 5325 molem,
1689 5274 1918 5330 quaeque
1962 5258 2087 5312 uni-

511 5358 793 5413 versitatis
824 5370 1055 5425 corpora
1088 5363 1367 5425 penetrat,
1416 5355 1471 5407 in
1520 5354 1586 5407 iis
1627 5366 1749 5423 qua:
1780 5366 1943 5420 supra
1974 5360 2086 5403 tra-

514 5450 785 5504 ctavimus
834 5447 1269 5502 demonstratum
1322 5454 1428 5500 est.
1462 5442 1575 5498 Hoc
1622 5459 1785 5513 porro
1823 5442 1980 5508 facit,
2030 5449 2089 5493 ut

514 5541 697 5593 anima
728 5540 801 5594 sit
838 5539 1091 5608 specillca
1111 5576 1125 5601 ,
1151 5536 1197 5594 si
1221 5536 1437 5607 quidem
1462 5536 1716 5608 quodque
1743 5550 1934 5591 eorum
1965 5549 2090 5605 qua:

587 5718 665 5788 (α)
697 5718 876 5776 Locus
908 5720 994 5774 liic
1028 5720 1252 5773 lutatus
1281 5725 1388 5771 est.

2184 4527 2323 4582 κατὰ
2353 4527 2534 4597 μέρος,
2560 4527 2633 4588 ὼς
2660 4526 2764 4597 ἰδίᾳ
2796 4528 2894 4597 μὲν
2923 4528 2982 4580 τὸ
3008 4530 3113 4580 πᾶν
3143 4527 3513 4597 ἐμψυχοῦσθαι
3542 4528 3644 4581 ὑπὸ
3664 4528 3764 4596 τῆς

2185 4619 2279 4672 τοῦ
2307 4620 2505 4683 παντὸς
2529 4620 2705 4690 ψυχῆς
2728 4637 2740 4651 °
2777 4620 2881 4691 ἰδίᾳ
2908 4620 2964 4672 δὲ
2994 4620 3156 4673 πάλιν
3186 4620 3253 4674 τὰ
3282 4620 3421 4673 κατὰ
3450 4621 3632 4690 μέρος,
3662 4621 3765 4672 ὑπὸ

2184 4710 2286 4780 τῆς
2322 4711 2458 4773 ἰδίας
2492 4711 2720 4764 ἑκάστου
2770 4710 2967 4781 ψυχῆς.
3021 4712 3183 4780 Λέγει
3232 4710 3361 4779 γοῦν
3405 4712 3504 4781 τὴν
3542 4714 3637 4781 μὲν
3671 4709 3765 4763 τοῦ

2189 4802 2389 4865 παντὸς
2421 4802 2766 4855 διατετάσθαι
2811 4802 2986 4873 ψυχὴν
3016 4804 3125 4857 ἀπὸ
3150 4802 3243 4856 τοῦ
3278 4804 3504 4873 κέντρου
3534 4803 3631 4872 τῆς
3663 4802 3766 4872 γῆς

2193 4896 2286 4947 ἐπὶ
2312 4894 2382 4947 τὰ
2410 4896 2620 4965 πέρατα
2642 4893 2735 4947 τοῦ
2768 4895 3019 4965 οὐρανοῦ,
3054 4896 3114 4948 ού
3164 4894 3403 4955 τοπικῶς
3435 4893 3603 4961 αὐτὴν
3635 4893 3765 4945 δια-

2189 4985 2445 5039 τετάσθαι
2468 4986 2714 5054 φάσκων,
2745 4986 2881 5039 ἁλλὰ
2905 4985 3127 5055 νοητῶς.
3158 4983 3370 5052 Ταύτην
3389 4982 3443 5033 δὲ
3470 4983 3567 5051 τὴν
3589 4981 3766 5051 ψυχὴν

2192 5072 2331 5129 εἶναι
2373 5078 2467 5145 τὴν
2508 5079 2873 5147 περιάγουσαν
2906 5075 3256 5146 σφαιροειδῶς
3282 5073 3344 5126 τὸ
3377 5076 3483 5125 πᾶν
3522 5072 3612 5125 καὶ
3644 5088 3766 5123 συν-

2193 5167 2429 5235 άγουσαν
2448 5168 2537 5220 καὶ
2554 5169 2952 5237 συσφίγγουσαν
2969 5169 3028 5221 τὸ
3046 5165 3403 5237 σωματοειδὲς
3423 5163 3517 5217 τοῦ
3539 5165 3765 5232 κόσμου,

2193 5256 2383 5310 διιέναι
2414 5274 2472 5309 τε
2504 5258 2572 5311 τὰ
2605 5258 2832 5326 σώματα
2857 5258 2949 5312 τοῦ
2982 5258 3313 5328 σύμπαντος,
3346 5258 3403 5309 ὲν
3428 5258 3538 5317 τοῖς
3568 5252 3768 5324 προλα-

2196 5348 2380 5402 ϐοῦσιν
2412 5348 2645 5420 ἐδείχθη.
2680 5352 2831 5403 Ποιεῖ
2857 5350 2912 5404 δὲ
2945 5349 3100 5403 τοῦτο
3140 5349 3237 5420 τὴν
3276 5345 3537 5400 εἰδοποιὸν
3568 5343 3762 5414 ψυχήν-

2194 5442 2303 5511 Ζῇν
2344 5441 2451 5513 γάρ
2499 5443 2726 5497 ἕκαστον
2774 5442 2881 5496 τῶν
2930 5443 3096 5495 ὄντων
3144 5442 3241 5512 τὴν
3283 5440 3418 5493 ἰδίαν
3464 5437 3628 5506 ζωὴν.
3674 5435 3769 5489 καὶ

2197 5532 2513 5604 φθείρεσθαι
2544 5534 2643 5605 τὴν
2674 5534 2807 5587 ἰδίαν
2838 5534 3060 5606 φθοράν.
3102 5534 3245 5596 Ἕως
3282 5531 3380 5602 μὲν
3408 5529 3514 5600 γὰρ
3548 5524 3765 5596 συνέχε-
