4166 6372
411 445 515 502 eoa

1860 453 1946 509 DE
1983 456 2217 514 ΑΝΙΜΛ.

3549 451 3662 510 ⁸210

412 581 500 617 ται
526 563 619 615 καὶ
652 562 1022 633 συσφίγγεται,
1049 565 1110 617 τὸ
1145 565 1298 636 σῶμα
1325 562 1463 621 εἶναι
1492 567 1705 637 λέγεται
1730 589 1744 602 ·
1782 572 1990 626 διαλυόα

2094 584 2257 640 sunt,
2284 576 2450 630 vitam
2487 575 2650 630 habet
2682 574 2994 644 propriam,
3031 581 3085 628 et
3119 579 3175 626 ut
3217 578 3405 642 pereat
3437 572 3659 640 propria

419 671 574 725 μενον
598 655 652 708 δὲ
679 655 1025 727 φθείρεσθαι·
1074 659 1167 710 καὶ
1198 658 1296 729 ζῇν
1329 659 1426 730 μὲν
1455 661 1653 724 πάντα,
1699 664 1774 734 μὴ
1808 665 1987 721 πάντα

414 745 470 799 δὲ
503 742 642 798 εἶναι
668 745 800 810 ζῶα.
847 749 1190 819 Διακρίνουσι
1227 751 1324 821 μὲν
1351 753 1458 822 γὰρ
1488 755 1595 808 ἀπὸ
1618 755 1726 808 τῶν
1765 757 1985 828 ἀψύχων

415 836 492 890 τὰ
511 841 654 906 φυτά
696 839 776 910 τῷ
818 841 1142 906 αὐξάνεσθαι
1185 844 1278 895 καὶ
1307 846 1616 914 τρέφεσθαι,
1647 850 1890 903 τουτέστι
1919 853 1984 922 τῇ

416 927 680 1001 θρεπτικῇ
730 931 824 984 καὶ
857 936 1059 1004 φυσικῇ
1089 933 1312 1005 δυνάμει
1340 952 1355 967 ο
1400 938 1468 992 τὰ
1493 938 1549 990 δὲ
1575 939 1708 994 ἄλλα
1739 941 1852 1004 ζῶα
1879 943 1987 996 ἀπὸ

412 1019 522 1070 τῶν
555 1019 739 1087 φυτῶν
768 1025 833 1092 τῇ
865 1021 1113 1093 αἰσθήσει
1146 1041 1160 1054 ·
1208 1025 1277 1079 τὰ
1303 1026 1360 1078 δὲ
1392 1027 1583 1096 λογικὰ
1607 1030 1713 1082 ἀπὸ
1735 1030 1841 1084 τῶν
1867 1031 1989 1085 ἁλό-

416 1125 527 1176 γων
555 1110 632 1179 τῷ
654 1111 873 1182 λογικῷ.
921 1114 1030 1166 Καὶ⁵
1057 1114 1198 1167 οὕτω
1233 1116 1410 1171 πάντα
1439 1117 1536 1190 ζῇν
1569 1119 1835 1189 λέγοντες,
1873 1122 1987 1176 δια-

418 1197 692 1255 στέλλουσι
715 1204 811 1273 τὴν
837 1205 1067 1258 ἑκάστου
1099 1207 1280 1274 φύσιν.
1315 1210 1421 1280 Ζῇν
1444 1207 1536 1264 οὖν
1558 1211 1773 1281 λέγουσι
1799 1214 1892 1266 καὶ
1919 1216 1988 1268 τὰ

418 1296 594 1345 πάντα
622 1291 804 1361 ἄψυχα
835 1295 1057 1367 ὲκτικὴν
1087 1296 1251 1367 ζωὴν,
1291 1299 1424 1353 καθὸ
1449 1302 1729 1373 συνέχεται
1761 1304 1864 1357 ὑπὸ
1888 1305 1987 1376 τῆς

415 1381 510 1437 τοῦ
554 1384 748 1446 παντὸς
775 1383 983 1456 ψυχῆς,
1032 1389 1112 1454 είς
1143 1389 1204 1441 τὺ
1243 1385 1381 1444 εἶναι
1417 1393 1594 1456 μόνον,
1642 1395 1735 1447 καὶ
1771 1397 1844 1466 μὴ
1874 1396 1989 1449 δια-

416 1469 658 1525 λύεσθαι.
709 1473 926 1544 Ταύτην
961 1476 1020 1529 δὲ
1058 1473 1198 1532 εἶναι
1229 1479 1330 1550 τὴν
1360 1481 1536 1553 ψυχὴν
1567 1485 1668 1554 τὴν
1703 1485 1987 1558 διακυϐερ-

417 1565 595 1621 νιῖισαν
618 1565 687 1618 τὸ
708 1568 838 1632 πᾶν,
873 1568 964 1620 καὶ
994 1568 1093 1640 τὴν
1134 1569 1234 1634 τὰς
1265 1574 1490 1642 μερικάς
1517 1574 1696 1646 ψυχὰς
1721 1577 1820 1640 τὰς
1851 1579 1986 1650 πρό-

416 1672 572 1726 τερον
617 1657 767 1727 παρὰ
815 1658 908 1711 τοῦ
952 1661 1281 1734 δημιουργοῦ
1314 1666 1607 1735 γενομένας
1643 1669 1988 1739 ἐπιπέμπου-

421 1763 518 1798 σαν
536 1763 550 1778 ο
601 1747 797 1816 δηλαδὴ
826 1749 990 1802 αὐτοῦ
1019 1751 1112 1804 τοῦ
1137 1751 1466 1822 δημιουργοῦ
1496 1757 1590 1808 καὶ
1624 1757 1818 1826 νόμους
1847 1760 1983 1829 αὐτῇ

417 1837 726 1902 δεδωκότος,
757 1839 936 1903 καθὼς
961 1841 1224 1910 διεξάγειν
1253 1845 1453 1912 ὀφείλει
1483 1846 1639 1900 τοῦτο
1662 1848 1722 1900 τὸ
1747 1851 1874 1911 πᾶν,
1895 1850 1987 1914 οὓς

419 1929 514 1980 καὶ
563 1930 901 2000 εἱμαρμένην
957 1932 1142 1994 καλεῖ,
1205 1935 1296 1986 καὶ
1358 1937 1717 2007 χορηγοῦντος
1761 1941 1988 2010 δύναμιν

419 2020 694 2088 ἀρκοῦσαν
747 2021 948 2075 διέπειν
995 2026 1162 2094 ἡμᾶς.
1220 2026 1446 2096 Εἴρηται
1498 2030 1554 2083 δὲ
1601 2031 1774 2086 ταῦτα
1809 2035 1899 2086 καὶ⁴
1931 2036 1988 2087 ἐν

418 2115 528 2172 τοῖς
554 2113 680 2183 περὶ
704 2115 1060 2186 εἱμαρμένης.
1085 2118 1250 2188 Κοινῇ
1278 2119 1377 2188 μὲν
1398 2116 1490 2173 οὖν
1510 2121 1709 2186 πάντες
1731 2110 1989 2195 Ἕλληνες

419 2205 469 2256 οἱ
496 2205 594 2274 τὴν
617 2204 794 2276 ψυχὴν
820 2207 1087 2261 ἀθάνατον
1127 2211 1554 2282 ἀποφηνάμενοι,
1587 2214 1686 2286 τὴν
1719 2233 1988 2286 μετενσω-

424 2297 664 2366 μάτωσιν
695 2297 1112 2368 δογματίζουσιο
1155 2301 1500 2373 διαφέρονται
1524 2305 1581 2358 δὲ
1614 2308 1742 2377 περὶ
1771 2309 1840 2361 τά
1873 2309 1990 2380 εῐδη

419 2387 527 2441 τῶν
553 2388 758 2458 ψυχῶν.
799 2391 861 2443 Οἱ
893 2391 991 2461 μὲν
1014 2391 1123 2462 γὰρ
1150 2393 1210 2446 ἓν
1243 2393 1379 2459 εἶδος
1406 2396 1467 2449 τὸ
1500 2397 1712 2465 λογικὸν
1740 2395 1876 2453 εἶναι
1903 2400 1992 2453 λέ-

420 2496 606 2547 γουσι·
638 2481 794 2536 τοῦτο
818 2483 876 2535 δὲ
900 2484 994 2537 καὶ
1026 2487 1107 2548 είς
1132 2487 1296 2554 φυτὰ,
1325 2488 1420 2541 καὶ
1448 2491 1527 2552 εἰς
1551 2490 1618 2544 τὰ
1648 2491 1756 2545 τῶν
1780 2492 1992 2561 ἀλόγων

424 2572 650 2640 σώματα
689 2573 1052 2643 μεταϐαίνειν.
1100 2577 1163 2629 Οί
1196 2579 1292 2646 μὲν
1319 2578 1427 2650 γὰρ
1456 2582 1595 2634 κατά
1635 2599 1784 2646 τινας
1818 2585 1989 2654 ῥητὰς

422 2665 626 2736 χρόνων
657 2666 929 2734 περιόδους
951 2683 966 2697 ·
1012 2671 1059 2720 οἱ
1090 2669 1146 2722 δὲ
1171 2670 1247 2733 ὡς
1276 2669 1463 2740 ἔτυχεν
1482 2689 1497 2702 ο
1545 2673 1693 2726 ἄλλοι
1724 2675 1780 2727 δὲ
1803 2676 1898 2746 οὐχ
1931 2675 1989 2729 ἓν

423 2752 559 2820 εἶδος
583 2757 790 2826 ψυχῶν,
818 2757 953 2812 ἀλλὰ
977 2759 1090 2826 δύο,
1122 2761 1337 2829 λογικόν
1365 2782 1422 2816 τε
1450 2767 1541 2819 καὶ
1578 2766 1768 2835 ἄλογον
1788 2786 1801 2799 ’
1848 2770 1990 2834 τινὲς

421 2849 478 2902 δὲ
509 2848 677 2902 πολλὰ
715 2851 970 2914 τοσαῦτα,
996 2854 1097 2906 ὅσα
1134 2854 1240 2906 τῶν
1269 2856 1422 2919 ζώων
1451 2856 1519 2909 τὰ
1557 2857 1671 2928 εἴδη
1695 2876 1708 2890 ⁸
1756 2859 1992 2929 μάλιστα

421 2939 479 2992 δὲ
505 2943 552 2993 οἱ
582 2941 692 2994 ἀπὸ
729 2943 1032 3007 Πλάτωνος,
1065 2944 1164 3008 τὰς
1195 2945 1294 3014 μὲν
1323 2945 1580 3017 θυμικάς,
1606 2949 1704 3013 τὰς
1743 2951 1800 3004 δὲ
1837 2951 1990 3022 ὀργί-

424 3029 546 3092 λους
575 3034 668 3085 κα)⁸
699 3034 1043 3103 ἀρπακτικὰς
1065 3035 1262 3105 ψυχὰς,
1295 3036 1476 3090 λύκων
1510 3041 1602 3092 καὶ
1631 3040 1857 3095 λεόντων
1887 3043 1992 3096 σώ-

427 3138 573 3192 ματα
601 3125 1134 3195 μεταμφιέννυσθαι·
1169 3127 1270 3192 τὰς
1311 3130 1368 3187 δὲ
1415 3132 1542 3196 περὶ
1569 3133 1668 3202 τὴν
1699 3134 1991 3190 ἀκολασίαν

423 3215 819 3319 ἠσχολημένας,
854 3218 990 3274 δνων
1032 3220 1126 3273 καὶ
1155 3219 1264 3273 τῶν
1296 3224 1550 3277 τοιούτων
1590 3225 1990 3296 ἀναλαμϐάνειν
2017 3261 2060 3319 C

425 3307 651 3377 σώματα
677 3326 691 3338 ο
745 3311 794 3361 οἱ
845 3310 943 3380 μὲν
983 3311 1184 3383 κυρίως
1212 3314 1447 3384 ἥκουσαν
1486 3316 1610 3378 τοὺς
1639 3315 1862 3380 λέοντας
1897 3320 1992 3373 καὶ

423 3400 546 3461 τοὺς
589 3399 784 3464 λύκους
817 3403 908 3454 καὶ⁸
939 3404 1065 3467 τοὺς
1107 3404 1291 3468 ὅνουςο
1337 3407 1387 3458 οἱ
1435 3406 1489 3459 δὲ
1527 3408 1802 3477 τροπικῶς
1828 3410 1991 3462 αὑτὸν

424 3491 700 3561 εἰρηκέναι
727 3491 1040 3561 διέγνωσαν,
1085 3495 1156 3548 τά
1197 3496 1300 3567 ήθη
1346 3496 1434 3549 διὰ
1469 3497 1575 3550 τῶν
1613 3498 1768 3563 ζώων
1794 3501 1992 3570 ἐμφαί-

423 3595 602 3633 νοντα.
627 3582 852 3653 Κρόνιος
883 3583 983 3652 μὲν
1011 3584 1120 3658 γὰρ
1149 3587 1206 3638 ἐν
1231 3586 1307 3653 τῷ
1334 3589 1818 3656 Παλιγτεγεσίας,
1847 3589 1992 3644 οὕτω

429 3672 526 3742 μὲν
553 3671 708 3726 καλεῖ
734 3673 830 3745 τὴν
861 3677 1369 3747 μετενσωμάτωσιν,
1395 3678 1617 3747 λογικὰς
1643 3681 1820 3744 πάσας
1853 3678 1991 3736 εἶναι

427 3762 674 3831 βούλεται
695 3783 710 3796 ’
740 3765 940 3836 ὁμοίως
967 3767 1024 3820 δὲ
1053 3768 1146 3821 καὶ
1179 3767 1452 3839 Θεόδωρος
1478 3771 1506 3822 ὁ
1540 3770 1904 3836 Πλατωνικὸς,
1934 3775 1994 3826 ἐν

423 3855 519 3926 τῷ,
541 3857 623 3910 ὅτι
655 3858 718 3912 Ἡ
741 3858 910 3927 ψυχὴ
940 3861 1132 3918 πάντα
1151 3861 1223 3913 τὰ
1242 3860 1374 3929 εἴδη
1395 3861 1548 3928 ἐστὶ,
1572 3865 1662 3916 καὶ
1686 3865 1992 3936 Πορφύριος

424 3950 624 4018 ὁμοίως
643 3967 656 3980 ·
709 3951 1010 4021 Ἰάμϐλιχός
1038 3952 1093 4006 δὲ
1119 3953 1216 4024 τὴν
1241 3955 1486 4008 ἐναντίαν
1511 3956 1720 4020 τούτοις
1746 3957 1988 4026 δραμὼν,

319 4057 326 4062 ·
423 4040 542 4091 κατ’
573 4036 711 4102 εἶδος
740 4039 910 4106 ζώων,
937 4042 1113 4114 ψυχῆς
1127 4040 1264 4106 εἶδος
1276 4039 1414 4097 εἶναι
1441 4045 1622 4114 λέγει·
1656 4047 1686 4116 ἢ
1715 4047 1806 4100 δύο
1835 4048 1987 4116 γοῦν,

423 4126 458 4196 ἢ
507 4127 754 4198 διάφορα.
786 4129 1093 4199 Γέγραπται
1125 4131 1254 4201 γοῦν
1299 4134 1446 4205 αὐτῷ
1493 4136 1825 4204 μονόῦιὸλον,
1875 4141 1991 4190 ἑπι-

423 4218 648 4288 γράφων
697 4219 777 4271 ὅτι
825 4223 944 4273 Οὐκ
992 4221 1312 4289 ἀνθρώπων
1348 4226 1435 4289 είς
1485 4223 1594 4283 ζῶα
1622 4265 1635 4286 ,
1697 4224 1838 4279 οὐδὲ
1873 4228 1992 4280 ἀπὸ

423 4309 580 4372 ζώων
610 4315 698 4378 εις
732 4313 1080 4383 ἀνθρώπους
1119 4319 1175 4368 αἱ
1203 4316 1758 4385 μετενσωματώσεις
1791 4322 1989 4387 γίνον-

422 4419 537 4468 ται,
575 4406 735 4460 ἀλλὰ
765 4405 883 4459 ἀπὸ
912 4404 1066 4466 ζώων
1093 4408 1180 4472 εις
1217 4405 1345 4472 ζῶα,
1382 4409 1478 4461 καί
1520 4409 1635 4462 ἀπὸ
1666 4409 1991 4478 ἀνθρώπων

421 4499 510 4564 είς
539 4496 906 4566 ἀνθρώπους.

423 4595 563 4650 libro
591 4594 685 4662 qui
722 4594 1061 4658 inscribitur,

2093 671 2287 722 l'orn'ta.
2311 668 2520 722 Etenim
2543 668 2716 722 donec
2741 667 2983 721 continet
3010 675 3056 720 et
3084 662 3431 732 constringit,
3460 674 3664 729 corpus

2091 775 2215 814 esse
2235 759 2467 814 dicitur:
2503 760 2738 813 solutum
2765 765 2942 811 autem
2967 754 3246 826 deperire:
3273 761 3326 806 et
3348 751 3527 805 vivere
3548 751 3664 819 qui-

2091 852 2212 906 dem
2247 853 2449 914 omnia,
2499 867 2606 904 non
2632 849 2816 902 omnia
2860 859 3039 901 tamen
3087 860 3209 900 esse
3236 842 3535 908 animalia;
3571 857 3663 895 ve-

2093 944 2359 998 rumenim
2391 946 2459 996 ab
2482 941 2736 994 inanimis
2762 939 3154 994 discernuntur
3174 949 3234 989 ea
3261 948 3381 1003 qua:
3399 930 3662 1001 stirpibus

2093 1036 2363 1098 nituntur,
2401 1032 2545 1102 quod
2573 1043 2893 1101 augeantur,
2932 1037 2988 1084 et
3024 1029 3263 1088 alantur,
3289 1025 3433 1095 quod
3473 1025 3529 1077 ﬁt
3561 1038 3662 1092 po-

2096 1136 2292 1182 testate
2321 1127 2604 1190 nutritiva,
2631 1132 2687 1180 et
2715 1122 2950 1178 naturali
2975 1161 2990 1186 ,
3019 1135 3182 1191 quam
3206 1125 3546 1189 vegetantem
3569 1129 3664 1168 vo-

2091 1205 2259 1274 cant':
2293 1220 2413 1273 aliae
2447 1233 2574 1273 vero
2613 1215 2922 1270 animantes
2959 1227 2989 1266 a
3027 1211 3296 1281 stirpibus
3324 1208 3665 1276 distinguun-

2091 1318 2182 1364 tur
2209 1325 2374 1365 sensu
2415 1326 2428 1363 :
2478 1309 2688 1363 ratione
2723 1306 2960 1376 denique
3013 1311 3230 1357 utentes
3277 1316 3307 1353 a
3359 1298 3541 1354 brutis
3575 1311 3662 1350 se-

2092 1411 2358 1472 parantur
2385 1400 2717 1456 rationabili.
2753 1397 2940 1466 Itaque
2967 1395 3149 1450 omnia
3182 1393 3365 1447 vivere
3393 1390 3660 1451 dicentes,

2091 1491 2358 1560 cujusque
2387 1498 2636 1543 naturam
2667 1487 2952 1542 dirimunt.
2983 1482 3254 1549 Quocirca
3287 1481 3470 1534 vivere
3497 1476 3660 1531 etiam

2092 1582 2282 1638 dicunt
2313 1581 2494 1634 omnia
2527 1579 2763 1632 inanima
2807 1577 2915 1630 vita
2954 1572 3220 1630 habituali
3245 1611 3260 1636 ,
3294 1580 3564 1640 quatenus
3594 1568 3662 1620 ab

2093 1671 2333 1728 universi
2378 1672 2559 1725 anima
2600 1673 2970 1734 continentur,
3013 1675 3074 1720 ut.
3113 1666 3224 1722 sint
3267 1663 3564 1721 duntaxat,
3609 1669 3664 1713 et

2093 1781 2202 1819 non
2231 1763 2618 1817 dissolvantur.
2663 1761 2816 1815 Hane
2857 1760 3044 1829 utique
3088 1759 3325 1811 animam
3373 1769 3498 1809 esse
3540 1766 3662 1822 quae

2094 1855 2347 1910 universa
2383 1852 2548 1922 regit,
2582 1859 2634 1906 et
2668 1849 3001 1912 moderatur,
3037 1863 3264 1917 quaeque
3300 1843 3662 1915 particulares

2090 1949 2300 2000 animas
2343 1947 2496 2014 prius
2534 1944 2602 1997 ab
2638 1942 2830 2013 opilice
2869 1955 3084 1996 summo
3131 1946 3344 1992 creatas
3376 1935 3658 1990 immittit:

2091 2038 2351 2092 nimirum
2379 2050 2502 2090 cum
2547 2035 2664 2106 ipse
2701 2033 2884 2103 opifex
2917 2029 3107 2085 mundi
3157 2029 3325 2083 etiam
3373 2028 3519 2096 leges
3559 2024 3663 2092 ipsi

2089 2129 2328 2192 dederit,
2368 2128 2521 2197 juxta
2572 2139 2708 2194 quas
2755 2125 2897 2178 hanc
2955 2120 3370 2176 universitatem
3422 2117 3662 2171 admini-

2091 2231 2265 2277 strare
2290 2225 2566 2287 oporteat,
2597 2231 2802 2286 easque
2835 2215 2982 2286 leges
3007 2212 3099 2267 fati
3131 2211 3350 2266 nomine
3383 2208 3620 2279 appellat
3647 2225 3660 2273 ;

2089 2313 2280 2368 eodem
2330 2309 2527 2380 opilice
2594 2308 2850 2360 virtutem
2893 2300 3276 2372 suppeditante
3310 2302 3558 2356 idoneam
3596 2300 3664 2352 ad

2091 2420 2193 2460 nos
2227 2400 2630 2474 gubernandos.
2670 2400 2941 2453 Caeterum
2986 2397 3054 2452 de
3078 2396 3164 2450 his
3191 2396 3303 2464 jam
3334 2394 3573 2449 diximus
3608 2395 3664 2444 in

2093 2496 2233 2550 libro
2270 2493 2350 2547 De
2376 2492 2508 2562 fato.
2527 2491 2700 2546 Porro
2725 2490 2965 2560 plerique
2984 2504 3175 2544 omnes
3196 2485 3368 2541 Graeci
3392 2527 3406 2550 ,
3433 2485 3524 2554 qui
3549 2483 3667 2537 ani-

2093 2599 2235 2640 mam
2277 2599 2400 2638 esse
2449 2581 2810 2635 immortalem
2853 2587 3143 2641 asserunt,
3173 2578 3294 2648 ejus
3331 2577 3386 2631 in
3418 2576 3519 2628 alia
3549 2589 3667 2628 cor-

2093 2691 2223 2745 pora
2250 2674 2624 2743 migrationem
2654 2671 2889 2734 docent,
2916 2669 3012 2724 sed
3038 2671 3188 2724 circa
3214 2668 3519 2723 animarum
3553 2681 3668 2734 spec

2092 2768 2206 2821 cies
2229 2766 2574 2835 discrepant;
2601 2762 2871 2833 siquidem
2894 2763 2984 2816 alii
3004 2777 3168 2816 unam
3191 2761 3427 2832 speciem
3454 2760 3666 2812 ratione

2093 2858 2372 2927 praeditam
2405 2862 2698 2920 asserunt,
2734 2855 2836 2906 hoc
2865 2869 2994 2907 vero
3025 2853 3193 2908 etiam
3232 2851 3300 2905 ad
3334 2851 3534 2918 stirpes
3557 2891 3570 2914 ,
3607 2857 3668 2903 et

2093 2950 2160 3000 ad
2190 2948 2474 3002 brutorum
2507 2960 2740 3016 corpora
2772 2945 3009 2999 transire
3039 2945 3212 2997 aiunt.
3249 2943 3354 2998 Sed
3383 2943 3528 2996 enim
3565 2941 3658 2994 alii

2093 3058 2189 3112 per
2217 3049 2397 3096 certos
2423 3039 2688 3110 quosdam
2722 3054 2986 3092 annorum
3019 3036 3283 3091 circuitus
3312 3033 3364 3089 id
3393 3033 3507 3088 ﬁeri
3538 3050 3666 3088 ceni-

2093 3143 2252 3200 sent;
2309 3132 2401 3186 alii
2447 3141 2506 3184 ut
2551 3147 2639 3185 res
2685 3129 2787 3184 fert
2819 3143 3147 3199 quocunque
3183 3127 3366 3181 modo.
3405 3124 3664 3178 Nonnulli

2094 3242 2200 3280 non
2250 3240 2412 3278 unam
2457 3232 2667 3276 tantum
2711 3222 2948 3291 speciem
2990 3222 3330 3285 animarum,
3385 3219 3479 3273 sed
3531 3218 3688 3271 duas.

2096 3324 2370 3378 statuunt,
2419 3313 2644 3367 rationis
2701 3313 3052 3382 participem,
3099 3319 3153 3365 et
3197 3310 3314 3380 ejus
3362 3316 3662 3378 expertem.

2094 3407 2323 3473 Quidam
2355 3407 2553 3459 Inultas
2574 3448 2588 3469 ,
2613 3415 2666 3459 et
2698 3412 2776 3456 tot
2807 3417 3035 3456 numero
3069 3408 3347 3463 statuunt,
3376 3406 3510 3469 quot
3539 3408 3668 3452 sunt

2095 3499 2411 3552 animalium
2445 3512 2661 3566 genera.
2705 3494 2936 3548 Maxime
2964 3509 3093 3547 vero
3126 3490 3392 3546 Platonici
3421 3489 3554 3543 alias
3590 3487 3669 3541 fu-

2099 3591 2310 3650 riosas,
2356 3589 2492 3642 alias
2529 3588 2854 3650 iracundas,
2888 3591 2947 3638 et
2993 3597 3216 3652 rapaces
3258 3580 3471 3634 animas
3514 3580 3671 3648 lupo-

2099 3698 2218 3736 rum
2261 3690 2316 3736 et
2355 3681 2570 3734 leonum
2613 3691 2840 3747 corpora
2882 3675 3069 3730 subire
3109 3680 3336 3743 putant:
3379 3671 3502 3726 illas
3539 3683 3682 3724 vero-

2098 3789 2218 3842 quae
2250 3770 2658 3826 incontinentiae
2687 3778 2740 3823 et
2771 3767 3000 3822 luxuria:
3040 3765 3310 3820 dederunt
3355 3778 3444 3828 se,
3493 3761 3668 3816 asino-

2097 3882 2216 3919 rum
2276 3875 2331 3919 et
2382 3863 2649 3932 ejusmodi
2704 3862 3008 3915 belluarum
3067 3873 3299 3928 corpora
3352 3869 3666 3914 assumere.

2096 3957 2242 4028 quod
2275 3958 2489 4025 proprie
2519 3954 2738 4023 quidam
2775 3959 3105 4021 acceperunt
3149 3951 3215 4004 de
3261 3949 3544 4014 leonibus,
3595 3947 3682 3998 Iu--

2097 4051 2214 4118 pis,
2251 4062 2302 4102 et
2331 4049 2544 4102 asinis:
2593 4048 2684 4100 alii
2725 4047 2957 4116 ﬁgurate
2995 4045 3099 4098 hoc
3135 4042 3342 4096 dictum
3385 4056 3506 4095 esse
3551 4054 3668 4108 per-

2098 4147 2419 4210 spexerunt.
2465 4147 2521 4191 ut
2575 4152 2756 4191 mores
2798 4152 2894 4205 per
2937 4135 3192 4188 animalia
3242 4131 3665 4201 judicarentur:

2097 4231 2296 4285 etenim
2329 4229 2565 4284 Cronius
2613 4231 2666 4282 in
2705 4230 3104 4282 conunentario
3147 4227 3219 4279 De
3260 4223 3669 4294 Palingenesia,

2063 4323 2174 4376 'ita
2211 4322 2585 4390 migrationem
2623 4321 2928 4374 animarum
2965 4321 3020 4373 in
3059 4320 3162 4372 alia
3193 4333 3423 4386 corpora
3459 4329 3668 4369 nuncu-

2099 4425 2217 4483 pat,
2281 4429 2474 4467 omnes
2529 4415 2739 4467 animas
2801 4414 3008 4467 ratione
3064 4411 3318 4481 praeditas
3361 4423 3481 4464 esse
3531 4408 3666 4462 vult.

2098 4507 2156 4560 In
2208 4506 2396 4560 eadem
2445 4507 2713 4560 sententia
2758 4515 2842 4560 est
2889 4503 3210 4560 Theodorus
3253 4501 3570 4555 Platonicus
3613 4499 3669 4552 in

1144 4594 1297 4659 Quod
1345 4591 1534 4648 anima’
1579 4597 1647 4649 sit
1731 4614 1910 4652 omnes
1955 4603 2170 4670 species.
2235 4601 2572 4672 Porphyrius
2609 4601 2773 4654 etiam
2805 4599 2943 4654 idem
2977 4599 3166 4653 sentit.
3210 4596 3514 4650 Jamblicus
3538 4606 3668 4645 vero

421 4683 754 4739 contrarium
785 4685 867 4739 bis
905 4686 1009 4738 iter
1038 4684 1306 4750 instituit,
1353 4692 1409 4738 et
1443 4685 1599 4753 juxta
1639 4687 1876 4754 speciem
1954 4690 2270 4742 animalium
2362 4691 2565 4742 animae
2641 4688 2870 4742 formam
2927 4703 3051 4741 esse
3102 4687 3277 4740 dicit:
3327 4697 3519 4753 nempe
3576 4689 3670 4734 aut

420 4775 585 4838 duas,
631 4783 726 4829 aut
756 4775 999 4830 diversas
1034 4775 1243 4845 species
1280 4776 1545 4844 agnoscit.
1603 4776 1874 4846 Scriptum
1919 4781 2103 4850 utique
2145 4782 2211 4833 ab
2254 4782 2374 4848 ipso
2413 4789 2496 4834 est
2549 4779 2920 4831 monobiblum
2981 4777 3139 4844 cuius
3195 4775 3479 4844 inscriptio
3552 4774 3670 4826 haec

421 4877 533 4932 est,
583 4865 704 4920 Non
736 4868 1004 4920 hominum
1040 4868 1093 4920 in
1124 4867 1310 4933 bruta,
1341 4883 1502 4936 neque
1530 4869 1807 4924 brutorum
1837 4872 1892 4925 in
1923 4872 2156 4928 homines
2198 4873 2536 4944 migrationes
2613 4871 2730 4938 fieri
2757 4911 2770 4934 ,
2816 4871 2904 4922 sed
2944 4887 2975 4922 a
3018 4869 3186 4922 brutis
3265 4864 3332 4918 ad
3375 4867 3528 4918 bruta
3553 4904 3566 4926 ,
3618 4873 3668 4916 et

422 4962 487 5012 ab
532 4961 828 5015 hominibus
875 4963 943 5014 ad
979 4961 1232 5014 homines.

492 5052 601 5107 Καί
648 5069 736 5122 μοι
779 5053 925 5105 δοκεῖ
976 5050 1174 5120 μᾶλλον
1213 5042 1365 5112 οὗτος
1398 5049 1559 5104 ἓνεκα
1596 5051 1782 5104 τούτου
1816 5051 1990 5116 καλῶς

2170 5051 2245 5103 Ae
2297 5049 2427 5103 mihi
2483 5049 2700 5118 quidem
2747 5046 2960 5101 videtur
3008 5047 3116 5114 hic,
3171 5046 3337 5118 hujus
3388 5048 3672 5103 sententia:

421 5143 865 5214 κατεστοχάσθαι,
896 5143 972 5214 μὴ
994 5144 1152 5212 μόνον
1180 5143 1276 5211 τῆς
1309 5142 1403 5195 τοῦ
1432 5143 1713 5206 Πλάτωνος
1742 5143 1986 5214 γνώμης,

419 5236 553 5290 ἀλλά
599 5235 694 5288 καὶ
728 5235 824 5304 τῆς
857 5234 1111 5304 ἀληθείας
1161 5235 1364 5304 αὐτῆς,
1409 5235 1483 5297 ὡς
1508 5234 1653 5287 ἐστιν
1682 5236 1746 5287 ἐκ
1781 5234 1989 5287 πολλῶν

421 5329 513 5381 καὶ
542 5327 715 5382 ἄλλων
742 5325 1039 5391 ἐπιδεῖξαι,
1095 5326 1326 5396 μάλιστα
1367 5326 1424 5378 δὲ
1472 5327 1536 5378 ὲκ
1579 5326 1803 5380 τούτων.
1857 5327 1990 5380 Οὐδὲ

419 5422 526 5489 γὰρ
578 5419 704 5490 μίαν
739 5420 848 5470 τῶν
895 5419 1125 5486 λογικῶν
1171 5420 1435 5489 κινήσεων
1479 5420 1833 5489 ὲμξαένεσθαι
1876 5422 1989 5482 τοῖς

419 5510 630 5578 ἀλόγοις
671 5509 779 5562 τῶν
824 5508 997 5574 ζώων.
1051 5509 1186 5563 Οὔτε
1236 5510 1343 5580 γὰρ
1393 5509 1597 5580 τέχναι,
1645 5510 1765 5563 οὔτε
1816 5511 1990 5580 μαθή-

423 5618 588 5670 ματα,
618 5601 739 5652 οὔτε
772 5599 978 5668 βουλαὶ,
1021 5599 1144 5654 οὔτε
1190 5602 1400 5671 ἀρεταὶ.
1446 5599 1567 5654 οὔτε
1620 5599 1747 5653 ἄλλο
1789 5618 1840 5652 τι
1880 5601 1988 5653 τῶν

417 5691 770 5757 διανοητικῶν
804 5695 861 5744 ἐν
909 5691 1090 5755 αὐτοῖς
1139 5694 1312 5745 ὲστιν·
1368 5693 1426 5760 ἐξ
1471 5687 1544 5746 ὧν
1591 5692 1768 5763 δῆλον,
1807 5692 1883 5755 ὡς
1927 5695 1988 5746 οὐ

424 5785 640 5853 μέτεστι
666 5785 883 5855 λογικῆς
902 5785 1090 5855 ψυχῆς,
1107 5785 1305 5848 αὐτοῖς.
1332 5787 1440 5838 Καὶ
1463 5788 1568 5857 γὰρ
1589 5787 1786 5840 ἄτοπον
1811 5787 1988 5855 λέγειν

421 5876 494 5930 τὰ.
518 5876 686 5943 ἄλογα
714 5877 904 5945 λογικὰ
923 5893 936 5908 ’
988 5881 1034 5930 εἰ
1065 5878 1169 5950 γάρ
1198 5880 1288 5932 καὶ
1333 5878 1528 5949 κομιδῆ
1558 5879 1698 5942 νέοις
1729 5877 1845 5934 οὖσι
1878 5882 1988 5941 τοῖς

2093 5146 2290 5216 gratia,
2334 5144 2592 5214 praiclare
2627 5156 2735 5194 non
2771 5139 3014 5192 Platonis
3055 5147 3262 5194 tantum
3296 5147 3531 5196 mentem
3577 5156 3670 5196 as-

2096 5244 2341 5300 secutus,
2377 5234 2471 5288 sed
2501 5240 2555 5286 et
2586 5231 2652 5284 ad
2684 5231 2934 5284 veritatis
2970 5230 3147 5300 ipsius
3177 5230 3359 5285 cubile
3389 5233 3673 5301 pervenis-

2093 5344 2173 5391 se,
2205 5339 2263 5381 ut
2293 5343 2358 5382 ex
2407 5325 2598 5380 multis
2631 5338 2852 5394 quoque
2885 5321 3009 5377 aliis
3048 5322 3338 5377 ostendere
3377 5322 3542 5376 licet:
3574 5323 3672 5378 sed

2093 5435 2158 5474 ex
2201 5420 2285 5473 his
2334 5419 2707 5487 potissimum.
2745 5414 2930 5482 Neque
2979 5415 3123 5467 enim
3173 5413 3339 5467 ullam
3382 5421 3594 5467 tantum
3641 5431 3673 5467 e

2095 5511 2428 5565 motionibus
2484 5508 2909 5562 rationabilibus
2979 5507 3032 5559 in
3096 5505 3278 5559 brutis
3338 5505 3669 5558 animalibus

2095 5619 2378 5674 apparere,
2436 5619 2612 5673 neque
2661 5609 2828 5667 artes,
2873 5617 3050 5671 neque
3089 5599 3436 5669 disciplinas,
3489 5611 3670 5664 neque

2095 5695 2345 5759 consilia,
2391 5711 2569 5765 neque
2607 5694 2863 5759 virtutes,
2899 5709 3076 5763 neque
3122 5693 3290 5746 alium
3335 5703 3665 5760 quemquam

2097 5787 2337 5842 habitum
2368 5788 2424 5842 in
2455 5787 2819 5858 intelligentia
2860 5788 3123 5858 positum,
3162 5786 3214 5840 in
3249 5784 3360 5840 illis
3393 5798 3517 5839 esse
3536 5797 3669 5836 con-

2097 5885 2246 5937 stat:
2279 5895 2346 5934 ex
2372 5881 2573 5949 quibus
2609 5878 2963 5936 manifestum
2999 5887 3103 5945 est,
3145 5877 3348 5933 nullam
3379 5894 3500 5930 cum
3535 5875 3669 5945 ipsis
