4166 6372
508 419 611 477 Ἧι

1750 406 1807 460 S.
1845 401 2170 459 GREGOMI
2209 399 2497 454 NYSSEVI

3658 389 3766 446 212

521 533 712 586 anima:
731 526 1012 581 rationalis
1031 525 1350 595 particulam
1369 523 1852 587 couuuuuicatam,
1877 521 2080 576 etenim

2197 515 2444 587 βρέφεσιν
2488 515 2520 585 ἡ
2565 513 2755 582 ἄλογος
2809 512 2941 584 μόνη
2993 512 3205 582 κίνησις
3257 508 3583 580 πρόσεστιν,
3629 504 3767 562 ἀλλά

521 621 822 677 absurdum
869 627 957 672 est
995 618 1180 670 dicere
1228 617 1385 668 bruta
1442 615 1652 668 ratione
1689 615 1764 666 uti
1801 632 1814 669 :
1848 628 1972 667 nam
2010 623 2093 665 ta-

522 714 679 768 metsi
719 726 910 765 recens
941 708 1234 764 admodum
1281 705 1426 761 nalis
1464 711 1579 760 sola
1614 706 1782 759 motio
1816 705 1971 758 brma
2017 705 2093 757 in-

519 806 610 865 sit,
645 803 1000 857 nihilominus
1038 801 1219 854 anima
1258 800 1510 852 rationali
1553 797 1809 867 praeditos
1847 812 1969 851 esse
2003 795 2092 848 di-

518 897 740 958 cimus,
799 892 1240 962 quandoquidem
1290 890 1418 942 dum
1488 889 1806 942 adolescunt
1862 885 2092 940 rationis

524 1001 682 1040 usum
722 984 998 1054 produnt:
1029 990 1084 1036 at
1119 996 1248 1035 vero
1277 980 1496 1034 brutum
1533 979 1682 1032 nullo
1712 977 1870 1046 plane
1902 977 2092 1029 habitu

521 1078 632 1132 vim
657 1075 887 1130 rationis
926 1074 1187 1129 ostendit.
1215 1071 1396 1137 Quare
1430 1084 1825 1140 supervacuam
1868 1068 2095 1121 habuis-

524 1179 609 1226 set
637 1171 958 1224 rationalem
1005 1167 1264 1227 animam,
1296 1179 1420 1218 cum
1452 1161 1816 1216 ratiocinandi
1862 1159 2093 1213 facultas

523 1265 731 1332 absque
771 1261 882 1314 ullo
913 1273 1013 1313 usu
1052 1258 1233 1311 futura
1257 1263 1402 1309 esset
1431 1273 1444 1308 :
1479 1254 1682 1308 etenim
1727 1252 1861 1306 nihil
1895 1266 2093 1320 super-

526 1363 821 1401 vacaneum
855 1361 885 1398 a
918 1348 1025 1399 Deo
1055 1343 1335 1399 conditum
1368 1357 1511 1405 esse,
1541 1357 1650 1395 uno
1675 1343 1919 1395 omnium
1955 1355 2092 1395 con-

526 1455 690 1494 sensu
726 1445 960 1492 constat.
1013 1433 1168 1500 Quod
1219 1449 1339 1490 cum
1373 1434 1448 1486 ita
1498 1449 1556 1487 se
1599 1433 1812 1494 habeat,
1855 1433 2094 1484 inaniter

522 1536 579 1582 et
610 1527 813 1582 frustra
847 1525 1134 1580 rationalis
1180 1524 1362 1577 anima
1405 1522 1600 1577 belluis
1653 1529 1712 1574 et'
1740 1522 1914 1575 brutis
1949 1527 2095 1574 esset

528 1617 720 1678 indita,
766 1631 890 1670 cum
925 1629 1204 1684 nunquam
1254 1628 1454 1667 munus
1488 1623 1710 1682 etopus
1753 1627 1912 1666 suum
1960 1612 2094 1664 iudi-

523 1724 653 1764 care
692 1718 875 1778 posset
908 1727 920 1762 :
953 1707 1254 1778 quinetiam
1291 1707 1425 1758 vitio
1457 1714 1756 1759 verteretur
1785 1706 1832 1758 ei
1866 1705 1956 1774 qui
1990 1704 2089 1756 de-

520 1799 696 1855 disset
739 1798 977 1851 animam
1009 1798 1223 1865 corpori
1261 1796 1482 1848 minime
1525 1809 1824 1863 congruam
1859 1812 1871 1847 :
1910 1808 2085 1862 neque

2190 609 2367 680 ψυχὴν
2387 607 2610 676 λογικήν
2642 622 2816 675 φαμεν
2845 604 2987 676 ἔχειν
3015 604 3183 659 αὐτά·
3215 600 3511 670 ἐπειδήπερ
3541 597 3766 663 αὐξανό-

2195 718 2330 771 μενα
2363 704 2458 752 καὶ
2487 698 2583 768 τὴν
2613 697 2832 767 λογικὴν
2871 696 3242 750 ἀναδείκνυσιν
3271 693 3572 762 ἐνέργειαν.
3610 688 3682 741 Τὸ
3706 687 3764 740 δὲ

2192 791 2382 858 ἄλογον
2426 791 2545 842 κατ’
2597 788 2852 857 οὐδεμίαν
2916 785 3029 850 ἓξιν
3082 787 3344 856 ἐμφαῖνον
3400 782 3460 835 τὸ
3511 780 3763 850 λογικὸν,

2194 879 2460 950 περιττῶς
2488 877 2695 947 ἀνέσχε
2715 877 2935 948 λογικὴν
2964 876 3160 948 ψυχὴν,
3190 877 3460 948 ἀχρήστου
3489 872 3764 934 παντελῶς

2198 971 2497 1043 μελλούσης
2529 971 2744 1024 ἔσεσθαι
2773 971 2870 1041 τῆς
2915 971 3138 1039 λογικῆς
3165 969 3445 1036 δυνάμεως
3471 983 3482 995 ·
3533 967 3624 1019 καὶ
3655 965 3766 1037 γάρ

2193 1065 2344 1118 οὐδὲν
2396 1065 2647 1134 περιττὸν
2714 1063 2866 1134 παρὰ
2915 1060 3010 1114 τοῦ
3062 1060 3196 1113 Θεοῦ
3248 1057 3575 1128 γεγενῆσθαι
3625 1074 3762 1126 συμ-

2195 1156 2387 1226 φώνως
2430 1157 2564 1208 πᾶσι
2603 1154 3064 1226 συνωμολόγηται.
3101 1153 3164 1206 Ei
3197 1152 3254 1205 δὲ
3282 1151 3459 1214 τοῦτο,
3497 1149 3765 1220 περιττῶς

2195 1248 2261 1302 ἂν
2289 1249 2322 1318 ἡ
2353 1247 2544 1318 λογικὴ
2579 1245 2727 1316 ψυχὴ
2758 1248 2869 1310 τοῖς
2903 1246 3126 1316 κτήνεσι
3169 1245 3261 1296 καὶ
3292 1246 3404 1306 τοῖς
3433 1243 3642 1313 Θηρίοις
3675 1242 3765 1308 ἐγ-

2195 1339 2585 1401 κατεὸάλλετο,
2635 1338 2898 1409 μηδέποτε
2943 1336 3213 1407 δυναμένη
3258 1335 3320 1388 τὺ
3371 1334 3569 1404 ἑαυτῆς
3608 1333 3767 1404 ἔργον

2196 1431 2559 1498 ἐπιδείξασθαι
2587 1446 2600 1460 ’
2654 1431 2747 1484 καὶ
2787 1426 2855 1501 ἦν
2896 1431 2960 1483 ἂν
2991 1428 3240 1498 ἔγκλημα
3268 1427 3362 1480 τοῦ
3390 1427 3569 1488 δόντος
3597 1427 3766 1495 ἀνάρ-

2199 1541 2392 1594 μοστον
2437 1522 2614 1594 ψυχὴν
2660 1522 2740 1592 τῷ
2787 1521 3020 1591 σώματι.
3086 1519 3223 1572 Οΰτε
3277 1520 3385 1589 γὰρ
3433 1518 3674 1588 τεχνίτου
3706 1516 3768 1568 τὸ

2195 1616 2374 1686 ἔργον,
2403 1614 2525 1667 οὔτε
2557 1613 2708 1680 τάξιν
2728 1613 2760 1683 ἢ
2783 1613 3047 1684 ἁρμονίαν
3079 1611 3301 1673 εἰδότος.
3331 1609 3393 1662 Εἰ
3419 1610 3478 1662 δέ
3511 1627 3591 1673 τις
3618 1610 3765 1676 λέγει

2195 1707 2460 1760 κινεῖσθαι
2496 1706 2594 1777 μὲν
2621 1706 2761 1759 κατά
2789 1705 3026 1758 διάθεσιν
3054 1702 3284 1771 λογικῶς
3325 1701 3391 1755 τὰ
3419 1701 3553 1765 ζῶα,
3583 1699 3679 1771 τὴν
3706 1699 3764 1752 δὲ

2195 1799 2480 1852 διάπλασιν
2530 1797 2707 1851 αὐτῶν
2757 1798 3100 1851 ἀνεπίδεκτον
3147 1791 3283 1848 εἷναι
3327 1793 3582 1863 τεχνικῆς
3625 1791 3765 1861 πρά-

523 1892 668 1946 enim
705 1889 931 1944 artificis
975 1904 1136 1957 opus,
1187 1903 1362 1956 neque
1405 1886 1524 1956 ejus
1571 1889 1663 1955 Qui
1707 1886 1972 1948 ordinem,
2000 1895 2094 1937 aut

2197 1892 2347 1956 ξεως,
2390 1889 2744 1959 πιστούμενος
2782 1889 2874 1940 τὸν
2916 1888 3071 1954 λόγον
3119 1885 3225 1939 ἀπὸ
3265 1883 3372 1936 τῶν
3420 1881 3719 1952 ἀνθρώπων
3746 1896 3759 1909 ·

521 1993 853 2036 concentum
907 1982 1075 2048 probe
1132 1988 1341 2033 nosset.
1403 1978 1558 2044 Quod
1615 1979 1661 2032 si
1710 1978 1846 2046 quis
1894 1978 2094 2031 dixi-rit

525 2074 782 2126 animalia
825 2072 1031 2125 moveri
1066 2070 1360 2140 dispositu,
1393 2074 1447 2126 et
1499 2071 1694 2122 all'ectu
1741 2070 1974 2138 (prodam
2007 2084 2094 2122 ra-

525 2165 666 2218 tioni
695 2164 1042 2234 congruenti,
1074 2165 1169 2218 sed
1205 2164 1521 2232 figmentum
1561 2161 1812 2230 corporis
1843 2176 2013 2230 capax
2040 2161 2092 2214 in

526 2257 665 2326 ipsis
715 2257 1034 2324 neutiquam
1084 2271 1209 2310 esse
1260 2254 1573 2309 artiﬁciosae
1620 2254 1854 2307 actionis
1890 2253 2095 2322 :idque

527 2348 785 2416 probaret
821 2349 1032 2401 ratione
1064 2348 1133 2400 ab
1164 2347 1476 2401 hominibus
1507 2345 1667 2399 ducta
1701 2363 1715 2399 :
1749 2345 1949 2414 quippe
1969 2360 2094 2398 cum

523 2439 767 2493 concisis
825 2446 1038 2492 tantum
1095 2438 1281 2508 digitis
1329 2454 1588 2491 manuum
1631 2439 1898 2507 pleraeque
1947 2451 2094 2491 artes

529 2529 807 2598 perirent;
864 2530 1088 2585 minime
1147 2530 1308 2585 solvit
1364 2529 1509 2599 quod
1555 2530 1844 2599 quaesitum
1879 2528 2087 2581 estzsi—

529 2619 753 2689 quidem
783 2626 1027 2674 remanet
1061 2618 1239 2672 adlme
1263 2618 1404 2673 idem
1432 2617 1751 2684 absurdum,
1775 2617 1919 2687 quod
1953 2615 2094 2671 Deus

527 2711 771 2763 animam
815 2710 1040 2764 minime
1073 2724 1372 2779 congruam
1413 2710 1628 2779 corpori
1661 2712 2090 2764 conuexuisset:

527 2799 626 2854 sed
657 2799 1013 2868 superfluam,
1043 2800 1290 2854 inutilem
1322 2806 1486 2869 atque
1523 2797 1853 2854 inellicacem
1873 2838 1886 2861 ,
1926 2797 2097 2866 siqui-

525 2891 650 2945 dem
683 2907 779 2960 per
824 2906 1043 2945 omnem
1094 2899 1306 2944 aetatem
1355 2889 1744 2960 impedimento
1791 2889 1924 2959 ipsis
1952 2897 2098 2944 esset

526 2983 595 3036 ad
648 2999 747 3038 sua
787 2984 974 3037 munia
1014 3001 1028 3038 :
1064 2991 1424 3053 praeterquam
1472 2981 1616 3050 quod
1664 2988 1942 3050 comparet
1991 2979 2096 3049 ipsi

527 3074 796 3128 rationem
841 3089 906 3128 ex
951 3074 1150 3143 ignotis
1187 3082 1241 3127 et
1285 3087 1392 3126 non
1421 3071 1719 3126 concessis.
1756 3069 1911 3125 Unde
1950 3072 2095 3125 enim

527 3165 662 3218 illud
708 3164 1113 3235 depromptum,
1166 3180 1234 3218 ex
1281 3163 1645 3233 dispositione
1685 3161 1849 3216 bruta
1888 3159 2094 3215 moveri

526 3257 888 3312 conveniente
924 3256 1172 3310 ratione?
1204 3256 1398 3309 melius
1431 3255 1574 3310 enim
1608 3263 1753 3309 esset
1781 3255 2096 3310 existimare

527 3360 822 3416 congruam
851 3346 1050 3415 cuique
1078 3344 1293 3415 corpori
1324 3345 1562 3398 animam
1606 3359 1910 3399 conuexam
1953 3359 2096 3408 esse,

525 3454 592 3493 ac
627 3439 762 3493 nihil
799 3438 1031 3506 amplius
1064 3437 1262 3491 habere
1290 3452 1354 3490 ex
1394 3437 1753 3506 dispositione
1796 3438 2100 3507 aliectuque

525 3528 807 3588 animalia,
839 3542 999 3595 quam
1048 3526 1453 3595 simplicitatem
1503 3529 1806 3582 naturalem
1855 3529 1911 3583 in
1956 3530 2098 3597 ipso-

529 3635 651 3673 rum
701 3618 958 3687 operibus
1006 3628 1379 3686 apparentem.
1426 3617 1560 3670 Nam
1612 3619 1824 3687 species
1871 3634 2099 3688 quaeque

528 3711 813 3765 brutorum
847 3709 1147 3764 secundum
1179 3708 1597 3778 propensionem
1631 3694 1784 3763 suam
1829 3710 1894 3763 ad
1934 3723 2097 3779 quam

527 3815 558 3854 a
590 3800 861 3869 principio
903 3799 1044 3854 facta
1077 3807 1182 3863 est,
1227 3809 1498 3862 movetur,
1533 3789 1587 3853 et
1619 3816 1801 3865 usmn,
1827 3809 1881 3854 et
1925 3802 2098 3855 aetio-

529 3907 675 3951 nem,
726 3906 790 3944 ac
829 3899 1094 3962 praeterea
1135 3891 1552 3962 dispositionem
1604 3899 1785 3960 aptam
1838 3892 2096 3946 obtinuit.

529 3978 965 4050 Haudquaquam
994 3988 1144 4035 certe
1176 3979 1367 4053 Opifex
1387 3983 1493 4036 ista
1525 3982 1729 4038 auxilio
1753 3983 1898 4034 omni
1925 3982 2098 4036 desli-

529 4081 645 4124 tuta
694 4073 914 4142 reliquit
955 4088 1189 4126 :verum
1240 4073 1534 4140 unicuique
1593 4074 1934 4138 naturalem,
1989 4089 2098 4127 non

528 4165 848 4219 rationalem
905 4166 1181 4221 solertiam
1231 4166 1510 4221 inseruit:
1545 4167 1872 4236 quibusdam
1932 4169 2097 4222 etiam

527 4256 880 4311 calliditatem
944 4263 998 4311 et
1059 4259 1314 4312 astutiam
1369 4258 1585 4322 indidit,
1647 4269 1906 4327 tanquam
1964 4261 2100 4314 artis

531 4346 821 4417 imaginem
861 4356 915 4401 et
945 4348 1437 4412 umbram,duabus
1478 4350 1597 4406 istis
1634 4350 1701 4404 de
1741 4351 1946 4412 causis,
1986 4363 2097 4405 tum

528 4439 596 4492 ad
653 4449 908 4509 urgentes
954 4441 1178 4494 insidias
1220 4440 1596 4504 declinandas,
1654 4449 1708 4497 et
1753 4442 1820 4495 ad
1886 4442 2098 4498 futuras

2194 1980 2649 2051 περιαιρεθέντων
2663 1978 2770 2049 γάρ
2801 1977 2957 2048 μόνον
2976 1976 3081 2028 τῶν
3096 1973 3370 2029 δακτύλων
3390 1973 3496 2026 ἀπὸ
3524 1970 3630 2025 τῶν
3655 1987 3763 2041 χει-

2197 2073 2326 2142 ρῶν,
2359 2070 2745 2134 τάς¹πλείστας
2773 2070 2967 2139 τέχνας
3014 2064 3460 2137 παραπόλλυσθαι
3487 2081 3500 2095 ·
3547 2064 3607 2115 ού
3648 2061 3764 2114 λύει

2192 2165 2253 2217 τὸ
2281 2162 2631 2233 ζητούμενον.
2681 2162 2845 2216 Μένει
2875 2161 2982 2232 γὰρ
3016 2159 3096 2212 ἔτι
3126 2159 3186 2212 τὸ
3231 2159 3360 2211 αὐτὸ
3411 2157 3640 2217 ἄτοπον,
3689 2153 3765 2218 ὡς

2194 2255 2287 2310 τοῦ
2316 2254 2449 2308 Θεοῦ
2486 2254 2560 2325 μὴ
2589 2255 2894 2325 πρόσφορον
2921 2252 3097 2324 ψυχὴν
3132 2251 3528 2322 ἐναρμόσαντος
3559 2246 3636 2318 τῷ
3661 2246 3765 2298 σώ-

2199 2365 2348 2419 ματι,
2381 2346 2518 2401 ἀλλά
2547 2345 2799 2416 περιττὴν
2829 2346 2920 2397 καὶ
2951 2345 3205 2414 ἀνόνητον
3233 2344 3328 2397 καὶ
3373 2340 3754 2412 ἀνενέργητον,

2195 2439 2623 2509 ἐμποδιζομένην
2644 2439 2730 2492 διὰ
2751 2437 2930 2507 πάσης
2957 2439 3056 2508 τῆς
3085 2437 3296 2508 ἡλικίας
3325 2434 3523 2496 αὐτῶν,
3555 2438 3633 2496 εἰς
3665 2431 3766 2493 τὰς

2195 2531 2403 2594 οἰκείας
2426 2530 2723 2600 ἐνεργείας.
2751 2529 2885 2596 πρὸς
2906 2528 2966 2581 τὸ
2994 2527 3088 2581 καὶ
3116 2527 3204 2580 τὸν
3224 2526 3376 2594 λόγον
3406 2527 3572 2598 αὐτῆς
3596 2544 3762 2580 καταη

2198 2623 2480 2687 σκευάζειν
2513 2623 2571 2686 ἐξ
2615 2621 2822 2692 ἀδήλων
2870 2622 2966 2673 καὶ
3000 2621 3097 2689 οὐχ
3141 2619 3602 2690 ὁμολογουμένων.
3654 2618 3758 2672 Πό-

2197 2714 2286 2768 θεν
2332 2714 2439 2784 γάρ
2495 2715 2576 2766 ὃτι
2645 2711 2787 2766 κατὰ
2849 2711 3087 2766 διάθεσιν
3143 2710 3373 2779 λογικῶς
3421 2712 3648 2763 κινεῖται
3695 2710 3766 2764 τὰ

2198 2807 2340 2874 ζῶα;
2377 2807 2590 2860 Βέλτιον
2633 2805 2740 2877 γάρ
2779 2805 3085 2876 πρόσφορον
3121 2803 3372 2875 ἡγεῖσθαι
3405 2803 3617 2872 ἑκάστῳ
3659 2801 3764 2854 σώ-

2202 2915 2330 2967 ματι
2376 2896 2552 2967 ψυχὴν
2606 2895 2977 2967 ἐνηρμόσθαι,
3028 2896 3120 2949 καὶ
3171 2895 3334 2966 μηδὲν
3402 2894 3543 2964 ἔχειν
3608 2893 3767 2946 πλέον

2197 2988 2337 3041 κατά
2379 2988 2614 3042 διάθεσιν
2662 2987 2732 3040 τὰ
2783 2985 2896 3050 ζῶα
2941 2987 3040 3056 τῆς
3083 2985 3474 3056 ἐκφαινομένης
3520 2987 3630 3046 τοῖς
3675 2985 3766 3053 ἐρ-

2196 3099 2314 3151 γοις
2357 3081 2536 3136 αὐτῶν
2568 3081 2802 3151 φυσικῆς
2847 3078 3165 3148 ἁπλότητος.
3214 3077 3480 3130 ’Έκαστον
3532 3076 3640 3146 γὰρ
3687 3071 3767 3127 εἷ-

2195 3175 2284 3238 δος
2323 3175 2430 3228 τῶν
2470 3173 2677 3242 ἀλόγων
2719 3172 2840 3225 κατ’
2877 3169 3082 3223 οἰκείαν
3126 3169 3300 3240 ὁρμὴν
3336 3170 3583 3231 κινεῖται,
3634 3166 3770 3237 πρὸς

2200 3269 2266 3338 ἢν
2292 3265 2514 3335 γέγονεν
2540 3266 2598 3332 ἐξ
2642 3265 2836 3335 ἀρχῆς,
2881 3262 3069 3333 χρείαν
3098 3278 3156 3314 τε
3204 3262 3296 3314 καὶ
3344 3261 3639 3331 ἐνέργειαν,
3673 3259 3768 3312 καὶ

2200 3359 2338 3426 πρὸς
2384 3355 2558 3410 ταῦτα
2617 3355 2712 3408 καὶ
2774 3355 2873 3424 τὴν
2928 3353 3168 3406 διάθεσιν
3229 3351 3535 3422 ἐπιτηδείαν
3589 3349 3765 3420 ἔσχεν.

2201 3451 2274 3503 Οὺ
2328 3449 2434 3520 μὴν
2479 3447 2760 3518 ἀϐοήθητα
2809 3445 3153 3499 παντάπασιν
3204 3442 3343 3496 αὐτὰ
3384 3441 3769 3496 καταλέλοιπεν

2198 3543 2228 3595 ὁ
2267 3539 2606 3611 Δημιουργός
2633 3557 2646 3569 ·
2695 3537 2808 3592 ἀλλ’
2859 3537 3075 3606 ἑκάστῳ
3126 3533 3392 3604 φυσικήν,
3449 3535 3508 3587 οὐ
3549 3532 3769 3604 λογικὴν

2199 3631 2416 3684 ἐνέϐαλε
2452 3630 2701 3683 σύνεσιν·
2742 3630 2853 3682 τισὶ
2884 3629 2941 3682 δὲ
2977 3627 3072 3680 καὶ
3117 3626 3448 3696 πανουργίαν
3489 3624 3766 3694 ἐνέθηκεν,

2198 3720 2386 3792 ὥσπερ
2415 3721 2607 3791 τέχνης
2640 3721 2822 3774 εἰκόνα
2847 3721 2941 3773 καί¹
2969 3717 3127 3773 σκιὰν
3159 3717 3302 3770 δυοῖν
3334 3714 3536 3768 τούτων
3563 3715 3767 3776 ἕνεκεν,

2199 3811 2340 3880 ὑπὲρ
2358 3811 2451 3863 τοῦ
2482 3811 2574 3866 καὶ
2599 3809 2698 3873 τὰς
2722 3808 3023 3871 ἐνεστώσας
3045 3806 3335 3870 ἐπιϐουλὰς
3359 3805 3648 3869 ἐκκλίνειν,
3675 3803 3773 3859 καὶ

2197 3902 2296 3965 τὰς
2332 3901 2626 3972 μελλούσας
2653 3898 3120 3973 προφυλάττεσθαι
3141 3915 3155 3928 ο
3197 3899 3288 3950 καὶ
3324 3897 3414 3951 ἐπὶ
3437 3896 3515 3966 τῷ
3539 3896 3770 3965 συνάψαι

2197 3992 2295 4060 τὴν
2323 3993 2498 4045 κτίσιν
2531 3994 2710 4045 πᾶσαν
2744 3991 2933 4060 ἑαυτῇ,
2966 3991 3041 4052 ὡς
3071 3989 3171 4059 ήδη
3211 3988 3444 4059 εἴρηται.
3477 3990 3598 4040 Ὅτι
3622 3987 3678 4041 δὲ
3708 3987 3797 4048 οὐ,

2199 4083 2428 4151 λογικῶς
2454 4083 2626 4137 ταῦτα
2651 4085 2809 4146 ποιεῖ,
2836 4081 2990 4152 δῆλον
3019 4083 3083 4134 ἐκ
3111 4079 3203 4134 τοῦ
3233 4081 3353 4133 κατ’
3383 4075 3522 4143 εἶδος
3547 4081 3771 4134 ἕκαστον

2199 4175 2336 4240 ζῶον
2371 4175 2570 4246 ὁμοίως
2593 4175 2662 4228 τὰ
2696 4173 2835 4228 αὐτά
2870 4176 3060 4236 ποιεῖν,
3095 4173 3187 4228 καὶ
3219 4171 3293 4242 μὴ
3320 4172 3650 4225 διαλλάττειν
3676 4172 3772 4226 αύ-

2197 4271 2307 4324 τῶν
2348 4272 2406 4323 ἐν
2443 4268 2520 4339 τῷ
2562 4267 2753 4339 πλήθει
2790 4267 2889 4331 τὰς
2928 4269 3028 4338 τῆς
3072 4267 3246 4337 ψυχῆς
3278 4268 3583 4338 ἐνεργείας·
3613 4270 3661 4321 εί
3696 4266 3772 4338 μὴ

2199 4357 2341 4412 κατά
2373 4359 2432 4411 τὸ
2475 4358 2671 4428 μᾶλλον
2701 4359 2794 4411 καὶ
2836 4354 2996 4430 ἦττον
3019 4375 3033 4390 ’
3073 4358 3206 4411 ἀλλά
3246 4359 3386 4412 κατά
3433 4358 3558 4429 μίαν
3599 4357 3772 4430 ὁρμὴν

2198 4449 2319 4502 ὅλον
2347 4449 2406 4502 τὺ
2434 4446 2570 4512 εἶδος
2603 4447 2888 4502 κινεῖσθαι.
2924 4449 3038 4512 Πᾶς
3070 4447 3176 4518 γὰρ
3203 4447 3410 4515 λαγωὸς
3446 4447 3644 4517 ὁμοίως
3681 4447 3771 4500 εὐ-

527 4532 912 4600 praacaveudas
946 4551 959 4584 :
991 4541 1102 4585 tum
1133 4531 1201 4586 ad
1237 4535 1663 4588 c0unecteudam
1701 4549 1916 4588 onmem
1947 4550 2095 4587 crea-

2210 4539 2426 4604 νάξεται
2448 4581 2461 4599 .
2495 4541 2586 4593 καὶ
2625 4541 2732 4603 πᾶς
2764 4539 2924 4603 λύκος
2960 4539 3160 4609 ὁμοίως
3190 4542 3505 4609 πανουργεί,
3542 4541 3634 4591 καὶ
3666 4540 3771 4602 πᾶς

527 4631 708 4677 turam
739 4624 1090 4692 sibimetipsi,
1124 4632 1182 4677 ut
1222 4632 1378 4678 antea
1409 4625 1615 4678 dictum
1656 4633 1760 4680 est.
1798 4625 1954 4691 Quod
1993 4642 2096 4679 au-

531 4725 639 4769 tem
668 4731 775 4770 non
815 4732 881 4770 ex
914 4717 1126 4770 ratione
1153 4717 1256 4770 ista
1289 4716 1472 4782 faciat,
1503 4718 1855 4786 perspicuum
1906 4726 1993 4772 est
2031 4733 2096 4772 ex

526 4823 595 4862 eo
624 4808 768 4878 quod
805 4810 1005 4864 animal
1048 4808 1305 4878 quodque
1336 4811 1539 4873 pariter
1579 4811 1768 4865 eadem
1802 4811 1965 4865 faciat
2001 4829 2015 4864 :
2047 4821 2101 4866 et

527 4902 674 4971 quod
725 4917 832 4955 non
873 4904 1084 4955 varient
1119 4901 1362 4970 ipsorum
1411 4903 1607 4956 animae
1655 4905 2000 4971 operationes
2041 4905 2097 4958 in

530 4990 882 5045 multitudine
923 5010 936 5043 :
974 4991 1079 5045 nisi
1115 4991 1420 5046 intentione
1473 4993 1555 5046 vel
1607 4992 1964 5060 remissione;
2003 4994 2099 5048 sed

528 5082 833 5136 secundum
875 5083 1094 5136 unicam
1141 5082 1541 5152 proclivitatem
1573 5091 1684 5137 tota
1717 5084 1926 5153 species
1965 5099 2100 5140 con-

529 5174 749 5227 citetur.
785 5173 978 5228 Omnis
1008 5175 1153 5229 enim
1180 5175 1335 5243 lepus
1374 5175 1630 5228 similiter
1662 5175 1714 5228 in
1762 5176 1990 5230 latibulo
2015 5177 2101 5245 ja-

527 5274 638 5328 cet,
676 5273 730 5319 et
762 5266 924 5336 lupus
964 5267 1143 5322 omnis
1169 5269 1424 5322 similiter
1455 5278 1710 5324 versutus
1739 5277 1823 5322 est
1850 5286 1864 5321 :
1888 5277 1942 5323 et
1979 5285 2099 5323 om-

529 5356 617 5410 nis
663 5358 821 5411 simia
883 5359 1089 5426 pariter
1126 5359 1410 5424 imitatur;
1465 5359 1569 5412 hoc
1615 5375 1746 5413 vero
1784 5359 1838 5414 in
1881 5359 2101 5414 homine

530 5465 640 5503 IIOD
689 5457 906 5505 ουιιειςιι
947 5461 1258 5505 :sexcenta:
1299 5452 1443 5504 enim
1493 5451 1591 5504 viae
1635 5462 1763 5506 sunt
1821 5453 2098 5507 ﬂCliOﬂUltl

531 5539 898 5595 humanarum
955 5560 968 5596 :
1023 5557 1146 5595 nam
1210 5541 1422 5596 ratione
1489 5543 1812 5611 prazditum,
1869 5543 2098 5598 liberum

535 5631 817 5701 quiddam,
849 5641 902 5686 et
927 5632 1010 5688 sui
1038 5633 1203 5701 juris,
1239 5641 1405 5703 atque
1443 5634 1657 5688 arbitrii
1686 5643 1790 5698 est,
1819 5635 1962 5689 unde
1993 5651 2099 5689 non

535 5738 705 5776 unmn
743 5735 797 5778 et
839 5725 981 5780 idem
1025 5740 1165 5795 opus
1220 5732 1304 5780 est
1356 5725 1612 5781 omnibus
1664 5725 1996 5788 hominibus,
2042 5736 2100 5779 ut

535 5815 739 5885 cuique
771 5816 1057 5873 brutormn
1091 5817 1326 5888 speciei;
1367 5818 1810 5891 quandoquidem
1853 5819 1966 5874 haec
2004 5834 2098 5874 na-

2201 4632 2431 4702 πίθηκος
2455 4632 2653 4701 ὁμοίως
2679 4633 2944 4701 μιμεῖται.
2974 4632 3150 4701 Ὅπερ
3170 4631 3268 4683 οὐκ
3293 4629 3436 4683 ἔστιν
3460 4632 3545 4683 ἐπ’
3568 4629 3772 4700 ἀνθρὼο

2202 4741 2323 4777 που.
2377 4724 2582 4794 Μυρίαι
2625 4724 2734 4794 γάρ
2776 4723 2883 4775 ὁδοὶ
2934 4722 3041 4774 τῶν
3095 4721 3445 4792 ἀνθρωπίνων
3499 4719 3768 4788 πράξεων.

2213 4814 2521 4885 Ἐλεύθερον
2553 4815 2660 4884 γάρ
2691 4831 2743 4866 τι
2781 4815 2874 4868 καὶ
2916 4811 3254 4877 αὐτεξούσιον
3288 4812 3347 4864 τὸ
3376 4812 3607 4880 λογικὸν,
3651 4810 3774 4864 ὅθεν

2200 4908 2296 4976 οὐχ
2327 4907 2384 4960 ἓν
2413 4907 2503 4960 καὶ
2529 4907 2694 4960 ταὺτὸ
2720 4908 2884 4958 πᾶσιν
2913 4905 3070 4975 ἔργον
3105 4903 3426 4974 ἀνθρώποις,
3452 4903 3526 4965 ὡς
3559 4903 3772 4972 ἑκάστῳ

2203 4997 2330 5050 εἴδει
2355 4997 2460 5050 τῶν
2493 4997 2702 5066 ἀλόγων
2742 4997 2914 5062 ζώων.
2942 4996 3104 5049 Φύσει
3133 4995 3240 5066 γάρ
3285 4996 3418 5066 μόνῃ
3480 4995 3652 5048 ταῦτα
3688 5011 3770 5046 κι-

2202 5087 2479 5142 νεῖται·τά
2518 5088 2576 5140 δέ
2619 5087 2778 5157 φύσει
2821 5087 3018 5157 ὁμοίως
3047 5087 3195 5156 παρά
3227 5087 3389 5138 πᾶσίν
3419 5087 3597 5138 ἐστιν’
3630 5085 3685 5136 αἱ
3712 5084 3768 5136 δὲ

2201 5179 2415 5248 λογικαὶ
2449 5178 2670 5250 πράξεις
2711 5178 2866 5232 άλλαι
2901 5178 3030 5247 παρ’
3062 5177 3260 5241 ἀλλοις,
3312 5177 3411 5228 οὐκ
3440 5175 3498 5239 ἐξ
3527 5175 3770 5242 ἀνάγκης

2200 5273 2257 5324 αἱ
2284 5271 2445 5324 αὐταὶ
2478 5270 2628 5341 ποιρά
2653 5272 2836 5326 πᾶσιν.
2870 5271 2933 5324 Εἰ
2960 5270 3017 5324 δὲ
3045 5270 3252 5338 λέγοιεν
3291 5267 3381 5320 ἐπὶ
3413 5267 3649 5336 τιμωρίᾳ
3674 5267 3770 5334 τήν

2203 5359 2378 5430 ψυχὴν
2409 5359 2516 5412 τῶν
2557 5359 3066 5430 προημαρτημένων
3106 5360 3163 5410 ἐν
3211 5355 3288 5426 τῷ
3316 5355 3638 5426 ἀνθρωπίνῳ
3671 5352 3770 5424 βίῳ

2202 5453 2282 5514 εἰς
2318 5450 2541 5503 τοιαῦτα
2581 5450 2805 5521 σώματα
2847 5450 3332 5519 καταπέμπεσθαι,
3373 5449 3436 5499 ἐκ
3481 5445 3586 5498 τῶν
3614 5442 3768 5497 ὑστέ-

2205 5561 2314 5617 ρων
2345 5543 2616 5597 ποιοῦνται
2647 5543 2742 5614 τὴν
2775 5542 3063 5608 ἀπόδειξιν.
3091 5541 3189 5593 Διά
3219 5539 3272 5592 τί
3300 5541 3407 5609 γὰρ
3436 5541 3515 5601 εἰς
3537 5537 3605 5590 τά
3629 5535 3771 5604 πρῶ-

2201 5651 2272 5688 τα
2305 5635 2567 5704 γενόμενα
2597 5632 2822 5703 σώματα
2847 5634 2953 5685 τῶν
2983 5632 3135 5696 ζώων
3165 5629 3532 5700 άνεῦλήθησαν
3560 5627 3772 5696 λογικαὶ

2203 5725 2404 5796 ψυχαῖς
2445 5726 2520 5778 Οὐ
2555 5724 2664 5794 γὰρ
2706 5725 2878 5795 δήπου
2925 5725 3000 5786 ὼς
3035 5726 3090 5775 ἐν
3134 5721 3375 5792 σώμασιν
3415 5718 3770 5791 ἀνθρωπίνοις

2210 5817 2593 5890 ἁμαρτήσασαι
2614 5855 2628 5880 ,
2662 5815 2790 5886 πρὶν
2839 5814 2930 5868 καὶ
2963 5816 3040 5878 εἰς
3077 5814 3233 5884 σῶμα
3268 5809 3518 5882 γενέσθαι
3565 5805 3769 5880 ἀνθρώ·
