4166 6372
424 459 536 515 9.!5

1883 449 1968 502 DE
2009 449 2244 505 ΛΝΙΜΑ.

3583 447 3690 504 εει

428 589 604 624 πινον.
640 570 824 623 Ἐοικε
868 569 924 621 δὲ
958 567 1127 639 ταύτῃ
1160 568 1286 640 δόξῃ
1317 567 1558 622 τίθεσθαι
1593 569 1684 620 καὶ
1721 567 1954 638 Γαληνὸς
1986 571 2003 622 ἐ

2121 579 2243 623 tura
2297 569 2413 624 sola
2459 578 2794 623 moventur:
2842 569 2992 640 atqui
3032 584 3096 624 ea
3143 585 3266 642 qua:
3313 577 3508 625 natura
3558 582 3690 623 cou-

427 662 724 732 θαυμάσιος
761 661 962 731 ἰατρὸς,
1009 660 1101 714 καὶ
1147 660 1269 714 καθ’
1293 660 1522 714 ἕκαστον
1561 657 1698 724 εἶδος
1727 659 1864 724 ζώου
1892 661 2006 714 διά-

426 771 588 824 φορον
617 749 753 807 εἶναι
779 752 989 817 δοξάζει
1023 752 1116 806 καὶ
1137 752 1316 823 ψυχῆς
1347 749 1514 816 εῑδος⁹
1542 751 1689 820 λέγει
1713 752 1818 822 γὰρ
1847 751 2007 814 εὐθὺς

424 849 483 899 ἐν
511 848 652 918 ἀρχῇ
676 844 770 898 τοῦ
799 844 1015 915 πρώτου
1047 845 1252 915 βιϐλίου
1281 844 1382 915 τῆς
1397 845 1537 914 Περὶ
1559 845 1765 914 χρείας
1780 847 2008 914 μορίων

424 937 824 1008 πραγματείας,
859 938 1021 991 οὓτω·
1059 956 1077 988 ι
1106 938 1215 990 Καὶ
1237 938 1286 990 εἰ
1313 936 1494 998 τοῦτο,
1524 936 1693 990 πολλὰ
1724 936 1831 990 τῶν
1851 935 2005 1001 ζώων

423 1029 573 1082 ἔσται
623 1030 818 1100 μόρια·
855 1029 924 1082 τὰ
974 1030 1070 1100 μὲν
1120 1029 1325 1100 μείζω,
1355 1028 1424 1082 τὰ
1463 1028 1518 1082 δὲ
1557 1028 1763 1082 ἐλάττω
1787 1045 1801 1058 ·
1849 1029 1918 1081 τά
1949 1029 2006 1082 δὲ

422 1121 766 1174 παντάπασιν
793 1122 872 1183 είς
902 1120 1087 1192 ἕτερον
1113 1117 1249 1184 εἶδος
1276 1119 1495 1192 ἄτμητα
1514 1137 1528 1150 ο
1563 1120 1722 1191 χρεία
1745 1119 1802 1172 δὲ
1827 1118 2004 1172 αὐτῶν

423 1213 674 1266 ἁπάντων
711 1213 828 1266 ἐστὶ
856 1215 920 1284 τῇ
955 1212 1122 1284 ψυχῇ.
1163 1213 1236 1266 Τὸ
1276 1213 1384 1284 γὰρ
1415 1212 1574 1282 σῶμα
1603 1211 1808 1281 ταύτης
1837 1212 2005 1282 ὄργα-

420 1325 528 1359 νον.
570 1308 678 1360 Καὶ
712 1305 798 1358 διὰ
825 1305 980 1358 τοῦτο
1000 1307 1134 1359 πολὺ
1155 1306 1460 1376 διενήνοχεν
1478 1305 1722 1375 ἀλλήλων
1741 1305 1812 1357 τά
1842 1304 2005 1376 μόρια

418 1396 526 1448 τῶν
563 1394 736 1459 ζώων,
776 1395 857 1448 ὅτι
887 1397 980 1448 καὶ
1009 1398 1062 1448 αἱ
1091 1395 1279 1465 ψυχαί.
1310 1414 1329 1446 ι
1369 1395 1538 1449 Πάλιν
1579 1395 1632 1446 δέ
1679 1394 2003 1465 προκόπτων

419 1488 477 1539 ἐν
502 1486 579 1558 τῷ
605 1485 751 1556 αὐτῷ
782 1486 989 1555 βιϐλίῳ,
1015 1487 1370 1558 προστίθησιν
1407 1488 1499 1539 ἐπὶ
1526 1486 1619 1539 τοῦ
1649 1486 1882 1553 πιθήκου
1913 1487 2006 1539 καὶ

416 1579 593 1633 τοῦτο·
627 1601 644 1632 ι
677 1582 784 1633 Καὶ
825 1579 921 1651 μὴ,
948 1572 993 1632 ὦ
1028 1571 1304 1647 σοφώτατε
1335 1579 1606 1649 κατήγορε
1631 1577 1851 1648 (λέξειεν
1878 1578 1943 1632 ἂν
1970 1579 2003 1648 ἡ

418 1673 580 1741 φύσις
610 1671 747 1744 πρὸς
777 1672 837 1725 σὲ
865 1670 1134 1740 γελοίως),
1158 1671 1258 1740 τὴν
1281 1669 1459 1740 ψυχὴν
1485 1670 1593 1722 τῶν
1620 1669 1772 1733 ζώων
1792 1670 2005 1722 τελείαν

416 1765 581 1837 ἐχρῆν
615 1763 830 1834 δοθῆναι
870 1762 1005 1833 πρὸς
1031 1763 1130 1832 τὴν
1161 1761 1254 1815 τοῦ
1296 1761 1546 1832 σώματος
1578 1762 1939 1832 κατασκευήν.
1979 1779 1997 1811 ι

416 1855 604 1921 Οὕτως
639 1851 746 1909 εἶδε
773 1858 885 1920 τοῖς
907 1855 1182 1926 διαφόροις
1224 1855 1344 1908 κατ’
1375 1852 1512 1918 εἶδος
1545 1854 1792 1925 σώμασιν
1816 1854 2004 1922 διαφό-

2110 669 2284 726 stant,
2346 661 2601 716 similiter
2650 661 2793 732 apud
2840 677 3032 718 omnes
3078 679 3138 718 se
3189 663 3518 717 habent:at
3563 674 3693 715 vero

2109 754 2362 810 actiones
2396 769 2518 825 quae
2562 756 2778 811 ratione
2814 755 2971 820 fiunt,
3023 755 3143 811 alia:
3179 756 3323 826 apud
3357 755 3497 809 alios
3524 761 3689 818 sunt;

2110 861 2220 900 non
2260 861 2324 900 ex
2370 847 2704 901 necessitate
2753 846 2954 901 eaedem
3013 847 3157 916 apud
3197 862 3410 903 omnes.
3435 844 3593 912 Quod
3643 844 3691 899 si

2107 935 2342 990 dixerint
2387 935 2624 990 animam
2679 952 2778 1006 pro
2827 937 3104 1007 supplicio
3151 949 3508 1008 peccatorum
3565 943 3694 991 ante

2107 1027 2536 1082 commissorum
2588 1029 2640 1081 in
2684 1030 2923 1082 humana
2976 1030 3107 1094 vita,
3157 1029 3224 1084 ad
3271 1027 3542 1098 ejusmodi
3579 1042 3696 1082 cor-

2110 1134 2247 1190 pora
2293 1120 2572 1191 ablegari:
2603 1137 2670 1175 ex
2719 1121 3122 1190 posterioribus
3163 1121 3693 1176 demonstrationem

2111 1210 2341 1264 faciunt.
2386 1212 2499 1264 Cur
2537 1213 2681 1266 enim
2710 1213 2908 1267 anima:
2937 1214 3234 1268 rationales
3270 1213 3324 1266 in
3357 1228 3430 1287 ea
3462 1227 3693 1282 corpora

2109 1303 2324 1371 injecta:
2359 1302 2613 1367 fuissent,
2643 1319 2767 1374 quae
2802 1305 2956 1374 prius
2986 1305 3276 1361 brutorum
3307 1304 3558 1360 fuerant?
3584 1320 3692 1359 non

2108 1392 2254 1446 enim
2310 1401 2459 1447 certe
2497 1409 2596 1462 pro
2645 1393 2889 1462 peccatis
2937 1393 2998 1446 in
3056 1393 3386 1464 corporibus
3434 1394 3694 1451 humanis

2110 1487 2447 1551 commissis,
2487 1487 2811 1557 priusquam
2856 1487 2913 1541 in
2944 1501 3148 1558 corpus
3177 1489 3476 1542 humanum
3511 1488 3693 1542 venis-

2109 1585 2260 1633 sent.
2314 1574 2548 1632 Videtur
2599 1586 2779 1632 autem
2841 1578 3010 1634 etiam
3061 1576 3308 1634 Galenus
3352 1577 3691 1634 admirabilis

2107 1669 2373 1733 medicus,
2436 1670 2561 1722 huic
2597 1669 2844 1740 opinioni
2892 1669 3076 1725 favere
3115 1689 3128 1724 :
3177 1671 3487 1742 quippequi
3531 1670 3692 1740 juxta

2105 1777 2554 1832 unamquamque
2603 1762 2901 1817 animantis
2954 1764 3193 1832 speciem
3235 1764 3434 1818 animae
3469 1777 3691 1834 quoque

2105 1854 2377 1909 diversam
2410 1856 2646 1925 speciem
2677 1872 2800 1911 esse
2831 1855 3148 1922 existimat;
3188 1871 3314 1910 nam
3361 1855 3546 1912 statim
3581 1855 3691 1909 ini-

420 1966 542 2018 ρους
577 1949 804 2010 ἐνούσας
824 1947 1018 2017 ψυχάς.
1063 1948 1172 1999 Καὶ
1209 1946 1383 2000 ταῦτα
1413 1947 1511 2015 μὲν
1541 1947 1669 2017 περὶ¹
1694 1945 1925 1998 τούτων’
1951 1947 2000 1998 εἰ

2106 1947 2178 2000 lio
2205 1947 2330 2001 libri
2360 1948 2516 2017 primi
2544 1947 2622 2003 De
2643 1965 2741 2002 usu
2763 1950 3021 2018 partium,
3046 1949 3118 2003 ita
3146 1948 3375 2003 scr-ibit:
3407 1967 3424 2000 ι
3451 1950 3518 2002 Ει
3541 1949 3585 2001 si
3611 1948 3688 2011 id,

414 2041 472 2095 δὲ
508 2041 608 2113 τὴν
643 2041 818 2111 ψυχὴν
856 2038 1217 2109 ἀπεδείξαμεν
1238 2078 1253 2100 ,
1288 2039 1424 2109 μήτε
1456 2037 1614 2108 σῶμα
1643 2033 1827 2099 οὖσαν,
1863 2038 1999 2107 μήτε

416 2133 685 2204 ἁρμονίαν
705 2173 718 2194 ,
756 2132 893 2202 μήτε
923 2132 1120 2200 κρᾶσιν
1140 2171 1153 2193 ,
1193 2130 1330 2199 μήτε
1361 2129 1526 2200 ἄλλην
1558 2128 1678 2181 τινὰ
1719 2128 1997 2199 ποιότητα,

413 2223 569 2294 δῆλον
615 2225 678 2275 ἐκ
720 2222 942 2284 τούτων,
982 2221 1058 2284 ὼς
1102 2219 1260 2272 οὐσία
1302 2219 1386 2282 τίς
1445 2221 1590 2272 ἐστιν
1636 2218 1925 2289 ἀσώματος
1962 2220 1994 2289 ἡ

416 2317 563 2386 ψυχή
592 2331 605 2344 ⁸
641 2315 724 2368 ὅτι
766 2313 863 2384 μὲν
896 2313 1003 2383 γάρ
1036 2313 1216 2375 ἐστιν,
1257 2311 1594 2382 ὁμολογεῖται
1625 2312 1820 2364 πᾶσινο
1856 2312 1905 2362 εί
1940 2309 1998 2362 δὲ

416 2410 554 2478 μήτε
585 2406 764 2477 σῶμα,
792 2407 932 2477 μήτε
966 2404 1330 2475 συμϐεϐηκὸς,
1362 2404 1522 2476 δῆλόν
1551 2405 1716 2470 ἐστιν,
1745 2406 1826 2458 ὅτι
1860 2402 2002 2457 ἀσώ-

417 2499 584 2568 ματός
622 2499 768 2550 ἐστιν
795 2495 971 2561 ούσία,
1004 2496 1096 2548 καὶ
1119 2495 1272 2548 οὐδὲν
1299 2494 1406 2547 τῶν
1430 2495 1662 2565 ἐχόντων
1692 2498 1749 2549 ἐν
1778 2496 1920 2568 ἄλλῳ
1941 2496 2001 2548 τὸ

417 2588 596 2644 εἶναι’
631 2588 804 2642 ταῦτα
838 2589 946 2658 γάρ
989 2585 1196 2655 γίνεται
1227 2587 1320 2640 καὶ
1346 2586 1663 2656 ἀπογίνεται
1705 2589 1873 2659 χωρὶς
1904 2589 2005 2658 τῆς

411 2683 506 2737 τοῦ
534 2680 890 2750 ὑποκειμένου
923 2679 1147 2750 φθορᾶς.
1183 2677 1293 2748 Τῆς
1319 2679 1374 2733 δὲ
1399 2680 1578 2750 ψυχῆς
1610 2682 2003 2752 χωριζομένης,

411 2777 474 2829 τὸ
499 2776 656 2845 σῶμα
687 2772 902 2834 πάντως
937 2770 1238 2841 φθείρεται.

2109 2039 2291 2093 multa:
2332 2039 2650 2094 animalium
2688 2053 2870 2110 partes
2908 2049 3094 2104 erunt,
3122 2041 3242 2094 alia:
3270 2040 3530 2110 majores,
3567 2041 3690 2094 aliae

2109 2132 2352 2187 minores
2387 2151 2400 2187 :
2439 2133 2686 2202 quaedam
2739 2135 2966 2188 omnino
3012 2134 3077 2188 ad
3128 2133 3290 2186 aliam
3325 2133 3565 2202 speciem
3603 2135 3688 2186 in-

2105 2223 2360 2278 dividuae.
2405 2223 2549 2280 Usus
2587 2233 2770 2280 autem
2799 2226 3043 2296 ipsarum
3074 2225 3320 2278 omnium
3346 2225 3530 2279 anima
3559 2230 3646 2279 est
3671 2242 3686 2279 :

2104 2315 2375 2386 siquidem
2432 2330 2634 2386 corpus
2699 2318 3126 2373 instrumentum
3155 2317 3276 2386 ejus
3306 2325 3422 2383 est;
3460 2332 3692 2387 eamque

2102 2409 2174 2463 ob
2218 2424 2332 2464 rem
2372 2411 2603 2464 multant
2656 2426 2686 2465 a
2746 2429 2806 2468 se
2859 2412 3091 2468 invicem
3144 2420 3329 2482 partes
3369 2411 3688 2465 animalium

2101 2499 2394 2565 differunt;
2433 2501 2654 2570 quando
2684 2502 2888 2557 anima!
2912 2502 3078 2556 etiam
3108 2501 3445 2571 discrepant.
3493 2499 3689 2553 sltur-

2103 2607 2200 2647 sus
2239 2593 2464 2648 ulterius
2494 2609 2825 2665 progressus
2872 2596 2925 2649 in
2972 2594 3164 2649 eodem
3205 2593 3344 2648 libro
3375 2593 3478 2646 hoc
3516 2592 3686 2661 etiam

2105 2682 2354 2753 adjungit
2377 2700 2540 2754 super
2569 2686 2727 2739 simia
2762 2703 2777 2740 :
2814 2705 2831 2736 ι
2867 2685 2931 2738 Et
2961 2684 3186 2739 minime
3212 2682 3479 2752 oportuit,
3502 2697 3536 2734 o
3560 2697 3692 2749 pru-

2105 2774 2429 2831 dentissime
2455 2786 2745 2833 accusator
2775 2778 3007 2844 (diceret
3034 2785 3231 2831 natura
3259 2785 3311 2830 te
3334 2775 3524 2844 jocose
3553 2775 3687 2827 allo-

411 2864 877 2936 quens),animam
937 2861 1296 2915 animantium
1329 2861 1632 2933 perfectam
1687 2863 1868 2916 datam
1905 2879 2028 2918 esse
2061 2865 2130 2919 ad
2190 2868 2441 2937 corporis
2500 2869 2935 2923 fabricationem.
2968 2888 2986 2919 ι
3033 2866 3126 2922 Sic
3174 2867 3266 2921 ille
3310 2865 3691 2920 differentibus

413 2963 595 3033 specie
641 2958 965 3028 corporibus
1015 2957 1332 3013 diﬂ‘erentes
1383 2959 1566 3013 inesse
1615 2959 1826 3013 animas
1888 2963 2164 3030 cognovit.
2221 2963 2402 3032 Atque
2444 2966 2560 3018 haec
2609 2965 2827 3034 quidem
2871 2965 3140 3018 hactenus
3181 2963 3249 3018 iis
3293 2962 3360 3016 de
3397 2961 3586 3015 rebus.
3631 2962 3689 3014 Si

413 3059 576 3128 igitur
611 3056 847 3111 animam
889 3067 1064 3123 neque
1099 3068 1300 3124 corpus
1342 3071 1486 3118 esse,
1528 3063 1735 3124 'neque
1796 3066 2149 3125 concentum,
2203 3076 2382 3130 neque
2433 3062 2770 3126 mistionem,
2838 3078 3016 3129 neque
3086 3061 3252 3113 ullam
3285 3059 3448 3111 aliam
3511 3057 3691 3127 quali-

412 3163 578 3210 tatem
619 3159 994 3228 probavimus,
1027 3165 1177 3228 patet
1211 3171 1274 3209 ex
1309 3153 1376 3208 iis
1405 3151 1647 3205 animam
1678 3151 2043 3207 substantiam
2075 3170 2198 3211 esse
2223 3157 2474 3226 corporis
2498 3165 2779 3228 expertem
2814 3176 2826 3210 :
2862 3173 2987 3210 nam
3034 3158 3088 3210 in
3127 3154 3383 3210 confesso
3422 3159 3506 3204 est
3526 3152 3696 3204 omni-

413 3248 515 3303 bus
564 3266 682 3304 eam
729 3252 996 3307 exsistere
1038 3269 1051 3304 :
1099 3264 1268 3314 quare
1309 3248 1355 3301 si
1406 3259 1584 3314 neque
1636 3258 1859 3313 corpus,
1918 3262 2097 3316 neque
2145 3250 2404 3304 accidens
2445 3258 2564 3315 est,
2609 3250 2961 3305 manifestum
3005 3258 3091 3304 est
3139 3250 3522 3316 incorpoream
3563 3261 3690 3300 esse

412 3343 797 3410 substantiam,
839 3351 892 3397 et
923 3343 1058 3396 nihil
1089 3355 1277 3395 eorum
1321 3353 1444 3408 quae
1470 3339 1524 3391 in
1553 3337 1660 3389 alio
1689 3350 1812 3391 esse
1849 3337 2084 3406 habent;
2120 3339 2235 3394 haec
2273 3342 2419 3396 enim
2449 3342 2672 3410 adsunt,
2701 3352 2755 3397 et
2790 3345 2990 3398 absunt
3024 3346 3143 3398 sine
3167 3340 3401 3409 subjecti
3427 3341 3686 3408 pernicie.

416 3436 520 3489 Sed
554 3435 733 3488 anima
761 3447 1011 3505 separata
1036 3438 1176 3505 perit
1209 3432 1433 3486 omnino
1463 3445 1684 3499 corpus.

485 3529 609 3591 Τοῖς
647 3529 828 3592 αὐτοῖς
881 3528 937 3581 δέ
977 3528 1320 3598 χρησάμενον
1373 3523 1518 3576 ἔστιν
1573 3519 1851 3586 ἀποδεῖξαι
1901 3518 1998 3588 τὴν
2027 3522 2072 3582 C

413 3618 588 3690 ψυχὴν
638 3619 904 3673 ἀθάνατον
951 3615 1136 3674 οὖσαν.
1185 3617 1249 3670 Εἰ
1293 3614 1402 3686 γὰρ
1450 3614 1585 3684 μήτε
1636 3611 1797 3682 σῶμά
1829 3612 1995 3674 ἐστιν,

413 3712 550 3782 ὅπερ
616 3711 776 3780 φύσει
832 3710 1079 3764 διαλυτὸν
1137 3708 1347 3779 ἐδείχθη
1395 3708 1489 3759 καὶ
1537 3703 1808 3776 φθαρτὸν,
1863 3704 1999 3772 μήτε

416 3806 674 3877 ποιότης,
709 3807 843 3876 μήτε
892 3805 1147 3875 ποσότης,
1194 3803 1329 3873 μήτε
1373 3800 1497 3854 ἄλλο
1539 3816 1591 3852 τι
1629 3799 1736 3850 τῶν
1784 3796 1999 3866 φθειρο-

419 3898 617 3969 μένων,
645 3897 886 3967 δηλονότι
919 3897 1186 3958 ἀθάνατός
1227 3898 1364 3948 ἐστι.
1398 3891 1597 3945 Πολλαὶ
1631 3890 1728 3961 μὲν
1758 3885 1850 3943 οὖν
1894 3891 2001 3940 εἱσι

415 3992 512 4062 τῆς
547 3991 845 4054 ἀθανασίας
871 3990 1042 4060 αὐτῆς
1085 3987 1385 4052 ἀποδείξεις
1408 4028 1422 4052 ,
1459 3985 1611 4057 παρά
1646 4003 1703 4038 τε
1754 3983 2000 4037 Πλάτωνι

419 4079 512 4132 καὶ
557 4081 668 4142 τοῖς
706 4078 886 4142 ἄλλοις
909 4096 924 4111 ⁸
965 4079 1081 4131 ἀλλ’
1134 4078 1337 4131 ἐκεῖναι
1389 4076 1487 4146 μὲν
1537 4076 1876 4146 περισκελεῖς
1907 4075 2001 4127 καὶ

417 4171 838 4242 δυσκατανόητοι
861 4210 878 4234 ,
914 4171 1008 4224 καὶ
1045 4171 1196 4240 μόλις
1225 4173 1340 4233 τοῖς
1370 4167 1824 4240 ἐντεθραμμένοις
1854 4165 1997 4218 ἐκεί·

418 4280 537 4325 ναις
563 4265 682 4326 ταῖς
713 4265 1039 4341 ἐπιστήμαις
1075 4264 1373 4335 γνώριμοι·
1404 4264 1538 4333 ἡμῖν
1585 4260 1640 4313 δὲ
1674 4256 1834 4329 ἀρκεῖ
1865 4257 2001 4330 πρὸς

415 4354 690 4418 ἀπόδειξιν
722 4355 822 4424 τῆς
852 4355 1150 4419 ἀθανασίας
1183 4355 1374 4426 αὐτῆς,
1412 4357 1444 4425 ἡ
1481 4353 1589 4406 τῶν
1620 4353 1777 4406 θείων
1809 4351 2001 4419 λογίων

414 4449 754 4512 διδασκαλία,
803 4450 863 4502 τὸ
909 4448 1097 4502 πιστὸν
1148 4449 1234 4517 ἐφ’
1283 4449 1484 4517 ἑαυτῆς
1536 4445 1756 4516 ἔχουσα,
1807 4443 1895 4496 διά
1939 4442 2001 4496 τὸ

417 4540 772 4602 θεόπνευστος
804 4535 962 4593 εἶναι.
1000 4539 1144 4610 Πρὸς
1178 4539 1234 4592 δέ
1266 4541 1391 4602 τοὺς
1429 4537 1504 4608 μὴ
1534 4534 2002 4607 καταδεχομένους

418 4633 488 4688 τά
519 4633 627 4686 τῶν
669 4633 1006 4704 Χριστιανῶν
1051 4633 1316 4702 δόγματα,
1355 4633 1517 4703 ἀρκεῖ
1560 4629 1621 4682 τὸ
1668 4629 1831 4701 μηδὲν
1862 4624 2002 4680 εἶναι

416 4727 517 4799 τὴν
544 4726 721 4796 ψυχὴν
751 4726 858 4779 τῶν
884 4725 1254 4796 φθειρομένων
1276 4723 1574 4787 ἀποδεῖξαι.
1605 4723 1667 4774 Et
1697 4720 1806 4791 γὰρ
1835 4717 2002 4789 μηδέν

420 4822 536 4875 ἐστι
571 4819 681 4871 τῶν
717 4818 1111 4889 φθειρομένων,
1161 4817 1274 4870 ἔστι
1311 4817 1368 4872 δὲ
1411 4816 1706 4885 ἄφθαρτος,
1755 4813 1870 4866 ἔστι
1909 4811 2003 4864 καὶ

422 4909 723 4972 ἀθάνατος·
765 4908 905 4961 ὥστε
954 4907 1112 4961 τοῦτο
1153 4908 1250 4981 μὲν
1295 4906 1607 4978 ἀρκούντως
1659 4904 1780 4975 ἕχον
1828 4919 2005 4974 παρα-

421 5001 684 5056 λειπτέον.
703 5001 970 5072 Ζητητέον
988 5000 1044 5052 δὲ
1067 4999 1183 5062 πῶς
1204 4999 1381 5072 ψυχῆς
1409 4999 1502 5051 καὶ
1526 4998 1774 5068 σώματος
1795 4995 2003 5066 ἀψύχου

421 5093 630 5161 γίνεται
677 5093 868 5156 ἓνωσις
891 5109 906 5122 ⁸
953 5091 1156 5164 ἄπορον
1201 5091 1310 5162 γὰρ
1344 5091 1403 5144 τὸ
1433 5092 1668 5161 πρᾶγμα
1691 5106 1706 5120 ο
1741 5091 1789 5142 εί
1825 5089 1881 5140 δέ
1927 5086 2002 5160 μὴ

424 5186 584 5256 μόνον
611 5187 674 5238 ἐκ
703 5185 927 5246 τούτων,
955 5185 1092 5237 ἀλλά
1120 5185 1216 5238 καὶ
1247 5184 1341 5236 τοῦ
1375 5183 1465 5236 νοῦ
1500 5183 1827 5252 συνέστηκεν
1855 5182 1883 5232 ὁ
1912 5181 2003 5234 ἀν-

423 5278 673 5350 θρωπος,
731 5278 806 5341 ὡς
858 5272 1008 5330 εἶπόν
1051 5294 1226 5341 τινες,
1278 5275 1356 5328 ἐτι
1414 5275 1572 5328 πλέον
1627 5272 1995 5343 ἀπορώτερον.

425 5372 608 5431 Πάντα
655 5369 760 5442 γὰρ
793 5369 860 5423 τὰ
907 5371 1154 5423 συνιόντα
1196 5370 1275 5430 εἰς
1317 5369 1445 5437 μιᾶς
1487 5367 1672 5428 οὐσίας
1706 5364 2001 5418 ὑπόστασιν

427 5465 646 5528 πάντως
681 5461 894 5516 ἑνοῦται
916 5479 929 5493 ο
962 5462 1137 5514 πάντα
1173 5461 1229 5513 δὲ
1266 5461 1333 5513 τὰ
1378 5459 1641 5528 ἐνούμενα
1675 5456 1999 5518 ἀλλοιοῦται,

426 5555 517 5608 καὶ
549 5555 610 5607 ού
645 5553 796 5624 μένει
834 5552 869 5606 ἆ
900 5553 1162 5623 πρότερον
1193 5546 1292 5621 ἦν,
1339 5549 1414 5612 ὡς
1461 5549 1554 5601 ἐπὶ
1584 5547 1693 5600 τῶν
1727 5547 2003 5617 στοιχείων

423 5647 784 5717 δειχθήσεται·
817 5644 1082 5698 ἐνωθέντα
1121 5642 1228 5714 γάρ
1257 5642 1384 5697 ἄλλο
1419 5659 1470 5694 τι
1500 5641 1712 5710 γέγονε.
1742 5640 1866 5704 Πῶς
1889 5634 2005 5704 οὖν,

427 5741 475 5790 εἰ
510 5738 570 5790 τὸ
605 5737 764 5805 σῶμα
807 5735 1083 5806 ἡνωμένον
1127 5738 1192 5806 τῇ
1226 5734 1370 5805 ψυχῇ
1418 5733 1498 5787 ἔτι
1543 5733 1693 5804 μένει
1739 5733 1929 5802 σῶμα,
1969 5733 2002 5804 ἢ

429 5831 589 5883 πάλιν
613 5832 646 5899 ἠ
668 5828 812 5899 ψυχὴ
845 5827 1134 5897 ἀσώματος
1164 5822 1297 5879 οὖσα
1323 5832 1417 5878 καὶ
1444 5823 1707 5894 ούσιώδης
1736 5823 1855 5876 καθ’
1880 5825 2006 5875 ἐαυ-

430 5919 548 5992 sint,
596 5922 711 5985 πῶς
758 5919 968 5975 ἑνοῦται
1021 5918 1262 5989 σώματι,
1313 5917 1406 5970 καὶ
1455 5918 1615 5988 μέρος
1656 5917 1864 5986 γίνεται
1910 5913 2002 5969 τοῦ

2034 4866 2084 4926 ι)

2176 3519 2370 3573 Iisdem
2401 3535 2530 3574 vero
2567 3519 2875 3574 rationibus
2915 3518 3119 3573 utendo
3145 3519 3530 3575 demonstrare
3563 3520 3691 3576 licet

2077 3609 2081 3620 “
2104 3613 2340 3665 animam
2365 3612 2728 3666 immortalem
2755 3627 2898 3666 esse.
2919 3611 3052 3664 Nam
3083 3611 3131 3665 si
3152 3628 3328 3682 neque
3354 3627 3556 3682 corpus
3579 3621 3686 3676 est,

2101 3705 2247 3775 quod
2260 3704 2476 3774 quidem
2492 3714 2682 3758 natura
2703 3704 3044 3770 dissolubile,
3063 3712 3117 3758 et
3136 3706 3402 3760 caducum
3423 3721 3548 3760 esse
3570 3721 3690 3775 pro-

2103 3797 2287 3852 batum
2313 3805 2432 3861 est;
2463 3814 2637 3867 neque
2663 3797 2924 3866 qualitas,
2963 3814 3139 3867 neque
3171 3799 3476 3868 quantitas,
3509 3814 3690 3869 neque

2105 3889 2253 3943 aliud
2280 3890 2561 3960 quidpiam
2595 3901 2807 3944 eorum
2830 3903 2953 3958 quae
2986 3888 3202 3959 fragilia
3228 3898 3282 3944 et
3313 3889 3693 3959 corruptibilia

2104 3989 2255 4043 sunt,
2299 3978 2555 4033 videlicet
2596 3979 2924 4033 immortalis
2972 3988 3078 4046 est,
3115 3997 3180 4038 ac
3227 3983 3412 4036 multa:
3445 3982 3690 4053 profecto

2105 4082 2234 4126 sunt
2273 4070 2705 4125 immortalitatis
2759 4071 2936 4140 ipsius
2993 4071 3496 4131 demonstrationes
3545 4073 3693 4145 apud

2103 4163 2384 4218 Platonem
2415 4172 2470 4218 et
2499 4163 2674 4229 alios;
2707 4159 2801 4218 Sed
2839 4164 2945 4218 illm
2970 4180 3129 4234 aequo
3163 4167 3464 4236 longiores,
3493 4176 3546 4221 et
3577 4183 3694 4236 per-

2104 4262 2263 4323 ceptu
2312 4253 2562 4309 diﬂiciles
2598 4263 2729 4310 sunt
2757 4272 2769 4307 :
2807 4263 2861 4308 et
2893 4258 2979 4309 vix
3030 4257 3097 4312 iis
3127 4259 3220 4327 qui
3248 4259 3462 4313 educati
3497 4267 3627 4313 sunt
3661 4275 3692 4316 a

2104 4347 2310 4403 teneris
2349 4347 2403 4400 in
2434 4346 2682 4402 scientiis
2718 4348 3055 4414 huiusmodi,
3101 4352 3336 4420 cognitte
3377 4361 3438 4404 et
3468 4366 3694 4420 perspe-

2103 4449 2242 4506 ctas;
2284 4439 2444 4494 nobis
2471 4455 2602 4494 vero
2637 4439 2703 4492 ad
2743 4439 3271 4496 demonstrationem
3305 4443 3691 4497 immortalita-

2105 4533 2175 4587 tis
2198 4533 2370 4602 ipsius
2397 4534 2531 4587 satis
2563 4549 2839 4603 superque
2881 4543 2964 4589 est
2991 4535 3306 4590 divinorum
3331 4537 3692 4591 oraculorum

2105 4626 2374 4688 doctrina,
2413 4642 2534 4696 qua:
2557 4627 2609 4679 in
2647 4643 2706 4681 se
2740 4628 2865 4682 lidei
2908 4628 3171 4683 faciendae
3200 4629 3308 4683 vim
3346 4629 3533 4693 habet,
3567 4629 3693 4684 ideo

2105 4717 2250 4787 quod
2284 4733 2312 4771 a
2343 4717 2453 4772 Deo
2484 4717 2754 4792 inspirata
2788 4727 2892 4773 est.
2937 4720 3011 4775 lis
3049 4736 3180 4774 vero
3211 4720 3304 4788 qui
3347 4735 3457 4773 non
3495 4721 3693 4774 admit-

2108 4815 2228 4860 tunt
2278 4807 2722 4862 Christianorum
2771 4807 3017 4871 decreta,
3071 4808 3269 4863 sufficit
3311 4809 3697 4864 demonstrare

2109 4898 2350 4951 animam
2406 4897 2541 4951 nihil
2594 4913 2718 4954 esse
2763 4914 2952 4952 eorum
3008 4915 3128 4968 quae
3175 4909 3422 4968 pereunt.
3469 4899 3604 4954 Nam
3646 4901 3694 4956 si

2107 4992 2245 5046 nihil
2271 5001 2356 5047 est
2385 5006 2568 5045 rerum
2615 4991 2983 5060 pereuntium,
3020 5002 3104 5047 est
3142 4992 3306 5047 etiam
3350 4993 3692 5062 incorrupta.

2107 5085 2406 5153 eademque
2449 5083 2797 5138 immortalis.
2829 5081 3198 5149 Quamobrem
3241 5083 3346 5138 hoc
3379 5085 3524 5154 quod
3561 5083 3697 5136 satis

2107 5178 2538 5231 demonstratum
2603 5184 2723 5238 est,
2787 5175 3267 5244 praetereundum;
3336 5175 3696 5246 quaerendum

2109 5275 2289 5322 autem
2319 5277 2406 5321 est
2443 5283 2549 5336 qua
2582 5267 2798 5321 ratione
2835 5267 3051 5330 animae,
3083 5277 3146 5322 et-
3167 5269 3420 5337 corporis
3467 5264 3699 5320 inanimi

2111 5365 2258 5412 arcta
2296 5356 2348 5409 iu
2379 5371 2548 5409 unum
2595 5355 2918 5426 conjunctio
2952 5357 3073 5421 fiat;
3111 5367 3469 5412 controversa
3500 5355 3701 5423 quippe

2112 5467 2198 5506 res
2230 5457 2333 5505 est.
2368 5447 2523 5514 Quod
2572 5449 2617 5503 si
2662 5465 2771 5502 non
2807 5456 3020 5502 tantum
3063 5465 3129 5503 ex
3176 5449 3267 5512 iis,
3305 5447 3400 5504 sed
3434 5448 3598 5501 etiam
3631 5462 3700 5500 ex

2114 5549 2299 5594 mente
2327 5547 2547 5594 constat
2590 5539 2777 5602 homo,
2826 5549 2885 5594 ut
2916 5539 3138 5608 quidam
3175 5541 3455 5604 dixerunt,
3517 5538 3700 5594 adhuc

2113 5634 2398 5688 incertius.
2469 5632 2574 5686 Sed
2626 5632 2770 5686 enim
2824 5635 3009 5686 omnia
3058 5649 3179 5702 quae
3228 5631 3563 5686 conveniunt
3628 5628 3700 5685 ad

2112 5729 2276 5782 unius
2322 5725 2575 5782 essentia:
2631 5725 3068 5785 subsistentiam,
3116 5740 3343 5794 prorsus
3389 5725 3693 5776 uniuntur:

2113 5820 2260 5889 atqui
2304 5818 2486 5871 omnia
2519 5817 2675 5872 unita
2720 5818 3029 5878 variantur,
3079 5833 3181 5872 nec
3231 5817 3286 5871 in
3318 5815 3509 5871 eodem
3546 5822 3698 5870 statu

2112 5918 2352 5980 rnaneut,
2384 5910 2440 5967 in
2469 5925 2578 5980 quo
2611 5910 2766 5981 prius
2798 5918 2974 5976 erant,
3011 5917 3071 5965 ut
3105 5910 3159 5967 in
3191 5909 3479 5968 elementis
3510 5915 3696 5964 osten-
