4166 6372
478 410 588 466 Ξὶὄ

1687 412 1744 467 S.
1786 407 2110 465 GREGORII
2150 406 2442 462 NYSSENi

3634 399 3740 455 216

480 532 659 584 detur.
704 525 946 595 Namque
986 526 1135 579 unita
1169 527 1315 581 aliud
1349 527 1624 598 quidpiam
1691 526 1883 580 ellecta
1923 533 2070 581 sunt.

2181 524 2339 586 ζώου,
2403 524 2645 590 σώζουσα
2709 526 2807 595 τὴν
2864 525 3002 579 ἰδίαν
3063 524 3245 577 οὐσίαν
3294 522 3596 593 ἁσύγχυτον
3648 516 3742 577 καὶ

479 621 585 688 Qui
635 620 799 689 igitur
847 618 891 672 si
944 633 1149 688 corpus
1214 620 1424 674 unitum
1469 620 1665 673 animae
1720 618 1898 672 adhuc
1949 632 2065 671 ma-

481 722 576 767 net
643 726 885 780 corpus,
961 718 1054 764 aut
1114 727 1308 767 rursus
1388 712 1569 765 anima
1652 727 1774 764 cum
1846 710 1917 765 sit
1981 710 2067 762 in-

482 817 752 873 corporea
798 810 855 855 et
917 803 1231 858 essentialis
1293 819 1390 873 per
1433 819 1534 868 se,
1608 802 1881 870 quomodo
1943 801 2064 853 uni-

480 904 575 948 tur
641 895 902 963 corpori,
970 902 1027 948 et
1106 910 1231 963 pars
1295 895 1513 949 exsiStit
1596 894 1882 958 animalis,
1936 908 2063 962 pro-

484 988 658 1058 priam
709 988 964 1042 animalis
1020 989 1317 1041 essentiam
1373 1001 1711 1041 conservans
1764 1002 1873 1039 non
1935 999 2064 1037 con-

481 1080 707 1140 fusam.
766 1094 942 1149 neque
1010 1078 1373 1148 corruptam?
1449 1077 1683 1133 Necesse
1752 1076 1897 1131 enim
1980 1081 2065 1128 est

485 1178 584 1224 aut
639 1171 791 1224 unita
837 1185 961 1225 esse
1006 1170 1245 1223 animam
1297 1177 1349 1223 et
1396 1184 1630 1238 corpus,
1684 1174 1739 1221 et
1781 1180 1888 1219 una
1942 1180 2065 1218 mu-

486 1272 599 1317 tata
652 1279 774 1319 esse
818 1270 873 1318 et
924 1264 1084 1318 simul
1130 1270 1411 1332 corrupta,
1470 1271 1529 1315 ut
1583 1261 1853 1315 elementa
1907 1276 1920 1313 :
1970 1267 2064 1311 aut

485 1357 699 1410 unitum
733 1370 839 1410 non
862 1370 986 1410 esse
1012 1363 1326 1423 utrumque,
1350 1353 1422 1408 ob
1443 1351 1733 1423 praedictas
1762 1348 2065 1404 absurdita-

482 1458 603 1509 tes,
648 1447 900 1512 adjacere
943 1461 1073 1500 vero
1125 1455 1385 1515 tanquam
1439 1445 1727 1499 saltatores
1776 1443 1830 1496 in
1871 1442 2062 1505 choro,

483 1548 581 1592 aut
636 1539 908 1593 calculum
964 1537 1196 1600 calculo,
1245 1549 1338 1591 aut
1391 1537 1611 1590 mistum
1659 1544 1713 1590 et
1765 1533 2060 1590 confusum

482 1642 630 1692 esse,
674 1626 837 1681 veluti
872 1641 1012 1696 aqua
1040 1636 1095 1681 et
1141 1627 1351 1680 vinum.
1403 1624 1509 1679 Sed
1554 1624 1699 1694 quod
1736 1624 1915 1676 anima
1965 1638 2063 1677 ne-

484 1726 651 1790 queat
679 1715 932 1786 adjacere
987 1718 1224 1786 corpori,
1269 1718 1323 1771 in
1361 1724 1596 1770 tractatu
1633 1715 1710 1769 De
1751 1716 1931 1768 auium
1974 1715 2065 1767 de-

485 1818 850 1866 monstratum
904 1819 1033 1864 est:
1084 1819 1230 1863 esset
1278 1809 1422 1863 enim
1475 1809 1589 1861 sola
1645 1823 1769 1877 pars
1818 1806 2065 1874 corporis

2171 618 2494 689 ἀδιάφθορον
2521 636 2534 682 ;
2570 617 2804 688 Ἀνάγκη
2834 616 2941 687 γὰρ
2970 616 3002 686 ἦ
3038 616 3274 687 ἡνῶσθαι
3305 615 3404 688 τὴν
3443 615 3620 685 ψυχὴν
3649 615 3743 669 καὶ

2172 713 2231 767 τὸ
2271 712 2448 783 σῶμα,
2480 713 2572 766 καὶ
2606 710 3023 780 συνηλλοιῶσθαι
3051 710 3144 762 καὶ
3176 708 3536 779 συνεφθάροαι
3569 708 3744 778 ἀμφόο

2168 822 2325 874 τερα,
2369 805 2444 867 ὡς
2483 805 2551 858 τά
2596 806 2861 873 στοιχεῖασ
2898 802 2931 872 ἦ
2972 803 3045 873 μὴ
3084 801 3322 872 ἡνῶσθαι
3375 802 3470 870 μὲν
3517 800 3603 853 διὰ
3645 800 3744 863 τὰς

2171 896 2574 967 προειρημένας
2610 894 2865 958 ἀτοπίας,
2905 893 3269 964 παρακεῖσθαι
3297 893 3351 945 δὲ
3382 893 3456 955 ὼς
3485 891 3744 963 χορευτὰς

2173 989 2231 1039 ὲν
2261 986 2435 1058 χορῷ,
2465 986 2498 1057 ἣ
2529 985 2704 1057 ψῆφον
2741 984 2927 1055 ψήφῳ,
2973 982 3007 1052 ἢ
3039 981 3336 1054 κεκρᾶσθαι
3377 980 3451 1042 ὡς
3483 979 3625 1050 ὕδωρ
3652 980 3747 1032 καὶ

2171 1074 2333 1133 οἶνον.
2378 1077 2516 1131 Ἀλλ’
2548 1078 2633 1131 ὅτι
2663 1078 2759 1148 μὲν
2789 1076 2849 1129 ού
2885 1074 3106 1129 δύναται
3136 1071 3498 1143 παρακεῖσθαι
3534 1070 3612 1140 τῷ
3644 1068 3748 1123 σώ-

2172 1188 2304 1240 ματι
2350 1171 2382 1241 ἡ
2416 1169 2581 1241 ψυχὴ,
2618 1170 2675 1221 ὲν
2716 1168 2792 1239 τῷ
2813 1166 2949 1235 Περὶ
2969 1162 3178 1232 ψυχῆς
3204 1163 3597 1217 ἀποδέδεικται.
3638 1158 3748 1215 Ἦν

2171 1265 2281 1336 γὰρ
2319 1262 2385 1316 ἂν
2421 1264 2578 1333 μόνον
2610 1262 2740 1315 αὐτὸ
2783 1260 2875 1313 τοῦ
2918 1257 3166 1329 σώματος
3210 1256 3451 1327 ἔμψυχον
3486 1255 3646 1327 μέρος
3685 1253 3748 1307 τὸ

2172 1352 2469 1423 πλησιάζον
2501 1356 2567 1424 τῇ
2598 1353 2740 1423 ψυχῇ
2766 1371 2778 1383 ·
2806 1353 2867 1405 τὸ
2903 1352 2957 1404 δὲ
2988 1352 3062 1422 μὴ
3108 1350 3447 1421 συνημμένον
3466 1389 3480 1407 .
3522 1349 3742 1418 ἄψυχον,

2172 1447 2309 1516 πρὸς
2340 1444 2416 1515 τῷ
2450 1447 2522 1516 μὴ
2557 1445 2811 1498 δύνασθαι
2847 1443 2904 1496 ἓν
2934 1443 3109 1512 λέγειν
3140 1439 3368 1497 εἶναιτὰ
3401 1443 3541 1496 κατά
3571 1443 3748 1510 παράσ

2172 1538 2339 1598 θεσιν,
2362 1539 2436 1601 ὡς
2464 1538 2612 1602 ξύλα,
2646 1540 2778 1608 φέρε
2809 1539 3000 1601 εἰπεῖν,
3026 1536 3058 1606 ἢ
3089 1536 3318 1606 σίδηρον,
3349 1537 3457 1606 ἧτι
3485 1532 3745 1588 τοιοῦτονο

2171 1633 2264 1686 καὶ
2306 1633 2338 1702 ἡ
2373 1633 2566 1702 κρᾶσις
2601 1630 2655 1683 δὲ
2684 1629 2778 1683 τοῦ
2806 1632 2947 1683 οἴνου
2982 1628 3075 1681 καὶ
3105 1628 3197 1682 τοῦ
3237 1628 3427 1690 ὓδατος
3465 1627 3749 1697 ἀμφότερα

2173 1721 2588 1793 συνδιαφθείρει.
2614 1719 2749 1781 Ούτε
2767 1719 2873 1791 γὰρ
2892 1719 3033 1791 ὕδωρ
3057 1720 3173 1770 ἐστὶ
3193 1719 3252 1772 τὸ
3278 1720 3466 1787 κρᾶμα
3487 1715 3745 1786 καθαρὸν,

2172 1814 2293 1868 οὔτε
2322 1811 2479 1877 οἶνος
2507 1815 2682 1868 καίτοι
2708 1814 2809 1883 τῆς
2858 1812 3113 1881 τοιαύτης
3135 1810 3380 1881 κράσεως
3403 1808 3544 1862 κατά
3574 1807 3751 1878 παρά-

486 1903 727 1954 animata
755 1914 877 1969 quae
908 1900 1155 1968 proxima
1186 1907 1335 1953 esset
1362 1899 1594 1965 animae;
1646 1913 1765 1966 qua:
1809 1913 1936 1950 vero
1975 1911 2065 1951 co-

2178 1905 2316 1958 θεσιν
2346 1905 2666 1977 γινομένης,
2716 1880 3083 1960 λανθάνουσαν
3111 1880 3210 1973 τὴν
3244 1902 3493 1971 αἴσθησιν
3514 1941 3529 1963 ,
3573 1900 3659 1952 διὰ
3689 1899 3752 1953 τὸ

485 1992 672 2061 pulata
704 2006 812 2045 non
841 1999 1008 2051 esset.
1038 1990 1296 2044 inanimis
1326 2008 1341 2057 ;
1385 1998 1744 2060 praeterquam
1775 1988 1921 2058 quod
1958 2002 2064 2039 non

486 2084 699 2153 possint
748 2098 914 2136 unum
949 2082 1057 2136 dici
1092 2096 1212 2150 quae
1246 2097 1341 2150 per
1382 2081 1781 2151 appositionem
1830 2087 1976 2143 sunt,
2010 2086 2068 2131 ut

486 2193 541 2230 ν.
577 2193 630 2246 g.
660 2178 805 2246 ligna
840 2184 933 2230 aut
965 2175 1170 2229 ferrum
1200 2184 1295 2229 aut
1322 2174 1529 2244 aliquid
1570 2173 1864 2241 ejusmodi.
1900 2173 2068 2227 Porro

486 2268 605 2324 vini
642 2275 697 2322 et
738 2283 893 2338 aqua}
939 2267 1124 2321 mistio
1161 2276 1456 2336 utrumque
1504 2266 1667 2320 simul
1711 2266 2014 2333 corrumpit
2051 2284 2065 2318 :

492 2376 673 2430 neque
703 2361 847 2415 enim
883 2374 1023 2430 aqua
1056 2367 1141 2414 est
1192 2359 1378 2414 mistio
1425 2374 1583 2428 pura,
1617 2372 1794 2426 neque
1828 2358 2012 2410 vinum
2052 2375 2067 2411 :

487 2453 703 2508 etiamsi
734 2450 1005 2521 ejusmodi
1034 2459 1523 2520 temperamentum
1550 2465 1646 2519 per
1677 2449 2069 2518 appositionem

492 2546 606 2607 liat,
633 2559 754 2613 qua:
782 2558 1002 2598 sensum
1033 2542 1203 2612 fugiat
1237 2552 1459 2612 propter
1485 2540 1802 2595 tenuitatem
1836 2541 2069 2608 partium

489 2652 684 2692 eorum
714 2651 835 2705 qua:
862 2636 1024 2688 mista
1059 2642 1222 2699 sunt;
1263 2633 1316 2687 id
1344 2648 1473 2688 vero
1496 2641 1714 2687 constat
1745 2647 1811 2686 ex
1838 2648 1905 2686 eo
1925 2630 2071 2701 quod

491 2744 690 2783 rursus
729 2743 757 2780 a
795 2743 855 2781 se
900 2726 1134 2779 invicem
1180 2724 1592 2779 discernuntur.
1648 2724 1884 2794 Spongia
1926 2733 2075 2778 certe

490 2823 613 2876 oleo
642 2821 809 2873 tincta
840 2819 987 2888 sngit
1014 2832 1205 2887 puram
1240 2832 1461 2887 aquam,
1488 2826 1544 2872 et
1571 2832 1830 2888 papyrus.
1872 2815 2074 2870 Verum

490 2929 558 2969 ex
587 2929 654 2969 eo
680 2913 840 2982 plane
872 2921 957 2965 est
996 2910 1141 2981 quod
1175 2909 1287 2965 fieri
1333 2923 1443 2963 non
1486 2916 1686 2979 potest,
1718 2916 1779 2961 ut
1821 2915 2076 2962 accurate

491 3005 647 3058 unita
685 3009 1008 3072 separentur
1037 3001 1251 3055 ratione
1294 3000 1567 3055 sensibili.
1608 2998 1765 3064 Quod
1806 2998 1851 3053 si
1903 3012 2077 3065 neque

491 3098 707 3151 unitum
738 3104 842 3183 e'st,
871 3110 1045 3162 neque
1073 3093 1317 3155 mistum,
1355 3108 1532 3162 neque
1559 3092 1794 3161 adjacet,
1825 3103 2075 3160 quasnam

491 3188 634 3242 ratio
677 3182 867 3241 estut
919 3186 1134 3240 dicatur
1190 3200 1359 3238 unum
1424 3182 1669 3237 animal?
1725 3182 1877 3236 Plato
1926 3188 2075 3235 certe

490 3280 655 3333 etiam
687 3278 755 3331 ob
784 3278 885 3332 hoc
917 3278 1168 3336 dubium,
1201 3291 1310 3330 non
1341 3275 1456 3328 vult
1486 3274 1689 3327 animal
1720 3288 1784 3327 ex
1816 3274 1997 3325 anima
2018 3278 2073 3325 et

492 3386 725 3440 corpore
757 3378 1031 3432 constare,
1077 3367 1170 3422 sed
1218 3367 1453 3420 animam
1482 3366 1700 3434 corpori
1747 3364 1987 3428 mistam,
2023 3372 2077 3417 et

490 3472 752 3531 tanquam
789 3461 1036 3514 indutam
1072 3473 1327 3528 corpore.
1357 3455 1561 3510 Verum
1590 3457 1705 3510 hzec
1734 3470 1955 3523 quoque
1989 3470 2078 3506 ra-

492 3555 574 3606 tio
628 3552 1035 3606 dubitationem
1092 3549 1331 3618 aliquam
1380 3549 1565 3602 habet.
1617 3546 1751 3600 Nam
1802 3545 2077 3615 quomodo

495 3659 665 3697 unum
708 3659 834 3697 esse
878 3648 1061 3711 potest
1110 3640 1317 3704 anima,
1364 3654 1488 3692 cum
1548 3637 1907 3691 indumento?
1958 3636 2075 3690 Non

492 3738 641 3792 enim
676 3736 818 3791 idem
856 3734 1046 3788 tunica
1095 3743 1149 3788 et
1200 3748 1367 3787 unum
1415 3740 1501 3787 est
1534 3748 1659 3787 cum
1701 3746 1932 3801 corpore
1960 3732 2076 3799 ipsa

494 3827 714 3882 induto.
746 3826 1073 3881 Ammonius
1104 3834 1288 3879 autem
1333 3824 1530 3877 doctor
1577 3822 1780 3877 Plotini
1813 3822 2075 3892 quaestio-

497 3937 622 3978 nem
656 3922 816 3976 istam
870 3920 976 3975 hoc
1020 3920 1182 3974 modo
1228 3918 1521 3973 solvebat:
1575 3915 1850 3986 siquidem
1898 3916 2077 3969 aiebat

497 4014 865 4084 intelligibilia
899 4012 1172 4082 ejusmodi
1203 4011 1312 4065 vim
1363 4019 1419 4065 et
1457 4017 1709 4064 naturam
1762 4009 1985 4069 habere,
2018 4014 2079 4061 ut

495 4107 660 4160 etiam
696 4106 842 4158 uniri
873 4103 1304 4173 percipientibns
1330 4104 1446 4172 ipsa
1472 4100 1848 4154 admitterent.
1876 4098 2078 4164 Quem-

498 4197 792 4249 admodum
824 4194 989 4249 simul
1027 4202 1310 4263 corrupta,
1341 4200 1396 4246 et
1421 4192 1606 4258 unita;
1651 4199 1706 4245 et
1738 4205 1959 4244 manere
1991 4189 2077 4242 in-

498 4288 753 4347 confusa,
806 4296 862 4339 et
909 4286 1265 4354 incorrupta,
1318 4284 1464 4337 velut
1511 4298 1574 4337 ea
1625 4298 1749 4349 quae
1792 4280 2077 4347 adjacent;

496 4380 700 4435 etenim
729 4379 785 4432 in
816 4377 1146 4447 corporibus
1172 4377 1305 4430 unio
1339 4377 1717 4429 alterationem
1739 4390 1929 4428 eorum
1957 4387 2079 4442 quae

497 4478 721 4537 coeunt,
754 4468 915 4524 edicit
944 4488 956 4522 :
990 4466 1440 4538 quandoquidem
1473 4466 1530 4520 in
1567 4466 1670 4519 alia
1703 4479 1935 4533 corpora
1959 4479 2078 4517 mu-

2167 1997 2498 2067 λεπτομερὲς
2530 1998 2636 2051 τῶν
2668 1996 3042 2068 κεκραμένων.
3078 1995 3244 2063 Δῆλον
3277 1994 3331 2045 δὲ
3363 1994 3426 2045 ὲκ
3466 1990 3560 2045 τοῦ
3590 1990 3751 2044 πάλιν

2168 2090 2263 2143 ἀπ’
2287 2089 2530 2160 ἀλλήλων
2553 2090 2995 2160 διαχωρίζεσθαι.
3025 2087 3271 2155 Σπόγγος
3294 2083 3424 2153 γοῦν
3448 2082 3748 2145 ὲλαιωθεὶς,

2169 2184 2430 2253 ἀνιμᾶται
2461 2180 2700 2252 καθαρὸν
2729 2179 2789 2232 τὸ
2832 2178 2996 2248 ὓδωρ,
3037 2176 3130 2228 καὶ
3166 2175 3433 2243 πάπυρος,
3473 2168 3753 2237 Αίσθητῶς

2169 2275 2224 2327 δὲ
2248 2273 2481 2345 χωρίσαι
2520 2272 2591 2324 τὰ
2616 2270 2858 2342 ἀκριϐῶς
2888 2267 3157 2339 ἡνωμένα,
3193 2265 3535 2318 παντάπασιν
3563 2258 3753 2313 ἀδύνα-

2169 2383 2278 2419 τον.
2309 2365 2371 2419 Εί
2396 2366 2453 2418 δὲ
2497 2366 2632 2434 μήτε
2662 2364 2885 2433 ἥνωται,
2917 2360 3055 2431 μήτε
3088 2358 3371 2428 κέκραται,
3406 2355 3542 2423 μήτε
3572 2351 3751 2422 παρά-

2171 2475 2367 2520 κειται,
2394 2458 2476 2520 τίς
2500 2459 2528 2509 ὁ
2555 2456 2710 2523 λόγος
2742 2452 2836 2507 τοῦ
2865 2454 2927 2506 τὸ
2961 2452 3098 2515 ζῶον
3124 2450 3180 2503 ἒν
3210 2446 3498 2517 λέγεσθαι;
3529 2445 3753 2498 Πλάτων

2175 2551 2271 2620 μὲν
2303 2545 2394 2602 οὖν
2430 2549 2525 2601 καὶ
2550 2547 2636 2600 διὰ
2678 2545 2878 2615 ταύτην
2916 2545 3014 2613 τὴν
3054 2543 3286 2612 ἀπορίαν
3322 2541 3382 2592 οὐ
3419 2539 3663 2609 βούλεται
3693 2536 3754 2589 τδ

2173 2642 2311 2705 ζῶον
2341 2642 2405 2694 ὲκ
2438 2641 2614 2711 ψυχῆς
2650 2637 2786 2692 εἶναι
2820 2638 2914 2690 καὶ
2951 2635 3233 2706 σώματος,
3278 2633 3411 2686 άλλά
3442 2630 3616 2703 ψυχὴν
3652 2629 3753 2683 σώ-

2178 2750 2306 2804 ματι
2336 2731 2701 2802 κεκραμένην,
2733 2729 2826 2782 καλ⁸
2855 2727 3042 2797 ὥσπερ
3076 2725 3431 2795 ἐνδεδυμένην
3460 2723 3519 2776 τὺ
3552 2721 3711 2793 σῶμα
3733 2735 3750 2752 ⁸

2173 2824 2286 2894 ἔχει
2323 2824 2379 2877 δὲ
2414 2822 2508 2876 καὶ
2551 2814 2703 2883 οὗτος
2740 2822 2768 2873 ὁ
2813 2819 2968 2887 λόγος
3018 2816 3220 2887 ἄπορόν
3264 2833 3336 2869 τι.
3382 2815 3506 2878 Πῶς
3544 2813 3652 2884 γάρ
3694 2811 3753 2865 ἐν

2175 2910 2313 2970 εἶναι
2346 2914 2565 2968 δύναται
2604 2912 2740 2983 μετά
2779 2910 2873 2963 τοῦ
2916 2909 3210 2979 ἐνδύματος
3247 2909 3280 2978 ή
3310 2906 3496 2977 eum;
3540 2905 3615 2957 Ού
3646 2902 3755 2973 γὰρ

2175 3009 2232 3061 ἓν
2279 3011 2306 3061 ὁ
2344 3005 2509 3077 χιτὼν
2557 3004 2693 3075 μετά
2728 3004 2822 3056 τοῦ
2869 3002 3235 3071 ἐνδεδυμένου.
3286 2997 3591 3069 Ἀμμώνιος
3635 2997 3691 3049 δὲ
3727 2997 3756 3049 6

2174 3099 2487 3160 διδάσκαλος
2520 3096 2791 3151 Πλωτίνου
2833 3095 2893 3147 τὸ
2937 3092 3266 3163 ζητούμενον
3298 3089 3487 3144 τοῦτον
3510 3089 3601 3141 τὸν
3627 3087 3754 3156 τρό-

2178 3209 2278 3245 πον
2323 3190 2586 3245 ἀπελύετο
2612 3206 2627 3221 ·
2670 3188 2820 3255 ἔλεγε
2862 3186 2971 3256 γὰρ
3008 3186 3076 3239 τά
3119 3185 3283 3254 νοητά
3334 3182 3584 3250 τοιαύτην
3613 3181 3756 3250 ἔχειν

2180 3282 2363 3351 φύσιν,
2384 3280 2458 3342 ὡς
2481 3280 2575 3332 καὶ
2594 3276 2843 3331 ὲνοῦσθαι
2864 3278 2971 3338 τοῖς
2994 3274 3306 3344 δυναμένοις
3324 3272 3459 3325 αὐτὰ
3481 3268 3753 3334 δέξασθαι,

2180 3373 2428 3442 καθάπερ
2457 3370 2526 3423 τά
2552 3368 2966 3441 συνεφθαρμένα
2995 3368 3087 3420 καὶ
3122 3366 3399 3437 ἡνωμένα,
3437 3363 3531 3416 καὶ
3578 3361 3756 3433 μένειν

2179 3466 2458 3535 ἀσύγχυτα
2490 3464 2583 3518 καὶ
2621 3462 2943 3532 ἀδιάφθορα,
2973 3462 3045 3524 ὡς
3077 3460 3141 3513 τά
3180 3458 3580 3528 παρακείμενα.
3635 3455 3758 3508 Ἐπὶ

2183 3559 2282 3630 μὲν
2319 3560 2427 3627 γὰρ
2463 3556 2572 3609 τῶν
2607 3553 2874 3624 σωμάτων
2911 3555 2943 3622 ἡ
2987 3552 3181 3615 ἓνωσις
3224 3549 3504 3602 ἀλλοίωσιν
3542 3548 3761 3610 πάντως

2178 3650 2287 3703 τῶν
2324 3650 2610 3701 συνιόντων
2652 3647 2974 3717 ἐργάζεται·
3025 3644 3322 3714 ἐπειδήπερ
3357 3644 3434 3706 είς
3478 3640 3613 3694 ἄλλα
3651 3638 3757 3693 σώο

2185 3758 2330 3811 ματα
2351 3738 2761 3810 μεταϐάλλεται,
2786 3737 2861 3800 ὼς
2879 3736 2948 3789 τὰ
2968 3738 3204 3805 στοιχεῖα
3224 3737 3302 3797 εἰς
3317 3733 3384 3786 τά
3410 3733 3756 3802 συγκείμενα,

2181 3832 2275 3887 καὶ
2304 3834 2358 3884 αἱ
2395 3832 2589 3902 τροφαὶ
2626 3831 2705 3894 εἰς
2729 3825 2866 3897 αἷμα
2889 3845 2903 3858 °
2934 3829 2995 3881 τὸ
3037 3827 3093 3880 δὲ
3122 3821 3260 3897 αἷμα
3300 3827 3380 3888 εἰς
3413 3825 3589 3894 σάρκα
3608 3864 3621 3885 ,
3664 3824 3759 3876 καὶ

2179 3925 2248 3978 τά
2292 3923 2455 3977 λοιπά
2500 3923 2661 3996 μόρια
2700 3921 2794 3974 τοῦ
2843 3919 3090 3990 σώματος
3114 3937 3128 3950 ·
3184 3918 3274 3971 ἐπὶ
3309 3916 3363 3969 δὲ
3410 3915 3516 3969 τῶν
3554 3914 3759 3985 νοητῶν

2181 4018 2373 4082 ἓνωσις
2422 4018 2519 4087 μὲν
2550 4018 2779 4085 γίνεται,
2825 4014 3110 4077 ἀλλοίωσις
3140 4011 3196 4065 δὲ
3239 4013 3299 4065 ού
3342 4009 3791 4083 παρακολουθεϊη,

2182 4110 2255 4163 Ού
2294 4110 2403 4179 γὰρ
2428 4108 2643 4176 πέφυκε
2662 4107 2849 4177 νοητὸν
2878 4108 2999 4159 κατ’
3035 4104 3222 4158 οὐσίαν
3250 4103 3610 4164 ἀλλοιοῦσθαι,
3646 4102 3789 4168 ἀλλ’;

2181 4201 2214 4271 ἢ
2260 4200 2555 4265 ἐξίσταται,
2587 4201 2619 4269 ἦ
2655 4201 2735 4262 είς
2778 4199 2837 4251 τὸ
2880 4198 2952 4268 μὴ
2996 4197 3056 4250 ὃν
3091 4196 3403 4267 φθείρεται·
3459 4195 3791 4265 μεταϐολὴν

2181 4291 2237 4344 δὲ
2264 4293 2361 4345 οὐκ
2389 4292 2723 4361 ἐπιδέχεται,
2758 4289 2870 4342 ἀλλ’
2899 4288 3022 4341 οὔτε
3047 4291 3127 4352 εἰς
3165 4289 3223 4341 τὸ
3260 4289 3333 4358 μὴ
3368 4287 3425 4341 ὃν
3459 4271 3789 4358 φθείρεται.ξ

2184 4384 2258 4435 υύ
2286 4383 2394 4454 γὰρ
2428 4379 2496 4455 ἦν
2527 4382 2791 4444 ἀθάνατος
2822 4382 2915 4434 καὶ
2941 4384 2973 4453 ὴ
3012 4380 3156 4452 ψυχὴ
3194 4380 3305 4449 ζωὴ
3336 4374 3490 4443 οὖσα,
3522 4381 3569 4431 εἰ
3598 4382 3654 4432 ὲν
3691 4382 3757 4451 τῇ
3781 4404 3791 4425 ιη

2184 4474 2377 4543 κράσει
2421 4471 2806 4541 μετεσάλλετο·
2857 4471 3121 4541 ἠλλοιώθη
3170 4470 3257 4537 ἂν,
3302 4471 3394 4524 καὶ
3427 4472 3526 4524 οὐκ
3563 4466 3632 4541 ἦν
3678 4469 3761 4524 ἔτι

499 4574 708 4626 tantur,
756 4570 816 4615 ut
841 4562 1107 4616 elementa
1142 4561 1195 4613 in
1232 4575 1322 4614 res
1350 4558 1706 4628 compositas,
1738 4565 1791 4611 et
1818 4558 2073 4610 alimenta

2186 4562 2319 4634 ζωή.
2352 4564 2417 4615 Τί
2447 4563 2501 4615 δὲ
2550 4563 2903 4617 συνεόάλλετο
2933 4563 3011 4634 τῷ
3042 4562 3283 4634 σώματι,
3316 4565 3364 4615 εί
3400 4564 3472 4633 μὴ
3503 4565 3760 4634 παρεῖχεν

499 4656 556 4711 in
586 4657 936 4724 sanguinem,
972 4652 1197 4722 sanguis
1224 4666 1354 4705 vero
1406 4653 1461 4704 in
1493 4665 1715 4704 carnem
1754 4656 1809 4703 et
1838 4648 2079 4715 reliquas

498 4748 756 4816 corporis
800 4753 1004 4815 partes.
1045 4743 1163 4797 Jam
1202 4756 1333 4797 vero
1382 4743 1440 4796 in
1474 4740 1912 4811 intelligibilibus
1947 4738 2079 4792 unio

499 4841 724 4909 quidem
754 4839 832 4904 lit,
859 4842 952 4893 sed
984 4837 1238 4889 alteratio
1265 4852 1374 4889 non
1396 4835 1771 4905 subsequitur.
1805 4831 1909 4887 Sed
1932 4832 2078 4886 enim

501 4931 850 5001 intelligibile
878 4946 983 4983 non
1021 4929 1162 4982 solet
1183 4927 1486 4982 secundum
1509 4926 1802 4982 essentiam
1834 4923 2078 4987 alterari,

501 5037 692 5078 verum
728 5031 910 5075 autem
941 5021 1165 5078 excidit.
1202 5027 1297 5073 aut
1324 5020 1380 5072 in
1411 5019 1639 5072 nihilum
1671 5018 1802 5081 abit,
1862 5032 1925 5070 ac
1960 5033 2081 5069 mu—

502 5114 766 5167 tationem
820 5127 926 5165 non
970 5111 1252 5177 admittit,
1318 5126 1496 5180 neque
1555 5125 1686 5166 vero
1742 5110 1795 5163 in
1848 5110 2079 5164 nihilum

503 5205 664 5275 perit.
702 5201 822 5256 Non
852 5203 996 5257 enim
1028 5203 1207 5257 anima
1249 5201 1578 5255 immortalis
1605 5208 1778 5265 esset,
1812 5217 1935 5256 cum
1966 5202 2080 5272 ipsa

503 5298 617 5349 vita
648 5296 738 5360 sit,
773 5295 1047 5364 siquidem
1078 5295 1131 5348 in
1158 5294 1418 5348 mistione
1447 5302 1775 5355 mutaretur,
1809 5294 1998 5362 utique
2029 5303 2083 5347 et

504 5390 618 5443 vita
661 5388 898 5458 amplius
929 5404 1040 5442 non
1073 5394 1243 5443 esset.
1274 5385 1415 5451 Quid
1449 5398 1628 5440 autem
1658 5385 1935 5440 conferret
1963 5401 2085 5440 cor-

505 5484 644 5553 pori,
671 5483 716 5537 si
746 5482 910 5535 vitam
938 5481 1042 5549 ipsi
1074 5495 1183 5535 non
1218 5480 1521 5550 praeberet?
1548 5478 1736 5549 Itaque
1767 5480 1950 5533 anima
1973 5494 2083 5532 non

506 5575 773 5630 alteratur
808 5575 863 5627 in
905 5573 1129 5627 unione.
1165 5571 1278 5628 Hoc
1306 5572 1474 5643 igitur
1499 5571 1897 5635 demonstrato,
1939 5570 2083 5639 quod

507 5665 874 5734 intelligibilia
920 5680 1030 5718 non
1074 5665 1362 5719 varientur
1414 5664 1715 5719 secundum
1761 5664 2082 5726 essentiam,

505 5758 822 5812 necessario
858 5757 1239 5827 consequitur,
1279 5766 1333 5811 ut
1366 5772 1475 5810 non
1514 5771 1619 5809 una
1671 5765 1917 5826 pereant,
1960 5758 2086 5826 qni—

506 5847 611 5905 bus
640 5849 819 5903 anima
852 5850 1071 5920 corpori
1117 5850 1324 5905 unitur.
1375 5848 1511 5905 Nam
1556 5850 1700 5921 quod
1740 5850 1954 5904 unitum
1990 5851 2081 5915 sit,

2187 4654 2335 4725 αύτῷ
2375 4655 2471 4726 τὴν
2508 4654 2684 4725 ζωήν;
2716 4655 2827 4707 Οὐκ
2862 4655 2970 4728 ἄρα
3011 4654 3313 4709 ἀλλοιοῦται
3356 4657 3388 4724 ἡ
3425 4655 3569 4725 ψυχὴ
3608 4657 3664 4707 ἐν
3693 4656 3759 4724 τῇ

2184 4748 2393 4802 ἐνώσει.
2456 4748 2809 4817 Δεδειγμένου
2860 4749 3038 4801 τοίνυν
3086 4748 3309 4811 τούτου,
3349 4749 3429 4801 ὅτι
3480 4748 3548 4801 τὰ
3597 4747 3765 4817 νοητά

2187 4840 2517 4895 ἀναλλοίωτα
2570 4843 2687 4893 κατ’
2721 4840 2907 4893 οὐσίαν
2951 4839 3121 4905 εἰσὶν,
3164 4841 3477 4907 ἀναγκαίως
3524 4856 3765 4909 παρακο-

2186 4932 2366 4986 λουθεῖ
2400 4933 2462 4985 τὸ
2494 4932 2567 5004 μὴ
2599 4932 3098 5003 συνδιαφθείρεσθαι
3140 4928 3221 4994 οἷς
3248 4934 3451 5002 ἥνωται
3485 4930 3694 5000 σώματι
3729 4932 3761 5001 ὴ

2188 5025 2331 5094 ψυχή
2360 5042 2372 5054 υ
2408 5025 2489 5076 ὅτι
2531 5024 2626 5092 μὲν
2656 5023 2765 5094 γάρ
2800 5023 3037 5092 ἥνωται,
3073 5024 3105 5092 ἡ
3154 5022 3461 5092 συμπάθεια
3503 5021 3760 5074 δείκνυσι.

2190 5116 2475 5185 Συμπαθεῖ
2502 5116 2606 5186 γὰρ
2643 5115 2761 5167 ὅλον
2792 5115 2969 5184 ἑαυτῷ
3000 5114 3057 5166 τὸ
3091 5113 3248 5178 ζῶον,
3277 5113 3351 5175 ὡς
3384 5113 3441 5165 ἓν
3472 5114 3529 5165 ὅν
3550 5128 3565 5143 ο
3598 5115 3678 5166 ὅτι
3710 5113 3764 5164 δὲ

2190 5209 2284 5260 καὶ
2318 5206 2618 5276 ἁσύγχυτον
2654 5205 2825 5276 μένει,
2848 5200 3003 5277 δῆλον
3034 5209 3096 5258 ἐκ
3124 5206 3217 5259 τοῦ
3243 5205 3341 5276 τὴν
3366 5206 3543 5276 ψυχὴν
3568 5206 3764 5276 τρόπον

2188 5302 2309 5353 τινὰ
2344 5299 2720 5370 χωριζομένην
2754 5301 2817 5352 ὲκ
2858 5299 2951 5352 τοῦ
2984 5298 3231 5369 σώματος
3264 5300 3321 5351 ὲν
3359 5299 3434 5369 τῷ
3466 5297 3639 5368 ὕπνῳ,
3675 5298 3766 5350 καὶ⁹

2191 5393 2379 5464 ὥσπερ
2408 5392 2602 5462 νεκρὸν
2632 5392 2764 5444 αὐτὸ
2791 5391 3003 5445 κεῖσθαι
3043 5391 3447 5445 καταλιποῦσαν
3465 5408 3480 5423 ·
3527 5391 3685 5460 μόνον
3709 5388 3766 5441 δὲ

2191 5484 2585 5555 ὲξατμίζουσαν
2618 5485 2764 5555 αύτῷ
2795 5486 2892 5555 τὴν
2927 5484 3070 5555 ζωὴν
3091 5525 3104 5549 ,
3133 5486 3219 5537 ἵνα
3255 5485 3329 5555 μὴ
3359 5482 3634 5545 παντελῶς
3660 5483 3766 5533 ἀπ-

2190 5577 2398 5647 όληται,
2432 5576 2553 5629 καθ’
2581 5578 2778 5647 ἑαυτὴν
2803 5578 2860 5629 ὲν
2893 5579 3006 5639 τοῖς
3038 5576 3262 5648 ὀνείροις
3286 5578 3547 5645 ἐνεργεῖν,
3579 5573 3765 5628 θεσπί-

2192 5667 2389 5732 ζουσαν
2427 5670 2486 5722 τὸ
2527 5668 2751 5738 μέλλον,
2796 5670 2891 5722 καὶ
2926 5672 3038 5733 τοῖς
3086 5671 3294 5739 νοητοῖς
3341 5667 3762 5738 πλησιάζουσαν.

2193 5762 2265 5814 Τὸ
2290 5762 2419 5815 αὐτὸ
2442 5762 2498 5814 δὲ
2534 5761 2821 5831 συμϐαίνει
2856 5764 2949 5816 καὶ
2980 5762 3108 5815 ὅταν
3150 5760 3546 5832 ὲπισκέπτηταί
3580 5776 3628 5811 τι
3660 5757 3767 5810 τῶν

2193 5854 2415 5926 νοητῶν.
2455 5854 2565 5909 Καὶ
2590 5853 2709 5908 τότε
2738 5854 2865 5927 γὰρ,
2902 5855 2977 5920 ὠς
3004 5848 3113 5909 οἶόν
3139 5872 3219 5922 τε,
3251 5852 3342 5907 τοῦ
3369 5852 3625 5922 σώματος
3651 5848 3768 5901 ἐαυ-
