4166 6372
378 395 481 451 917

1822 394 1911 450 DE
1945 393 2183 449 ANIMA.

3523 390 3631 450 ⁸218

381 510 479 582 τὴν
519 508 763 582 χωρίζει,
806 511 898 565 καὶ
943 512 1064 568 καθ’
1110 513 1310 585 ἑαυτὴν
1348 513 1614 583 γίγνεται,
1658 514 1745 567 ἴνα
1790 513 1961 577 οὕτως

2073 521 2289 566 mutuus
2341 509 2569 565 allectus
2616 508 2856 564 declarat
2898 526 2913 562 :
2962 507 3165 565 etenim
3210 512 3383 563 totum
3432 509 3633 562 animal

382 603 644 675 ἐπιϐάλλῃ
698 607 808 667 τοῖς
857 599 1007 659 οὖσιν
1035 622 1049 637 ⁸
1102 606 1392 677 ἀσώματος
1441 607 1548 680 γὰρ
1599 602 1734 660 οὖσα
1785 606 1958 661 διόλου

382 692 716 764 κεχώρηκεν,
752 694 827 758 ὡς
859 695 929 748 τὰ
963 697 1378 768 συνεφθαρμένα
1398 712 1411 726 ·
1446 699 1680 769 μένουσα
1708 698 1962 768 ἀδιάφθο-

385 801 476 853 ρος
511 784 603 836 καὶ
632 784 955 855 ἁσύγχυτος,
991 789 1084 842 καὶ
1115 789 1234 842 καθ’
1263 790 1458 860 ἑαυτὴν
1499 790 1834 854 ἰνδιόιζουσα,
1870 792 1964 844 καὶ

383 877 439 931 ὲν
469 870 550 938 οἷς
581 875 647 929 ἂν
672 878 895 947 γένηται
924 879 1198 949 τρέπουσα
1227 883 1408 933 ἐκεῖνα
1436 880 1577 934 κατὰ
1611 881 1708 953 τὴν
1741 882 1798 934 ὲν
1825 884 1960 952 αὐτῇ

383 966 547 1039 ζωὴν,
605 967 695 1023 καὶ
746 968 820 1039 μὴ
856 971 1161 1041 τρεπομένη
1216 972 1307 1025 ὑπ’
1355 972 1595 1026 ἐκείνων.
1654 975 1740 1038 Ὠς
1781 973 1889 1045 γὰρ
1934 976 1964 1027 ό

381 1059 531 1129 ἣλιος
559 1062 624 1130 τῇ
653 1060 757 1132 ἰδίᾳ
778 1063 1049 1133 παρουσίᾳ
1070 1063 1234 1117 αὑτοῦ
1262 1064 1352 1117 τὸν
1376 1065 1517 1135 ἀέρα
1544 1068 1623 1129 είς
1649 1065 1763 1135 φῶς
1796 1084 1962 1136 μετα-

384 1150 589 1214 ὅάλλει,
627 1152 796 1207 ποιῶν
834 1153 995 1206 αὑτὸν
1029 1155 1310 1224 φωτοειδῆ,
1340 1157 1433 1209 καὶ
1476 1155 1689 1209 ἑνοῦται
1732 1156 1809 1226 τῷ
1842 1156 1963 1226 ἀέρι

381 1238 443 1290 τὸ
476 1238 613 1307 φῶς,
652 1241 966 1311 ἀσυγχύτως
999 1241 1115 1312 ἅμα
1146 1244 1293 1314 αὐτῷ
1324 1245 1647 1314 κεχυμένον·
1678 1246 1771 1297 τὸν
1802 1245 1964 1298 αὐτὸν

383 1331 582 1399 τρόπον
644 1333 737 1385 καὶ
788 1336 820 1402 ἡ
873 1332 1017 1404 ψυχὴ
1080 1336 1341 1407 ένουμένη
1400 1337 1477 1406 τῷ
1541 1335 1753 1408 σώματι
1813 1337 1963 1408 μένει

383 1421 707 1492 ἀσύγχυτος,
732 1425 871 1478 κατὰ
892 1426 1049 1479 τοῦτο
1084 1427 1241 1495 μόνον
1266 1427 1671 1490 διαλλάττουσα,
1698 1431 1780 1483 ὅτι
1808 1432 1836 1482 ό
1864 1429 1965 1498 μὲν

383 1515 535 1585 ἣλιος
566 1516 724 1586 σῶμα
751 1516 845 1581 ῶν,
882 1522 974 1571 καὶ
1009 1519 1158 1590 τόπῳ
1197 1523 1690 1591 περιγραιρόμενος,
1720 1524 1819 1575 οὐκ
1849 1521 1964 1576 ἔστι

386 1606 658 1676 πανταχοῦ
704 1605 831 1660 ἔνθα
874 1609 965 1660 καὶ
1000 1609 1059 1661 τὸ
1095 1609 1208 1679 φῶς
1242 1611 1430 1674 αὑτοῦ,
1475 1612 1547 1674 ὡς
1583 1613 1701 1665 οὐδὲ
1730 1613 1790 1665 τὸ
1822 1611 1961 1684 πῦρ·

388 1698 538 1768 μένει
586 1696 695 1769 γὰρ
725 1699 817 1751 καὶ
861 1699 993 1753 αὐτὸ
1032 1702 1089 1753 ἐν
1133 1704 1246 1765 τοῖς
1295 1702 1489 1767 ξύλοις,
1536 1702 1568 1773 ἢ
1605 1706 1661 1756 ὲν
1690 1703 1963 1775 θρυαλλίδι

382 1790 684 1861 δεδεμένον,
719 1791 796 1855 ὠς
833 1794 889 1844 ἐν
918 1794 1068 1864 τόπῳ
1093 1810 1105 1823 ·
1137 1796 1169 1865 ἡ
1202 1795 1258 1847 δὲ
1288 1794 1433 1865 ψυχὴ
1464 1794 1755 1866 ἀσώματος
1786 1792 1920 1849 οὖσα
1943 1839 1958 1861 ,

2065 601 2275 671 sibiipsi
2324 601 2689 671 compatitur,
2736 617 2862 657 cum
2908 618 3078 656 unum
3109 600 3223 656 sit:
3274 598 3419 671 quod
3450 609 3633 655 autem

2064 709 2175 748 non
2222 691 2513 746 confusum
2550 700 2788 754 maneat,
2832 707 2898 745 ex
2946 707 3012 746 eo
3058 698 3227 760 patet,
3260 692 3407 760 quod
3454 692 3637 744 anima

2063 782 2468 855 quodammodo
2517 790 2770 852 separata
2807 798 2838 836 a
2887 798 3120 852 corpore
3168 783 3222 836 in
3256 782 3466 836 somnis
3510 791 3636 836 tan-

2064 890 2228 947 quam
2261 875 2493 929 cadaver
2521 873 2794 943 quoddam
2828 878 3006 944 ipsum
3035 874 3395 942 derelinquat,
3429 888 3493 926 ac
3516 881 3639 927 tan—

2064 976 2177 1022 tum
2208 967 2429 1022 exhalet
2459 967 2565 1037 ipsi
2597 967 2786 1031 vitam,
2823 976 2882 1019 ut
2923 980 3034 1020 non
3067 966 3291 1020 omnino
3340 973 3547 1034 pereat,
3587 973 3641 1018 et

2066 1077 2161 1133 per
2193 1075 2272 1124 se,
2303 1058 2434 1113 dum
2462 1060 2692 1130 sopitur,
2724 1067 3004 1130 operetur,
3053 1059 3350 1114 divinando
3380 1057 3524 1128 quod
3556 1058 3642 1111 fu-

2065 1161 2251 1207 turum
2296 1160 2416 1218 est,
2471 1162 2527 1208 et
2573 1152 2639 1207 ad
2686 1152 3053 1223 intelligibilia
3098 1150 3433 1207 accedendo.
3495 1149 3641 1205 ldem

2064 1261 2284 1317 quoque
2308 1260 2410 1299 usu
2447 1245 2789 1307 venit,etiam
2804 1260 2926 1299 cum
2946 1242 3325 1298 consideratur
3342 1242 3547 1312 aliquid
3575 1257 3644 1297 ex

2067 1337 2502 1407 intelligibilibus
2539 1356 2552 1391 :
2582 1345 2715 1391 tunc
2731 1336 2898 1400 enim,
2930 1334 3111 1406 quoad
3143 1335 3265 1405 ejus
3295 1334 3410 1389 fieri
3441 1342 3642 1405 potest,

2067 1445 2127 1485 se
2154 1444 2185 1483 a
2216 1443 2449 1498 corpore
2490 1428 2750 1498 sejuugit,
2785 1436 2840 1482 et
2889 1428 2973 1483 sui
3023 1426 3164 1498 juris
3214 1426 3295 1491 lit,
3347 1433 3408 1481 ut
3450 1427 3530 1482 sic
3577 1426 3645 1480 iis

2063 1537 2188 1592 qua:
2214 1528 2361 1585 sunt,
2402 1521 2701 1574 incumbat.
2735 1517 2867 1574 Nam
2902 1536 3026 1575 cum
3068 1520 3390 1590 incorporea
3426 1519 3518 1579 sit,
3550 1533 3647 1589 per

2067 1621 2239 1667 totum
2266 1612 2592 1681 penetravit,
2620 1627 2714 1681 per
2736 1627 2797 1665 ea
2823 1627 2941 1679 qua:
2965 1618 3393 1679 corrumpuntur
3420 1623 3647 1663 manens

2070 1704 2391 1774 incorrupta
2417 1712 2472 1758 et
2503 1720 2609 1758 non
2634 1703 2890 1767 confusa,
2922 1712 2977 1759 et
3001 1720 3099 1773 per
3127 1719 3185 1758 se
3206 1703 3408 1773 degens
3432 1718 3447 1767 ;
3483 1710 3649 1771 atque

2070 1796 2164 1849 illa
2198 1811 2322 1850 cum
2354 1796 2555 1864 quibus
2583 1804 2840 1848 versatur
2868 1801 3064 1853 mutat,
3096 1800 3151 1847 et
3180 1791 3246 1845 ad
3290 1791 3459 1844 vitam
3493 1805 3650 1844 suam

385 1885 482 1938 καὶ
516 1884 591 1955 μὴ
624 1888 1072 1958 περιγραφομένη
1103 1887 1273 1957 τόπῳ,
1301 1887 1393 1958 ὅλη
1421 1887 1488 1940 δι’
1512 1888 1632 1941 ὅλου
1657 1891 1838 1961 χωρεῖ,
1868 1890 1963 1941 καὶ

2073 1885 2400 1949 conformat,
2435 1900 2537 1939 nec
2573 1886 2641 1938 ab
2696 1885 2807 1939 illis
2856 1892 3117 1937 niutatur.
3167 1881 3325 1936 Sicut
3364 1880 3511 1935 enim
3566 1880 3650 1933 sol

384 1977 478 2029 τοῦ
507 1976 684 2045 φωτὸς
716 1978 884 2047 αὐτῆς
910 1978 1002 2030 καὶ
1037 1978 1131 2031 τοῦ
1162 1978 1442 2049 σώματος’
1473 1981 1567 2032 καὶ
1594 1980 1693 2033 οὐκ
1726 1980 1839 2032 ἐστι
1870 1979 1966 2049 μέ-

390 2086 481 2138 ρος
511 2069 874 2139 φωτιζόμενον
905 2070 994 2122 ὑπ’
1025 2071 1212 2140 αὐτῆς,
1242 2073 1301 2124 ὲν
1344 2064 1388 2138 ᾧ
1434 2071 1506 2143 μὴ
1537 2072 1629 2143 ὅλη
1669 2072 1928 2143 πάρεστιν
1948 2088 1961 2101 ⁸

384 2159 447 2211 οὐ
474 2158 581 2229 γὰρ
608 2162 888 2229 κρατεῖται
916 2160 1021 2213 ὑπὸ
1043 2160 1136 2213 τοῦ
1165 2160 1434 2232 σώματος,
1470 2162 1584 2217 ἀλλ’
1615 2162 1752 2233 αὐτὴ
1777 2163 1969 2234 κρατεῖ

385 2249 447 2302 τὸ
487 2249 678 2319 σῶμα·
721 2251 840 2304 οὐδὲ
880 2253 936 2303 ὲν
972 2252 1049 2323 τῷ
1089 2252 1300 2323 σώματί
1340 2255 1508 2318 ἐστιν,
1547 2254 1623 2318 ὡς
1658 2256 1716 2307 ὲν
1761 2254 1968 2325 ἀγγείῳ

387 2343 420 2414 ἦ
468 2342 655 2413 ἀσκῷ,
693 2343 827 2397 ἀλλὰ
857 2345 1056 2414 μᾶλλον
1090 2346 1151 2399 τὸ
1191 2346 1348 2416 σῶμα
1381 2348 1439 2399 ὲν
1488 2347 1681 2420 ταύτῃ.
1720 2348 1813 2418 Μὴ
1856 2365 1966 2401 κω-

387 2434 623 2506 λυόμενα
664 2435 772 2508 γὰρ
808 2437 914 2491 ὑπὸ
939 2437 1048 2490 τῶν
1082 2440 1349 2509 σωμάτων
1384 2440 1451 2493 τὰ
1492 2441 1677 2512 νοητὰ,
1719 2441 1853 2494 ἀλλὰ
1880 2440 1970 2493 διὰ

388 2529 590 2591 παντὸς
650 2528 902 2599 σώματος
964 2530 1241 2601 χωροῦντα
1291 2533 1384 2586 καὶ
1436 2532 1824 2601 διαφοιτῶντα,
1876 2534 1969 2585 καὶ

385 2620 670 2686 διεξιόντα,
696 2621 795 2690 οὐχ
820 2613 910 2673 οἷά
934 2620 994 2672 τέ
1026 2623 1172 2674 ἐστιν
1206 2622 1309 2674 ὑπὸ
1338 2622 1447 2675 τῶν
1484 2622 1813 2693 σωματικῶν
1840 2641 1968 2675 κατ-

387 2710 606 2781 έχεσθαι
629 2727 642 2741 ’
677 2712 841 2781 νοητὰ
883 2712 991 2782 γὰρ
1022 2712 1150 2766 ὅντα
1189 2715 1246 2766 ὲν
1270 2717 1382 2778 τοῖς
1426 2719 1633 2783 νοητοῖς
1662 2717 1753 2769 καὶ
1781 2717 1969 2778 τόποις

390 2802 545 2856 εἰσιν.
604 2804 671 2855 Ἢ
711 2803 819 2873 γὰρ
862 2805 919 2855 ἐν
970 2804 1170 2869 αὐτοῖς,
1220 2803 1254 2875 ἢ
1300 2806 1356 2857 ὲν
1397 2807 1509 2868 τοῖς
1556 2806 1971 2875 ὑπερκειμένοις

389 2898 596 2963 νοητοῖς
622 2911 633 2923 ·
661 2894 737 2958 ὡς
763 2893 908 2967 ψυχὴ
949 2897 1077 2950 ποτὲ
1132 2895 1232 2965 μὲν
1272 2897 1329 2948 ἐν
1364 2898 1531 2968 ἑαυτῇ
1564 2899 1729 2963 ἐστιν,
1774 2898 1849 2960 ὡς
1881 2897 1969 2949 ὅτε

387 2984 677 3053 λογίζεται,
719 2987 850 3039 ποτὲ
879 2988 936 3040 δὲ
968 2988 1026 3040 ὲν
1055 2987 1132 3057 τῷ
1157 2987 1253 3058 νῷ,
1288 2989 1414 3041 ὅταν
1440 2992 1554 3060 νοῇ.
1600 2990 1765 3044 Ἐπὰν
1793 2985 1885 3043 οὖν
1911 2992 1970 3042 ἐν

392 3078 602 3149 σώματι
631 3080 844 3149 λέγεται
875 3075 1035 3145 εἷναι,
1068 3082 1167 3151 οὐχ
1189 3081 1265 3145 ὡς
1290 3084 1347 3135 ἐν
1371 3082 1522 3151 τόπῳ
1550 3081 1631 3152 τῷ
1657 3081 1866 3153 σώματι
1892 3081 1970 3135 λέ-

389 3187 547 3239 γεται
575 3168 734 3238 εἶναι,
766 3173 881 3226 ἀλλ’
914 3173 991 3237 ὡς
1018 3176 1076 3227 ὲν
1110 3174 1312 3245 σχέσει,
1345 3177 1439 3229 καὶ
1471 3178 1535 3246 τῇ
1570 3175 1705 3247 πρός
1745 3193 1798 3229 τι
1830 3177 1968 3247 ῥοπῇ

2072 1979 2359 2046 praesentia
2386 1992 2483 2032 sua
2506 1991 2685 2031 aerem
2717 1976 2964 2029 immutat
2996 1975 3048 2029 in
3083 1976 3279 2037 lucem,
3306 1972 3433 2028 dum
3468 1972 3649 2041 ipsum

2074 2073 2252 2129 reddit
2284 2075 2641 2134 luminosum,
2682 2080 2847 2140 atque
2880 2071 2993 2125 aeri
3031 2070 3123 2123 lux
3154 2068 3342 2122 unitur
3389 2068 3509 2122 sine
3542 2066 3651 2119 ulla

2072 2165 2396 2219 confusione
2421 2180 2545 2218 cum
2574 2165 2693 2233 ipso
2724 2162 2844 2219 fusa
2870 2182 2881 2216 :
2908 2160 3095 2216 eodem
3124 2169 3271 2216 certe
3302 2159 3463 2213 modo
3486 2158 3650 2213 etiam

2074 2258 2254 2312 anima
2287 2256 2503 2327 corpori
2535 2257 2685 2311 unita
2735 2265 2917 2310 manet
2951 2255 3263 2317 inconfusa,
3301 2253 3353 2329 in
3403 2252 3506 2307 hoc
3542 2267 3654 2306 uno

2074 2351 2418 2419 discrepans,
2453 2349 2600 2419 quod
2637 2350 2721 2404 sol
2771 2364 2895 2402 cum
2932 2349 3003 2402 sit
3045 2361 3271 2416 corpus,
3302 2354 3357 2399 et
3388 2344 3510 2399 loco
3538 2344 3652 2397 cir-

2075 2442 2470 2510 cumscriptus,
2499 2456 2611 2494 non
2649 2449 2734 2494 est
2758 2440 3072 2508 ubicunque
3103 2439 3192 2491 lux
3227 2437 3426 2507 ipsius,
3460 2443 3520 2490 ut
3552 2450 3655 2491 nec

2077 2534 2170 2588 ubi
2206 2533 2367 2603 ignis.
2404 2531 2690 2602 Siquidem
2738 2539 2920 2586 manet
2965 2530 3127 2586 etiam
3164 2530 3218 2583 in
3248 2530 3431 2599 lignis,
3476 2535 3571 2582 aut
3598 2528 3655 2581 in

2075 2626 2350 2697 ellychnio
2393 2625 2677 2686 astrictus,
2711 2635 2771 2677 ut
2804 2623 2858 2677 in
2890 2623 3047 2686 loco;
3097 2630 3151 2675 at
3190 2636 3319 2676 vero
3348 2621 3530 2674 anima
3568 2620 3655 2673 in-

2075 2732 2343 2788 corporea
2379 2731 2503 2770 cum
2533 2716 2625 2777 sit,
2662 2724 2718 2770 et
2746 2715 2896 2769 nullo
2926 2714 3342 2782 circumscripta
3370 2712 3515 2774 loco,
3540 2719 3657 2766 tota

2077 2827 2173 2880 per
2205 2818 2377 2864 totum
2413 2816 2683 2880 penetrat,
2735 2816 2849 2860 tum
2908 2822 3003 2876 per
3051 2807 3232 2861 lumen
3288 2804 3485 2874 ipsius,
3537 2812 3656 2858 tum

2076 2919 2172 2973 per
2194 2918 2396 2974 corpus
2431 2921 2444 2957 :
2475 2918 2576 2957 nec
2605 2904 2714 2956 ulla
2743 2917 2869 2972 pars
2906 2910 2990 2957 est
3018 2901 3088 2955 ab
3119 2901 3237 2971 ipsa
3270 2900 3569 2961 illustrata,
3599 2901 3655 2952 in

2075 3009 2184 3063 qua
2210 3010 2317 3049 non
2355 3002 2465 3048 tota
2494 2993 2676 3048 adsit:
2711 3010 2817 3047 non
2848 2992 2993 3046 enim
3026 3007 3055 3044 a
3088 3005 3324 3060 corpore
3356 2989 3654 3052 detinetur,

2077 3088 2170 3142 sed
2203 3087 2321 3157 ipsa
2350 3101 2555 3155 corpus
2585 3092 2753 3147 arcet,
2786 3092 2843 3138 et
2890 3083 3065 3153 regit;
3123 3097 3300 3152 neque
3330 3081 3385 3134 in
3427 3094 3659 3150 corpore

2076 3186 2161 3233 est
2192 3187 2251 3232 ut
2284 3178 2339 3232 in
2375 3193 2525 3240 vase,
2558 3185 2653 3231 aut
2682 3185 2839 3241 utre;
2880 3175 2974 3229 sed
3001 3190 3203 3244 corpus
3242 3174 3426 3243 potius
3468 3173 3521 3226 in
3550 3188 3612 3226 ea
3641 3188 3654 3223 :

390 3269 484 3322 καὶ
514 3268 751 3322 διαθέσει
796 3268 1039 3322 δεδέσθαι
1087 3269 1267 3340 φαμὲν
1314 3270 1419 3322 ὑπὸ
1463 3268 1556 3324 τοῦ
1592 3269 1842 3340 σώματος
1878 3270 1969 3341 τὴν

2080 3289 2205 3327 cum
2235 3273 2381 3328 enim
2418 3288 2449 3325 a
2482 3270 2809 3341 corporibus
2840 3284 2949 3322 non
3000 3266 3371 3336 impediantur
3396 3264 3660 3334 intelligi-

390 3358 583 3428 ψυχὴν,
625 3359 699 3422 ὼς
727 3357 959 3428 λέγομεν
987 3359 1092 3411 ὑπὸ
1130 3360 1227 3429 τῆς
1279 3359 1560 3431 ἐρωμένης
1604 3360 1845 3413 δεδέσθαι
1884 3359 2001 3413 τὸν¹

390 3449 657 3519 ἐραστὴν,
692 3449 751 3501 οὐ
789 3449 1136 3517 σωματικῶς,
1176 3449 1295 3502 οὐδὲ
1346 3450 1619 3514 τοπικῶς,
1655 3450 1791 3504 ἀλλὰ
1834 3450 1975 3504 κατὰ

392 3539 597 3610 σχέσιν.
662 3540 955 3612 Ἀμέγεθες
998 3542 1106 3613 γὰρ
1144 3542 1204 3594 ὃν
1248 3543 1341 3595 καὶ
1382 3543 1580 3610 ἇογκον
1617 3543 1711 3595 καὶ
1746 3542 1971 3614 ἀμερὲς,

389 3630 489 3701 τῆς
522 3630 660 3686 κατά
695 3633 859 3704 μέρος
888 3634 1114 3702 τοπικῆς
1150 3634 1498 3705 περιγραφῆς
1531 3635 1779 3705 κρεῖττόν
1815 3636 1931 3687 ἐστι
1956 3652 1969 3663 ·

388 3721 449 3773 τὸ
478 3721 586 3793 γὰρ
622 3722 695 3794 μὴ
722 3723 843 3795 ἕχον
886 3726 1051 3796 μέρος
1082 3727 1220 3795 ποίῳ
1258 3726 1481 3780 δύναται
1521 3728 1671 3797 τόπῳ
1711 3726 1977 3798 περιγρά-

392 3813 618 3882 (piabat;
646 3817 809 3879 τόπος
842 3817 951 3888 γάρ
980 3819 1096 3870 ἐστι
1124 3817 1296 3888 πέρας
1324 3817 1418 3871 τοῦ
1445 3819 1810 3890 περιέχοντος,
1842 3819 1976 3873 καθὸ

391 3907 634 3978 περιέχει
663 3908 724 3961 τὸ
749 3910 1154 3980 περιεχόμενον.
1184 3911 1246 3962 Ei
1265 3911 1321 3964 δέ
1350 3928 1433 3974 τις
1462 3910 1630 3979 λέγοι,
1648 3911 1852 3968 Οὐκοῦν
1883 3913 1976 3965 καὶ

390 4000 449 4052 ὲν
464 4000 635 4075 Ρώμῃ
651 4004 744 4055 καὶ
764 4004 822 4056 ἐν
848 4003 1241 4075 Ἀλεξανδρείᾳ,
1257 4005 1351 4057 καὶ
1366 4003 1639 4075 πανταχοῦ
1656 4007 1802 4058 ἐστιν
1819 4006 1851 4075 ἠ
1868 4004 1976 4075 ἐμὴ

390 4089 555 4160 ψυχὴ,
578 4090 828 4146 λανθάνει
848 4094 1062 4161 ἑαυτὸν,
1081 4094 1246 4147 πάλιν
1266 4095 1428 4148 τόπον
1448 4095 1639 4164 λέγων·
1669 4097 1761 4149 καὶ
1782 4096 1890 4167 γὰρ
1915 4096 1978 4148 τὸ

392 4183 450 4235 ἐν
485 4182 878 4257 Ἀλεξανδρείᾳ,
903 4186 995 4238 καὶ
1020 4187 1156 4251 ὅλως
1180 4188 1239 4240 τὸ
1262 4188 1318 4239 ἐν
1348 4188 1505 4259 τῷδε,
1534 4188 1699 4251 τόπος
1719 4188 1865 4241 ἐστίν
1882 4205 1895 4217 ο
1920 4190 1977 4241 ὲν

388 4274 539 4344 τόπῳ
575 4274 633 4327 δὲ
673 4275 809 4339 ὅλως
849 4278 949 4330 οὐκ
983 4277 1151 4343 ἐστιν,
1191 4278 1305 4333 ἀλλ’
1340 4281 1398 4332 ὲν
1448 4279 1628 4351 σχέσει
1655 4296 1669 4310 ο
1711 4279 1976 4333 δέδεικται

389 4364 499 4435 γὰρ
532 4365 607 4435 μὴ
632 4364 887 4420 δύνασθαι
918 4367 1318 4440 περιληφθῆναι
1353 4370 1524 4441 τόπῳ.
1562 4371 1731 4424 Ὅταν
1761 4370 1889 4440 γοῦν
1919 4371 1978 4425 ἐν

391 4458 573 4527 σχέσει
606 4458 831 4530 γένηται
866 4462 1086 4533 νοητὸν,
1119 4462 1283 4515 τόπου
1318 4463 1460 4527 τινὸς
1488 4463 1520 4534 ἣ
1564 4464 1890 4537 πράγματος
1920 4465 1978 4516 ὲν

387 4551 539 4620 τόπῳ
582 4551 734 4614 ὄντος
755 4595 769 4618 ,
808 4556 1387 4627 καταχρηστικώτερον
1422 4556 1651 4628 λέγομεν
1702 4558 1832 4611 αὐτὸ
1860 4560 1975 4610 ἐκεῖ

388 4638 560 4708 εἶναι,
592 4646 677 4699 διὰ
718 4647 815 4716 τὴν
855 4650 1133 4720 ἐνέργειαν
1182 4649 1366 4712 αὑτοῦ,
1408 4650 1501 4703 τοῦ
1539 4653 1655 4704 ἐκεῖ
1686 4652 1776 4703 τὸν
1807 4652 1972 4705 τόπον

389 4736 510 4788 ἀντὶ
546 4738 781 4807 σχέσεως
819 4742 913 4794 καὶ
958 4742 1058 4812 τῆς
1091 4742 1370 4813 ἐνεργείας
1402 4742 1791 4813 λαμϐάνοντες.
1842 4743 1970 4797 Δέον

388 4827 497 4898 γὰρ
521 4828 721 4897 λέγειν,
765 4833 927 4888 Ἐκεῖ
947 4834 1191 4903 ἐνεργεῖ,
1224 4834 1474 4903 λέγομεν,
1520 4834 1684 4887 Ἐκεῖ
1705 4836 1897 4888 ἐστιν.

2078 3367 2231 3430 bilia,
2278 3380 2468 3420 verum
2518 3380 2615 3434 per
2662 3370 2836 3416 totum
2892 3376 3092 3429 corpus
3146 3358 3365 3421 abeant,
3402 3367 3457 3412 et
3491 3357 3662 3411 libere

2078 3456 2416 3526 spatientur,
2457 3453 2573 3508 fieri
2605 3469 2713 3507 non
2755 3461 2955 3521 potest,
2990 3460 3048 3504 ut
3086 3464 3115 3501 a
3146 3448 3533 3519 corporalibus
3559 3447 3659 3501 de-

2077 3550 2390 3614 tineantur;
2420 3548 2513 3602 sed
2544 3547 2688 3601 enim
2726 3561 2848 3598 cum
2878 3543 3241 3614 intelligibilia
3280 3543 3411 3606 sint,
3444 3541 3499 3593 in
3525 3540 3663 3595 locis

2073 3641 2239 3695 etiam
2272 3637 2710 3708 intelligibilihus
2745 3645 2910 3698 sunt;
2958 3644 3053 3688 aut
3084 3636 3231 3690 enim
3276 3635 3329 3687 in
3364 3632 3523 3701 ipsis,
3562 3640 3658 3685 aut

2077 3732 2129 3784 in
2159 3729 2534 3800 superioribus
2566 3726 3023 3782 intellectualihus
3050 3741 3063 3789 ;
3093 3733 3152 3779 ut
3177 3725 3357 3779 anima
3384 3723 3659 3778 interdum

2074 3825 2129 3879 in
2173 3823 2353 3894 seipsa
2402 3830 2508 3885 est,
2550 3831 2609 3875 ut
2642 3836 2769 3873 eum
2827 3819 3051 3887 cogitat,
3092 3818 3367 3873 interdum
3423 3833 3555 3871 vero
3604 3817 3661 3869 in

2077 3925 2263 3971 mente
2288 3957 2304 3981 ,
2359 3930 2484 3970 cum
2525 3914 2799 3983 intelligit.
2854 3912 3083 3977 Quando
3118 3911 3285 3981 igitur
3335 3911 3387 3964 iu
3428 3924 3662 3978 corpore

2077 4006 2282 4062 dicitur
2301 4021 2443 4071 esse,
2470 4022 2580 4059 non
2609 4014 2669 4058 ut
2698 4005 2753 4058 in
2787 4004 2908 4059 loco
2937 4018 3061 4058 esse
3086 4002 3289 4056 dicitur
3316 4002 3371 4054 iu
3403 4015 3659 4070 corpore,

2079 4101 2175 4159 sed
2210 4111 2270 4155 ut
2304 4101 2358 4155 in
2394 4101 2523 4163 situ,
2566 4099 2887 4155 habitudine
2918 4110 2973 4153 et
3003 4109 3281 4155 momento
3311 4114 3376 4153 ac
3415 4097 3660 4166 disposi-

2078 4192 2230 4247 ti0ue
2282 4191 2347 4246 ad
2401 4190 2609 4261 aliquid
2658 4190 2907 4261 colligari
2948 4190 3185 4243 dicimus
3214 4205 3241 4242 a
3277 4204 3507 4258 corpore
3541 4189 3663 4242 ani-

2077 4297 2245 4347 mam,
2280 4290 2445 4351 prout
2473 4281 2711 4337 dicimus
2740 4284 2809 4336 ab
2842 4282 3049 4335 amasia
3081 4290 3386 4333 amatorem
3418 4279 3661 4333 constri-

2078 4382 2225 4429 ctum
2266 4375 2617 4443 vinctumque
2663 4389 2809 4435 esse,
2853 4389 2963 4426 non
3017 4372 3379 4443 corporaliter
3412 4379 3467 4426 et
3509 4372 3660 4425 lora-

2079 4467 2226 4529 liter,
2278 4464 2374 4520 sed
2418 4465 2632 4519 ratione
2680 4463 2901 4517 habitus
2934 4462 3225 4531 situsque;
3286 4462 3490 4532 quippe
3532 4477 3659 4515 cum

2079 4556 2492 4629 magnitudinis,
2526 4564 2582 4611 et
2620 4555 2801 4618 molis,
2828 4563 2883 4609 et
2912 4555 3146 4623 partium
3175 4570 3372 4624 expers
3402 4556 3494 4617 sit,
3524 4569 3659 4623 prae-
3760 4616 3770 4627 ε

2078 4652 2314 4707 stantior
2350 4657 2435 4705 est
2467 4648 2615 4703 omni
2661 4648 3037 4717 descriptione
3082 4663 3179 4717 per
3219 4656 3402 4717 partes
3445 4647 3603 4700 locali
3644 4665 3657 4702 :

2077 4744 2279 4799 etenim
2305 4743 2449 4811 quod
2491 4748 2675 4811 partes
2703 4754 2812 4793 non
2843 4739 3029 4801 habet,
3062 4754 3300 4808 quonam
3330 4746 3509 4810 potest
3542 4738 3663 4792 loco

2077 4833 2501 4888 circumscribi?
2541 4838 2625 4886 est
2655 4830 2798 4885 enim
2846 4832 2996 4884 locus
3027 4835 3346 4885 extremitas
3375 4831 3665 4886 Continen-

391 4918 483 4983 lis,
513 4931 784 4992 quatenus
818 4926 1061 4980 continet
1097 4928 1147 4981 id
1178 4927 1323 4997 quod
1353 4926 1686 4982 continetur.
1730 4926 1887 4992 Quod
1926 4926 1971 4981 si
2011 4926 2136 4997 quis
2174 4926 2397 4985 dixerit,
2427 4922 2613 4976 Romae
2646 4923 2813 4994 igitur
2843 4930 2894 4976 et
2920 4922 3282 4986 Alexandriae,
3343 4931 3397 4975 et
3461 4923 3663 4993 ubique

388 5027 471 5073 est
497 5018 677 5072 anima
713 5035 866 5087 mea;
918 5020 1053 5092 fugit
1100 5022 1302 5092 ipsum,
1357 5022 1501 5092 quod
1568 5038 1764 5078 rursus
1817 5022 1998 5077 locum
2041 5022 2343 5090 designat:
2383 5022 2663 5075 enimvero
2708 5019 3088 5084 Alexandriae,
3168 5026 3223 5072 et
3258 5019 3483 5073 omnino
3535 5018 3664 5087 (hic

387 5112 472 5166 vel
502 5111 636 5183 illic)
662 5113 854 5181 locus;
887 5122 1050 5184 atque
1082 5116 1135 5169 in
1177 5116 1296 5170 loco
1361 5132 1587 5186 prorsus
1651 5132 1761 5170 non
1805 5124 1911 5182 est,
1947 5115 2043 5170 sed
2083 5115 2139 5168 in
2173 5116 2280 5169 situ
2312 5130 2325 5164 :
2360 5129 2483 5167 nam
2517 5114 2803 5184 probatum
2835 5121 2919 5167 est
2954 5128 3060 5168 non
3086 5126 3246 5182 posse
3272 5110 3663 5181 comprehendi

390 5206 528 5261 loco.
580 5209 769 5277 Itaque
794 5222 919 5261 cum
962 5208 1013 5263 id
1057 5210 1202 5278 quod
1233 5209 1600 5279 intelligentia
1642 5209 1964 5279 percipitur,
2006 5208 2061 5262 in
2107 5208 2217 5263 situ
2266 5204 2451 5269 fuerit,
2496 5214 2589 5259 aut
2638 5205 2857 5275 negotio
2902 5206 3139 5275 quodam
3220 5205 3273 5258 in
3349 5205 3470 5257 loco
3516 5204 3663 5258 exsi-

391 5304 605 5355 stente:
653 5298 878 5352 abusive
916 5306 971 5352 et
1004 5299 1234 5368 figurate
1275 5299 1511 5355 dicimus
1541 5300 1647 5354 hoc
1717 5300 1895 5370 ipsum
1975 5299 2049 5354 ibi
2088 5313 2237 5361 esse,
2269 5307 2490 5368 propter
2515 5299 2889 5366 operationem
2922 5299 3040 5365 ejus
3068 5297 3212 5366 quod
3249 5297 3321 5351 ibi
3347 5304 3451 5359 est,
3483 5296 3662 5349 locum

391 5404 491 5459 pro
518 5390 627 5444 situ
676 5398 731 5444 et
760 5392 975 5446 actione
1007 5402 1327 5458 sumentes;
1356 5407 1482 5445 nam
1514 5407 1638 5446 eum
1672 5391 1965 5447 dicendum
2006 5389 2223 5451 fuisset,
2249 5385 2331 5442 Ibi
2360 5398 2636 5456 operatur,
2669 5388 2928 5451 dicimus,
2952 5382 3035 5442 lbi
3066 5397 3167 5442 est.

474 5485 760 5558 Ἀ-ρμόσειε
794 5490 837 5542 δ’
870 5488 936 5543 ἂν
967 5492 995 5542 ὁ
1023 5490 1182 5557 λόγος
1229 5481 1384 5553 οὗτος
1436 5489 1851 5560 καθαρώτερον,
1881 5491 1976 5542 καὶ

393 5579 628 5649 μάλιστα
658 5585 725 5653 τῇ
756 5583 890 5654 πρὸς
917 5583 1008 5636 τὸν
1038 5582 1321 5654 ἄνθρωπον
1354 5582 1542 5635 ὲνώσει
1569 5582 1664 5635 τοῦ
1692 5582 1825 5636 Θεοῦ
1869 5583 1973 5635 Λό-

388 5690 506 5741 γου,
545 5675 664 5727 καθ’
703 5678 767 5747 ἢν
798 5677 1039 5739 ἐνωθεὶς,
1074 5677 1286 5747 ἔμεινεν
1317 5676 1619 5747 ἁσύγχυτος
1649 5677 1742 5729 καὶ
1780 5676 1973 5746 ἀπερί-

388 5764 611 5834 ληπτος,
635 5768 695 5819 οὐ
740 5768 882 5822 κατὰ
906 5769 996 5822 τὸν
1022 5768 1121 5837 τῆς
1150 5768 1325 5838 ψυχῆς
1356 5767 1579 5838 τρόπον.
1624 5764 1840 5835 Ἐκείνη
1874 5768 1972 5836 μὲν

390 5857 497 5926 γὰρ
526 5858 634 5911 τῶν
669 5859 1135 5929 πεπληθυσμένων
1165 5855 1482 5928 οὗσα,δοκεῖ
1512 5858 1604 5911 καὶ
1627 5857 1967 5928 συμπάσχειν

2151 5485 2496 5554 Congrueret
2542 5500 2677 5539 sane
2712 5485 2802 5539 hic
2847 5500 3030 5539 sermo
3062 5484 3277 5555 purius,
3325 5492 3381 5538 et
3428 5484 3664 5540 maxime

2082 5578 2273 5633 unioni
2311 5575 2474 5632 Verbi
2510 5576 2599 5631 Dei
2630 5592 2754 5631 cum
2804 5577 3220 5647 liomine,juxta
3262 5593 3426 5647 quam
3474 5577 3663 5631 unitus

2078 5671 2344 5726 remansit
2398 5670 2742 5734 inconfusus,
2795 5676 2850 5723 et
2900 5669 3493 5738 incomprehensibilis,
3550 5684 3661 5724 non

2077 5768 2275 5822 animm
2304 5780 2457 5819 more
2492 5764 2781 5834 modoque.
2817 5760 3063 5832 Namque
3096 5762 3186 5816 illa
3223 5777 3346 5815 cum
3380 5776 3442 5815 ex
3482 5761 3566 5814 his
3592 5762 3665 5816 sit

2077 5874 2198 5930 quae
2228 5873 2516 5914 numerum
2564 5857 2798 5925 faciunt,
2847 5855 3063 5912 videtur
3110 5866 3163 5912 ct
3199 5857 3491 5911 condolch
3522 5870 3657 5925 quo-
