4166 6372
522 401 629 457 219

1734 389 1791 445 S.
1826 386 2160 444 GREGURll
2199 385 2494 445 NYSSENI

3679 384 3786 441 2'20

522 512 813 572 dammodo
836 510 1054 583 corpori
1087 510 1155 564 ob
1181 516 1389 563 arctam
1416 504 1867 561 familiaritatem.
1898 514 1951 561 et
1976 505 2109 560 illud

2212 522 2330 570 πως
2356 505 2424 559 δι’
2450 506 2756 577 οἰκειότητα
2784 503 2862 575 τῷ
2898 504 3130 577 σώματι,
3158 502 3250 557 καὶ
3289 503 3507 574 κρατεῖν
3528 498 3639 554 ἔσθ’
3675 500 3786 564 ὅτι,

524 604 796 661 interdum
848 602 1154 663 continere,
1200 612 1476 660 coercere,
1516 606 1571 651 et
1602 597 1671 651 ab
1706 595 1799 649 illo
1835 594 2099 651 coerceri.

522 697 724 752 Verum
782 694 926 749 Deus
954 692 1193 747 Verbum
1231 690 1366 744 nihil
1424 704 1454 742 a
1505 687 1891 742 communione
1937 701 2101 756 quam

522 805 647 843 cum
700 800 931 854 corpore
965 790 1019 836 et
1062 781 1243 835 anima
1276 779 1459 841 habet,
1496 777 1760 839 variatur,
1794 790 1972 844 neque
2020 774 2106 827 in-

526 880 800 935 firmitatis
827 878 1041 930 illorum
1068 873 1342 944 particeps
1364 879 1448 925 est
1471 888 1485 935 ;
1523 869 1618 925 sed
1641 884 1766 923 cum
1798 868 1934 938 ipsis
1954 882 2106 922 com-

526 972 767 1027 municet
799 972 902 1021 vim
931 965 1233 1021 divinitatis
1282 979 1415 1027 suae,
1468 961 1607 1016 idem
1642 975 1989 1030 permanens,
2047 959 2105 1013 in

524 1064 826 1131 eodemque
878 1068 1045 1121 statu,
1097 1060 1150 1111 in
1197 1070 1307 1126 quo
1353 1062 1471 1110 erat
1509 1062 1634 1107 ante
1681 1055 1978 1118 unionem;
2039 1066 2105 1105 ac

524 1155 682 1211 valde
713 1170 887 1209 novus
920 1153 1009 1207 hic
1040 1150 1313 1205 mistionis
1366 1156 1459 1202 aut
1492 1147 1713 1202 unionis
1745 1146 1942 1200 modus
1988 1154 2101 1209 est;

524 1258 581 1304 et
630 1249 900 1302 miscetur
942 1252 997 1300 et
1038 1252 1221 1298 manet
1269 1254 1661 1310 usquequaque
1704 1239 1998 1303 immistus,
2050 1245 2106 1292 et

527 1338 874 1400 inconfusus,
926 1346 980 1392 et
1028 1333 1510 1398 incommutabilis,
1558 1348 1666 1386 non
1696 1330 2102 1402 compatiendo,

528 1434 624 1490 sed
650 1430 996 1503 cooperando
1030 1437 1263 1488 tantum,
1290 1441 1412 1480 cum
1448 1440 1625 1494 neque
1656 1424 1822 1479 simul
1859 1437 2107 1477 corrum-

526 1534 711 1599 patur,
740 1539 841 1578 nec
872 1521 1032 1577 simul
1064 1522 1322 1573 alteretur
1349 1534 1361 1568 :
1399 1532 1585 1571 verum
1621 1516 1709 1569 illa
1732 1516 1951 1586 quidem
1973 1529 2105 1569 con-

527 1621 698 1683 ciliet,
754 1620 871 1689 ipse
918 1630 1049 1670 vero
1093 1628 1202 1666 non
1252 1610 1559 1664 diminutus
1590 1607 1658 1661 ab
1704 1605 1862 1676 ipsis,
1885 1610 2105 1657 maneat

527 1711 851 1769 mutationis
892 1716 945 1763 et
989 1704 1336 1761 confusionis
1370 1716 1605 1772 expers:
1668 1698 2106 1771 quandoquidem

526 1805 707 1858 mimis
737 1816 962 1872 prorsus
998 1797 1317 1851 variationis
1340 1802 1393 1847 et
1424 1792 1764 1847 alterationis
1785 1806 1976 1846 exsors
2000 1799 2103 1845 est.

2205 600 2299 652 καὶ
2331 597 2648 671 κρατεῖσθαι
2670 616 2683 630 ·
2712 600 2740 652 6
2761 598 2817 651 δὲ
2851 598 2983 662 Θεὸς
3009 598 3180 666 Λόγος
3201 595 3353 649 οὐδὲν
3383 593 3545 658 αὐτὸς
3565 592 3672 646 ἀπὸ
3688 595 3788 662 τῆς

2204 690 2487 753 κοινωνίας
2511 690 2610 760 τῆς
2634 690 2762 760 περὶ
2793 688 2854 742 τὸ
2880 689 3038 760 σῶμα
3068 690 3162 741 καὶ
3190 688 3288 759 τὴν
3322 686 3499 757 ψυχὴν
3540 684 3783 739 ἀλλοιού-

2208 798 2386 851 μενος,
2423 781 2545 835 οὐδὲ
2579 782 2820 852 μετέχων
2846 784 2945 852 τῆς
2968 780 3192 833 ἐκείνων
3228 778 3510 841 ἀσθενείας
3529 793 3542 807 ⁶
3572 776 3787 846 μεταδι-

2202 872 2326 936 δοὺς
2354 872 2410 926 δὲ
2435 874 2617 936 αὐτοῖς
2638 873 2734 944 τῆς
2763 873 2927 926 αὐτοῦ
2955 873 3209 943 θεότητος
3232 872 3330 942 τὴν
3351 869 3599 938 δύναμιν,
3630 870 3659 921 6
3689 868 3786 922 αὐ-

2202 966 2294 1030 τὸς
2318 966 2493 1037 μένων
2518 968 2575 1019 ἐν
2598 961 2677 1030 οἷς
2698 962 2767 1037 ἦν
2800 968 2895 1019 καὶ
2926 966 3031 1036 πρὸ
3060 965 3161 1034 τῆς
3186 962 3429 1026 ἐνώσεως
3445 979 3458 992 °
3476 962 3785 1031 καινότερας

2204 1052 2357 1122 οὗτος
2376 1060 2405 1112 6
2430 1058 2629 1130 τρόπος
2656 1058 2753 1128 τῆς
2783 1058 3033 1128 κράσεως
3058 1056 3092 1126 ἢ
3116 1054 3358 1117 ένώσεως
3378 1071 3395 1085 ι
3419 1054 3511 1106 καὶ
3531 1054 3784 1124 κιρνᾶται

2208 1150 2303 1203 καὶ
2340 1150 2488 1219 μένει
2558 1148 2899 1204 παντάπασιν
2937 1149 3166 1218 ἄμικτος
3210 1147 3306 1199 καὶ
3347 1145 3650 1215 ἀσύγχυτος
3689 1144 3785 1197 καὶ

2205 1241 2527 1313 ἀδιάφθορος
2575 1241 2670 1295 καὶ
2716 1240 3111 1312 ἀμετάϐλητος,
3154 1239 3214 1292 οὐ
3251 1238 3616 1309 συμπάσχων,
3650 1235 3787 1291 ἀλ)ιάι

2208 1334 2575 1404 συμπράττων
2608 1334 2785 1403 μόνον,
2821 1332 2941 1385 οὐδὲ
2976 1330 3443 1402 συμφθειρόμενος
3464 1329 3555 1381 καὶ
3590 1328 3786 1381 συναλ-

2205 1424 2515 1495 λοιούμενος
2536 1440 2548 1453 ·
2586 1423 2719 1477 ἀλλὰ
2747 1423 2991 1491 συνάγων
3042 1423 3138 1493 μὲν
3167 1423 3350 1475 ἐκεῖνα
3370 1460 3384 1483 ,
3436 1419 3595 1483 αὐτὸς
3621 1419 3678 1471 δὲ
3710 1418 3786 1490 μὴ

2210 1519 2360 1590 μειού
2371 1534 2529 1588 μενος
2550 1518 2642 1570 ὑπ’
2657 1516 2832 1569 αὐτῶν
2864 1517 3016 1586 μένει
3046 1515 3312 1586 ἄτρεπτος
3340 1515 3433 1566 καὶ
3460 1512 3783 1582 ἀσύγχυτος,

2208 1610 2395 1680 ἐπειδὴ
2438 1609 2694 1680 καθαρῶς
2725 1609 2906 1677 πάσης
2953 1605 3289 1669 ἀλλοιώσεως
3335 1605 3601 1677 ἀμέτοχός
3645 1606 3783 1656 ἐστι.

2206 1702 2436 1773 Μάρτυς
2472 1701 2662 1753 τούτου
2696 1702 2810 1753 ἐστὶ
2847 1699 3171 1772 Πορφύριος,
3205 1701 3233 1752 6
3262 1698 3401 1752 κατά
3427 1697 3520 1750 τοῦ
3549 1691 3787 1767 Χριστοῦ

2210 1796 2440 1865 κινήσας
2494 1794 2591 1864 τὴν
2636 1793 2828 1846 ἐαυτοῦ
2858 1793 3103 1862 γλῶτταν
3137 1809 3152 1823 ·
3195 1791 3412 1862 ἰσχυραὶ
3454 1790 3512 1844 δέ
3560 1791 3695 1841 εἰσιν
3727 1788 3786 1841 αι

527 1897 708 1953 Testis
741 1896 903 1963 hujus
936 1890 1256 1947 assertionis
1290 1897 1369 1941 est
1402 1886 1760 1955 Porphyrius,
1793 1884 1885 1953 qui
1915 1882 2105 1936 adver-

2212 1886 2314 1939 τῶν
2362 1884 2569 1955 ἐχθρῶν
2610 1885 2903 1956 μαρτυρίαι
2949 1883 3091 1955 ὐπέρ
3136 1882 3313 1953 ἡμῶν,
3348 1883 3474 1934 ὅταν
3519 1879 3786 1950 μηδεμίαν

529 2007 626 2047 sus
664 1989 943 2043 Christum
995 1982 1329 2053 petulantem
1378 1982 1547 2033 movit
1602 1978 1865 2046 linguam.
1907 1974 2105 2029 Verum

528 2084 613 2137 vel
651 2081 995 2135 inimicorum
1046 2072 1359 2128 testimonia
1392 2070 1570 2123 valida
1620 2077 1746 2124 sunt
1785 2083 1882 2138 pro
1926 2068 2104 2132 nobis,

2208 1975 2511 2044 ἀντιλογίαν
2545 1969 2677 2028 ὦσιν
2698 1975 3095 2045 ἐπιδεχόμεναι.
3116 1969 3280 2036 Οὗτος
3305 1972 3483 2026 τοίνυν
3512 1974 3540 2024 6
3573 1971 3787 2040 Πορφύ-

2210 2090 2347 2143 ριος,
2370 2074 2426 2123 ἐν
2449 2071 2526 2141 τῷ
2548 2070 2785 2140 δευτέρῳ
2808 2069 2952 2139 λόγῳ
2981 2067 3058 2136 τῷ
3086 2068 3223 2136 Περὶ
3249 2068 3595 2136 συμμίκτων
3617 2067 3788 2130 ζητη-

527 2192 652 2232 cum
691 2175 896 2228 nullam
935 2170 1092 2239 plane
1120 2166 1612 2221 contradictionem
1661 2161 1977 2215 admittunt.
2010 2158 2108 2213 Hic

2212 2164 2409 2233 μάτων
2436 2162 2634 2232 γράφει
2659 2161 2801 2214 γιατά
2827 2161 2974 2225 λέξιν
2999 2159 3190 2222 οὐτωςο
3230 2178 3247 2209 ι
3274 2159 3385 2211 Οὐκ
3411 2155 3799 2225 ἀπογνωστέονι

527 2271 695 2339 igitur
724 2263 1057 2335 Porphyrius
1089 2261 1142 2313 in
1170 2256 1412 2313 secundo
1440 2253 1834 2309 commentario
1878 2250 1952 2304 De
1988 2262 2110 2319 quo:i

2212 2252 2300 2311 οὖν
2349 2255 2657 2326 ἐνδέχεσθαί
2708 2271 2830 2308 τινα
2882 2253 3069 2307 οὐσίαν
3126 2250 3662 2323 συμπαραληφθῆναι
3708 2250 3793 2310 είς

529 2358 787 2413 stionibus
822 2353 1172 2408 miscellaneis
1196 2390 1212 2413 ,
1240 2351 1312 2402 ita
1343 2348 1409 2402 ad
1439 2346 1666 2402 verbum
1689 2344 1913 2401 scribit:
1950 2362 1970 2395 ι
1994 2340 2109 2396 Mi-

527 2450 674 2502 nime
731 2459 863 2499 sane
925 2441 1296 2496 cunctandum
1348 2446 1433 2493 est
1477 2437 1767 2493 admittere
1811 2435 2106 2491 essentiam

527 2538 789 2605 aliquam,
833 2547 943 2586 una
979 2538 1316 2598 assumptam
1352 2543 1475 2583 esse
1530 2527 1598 2580 ad
1648 2526 2107 2596 complementum

526 2630 753 2685 alterius
777 2624 1119 2688 substantizc,
1147 2631 1197 2675 et
1221 2622 1341 2689 ejus
1362 2629 1573 2691 partem
1598 2636 1739 2682 esse,
1761 2620 1923 2674 etiam
1951 2618 2108 2687 juxta

527 2730 779 2776 naturam
831 2731 986 2771 suam
1043 2714 1337 2779 manendo,
1408 2720 1695 2784 postquam
1752 2710 2109 2779 compleverit

528 2814 690 2866 aliam
734 2808 1061 2883 essentiam:
1114 2806 1251 2859 adeo
1285 2812 1341 2858 ut
1374 2820 1542 2857 unum
1593 2818 1719 2857 cum
1765 2802 1871 2856 alio
1906 2802 2017 2864 fiat,
2057 2810 2111 2855 et

526 2904 672 2975 quod
708 2918 803 2973 per
832 2917 891 2956 se
919 2915 1087 2953 unum
1124 2898 1286 2967 habet
1317 2907 1634 2963 conservet;
1671 2903 1724 2950 et
1759 2895 1904 2965 quod
1934 2895 2110 2960 majus

526 3006 633 3057 est,
695 2997 865 3063 ipsam
920 3008 1029 3046 non
1084 3000 1369 3054 mutatam,
1420 2999 1637 3047 mutare
1689 2992 1780 3046 illa
1818 2992 1871 3043 in
1910 2991 2110 3060 quibus

528 3085 691 3139 fuerit
725 3082 793 3136 ad
828 3097 983 3136 suam
1028 3079 1428 3150 operationem,
1481 3080 1769 3149 przesentia
1818 3095 1938 3143 sua,
1972 3094 2109 3133 con—

528 3185 655 3233 stat.
691 3197 708 3228 ι
752 3173 875 3228 Haec
903 3181 1085 3227 autem
1116 3172 1250 3226 dicit
1276 3170 1344 3225 de
1368 3171 1570 3225 unione
1592 3171 1755 3225 Verbi
1784 3170 1875 3225 Dei
1903 3180 1955 3224 et
1984 3187 2109 3225 cor-
2137 3212 2180 3270 C

528 3268 699 3341 poris.
730 3264 887 3330 Quod
920 3263 964 3318 si
995 3278 1157 3316 verus
1181 3271 1265 3316 est
1292 3277 1475 3316 sermo
1522 3262 1573 3314 in
1604 3262 1805 3326 anima,
1831 3263 1974 3331 quod
2024 3263 2112 3316 in-

527 3372 791 3427 corporea
824 3357 915 3418 sit,
949 3355 1122 3409 multo
1154 3356 1325 3424 magis
1350 3354 1405 3407 in
1439 3352 1547 3408 Deo
1577 3352 1778 3417 Verbo,
1810 3354 1955 3423 quod
1991 3369 2108 3407 ma-

527 3458 612 3523 gis
662 3448 1189 3518 incomparabiliter,
1242 3455 1295 3500 et
1350 3462 1416 3500 ex
1451 3448 1681 3501 veritate
1727 3447 2108 3515 incorporeum

526 3540 763 3596 exsistit.
801 3537 957 3604 Quod
989 3533 1208 3607 quidem
1258 3538 1485 3591 omnino
1516 3538 1735 3591 obturat
1765 3553 1859 3590 ora
1893 3552 2106 3603 eorum,

526 3634 619 3703 qui
667 3646 930 3687 accusare
962 3630 1359 3700 aggrediuntur
1388 3628 1481 3684 Dei
1540 3632 1795 3685 unionem
1843 3646 1967 3684 cum
2011 3630 2110 3683 ho-

530 3725 705 3781 mine:
741 3724 843 3776 hoe
860 3722 1030 3777 cnim‘
1053 3721 1206 3773 multi
1236 3720 1525 3774 ridiculum
1557 3735 1680 3774 esse
1709 3731 1912 3774 temere
1935 3736 2110 3773 enun-

529 3818 765 3885 tiarunt,
811 3823 867 3868 et
909 3822 1139 3868 mortem
1181 3814 1406 3867 minime
1439 3812 1814 3883 probabilem:
1850 3811 2107 3865 unionem

526 3927 659 3968 vero
689 3911 854 3964 etiam
890 3908 1239 3962 indecoram:
1278 3907 1492 3959 unitum
1525 3906 1726 3975 quippe
1758 3919 1880 3958 esse
1924 3906 1975 3957 in
2012 3918 2108 3956 na-

537 4011 661 4055 tura
714 4015 916 4054 numen
962 3997 1206 4052 divinum
1252 4012 1351 4066 per
1390 3997 1698 4051 mistionem
1743 4007 1796 4050 et
1829 3996 2105 4049 unionem.

532 4089 638 4145 Sed
669 4104 770 4143 nos
798 4088 1043 4157 probatis
1062 4086 1294 4140 testibus
1329 4085 1570 4154 ipsorum
1600 4084 1858 4138 adhibitis
1887 4098 2109 4138 causam

538 4182 841 4237 reddimus.
872 4179 1085 4234 Dicitur
1115 4188 1293 4233 autem
1336 4178 1479 4248 apud
1503 4177 1819 4240 nonnullos,
1852 4184 1905 4229 et
1937 4176 2109 4244 potis-

536 4275 736 4328 simum
792 4271 1184 4333 Eunomianos,
1241 4271 1454 4324 unitum
1484 4284 1608 4323 esse
1654 4268 1819 4322 Deum
1874 4266 2109 4321 Verbum

539 4366 782 4435 corpori,
830 4380 937 4417 non
974 4364 1274 4418 secundum
1318 4364 1633 4423 essentiam,
1676 4359 1771 4415 sed
1811 4361 2109 4415 secundum

540 4466 807 4527 utrasque
836 4456 1147 4511 facultates.
1182 4456 1302 4509 Non
1350 4456 1495 4510 enim
1542 4454 1875 4509 substantias
1907 4454 2109 4516 unitas,

2210 2347 2604 2419 συμπλήρωσιν
2636 2345 2830 2417 ἐτέρας
2854 2345 3059 2409 οὐσίας,
3082 2344 3176 2397 καὶ
3198 2338 3336 2396 εἶναι
3373 2342 3537 2413 μέρος
3568 2340 3784 2403 οὐσίας·

2213 2441 2478 2512 μένουσαν
2516 2440 2573 2492 δέ
2602 2440 2743 2493 κατά
2770 2440 2869 2508 τὴν
2900 2438 3098 2509 ἑαυτῆς
3133 2436 3315 2506 φύσιν,
3350 2437 3487 2507 μετὰ
3518 2434 3609 2488 τοῦ
3652 2450 3791 2504 συμο

2210 2532 2451 2604 πληροῦν
2472 2532 2638 2601 ἀλλην
2668 2532 2877 2596 οὐσίαν,
2908 2532 2965 2583 έν
2982 2549 3041 2583 τε
3075 2531 3169 2583 σὺν
3195 2529 3337 2599 ἄλλῳ
3360 2530 3677 2599 γενομένην,
3698 2527 3791 2581 καὶ

2208 2626 2271 2679 τὸ
2309 2626 2430 2680 καθ’
2460 2627 2656 2696 ἑαυτὴν
2684 2624 2741 2679 ἓν
2769 2623 3155 2689 διασώζουσαν,
3200 2621 3380 2675 καὶτὸ
3410 2620 3791 2692 μεῖζον,αὐτὴν

2214 2720 2312 2791 μὲν
2336 2719 2409 2791 μὴ
2441 2718 2804 2789 τρεπομένην,
2835 2716 3134 2786 τρέπουσαν
3164 2714 3220 2768 δὲ
3242 2715 3423 2767 ἐκεῖνα
3448 2713 3518 2767 τά
3537 2714 3594 2766 ἐν
3622 2708 3701 2775 οἷς
3725 2711 3797 2764 ἀν

2210 2811 2484 2880 γίγνηται,
2528 2810 2607 2870 εἰς
2640 2808 2736 2879 τὴν
2782 2808 2979 2877 ἑαυτῆς
3022 2806 3302 2877 ἐνέργειαν
3334 2807 3399 2875 τῇ
3434 2803 3726 2873 παρουσίᾳ.
3764 2821 3783 2853 ο

2212 2900 2374 2968 Λέγει
2409 2900 2463 2951 δὲ
2486 2899 2659 2952 ταῦτα
2683 2898 2810 2968 περὶ
2831 2898 2929 2967 τῆς
2954 2884 3197 2960 ένώσεως
3221 2896 3315 2950 τοῦ
3338 2895 3472 2949 Θεοῦ
3499 2894 3675 2963 Λόγου
3697 2893 3792 2947 καὶ

2210 2991 2303 3045 τοῦ
2343 2991 2610 3063 σώματος.
2644 2992 2706 3044 El
2739 2992 2795 3043 δὲ
2826 2991 2917 3044 ἐπὶ
2958 2990 3057 3060 τῆς
3090 2989 3269 3060 ψυχῆς
3314 2988 3514 3059 ἀληθὴς
3548 2988 3576 3040 6
3610 2987 3789 3054 λόγος,

2211 3084 2299 3137 διά
2330 3085 2390 3137 τὸ
2426 3083 2735 3155 ἀσώματον,
2759 3083 2938 3154 πολλῷ
2969 3082 3128 3135 πλέον
3169 3083 3263 3135 ἐπὶ
3292 3081 3385 3134 τοῦ
3432 3080 3565 3133 Θεοῦ
3591 3080 3787 3149 Λόγου,

2212 3176 2305 3229 τοῦ
2358 3176 2557 3247 μᾶλλον
2612 3176 2956 3247 ἀσυγκρίτως
2997 3177 3090 3227 καὶ
3146 3175 3285 3229 κατά
3332 3174 3587 3245 ἀλήθειαν
3640 3173 3791 3235 ὄντος

2215 3269 2529 3336 ἀσωμάτου.
2555 3268 2731 3335 Ὅπερ
2778 3268 3032 3340 ἄντικρυς
3065 3267 3402 3337 ἀποφράττει
3428 3265 3500 3318 τά
3552 3265 3793 3335 στόματα

2215 3360 2322 3412 τῶν
2344 3359 2764 3430 ἐπιχειρούντων
2790 3362 3111 3429 κατηγορεῖν
3136 3359 3237 3428 τῆς
3263 3357 3357 3409 τοῦ
3387 3357 3521 3409 Θεοῦ
3550 3357 3792 3419 ἐνώσεως

2217 3452 2353 3520 πρὸς
2384 3452 2471 3505 τὸν
2494 3451 2795 3521 ἄνθρωπον.
2820 3452 2893 3503 Τὸ
2936 3452 3032 3521 μὲν
3061 3450 3167 3521 γὰρ
3197 3448 3510 3502 ἐδειλίασεν⁶
3537 3449 3585 3501 oi
3611 3446 3792 3500 πολλοὶ

2217 3544 2421 3613 γελοῖον
2453 3541 2586 3597 εἶναι
2611 3543 2865 3610 ἔφασκον,
2907 3543 3000 3595 τὸν
3032 3542 3087 3595 δὲ
3117 3542 3345 3595 θάνατον
3376 3543 3467 3594 καὶ
3508 3540 3789 3606 ἀπίθανον,

2215 3636 2313 3707 τὴν
2340 3636 2396 3688 δὲ
2430 3636 2621 3689 ἕνωσιν
2649 3635 2740 3688 καὶ
2769 3634 3033 3704 ἀπρεπές.
3068 3633 3334 3687 Ἰἰνῶσθαι
3372 3633 3480 3703 γάρ
3510 3634 3567 3685 ἐν
3597 3635 3661 3703 τῇ
3694 3630 3792 3701 φύ-

2219 3746 2299 3781 σει
2319 3728 2378 3781 τὸ
2401 3728 2539 3780 θεῖον
2565 3727 2706 3779 κατά
2730 3729 2922 3797 κρᾶσιν
2949 3726 3042 3778 καὶ
3076 3726 3285 3780 ἕνωσιν.
3322 3725 3461 3778 Ἀλλ’
3499 3728 3657 3797 ἡμεῖς
3680 3728 3793 3788 τοῖς

2218 3820 2392 3873 εὐδοκί
2400 3838 2519 3889 μοις
2544 3820 2724 3872 αὐτῶν
2752 3820 3083 3889 χρησάμενοι
3129 3819 3416 3890 μάρτυσιν,
3436 3817 3793 3889 ἀποδιδόμεθα

2216 3910 2314 3981 τὴν
2341 3911 2540 3965 αἰτίαν.
2564 3910 2796 3977 Λέγεται
2841 3909 2895 3961 δὲ
2931 3911 3081 3980 παρὰ
3104 3928 3235 3974 τισι,
3272 3911 3365 3963 κα)⁵
3420 3910 3653 3981 μάλιστα
3682 3911 3795 3975 τοῖς

2217 4004 2587 4073 Εὐνομιανοίς,
2620 4002 2855 4071 ἡνῶσθαι
2877 4003 2968 4055 τὸν
3002 4003 3132 4055 Θεὸν
3172 4004 3339 4071 Λόγον
3369 4005 3446 4074 τῷ
3478 4003 3791 4075 σώματι,οὐ

2218 4096 2336 4147 κατ’
2375 4094 2587 4155 οὐσίαν,
2630 4092 2765 4145 ἀλλά
2808 4092 2948 4146 κατὰ
2978 4092 3076 4155 τάς
3112 4094 3375 4163 ἑκατέρας
3408 4094 3681 4163 δυνάμεις.
3718 4094 3791 4148 Οὐ

2217 4186 2325 4256 γάρ
2376 4181 2514 4238 εἶναι
2554 4184 2651 4247 τὰς
2691 4184 2878 4246 οὐσίας
2919 4184 3018 4247 τὰς
3062 4184 3351 4248 ἐνωθείσας
3391 4185 3422 4256 ἢ
3474 4185 3790 4255 κραθείσας,

2218 4277 2353 4330 ἀλλὰ
2398 4276 2498 4340 τὰς
2528 4276 2782 4345 δυνάμεις
2808 4274 2899 4329 τοῦ
2948 4275 3197 4347 σώματος
3225 4281 3345 4341 ταῖς
3381 4277 3641 4349 δυνάμεσι
3672 4281 3791 4342 ταῖς

2220 4370 2391 4431 θείαις
2415 4368 2860 4439 συγκεκρᾶσθαι·
2889 4368 3146 4439 δυνάμεις
3172 4369 3228 4422 δὲ
3260 4369 3353 4422 τοῦ
3378 4370 3627 4440 σώματος
3660 4387 3794 4423 παν-

2219 4459 2307 4522 τὸς
2340 4458 2511 4529 δήπου
2542 4459 2634 4511 τοῦ
2676 4458 2985 4527 ὀργανικοῦ,
3020 4460 3138 4512 κατ’
3185 4461 3577 4531 Ἀριστοτέλην,
3603 4460 3791 4529 λέγου-

541 4556 636 4603 aut
671 4551 860 4604 mistas
890 4564 1014 4603 esse
1043 4549 1402 4608 contendunt,
1434 4549 1527 4601 sed
1558 4546 1845 4602 facultates
1866 4547 2110 4615 Corporis

2222 4568 2303 4602 σιν
2337 4547 2472 4602 εἶναι
2500 4549 2596 4611 τὰς
2614 4549 2911 4618 αἰσθήσεις.
2930 4549 3168 4614 Ταύταις
3189 4546 3281 4603 οὐν
3300 4552 3355 4603 αἱ
3384 4552 3524 4605 θεῖαι
3539 4552 3795 4623 δυνάμεις

541 4642 745 4696 divinis
800 4640 1149 4694 facultatibus
1208 4641 1548 4694 commistas.
1600 4638 1773 4693 Porro
1827 4640 2112 4694 facultates

546 4731 798 4802 corporis
839 4732 1082 4801 cujusvis
1108 4731 1375 4800 organici,
1412 4731 1663 4785 videlicet
1704 4747 1767 4784 ex
1796 4732 2110 4794 Aristotele,

534 4825 728 4878 dicunt
755 4840 875 4879 esse
905 4839 1121 4879 sensus.
1150 4823 1246 4876 His
1266 4838 1395 4893 ergo
1422 4823 1620 4877 divinae
1648 4822 1937 4877 facultates
1964 4839 2115 4876 com-

533 4916 711 4969 tnislae
750 4916 1003 4969 unionem
1032 4914 1187 4982 juxta
1220 4914 1369 4984 ipSOs
1403 4914 1686 4980 efficiunt;
1734 4930 1920 4967 verum
1955 4929 2115 4967 nemo

532 5007 669 5079 ipsis
720 5009 914 5077 Opinor
955 5010 1315 5073 concesserit,
1365 5009 1518 5077 quod
1572 5024 1768 5062 sensus
1818 5024 2115 5077 θυι-ροηδε

531 5100 823 5155 facultates
858 5112 1200 5153 asseverent:
1251 5102 1451 5154 etenim
1499 5101 1567 5154 iis
1608 5115 1727 5169 qua:
1759 5116 1924 5169 supra
1967 5100 2112 5153 dixi-

532 5210 678 5255 mus,
715 5194 817 5247 ista
848 5201 1033 5262 aperte
1079 5192 1339 5247 distincta
1378 5205 1526 5253 sunt,
1559 5209 1807 5261 quamam
1856 5193 2113 5245 nimirmn

532 5286 754 5355 propria
807 5285 1054 5354 corporis
1099 5286 1232 5348 sint,
1277 5302 1527 5355 quaenam
1580 5287 1795 5349 animas,
1852 5285 2114 5338 nonnulla

530 5394 662 5432 vero
694 5378 983 5446 utriusque
1018 5379 1220 5433 simul:
1258 5388 1421 5448 atque
1450 5380 1504 5431 in
1548 5378 1787 5447 propriis
1829 5378 2116 5446 utriusque

534 5486 732 5526 sensus
763 5472 1128 5525 instrumenta
1170 5472 1489 5526 dicebamus
1542 5472 1995 5541 incorporeorum
2031 5471 2117 5523 in-

530 5561 765 5617 confuse
806 5562 1061 5615 unionem
1104 5562 1472 5616 essentiarum
1516 5561 1655 5623 fieri,
1708 5576 1834 5614 cum
1879 5560 2116 5614 divinior

534 5658 687 5710 nullo
711 5656 873 5711 modo
903 5655 1212 5711 oll'cndatur
1254 5655 1323 5707 ab
1365 5652 1643 5708 inferiore.
1707 5651 1821 5705 lmo
1853 5652 1965 5705 haec
1996 5660 2116 5705 tan-

532 5757 650 5804 tum
681 5750 975 5818 adjuvetur
1011 5765 1041 5802 a
1081 5748 1386 5803 diviniore:
1443 5745 1888 5816 quandoquidem
1923 5753 2115 5798 natura

537 5857 673 5912 pure
703 5842 1027 5911 incorporea
1054 5841 1237 5897 omnia
1262 5841 1484 5911 impune
1515 5837 1805 5909 pervolitat
1837 5837 1945 5893 late
1971 5836 2111 5903 loca,

2220 4641 2647 4711 συγκιρνάμεναι
2675 4642 2771 4708 τὴν
2800 4641 2991 4692 ἓνωσιν
3018 4641 3423 4709 ἀπειργάσαντο
3444 4641 3790 4704 κατάὐτούς.

2218 4734 2404 4796 Οὐδεὶς
2438 4733 2494 4785 δὲ
2518 4732 2583 4785 ἂν
2626 4732 2827 4795 αὐτοῖς,
2861 4727 3035 4802 οἶμαι,
3064 4736 3436 4803 συγχωρήσειε
3465 4734 3569 4795 ,τὰς
3602 4732 3793 4802 αἰσθὴ-

2218 4843 2330 4889 σεις
2361 4827 2674 4895 σωματικὰς
2700 4824 2956 4894 δυνάμεις
2978 4826 3472 4895 ἀποφαινομένοις’.
3504 4824 3796 4896 Διώρισται

2215 4918 2324 4987 γὰρ
2350 4918 2406 4968 ἐν
2449 4919 2562 4979 τοῖς
2598 4915 2905 4985 ἔμπροσθεν
2942 4915 3148 4983 σαφῶς,
3187 4915 3307 4968 τίνα
3345 4918 3442 4986 μὲν
3474 4916 3580 4969 ἴδια
3607 4916 3792 4987 σώμα-

2214 5026 2334 5071 τος,
2376 5009 2498 5060 τίνα
2529 5007 2585 5059 δὲ
2619 5007 2799 5077 ψυχῆς
2823 5046 2839 5072 ,
2874 5008 2996 5061 τίνα
3035 5008 3090 5059 δὲ
3122 5007 3215 5060 τοῦ
3249 5010 3657 5079 συναμφοτέρου
3700 5010 3795 5062 καὶ

2217 5104 2273 5154 ἐν
2306 5103 2417 5163 τοῖς
2460 5100 2610 5162 ἰδίοις
2659 5099 2750 5153 τοῦ
2808 5101 3219 5170 συναμφοτέρου
3266 5101 3363 5162 τὰς
3405 5099 3703 5169 αἰσθήσεις,
3727 5098 3797 5153 τὰ

2215 5192 2421 5262 ὄργανα
2480 5192 2738 5262 ἐλέγομεν
2788 5192 2893 5243 τῶν
2938 5192 3281 5261 ἀσωμάτων,
3322 5191 3641 5262 ἀσυγχύτως
3698 5192 3797 5261 τὴν

2214 5286 2408 5338 ἕνωσιν
2439 5286 2546 5338 τῶν
2578 5284 2773 5337 οὐσιῶν
2818 5285 3081 5352 γίνεσθαι,
3133 5285 3297 5355 μηδὲν
3337 5284 3796 5356 παραϐλαπτομέ-

2215 5395 2311 5448 νης
2331 5379 2430 5448 τῆς
2461 5377 2735 5447 θειοτέρας
2758 5378 2821 5429 ἐκ
2844 5378 2942 5447 τῆς
2966 5377 3357 5448 ὑποδεεστέρας
3377 5417 3391 5441 ,
3434 5378 3569 5431 ἀλλά
3594 5378 3797 5448 ταύτης

2221 5470 2376 5538 μόνον
2428 5467 2813 5538 ὠφελουμένης
2856 5470 2921 5520 ἐκ
2971 5468 3070 5538 τῆς
3128 5467 3405 5538 θειοτέρας
3443 5487 3457 5501 ·
3501 5470 3731 5539 ἐπείπερ
3761 5470 3795 5539 ἡ

2217 5559 2469 5630 καθαρῶς
2505 5560 2794 5629 ἀσώματος
2833 5560 2994 5626 φύσις
3038 5564 3206 5632 χωρεί
3245 5562 3343 5631 μὲν
3387 5562 3677 5624 ἀκωλύτως
3712 5561 3801 5615 διὰ

2218 5654 2453 5717 πάντων,
2494 5654 2561 5706 δι’
2587 5653 2757 5722 αὐτῆς
2782 5653 2836 5706 δὲ
2864 5654 3016 5706 οὐδέν
3041 5673 3052 5684 ·
3090 5654 3229 5707 ὥστε
3257 5656 3317 5707 τὸ
3350 5656 3447 5725 μὲν
3486 5658 3682 5726 χωρεῖν
3702 5655 3800 5709 αὐε-

2217 5746 2315 5816 τὴν
2344 5746 2432 5797 διά
2470 5745 2685 5797 πάντων
2719 5744 2993 5816 ἡνῶσθαι,
3021 5746 3081 5798 τὸ
3114 5746 3168 5799 δέ
3211 5748 3375 5817 μηδὲν
3408 5747 3475 5800 δι’
3496 5748 3663 5817 αὐτῆς
3700 5747 3799 5817 μέ-

2218 5855 2328 5892 νειν
2380 5837 2607 5907 ἄμικτον
2641 5840 2735 5891 καὶ
2778 5837 3099 5909 ἁσύγχυτον.
3139 5839 3251 5892 Οὐκ
3308 5839 3523 5910 εὐδοκία
3565 5840 3741 5894 τοίνυν
3773 5840 3804 5895 6
