4166 6372
453 383 553 439 ﬁl

1708 384 2045 442 EPISTOLA
2075 385 2441 442 CANONICA.

3595 386 3704 443 22"!

453 503 624 566 τύπος
654 501 754 571 τῆς
781 499 1045 567 ἑνὼσεως,
1070 500 1146 566 ὥς
1175 519 1283 555 τισι
1310 501 1419 555 τῶν
1446 499 1669 567 ἐνδόξων
1701 502 1908 574 ἀνδρῶν
1939 503 2021 557 δο-

2130 514 2184 558 ει
2220 520 2314 573 ρει·
2356 503 2528 572 ipsam
2574 500 2709 555 nihil
2745 509 3023 570 penetrat:
3078 500 3152 555 ita
3199 510 3259 555 ut
3290 501 3373 556 vis
3418 500 3506 555 illa
3538 518 3703 572 pene-

456 597 575 647 κεῖ·
593 593 707 647 ἀλλ’
736 595 769 663 ἡ
792 594 951 661 φύσις
976 592 1142 646 αἰτία.
1179 591 1252 644 Τὸ
1280 593 1378 660 μὲν
1412 593 1519 664 γὰρ
1554 592 1838 647 ἀναλαϐεῖν
1873 594 2031 664 σῶμα

457 685 575 737 κατ’
601 682 844 736 εὐδοκίαν
866 685 1008 735 εἴποι
1035 684 1119 745 τἰς
1140 682 1204 735 ἂν
1228 682 1464 750 εὐλόγως
1500 683 1824 754 γεγενῆσθαι
1845 702 1859 714 ·
1891 685 1950 738 τὸ
1974 685 2032 738 δὲ

456 775 760 843 ἑνούμενον,
786 773 887 845 [μὴ
938 776 1031 827 καὶ
1060 775 1158 837 τὰς
1206 772 1589 844 καταϐάσειςἺ
1607 770 1766 828 εἶναι.
1817 776 2031 829 Βέλτιον

453 861 565 929 οὖν,
595 866 671 928 ὡς
696 864 1036 936 προείρηται,
1062 864 1200 917 κατὰ
1216 865 1313 935 τὴν
1332 865 1538 918 οἰκείαν
1558 864 1736 933 φύσιν.
1758 866 1896 929 Τοὺς
1923 866 2031 936 γὰρ

455 955 696 1025 βαθμοὺς
720 956 827 1007 τῶν
855 955 1063 1026 ψυχῶν,
1105 957 1197 1008 καὶ
1242 956 1343 1018 τὰς
1367 956 1677 1021 ἀναϐάσεις,
1708 956 1773 1019 ἃς
1816 956 2027 1027 Ὠριγέ-

452 1064 547 1117 νης
577 1048 786 1112 εἰσάγει
805 1087 820 1111 ,
862 1048 1027 1118 μηδὲν
1066 1047 1392 1117 συνᾳδούσας
1418 1051 1535 1109 ταῖς
1565 1047 1734 1111 θείαις
1764 1048 2023 1118 Γραφαϊς,

454 1139 586 1209 μηδὲ
651 1139 1028 1209 προσηκούσας
1080 1141 1191 1202 τοῖς
1224 1138 1331 1192 τῶν
1384 1138 1722 1210 Χριστιανῶν
1752 1139 2022 1209 δόγμασι,

450 1232 865 1300 παραλειπτέον.

2139 594 2318 649 trandi
2347 609 2441 662 per
2461 593 2645 647 omnia
2673 593 2917 653 uniatur,
2949 592 3126 645 virtus
3156 606 3283 645 vero
3312 607 3417 661 qua
3446 591 3580 645 nihil
3611 607 3706 661 per

2129 687 2304 754 ipsam
2340 686 2559 745 transit,
2586 692 2800 738 maneat
2826 683 3056 737 illibata.
3086 680 3450 748 Quamobrem
3487 684 3706 737 unionis

2129 777 2325 830 modus
2363 792 2471 830 non
2510 775 2575 827 ad
2605 774 2859 842 placitum
2891 781 2996 839 est,
3027 782 3086 827 ut
3119 773 3443 842 quibusdam
3477 772 3706 827 illustri-

2130 867 2232 922 bus
2268 868 2399 921 viris
2436 867 2670 929 videtur,
2707 865 2801 919 sed
2847 874 3041 918 natura
3068 878 3235 920 causa
3265 874 3367 919 est.
3398 862 3532 916 Nam
3559 864 3704 933 quod

2133 960 2494 1029 assumpserit
2550 971 2753 1026 corpus
2799 971 2867 1009 ex
2919 956 3279 1025 beneplacito,
3337 954 3537 1009 factum
3581 970 3706 1011 esse

2128 1052 2253 1120 jure
2285 1050 2480 1104 merito
2507 1052 2631 1119 quis
2668 1050 2853 1104 dicere
2880 1048 3067 1118 possit.
3093 1046 3248 1113 Quod
3286 1055 3465 1101 autem
3495 1048 3701 1113 unitur,

2134 1156 2241 1195 non
2271 1142 2569 1196 secundum
2599 1142 2896 1196 descensus
2924 1155 3082 1195 esse:
3117 1139 3346 1209 proinde
3390 1139 3608 1203 melius,
3644 1146 3704 1193 ut

2132 1241 2259 1288 ante
2284 1234 2489 1287 dictum
2518 1244 2623 1299 cst,
2656 1232 2806 1301 ilixta
2830 1232 3105 1301 propriam
3132 1240 3405 1284 naturam.
3432 1229 3701 1284 Caeterum

451 1327 754 1381 animarum
796 1324 998 1395 gradus
1028 1333 1081 1379 et
1118 1340 1381 1379 ascensus
1434 1332 1488 1376 et
1537 1322 1837 1378 descensus
1889 1340 2027 1393 quos
2065 1324 2329 1395 Origenes
2376 1324 2607 1387 inducit,
2666 1334 2724 1379 ut
2805 1324 2952 1377 nulla
3023 1323 3078 1375 in
3126 1337 3183 1375 re
3219 1321 3422 1376 divinis
3470 1322 3703 1392 eloquiis

448 1419 824 1483 concinentes,
888 1434 1062 1487 neque
1115 1418 1547 1475 Christianorum
1601 1414 1835 1471 decretis
1891 1428 2282 1488 congruentes,
2316 1419 2732 1487 praetermittere
2765 1432 2861 1487 par
2894 1424 2998 1471 est.

453 1631 1397 1663 ﬂ

1400 1649 1705 1660 _———

1722 1628 3676 1660 πω

1763 1792 1992 1876 ΤΟΥ
2043 1789 2419 1877 ΑΥΤΟΥ

1184 2000 1983 2122 ΕΠΙΣΤΟΛΗ

2131 2005 2975 2121 ΚΑΝΟΝΙΚΗ

1076 2218 1258 2277 ΠΡΟΣ
1307 2222 1446 2275 ΤΟΝ
1489 2222 1581 2275 ΕΝ
1618 2221 1839 2275 ΑΓΙΟῙΣ
1874 2220 2182 2273 ΛΗΤΟΙΟΝ
2215 2220 2611 2274 ΕΠΙΣΚΟΠΟΝ
2644 2220 3049 2276 ΜΕΛΙΤΙΝΗΣ.

1383 2544 1923 2633 EJUSDEM
2000 2546 2095 2632 S.
2149 2541 2727 2633 GREGORII

1161 2779 1971 2897 EPISTOLA

2124 2776 2978 2891 CANONICA

1372 3017 1462 3069 AD
1504 3015 1560 3070 S.
1605 3007 1914 3067 LETOIUM
1941 3006 2310 3064 MELITINES
2355 3007 2762 3065 EPISCOPUM.

1656 3332 1904 3381 Gentiano
1929 3331 2148 3380 Herveto
2168 3334 2460 3392 interprete.

520 3635 613 3688 'Ev
642 3635 736 3688 καὶ
760 3633 915 3687 τοῦτο
935 3632 1043 3687 τῶν
1064 3634 1141 3698 εἰς
1166 3632 1263 3704 τὴν
1286 3631 1447 3701 ἁγίαν
1477 3631 1669 3703 ἑορτὴν
1704 3631 2015 3685 συντελούν-
2051 3640 2090 3695 Β

443 3743 551 3779 των
584 3728 733 3791 ὲστί,
776 3726 836 3779 τὸ
888 3725 1220 3795 κατανοῆσαι
1252 3726 1400 3796 ἡμᾶς
1430 3723 1528 3795 τὴν
1561 3724 1782 3795 ἕννομόν
1824 3742 1881 3777 τε
1926 3725 2020 3778 καὶ

446 3819 733 3889 κανονικὴν
783 3819 875 3871 ἐπὶ
916 3818 1024 3871 τῶν
1080 3817 1619 3888 πεπλημμεληκότων
1671 3817 1979 3887 οἰκονομίαν
2002 3832 2016 3846 ⁸

444 3909 591 3973 ὅπως
616 3908 681 3962 ἂν
709 3907 1074 3979 Θεραπευθείη
1097 3908 1203 3960 πᾶν
1216 3905 1567 3978 ἠρρώστημα
1594 3905 1912 3976 ψυχικὸν,τὸ
1933 3905 2020 3958 διὰ

442 4016 587 4064 τινος
615 4000 885 4071 ἁμαρτίας
906 4000 1301 4069 ὲπιγινόμενον.
1332 3997 1546 4069 Ἐπειδὴ
1571 3997 1679 4068 γὰρ
1702 3999 1733 4068 ἡ
1759 3997 2019 4066 καθολικὴ

442 4091 539 4145 καὶ
581 4088 721 4160 αὕτη
763 4089 864 4159 τῆς
920 4089 1146 4151 κτίσεως
1188 4088 1348 4159 ἑορτὴ
1379 4088 1520 4141 κατὰ
1554 4088 1655 4156 τὴν
1682 4086 2019 4156 τεταγμένην

445 4181 689 4253 περίοδον
713 4179 806 4233 τοῦ
846 4180 1173 4234 ἐνιαυσιαίου
1218 4179 1417 4233 κύκλου
1449 4180 1571 4233 καθ’
1604 4179 1831 4232 ἕκαστον
1878 4179 2015 4242 ἔτος,

440 4274 501 4326 ὲν
549 4271 710 4324 παντὶ
758 4269 1104 4340 πληρουμένη
1150 4268 1227 4338 τῷ
1278 4268 1497 4339 κόσμῳ,
1545 4268 1637 4320 ἐπὶ
1668 4271 1733 4338 τῇ
1778 4268 2017 4321 ἀναστά-

444 4380 526 4415 σει
553 4363 646 4415 τοῦ
690 4362 1035 4425 πεπτωκότος
1074 4360 1398 4414 ἐπιτελεῖται
1433 4375 1448 4388 ⁸
1484 4358 1690 4421 πτῶσις
1716 4358 1772 4411 δέ
1804 4359 1950 4411 ἐστιν
1982 4360 2015 4429 ἡ

442 4455 685 4525 ἁμαρτία
701 4472 713 4483 ·
746 4454 1039 4515 ἀνάστασις
1061 4453 1117 4504 δὲ
1140 4455 1172 4522 ἡ
1194 4453 1259 4505 ὲκ
1284 4450 1374 4504 τοῦ
1398 4450 1690 4521 πτώματος
1718 4450 1816 4520 τῆς
1839 4451 1989 4521 ἁμαρ
2007 4480 2018 4489 -

439 4548 562 4609 τίας
621 4544 950 4616 ἀνόρθωσιςο
996 4543 1177 4606 καλῶς
1213 4542 1278 4596 ἂν
1330 4543 1439 4612 ἔχοι
1476 4542 1614 4595 κατὰ
1661 4542 1758 4612 τὴν
1805 4542 2017 4612 ἡμέραν

440 4637 665 4707 ταύτην,
711 4638 773 4689 οὐ
831 4636 989 4705 μόνον
1027 4637 1150 4697 τοὺς
1179 4636 1243 4687 ὲκ
1271 4633 1685 4701 παλιγγενεσίας
1731 4650 2015 4703 μεταστοι-

441 4728 786 4798 χειουμὲνους
840 4726 927 4780 διὰ
972 4724 1069 4795 τῆς
1106 4724 1197 4777 τοῦ
1231 4724 1455 4794 λουτροῦ
1501 4725 1720 4795 χάριτος
1765 4724 1844 4794 τῷ
1898 4724 2017 4794 Θεῴ

444 4819 761 4890 προσάγειν,
791 4817 927 4870 ἀλλὰ
955 4817 1049 4869 καὶ
1085 4819 1209 4880 τοὺς
1243 4817 1329 4870 διὰ
1367 4817 1466 4886 τῆς
1507 4817 1791 4886 μετανοίας
1829 4834 1886 4868 τε
1923 4817 2017 4870 καὶ

443 4908 775 4979 ἐπιστροφῆς
806 4910 915 4961 ἀπὸ
963 4908 1070 4961 τῶν
1113 4908 1319 4979 νεκρῶν
1368 4908 1543 4977 ἔργων
1580 4910 1659 4971 είς
1704 4909 1803 4979 τὴν
1838 4909 2016 4972 ζῶσαν

2194 3630 2348 3702 [Cum
2376 3630 2392 3681 I
2417 3641 2465 3683 et
2489 3629 2570 3700 2.]
2602 3627 2781 3682 Unum
2803 3628 2907 3682 hoc
2929 3643 3147 3697 quoque
3168 3636 3254 3683 est
3271 3642 3462 3682 eorum
3484 3643 3608 3698 qua:
3628 3628 3698 3683 ad

2122 3730 2373 3777 sanctum
2398 3721 2595 3775 festum
2613 3721 2929 3784 conferunt,
2953 3725 2997 3777 si
3018 3740 3119 3776 nos
3136 3722 3509 3793 intelligamus
3526 3724 3703 3796 legiti-

2121 3830 2265 3869 mam
2296 3823 2349 3868 et
2376 3814 2699 3869 canonicam
2725 3813 2777 3866 in
2800 3813 2866 3867 iis
2885 3816 2975 3883 qui
3002 3817 3699 3885 pcccaruntmconomiam,

2122 3918 2181 3961 ut
2212 3916 2437 3963 curetur
2483 3910 2664 3962 omnis
2707 3908 2930 3961 morbus
2976 3910 3172 3962 anima:
3209 3908 3300 3977 qui
3340 3924 3436 3979 per
3475 3909 3700 3979 aliquod

2120 4008 2405 4071 peccatum
2448 3999 2671 4053 accidit.
2707 3999 2975 4064 Quoniam
3009 3999 3155 4053 enim
3205 4001 3307 4054 hoc
3347 4011 3432 4055 est
3472 4001 3699 4056 univer-

2122 4093 2235 4148 sale
2307 4093 2513 4146 festum
2541 4091 2864 4156 creationis,
2905 4092 3051 4161 quod
3093 4092 3148 4145 in
3183 4093 3491 4161 praestituto
3528 4095 3698 4150 annui

2120 4186 2313 4240 circuli
2350 4184 2580 4247 ambitu,
2613 4185 2849 4255 singulis
2882 4185 3044 4240 annis
3087 4187 3139 4238 in
3173 4186 3433 4239 universo
3469 4188 3691 4253 mundo,

2119 4283 2344 4345 propter
2376 4274 2496 4342 ejus
2525 4273 2615 4342 qui
2648 4274 2923 4328 ceciderat
2955 4275 3438 4339 resurrectionem,
3478 4278 3692 4348 peragi-

2121 4376 2210 4418 tur
2244 4370 2442 4434 (casus
2476 4372 2659 4418 autem
2709 4371 2794 4418 est
2842 4373 3147 4433 peccatum,
3186 4367 3515 4421 resurrectio
3542 4383 3692 4432 vero,

2118 4472 2182 4510 ex
2215 4457 2420 4525 peccati
2449 4471 2582 4510 casu
2604 4457 2808 4511 erectio
2824 4468 2863 4525 ),
2884 4464 3030 4511 recte
3057 4458 3329 4518 habuerit,
3360 4459 3405 4512 si
3431 4458 3695 4513 hodierno

2118 4548 2206 4601 die
2228 4564 2338 4601 non
2365 4548 2542 4601 solum
2573 4562 2669 4601 eos
2690 4548 2783 4617 qui
2814 4562 2879 4600 ex
2914 4549 3333 4615 regeneratione
3367 4563 3462 4617 per
3489 4548 3694 4603 lavacri

2117 4638 2351 4708 gratiam
2402 4637 2756 4691 transmutati
2793 4644 2942 4697 sunt,
3001 4636 3065 4689 ad
3112 4634 3280 4689 Deum
3335 4636 3691 4704 adducamus,

2120 4728 2215 4782 sed
2249 4743 2346 4782 eos
2391 4728 2554 4781 etiam
2593 4727 2687 4795 qui
2730 4742 2825 4796 per
2860 4726 3241 4796 pmnitentiam
3274 4735 3329 4779 et
3377 4727 3695 4781 conversio.

2118 4836 2266 4883 nem,
2309 4835 2339 4872 a
2366 4821 2598 4873 mortuis
2629 4819 2889 4887 operibus
2922 4817 2988 4871 ad
3022 4818 3293 4871 viventem
3323 4818 3467 4871 viam
3504 4834 3696 4873 ascen-

2118 4911 2276 4972 dunt,
2308 4910 2374 4964 ad
2408 4926 2557 4980 spem
2584 4925 2703 4973 (ιιιιε
2725 4909 2907 4963 salvos
2928 4925 3023 4963 eos
3058 4908 3221 4962 faciat
3248 4916 3503 4975 tanquam
3528 4926 3691 4965 manu

442 5000 561 5052 ὁδὸν
584 5000 743 5053 πάλιν
761 4999 1102 5063 ἐπανιόντας,
1128 5001 1222 5053 καὶ
1250 5000 1469 5065 τούτους
1494 5006 1851 5072 χειραγωγεῖν
1879 5004 2014 5073 πρὸς

2123 5002 2481 5065 deducamus,
2516 5018 2543 5054 a
2572 5017 2680 5069 qua
2712 5016 2806 5069 per
2835 5008 3121 5070 peccatum
3161 5000 3380 5053 alienati
3410 5010 3558 5055 sunt.
3590 5002 3696 5055 Ne-

443 5091 543 5161 τὴν
574 5091 845 5154 σώζουσαν
872 5091 1085 5153 ἐλπίδα,
1114 5086 1181 5161 ἦς
1206 5092 1294 5144 διὰ
1321 5094 1417 5163 τῆς
1450 5094 1720 5164 ἁμαρτίας
1744 5093 2017 5159 ἀπεξενῶ-

445 5182 633 5252 Οησαν.
670 5181 893 5235 Ἐστιδὲ
923 5184 982 5236 οὑ
1009 5183 1200 5254 μικρὸν
1223 5183 1400 5253 ἔργον,
1427 5185 1487 5237 τὸ
1511 5187 1635 5248 τοὺς
1664 5187 1789 5257 περὶ
1816 5185 2018 5239 τούτων

442 5275 633 5343 λόγους
654 5276 1003 5346 οἰκονομῆσαι
1029 5276 1087 5328 ὲν
1115 5275 1339 5346 τῇλόρθῇ
1374 5293 1433 5328 τε
1469 5281 1562 5329 καὶ
1586 5277 2017 5348 δεδοκιμασμένῃ

446 5367 648 5438 κρίσει,
686 5367 822 5419 κατὰ
861 5368 922 5419 τὸ
971 5367 1333 5437 παράγγελμα
1380 5368 1473 5421 τοῦ
1508 5369 1813 5438 Προφήτου,
1836 5370 1896 5421 τὸ
1922 5386 2018 5422 κε-

442 5455 594 5513 λεῦον
627 5460 736 5512 δεῖν
781 5460 1115 5529 οἰκονομεῖν
1161 5461 1303 5526 τους
1326 5463 1549 5529 λόγους
1571 5461 1640 5513 ἐν
1662 5463 1876 5529 κρίσει,
1901 5462 2009 5525 ἵνα,

449 5549 629 5614 καθὼς
658 5550 846 5621 ἔχειτὸ
871 5549 1068 5619 λόγιον,
1094 5550 1250 5618 μήτε
1272 5548 1543 5618 σαλευθῇ
1557 5553 1642 5616 είς
1665 5550 1770 5605 τὸν
1803 5550 2006 5617 αἰῶνα,

446 5642 546 5696 καί
596 5644 684 5709 εἰς
730 5644 1127 5712 μννιυιόσυνον
1174 5644 1411 5697 αἰώνιον
1468 5642 1708 5713 γένηται
1762 5643 2008 5711 δίκαιος.

517 5812 564 5845 ⁸³
593 5812 716 5869 Psal
764 5830 877 5880 cu,
922 5814 954 5869 9
980 5831 1102 5887 sqq.

2120 5107 2228 5160 que
2255 5106 2387 5145 vero
2420 5106 2645 5159 parvum
2681 5104 2819 5158 opus
2852 5097 2954 5149 est,
2992 5102 3076 5152 ea,
3111 5104 3232 5156 qua:
3261 5089 3329 5142 de
3365 5091 3436 5144 iis
3467 5092 3696 5145 dicenda

2122 5194 2271 5246 sunt,
2302 5184 2357 5236 in
2394 5192 2545 5235 recto
2575 5188 2629 5235 ct
2669 5180 2898 5249 probato
2922 5178 3131 5247 judicio
3161 5179 3507 5249 dispensare,
3540 5182 3696 5252 juxta

2120 5282 2454 5345 praeceptum
2492 5270 2795 5339 Prophet:e,
2833 5270 2980 5338 quod
3014 5270 3169 5339 jubet
3203 5282 3458 5339 oportere
3492 5292 3695 5328 sermo-

2120 5383 2209 5420 nes
2253 5365 2566 5433 dispensare
2616 5362 2920 5428 injudicio,
2960 5369 3019 5414 ut
3042 5362 3501 5430 quemadmodum
3533 5365 3696 5418 habet

2118 5458 2361 5511 divinum
2394 5454 2712 5515 oraculum,
2755 5470 2860 5506 non
2896 5465 3167 5507 moveatur
3208 5454 3265 5507 in
3303 5464 3557 5508 aeternum
3584 5495 3597 5517 ,
3634 5467 3686 5508 et

2118 5549 2175 5602 in
2191 5558 2391 5603 (eterna
2412 5546 2666 5599 memoria
2685 5544 2755 5597 sit
2771 5544 2949 5613 justus
2961 5542 3027 5596 ⁸³.
3053 5541 3522 5607 Quemadmodum
3547 5547 3692 5599 enim

2118 5641 2280 5697 etiam
2315 5639 2369 5694 in
2406 5638 2680 5709 corporali
2733 5638 2964 5703 medela,
3007 5651 3178 5691 unum
3216 5644 3302 5691 est
3342 5636 3561 5707 quidem
3608 5638 3695 5696 ln-
