4166 6372
494 388 601 445 293

1720 375 1776 431 S.
1818 374 2145 430 GREGORH
2187 372 2479 428 NYSSENI

3638 370 3746 426 221»

494 507 745 558 stitutum
765 494 1071 555 medicina,
1098 506 1295 548 sanare
1318 507 1441 547 cum
1466 493 1558 561 qui
1592 494 1826 553 laborat,
1854 492 2067 544 varium

2193 489 2384 563 Ὠσπερ
2408 490 2516 561 γὰρ
2542 489 2634 543 καὶ
2659 490 2750 542 ἐπὶ
2779 490 2877 559 τῆς
2907 488 3223 559 σωματικῆς
3247 487 3559 560 θεραπείας,
3586 491 3615 543 ό
3648 490 3746 559 μὲν

496 601 677 645 autem
714 595 797 642 est
841 584 1147 641 curationis
1191 600 1363 652 genus
1409 589 1538 651 (pro
1572 583 1886 636 morborum
1926 582 2069 635 enim

498 681 785 739 varietate,
834 676 1225 728 convenienter
1274 687 1492 740 qtioque
1529 670 1812 725 medicina:
1863 670 2075 723 metho-

500 774 605 825 dus
655 786 717 823 ac
771 767 1065 834 disciplina
1123 764 1425 832 unicuique
1476 761 1667 815 morbo
1716 761 2072 829 applicatur),

501 863 573 915 ita
608 876 729 914 cum
760 860 927 911 multa
954 858 1024 911 sit
1057 858 1108 909 in
1140 856 1347 909 morbis
1373 870 1589 924 quoque
1614 855 1807 907 animm
1836 853 2078 907 affectio-

499 963 630 1001 num
673 948 933 1007 varietas,
965 944 1321 998 multiformis
1353 960 1573 1013 quoque
1615 944 1925 997 necessario
1961 942 2078 996 fne-

499 1041 573 1094 rit
612 1040 822 1092 medica
850 1038 1086 1101 curatio,
1144 1036 1211 1089 ad
1245 1036 1554 1090 atfectionis
1604 1036 1873 1089 rationem
1910 1034 2079 1087 medi—

501 1134 681 1186 t-lnam
719 1145 1005 1184 exercens.
1044 1128 1112 1181 Ut
1159 1129 1230 1181 sit
1261 1136 1442 1181 autem
1496 1136 1613 1181 arte
1649 1128 1834 1197 aliqua
1884 1141 2079 1196 proce-

501 1225 641 1278 dens
677 1223 971 1291 propositae
1000 1219 1324 1290 quaestionis
1355 1218 1668 1281 metltodus,
1712 1234 1825 1272 rem
1860 1218 1933 1271 ita
1966 1225 2079 1271 tra-

504 1316 794 1369 ctabintus.

577 1501 706 1555 Tria
767 1508 1050 1567 suntquae
1103 1497 1157 1550 in
1199 1498 1378 1550 anima
1435 1505 1621 1549 nostra
1661 1492 2083 1547 considerantur

507 1594 805 1649 secundum
844 1591 1453 1661 primamdivisionem:
1494 1590 1650 1649 ratio,
1684 1586 2081 1654 concupiscen-

510 1689 608 1744 tia,
649 1694 701 1739 et
738 1685 838 1737 ira.
890 1683 945 1736 In
993 1684 1060 1737 iis
1109 1691 1235 1735 sunt
1268 1692 1320 1734 et
1370 1691 1517 1736 recte
1574 1679 1712 1733 facta
1759 1693 1947 1731 eorum
1988 1675 2082 1745 qui

508 1793 575 1831 ex
614 1776 807 1828 virtute
849 1775 1057 1839 vivunt,
1098 1782 1152 1827 et
1201 1772 1401 1826 delicta
1446 1787 1719 1841 casusque
1752 1784 1941 1824 eorum
1988 1767 2081 1836 qui

511 1870 578 1923 ad
630 1869 821 1925 vitium
873 1866 1212 1919 dilabuntur.
1263 1866 1629 1931 Quamobrem
1686 1869 1901 1931 oportet
1959 1874 2082 1913 eum

510 1962 602 2032 qui
635 1960 919 2029 aegrotanti
948 1960 1143 2013 anima:
1182 1958 1323 2027 parti
1366 1957 1781 2010 convenientem
1818 1952 2083 2006 medelam

510 2058 595 2104 est
654 2048 1040 2109 adhibiturus,
1092 2047 1243 2116 prius
1324 2045 1543 2114 quidem
1602 2043 1953 2098 considerare
2031 2039 2085 2092 in

512 2156 751 2211 quonam
820 2139 1079 2195 consistit
1135 2138 1388 2201 affectio,
1440 2135 1636 2189 deinde
1688 2136 1769 2189 sic
1815 2133 2083 2187 laboranti

513 2233 928 2287 convenientem
966 2228 1228 2283 medelam
1258 2229 1552 2297 applicare.
1605 2243 1673 2279 ne
1720 2232 1941 2294 propter
1974 2238 2089 2275 me-

513 2324 649 2377 dicae
679 2321 984 2390 disciplinae
1018 2319 1403 2387 ignorantiam,
1449 2318 1554 2369 alia
1604 2316 1824 2384 quidem
1860 2314 1932 2367 sit
1960 2328 2088 2383 pars

513 2432 634 2485 quae
681 2422 928 2484 aegrotat,
989 2413 1092 2463 alia
1136 2427 1263 2463 vero
1304 2411 1388 2463 cui
1425 2419 1510 2463 est
1554 2408 1798 2461 adhibita
1847 2408 2084 2460 medela:

516 2509 662 2562 sicut
715 2515 861 2561 certe
902 2506 1106 2558 multos
1147 2504 1401 2557 videmus
1436 2501 1698 2564 medicos,
1733 2501 1825 2570 qui
1868 2510 2091 2569 prepter

515 2606 694 2675 primo
744 2606 951 2659 affectae
991 2604 1163 2673 partis
1220 2603 1620 2672 ignorationem
1668 2599 1919 2654 morbum
1976 2599 2091 2652 suis

514 2696 929 2751 medicamentis
972 2695 1263 2762 adaugent.
1300 2692 1435 2746 Cum
1500 2694 1644 2745 enim
1693 2706 1836 2760 saepe
1861 2689 2091 2743 exsistat

517 2791 742 2842 morbus
770 2795 994 2857 prepter
1036 2786 1465 2841 dominationem
1519 2795 1573 2839 et
1612 2782 2089 2852 exsuperationem

516 2878 714 2942 calidi,
777 2876 1034 2945 quoniam
1088 2875 1155 2928 iis
1203 2875 1295 2943 qui
1349 2882 1570 2944 propter
1626 2873 1847 2926 nimiam
1909 2871 2091 2941 frigidi

518 2968 906 3022 abundantiam
952 2967 1092 3021 male
1123 2965 1300 3019 affecti
1329 2973 1478 3023 sunt,
1516 2965 1649 3018 utile
1686 2971 1769 3017 est
1814 2963 1957 3032 quod
2002 2978 2094 3016 ca-

520 3057 702 3113 lefacit
751 3064 803 3111 et
855 3056 1128 3122 confovet,
1181 3055 1231 3108 id
1263 3054 1406 3125 quod
1445 3054 1553 3109 illis
1586 3070 1651 3108 ex
1690 3053 1902 3107 ratione
1938 3051 2094 3105 adhi-

2175 585 2373 645 σκοπὸς
2396 583 2494 651 τῆς
2522 582 2769 652 ἰατρικῆς
2787 575 2866 644 εἷς
2885 582 3096 640 ἐστι.τδ
3127 582 3345 649 ὑγιᾶναι
3383 580 3474 633 τὸν
3516 580 3751 651 κάμνον·

2174 693 2262 729 ταο
2282 676 2341 728 τὸ
2369 676 2424 728 δὲ
2449 672 2586 735 εἶδος
2605 675 2702 744 τῆς
2731 674 3042 743 ἐπιμελείας
3062 674 3341 743 διάφορον·
3368 671 3506 725 κατά
3526 671 3634 741 γὰρ
3649 671 3747 741 τὴν

2174 766 2446 820 ποικιλίαν
2478 766 2585 819 τῶν
2618 766 3066 837 ἀρρωστημάτων
3109 764 3452 833 καταλλήλως
3486 763 3579 815 καὶ
3606 764 3639 827 ἡ
3668 762 3750 815 θε-

2179 858 2481 929 ραπευτικὴ
2517 857 2733 928 μέθοδος
2767 858 2979 927 ἑκάστῳ
3011 856 3119 908 τῶν
3141 855 3459 925 νοσημάτων
3480 854 3749 925 προσάγε-

2175 968 2265 1004 ται
2295 967 2307 980 ·
2339 949 2479 1002 οὕτω
2509 949 2707 1019 πολλῆς
2737 948 2901 1018 ούσης
2939 950 3031 1001 καὶ
3065 949 3120 999 ὲν
3149 949 3213 1018 τῇ
3243 948 3442 1016 ψυχικῇ
3484 947 3623 1016 νόσῳ
3649 949 3747 1016 τῆς

2178 1042 2285 1095 τῶν
2305 1042 2490 1096 παθῶν
2512 1043 2800 1104 ποικιλίας,
2819 1042 3129 1110 ἀναγκαίως
3156 1041 3436 1111 πολυειδὴς
3465 1041 3753 1111 γενήσεται

2178 1137 2211 1203 ἡ
2247 1134 2611 1205 θεραπευτικὴ
2662 1134 2978 1205 ἐπιμέλεια,
3014 1132 3148 1202 πρὸς
3196 1132 3351 1201 λόγον
3394 1131 3487 1184 τοῦ
3547 1132 3750 1195 πάθους

2180 1225 2475 1294 ἐνεργοῦσα
2518 1226 2617 1292 τὴν
2669 1223 2827 1276 ἴασιν.
2872 1224 2959 1286 Ὠς
2987 1223 3029 1276 δ’
3054 1224 3117 1276 ἂν
3166 1220 3381 1289 γένοιτό
3415 1238 3497 1284 τις
3528 1220 3751 1291 τεχνικὴ

2184 1317 2402 1385 μέθοδος
2422 1318 2547 1387 περὶ
2566 1316 2658 1369 τοῦ
2682 1315 3042 1386 προκειμένου
3079 1314 3283 1384 προϐλή
3292 1330 3475 1383 ματος,
3499 1312 3641 1365 οὕτω
3658 1310 3759 1365 τὸν.

2180 1407 2334 1475 λόγον
2365 1407 2592 1476 διαληψό
2600 1408 2756 1477 μιθα.

2252 1502 2390 1572 Τρία
2441 1502 2558 1553 ἐστὶ
2590 1502 2656 1555 τὰ
2694 1502 2819 1571 περὶ
2854 1500 2950 1570 τὴν
2999 1498 3173 1569 ψυχὴν
3210 1496 3364 1567 ἡμῶν
3407 1495 3758 1569 θεωρούμενα

2183 1594 2322 1647 κατὰ
2365 1595 2463 1665 τὴν
2506 1593 2728 1665 πρώτην
2774 1594 3066 1663 διαίρεσινλ
3108 1592 3168 1644 τό
3196 1608 3254 1644 τε
3284 1591 3539 1658 λογικὸν,
3575 1590 3665 1641 καὶ
3693 1588 3754 1640 τὸ

2185 1683 2603 1754 ἐπιθυμητικὸν,
2645 1686 2739 1738 καὶ
2792 1685 2851 1737 τὸ
2902 1683 3195 1753 θυμοειδές.
3242 1682 3331 1736 Ἐν
3383 1681 3591 1756 τούτοις
3639 1678 3759 1731 ἐστὶ

2187 1777 2279 1829 καὶ
2301 1778 2371 1830 τά
2403 1777 2799 1847 κατορθώματα
2830 1778 2934 1828 τῶν
2968 1779 3087 1829 κατ’
3114 1776 3311 1845 ἀρετὴν
3344 1774 3598 1843 βιούντων
3619 1810 3633 1834 ,
3661 1772 3755 1824 καὶ

2185 1872 2251 1923 τὰ
2286 1870 2552 1941 πτώματα
2573 1871 2680 1925 τῶν
2704 1873 2782 1933 εἰς
2813 1872 3008 1923 κακίαν
3040 1868 3436 1939 ἀπορρεόντων.
3470 1866 3559 1918 Διὸ
3589 1881 3755 1936 προσ-

2186 1964 2309 2033 ήκει
2348 1963 2439 2016 τὸν
2476 1963 2732 2031 μέλλοντα
2768 1963 2865 2033 τὴν
2900 1960 3226 2030 κατάλληλον
3266 1959 3559 2029 θεραπείαν
3584 1973 3753 2028 προσ-

2188 2054 2342 2121 άγειν
2384 2052 2463 2123 τῷ
2499 2053 2808 2123 νενοσηκότι
2842 2052 2939 2121 τῆς
2962 2052 3137 2121 ψυχῆς
3164 2050 3334 2119 μέρει,
3369 2048 3628 2118 πρότερον
3657 2047 3767 2116 μὲν

2189 2142 2611 2195 ἐπισκέπτεσθαι
2646 2145 2703 2194 ἐν
2737 2141 2841 2193 τίνι
2885 2141 3111 2208 συνέστη
3146 2139 3206 2191 τὸ
3253 2138 3453 2200 πάθος·
3491 2133 3587 2189 εἷθ’
3616 2134 3756 2188 οὓτω

2189 2235 2478 2287 πεπονθότι
2502 2234 2795 2305 προσάγειν
2825 2232 3092 2303 ἁρμοδίως
3125 2231 3222 2301 τὴν
3252 2228 3545 2300 θεραπείαν
3569 2242 3581 2255 ⁶
3619 2229 3757 2281 ὥστε

2192 2327 2266 2397 μὴ
2294 2327 2359 2379 δι’
2398 2326 2648 2396 ἀπειρίαν
2674 2325 2770 2393 τῆς
2790 2324 3208 2397 Ῐθεραιιπευτικῆς
3245 2322 3488 2390 μεθόδου,
3513 2320 3637 2374 ἄλλο
3662 2320 3769 2389 μὲν

2187 2412 2220 2488 ᾗ
2260 2415 2321 2467 τὸ
2359 2395 2591 2483 νοσῆσαν
2618 2395 2804 2483 μέροςξ
2843 2414 3024 2483 ἕτερον
3054 2412 3108 2463 δὲ
3136 2411 3194 2464 τὸ
3231 2412 3328 2480 τὴν
3356 2410 3645 2482 θεραπείαν
3675 2410 3761 2461 δε-

2190 2514 2442 2582 χόμενον·
2468 2511 2655 2579 ὥσπερ
2678 2510 2867 2578 ἀμέλει
2895 2510 3161 2578 βλέπομεν
3186 2508 3411 2571 πολλοὺς
3430 2507 3535 2559 τῶν
3564 2507 3773 2577 ἰατρῶν

2191 2607 2248 2657 ἐν
2289 2603 2511 2673 ἀπειρίᾳ
2539 2601 2633 2653 τοῦ
2669 2601 3149 2671 πρωτοπαθοῦντος
3189 2600 3384 2669 μέρους
3415 2598 3764 2669 προσεπιτρί-

2190 2695 2379 2756 εον-τας
2404 2694 2502 2761 τὴν
2535 2693 2686 2744 νόσον
2719 2692 2785 2744 δι’
2810 2684 2884 2743 ὧν
2909 2689 3288 2760 θεραπεύουσι.
3314 2690 3425 2759 Τῆς
3446 2688 3552 2760 γάρ
3584 2689 3765 2760 ἀρρω-

2194 2786 2344 2849 στίας
2397 2785 2561 2855 οὔσης
2614 2784 2868 2846 πολλάκις
2921 2782 3063 2835 κατὰ
3124 2780 3324 2851 θερμοῦ
3382 2780 3761 2850 ἐπικράτησιν,

2192 2877 2377 2947 ἐπειδὴ
2405 2880 2516 2939 τοῖς
2544 2876 2682 2929 κατά
2710 2875 3043 2944 πλεονασμὸν
3070 2874 3162 2927 τοῦ
3194 2873 3400 2943 ψυχροῦ
3441 2871 3765 2942 κεκακωμέ-

2193 2984 2303 3029 νοις
2337 2967 2605 3035 χρὴσιμον
2636 2965 2696 3017 τὸ
2740 2963 3026 3034 θερμαῖνόν
3071 2980 3128 3015 τε
3157 2962 3252 3013 καὶ
3284 2960 3587 3014 ἀναθάλπον
3627 2961 3764 3024 ἐστὶ,

2192 3056 2252 3108 τὸ
2278 3054 2484 3118 τούτοις
2517 3055 2655 3108 κατὰ
2686 3055 2842 3123 λογον
2879 3052 3196 3120 συνενεγκὸν
3215 3093 3229 3116 ,
3261 3051 3676 3121 ἀπερισκέπτως
3704 3048 3766 3101 τὺ

519 3152 691 3205 bitum
732 3149 970 3205 confert:
1007 3148 1147 3203 idem
1186 3149 1253 3201 iis
1283 3147 1375 3216 qui
1418 3147 1776 3200 immoderata
1818 3146 2091 3199 caliditate

2199 3146 2329 3201 αὐτὸ
2388 3150 2500 3209 τοῖς
2541 3148 2597 3199 ἐν
2633 3146 2869 3216 ἀμετρίᾳ
2903 3144 3229 3214 θερμότητος
3264 3142 3637 3211 ἐκκαιομένοις
3671 3141 3768 3193 ἐπ-

522 3240 957 3305 succenduntur,
1004 3239 1406 3293 inconsiderate
1435 3239 1802 3308 applicantes,
1848 3238 2093 3291 efficiunt

521 3340 579 3383 ut
616 3330 687 3383 sit
721 3328 942 3381 morbus
993 3334 1184 3381 curatu
1224 3326 1601 3380 difficillimus.
1626 3324 2093 3389 Quemadmodum

522 3436 652 3491 ergo
697 3420 926 3473 medicis
988 3418 1041 3472 in
1076 3418 1264 3488 primis
1306 3419 1618 3473 necessaria
1669 3416 1978 3471 existimata
2010 3425 2095 3471 est

521 3514 915 3565 eletueutorum
951 3510 1296 3578 pr0prietatis
1339 3508 1600 3578 cognitio,
1647 3516 1705 3562 ut
1746 3506 2099 3569 uniuscujus-

521 3619 628 3672 que
682 3617 871 3656 eorum
925 3616 1046 3669 qua:
1096 3603 1231 3655 bene
1264 3603 1345 3656 vel
1402 3602 1544 3655 male
1593 3601 1889 3654 constituta
1942 3608 2093 3661 sunt,

522 3695 577 3748 id
623 3694 766 3764 quod
797 3702 993 3762 praeter
1036 3701 1286 3746 naturam
1322 3692 1573 3746 aﬂ'ectum
1623 3701 1727 3754 est,
1757 3693 2093 3760 corrigatur:

524 3786 606 3840 sic
650 3795 702 3838 et
759 3800 880 3851 nos,
918 3783 984 3837 ad
1032 3784 1173 3837 hanc
1219 3794 1563 3837 recurrentes
1602 3783 1946 3845 divisionem,
1978 3799 2099 3852 quae

522 3886 608 3934 est
659 3892 849 3930 eorum
891 3892 1011 3945 qua:
1060 3875 1114 3928 in
1169 3876 1347 3929 anima
1402 3875 1840 3939 considerantur,
1895 3876 2099 3944 princi-

520 3976 670 4044 plum
742 3978 796 4021 et
852 3967 1265 4021 fundamentum
1328 3967 1707 4021 convenientis
1751 3966 2097 4021 affecttonum

523 4062 828 4116 curationis
883 4061 1189 4129 generalem
1244 4060 1509 4114 faciamus
1557 4061 2094 4129 contemplatiomun.

524 4153 815 4207 'l‘rifariam
845 4168 995 4221 ergo,
1038 4162 1095 4205 ut
1115 4152 1377 4217 diximus,
1406 4151 1581 4206 divisa
1612 4153 1946 4221 pr0prietate
1980 4170 2098 4205 tuo-

524 4246 733 4298 tionum
777 4244 991 4305 animae,
1043 4244 1098 4298 in
1156 4245 1445 4306 rationem,
1490 4244 1993 4312 concupiscentiam
2045 4252 2101 4297 et

526 4339 663 4390 iram
700 4355 713 4390 :
748 4336 978 4391 rationis
1012 4336 1229 4407 quidem
1267 4336 1533 4405 compotis
1579 4337 1775 4388 aninue
1806 4336 1976 4403 partis
2015 4341 2099 4388 est

529 4426 836 4497 perfectum
885 4436 939 4481 et
983 4443 1048 4481 ex
1082 4428 1281 4482 virtute
1318 4435 1467 4482 recte
1496 4443 1555 4481 se
1607 4443 1801 4497 gerens
1833 4426 2098 4489 oflirium,

2199 3237 2526 3305 αγαγόντες,
2558 3237 2804 3289 δυσίατον
2824 3234 2883 3286 τὸ
2916 3233 3084 3297 πάθος
3116 3234 3394 3302 ἐποίησαν.
3425 3232 3632 3303 ’Ὠσπερ
3659 3232 3767 3285 τοί-

2197 3347 2290 3380 νυν
2329 3328 2731 3397 ἀναγκαιοτάτη
2764 3329 2874 3389 τοῖς
2918 3327 3117 3396 ἰατροῖς
3148 3324 3405 3393 ἐνομίσθη
3439 3325 3471 3395 ἡ
3502 3323 3764 3393 κατανόη-

2200 3438 2281 3482 σις
2307 3420 2405 3489 τῆς
2449 3420 2556 3472 τῶν
2608 3418 2888 3488 στοιχείων
2918 3416 3209 3487 ἰδιότητος,
3249 3416 3396 3478 ὅπως
3445 3416 3509 3468 ἂν
3538 3416 3779 3469 ἑκάστου

2196 3512 2303 3565 τῶν
2337 3508 2394 3563 εὖ
2430 3512 2462 3580 ἢ
2494 3510 2676 3572 κακῶς
2726 3508 3079 3578 διακειμένων
3126 3509 3331 3576 γένοιτο
3366 3508 3459 3559 τοῦ
3492 3507 3640 3577 παρά
3670 3507 3767 3574 φύ-

2201 3622 2284 3657 σιν
2317 3603 2705 3672 διατεθέντοςή
2740 3601 3107 3671 ἐπανόρθωσις
3139 3618 3151 3630 ’
3188 3599 3329 3652 οὓτω
3370 3601 3463 3652 καὶ
3492 3601 3652 3671 ἡμεῖς
3677 3600 3769 3653 ἐπὶ

2197 3696 2399 3766 ταύτην
2430 3694 2829 3764 ἀναδραμόντες
2860 3692 2959 3763 τὴν
2996 3692 3258 3762 διαίρεσιν
3289 3692 3394 3743 τῶν
3428 3692 3486 3743 ἐν
3513 3695 3580 3762 τῇ
3620 3691 3771 3763 ψυχῇ

2198 3786 2586 3857 θεωρουμένων
2605 3825 2619 3846 ,
2671 3785 2847 3855 ἀρχὴν
2878 3785 2970 3837 καὶ
2998 3785 3253 3837 ὑπόθεσιν
3302 3784 3401 3853 τῆς
3432 3784 3766 3854 καταλλήλου

2198 3881 2303 3932 τῶν
2331 3877 2520 3932 παθῶν
2554 3877 2848 3948 θεραπείας
2876 3874 3229 3947 ποιησώμεθα
3260 3876 3356 3947 τὴν
3388 3876 3606 3947 γενικὴν
3644 3876 3771 3928 θεω-

2204 3971 2340 4040 ρίαν.
2372 3968 2577 4023 Οὐκοῦν
2604 3968 2766 4039 τριχῆ
2790 4007 2803 4030 ,
2832 3967 3012 4030 καθὼς
3042 3968 3250 4037 ἔφαμεν
3272 4009 3287 4035 ,
3315 3968 3645 4039 διῃρημένης
3673 3970 3769 4037 τῆς

2205 4064 2462 4133 ίδίοτητος
2492 4062 2599 4114 τῶν
2623 4061 2721 4129 τῆς
2750 4062 2926 4129 ψυχῆς
2960 4061 3269 4129 κινημάτων
3293 4102 3306 4122 ,
3344 4063 3422 4123 είς
3449 4062 3506 4113 τὸ
3539 4060 3769 4128 λογιστι-

2202 4155 2294 4206 κόν
2322 4171 2380 4206 τε
2416 4153 2506 4205 καὶ
2535 4153 2927 4221 ἐπιθυμητικὸν
2971 4152 3061 4203 καὶ
3090 4151 3366 4219 θυμοειδές
3393 4168 3406 4181 ·
3442 4150 3780 4221 κατόρθωμα

2206 4247 2303 4316 μὲν
2326 4245 2417 4297 τοῦ
2440 4243 2743 4309 λογιστικοῦ
2781 4243 2979 4313 μέρους
3012 4242 3106 4310 τῆς
3136 4241 3310 4309 ψυχῆς
3336 4243 3479 4292 ἐστιν
3504 4282 3518 4303 ,
3550 4244 3582 4311 ἡ
3614 4242 3753 4294 εὐσε-

2204 4336 2301 4405 ϐὴς
2332 4336 2456 4405 περὶ
2482 4335 2541 4386 τὸ
2563 4333 2715 4384 Θεῖον
2738 4330 3000 4399 ὑπόληψις
3026 4370 3040 4391 ,
3090 4330 3183 4381 καὶ
3210 4331 3241 4399 ὴ
3270 4328 3360 4381 τοῦ
3392 4328 3554 4381 καλοῦ
3592 4347 3648 4382 τε
3680 4331 3771 4383 καὶ

2205 4427 2374 4480 κακοῦ
2425 4424 2736 4494 διακριτικὴ
2782 4423 3053 4492 ἐπιστήμη
3080 4459 3095 4481 ,
3148 4422 3242 4474 καὶ
3274 4422 3306 4490 ἡ
3341 4422 3541 4492 τρανήν
3574 4440 3631 4474 τε
3678 4423 3772 4476 καὶ⁵

526 4519 613 4588 pia
670 4518 739 4573 de
786 4516 896 4571 Deo
948 4518 1301 4581 existimatio,
1339 4519 1465 4572 boni
1515 4528 1569 4573 et
1624 4518 1751 4571 mali
1781 4518 2091 4571 discernens

2205 4520 2506 4588 ἀσύγχυτον
2562 4516 2759 4586 ἔχουσα
2793 4514 2921 4583 περὶ
2961 4513 3062 4581 τῆς
3104 4513 3312 4581 φύσεως
3348 4514 3455 4565 τῶν
3483 4513 3773 4585 ὑποκειμέ-

526 4610 778 4672 scientia,
834 4618 887 4664 et
944 4626 1064 4679 qua:
1101 4611 1261 4665 habet
1306 4626 1489 4664 veram
1547 4619 1600 4664 et
1650 4626 1759 4664 non
1810 4609 2095 4664 confusam

526 4702 593 4755 de
622 4716 803 4755 rerum
834 4701 1203 4770 subjectarum
1239 4711 1435 4755 natura
1466 4703 1814 4771 Opinionem;
1856 4701 1986 4770 quid
2013 4708 2097 4755 est

527 4794 746 4862 quidem
801 4794 854 4847 in
890 4794 957 4847 iis
1005 4810 1125 4863 qua:
1170 4803 1319 4855 sunt,
1364 4794 1759 4863 expetendum;
1792 4793 1921 4862 quid
1967 4809 2097 4845 vero

529 4885 933 4939 abhorrendum
977 4898 1031 4940 et
1081 4886 1487 4955 abjieiendum;
1532 4894 1586 4940 et
1638 4901 1829 4939 rursus
1860 4902 1927 4939 ex
1961 4900 2097 4937 con-

528 4978 699 5029 trario
727 4978 869 5045 quod
897 4979 951 5031 in
986 4994 1046 5032 ea
1078 4990 1226 5047 parte
1254 4988 1336 5033 est
1372 4978 1559 5032 vitium
1593 4981 1815 5032 omnino
1847 4978 2092 5032 conside-

530 5067 762 5132 rabitur,
812 5068 1031 5135 quando
1083 5068 1229 5120 circa
1280 5083 1366 5122 res
1414 5069 1634 5137 quidem
1680 5068 1894 5121 divinas
1943 5067 2105 5120 fuerit

532 5160 807 5229 impietas,
859 5160 1068 5212 nullum
1109 5168 1291 5211 autent
1341 5159 1489 5211 circa
1532 5160 1582 5211 id
1633 5160 1776 5227 qnud
1830 5175 1955 5213 vere
2006 5159 2106 5210 Ito-

531 5261 750 5305 nestum
788 5257 872 5304 est
898 5249 1163 5317 judicium
1206 5264 1499 5318 :perversa
1529 5258 1709 5303 autem
1752 5259 1805 5302 et
1844 5258 2107 5316 corrupta

531 5345 600 5398 de
646 5360 826 5397 rerum
883 5352 1077 5396 natura
1125 5342 1495 5404 existimatio,
1550 5352 1609 5396 ut
1667 5341 1833 5395 lucem
1869 5341 2107 5394 tenebras

532 5438 697 5490 ducat
751 5444 800 5488 et
860 5437 1095 5487 tenebras
1150 5435 1316 5486 lucent
1354 5434 1437 5499 ⁸⁵,
1498 5441 1559 5487 ιιι
1618 5433 1753 5487 dicit
1802 5435 2104 5503 Scriptura.

531 5528 986 5595 Concupiscentis
1010 5535 1190 5582 autem
1216 5527 1385 5594 partis
1411 5534 1593 5581 motus
1618 5537 1702 5581 est
1724 5542 1792 5580 ex
1815 5526 2036 5590 virtute,
2060 5525 2107 5581 si

532 5620 597 5675 ad
622 5619 673 5673 id
700 5619 842 5689 quod
872 5629 956 5674 est
987 5635 1177 5676 revera
1199 5618 1695 5691 concupiscendum
1726 5628 1781 5675 et
1830 5634 1958 5675 vere
1984 5619 2107 5689 pul-

604 5796 651 5829 “
689 5797 788 5852 lsa.
831 5814 883 5860 v,
916 5797 1007 5851 20.

2205 4627 2310 4663 νων
2333 4608 2428 4679 τὴν
2458 4608 2613 4671 δόξαν
2634 4625 2646 4636 ·
2678 4605 2727 4658 τί
2769 4604 2866 4673 μέν
2893 4606 3038 4656 ἐστιν
3064 4605 3279 4674 αἱρετὸν
3306 4607 3363 4658 ἐν
3387 4608 3498 4669 τοῖς
3532 4601 3649 4658 οὖσι
3676 4625 3687 4636 ·
3720 4606 3770 4659 τί

2204 4703 2259 4755 δὲ
2292 4700 2575 4771 βδελυκτον
2606 4700 2698 4753 καὶ
2727 4697 3048 4762 ἀπόϐλητον.
3087 4698 3197 4750 Καὶ
3222 4698 3380 4750 πάλιν
3408 4700 3468 4750 ἐκ
3491 4698 3582 4751 τοῦ
3616 4700 3770 4751 ἐναν-

2203 4793 2317 4847 τίου
2375 4791 2589 4853 πάντως
2627 4793 2659 4859 ὴ
2702 4793 2757 4842 ἐν
2793 4788 2869 4857 τῷ
2896 4788 3050 4858 μέρει
3083 4788 3255 4857 τούτῳ
3301 4789 3465 4842 κακία
3494 4788 3772 4861 θεωρηθῆ-

2208 4901 2358 4937 σεται
2383 4925 2397 4946 ,
2425 4884 2550 4935 ὅταν
2576 4882 2797 4933 ἀσέϐεια
2826 4880 2925 4949 μὲν
3029 4880 3155 4949 περὶ
3182 4880 3242 4932 τὸ
3266 4885 3443 4940 Θεῖον,
3464 4881 3685 4950 ἀκρισία
3715 4882 3771 4934 δὲ

2208 4979 2335 5049 περὶ
2368 4978 2429 5029 τὸ
2454 4978 2621 5036 ὅντως
2654 4974 2843 5028 καλόν·
2872 4972 3241 5042 ἐνηλλαγμένη
3265 4973 3321 5024 δέ
3344 4973 3435 5024 καί
3459 4973 3768 5043 ἐσφαλμένη

2205 5074 2238 5141 ἡ
2274 5072 2399 5141 περὶ
2437 5071 2536 5139 τὴν
2568 5068 2673 5120 τῶν
2723 5066 3057 5135 πραγμάτων
3091 5063 3250 5131 φύσιν
3273 5063 3537 5133 ὑπόληψις
3562 5107 3575 5125 ,
3633 5065 3770 5117 ὥστε

2204 5162 2411 5214 τιθέναι
2455 5160 2522 5213 τὸ
2554 5160 2677 5229 φῶς
2708 5164 2958 5222 σκότος,
2995 5155 3091 5207 καί
3124 5154 3189 5207 τό
3230 5155 3449 5219 σκότος
3480 5154 3637 5222 φῶς,
3672 5173 3773 5207 κα-

2207 5252 2314 5315 θώς
2348 5269 2511 5321 φησιν
2552 5251 2821 5321 ὴΓραφή.
2857 5249 2961 5299 ’1ὀῦ
3010 5247 3065 5298 δὲ
3115 5244 3507 5313 ἐπιθυμητικοῦ
3572 5262 3780 5319 μερους,

2210 5346 2244 5414 ἠ
2288 5344 2385 5413 μὲν
2429 5339 2682 5411 ἐνάρετός
2710 5341 2825 5391 ἐστι
2854 5339 3064 5406 κίνησις
3099 5334 3160 5386 τὸ
3206 5334 3339 5403 πρὸς
3365 5334 3424 5387 τὸ
3452 5334 3618 5395 ὅντως
3664 5335 3777 5384 ἐπι-

2211 5431 2530 5501 θυμητικὸν,
2561 5430 2655 5483 καὶ
2688 5427 2901 5497 ἀληθῶς
2923 5426 3083 5477 καλὸν
3115 5422 3409 5491 ἀνάγεσθαι
3442 5423 3532 5474 τὸν
3561 5420 3726 5474 πόθον
3754 5436 3771 5452 ·

2210 5526 2306 5578 καὶ
2337 5524 2389 5576 εί
2412 5541 2495 5585 τις
2535 5523 2593 5573 ἐν
2619 5522 2746 5591 ἡμῖν
2778 5515 3013 5587 ἐρωτικὴ
3042 5514 3267 5584 δύναμίς
3308 5531 3367 5565 τε
3401 5515 3492 5565 καὶ
3518 5512 3773 5573 διάθεσις,

2209 5618 2325 5670 ἐκεῖ
2354 5611 2795 5683 κατασχολεῖσθαι
2830 5610 3007 5663 πᾶσαν
3028 5646 3041 5673 ,
3078 5607 3137 5660 ἐν
3168 5604 3245 5677 τῷ
3284 5603 3572 5659 πεπεῖσθαι
3612 5602 3776 5675 μηδὲν
