  <div class='ocr_page' id='page_1' title='image "/cluster/home/n/w/nwhite01/storage/ocr_20150623/45/nnc1.0046978445/122.png"; bbox 0 0 4166 6372; ppageno 0'>
   <div class='ocr_carea' id='block_1_1' title="bbox 395 366 2383 431">
    <p class='ocr_par' dir='ltr' id='par_1_1' title="bbox 395 366 2383 431">
     <span class='ocr_line' id='line_1_1' title="bbox 395 366 2383 431; baseline -0.002 0"><span class='ocrx_word' id='word_1_1' title='bbox 395 381 503 431; x_wconf 74' lang='lat'><strong>2‘25</strong></span> <span class='ocrx_word' id='word_1_2' title='bbox 1652 373 1984 431; x_wconf 70' lang='lat' dir='ltr'><strong>EPISTOLA</strong></span> <span class='ocrx_word' id='word_1_3' title='bbox 2021 366 2383 428; x_wconf 56' lang='lat' dir='ltr'><strong>CANONICA.</strong></span> 
     </span>
    </p>
   </div>
   <div class='ocr_carea' id='block_1_2' title="bbox 399 402 503 437">
    <p class='ocr_par' dir='ltr' id='par_1_2' title="bbox 399 402 503 437">
     <span class='ocr_line' id='line_1_2' title="bbox 399 402 503 437; baseline 0 -4"><span class='ocrx_word' id='word_1_4' title='bbox 399 402 503 437; x_wconf 64' lang='lat'><strong>2:6)</strong></span> 
     </span>
    </p>
   </div>
   <div class='ocr_carea' id='block_1_3' title="bbox 3530 369 3638 426">
    <p class='ocr_par' dir='ltr' id='par_1_3' title="bbox 3530 369 3638 426">
     <span class='ocr_line' id='line_1_3' title="bbox 3530 369 3638 426; baseline -0.009 0"><span class='ocrx_word' id='word_1_5' title='bbox 3530 369 3638 426; x_wconf 70' lang='lat'><strong>225</strong></span> 
     </span>
    </p>
   </div>
   <div class='ocr_carea' id='block_1_4' title="bbox 394 480 1967 566">
    <p class='ocr_par' dir='ltr' id='par_1_4' title="bbox 394 485 1961 566">
     <span class='ocr_line' id='line_1_4' title="bbox 394 485 1961 566; baseline -0.006 -18"><span class='ocrx_word' id='word_1_6' title='bbox 394 491 616 566; x_wconf 78' lang='grc' dir='ltr'>ὀρεκτὸν</span> <span class='ocrx_word' id='word_1_7' title='bbox 642 485 778 544; x_wconf 80' lang='grc' dir='ltr'>εἶναι</span> <span class='ocrx_word' id='word_1_8' title='bbox 808 491 872 561; x_wconf 79' lang='grc' dir='ltr'><strong>τῇ</strong></span> <span class='ocrx_word' id='word_1_9' title='bbox 919 487 1111 542; x_wconf 81' lang='grc' dir='ltr'>ἐαυτοῦ</span> <span class='ocrx_word' id='word_1_10' title='bbox 1145 486 1303 559; x_wconf 82' lang='grc' dir='ltr'>φύσει</span> <span class='ocrx_word' id='word_1_11' title='bbox 1330 487 1484 550; x_wconf 80' lang='grc' dir='ltr'>ἄλλο,</span> <span class='ocrx_word' id='word_1_12' title='bbox 1521 487 1660 559; x_wconf 82' lang='grc' dir='ltr'>πλὴν</span> <span class='ocrx_word' id='word_1_13' title='bbox 1701 489 1800 558; x_wconf 81' lang='grc' dir='ltr'><strong>τῆς</strong></span> <span class='ocrx_word' id='word_1_14' title='bbox 1830 488 1961 557; x_wconf 83' lang='grc' dir='ltr'>ἀρε·-</span> 
     </span>
    </p>
   </div>
   <div class='ocr_carea' id='block_1_5' title="bbox 2069 480 3634 566">
    <p class='ocr_par' dir='ltr' id='par_1_5' title="bbox 2069 480 3634 552">
     <span class='ocr_line' id='line_1_5' title="bbox 2069 480 3634 552; baseline 0.004 -15"><span class='ocrx_word' id='word_1_15' title='bbox 2069 483 2256 537; x_wconf 74' lang='lat' dir='ltr'><strong>clirum</strong></span> <span class='ocrx_word' id='word_1_16' title='bbox 2295 489 2349 536; x_wconf 82' lang='lat' dir='ltr'><strong>et</strong></span> <span class='ocrx_word' id='word_1_17' title='bbox 2410 480 2716 549; x_wconf 79' lang='lat' dir='ltr'><strong>honestum,</strong></span> <span class='ocrx_word' id='word_1_18' title='bbox 2777 487 3021 552; x_wconf 80' lang='lat' dir='ltr'><strong>erigatur</strong></span> <span class='ocrx_word' id='word_1_19' title='bbox 3072 481 3436 550; x_wconf 84' lang='lat' dir='ltr'><strong>desiderium;</strong></span> <span class='ocrx_word' id='word_1_20' title='bbox 3493 494 3548 544; x_wconf 88' lang='lat' dir='ltr'><strong>et</strong></span> <span class='ocrx_word' id='word_1_21' title='bbox 3588 491 3634 546; x_wconf 86' lang='lat' dir='ltr'><strong>si</strong></span> 
     </span>
    </p>
   </div>
   <div class='ocr_carea' id='block_1_6' title="bbox 394 577 1962 654">
    <p class='ocr_par' dir='ltr' id='par_1_6' title="bbox 394 577 1962 654">
     <span class='ocr_line' id='line_1_6' title="bbox 394 577 1962 654; baseline -0.01 -18"><span class='ocrx_word' id='word_1_22' title='bbox 394 583 524 654; x_wconf 84' lang='grc' dir='ltr'>τῆς,</span> <span class='ocrx_word' id='word_1_23' title='bbox 556 581 648 635; x_wconf 75' lang='grc' dir='ltr'>καὶ</span> <span class='ocrx_word' id='word_1_24' title='bbox 679 581 781 650; x_wconf 84' lang='grc' dir='ltr'><strong>τῆς</strong></span> <span class='ocrx_word' id='word_1_25' title='bbox 812 581 911 650; x_wconf 80' lang='grc' dir='ltr'>τὴν</span> <span class='ocrx_word' id='word_1_26' title='bbox 940 579 1138 650; x_wconf 85' lang='grc' dir='ltr'>ἀρετὴν</span> <span class='ocrx_word' id='word_1_27' title='bbox 1185 577 1533 650; x_wconf 75' lang='grc' dir='ltr'>πηγαζούσης</span> <span class='ocrx_word' id='word_1_28' title='bbox 1581 577 1814 648; x_wconf 79' lang='grc' dir='ltr'>φύσεως.</span> <span class='ocrx_word' id='word_1_29' title='bbox 1847 579 1962 630; x_wconf 81' lang='grc' dir='ltr'><strong>Πα-</strong></span> 
     </span>
    </p>
   </div>
   <div class='ocr_carea' id='block_1_7' title="bbox 397 671 1961 748">
    <p class='ocr_par' dir='ltr' id='par_1_7' title="bbox 397 671 1961 748">
     <span class='ocr_line' id='line_1_7' title="bbox 397 671 1961 748; baseline -0.004 -19"><span class='ocrx_word' id='word_1_30' title='bbox 397 675 641 748; x_wconf 63' lang='grc' dir='ltr'>ρατροπὴ</span> <span class='ocrx_word' id='word_1_31' title='bbox 672 674 727 727; x_wconf 86' lang='grc' dir='ltr'><strong>δέ</strong></span> <span class='ocrx_word' id='word_1_32' title='bbox 755 675 845 726; x_wconf 77' lang='grc' dir='ltr'>καὶ</span> <span class='ocrx_word' id='word_1_33' title='bbox 870 672 1113 744; x_wconf 86' lang='grc' dir='ltr'>ἁμαρτία</span> <span class='ocrx_word' id='word_1_34' title='bbox 1144 671 1238 724; x_wconf 82' lang='grc' dir='ltr'><strong>τοῦ</strong></span> <span class='ocrx_word' id='word_1_35' title='bbox 1284 672 1523 725; x_wconf 79' lang='grc' dir='ltr'>τοιούτου</span> <span class='ocrx_word' id='word_1_36' title='bbox 1565 673 1762 742; x_wconf 77' lang='grc' dir='ltr'><strong>μέρους</strong></span> <span class='ocrx_word' id='word_1_37' title='bbox 1785 672 1961 735; x_wconf 79' lang='grc' dir='ltr'>ἐστὶν,</span> 
     </span>
    </p>
   </div>
   <div class='ocr_carea' id='block_1_8' title="bbox 394 756 1965 828">
    <p class='ocr_par' dir='ltr' id='par_1_8' title="bbox 394 756 1965 828">
     <span class='ocr_line' id='line_1_8' title="bbox 394 756 1965 828; baseline -0.002 -17"><span class='ocrx_word' id='word_1_38' title='bbox 394 759 520 811; x_wconf 83' lang='grc' dir='ltr'>ὃταν</span> <span class='ocrx_word' id='word_1_39' title='bbox 565 775 646 820; x_wconf 92' lang='grc' dir='ltr'><strong>τις</strong></span> <span class='ocrx_word' id='word_1_40' title='bbox 680 757 960 828; x_wconf 82' lang='grc' dir='ltr'>μεταγάγῃ</span> <span class='ocrx_word' id='word_1_41' title='bbox 997 757 1095 828; x_wconf 79' lang='grc' dir='ltr'><strong>τήν</strong></span> <span class='ocrx_word' id='word_1_42' title='bbox 1126 757 1419 827; x_wconf 76' lang='grc' dir='ltr'><strong>ἐπιθυμίαν</strong></span> <span class='ocrx_word' id='word_1_43' title='bbox 1465 759 1600 828; x_wconf 80' lang='grc' dir='ltr'>πρὸς</span> <span class='ocrx_word' id='word_1_44' title='bbox 1632 756 1730 828; x_wconf 84' lang='grc' dir='ltr'>τὴν</span> <span class='ocrx_word' id='word_1_45' title='bbox 1759 757 1965 809; x_wconf 85' lang='grc' dir='ltr'>ἀνυπό-</span> 
     </span>
    </p>
   </div>
   <div class='ocr_carea' id='block_1_9' title="bbox 396 849 1964 920">
    <p class='ocr_par' dir='ltr' id='par_1_9' title="bbox 396 849 1964 920">
     <span class='ocr_line' id='line_1_9' title="bbox 396 849 1964 920; baseline -0.002 -16"><span class='ocrx_word' id='word_1_46' title='bbox 396 868 586 904; x_wconf 86' lang='grc' dir='ltr'>στατον</span> <span class='ocrx_word' id='word_1_47' title='bbox 615 849 950 916; x_wconf 76' lang='grc' dir='ltr'>κενοδοξίανο</span> <span class='ocrx_word' id='word_1_48' title='bbox 985 849 1018 920; x_wconf 80' lang='grc' dir='ltr'>ἢ</span> <span class='ocrx_word' id='word_1_49' title='bbox 1053 849 1189 919; x_wconf 82' lang='grc' dir='ltr'>πρὸς</span> <span class='ocrx_word' id='word_1_50' title='bbox 1225 849 1294 902; x_wconf 84' lang='grc' dir='ltr'><strong>’τὸ</strong></span> <span class='ocrx_word' id='word_1_51' title='bbox 1330 849 1804 920; x_wconf 75' lang='grc' dir='ltr'>ἐπικεχρωσμένον</span> <span class='ocrx_word' id='word_1_52' title='bbox 1852 853 1964 912; x_wconf 79' lang='grc' dir='ltr'>τοῖς</span> 
     </span>
    </p>
   </div>
   <div class='ocr_carea' id='block_1_10' title="bbox 397 939 1958 1011">
    <p class='ocr_par' dir='ltr' id='par_1_10' title="bbox 397 939 1958 1011">
     <span class='ocr_line' id='line_1_10' title="bbox 397 939 1958 1011; baseline -0.001 -16"><span class='ocrx_word' id='word_1_53' title='bbox 397 943 640 1011; x_wconf 80' lang='grc' dir='ltr'>σώμασιν</span> <span class='ocrx_word' id='word_1_54' title='bbox 671 942 828 1004; x_wconf 79' lang='grc' dir='ltr'>ἄνθος</span> <span class='ocrx_word' id='word_1_55' title='bbox 849 958 862 972; x_wconf 76' lang='grc' dir='ltr'><strong>ο</strong></span> <span class='ocrx_word' id='word_1_56' title='bbox 895 940 1014 993; x_wconf 87' lang='grc' dir='ltr'>ὅθεν</span> <span class='ocrx_word' id='word_1_57' title='bbox 1039 942 1246 1007; x_wconf 89' lang='grc' dir='ltr'>γίνεται</span> <span class='ocrx_word' id='word_1_58' title='bbox 1279 943 1310 1010; x_wconf 87' lang='grc' dir='ltr'><strong>ή</strong></span> <span class='ocrx_word' id='word_1_59' title='bbox 1347 939 1746 1010; x_wconf 75' lang='grc' dir='ltr'><strong>φιλοχρηματία</strong></span> <span class='ocrx_word' id='word_1_60' title='bbox 1767 979 1781 1002; x_wconf 92' lang='grc'><strong>,</strong></span> <span class='ocrx_word' id='word_1_61' title='bbox 1809 941 1901 994; x_wconf 76' lang='grc' dir='ltr'>καὶ</span> <span class='ocrx_word' id='word_1_62' title='bbox 1926 942 1958 1010; x_wconf 83' lang='grc' dir='ltr'>ἠ</span> 
     </span>
    </p>
   </div>
   <div class='ocr_carea' id='block_1_11' title="bbox 396 1031 1959 1102">
    <p class='ocr_par' dir='ltr' id='par_1_11' title="bbox 396 1031 1959 1102">
     <span class='ocr_line' id='line_1_11' title="bbox 396 1031 1959 1102; baseline -0.001 -16"><span class='ocrx_word' id='word_1_63' title='bbox 396 1033 663 1102; x_wconf 76' lang='grc' dir='ltr'>φιλοδοξία</span> <span class='ocrx_word' id='word_1_64' title='bbox 683 1073 698 1098; x_wconf 89' lang='grc'><strong>,</strong></span> <span class='ocrx_word' id='word_1_65' title='bbox 728 1032 820 1086; x_wconf 78' lang='grc' dir='ltr'>καὶ</span> <span class='ocrx_word' id='word_1_66' title='bbox 851 1035 884 1100; x_wconf 86' lang='grc' dir='ltr'><strong>ἡ</strong></span> <span class='ocrx_word' id='word_1_67' title='bbox 916 1031 1224 1102; x_wconf 79' lang='grc' dir='ltr'><strong>φιληδονία,</strong></span> <span class='ocrx_word' id='word_1_68' title='bbox 1262 1032 1355 1084; x_wconf 72' lang='grc' dir='ltr'>καὶ</span> <span class='ocrx_word' id='word_1_69' title='bbox 1398 1031 1573 1085; x_wconf 82' lang='grc' dir='ltr'>πάντα</span> <span class='ocrx_word' id='word_1_70' title='bbox 1617 1033 1687 1085; x_wconf 77' lang='grc' dir='ltr'>τὰ</span> <span class='ocrx_word' id='word_1_71' title='bbox 1715 1033 1959 1096; x_wconf 80' lang='grc' dir='ltr'>τοιαῦτα,</span> 
     </span>
    </p>
   </div>
   <div class='ocr_carea' id='block_1_12' title="bbox 393 1123 1962 1195">
    <p class='ocr_par' dir='ltr' id='par_1_12' title="bbox 393 1123 1962 1195">
     <span class='ocr_line' id='line_1_12' title="bbox 393 1123 1962 1195; baseline -0.002 -16"><span class='ocrx_word' id='word_1_72' title='bbox 393 1128 492 1179; x_wconf 82' lang='grc' dir='ltr'>ὅσα</span> <span class='ocrx_word' id='word_1_73' title='bbox 527 1125 622 1178; x_wconf 78' lang='grc' dir='ltr'>τοῦ</span> <span class='ocrx_word' id='word_1_74' title='bbox 652 1124 891 1178; x_wconf 80' lang='grc' dir='ltr'>τοιούτου</span> <span class='ocrx_word' id='word_1_75' title='bbox 921 1123 1152 1195; x_wconf 83' lang='grc' dir='ltr'>ήρτηται</span> <span class='ocrx_word' id='word_1_76' title='bbox 1195 1123 1291 1193; x_wconf 84' lang='grc' dir='ltr'><strong>τῆς</strong></span> <span class='ocrx_word' id='word_1_77' title='bbox 1318 1124 1512 1188; x_wconf 88' lang='grc' dir='ltr'>κακίας</span> <span class='ocrx_word' id='word_1_78' title='bbox 1538 1124 1750 1192; x_wconf 81' lang='grc' dir='ltr'><strong>γένους.</strong></span> <span class='ocrx_word' id='word_1_79' title='bbox 1793 1124 1962 1177; x_wconf 85' lang='grc' dir='ltr'>Πάλιν</span> 
     </span>
    </p>
   </div>
   <div class='ocr_carea' id='block_1_13' title="bbox 393 1215 1961 1290">
    <p class='ocr_par' dir='ltr' id='par_1_13' title="bbox 393 1215 1961 1290">
     <span class='ocr_line' id='line_1_13' title="bbox 393 1215 1961 1290; baseline -0.002 -18"><span class='ocrx_word' id='word_1_80' title='bbox 393 1219 449 1272; x_wconf 81' lang='grc' dir='ltr'>δὲ</span> <span class='ocrx_word' id='word_1_81' title='bbox 475 1219 572 1290; x_wconf 87' lang='grc' dir='ltr'><strong>τῆς</strong></span> <span class='ocrx_word' id='word_1_82' title='bbox 613 1217 891 1287; x_wconf 86' lang='grc' dir='ltr'>θυμώδους</span> <span class='ocrx_word' id='word_1_83' title='bbox 919 1215 1210 1279; x_wconf 84' lang='grc' dir='ltr'><strong>διαθέσεως</strong></span> <span class='ocrx_word' id='word_1_84' title='bbox 1250 1215 1579 1286; x_wconf 86' lang='grc' dir='ltr'>κατόρθωμα</span> <span class='ocrx_word' id='word_1_85' title='bbox 1611 1216 1710 1286; x_wconf 84' lang='grc' dir='ltr'><strong>μέν</strong></span> <span class='ocrx_word' id='word_1_86' title='bbox 1749 1218 1897 1269; x_wconf 91' lang='grc' dir='ltr'>ἐστιν</span> <span class='ocrx_word' id='word_1_87' title='bbox 1927 1218 1961 1287; x_wconf 85' lang='grc' dir='ltr'><strong>ή</strong></span> 
     </span>
    </p>
   </div>
   <div class='ocr_carea' id='block_1_14' title="bbox 393 1306 1965 1380">
    <p class='ocr_par' dir='ltr' id='par_1_14' title="bbox 393 1306 1965 1380">
     <span class='ocr_line' id='line_1_14' title="bbox 393 1306 1965 1380; baseline -0.001 -18"><span class='ocrx_word' id='word_1_88' title='bbox 393 1309 527 1380; x_wconf 87' lang='grc' dir='ltr'>πρὸς</span> <span class='ocrx_word' id='word_1_89' title='bbox 550 1307 610 1361; x_wconf 80' lang='grc' dir='ltr'>τὸ</span> <span class='ocrx_word' id='word_1_90' title='bbox 648 1307 815 1360; x_wconf 79' lang='grc' dir='ltr'>κακὸν</span> <span class='ocrx_word' id='word_1_91' title='bbox 841 1306 1102 1376; x_wconf 84' lang='grc' dir='ltr'>ἀπέχθεια</span> <span class='ocrx_word' id='word_1_92' title='bbox 1123 1344 1140 1370; x_wconf 92' lang='grc'><strong>,</strong></span> <span class='ocrx_word' id='word_1_93' title='bbox 1183 1306 1276 1360; x_wconf 75' lang='grc' dir='ltr'>καὶ</span> <span class='ocrx_word' id='word_1_94' title='bbox 1313 1309 1342 1361; x_wconf 97' lang='lat'><strong>6</strong></span> <span class='ocrx_word' id='word_1_95' title='bbox 1371 1307 1506 1378; x_wconf 87' lang='grc' dir='ltr'>πρὸς</span> <span class='ocrx_word' id='word_1_96' title='bbox 1535 1307 1602 1360; x_wconf 86' lang='grc' dir='ltr'><strong>τά</strong></span> <span class='ocrx_word' id='word_1_97' title='bbox 1631 1308 1775 1378; x_wconf 88' lang='grc' dir='ltr'>πάθη</span> <span class='ocrx_word' id='word_1_98' title='bbox 1810 1308 1965 1361; x_wconf 84' lang='grc' dir='ltr'>πόλε-</span> 
     </span>
    </p>
   </div>
   <div class='ocr_carea' id='block_1_15' title="bbox 396 1396 1961 1471">
    <p class='ocr_par' dir='ltr' id='par_1_15' title="bbox 396 1396 1961 1471">
     <span class='ocr_line' id='line_1_15' title="bbox 396 1396 1961 1471; baseline 0.001 -19"><span class='ocrx_word' id='word_1_99' title='bbox 396 1418 494 1471; x_wconf 90' lang='grc' dir='ltr'><strong>μος</strong></span> <span class='ocrx_word' id='word_1_100' title='bbox 515 1441 530 1465; x_wconf 93' lang='grc'><strong>,</strong></span> <span class='ocrx_word' id='word_1_101' title='bbox 559 1398 653 1452; x_wconf 69' lang='grc' dir='ltr'>καὶ</span> <span class='ocrx_word' id='word_1_102' title='bbox 674 1397 734 1451; x_wconf 80' lang='grc' dir='ltr'>τὸ</span> <span class='ocrx_word' id='word_1_103' title='bbox 765 1396 899 1469; x_wconf 85' lang='grc' dir='ltr'>πρὸς</span> <span class='ocrx_word' id='word_1_104' title='bbox 926 1397 1177 1468; x_wconf 84' lang='grc' dir='ltr'>ἀνδρείαν</span> <span class='ocrx_word' id='word_1_105' title='bbox 1203 1399 1534 1468; x_wconf 80' lang='grc' dir='ltr'>ἐστομᾶσθαι</span> <span class='ocrx_word' id='word_1_106' title='bbox 1559 1399 1655 1470; x_wconf 81' lang='grc' dir='ltr'>τὴν</span> <span class='ocrx_word' id='word_1_107' title='bbox 1675 1399 1872 1471; x_wconf 82' lang='grc' dir='ltr'>ψυχὴν,</span> <span class='ocrx_word' id='word_1_108' title='bbox 1903 1402 1961 1454; x_wconf 90' lang='grc' dir='ltr'><strong>ἐν</strong></span> 
     </span>
    </p>
   </div>
   <div class='ocr_carea' id='block_1_16' title="bbox 395 1489 1958 1563">
    <p class='ocr_par' dir='ltr' id='par_1_16' title="bbox 395 1489 1958 1563">
     <span class='ocr_line' id='line_1_16' title="bbox 395 1489 1958 1563; baseline 0.001 -19"><span class='ocrx_word' id='word_1_109' title='bbox 395 1492 468 1562; x_wconf 82' lang='grc' dir='ltr'>τῷ</span> <span class='ocrx_word' id='word_1_110' title='bbox 499 1491 571 1563; x_wconf 83' lang='grc' dir='ltr'>μὴ</span> <span class='ocrx_word' id='word_1_111' title='bbox 599 1491 1001 1561; x_wconf 78' lang='grc' dir='ltr'><strong>καταπτήσσειν</strong></span> <span class='ocrx_word' id='word_1_112' title='bbox 1028 1489 1096 1543; x_wconf 89' lang='grc' dir='ltr'><strong>τά</strong></span> <span class='ocrx_word' id='word_1_113' title='bbox 1124 1493 1235 1553; x_wconf 85' lang='grc' dir='ltr'>τοῖς</span> <span class='ocrx_word' id='word_1_114' title='bbox 1273 1491 1486 1553; x_wconf 85' lang='grc' dir='ltr'>πολλοῖς</span> <span class='ocrx_word' id='word_1_115' title='bbox 1513 1491 1717 1562; x_wconf 80' lang='grc' dir='ltr'>φοϐερὰ</span> <span class='ocrx_word' id='word_1_116' title='bbox 1741 1493 1958 1562; x_wconf 81' lang='grc' dir='ltr'>νομιζό-</span> 
     </span>
    </p>
   </div>
   <div class='ocr_carea' id='block_1_17' title="bbox 396 1581 1963 1654">
    <p class='ocr_par' dir='ltr' id='par_1_17' title="bbox 396 1581 1963 1654">
     <span class='ocr_line' id='line_1_17' title="bbox 396 1581 1963 1654; baseline 0.003 -20"><span class='ocrx_word' id='word_1_117' title='bbox 396 1600 531 1653; x_wconf 91' lang='grc' dir='ltr'>μενα</span> <span class='ocrx_word' id='word_1_118' title='bbox 552 1622 566 1644; x_wconf 92' lang='grc'><strong>,</strong></span> <span class='ocrx_word' id='word_1_119' title='bbox 597 1582 732 1635; x_wconf 83' lang='grc' dir='ltr'>ἀλλὰ</span> <span class='ocrx_word' id='word_1_120' title='bbox 769 1582 963 1653; x_wconf 81' lang='grc' dir='ltr'><strong>μέχρις</strong></span> <span class='ocrx_word' id='word_1_121' title='bbox 992 1581 1222 1651; x_wconf 82' lang='grc' dir='ltr'>αἵματος</span> <span class='ocrx_word' id='word_1_122' title='bbox 1269 1583 1402 1653; x_wconf 76' lang='grc' dir='ltr'>πρὸς</span> <span class='ocrx_word' id='word_1_123' title='bbox 1432 1585 1530 1654; x_wconf 85' lang='grc' dir='ltr'><strong>τὴν</strong></span> <span class='ocrx_word' id='word_1_124' title='bbox 1565 1585 1838 1654; x_wconf 84' lang='grc' dir='ltr'>ἁμαρτίαν</span> <span class='ocrx_word' id='word_1_125' title='bbox 1869 1587 1963 1638; x_wconf 86' lang='grc' dir='ltr'>ἀν-</span> 
     </span>
    </p>
   </div>
   <div class='ocr_carea' id='block_1_18' title="bbox 391 1673 1955 1749">
    <p class='ocr_par' dir='ltr' id='par_1_18' title="bbox 391 1673 1955 1749">
     <span class='ocr_line' id='line_1_18' title="bbox 391 1673 1955 1749; baseline -0.001 -21"><span class='ocrx_word' id='word_1_126' title='bbox 391 1673 838 1728; x_wconf 86' lang='grc' dir='ltr'>τικαθίστασθαι·</span> <span class='ocrx_word' id='word_1_127' title='bbox 886 1678 1244 1746; x_wconf 78' lang='grc' dir='ltr'>καταφρονεῖν</span> <span class='ocrx_word' id='word_1_128' title='bbox 1279 1676 1334 1728; x_wconf 84' lang='grc' dir='ltr'>δὲ</span> <span class='ocrx_word' id='word_1_129' title='bbox 1376 1675 1669 1746; x_wconf 78' lang='grc' dir='ltr'><strong>θανατικῆς</strong></span> <span class='ocrx_word' id='word_1_130' title='bbox 1710 1678 1955 1749; x_wconf 73' lang='grc' dir='ltr'>ἀπειλῆς,</span> 
     </span>
    </p>
   </div>
   <div class='ocr_carea' id='block_1_19' title="bbox 394 1766 1960 1838">
    <p class='ocr_par' dir='ltr' id='par_1_19' title="bbox 394 1766 1960 1838">
     <span class='ocr_line' id='line_1_19' title="bbox 394 1766 1960 1838; baseline 0 -16"><span class='ocrx_word' id='word_1_131' title='bbox 394 1770 486 1822; x_wconf 82' lang='grc' dir='ltr'><strong>καί</strong></span> <span class='ocrx_word' id='word_1_132' title='bbox 508 1766 770 1837; x_wconf 81' lang='grc' dir='ltr'>ἀλγεινῶν</span> <span class='ocrx_word' id='word_1_133' title='bbox 796 1767 1190 1838; x_wconf 71' lang='grc' dir='ltr'>κολαστηρίων,</span> <span class='ocrx_word' id='word_1_134' title='bbox 1219 1769 1313 1821; x_wconf 77' lang='grc' dir='ltr'>καὶ</span> <span class='ocrx_word' id='word_1_135' title='bbox 1337 1768 1434 1837; x_wconf 88' lang='grc' dir='ltr'><strong>τῆς</strong></span> <span class='ocrx_word' id='word_1_136' title='bbox 1463 1767 1570 1820; x_wconf 87' lang='grc' dir='ltr'><strong>τῶν</strong></span> <span class='ocrx_word' id='word_1_137' title='bbox 1597 1768 1825 1838; x_wconf 80' lang='grc' dir='ltr'><strong>ἡδίστων</strong></span> <span class='ocrx_word' id='word_1_138' title='bbox 1853 1770 1960 1822; x_wconf 88' lang='grc' dir='ltr'>δια-</span> 
     </span>
    </p>
   </div>
   <div class='ocr_carea' id='block_1_20' title="bbox 393 1858 1960 1931">
    <p class='ocr_par' dir='ltr' id='par_1_20' title="bbox 393 1858 1960 1931">
     <span class='ocr_line' id='line_1_20' title="bbox 393 1858 1960 1931; baseline 0.003 -19"><span class='ocrx_word' id='word_1_139' title='bbox 393 1858 626 1926; x_wconf 75' lang='grc' dir='ltr'>ζεύξεως</span> <span class='ocrx_word' id='word_1_140' title='bbox 646 1899 659 1920; x_wconf 92' lang='grc'><strong>,</strong></span> <span class='ocrx_word' id='word_1_141' title='bbox 693 1860 784 1912; x_wconf 72' lang='grc' dir='ltr'><strong>καί⁵</strong></span> <span class='ocrx_word' id='word_1_142' title='bbox 817 1862 1032 1912; x_wconf 82' lang='grc' dir='ltr'>πάντων</span> <span class='ocrx_word' id='word_1_143' title='bbox 1067 1858 1213 1925; x_wconf 76' lang='grc' dir='ltr'>ἅπαξ</span> <span class='ocrx_word' id='word_1_144' title='bbox 1243 1859 1348 1912; x_wconf 87' lang='grc' dir='ltr'><strong>τῶν</strong></span> <span class='ocrx_word' id='word_1_145' title='bbox 1387 1859 1474 1912; x_wconf 88' lang='grc' dir='ltr'><strong>διά</strong></span> <span class='ocrx_word' id='word_1_146' title='bbox 1501 1877 1643 1924; x_wconf 90' lang='grc' dir='ltr'>τινος</span> <span class='ocrx_word' id='word_1_147' title='bbox 1674 1860 1960 1931; x_wconf 85' lang='grc' dir='ltr'>συνηθείας</span> 
     </span>
    </p>
   </div>
   <div class='ocr_carea' id='block_1_21' title="bbox 393 1949 1968 2022">
    <p class='ocr_par' dir='ltr' id='par_1_21' title="bbox 393 1949 1968 2022">
     <span class='ocr_line' id='line_1_21' title="bbox 393 1949 1968 2022; baseline 0.002 -18"><span class='ocrx_word' id='word_1_148' title='bbox 393 1951 488 2004; x_wconf 74' lang='grc' dir='ltr'>καὶ</span> <span class='ocrx_word' id='word_1_149' title='bbox 517 1949 834 2022; x_wconf 81' lang='grc' dir='ltr'>προλήψεως</span> <span class='ocrx_word' id='word_1_150' title='bbox 868 1951 925 2002; x_wconf 87' lang='grc' dir='ltr'><strong>ἐν</strong></span> <span class='ocrx_word' id='word_1_151' title='bbox 967 1950 1128 2021; x_wconf 80' lang='grc' dir='ltr'>ἡδονῇ</span> <span class='ocrx_word' id='word_1_152' title='bbox 1181 1953 1306 2014; x_wconf 84' lang='grc' dir='ltr'>τοὺς</span> <span class='ocrx_word' id='word_1_153' title='bbox 1365 1951 1593 2016; x_wconf 85' lang='grc' dir='ltr'>πολλοὺς</span> <span class='ocrx_word' id='word_1_154' title='bbox 1630 1954 1968 2022; x_wconf 83' lang='grc' dir='ltr'>κατεχόντων</span> 
     </span>
    </p>
   </div>
   <div class='ocr_carea' id='block_1_22' title="bbox 393 2040 1969 2114">
    <p class='ocr_par' dir='ltr' id='par_1_22' title="bbox 393 2040 1969 2114">
     <span class='ocr_line' id='line_1_22' title="bbox 393 2040 1969 2114; baseline 0.001 -20"><span class='ocrx_word' id='word_1_155' title='bbox 393 2041 672 2112; x_wconf 87' lang='grc' dir='ltr'>κρείττονα</span> <span class='ocrx_word' id='word_1_156' title='bbox 701 2040 948 2108; x_wconf 85' lang='grc' dir='ltr'>γενέσθαι</span> <span class='ocrx_word' id='word_1_157' title='bbox 977 2080 992 2102; x_wconf 90' lang='grc'><strong>,</strong></span> <span class='ocrx_word' id='word_1_158' title='bbox 1019 2041 1117 2109; x_wconf 88' lang='grc' dir='ltr'><strong>τῆς</strong></span> <span class='ocrx_word' id='word_1_159' title='bbox 1145 2058 1204 2093; x_wconf 91' lang='grc' dir='ltr'><strong>τε</strong></span> <span class='ocrx_word' id='word_1_160' title='bbox 1233 2041 1468 2105; x_wconf 87' lang='grc' dir='ltr'>πίστεως</span> <span class='ocrx_word' id='word_1_161' title='bbox 1511 2043 1604 2096; x_wconf 74' lang='grc' dir='ltr'>καὶ</span> <span class='ocrx_word' id='word_1_162' title='bbox 1643 2042 1742 2112; x_wconf 89' lang='grc' dir='ltr'><strong>τῆς</strong></span> <span class='ocrx_word' id='word_1_163' title='bbox 1767 2045 1969 2114; x_wconf 84' lang='grc' dir='ltr'>ἀρετῆς</span> 
     </span>
    </p>
   </div>
   <div class='ocr_carea' id='block_1_23' title="bbox 395 2130 1966 2203">
    <p class='ocr_par' dir='ltr' id='par_1_23' title="bbox 395 2130 1966 2203">
     <span class='ocr_line' id='line_1_23' title="bbox 395 2130 1966 2203; baseline 0.001 -19"><span class='ocrx_word' id='word_1_164' title='bbox 395 2133 824 2201; x_wconf 85' lang='grc' dir='ltr'>προμαχόμενον.</span> <span class='ocrx_word' id='word_1_165' title='bbox 858 2130 937 2182; x_wconf 86' lang='grc' dir='ltr'>Τὰ</span> <span class='ocrx_word' id='word_1_166' title='bbox 965 2130 1021 2182; x_wconf 84' lang='grc' dir='ltr'>δὲ</span> <span class='ocrx_word' id='word_1_167' title='bbox 1049 2131 1427 2202; x_wconf 85' lang='grc' dir='ltr'>ἀποπτώματα</span> <span class='ocrx_word' id='word_1_168' title='bbox 1467 2132 1559 2186; x_wconf 80' lang='grc' dir='ltr'>τοῦ</span> <span class='ocrx_word' id='word_1_169' title='bbox 1592 2133 1837 2186; x_wconf 78' lang='grc' dir='ltr'>τοιούτου</span> <span class='ocrx_word' id='word_1_170' title='bbox 1869 2133 1966 2203; x_wconf 84' lang='grc' dir='ltr'>μέ-</span> 
     </span>
    </p>
   </div>
   <div class='ocr_carea' id='block_1_24' title="bbox 395 2219 1961 2296">
    <p class='ocr_par' dir='ltr' id='par_1_24' title="bbox 395 2219 1961 2296">
     <span class='ocr_line' id='line_1_24' title="bbox 395 2219 1961 2296; baseline 0.005 -25"><span class='ocrx_word' id='word_1_171' title='bbox 395 2237 521 2290; x_wconf 90' lang='grc' dir='ltr'>ρους</span> <span class='ocrx_word' id='word_1_172' title='bbox 568 2221 712 2273; x_wconf 75' lang='grc' dir='ltr'>ἐστὶν</span> <span class='ocrx_word' id='word_1_173' title='bbox 753 2219 923 2274; x_wconf 75' lang='grc' dir='ltr'>ἅπασι</span> <span class='ocrx_word' id='word_1_174' title='bbox 957 2221 1232 2292; x_wconf 75' lang='grc' dir='ltr'>πρόδηλα,</span> <span class='ocrx_word' id='word_1_175' title='bbox 1264 2224 1292 2275; x_wconf 92' lang='lat'><strong>6</strong></span> <span class='ocrx_word' id='word_1_176' title='bbox 1332 2222 1556 2291; x_wconf 80' lang='grc' dir='ltr'>φθόνος,</span> <span class='ocrx_word' id='word_1_177' title='bbox 1597 2223 1657 2276; x_wconf 84' lang='grc' dir='ltr'>τὸ</span> <span class='ocrx_word' id='word_1_178' title='bbox 1697 2228 1884 2294; x_wconf 86' lang='grc' dir='ltr'>μῖσος,</span> <span class='ocrx_word' id='word_1_179' title='bbox 1928 2227 1961 2296; x_wconf 81' lang='grc' dir='ltr'><strong>ἡ</strong></span> 
     </span>
    </p>
   </div>
   <div class='ocr_carea' id='block_1_25' title="bbox 396 2311 1962 2386">
    <p class='ocr_par' dir='ltr' id='par_1_25' title="bbox 396 2311 1962 2386">
     <span class='ocr_line' id='line_1_25' title="bbox 396 2311 1962 2386; baseline 0.005 -23"><span class='ocrx_word' id='word_1_180' title='bbox 396 2312 554 2382; x_wconf 84' lang='grc' dir='ltr'>μῆνις</span> <span class='ocrx_word' id='word_1_181' title='bbox 575 2353 590 2375; x_wconf 90' lang='grc'><strong>,</strong></span> <span class='ocrx_word' id='word_1_182' title='bbox 624 2314 678 2365; x_wconf 90' lang='grc' dir='ltr'><strong>αἰ</strong></span> <span class='ocrx_word' id='word_1_183' title='bbox 708 2311 965 2383; x_wconf 86' lang='grc' dir='ltr'>λοιδορίαι</span> <span class='ocrx_word' id='word_1_184' title='bbox 989 2352 1004 2372; x_wconf 95' lang='grc'><strong>,</strong></span> <span class='ocrx_word' id='word_1_185' title='bbox 1046 2315 1101 2365; x_wconf 90' lang='grc' dir='ltr'><strong>αί</strong></span> <span class='ocrx_word' id='word_1_186' title='bbox 1127 2313 1475 2382; x_wconf 80' lang='grc' dir='ltr'>συμπλοκαὶ,</span> <span class='ocrx_word' id='word_1_187' title='bbox 1513 2318 1567 2369; x_wconf 84' lang='grc' dir='ltr'>αἱ</span> <span class='ocrx_word' id='word_1_188' title='bbox 1598 2316 1962 2386; x_wconf 75' lang='grc' dir='ltr'>ἐμφιλόνεικοί</span> 
     </span>
    </p>
   </div>
   <div class='ocr_carea' id='block_1_26' title="bbox 392 2403 1963 2480">
    <p class='ocr_par' dir='ltr' id='par_1_26' title="bbox 392 2403 1963 2480">
     <span class='ocr_line' id='line_1_26' title="bbox 392 2403 1963 2480; baseline 0.005 -25"><span class='ocrx_word' id='word_1_189' title='bbox 392 2419 451 2454; x_wconf 90' lang='grc' dir='ltr'><strong>τε</strong></span> <span class='ocrx_word' id='word_1_190' title='bbox 479 2403 573 2456; x_wconf 80' lang='grc' dir='ltr'><strong>καὶ</strong></span> <span class='ocrx_word' id='word_1_191' title='bbox 605 2403 898 2474; x_wconf 80' lang='grc' dir='ltr'>ἀμυντικαὶ</span> <span class='ocrx_word' id='word_1_192' title='bbox 938 2405 1240 2470; x_wconf 81' lang='grc' dir='ltr'>διαθέσεις,</span> <span class='ocrx_word' id='word_1_193' title='bbox 1274 2407 1329 2459; x_wconf 91' lang='grc' dir='ltr'><strong>αἰ</strong></span> <span class='ocrx_word' id='word_1_194' title='bbox 1361 2407 1521 2478; x_wconf 87' lang='grc' dir='ltr'>μέχρι</span> <span class='ocrx_word' id='word_1_195' title='bbox 1552 2407 1749 2462; x_wconf 88' lang='grc' dir='ltr'>πολλοῦ</span> <span class='ocrx_word' id='word_1_196' title='bbox 1783 2428 1963 2480; x_wconf 80' lang='grc' dir='ltr'>παρα-</span> 
     </span>
    </p>
   </div>
   <div class='ocr_carea' id='block_1_27' title="bbox 392 2495 1965 2573">
    <p class='ocr_par' dir='ltr' id='par_1_27' title="bbox 392 2495 1965 2573">
     <span class='ocr_line' id='line_1_27' title="bbox 392 2495 1965 2573; baseline 0.007 -27"><span class='ocrx_word' id='word_1_197' title='bbox 392 2495 660 2548; x_wconf 87' lang='grc' dir='ltr'>τείνουσαι</span> <span class='ocrx_word' id='word_1_198' title='bbox 694 2496 791 2568; x_wconf 76' lang='grc' dir='ltr'>τὴν</span> <span class='ocrx_word' id='word_1_199' title='bbox 821 2498 1184 2568; x_wconf 86' lang='grc' dir='ltr'>μνησικακίαν</span> <span class='ocrx_word' id='word_1_200' title='bbox 1205 2540 1219 2563; x_wconf 86' lang='grc'><strong>,</strong></span> <span class='ocrx_word' id='word_1_201' title='bbox 1267 2499 1362 2552; x_wconf 75' lang='grc' dir='ltr'>καὶ</span> <span class='ocrx_word' id='word_1_202' title='bbox 1401 2500 1625 2565; x_wconf 75' lang='grc' dir='ltr'>πολλοὺς</span> <span class='ocrx_word' id='word_1_203' title='bbox 1653 2503 1732 2567; x_wconf 90' lang='grc' dir='ltr'><strong>εἰς</strong></span> <span class='ocrx_word' id='word_1_204' title='bbox 1773 2504 1965 2573; x_wconf 81' lang='grc' dir='ltr'>φόνους</span> 
     </span>
    </p>
   </div>
   <div class='ocr_carea' id='block_1_28' title="bbox 393 2585 1966 2661">
    <p class='ocr_par' dir='ltr' id='par_1_28' title="bbox 393 2585 1966 2661">
     <span class='ocr_line' id='line_1_28' title="bbox 393 2585 1966 2661; baseline 0.003 -22"><span class='ocrx_word' id='word_1_205' title='bbox 393 2585 488 2639; x_wconf 72' lang='grc' dir='ltr'>καὶ</span> <span class='ocrx_word' id='word_1_206' title='bbox 520 2587 724 2656; x_wconf 79' lang='grc' dir='ltr'>αἵματα</span> <span class='ocrx_word' id='word_1_207' title='bbox 780 2585 1206 2656; x_wconf 83' lang='grc' dir='ltr'>καταθήγουσαι.</span> <span class='ocrx_word' id='word_1_208' title='bbox 1240 2589 1330 2659; x_wconf 84' lang='grc' dir='ltr'><strong>Μὴ</strong></span> <span class='ocrx_word' id='word_1_209' title='bbox 1381 2589 1488 2660; x_wconf 90' lang='grc' dir='ltr'><strong>γάρ</strong></span> <span class='ocrx_word' id='word_1_210' title='bbox 1521 2590 1694 2661; x_wconf 82' lang='grc' dir='ltr'>εὑρὼν</span> <span class='ocrx_word' id='word_1_211' title='bbox 1737 2595 1766 2646; x_wconf 88' lang='lat'><strong>6</strong></span> <span class='ocrx_word' id='word_1_212' title='bbox 1803 2592 1966 2646; x_wconf 88' lang='grc' dir='ltr'>ἀπαί-</span> 
     </span>
    </p>
   </div>
   <div class='ocr_carea' id='block_1_29' title="bbox 393 2677 1960 2757">
    <p class='ocr_par' dir='ltr' id='par_1_29' title="bbox 393 2677 1960 2757">
     <span class='ocr_line' id='line_1_29' title="bbox 393 2677 1960 2757; baseline 0.007 -29"><span class='ocrx_word' id='word_1_213' title='bbox 393 2677 574 2740; x_wconf 89' lang='grc' dir='ltr'>δευτος</span> <span class='ocrx_word' id='word_1_214' title='bbox 603 2677 857 2748; x_wconf 80' lang='grc' dir='ltr'>λογισμὸς</span> <span class='ocrx_word' id='word_1_215' title='bbox 889 2679 1021 2732; x_wconf 82' lang='grc' dir='ltr'>ὅπου</span> <span class='ocrx_word' id='word_1_216' title='bbox 1051 2681 1318 2753; x_wconf 85' lang='grc' dir='ltr'>χρήσηται</span> <span class='ocrx_word' id='word_1_217' title='bbox 1357 2681 1649 2747; x_wconf 84' lang='grc' dir='ltr'>λυσιτελῶς</span> <span class='ocrx_word' id='word_1_218' title='bbox 1682 2683 1761 2754; x_wconf 86' lang='grc' dir='ltr'>τῷ</span> <span class='ocrx_word' id='word_1_219' title='bbox 1791 2685 1960 2757; x_wconf 85' lang='grc' dir='ltr'>ὅπλῳ,</span> 
     </span>
    </p>
   </div>
   <div class='ocr_carea' id='block_1_30' title="bbox 394 2770 1966 2847">
    <p class='ocr_par' dir='ltr' id='par_1_30' title="bbox 394 2770 1966 2847">
     <span class='ocr_line' id='line_1_30' title="bbox 394 2770 1966 2847; baseline 0.007 -26"><span class='ocrx_word' id='word_1_220' title='bbox 394 2770 477 2838; x_wconf 86' lang='grc' dir='ltr'>ἐφ’</span> <span class='ocrx_word' id='word_1_221' title='bbox 503 2770 693 2822; x_wconf 78' lang='grc' dir='ltr'>ἑαυτὸν</span> <span class='ocrx_word' id='word_1_222' title='bbox 725 2771 914 2842; x_wconf 77' lang='grc' dir='ltr'>τρέπει</span> <span class='ocrx_word' id='word_1_223' title='bbox 941 2771 1038 2844; x_wconf 78' lang='grc' dir='ltr'><strong>τὴν</strong></span> <span class='ocrx_word' id='word_1_224' title='bbox 1080 2772 1171 2825; x_wconf 80' lang='grc' dir='ltr'>τοῦ</span> <span class='ocrx_word' id='word_1_225' title='bbox 1202 2772 1416 2844; x_wconf 83' lang='grc' dir='ltr'>σιδήρου</span> <span class='ocrx_word' id='word_1_226' title='bbox 1447 2776 1631 2846; x_wconf 83' lang='grc' dir='ltr'>ἀκμήν</span> <span class='ocrx_word' id='word_1_227' title='bbox 1653 2793 1669 2809; x_wconf 77' lang='grc' dir='ltr'><strong>ο</strong></span> <span class='ocrx_word' id='word_1_228' title='bbox 1709 2779 1802 2830; x_wconf 80' lang='grc' dir='ltr'>καὶ</span> <span class='ocrx_word' id='word_1_229' title='bbox 1830 2779 1966 2847; x_wconf 91' lang='grc' dir='ltr'>γίνε-</span> 
     </span>
    </p>
   </div>
   <div class='ocr_carea' id='block_1_31' title="bbox 394 2861 1962 2941">
    <p class='ocr_par' dir='ltr' id='par_1_31' title="bbox 394 2861 1962 2941">
     <span class='ocr_line' id='line_1_31' title="bbox 394 2861 1962 2941; baseline 0.008 -29"><span class='ocrx_word' id='word_1_230' title='bbox 394 2877 484 2912; x_wconf 86' lang='grc' dir='ltr'><strong>ται</strong></span> <span class='ocrx_word' id='word_1_231' title='bbox 511 2861 656 2913; x_wconf 84' lang='grc' dir='ltr'><strong>τὸέκ</strong></span> <span class='ocrx_word' id='word_1_232' title='bbox 691 2862 826 2914; x_wconf 81' lang='grc' dir='ltr'>Θεοῦ</span> <span class='ocrx_word' id='word_1_233' title='bbox 855 2863 1004 2916; x_wconf 83' lang='grc' dir='ltr'>δοθὲν</span> <span class='ocrx_word' id='word_1_234' title='bbox 1032 2866 1160 2933; x_wconf 81' lang='grc' dir='ltr'>ἡμῖν</span> <span class='ocrx_word' id='word_1_235' title='bbox 1199 2866 1530 2937; x_wconf 81' lang='grc' dir='ltr'>ἀμυντήριον</span> <span class='ocrx_word' id='word_1_236' title='bbox 1570 2867 1732 2921; x_wconf 84' lang='grc' dir='ltr'>ὅπλον</span> <span class='ocrx_word' id='word_1_237' title='bbox 1764 2871 1841 2941; x_wconf 79' lang='grc' dir='ltr'>τῷ</span> <span class='ocrx_word' id='word_1_238' title='bbox 1868 2888 1962 2924; x_wconf 89' lang='grc' dir='ltr'>κα-</span> 
     </span>
    </p>
   </div>
   <div class='ocr_carea' id='block_1_32' title="bbox 395 2952 1148 3026">
    <p class='ocr_par' dir='ltr' id='par_1_32' title="bbox 395 2952 1148 3026">
     <span class='ocr_line' id='line_1_32' title="bbox 395 2952 1148 3026; baseline 0.008 -23"><span class='ocrx_word' id='word_1_239' title='bbox 395 2952 504 3016; x_wconf 86' lang='grc' dir='ltr'><strong>κῶς</strong></span> <span class='ocrx_word' id='word_1_240' title='bbox 544 2954 864 3024; x_wconf 82' lang='grc' dir='ltr'>κεχρημένῳ</span> <span class='ocrx_word' id='word_1_241' title='bbox 890 2955 1148 3026; x_wconf 81' lang='grc' dir='ltr'>ὀλέθριον.</span> 
     </span>
    </p>
   </div>
   <div class='ocr_carea' id='block_1_33' title="bbox 2068 574 3635 644">
    <p class='ocr_par' dir='ltr' id='par_1_33' title="bbox 2068 574 3635 644">
     <span class='ocr_line' id='line_1_33' title="bbox 2068 574 3635 644; baseline 0.004 -16"><span class='ocrx_word' id='word_1_242' title='bbox 2068 590 2174 644; x_wconf 88' lang='lat' dir='ltr'><strong>qua</strong></span> <span class='ocrx_word' id='word_1_243' title='bbox 2209 584 2289 629; x_wconf 90' lang='lat' dir='ltr'><strong>est</strong></span> <span class='ocrx_word' id='word_1_244' title='bbox 2320 576 2374 628; x_wconf 92' lang='lat' dir='ltr'><strong>in</strong></span> <span class='ocrx_word' id='word_1_245' title='bbox 2412 574 2571 628; x_wconf 87' lang='lat' dir='ltr'><strong>nobis</strong></span> <span class='ocrx_word' id='word_1_246' title='bbox 2599 575 2862 628; x_wconf 89' lang='lat' dir='ltr'><strong>amatoria</strong></span> <span class='ocrx_word' id='word_1_247' title='bbox 2883 574 3118 630; x_wconf 71' lang='lat' dir='ltr'><strong>facultas</strong></span> <span class='ocrx_word' id='word_1_248' title='bbox 3156 585 3210 631; x_wconf 93' lang='lat' dir='ltr'><strong>et</strong></span> <span class='ocrx_word' id='word_1_249' title='bbox 3244 576 3479 644; x_wconf 70' lang='lat' dir='ltr'><strong>alfectio,</strong></span> <span class='ocrx_word' id='word_1_250' title='bbox 3521 592 3635 636; x_wconf 79' lang='lat' dir='ltr'><strong>tota</strong></span> 
     </span>
    </p>
   </div>
   <div class='ocr_carea' id='block_1_34' title="bbox 2068 666 3634 730">
    <p class='ocr_par' dir='ltr' id='par_1_34' title="bbox 2068 666 3634 730">
     <span class='ocr_line' id='line_1_34' title="bbox 2068 666 3634 730; baseline 0.004 -9"><span class='ocrx_word' id='word_1_251' title='bbox 2068 669 2120 722; x_wconf 90' lang='lat' dir='ltr'><strong>in</strong></span> <span class='ocrx_word' id='word_1_252' title='bbox 2183 667 2280 722; x_wconf 84' lang='lat' dir='ltr'><strong>illo</strong></span> <span class='ocrx_word' id='word_1_253' title='bbox 2332 675 2602 730; x_wconf 76' lang='lat' dir='ltr'><strong>versetur,</strong></span> <span class='ocrx_word' id='word_1_254' title='bbox 2681 675 2741 720; x_wconf 91' lang='lat' dir='ltr'><strong>ut</strong></span> <span class='ocrx_word' id='word_1_255' title='bbox 2791 666 3081 723; x_wconf 84' lang='lat' dir='ltr'><strong>credamus</strong></span> <span class='ocrx_word' id='word_1_256' title='bbox 3145 668 3279 721; x_wconf 87' lang='lat' dir='ltr'><strong>nihil</strong></span> <span class='ocrx_word' id='word_1_257' title='bbox 3324 671 3471 725; x_wconf 85' lang='lat' dir='ltr'><strong>aliud</strong></span> <span class='ocrx_word' id='word_1_258' title='bbox 3508 688 3634 727; x_wconf 86' lang='lat' dir='ltr'><strong>esse</strong></span> 
     </span>
    </p>
   </div>
   <div class='ocr_carea' id='block_1_35' title="bbox 2069 759 3632 829">
    <p class='ocr_par' dir='ltr' id='par_1_35' title="bbox 2069 759 3632 829">
     <span class='ocr_line' id='line_1_35' title="bbox 2069 759 3632 829; baseline 0.003 -16"><span class='ocrx_word' id='word_1_259' title='bbox 2069 769 2261 814; x_wconf 87' lang='lat' dir='ltr'><strong>natura</strong></span> <span class='ocrx_word' id='word_1_260' title='bbox 2315 759 2672 829; x_wconf 82' lang='lat' dir='ltr'><strong>expetendum</strong></span> <span class='ocrx_word' id='word_1_261' title='bbox 2710 769 2908 828; x_wconf 84' lang='lat' dir='ltr'><strong>prater</strong></span> <span class='ocrx_word' id='word_1_262' title='bbox 2940 761 3218 826; x_wconf 92' lang='lat' dir='ltr'><strong>virtutem,</strong></span> <span class='ocrx_word' id='word_1_263' title='bbox 3279 772 3335 816; x_wconf 89' lang='lat' dir='ltr'><strong>et</strong></span> <span class='ocrx_word' id='word_1_264' title='bbox 3379 771 3632 817; x_wconf 87' lang='lat' dir='ltr'><strong>naturam</strong></span> 
     </span>
    </p>
   </div>
   <div class='ocr_carea' id='block_1_36' title="bbox 2065 847 3636 920">
    <p class='ocr_par' dir='ltr' id='par_1_36' title="bbox 2065 847 3636 920">
     <span class='ocr_line' id='line_1_36' title="bbox 2065 847 3636 920; baseline 0.001 -16"><span class='ocrx_word' id='word_1_265' title='bbox 2065 866 2186 920; x_wconf 83' lang='lat' dir='ltr'><strong>qua</strong></span> <span class='ocrx_word' id='word_1_266' title='bbox 2209 852 2460 905; x_wconf 83' lang='lat' dir='ltr'><strong>virtutem</strong></span> <span class='ocrx_word' id='word_1_267' title='bbox 2485 848 2732 904; x_wconf 77' lang='lat' dir='ltr'><strong>eﬂundit.</strong></span> <span class='ocrx_word' id='word_1_268' title='bbox 2760 847 2930 918; x_wconf 87' lang='lat' dir='ltr'><strong>Hujus</strong></span> <span class='ocrx_word' id='word_1_269' title='bbox 2949 859 3128 904; x_wconf 91' lang='lat' dir='ltr'><strong>autem</strong></span> <span class='ocrx_word' id='word_1_270' title='bbox 3151 852 3320 919; x_wconf 89' lang='lat' dir='ltr'><strong>partis</strong></span> <span class='ocrx_word' id='word_1_271' title='bbox 3340 851 3636 906; x_wconf 82' lang='lat' dir='ltr'><strong>declinatio</strong></span> 
     </span>
    </p>
   </div>
   <div class='ocr_carea' id='block_1_37' title="bbox 2065 942 3633 1012">
    <p class='ocr_par' dir='ltr' id='par_1_37' title="bbox 2065 942 3633 1012">
     <span class='ocr_line' id='line_1_37' title="bbox 2065 942 3633 1012; baseline -0.001 -14"><span class='ocrx_word' id='word_1_272' title='bbox 2065 953 2150 998; x_wconf 88' lang='lat' dir='ltr'><strong>est</strong></span> <span class='ocrx_word' id='word_1_273' title='bbox 2169 951 2223 998; x_wconf 92' lang='lat' dir='ltr'><strong>et</strong></span> <span class='ocrx_word' id='word_1_274' title='bbox 2258 950 2563 1012; x_wconf 87' lang='lat' dir='ltr'><strong>peccatum,</strong></span> <span class='ocrx_word' id='word_1_275' title='bbox 2587 942 2804 1011; x_wconf 84' lang='lat' dir='ltr'><strong>quando</strong></span> <span class='ocrx_word' id='word_1_276' title='bbox 2821 942 3170 1012; x_wconf 84' lang='lat' dir='ltr'><strong>cupiditatem</strong></span> <span class='ocrx_word' id='word_1_277' title='bbox 3195 943 3536 998; x_wconf 90' lang='lat' dir='ltr'><strong>transtulerit</strong></span> <span class='ocrx_word' id='word_1_278' title='bbox 3565 944 3633 997; x_wconf 89' lang='lat' dir='ltr'><strong>ad</strong></span> 
     </span>
    </p>
   </div>
   <div class='ocr_carea' id='block_1_38' title="bbox 2067 1034 3630 1104">
    <p class='ocr_par' dir='ltr' id='par_1_38' title="bbox 2067 1034 3630 1104">
     <span class='ocr_line' id='line_1_38' title="bbox 2067 1034 3630 1104; baseline 0 -16"><span class='ocrx_word' id='word_1_279' title='bbox 2067 1036 2281 1089; x_wconf 90' lang='lat' dir='ltr'><strong>inanem</strong></span> <span class='ocrx_word' id='word_1_280' title='bbox 2321 1049 2441 1104; x_wconf 87' lang='lat' dir='ltr'><strong>qua</strong></span> <span class='ocrx_word' id='word_1_281' title='bbox 2481 1049 2588 1087; x_wconf 92' lang='lat' dir='ltr'><strong>non</strong></span> <span class='ocrx_word' id='word_1_282' title='bbox 2611 1040 2789 1102; x_wconf 82' lang='lat' dir='ltr'><strong>potest</strong></span> <span class='ocrx_word' id='word_1_283' title='bbox 2809 1034 3112 1088; x_wconf 88' lang='lat' dir='ltr'><strong>consistere</strong></span> <span class='ocrx_word' id='word_1_284' title='bbox 3145 1034 3410 1102; x_wconf 79' lang='lat' dir='ltr'><strong>gloriam;</strong></span> <span class='ocrx_word' id='word_1_285' title='bbox 3446 1034 3528 1088; x_wconf 89' lang='lat' dir='ltr'><strong>vel</strong></span> <span class='ocrx_word' id='word_1_286' title='bbox 3561 1034 3630 1088; x_wconf 84' lang='lat' dir='ltr'><strong>ad</strong></span> 
     </span>
    </p>
   </div>
   <div class='ocr_carea' id='block_1_39' title="bbox 2064 1124 3631 1195">
    <p class='ocr_par' dir='ltr' id='par_1_39' title="bbox 2064 1124 3631 1195">
     <span class='ocr_line' id='line_1_39' title="bbox 2064 1124 3631 1195; baseline 0 -17"><span class='ocrx_word' id='word_1_287' title='bbox 2064 1126 2251 1180; x_wconf 81' lang='lat' dir='ltr'><strong>ﬂorem</strong></span> <span class='ocrx_word' id='word_1_288' title='bbox 2277 1125 2369 1195; x_wconf 87' lang='lat' dir='ltr'><strong>qui</strong></span> <span class='ocrx_word' id='word_1_289' title='bbox 2397 1124 2635 1178; x_wconf 87' lang='lat' dir='ltr'><strong>colorate</strong></span> <span class='ocrx_word' id='word_1_290' title='bbox 2657 1139 2946 1194; x_wconf 88' lang='lat' dir='ltr'><strong>corporum</strong></span> <span class='ocrx_word' id='word_1_291' title='bbox 2967 1124 3279 1192; x_wconf 82' lang='lat' dir='ltr'><strong>superﬁciei</strong></span> <span class='ocrx_word' id='word_1_292' title='bbox 3329 1131 3414 1178; x_wconf 92' lang='lat' dir='ltr'><strong>est</strong></span> <span class='ocrx_word' id='word_1_293' title='bbox 3439 1125 3631 1180; x_wconf 86' lang='lat' dir='ltr'><strong>illitus.</strong></span> 
     </span>
    </p>
   </div>
   <div class='ocr_carea' id='block_1_40' title="bbox 2065 1215 3630 1285">
    <p class='ocr_par' dir='ltr' id='par_1_40' title="bbox 2065 1215 3630 1285">
     <span class='ocr_line' id='line_1_40' title="bbox 2065 1215 3630 1285; baseline -0.001 -11"><span class='ocrx_word' id='word_1_294' title='bbox 2065 1218 2222 1274; x_wconf 90' lang='lat' dir='ltr'><strong>Unde</strong></span> <span class='ocrx_word' id='word_1_295' title='bbox 2252 1217 2466 1273; x_wconf 77' lang='lat' dir='ltr'><strong>exsistit</strong></span> <span class='ocrx_word' id='word_1_296' title='bbox 2509 1216 2696 1281; x_wconf 89' lang='lat' dir='ltr'><strong>libido,</strong></span> <span class='ocrx_word' id='word_1_297' title='bbox 2735 1216 2922 1285; x_wconf 90' lang='lat' dir='ltr'><strong>gloria</strong></span> <span class='ocrx_word' id='word_1_298' title='bbox 2961 1215 3252 1285; x_wconf 86' lang='lat' dir='ltr'><strong>cupiditas,</strong></span> <span class='ocrx_word' id='word_1_299' title='bbox 3290 1217 3542 1280; x_wconf 86' lang='lat' dir='ltr'><strong>ambitio,</strong></span> <span class='ocrx_word' id='word_1_300' title='bbox 3573 1227 3630 1273; x_wconf 87' lang='lat' dir='ltr'><strong>et</strong></span> 
     </span>
    </p>
   </div>
   <div class='ocr_carea' id='block_1_41' title="bbox 2065 1305 3625 1375">
    <p class='ocr_par' dir='ltr' id='par_1_41' title="bbox 2065 1305 3625 1375">
     <span class='ocr_line' id='line_1_41' title="bbox 2065 1305 3625 1375; baseline 0 -13"><span class='ocrx_word' id='word_1_301' title='bbox 2065 1305 2862 1374; x_wconf 83' lang='lat' dir='ltr'><strong>avaritia,etcateraejusmodi</strong></span> <span class='ocrx_word' id='word_1_302' title='bbox 2884 1321 3004 1375; x_wconf 88' lang='lat' dir='ltr'><strong>qua</strong></span> <span class='ocrx_word' id='word_1_303' title='bbox 3033 1306 3101 1360; x_wconf 93' lang='lat' dir='ltr'><strong>ab</strong></span> <span class='ocrx_word' id='word_1_304' title='bbox 3128 1305 3231 1358; x_wconf 87' lang='lat' dir='ltr'><strong>hoc</strong></span> <span class='ocrx_word' id='word_1_305' title='bbox 3266 1306 3384 1359; x_wconf 87' lang='lat' dir='ltr'><strong>vitii</strong></span> <span class='ocrx_word' id='word_1_306' title='bbox 3423 1321 3625 1375; x_wconf 81' lang='lat' dir='ltr'><strong>genere</strong></span> 
     </span>
    </p>
   </div>
   <div class='ocr_carea' id='block_1_42' title="bbox 2063 1398 3638 1472">
    <p class='ocr_par' dir='ltr' id='par_1_42' title="bbox 2063 1398 3638 1472">
     <span class='ocr_line' id='line_1_42' title="bbox 2063 1398 3638 1472; baseline -0.001 -16"><span class='ocrx_word' id='word_1_307' title='bbox 2063 1401 2389 1472; x_wconf 86' lang='lat' dir='ltr'><strong>dependent.</strong></span> <span class='ocrx_word' id='word_1_308' title='bbox 2443 1399 2715 1454; x_wconf 80' lang='lat' dir='ltr'><strong>Animosa</strong></span> <span class='ocrx_word' id='word_1_309' title='bbox 2760 1405 2941 1452; x_wconf 90' lang='lat' dir='ltr'><strong>autem</strong></span> <span class='ocrx_word' id='word_1_310' title='bbox 2984 1413 3081 1466; x_wconf 76' lang='lat' dir='ltr'><strong>seu</strong></span> <span class='ocrx_word' id='word_1_311' title='bbox 3135 1398 3426 1453; x_wconf 88' lang='lat' dir='ltr'><strong>irascentis</strong></span> <span class='ocrx_word' id='word_1_312' title='bbox 3463 1399 3638 1468; x_wconf 79' lang='lat' dir='ltr'><strong>partis</strong></span> 
     </span>
    </p>
   </div>
   <div class='ocr_carea' id='block_1_43' title="bbox 2063 1489 3636 1551">
    <p class='ocr_par' dir='ltr' id='par_1_43' title="bbox 2063 1489 3636 1551">
     <span class='ocr_line' id='line_1_43' title="bbox 2063 1489 3636 1551; baseline -0.001 -5"><span class='ocrx_word' id='word_1_313' title='bbox 2063 1501 2212 1548; x_wconf 88' lang='lat' dir='ltr'><strong>recta</strong></span> <span class='ocrx_word' id='word_1_314' title='bbox 2244 1499 2300 1546; x_wconf 91' lang='lat' dir='ltr'><strong>et</strong></span> <span class='ocrx_word' id='word_1_315' title='bbox 2337 1507 2404 1546; x_wconf 82' lang='lat' dir='ltr'><strong>ex</strong></span> <span class='ocrx_word' id='word_1_316' title='bbox 2436 1491 2638 1544; x_wconf 89' lang='lat' dir='ltr'><strong>virtute</strong></span> <span class='ocrx_word' id='word_1_317' title='bbox 2667 1491 2807 1544; x_wconf 88' lang='lat' dir='ltr'><strong>actio</strong></span> <span class='ocrx_word' id='word_1_318' title='bbox 2833 1497 2938 1551; x_wconf 88' lang='lat' dir='ltr'><strong>est,</strong></span> <span class='ocrx_word' id='word_1_319' title='bbox 2975 1489 3102 1542; x_wconf 89' lang='lat' dir='ltr'><strong>mali</strong></span> <span class='ocrx_word' id='word_1_320' title='bbox 3138 1489 3322 1544; x_wconf 89' lang='lat' dir='ltr'><strong>odium</strong></span> <span class='ocrx_word' id='word_1_321' title='bbox 3354 1499 3407 1544; x_wconf 89' lang='lat' dir='ltr'><strong>et</strong></span> <span class='ocrx_word' id='word_1_322' title='bbox 3433 1491 3636 1544; x_wconf 88' lang='lat' dir='ltr'><strong>bellum</strong></span> 
     </span>
    </p>
   </div>
   <div class='ocr_carea' id='block_1_44' title="bbox 2062 1579 3638 1652">
    <p class='ocr_par' dir='ltr' id='par_1_44' title="bbox 2062 1579 3638 1652">
     <span class='ocr_line' id='line_1_44' title="bbox 2062 1579 3638 1652; baseline -0.002 -13"><span class='ocrx_word' id='word_1_323' title='bbox 2062 1599 2187 1639; x_wconf 90' lang='lat' dir='ltr'><strong>cum</strong></span> <span class='ocrx_word' id='word_1_324' title='bbox 2225 1584 2392 1638; x_wconf 89' lang='lat' dir='ltr'><strong>animi</strong></span> <span class='ocrx_word' id='word_1_325' title='bbox 2416 1581 2940 1652; x_wconf 86' lang='lat' dir='ltr'><strong>perturbationibus,</strong></span> <span class='ocrx_word' id='word_1_326' title='bbox 2980 1588 3035 1636; x_wconf 87' lang='lat' dir='ltr'><strong>et</strong></span> <span class='ocrx_word' id='word_1_327' title='bbox 3074 1580 3141 1634; x_wconf 89' lang='lat' dir='ltr'><strong>ad</strong></span> <span class='ocrx_word' id='word_1_328' title='bbox 3179 1579 3551 1636; x_wconf 82' lang='lat' dir='ltr'><strong>fortitudinem</strong></span> <span class='ocrx_word' id='word_1_329' title='bbox 3582 1581 3638 1636; x_wconf 88' lang='lat' dir='ltr'><strong>in</strong></span> 
     </span>
    </p>
   </div>
   <div class='ocr_carea' id='block_1_45' title="bbox 2062 1673 3635 1743">
    <p class='ocr_par' dir='ltr' id='par_1_45' title="bbox 2062 1673 3635 1743">
     <span class='ocr_line' id='line_1_45' title="bbox 2062 1673 3635 1743; baseline -0.002 -14"><span class='ocrx_word' id='word_1_330' title='bbox 2062 1692 2128 1730; x_wconf 90' lang='lat' dir='ltr'><strong>eo</strong></span> <span class='ocrx_word' id='word_1_331' title='bbox 2150 1691 2272 1730; x_wconf 87' lang='lat' dir='ltr'><strong>esse</strong></span> <span class='ocrx_word' id='word_1_332' title='bbox 2294 1676 2666 1730; x_wconf 83' lang='lat' dir='ltr'><strong>conﬁrmatam</strong></span> <span class='ocrx_word' id='word_1_333' title='bbox 2691 1674 2952 1736; x_wconf 86' lang='lat' dir='ltr'><strong>animam,</strong></span> <span class='ocrx_word' id='word_1_334' title='bbox 2975 1680 3034 1727; x_wconf 90' lang='lat' dir='ltr'><strong>ut</strong></span> <span class='ocrx_word' id='word_1_335' title='bbox 3053 1688 3115 1728; x_wconf 88' lang='lat' dir='ltr'><strong>ea</strong></span> <span class='ocrx_word' id='word_1_336' title='bbox 3149 1688 3256 1726; x_wconf 91' lang='lat' dir='ltr'><strong>non</strong></span> <span class='ocrx_word' id='word_1_337' title='bbox 3285 1673 3635 1743; x_wconf 83' lang='lat' dir='ltr'><strong>pertimescat</strong></span> 
     </span>
    </p>
   </div>
   <div class='ocr_carea' id='block_1_46' title="bbox 2063 1765 3639 1837">
    <p class='ocr_par' dir='ltr' id='par_1_46' title="bbox 2063 1765 3639 1837">
     <span class='ocr_line' id='line_1_46' title="bbox 2063 1765 3639 1837; baseline -0.001 -18"><span class='ocrx_word' id='word_1_338' title='bbox 2063 1782 2184 1835; x_wconf 85' lang='lat' dir='ltr'><strong>qua</strong></span> <span class='ocrx_word' id='word_1_339' title='bbox 2234 1769 2392 1837; x_wconf 81' lang='lat' dir='ltr'><strong>vulgo</strong></span> <span class='ocrx_word' id='word_1_340' title='bbox 2438 1766 2696 1822; x_wconf 86' lang='lat' dir='ltr'><strong>terribilia</strong></span> <span class='ocrx_word' id='word_1_341' title='bbox 2725 1765 3004 1831; x_wconf 87' lang='lat' dir='ltr'><strong>videntur,</strong></span> <span class='ocrx_word' id='word_1_342' title='bbox 3043 1766 3134 1820; x_wconf 90' lang='lat' dir='ltr'><strong>sed</strong></span> <span class='ocrx_word' id='word_1_343' title='bbox 3177 1781 3348 1832; x_wconf 84' lang='lat' dir='ltr'><strong>usque</strong></span> <span class='ocrx_word' id='word_1_344' title='bbox 3391 1765 3459 1818; x_wconf 88' lang='lat' dir='ltr'><strong>ad</strong></span> <span class='ocrx_word' id='word_1_345' title='bbox 3509 1780 3639 1818; x_wconf 88' lang='lat' dir='ltr'><strong>sau-</strong></span> 
     </span>
    </p>
   </div>
   <div class='ocr_carea' id='block_1_47' title="bbox 2063 1857 3639 1930">
    <p class='ocr_par' dir='ltr' id='par_1_47' title="bbox 2063 1857 3639 1930">
     <span class='ocr_line' id='line_1_47' title="bbox 2063 1857 3639 1930; baseline -0.002 -18"><span class='ocrx_word' id='word_1_346' title='bbox 2063 1862 2281 1930; x_wconf 87' lang='lat' dir='ltr'><strong>guinem</strong></span> <span class='ocrx_word' id='word_1_347' title='bbox 2325 1870 2548 1928; x_wconf 85' lang='lat' dir='ltr'><strong>peccato</strong></span> <span class='ocrx_word' id='word_1_348' title='bbox 2595 1860 2864 1912; x_wconf 81' lang='lat' dir='ltr'><strong>resistat:</strong></span> <span class='ocrx_word' id='word_1_349' title='bbox 2903 1857 3097 1912; x_wconf 91' lang='lat' dir='ltr'><strong>mortis</strong></span> <span class='ocrx_word' id='word_1_350' title='bbox 3143 1867 3324 1911; x_wconf 89' lang='lat' dir='ltr'><strong>autem</strong></span> <span class='ocrx_word' id='word_1_351' title='bbox 3363 1857 3541 1910; x_wconf 87' lang='lat' dir='ltr'><strong>minas</strong></span> <span class='ocrx_word' id='word_1_352' title='bbox 3582 1863 3639 1910; x_wconf 86' lang='lat' dir='ltr'><strong>et</strong></span> 
     </span>
    </p>
   </div>
   <div class='ocr_carea' id='block_1_48' title="bbox 2064 1947 3633 2023">
    <p class='ocr_par' dir='ltr' id='par_1_48' title="bbox 2064 1947 3633 2023">
     <span class='ocr_line' id='line_1_48' title="bbox 2064 1947 3633 2023; baseline -0.001 -19"><span class='ocrx_word' id='word_1_353' title='bbox 2064 1953 2246 2023; x_wconf 78' lang='lat' dir='ltr'><strong>gravia</strong></span> <span class='ocrx_word' id='word_1_354' title='bbox 2286 1949 2556 2020; x_wconf 79' lang='lat' dir='ltr'><strong>supplicia</strong></span> <span class='ocrx_word' id='word_1_355' title='bbox 2587 1957 2933 2013; x_wconf 87' lang='lat' dir='ltr'><strong>contemnat;</strong></span> <span class='ocrx_word' id='word_1_356' title='bbox 2968 1955 3022 2002; x_wconf 92' lang='lat' dir='ltr'><strong>et</strong></span> <span class='ocrx_word' id='word_1_357' title='bbox 3057 1962 3089 2000; x_wconf 88' lang='lat' dir='ltr'><strong>a</strong></span> <span class='ocrx_word' id='word_1_358' title='bbox 3140 1948 3306 2003; x_wconf 87' lang='lat' dir='ltr'><strong>rebus</strong></span> <span class='ocrx_word' id='word_1_359' title='bbox 3336 1947 3633 2016; x_wconf 63' lang='lat' dir='ltr'><strong>jucundiso</strong></span> 
     </span>
    </p>
   </div>
   <div class='ocr_carea' id='block_1_49' title="bbox 2063 2041 3630 2111">
    <p class='ocr_par' dir='ltr' id='par_1_49' title="bbox 2063 2041 3630 2111">
     <span class='ocr_line' id='line_1_49' title="bbox 2063 2041 3630 2111; baseline -0.003 -13"><span class='ocrx_word' id='word_1_360' title='bbox 2063 2045 2241 2106; x_wconf 86' lang='lat' dir='ltr'><strong>simis,</strong></span> <span class='ocrx_word' id='word_1_361' title='bbox 2279 2043 2671 2111; x_wconf 70' lang='lat' dir='ltr'><strong>disiunctione,</strong></span> <span class='ocrx_word' id='word_1_362' title='bbox 2705 2048 2760 2095; x_wconf 88' lang='lat' dir='ltr'><strong>et</strong></span> <span class='ocrx_word' id='word_1_363' title='bbox 2797 2041 3073 2103; x_wconf 91' lang='lat' dir='ltr'><strong>omnibus,</strong></span> <span class='ocrx_word' id='word_1_364' title='bbox 3116 2049 3175 2094; x_wconf 92' lang='lat' dir='ltr'><strong>ut</strong></span> <span class='ocrx_word' id='word_1_365' title='bbox 3216 2041 3384 2096; x_wconf 91' lang='lat' dir='ltr'><strong>semel</strong></span> <span class='ocrx_word' id='word_1_366' title='bbox 3428 2041 3630 2103; x_wconf 89' lang='lat' dir='ltr'><strong>dicam,</strong></span> 
     </span>
    </p>
   </div>
   <div class='ocr_carea' id='block_1_50' title="bbox 2063 2131 3633 2204">
    <p class='ocr_par' dir='ltr' id='par_1_50' title="bbox 2063 2131 3633 2204">
     <span class='ocr_line' id='line_1_50' title="bbox 2063 2131 3633 2204; baseline -0.001 -16"><span class='ocrx_word' id='word_1_367' title='bbox 2063 2149 2184 2204; x_wconf 84' lang='lat' dir='ltr'><strong>qua</strong></span> <span class='ocrx_word' id='word_1_368' title='bbox 2207 2140 2428 2204; x_wconf 89' lang='lat' dir='ltr'><strong>propter</strong></span> <span class='ocrx_word' id='word_1_369' title='bbox 2445 2133 2682 2202; x_wconf 84' lang='lat' dir='ltr'><strong>aliquam</strong></span> <span class='ocrx_word' id='word_1_370' title='bbox 2706 2131 3152 2187; x_wconf 90' lang='lat' dir='ltr'><strong>consuetudinem</strong></span> <span class='ocrx_word' id='word_1_371' title='bbox 3199 2141 3253 2185; x_wconf 89' lang='lat' dir='ltr'><strong>et</strong></span> <span class='ocrx_word' id='word_1_372' title='bbox 3283 2133 3633 2201; x_wconf 85' lang='lat' dir='ltr'><strong>anticipatam</strong></span> 
     </span>
    </p>
   </div>
   <div class='ocr_carea' id='block_1_51' title="bbox 2061 2223 3634 2294">
    <p class='ocr_par' dir='ltr' id='par_1_51' title="bbox 2061 2223 3634 2294">
     <span class='ocr_line' id='line_1_51' title="bbox 2061 2223 3634 2294; baseline 0 -16"><span class='ocrx_word' id='word_1_373' title='bbox 2061 2225 2374 2294; x_wconf 91' lang='lat' dir='ltr'><strong>opinionem</strong></span> <span class='ocrx_word' id='word_1_374' title='bbox 2421 2226 2624 2279; x_wconf 91' lang='lat' dir='ltr'><strong>multos</strong></span> <span class='ocrx_word' id='word_1_375' title='bbox 2682 2225 2738 2278; x_wconf 92' lang='lat' dir='ltr'><strong>in</strong></span> <span class='ocrx_word' id='word_1_376' title='bbox 2788 2225 3069 2293; x_wconf 85' lang='lat' dir='ltr'><strong>voluptate</strong></span> <span class='ocrx_word' id='word_1_377' title='bbox 3115 2224 3379 2290; x_wconf 82' lang='lat' dir='ltr'><strong>detinent,</strong></span> <span class='ocrx_word' id='word_1_378' title='bbox 3415 2223 3488 2280; x_wconf 87' lang='lat' dir='ltr'><strong>sit</strong></span> <span class='ocrx_word' id='word_1_379' title='bbox 3535 2240 3634 2278; x_wconf 67' lang='lat' dir='ltr'><strong>suo</strong></span> 
     </span>
    </p>
   </div>
   <div class='ocr_carea' id='block_1_52' title="bbox 2062 2314 3632 2386">
    <p class='ocr_par' dir='ltr' id='par_1_52' title="bbox 2062 2314 3632 2386">
     <span class='ocr_line' id='line_1_52' title="bbox 2062 2314 3632 2386; baseline 0.001 -16"><span class='ocrx_word' id='word_1_380' title='bbox 2062 2317 2263 2386; x_wconf 84' lang='lat' dir='ltr'><strong>perior,</strong></span> <span class='ocrx_word' id='word_1_381' title='bbox 2304 2332 2401 2386; x_wconf 88' lang='lat' dir='ltr'><strong>pro</strong></span> <span class='ocrx_word' id='word_1_382' title='bbox 2430 2316 2539 2372; x_wconf 79' lang='lat' dir='ltr'><strong>(ide</strong></span> <span class='ocrx_word' id='word_1_383' title='bbox 2564 2323 2618 2372; x_wconf 90' lang='lat' dir='ltr'><strong>et</strong></span> <span class='ocrx_word' id='word_1_384' title='bbox 2647 2317 2848 2371; x_wconf 87' lang='lat' dir='ltr'><strong>virtute</strong></span> <span class='ocrx_word' id='word_1_385' title='bbox 2895 2316 3205 2372; x_wconf 85' lang='lat' dir='ltr'><strong>decertans.</strong></span> <span class='ocrx_word' id='word_1_386' title='bbox 3241 2314 3417 2385; x_wconf 84' lang='lat' dir='ltr'><strong>Hujus</strong></span> <span class='ocrx_word' id='word_1_387' title='bbox 3450 2323 3632 2371; x_wconf 90' lang='lat' dir='ltr'><strong>autem</strong></span> 
     </span>
    </p>
   </div>
   <div class='ocr_carea' id='block_1_53' title="bbox 2061 2407 3632 2480">
    <p class='ocr_par' dir='ltr' id='par_1_53' title="bbox 2061 2407 3632 2480">
     <span class='ocr_line' id='line_1_53' title="bbox 2061 2407 3632 2480; baseline -0.003 -18"><span class='ocrx_word' id='word_1_388' title='bbox 2061 2410 2237 2480; x_wconf 87' lang='lat' dir='ltr'><strong>partis</strong></span> <span class='ocrx_word' id='word_1_389' title='bbox 2278 2408 2660 2480; x_wconf 88' lang='lat' dir='ltr'><strong>prolapsiones</strong></span> <span class='ocrx_word' id='word_1_390' title='bbox 2688 2409 2944 2465; x_wconf 86' lang='lat' dir='ltr'><strong>omnibus</strong></span> <span class='ocrx_word' id='word_1_391' title='bbox 2977 2415 3180 2478; x_wconf 81' lang='lat' dir='ltr'><strong>aperta</strong></span> <span class='ocrx_word' id='word_1_392' title='bbox 3215 2417 3364 2469; x_wconf 90' lang='lat' dir='ltr'><strong>sunt,</strong></span> <span class='ocrx_word' id='word_1_393' title='bbox 3398 2407 3632 2468; x_wconf 82' lang='lat' dir='ltr'><strong>invidia,</strong></span> 
     </span>
    </p>
   </div>
   <div class='ocr_carea' id='block_1_54' title="bbox 2062 2500 3639 2567">
    <p class='ocr_par' dir='ltr' id='par_1_54' title="bbox 2062 2500 3639 2567">
     <span class='ocr_line' id='line_1_54' title="bbox 2062 2500 3639 2567; baseline -0.002 -12"><span class='ocrx_word' id='word_1_394' title='bbox 2062 2503 2269 2567; x_wconf 87' lang='lat' dir='ltr'><strong>ouium,</strong></span> <span class='ocrx_word' id='word_1_395' title='bbox 2324 2503 2427 2564; x_wconf 91' lang='lat' dir='ltr'><strong>ira,</strong></span> <span class='ocrx_word' id='word_1_396' title='bbox 2479 2500 2751 2563; x_wconf 88' lang='lat' dir='ltr'><strong>convicia,</strong></span> <span class='ocrx_word' id='word_1_397' title='bbox 2800 2501 3121 2566; x_wconf 88' lang='lat' dir='ltr'><strong>certamina,</strong></span> <span class='ocrx_word' id='word_1_398' title='bbox 3173 2501 3530 2555; x_wconf 87' lang='lat' dir='ltr'><strong>contentiosa</strong></span> <span class='ocrx_word' id='word_1_399' title='bbox 3582 2509 3639 2552; x_wconf 84' lang='lat' dir='ltr'><strong>et</strong></span> 
     </span>
    </p>
   </div>
   <div class='ocr_carea' id='block_1_55' title="bbox 2063 2589 3641 2662">
    <p class='ocr_par' dir='ltr' id='par_1_55' title="bbox 2063 2589 3641 2662">
     <span class='ocr_line' id='line_1_55' title="bbox 2063 2589 3641 2662; baseline -0.003 -16"><span class='ocrx_word' id='word_1_400' title='bbox 2063 2593 2289 2646; x_wconf 89' lang='lat' dir='ltr'><strong>ultionis</strong></span> <span class='ocrx_word' id='word_1_401' title='bbox 2331 2599 2650 2662; x_wconf 84' lang='lat' dir='ltr'><strong>appetentes</strong></span> <span class='ocrx_word' id='word_1_402' title='bbox 2686 2589 3025 2655; x_wconf 67' lang='lat' dir='ltr'><strong>affectiones,</strong></span> <span class='ocrx_word' id='word_1_403' title='bbox 3067 2606 3190 2660; x_wconf 86' lang='lat' dir='ltr'><strong>qua</strong></span> <span class='ocrx_word' id='word_1_404' title='bbox 3223 2597 3462 2661; x_wconf 81' lang='lat' dir='ltr'><strong>accepta</strong></span> <span class='ocrx_word' id='word_1_405' title='bbox 3500 2589 3641 2660; x_wconf 84' lang='lat' dir='ltr'><strong>inju-</strong></span> 
     </span>
    </p>
   </div>
   <div class='ocr_carea' id='block_1_56' title="bbox 2066 2680 3640 2752">
    <p class='ocr_par' dir='ltr' id='par_1_56' title="bbox 2066 2680 3640 2752">
     <span class='ocr_line' id='line_1_56' title="bbox 2066 2680 3640 2752; baseline -0.002 -15"><span class='ocrx_word' id='word_1_406' title='bbox 2066 2683 2161 2738; x_wconf 86' lang='lat' dir='ltr'><strong>ria</strong></span> <span class='ocrx_word' id='word_1_407' title='bbox 2210 2682 2644 2738; x_wconf 86' lang='lat' dir='ltr'><strong>recordationem</strong></span> <span class='ocrx_word' id='word_1_408' title='bbox 2691 2682 2851 2752; x_wconf 85' lang='lat' dir='ltr'><strong>longe</strong></span> <span class='ocrx_word' id='word_1_409' title='bbox 2893 2681 3214 2744; x_wconf 76' lang='lat' dir='ltr'><strong>extendunt,</strong></span> <span class='ocrx_word' id='word_1_410' title='bbox 3244 2688 3298 2736; x_wconf 91' lang='lat' dir='ltr'><strong>et</strong></span> <span class='ocrx_word' id='word_1_411' title='bbox 3334 2681 3536 2736; x_wconf 91' lang='lat' dir='ltr'><strong>multos</strong></span> <span class='ocrx_word' id='word_1_412' title='bbox 3569 2680 3640 2735; x_wconf 85' lang='lat' dir='ltr'><strong>ad</strong></span> 
     </span>
    </p>
   </div>
   <div class='ocr_carea' id='block_1_57' title="bbox 2065 2772 3638 2842">
    <p class='ocr_par' dir='ltr' id='par_1_57' title="bbox 2065 2772 3638 2842">
     <span class='ocr_line' id='line_1_57' title="bbox 2065 2772 3638 2842; baseline -0.001 -14"><span class='ocrx_word' id='word_1_413' title='bbox 2065 2775 2268 2829; x_wconf 85' lang='lat' dir='ltr'><strong>cadem</strong></span> <span class='ocrx_word' id='word_1_414' title='bbox 2313 2780 2368 2828; x_wconf 87' lang='lat' dir='ltr'><strong>et</strong></span> <span class='ocrx_word' id='word_1_415' title='bbox 2435 2772 2756 2842; x_wconf 86' lang='lat' dir='ltr'><strong>sanguinem</strong></span> <span class='ocrx_word' id='word_1_416' title='bbox 2817 2773 3068 2826; x_wconf 89' lang='lat' dir='ltr'><strong>incitant.</strong></span> <span class='ocrx_word' id='word_1_417' title='bbox 3120 2772 3257 2826; x_wconf 92' lang='lat' dir='ltr'><strong>Dum</strong></span> <span class='ocrx_word' id='word_1_418' title='bbox 3316 2772 3462 2826; x_wconf 87' lang='lat' dir='ltr'><strong>enim</strong></span> <span class='ocrx_word' id='word_1_419' title='bbox 3527 2787 3638 2827; x_wconf 89' lang='lat' dir='ltr'><strong>non</strong></span> 
     </span>
    </p>
   </div>
   <div class='ocr_carea' id='block_1_58' title="bbox 2067 2863 3639 2934">
    <p class='ocr_par' dir='ltr' id='par_1_58' title="bbox 2067 2863 3639 2934">
     <span class='ocr_line' id='line_1_58' title="bbox 2067 2863 3639 2934; baseline -0.001 -13"><span class='ocrx_word' id='word_1_420' title='bbox 2067 2867 2336 2921; x_wconf 88' lang='lat' dir='ltr'><strong>inveniret</strong></span> <span class='ocrx_word' id='word_1_421' title='bbox 2371 2866 2540 2921; x_wconf 88' lang='lat' dir='ltr'><strong>stulta</strong></span> <span class='ocrx_word' id='word_1_422' title='bbox 2569 2875 2624 2920; x_wconf 94' lang='lat' dir='ltr'><strong>et</strong></span> <span class='ocrx_word' id='word_1_423' title='bbox 2657 2864 2927 2919; x_wconf 91' lang='lat' dir='ltr'><strong>inerudita</strong></span> <span class='ocrx_word' id='word_1_424' title='bbox 2974 2863 3117 2917; x_wconf 85' lang='lat' dir='ltr'><strong>ratio</strong></span> <span class='ocrx_word' id='word_1_425' title='bbox 3161 2864 3438 2934; x_wconf 91' lang='lat' dir='ltr'><strong>quomodo</strong></span> <span class='ocrx_word' id='word_1_426' title='bbox 3467 2866 3639 2920; x_wconf 62' lang='lat' dir='ltr'><strong>armis</strong></span> 
     </span>
    </p>
   </div>
   <div class='ocr_carea' id='block_1_59' title="bbox 2067 2957 3638 3023">
    <p class='ocr_par' dir='ltr' id='par_1_59' title="bbox 2067 2957 3638 3023">
     <span class='ocr_line' id='line_1_59' title="bbox 2067 2957 3638 3023; baseline -0.004 -8"><span class='ocrx_word' id='word_1_427' title='bbox 2067 2961 2184 3015; x_wconf 86' lang='lat' dir='ltr'><strong>suis</strong></span> <span class='ocrx_word' id='word_1_428' title='bbox 2213 2960 2421 3013; x_wconf 90' lang='lat' dir='ltr'><strong>utiliter</strong></span> <span class='ocrx_word' id='word_1_429' title='bbox 2467 2964 2733 3023; x_wconf 85' lang='lat' dir='ltr'><strong>uteretur,</strong></span> <span class='ocrx_word' id='word_1_430' title='bbox 2775 2957 2904 3011; x_wconf 78' lang='lat' dir='ltr'><strong>ferri</strong></span> <span class='ocrx_word' id='word_1_431' title='bbox 2941 2957 3111 3012; x_wconf 84' lang='lat' dir='ltr'><strong>aciem</strong></span> <span class='ocrx_word' id='word_1_432' title='bbox 3143 2957 3199 3010; x_wconf 88' lang='lat' dir='ltr'><strong>in</strong></span> <span class='ocrx_word' id='word_1_433' title='bbox 3243 2971 3304 3011; x_wconf 87' lang='lat' dir='ltr'><strong>se</strong></span> <span class='ocrx_word' id='word_1_434' title='bbox 3335 2958 3638 3023; x_wconf 80' lang='lat' dir='ltr'><strong>convertit;</strong></span> 
     </span>
    </p>
   </div>
   <div class='ocr_carea' id='block_1_60' title="bbox 398 3047 2972 3124">
    <p class='ocr_par' dir='ltr' id='par_1_60' title="bbox 398 3047 2972 3124">
     <span class='ocr_line' id='line_1_60' title="bbox 398 3047 2972 3124; baseline 0 -25"><span class='ocrx_word' id='word_1_435' title='bbox 398 3061 571 3114; x_wconf 86' lang='lat' dir='ltr'><strong>eaque</strong></span> <span class='ocrx_word' id='word_1_436' title='bbox 619 3061 791 3110; x_wconf 86' lang='lat' dir='ltr'><strong>arma,</strong></span> <span class='ocrx_word' id='word_1_437' title='bbox 829 3063 948 3116; x_wconf 79' lang='lat' dir='ltr'><strong>qua</strong></span> <span class='ocrx_word' id='word_1_438' title='bbox 985 3050 1140 3103; x_wconf 86' lang='lat' dir='ltr'><strong>nobis</strong></span> <span class='ocrx_word' id='word_1_439' title='bbox 1187 3064 1216 3100; x_wconf 87' lang='lat' dir='ltr'><strong>a</strong></span> <span class='ocrx_word' id='word_1_440' title='bbox 1260 3049 1368 3103; x_wconf 85' lang='lat' dir='ltr'><strong>Deo</strong></span> <span class='ocrx_word' id='word_1_441' title='bbox 1421 3051 1556 3111; x_wconf 60' lang='lat' dir='ltr'><strong>data.</strong></span> <span class='ocrx_word' id='word_1_442' title='bbox 1595 3063 1742 3116; x_wconf 87' lang='lat' dir='ltr'><strong>sunt,</strong></span> <span class='ocrx_word' id='word_1_443' title='bbox 1778 3053 1827 3108; x_wconf 90' lang='lat' dir='ltr'><strong>ei</strong></span> <span class='ocrx_word' id='word_1_444' title='bbox 1875 3054 1969 3124; x_wconf 88' lang='lat' dir='ltr'><strong>qui</strong></span> <span class='ocrx_word' id='word_1_445' title='bbox 2028 3053 2170 3107; x_wconf 90' lang='lat' dir='ltr'><strong>male</strong></span> <span class='ocrx_word' id='word_1_446' title='bbox 2214 3051 2383 3105; x_wconf 91' lang='lat' dir='ltr'><strong>utitur</strong></span> <span class='ocrx_word' id='word_1_447' title='bbox 2428 3049 2655 3104; x_wconf 80' lang='lat' dir='ltr'><strong>exitium</strong></span> <span class='ocrx_word' id='word_1_448' title='bbox 2720 3047 2972 3102; x_wconf 70' lang='lat' dir='ltr'><strong>afferunt.</strong></span> 
     </span>
    </p>
   </div>
   <div class='ocr_carea' id='block_1_61' title="bbox 466 3138 1960 3216">
    <p class='ocr_par' dir='ltr' id='par_1_61' title="bbox 466 3138 1960 3216">
     <span class='ocr_line' id='line_1_61' title="bbox 466 3138 1960 3216; baseline 0.007 -26"><span class='ocrx_word' id='word_1_449' title='bbox 466 3138 680 3192; x_wconf 83' lang='grc' dir='ltr'>Τούτων</span> <span class='ocrx_word' id='word_1_450' title='bbox 703 3140 879 3192; x_wconf 86' lang='grc' dir='ltr'>τοίνυν</span> <span class='ocrx_word' id='word_1_451' title='bbox 905 3140 1044 3194; x_wconf 86' lang='grc' dir='ltr'><strong>κατά</strong></span> <span class='ocrx_word' id='word_1_452' title='bbox 1067 3142 1157 3195; x_wconf 86' lang='grc' dir='ltr'><strong>τὸν</strong></span> <span class='ocrx_word' id='word_1_453' title='bbox 1184 3143 1470 3214; x_wconf 75' lang='grc' dir='ltr'>εἰρημένον</span> <span class='ocrx_word' id='word_1_454' title='bbox 1501 3145 1960 3216; x_wconf 83' lang='grc' dir='ltr'>διακρινηθέντων</span> 
     </span>
    </p>
   </div>
   <div class='ocr_carea' id='block_1_62' title="bbox 394 3230 1966 3308">
    <p class='ocr_par' dir='ltr' id='par_1_62' title="bbox 394 3230 1966 3308">
     <span class='ocr_line' id='line_1_62' title="bbox 394 3230 1966 3308; baseline 0.005 -25"><span class='ocrx_word' id='word_1_455' title='bbox 394 3230 613 3302; x_wconf 79' lang='grc' dir='ltr'>τρόπον,</span> <span class='ocrx_word' id='word_1_456' title='bbox 635 3232 736 3284; x_wconf 80' lang='grc' dir='ltr'>ὅσα</span> <span class='ocrx_word' id='word_1_457' title='bbox 762 3233 858 3302; x_wconf 90' lang='grc' dir='ltr'>μέν</span> <span class='ocrx_word' id='word_1_458' title='bbox 887 3233 1259 3304; x_wconf 85' lang='grc' dir='ltr'>ἁμαρτήματα</span> <span class='ocrx_word' id='word_1_459' title='bbox 1281 3234 1374 3286; x_wconf 79' lang='grc' dir='ltr'>τοῦ</span> <span class='ocrx_word' id='word_1_460' title='bbox 1395 3234 1702 3303; x_wconf 80' lang='grc' dir='ltr'>λογιστικοῦ</span> <span class='ocrx_word' id='word_1_461' title='bbox 1737 3238 1837 3307; x_wconf 85' lang='grc' dir='ltr'><strong>τῆς</strong></span> <span class='ocrx_word' id='word_1_462' title='bbox 1864 3238 1966 3308; x_wconf 81' lang='grc' dir='ltr'><strong>ψυ-</strong></span> 
     </span>
    </p>
   </div>
   <div class='ocr_carea' id='block_1_63' title="bbox 395 3324 1965 3402">
    <p class='ocr_par' dir='ltr' id='par_1_63' title="bbox 395 3324 1965 3402">
     <span class='ocr_line' id='line_1_63' title="bbox 395 3324 1965 3402; baseline 0.005 -26"><span class='ocrx_word' id='word_1_463' title='bbox 395 3325 494 3393; x_wconf 84' lang='grc' dir='ltr'><strong>χῆς</strong></span> <span class='ocrx_word' id='word_1_464' title='bbox 523 3324 750 3377; x_wconf 74' lang='grc' dir='ltr'>ἀπτεται</span> <span class='ocrx_word' id='word_1_465' title='bbox 780 3325 997 3394; x_wconf 82' lang='grc' dir='ltr'>μέρους,</span> <span class='ocrx_word' id='word_1_466' title='bbox 1015 3325 1364 3397; x_wconf 72' lang='grc' dir='ltr'>χαλεπώτερα</span> <span class='ocrx_word' id='word_1_467' title='bbox 1386 3328 1537 3396; x_wconf 86' lang='grc' dir='ltr'><strong>παρά</strong></span> <span class='ocrx_word' id='word_1_468' title='bbox 1564 3329 1672 3381; x_wconf 89' lang='grc' dir='ltr'><strong>τῶν</strong></span> <span class='ocrx_word' id='word_1_469' title='bbox 1703 3331 1965 3402; x_wconf 91' lang='grc' dir='ltr'>Πατέρων</span> 
     </span>
    </p>
   </div>
   <div class='ocr_carea' id='block_1_64' title="bbox 397 3411 1966 3489">
    <p class='ocr_par' dir='ltr' id='par_1_64' title="bbox 397 3411 1966 3489">
     <span class='ocr_line' id='line_1_64' title="bbox 397 3411 1966 3489; baseline 0.004 -25"><span class='ocrx_word' id='word_1_470' title='bbox 397 3413 607 3483; x_wconf 86' lang='grc' dir='ltr'>ἐκρίθη,</span> <span class='ocrx_word' id='word_1_471' title='bbox 639 3413 730 3465; x_wconf 75' lang='grc' dir='ltr'><strong>καί.</strong></span> <span class='ocrx_word' id='word_1_472' title='bbox 764 3411 1004 3482; x_wconf 82' lang='grc' dir='ltr'>μείζονος</span> <span class='ocrx_word' id='word_1_473' title='bbox 1031 3417 1123 3466; x_wconf 78' lang='grc' dir='ltr'>καὶ</span> <span class='ocrx_word' id='word_1_474' title='bbox 1151 3413 1434 3489; x_wconf 72' lang='grc' dir='ltr'>διαρκεστέ</span> <span class='ocrx_word' id='word_1_475' title='bbox 1445 3433 1540 3486; x_wconf 91' lang='grc' dir='ltr'><strong>ρας</strong></span> <span class='ocrx_word' id='word_1_476' title='bbox 1568 3417 1660 3469; x_wconf 80' lang='grc' dir='ltr'>καὶ</span> <span class='ocrx_word' id='word_1_477' title='bbox 1691 3419 1966 3471; x_wconf 80' lang='grc' dir='ltr'>ἐπιπονω-</span> 
     </span>
    </p>
   </div>
   <div class='ocr_carea' id='block_1_65' title="bbox 397 3499 1966 3579">
    <p class='ocr_par' dir='ltr' id='par_1_65' title="bbox 397 3499 1966 3579">
     <span class='ocr_line' id='line_1_65' title="bbox 397 3499 1966 3579; baseline 0.004 -24"><span class='ocrx_word' id='word_1_478' title='bbox 397 3503 556 3572; x_wconf 85' lang='grc' dir='ltr'>τέρας</span> <span class='ocrx_word' id='word_1_479' title='bbox 581 3505 677 3574; x_wconf 89' lang='grc' dir='ltr'><strong>τῆς</strong></span> <span class='ocrx_word' id='word_1_480' title='bbox 701 3505 1030 3575; x_wconf 77' lang='grc' dir='ltr'>ἐπιστροφῆς</span> <span class='ocrx_word' id='word_1_481' title='bbox 1052 3505 1176 3570; x_wconf 78' lang='grc' dir='ltr'>ἄξια</span> <span class='ocrx_word' id='word_1_482' title='bbox 1196 3524 1210 3536; x_wconf 90' lang='grc'><strong>·</strong></span> <span class='ocrx_word' id='word_1_483' title='bbox 1245 3499 1353 3558; x_wconf 78' lang='grc' dir='ltr'>οἷον</span> <span class='ocrx_word' id='word_1_484' title='bbox 1381 3506 1434 3557; x_wconf 76' lang='grc' dir='ltr'>εἴ</span> <span class='ocrx_word' id='word_1_485' title='bbox 1458 3525 1541 3569; x_wconf 89' lang='grc' dir='ltr'><strong>τις</strong></span> <span class='ocrx_word' id='word_1_486' title='bbox 1570 3509 1840 3578; x_wconf 75' lang='grc' dir='ltr'>ἠρνήσατο</span> <span class='ocrx_word' id='word_1_487' title='bbox 1867 3510 1966 3579; x_wconf 78' lang='grc' dir='ltr'>τὴν</span> 
     </span>
    </p>
   </div>
   <div class='ocr_carea' id='block_1_66' title="bbox 398 3596 1966 3671">
    <p class='ocr_par' dir='ltr' id='par_1_66' title="bbox 398 3596 1966 3671">
     <span class='ocr_line' id='line_1_66' title="bbox 398 3596 1966 3671; baseline 0.004 -24"><span class='ocrx_word' id='word_1_488' title='bbox 398 3598 476 3658; x_wconf 87' lang='grc' dir='ltr'><strong>εἰς</strong></span> <span class='ocrx_word' id='word_1_489' title='bbox 502 3596 731 3665; x_wconf 78' lang='grc' dir='ltr'>Χριστὸν</span> <span class='ocrx_word' id='word_1_490' title='bbox 765 3597 964 3660; x_wconf 89' lang='grc' dir='ltr'>πίστιν,</span> <span class='ocrx_word' id='word_1_491' title='bbox 994 3596 1026 3666; x_wconf 86' lang='grc' dir='ltr'>ἢ</span> <span class='ocrx_word' id='word_1_492' title='bbox 1065 3597 1200 3668; x_wconf 81' lang='grc' dir='ltr'>πρὸς</span> <span class='ocrx_word' id='word_1_493' title='bbox 1245 3597 1571 3668; x_wconf 84' lang='grc' dir='ltr'>Ίουδαῖσμόν</span> <span class='ocrx_word' id='word_1_494' title='bbox 1597 3639 1612 3662; x_wconf 87' lang='grc'><strong>,</strong></span> <span class='ocrx_word' id='word_1_495' title='bbox 1642 3599 1673 3669; x_wconf 85' lang='grc' dir='ltr'><strong>ἢ</strong></span> <span class='ocrx_word' id='word_1_496' title='bbox 1721 3601 1855 3671; x_wconf 86' lang='grc' dir='ltr'>πρὸς</span> <span class='ocrx_word' id='word_1_497' title='bbox 1887 3604 1966 3654; x_wconf 86' lang='grc' dir='ltr'>εί-</span> 
     </span>
    </p>
   </div>
   <div class='ocr_carea' id='block_1_67' title="bbox 397 3688 1967 3763">
    <p class='ocr_par' dir='ltr' id='par_1_67' title="bbox 397 3688 1967 3763">
     <span class='ocr_line' id='line_1_67' title="bbox 397 3688 1967 3763; baseline 0.004 -23"><span class='ocrx_word' id='word_1_498' title='bbox 397 3688 805 3759; x_wconf 86' lang='grc' dir='ltr'>δωλολατρείαν,</span> <span class='ocrx_word' id='word_1_499' title='bbox 842 3689 875 3759; x_wconf 82' lang='grc' dir='ltr'>ἦ</span> <span class='ocrx_word' id='word_1_500' title='bbox 907 3689 1043 3760; x_wconf 77' lang='grc' dir='ltr'>πρὸς</span> <span class='ocrx_word' id='word_1_501' title='bbox 1069 3691 1439 3760; x_wconf 58' lang='grc' dir='ltr'>Ινίανιχαῖσμὸν</span> <span class='ocrx_word' id='word_1_502' title='bbox 1464 3733 1478 3756; x_wconf 84' lang='grc'><strong>,</strong></span> <span class='ocrx_word' id='word_1_503' title='bbox 1516 3691 1545 3761; x_wconf 82' lang='grc' dir='ltr'><strong>ή</strong></span> <span class='ocrx_word' id='word_1_504' title='bbox 1580 3693 1714 3763; x_wconf 82' lang='grc' dir='ltr'>πρὸς</span> <span class='ocrx_word' id='word_1_505' title='bbox 1760 3693 1887 3746; x_wconf 80' lang='grc' dir='ltr'>ἄλλο</span> <span class='ocrx_word' id='word_1_506' title='bbox 1914 3711 1967 3746; x_wconf 89' lang='grc' dir='ltr'><strong>τι</strong></span> 
     </span>
    </p>
   </div>
   <div class='ocr_carea' id='block_1_68' title="bbox 395 3778 1967 3855">
    <p class='ocr_par' dir='ltr' id='par_1_68' title="bbox 395 3778 1967 3855">
     <span class='ocr_line' id='line_1_68' title="bbox 395 3778 1967 3855; baseline 0.006 -25"><span class='ocrx_word' id='word_1_507' title='bbox 395 3780 632 3834; x_wconf 80' lang='grc' dir='ltr'>τοιοῦτον</span> <span class='ocrx_word' id='word_1_508' title='bbox 688 3780 870 3844; x_wconf 82' lang='grc' dir='ltr'>ἀθεῖας</span> <span class='ocrx_word' id='word_1_509' title='bbox 913 3778 1048 3844; x_wconf 85' lang='grc' dir='ltr'>εἶδος</span> <span class='ocrx_word' id='word_1_510' title='bbox 1101 3783 1474 3854; x_wconf 81' lang='grc' dir='ltr'>αὐτομολήσας</span> <span class='ocrx_word' id='word_1_511' title='bbox 1518 3786 1724 3855; x_wconf 79' lang='grc' dir='ltr'>ἐφάνη,</span> <span class='ocrx_word' id='word_1_512' title='bbox 1777 3786 1805 3836; x_wconf 90' lang='lat'><strong>6</strong></span> <span class='ocrx_word' id='word_1_513' title='bbox 1868 3787 1967 3854; x_wconf 83' lang='grc' dir='ltr'>μὲν</span> 
     </span>
    </p>
   </div>
   <div class='ocr_carea' id='block_1_69' title="bbox 401 3873 1967 3948">
    <p class='ocr_par' dir='ltr' id='par_1_69' title="bbox 401 3873 1967 3948">
     <span class='ocr_line' id='line_1_69' title="bbox 401 3873 1967 3948; baseline 0.004 -23"><span class='ocrx_word' id='word_1_514' title='bbox 401 3873 659 3936; x_wconf 79' lang='grc' dir='ltr'>ἑκουσίως</span> <span class='ocrx_word' id='word_1_515' title='bbox 695 3875 789 3926; x_wconf 81' lang='grc' dir='ltr'>ἐπὶ</span> <span class='ocrx_word' id='word_1_516' title='bbox 836 3874 896 3926; x_wconf 85' lang='grc' dir='ltr'>τὸ</span> <span class='ocrx_word' id='word_1_517' title='bbox 943 3874 1178 3927; x_wconf 77' lang='grc' dir='ltr'>τοιοῦτον</span> <span class='ocrx_word' id='word_1_518' title='bbox 1203 3877 1452 3948; x_wconf 79' lang='grc' dir='ltr'>ὁρμήσας</span> <span class='ocrx_word' id='word_1_519' title='bbox 1480 3877 1648 3930; x_wconf 85' lang='grc' dir='ltr'>κακὸν</span> <span class='ocrx_word' id='word_1_520' title='bbox 1673 3917 1688 3941; x_wconf 95' lang='grc'><strong>,</strong></span> <span class='ocrx_word' id='word_1_521' title='bbox 1723 3874 1841 3932; x_wconf 84' lang='grc' dir='ltr'>εἶτα</span> <span class='ocrx_word' id='word_1_522' title='bbox 1870 3896 1967 3932; x_wconf 90' lang='grc' dir='ltr'>κα-</span> 
     </span>
    </p>
   </div>
   <div class='ocr_carea' id='block_1_70' title="bbox 398 3962 1968 4040">
    <p class='ocr_par' dir='ltr' id='par_1_70' title="bbox 398 3962 1968 4040">
     <span class='ocr_line' id='line_1_70' title="bbox 398 3962 1968 4040; baseline 0.004 -24"><span class='ocrx_word' id='word_1_523' title='bbox 398 3962 628 4030; x_wconf 82' lang='grc' dir='ltr'>ταγνοὺς</span> <span class='ocrx_word' id='word_1_524' title='bbox 650 3962 842 4016; x_wconf 77' lang='grc' dir='ltr'>ἑαυτοῦ</span> <span class='ocrx_word' id='word_1_525' title='bbox 865 4004 880 4027; x_wconf 93' lang='grc'><strong>,</strong></span> <span class='ocrx_word' id='word_1_526' title='bbox 911 3964 1098 4034; x_wconf 89' lang='grc' dir='ltr'>χρόνον</span> <span class='ocrx_word' id='word_1_527' title='bbox 1123 3965 1212 4017; x_wconf 85' lang='grc' dir='ltr'>τὸν</span> <span class='ocrx_word' id='word_1_528' title='bbox 1239 3968 1336 4034; x_wconf 86' lang='grc' dir='ltr'><strong>τῆς</strong></span> <span class='ocrx_word' id='word_1_529' title='bbox 1365 3968 1650 4036; x_wconf 90' lang='grc' dir='ltr'>μετανοίας</span> <span class='ocrx_word' id='word_1_530' title='bbox 1687 3967 1821 4040; x_wconf 77' lang='grc' dir='ltr'>ἔχει,</span> <span class='ocrx_word' id='word_1_531' title='bbox 1849 3970 1968 4022; x_wconf 85' lang='grc' dir='ltr'>ὅλον</span> 
     </span>
    </p>
   </div>
   <div class='ocr_carea' id='block_1_71' title="bbox 398 4053 1967 4130">
    <p class='ocr_par' dir='ltr' id='par_1_71' title="bbox 398 4053 1967 4130">
     <span class='ocr_line' id='line_1_71' title="bbox 398 4053 1967 4130; baseline 0.007 -26"><span class='ocrx_word' id='word_1_532' title='bbox 398 4053 489 4105; x_wconf 82' lang='grc' dir='ltr'>τὸν</span> <span class='ocrx_word' id='word_1_533' title='bbox 519 4055 618 4124; x_wconf 86' lang='grc' dir='ltr'><strong>τῆς</strong></span> <span class='ocrx_word' id='word_1_534' title='bbox 645 4053 791 4124; x_wconf 82' lang='grc' dir='ltr'>ζωῆς</span> <span class='ocrx_word' id='word_1_535' title='bbox 823 4056 1005 4108; x_wconf 80' lang='grc' dir='ltr'>αὑτοῦ.</span> <span class='ocrx_word' id='word_1_536' title='bbox 1053 4057 1316 4110; x_wconf 74' lang='grc' dir='ltr'>Οὐδέποτε</span> <span class='ocrx_word' id='word_1_537' title='bbox 1345 4059 1452 4129; x_wconf 82' lang='grc' dir='ltr'><strong>γὰρ</strong></span> <span class='ocrx_word' id='word_1_538' title='bbox 1491 4059 1756 4130; x_wconf 87' lang='grc' dir='ltr'>μυστικῆς</span> <span class='ocrx_word' id='word_1_539' title='bbox 1788 4063 1967 4114; x_wconf 86' lang='grc' dir='ltr'>ἐπιτε-</span> 
     </span>
    </p>
   </div>
   <div class='ocr_carea' id='block_1_72' title="bbox 400 4141 1968 4220">
    <p class='ocr_par' dir='ltr' id='par_1_72' title="bbox 400 4141 1968 4220">
     <span class='ocr_line' id='line_1_72' title="bbox 400 4141 1968 4220; baseline 0.006 -25"><span class='ocrx_word' id='word_1_540' title='bbox 400 4141 661 4216; x_wconf 83' lang='grc' dir='ltr'>λουμένης</span> <span class='ocrx_word' id='word_1_541' title='bbox 709 4145 901 4216; x_wconf 81' lang='grc' dir='ltr'>εὐχῆς,</span> <span class='ocrx_word' id='word_1_542' title='bbox 961 4146 1095 4215; x_wconf 82' lang='grc' dir='ltr'>μετὰ</span> <span class='ocrx_word' id='word_1_543' title='bbox 1137 4148 1230 4198; x_wconf 76' lang='grc' dir='ltr'>τοῦ</span> <span class='ocrx_word' id='word_1_544' title='bbox 1283 4147 1411 4200; x_wconf 85' lang='grc' dir='ltr'>λαοῦ</span> <span class='ocrx_word' id='word_1_545' title='bbox 1461 4150 1828 4220; x_wconf 85' lang='grc' dir='ltr'>προσκυνῆσαι</span> <span class='ocrx_word' id='word_1_546' title='bbox 1876 4151 1968 4204; x_wconf 78' lang='grc' dir='ltr'><strong>τὸν</strong></span> 
     </span>
    </p>
   </div>
   <div class='ocr_carea' id='block_1_73' title="bbox 400 4235 1967 4315">
    <p class='ocr_par' dir='ltr' id='par_1_73' title="bbox 400 4235 1967 4315">
     <span class='ocr_line' id='line_1_73' title="bbox 400 4235 1967 4315; baseline 0.006 -28"><span class='ocrx_word' id='word_1_547' title='bbox 400 4235 529 4288; x_wconf 67' lang='grc' dir='ltr'>Θεὸν</span> <span class='ocrx_word' id='word_1_548' title='bbox 555 4237 920 4302; x_wconf 76' lang='grc' dir='ltr'>καταξιοῦται,</span> <span class='ocrx_word' id='word_1_549' title='bbox 956 4238 1090 4291; x_wconf 85' lang='grc' dir='ltr'>ἀλλὰ</span> <span class='ocrx_word' id='word_1_550' title='bbox 1113 4239 1425 4309; x_wconf 88' lang='grc' dir='ltr'>καταμόνας</span> <span class='ocrx_word' id='word_1_551' title='bbox 1455 4242 1553 4311; x_wconf 86' lang='grc' dir='ltr'><strong>μὲν</strong></span> <span class='ocrx_word' id='word_1_552' title='bbox 1576 4242 1790 4307; x_wconf 79' lang='grc' dir='ltr'>εὔξεται</span> <span class='ocrx_word' id='word_1_553' title='bbox 1813 4260 1825 4272; x_wconf 95' lang='grc'><strong>·</strong></span> <span class='ocrx_word' id='word_1_554' title='bbox 1871 4246 1967 4315; x_wconf 84' lang='grc' dir='ltr'><strong>τῆς</strong></span> 
     </span>
    </p>
   </div>
   <div class='ocr_carea' id='block_1_74' title="bbox 399 4329 1970 4408">
    <p class='ocr_par' dir='ltr' id='par_1_74' title="bbox 399 4329 1970 4408">
     <span class='ocr_line' id='line_1_74' title="bbox 399 4329 1970 4408; baseline 0.004 -26"><span class='ocrx_word' id='word_1_555' title='bbox 399 4329 454 4382; x_wconf 81' lang='grc' dir='ltr'>δὲ</span> <span class='ocrx_word' id='word_1_556' title='bbox 500 4330 782 4393; x_wconf 86' lang='grc' dir='ltr'>κοινωνίας</span> <span class='ocrx_word' id='word_1_557' title='bbox 830 4331 936 4385; x_wconf 83' lang='grc' dir='ltr'><strong>τῶν</strong></span> <span class='ocrx_word' id='word_1_558' title='bbox 982 4333 1333 4402; x_wconf 83' lang='grc' dir='ltr'>ἁγιασμάτων</span> <span class='ocrx_word' id='word_1_559' title='bbox 1417 4334 1640 4388; x_wconf 85' lang='grc' dir='ltr'>καθόλου</span> <span class='ocrx_word' id='word_1_560' title='bbox 1691 4337 1970 4408; x_wconf 82' lang='grc' dir='ltr'>ἀλλότριος</span> 
     </span>
    </p>
   </div>
   <div class='ocr_carea' id='block_1_75' title="bbox 400 4418 1966 4496">
    <p class='ocr_par' dir='ltr' id='par_1_75' title="bbox 400 4418 1966 4496">
     <span class='ocr_line' id='line_1_75' title="bbox 400 4418 1966 4496; baseline 0.006 -26"><span class='ocrx_word' id='word_1_561' title='bbox 400 4418 555 4471; x_wconf 85' lang='grc' dir='ltr'>ἔσται</span> <span class='ocrx_word' id='word_1_562' title='bbox 581 4435 594 4448; x_wconf 89' lang='grc'><strong>·</strong></span> <span class='ocrx_word' id='word_1_563' title='bbox 627 4418 685 4470; x_wconf 83' lang='grc' dir='ltr'>ἐν</span> <span class='ocrx_word' id='word_1_564' title='bbox 713 4418 771 4472; x_wconf 86' lang='grc' dir='ltr'>δὲ</span> <span class='ocrx_word' id='word_1_565' title='bbox 805 4422 869 4491; x_wconf 81' lang='grc' dir='ltr'>τῇ</span> <span class='ocrx_word' id='word_1_566' title='bbox 898 4419 1018 4492; x_wconf 76' lang='grc' dir='ltr'>ὥρᾳ.</span> <span class='ocrx_word' id='word_1_567' title='bbox 1041 4421 1140 4490; x_wconf 88' lang='grc' dir='ltr'><strong>τῆς</strong></span> <span class='ocrx_word' id='word_1_568' title='bbox 1165 4423 1340 4487; x_wconf 79' lang='grc' dir='ltr'>ἐξόδου</span> <span class='ocrx_word' id='word_1_569' title='bbox 1367 4423 1530 4477; x_wconf 76' lang='grc' dir='ltr'>αὑτοῦ</span> <span class='ocrx_word' id='word_1_570' title='bbox 1553 4465 1568 4489; x_wconf 96' lang='grc'><strong>,</strong></span> <span class='ocrx_word' id='word_1_571' title='bbox 1595 4426 1713 4478; x_wconf 83' lang='grc' dir='ltr'>τότε</span> <span class='ocrx_word' id='word_1_572' title='bbox 1740 4427 1839 4496; x_wconf 88' lang='grc' dir='ltr'><strong>τῆς</strong></span> <span class='ocrx_word' id='word_1_573' title='bbox 1873 4426 1966 4479; x_wconf 82' lang='grc' dir='ltr'>τοῦ</span> 
     </span>
    </p>
   </div>
   <div class='ocr_carea' id='block_1_76' title="bbox 400 4511 2044 4604">
    <p class='ocr_par' dir='ltr' id='par_1_76' title="bbox 400 4511 2044 4604">
     <span class='ocr_line' id='line_1_76' title="bbox 400 4511 2044 4604; baseline 0.004 -40"><span class='ocrx_word' id='word_1_574' title='bbox 400 4511 740 4580; x_wconf 85' lang='grc' dir='ltr'>ἀγιάσματος</span> <span class='ocrx_word' id='word_1_575' title='bbox 797 4512 1010 4604; x_wconf 86' lang='grc' dir='ltr'>μερίδος</span> <span class='ocrx_word' id='word_1_576' title='bbox 1063 4513 1441 4584; x_wconf 77' lang='grc' dir='ltr'>ἀξιωθήσεται.</span> <span class='ocrx_word' id='word_1_577' title='bbox 1493 4517 1554 4568; x_wconf 81' lang='grc' dir='ltr'>Εἰ</span> <span class='ocrx_word' id='word_1_578' title='bbox 1613 4517 1670 4570; x_wconf 90' lang='grc' dir='ltr'><strong>δέ</strong></span> <span class='ocrx_word' id='word_1_579' title='bbox 1721 4518 1962 4588; x_wconf 73' lang='grc' dir='ltr'>συμϐαίη</span> <span class='ocrx_word' id='word_1_580' title='bbox 1997 4547 2044 4604; x_wconf 74' lang='lat' dir='ltr'><strong>D</strong></span> 
     </span>
    </p>
   </div>
   <div class='ocr_carea' id='block_1_77' title="bbox 403 4602 1967 4680">
    <p class='ocr_par' dir='ltr' id='par_1_77' title="bbox 403 4602 1967 4680">
     <span class='ocr_line' id='line_1_77' title="bbox 403 4602 1967 4680; baseline 0.005 -26"><span class='ocrx_word' id='word_1_581' title='bbox 403 4603 528 4672; x_wconf 76' lang='grc' dir='ltr'>παρ’</span> <span class='ocrx_word' id='word_1_582' title='bbox 561 4602 778 4666; x_wconf 79' lang='grc' dir='ltr'>ἐλπίδας</span> <span class='ocrx_word' id='word_1_583' title='bbox 803 4603 960 4674; x_wconf 78' lang='grc' dir='ltr'>ζῆσαι</span> <span class='ocrx_word' id='word_1_584' title='bbox 990 4605 1170 4668; x_wconf 85' lang='grc' dir='ltr'>αὑτὸν,</span> <span class='ocrx_word' id='word_1_585' title='bbox 1204 4606 1364 4659; x_wconf 84' lang='grc' dir='ltr'>πάλιν</span> <span class='ocrx_word' id='word_1_586' title='bbox 1387 4609 1444 4658; x_wconf 87' lang='grc' dir='ltr'><strong>ἐν</strong></span> <span class='ocrx_word' id='word_1_587' title='bbox 1462 4607 1538 4677; x_wconf 83' lang='grc' dir='ltr'><strong>τῷ</strong></span> <span class='ocrx_word' id='word_1_588' title='bbox 1563 4607 1708 4678; x_wconf 81' lang='grc' dir='ltr'>αὐτῷ</span> <span class='ocrx_word' id='word_1_589' title='bbox 1739 4609 1967 4680; x_wconf 84' lang='grc' dir='ltr'>κρίματι</span> 
     </span>
    </p>
   </div>
   <div class='ocr_carea' id='block_1_78' title="bbox 401 4693 1968 4772">
    <p class='ocr_par' dir='ltr' id='par_1_78' title="bbox 401 4693 1968 4772">
     <span class='ocr_line' id='line_1_78' title="bbox 401 4693 1968 4772; baseline 0.006 -27"><span class='ocrx_word' id='word_1_590' title='bbox 401 4693 743 4747; x_wconf 75' lang='grc' dir='ltr'>διαδιώσεται</span> <span class='ocrx_word' id='word_1_591' title='bbox 770 4736 784 4756; x_wconf 88' lang='grc'><strong>,</strong></span> <span class='ocrx_word' id='word_1_592' title='bbox 834 4696 1096 4767; x_wconf 85' lang='grc' dir='ltr'>ἀμέτοχος</span> <span class='ocrx_word' id='word_1_593' title='bbox 1137 4697 1243 4750; x_wconf 87' lang='grc' dir='ltr'><strong>τῶν</strong></span> <span class='ocrx_word' id='word_1_594' title='bbox 1293 4700 1566 4768; x_wconf 85' lang='grc' dir='ltr'>μυστικῶν</span> <span class='ocrx_word' id='word_1_595' title='bbox 1613 4701 1968 4772; x_wconf 84' lang='grc' dir='ltr'>ἀγιασμάτων</span> 
     </span>
    </p>
   </div>
   <div class='ocr_carea' id='block_1_79' title="bbox 405 4785 1970 4861">
    <p class='ocr_par' dir='ltr' id='par_1_79' title="bbox 405 4785 1970 4861">
     <span class='ocr_line' id='line_1_79' title="bbox 405 4785 1970 4861; baseline 0.006 -24"><span class='ocrx_word' id='word_1_596' title='bbox 405 4785 566 4857; x_wconf 82' lang='grc' dir='ltr'>μέχρι</span> <span class='ocrx_word' id='word_1_597' title='bbox 599 4786 696 4856; x_wconf 88' lang='grc' dir='ltr'><strong>τῆς</strong></span> <span class='ocrx_word' id='word_1_598' title='bbox 726 4786 902 4852; x_wconf 80' lang='grc' dir='ltr'>ἐξόδου</span> <span class='ocrx_word' id='word_1_599' title='bbox 945 4789 1244 4859; x_wconf 84' lang='grc' dir='ltr'>γινόμενος.</span> <span class='ocrx_word' id='word_1_600' title='bbox 1273 4793 1336 4844; x_wconf 88' lang='grc' dir='ltr'><strong>Οἱ</strong></span> <span class='ocrx_word' id='word_1_601' title='bbox 1365 4791 1420 4844; x_wconf 80' lang='grc' dir='ltr'>δὲ</span> <span class='ocrx_word' id='word_1_602' title='bbox 1470 4791 1720 4861; x_wconf 80' lang='grc' dir='ltr'>βασάνοις</span> <span class='ocrx_word' id='word_1_603' title='bbox 1751 4797 1844 4847; x_wconf 76' lang='grc' dir='ltr'>καὶ</span> <span class='ocrx_word' id='word_1_604' title='bbox 1885 4812 1970 4847; x_wconf 91' lang='grc' dir='ltr'>τι-</span> 
     </span>
    </p>
   </div>
   <div class='ocr_carea' id='block_1_80' title="bbox 407 4877 1969 4956">
    <p class='ocr_par' dir='ltr' id='par_1_80' title="bbox 407 4877 1969 4956">
     <span class='ocr_line' id='line_1_80' title="bbox 407 4877 1969 4956; baseline 0.008 -28"><span class='ocrx_word' id='word_1_605' title='bbox 407 4877 640 4947; x_wconf 88' lang='grc' dir='ltr'>μωρίαις</span> <span class='ocrx_word' id='word_1_606' title='bbox 668 4878 932 4947; x_wconf 84' lang='grc' dir='ltr'>χαλεπαῖς</span> <span class='ocrx_word' id='word_1_607' title='bbox 957 4881 1295 4945; x_wconf 80' lang='grc' dir='ltr'>αἰκισθέντες</span> <span class='ocrx_word' id='word_1_608' title='bbox 1319 4923 1334 4946; x_wconf 91' lang='grc'><strong>,</strong></span> <span class='ocrx_word' id='word_1_609' title='bbox 1379 4885 1435 4936; x_wconf 86' lang='grc' dir='ltr'>ἐν</span> <span class='ocrx_word' id='word_1_610' title='bbox 1469 4883 1619 4955; x_wconf 82' lang='grc' dir='ltr'>ρητῷ</span> <span class='ocrx_word' id='word_1_611' title='bbox 1651 4886 1827 4956; x_wconf 81' lang='grc' dir='ltr'>χρόνῳ</span> <span class='ocrx_word' id='word_1_612' title='bbox 1873 4889 1969 4940; x_wconf 87' lang='grc' dir='ltr'>ἐπ-</span> 
     </span>
    </p>
   </div>
   <div class='ocr_carea' id='block_1_81' title="bbox 404 4966 1970 5047">
    <p class='ocr_par' dir='ltr' id='par_1_81' title="bbox 404 4966 1970 5047">
     <span class='ocr_line' id='line_1_81' title="bbox 404 4966 1970 5047; baseline 0.008 -30"><span class='ocrx_word' id='word_1_613' title='bbox 404 4966 738 5036; x_wconf 86' lang='grc' dir='ltr'>ετιμήθησαν</span> <span class='ocrx_word' id='word_1_614' title='bbox 760 5010 775 5032; x_wconf 88' lang='grc'><strong>,</strong></span> <span class='ocrx_word' id='word_1_615' title='bbox 805 4968 946 5022; x_wconf 80' lang='grc' dir='ltr'>οὕτω</span> <span class='ocrx_word' id='word_1_616' title='bbox 973 4970 1080 5022; x_wconf 88' lang='grc' dir='ltr'><strong>τῶν</strong></span> <span class='ocrx_word' id='word_1_617' title='bbox 1109 4972 1278 5039; x_wconf 86' lang='grc' dir='ltr'>ἁγίων</span> <span class='ocrx_word' id='word_1_618' title='bbox 1306 4974 1561 5044; x_wconf 88' lang='grc' dir='ltr'>Πατέρων</span> <span class='ocrx_word' id='word_1_619' title='bbox 1594 4975 1970 5047; x_wconf 75' lang='grc' dir='ltr'>φιλανθρωπίᾳ</span> 
     </span>
    </p>
   </div>
   <div class='ocr_carea' id='block_1_82' title="bbox 404 5057 1973 5135">
    <p class='ocr_par' dir='ltr' id='par_1_82' title="bbox 404 5057 1973 5135">
     <span class='ocr_line' id='line_1_82' title="bbox 404 5057 1973 5135; baseline 0.013 -27"><span class='ocrx_word' id='word_1_620' title='bbox 404 5057 489 5109; x_wconf 85' lang='grc' dir='ltr'>ἐπ’</span> <span class='ocrx_word' id='word_1_621' title='bbox 523 5057 699 5110; x_wconf 81' lang='grc' dir='ltr'>αὐτῶν</span> <span class='ocrx_word' id='word_1_622' title='bbox 727 5059 1082 5130; x_wconf 73' lang='grc' dir='ltr'>χρησαμένων</span> <span class='ocrx_word' id='word_1_623' title='bbox 1101 5101 1115 5122; x_wconf 94' lang='grc'><strong>,</strong></span> <span class='ocrx_word' id='word_1_624' title='bbox 1145 5061 1220 5125; x_wconf 86' lang='grc' dir='ltr'><strong>ὡς</strong></span> <span class='ocrx_word' id='word_1_625' title='bbox 1248 5063 1366 5132; x_wconf 82' lang='grc' dir='ltr'>οὐχί</span> <span class='ocrx_word' id='word_1_626' title='bbox 1393 5063 1570 5135; x_wconf 75' lang='grc' dir='ltr'>ψυχῆς</span> <span class='ocrx_word' id='word_1_627' title='bbox 1600 5065 1973 5135; x_wconf 79' lang='grc' dir='ltr'>γεγενημένης</span> 
     </span>
    </p>
   </div>
   <div class='ocr_carea' id='block_1_83' title="bbox 405 5147 1973 5224">
    <p class='ocr_par' dir='ltr' id='par_1_83' title="bbox 405 5147 1973 5224">
     <span class='ocr_line' id='line_1_83' title="bbox 405 5147 1973 5224; baseline 0.004 -24"><span class='ocrx_word' id='word_1_628' title='bbox 405 5149 462 5200; x_wconf 85' lang='grc' dir='ltr'>ἐν</span> <span class='ocrx_word' id='word_1_629' title='bbox 509 5147 759 5220; x_wconf 84' lang='grc' dir='ltr'>πτώματι</span> <span class='ocrx_word' id='word_1_630' title='bbox 790 5189 803 5213; x_wconf 94' lang='grc'><strong>,</strong></span> <span class='ocrx_word' id='word_1_631' title='bbox 840 5151 976 5203; x_wconf 85' lang='grc' dir='ltr'>ἀλλὰ</span> <span class='ocrx_word' id='word_1_632' title='bbox 1024 5151 1122 5220; x_wconf 88' lang='grc' dir='ltr'><strong>τῆς</strong></span> <span class='ocrx_word' id='word_1_633' title='bbox 1175 5157 1489 5224; x_wconf 84' lang='grc' dir='ltr'>σωματικῆς</span> <span class='ocrx_word' id='word_1_634' title='bbox 1527 5153 1808 5216; x_wconf 88' lang='grc' dir='ltr'>ἀσθενείας</span> <span class='ocrx_word' id='word_1_635' title='bbox 1839 5154 1973 5224; x_wconf 82' lang='grc' dir='ltr'>πρὸς</span> 
     </span>
    </p>
   </div>
   <div class='ocr_carea' id='block_1_84' title="bbox 403 5239 1974 5316">
    <p class='ocr_par' dir='ltr' id='par_1_84' title="bbox 403 5239 1974 5316">
     <span class='ocr_line' id='line_1_84' title="bbox 403 5239 1974 5316; baseline 0.005 -25"><span class='ocrx_word' id='word_1_636' title='bbox 403 5239 502 5303; x_wconf 79' lang='grc' dir='ltr'>τὰς</span> <span class='ocrx_word' id='word_1_637' title='bbox 531 5241 714 5302; x_wconf 88' lang='grc' dir='ltr'>αἰκίας</span> <span class='ocrx_word' id='word_1_638' title='bbox 761 5243 860 5295; x_wconf 84' lang='grc' dir='ltr'>οὐκ</span> <span class='ocrx_word' id='word_1_639' title='bbox 889 5243 1264 5314; x_wconf 78' lang='grc' dir='ltr'>ἀντισχούσης.</span> <span class='ocrx_word' id='word_1_640' title='bbox 1315 5245 1404 5298; x_wconf 84' lang='grc' dir='ltr'><strong>Διὸ</strong></span> <span class='ocrx_word' id='word_1_641' title='bbox 1429 5244 1505 5315; x_wconf 82' lang='grc' dir='ltr'>τῷ</span> <span class='ocrx_word' id='word_1_642' title='bbox 1554 5244 1735 5316; x_wconf 86' lang='grc' dir='ltr'>μέτρῳ</span> <span class='ocrx_word' id='word_1_643' title='bbox 1767 5244 1874 5297; x_wconf 86' lang='grc' dir='ltr'><strong>τῶν</strong></span> <span class='ocrx_word' id='word_1_644' title='bbox 1917 5246 1974 5299; x_wconf 89' lang='grc' dir='ltr'><strong>ἐν</strong></span> 
     </span>
    </p>
   </div>
   <div class='ocr_carea' id='block_1_85' title="bbox 406 5331 1976 5407">
    <p class='ocr_par' dir='ltr' id='par_1_85' title="bbox 406 5331 1976 5407">
     <span class='ocr_line' id='line_1_85' title="bbox 406 5331 1976 5407; baseline 0.004 -24"><span class='ocrx_word' id='word_1_645' title='bbox 406 5331 634 5404; x_wconf 82' lang='grc' dir='ltr'>πορνείᾳ</span> <span class='ocrx_word' id='word_1_646' title='bbox 664 5334 1168 5404; x_wconf 85' lang='grc' dir='ltr'>πλημμελησάντων</span> <span class='ocrx_word' id='word_1_647' title='bbox 1192 5375 1206 5401; x_wconf 93' lang='grc'><strong>,</strong></span> <span class='ocrx_word' id='word_1_648' title='bbox 1241 5337 1334 5389; x_wconf 79' lang='grc' dir='ltr'>καὶ</span> <span class='ocrx_word' id='word_1_649' title='bbox 1372 5338 1404 5406; x_wconf 87' lang='grc' dir='ltr'><strong>ἡ</strong></span> <span class='ocrx_word' id='word_1_650' title='bbox 1440 5335 1769 5407; x_wconf 76' lang='grc' dir='ltr'>βεϐιασμένη</span> <span class='ocrx_word' id='word_1_651' title='bbox 1798 5353 1856 5388; x_wconf 88' lang='grc' dir='ltr'><strong>τε</strong></span> <span class='ocrx_word' id='word_1_652' title='bbox 1883 5336 1976 5389; x_wconf 75' lang='grc' dir='ltr'><strong>καὶ</strong></span> 
     </span>
    </p>
   </div>
   <div class='ocr_carea' id='block_1_86' title="bbox 406 5423 1937 5500">
    <p class='ocr_par' dir='ltr' id='par_1_86' title="bbox 406 5423 1937 5500">
     <span class='ocr_line' id='line_1_86' title="bbox 406 5423 1937 5500; baseline 0.005 -26"><span class='ocrx_word' id='word_1_653' title='bbox 406 5423 674 5488; x_wconf 81' lang='grc' dir='ltr'>ἐπώδυνος</span> <span class='ocrx_word' id='word_1_654' title='bbox 701 5426 1006 5496; x_wconf 77' lang='grc' dir='ltr'>παράϐασις</span> <span class='ocrx_word' id='word_1_655' title='bbox 1037 5428 1092 5479; x_wconf 86' lang='grc' dir='ltr'><strong>ἐν</strong></span> <span class='ocrx_word' id='word_1_656' title='bbox 1113 5431 1178 5498; x_wconf 84' lang='grc' dir='ltr'>τῇ</span> <span class='ocrx_word' id='word_1_657' title='bbox 1206 5430 1504 5500; x_wconf 78' lang='grc' dir='ltr'>ἐπιστροφῇ</span> <span class='ocrx_word' id='word_1_658' title='bbox 1541 5427 1937 5499; x_wconf 88' lang='grc' dir='ltr'>συνεμετρήθη.</span> 
     </span>
    </p>
   </div>
   <div class='ocr_carea' id='block_1_87' title="bbox 477 5517 1979 5591">
    <p class='ocr_par' dir='ltr' id='par_1_87' title="bbox 477 5517 1979 5591">
     <span class='ocr_line' id='line_1_87' title="bbox 477 5517 1979 5591; baseline 0.004 -23"><span class='ocrx_word' id='word_1_659' title='bbox 477 5518 536 5568; x_wconf 83' lang='grc' dir='ltr'><strong>Οἱ</strong></span> <span class='ocrx_word' id='word_1_660' title='bbox 570 5517 626 5569; x_wconf 85' lang='grc' dir='ltr'><strong>δέ</strong></span> <span class='ocrx_word' id='word_1_661' title='bbox 666 5518 802 5585; x_wconf 81' lang='grc' dir='ltr'>πρὸς</span> <span class='ocrx_word' id='word_1_662' title='bbox 851 5518 1054 5589; x_wconf 85' lang='grc' dir='ltr'>γόητας</span> <span class='ocrx_word' id='word_1_663' title='bbox 1086 5519 1338 5583; x_wconf 86' lang='grc' dir='ltr'>ἀπιόντες</span> <span class='ocrx_word' id='word_1_664' title='bbox 1361 5562 1374 5585; x_wconf 87' lang='grc'><strong>,</strong></span> <span class='ocrx_word' id='word_1_665' title='bbox 1409 5520 1442 5590; x_wconf 86' lang='grc' dir='ltr'><strong>ἢ</strong></span> <span class='ocrx_word' id='word_1_666' title='bbox 1483 5520 1704 5590; x_wconf 81' lang='grc' dir='ltr'>μάντεις</span> <span class='ocrx_word' id='word_1_667' title='bbox 1725 5563 1738 5586; x_wconf 89' lang='grc'><strong>,</strong></span> <span class='ocrx_word' id='word_1_668' title='bbox 1775 5521 1808 5591; x_wconf 81' lang='grc' dir='ltr'><strong>ἢ</strong></span> <span class='ocrx_word' id='word_1_669' title='bbox 1854 5523 1979 5584; x_wconf 74' lang='grc' dir='ltr'>τοὺς</span> 
     </span>
    </p>
   </div>
   <div class='ocr_carea' id='block_1_88' title="bbox 405 5605 1980 5682">
    <p class='ocr_par' dir='ltr' id='par_1_88' title="bbox 405 5605 1980 5682">
     <span class='ocr_line' id='line_1_88' title="bbox 405 5605 1980 5682; baseline 0.004 -24"><span class='ocrx_word' id='word_1_670' title='bbox 405 5605 494 5658; x_wconf 79' lang='grc' dir='ltr'><strong>διὰ</strong></span> <span class='ocrx_word' id='word_1_671' title='bbox 540 5607 809 5676; x_wconf 86' lang='grc' dir='ltr'>δαιμόνων</span> <span class='ocrx_word' id='word_1_672' title='bbox 859 5607 1130 5678; x_wconf 85' lang='grc' dir='ltr'>καθάρσιά</span> <span class='ocrx_word' id='word_1_673' title='bbox 1180 5627 1302 5662; x_wconf 88' lang='grc' dir='ltr'>τινα</span> <span class='ocrx_word' id='word_1_674' title='bbox 1352 5611 1446 5662; x_wconf 72' lang='grc' dir='ltr'>καὶ</span> <span class='ocrx_word' id='word_1_675' title='bbox 1498 5610 1980 5682; x_wconf 75' lang='grc' dir='ltr'>ἀποτροπιασμοὺς</span> 
     </span>
    </p>
   </div>
   <div class='ocr_carea' id='block_1_89' title="bbox 405 5692 1982 5772">
    <p class='ocr_par' dir='ltr' id='par_1_89' title="bbox 405 5692 1982 5772">
     <span class='ocr_line' id='line_1_89' title="bbox 405 5692 1982 5772; baseline 0.004 -24"><span class='ocrx_word' id='word_1_676' title='bbox 405 5697 647 5766; x_wconf 83' lang='grc' dir='ltr'>ἐνεργεῖν</span> <span class='ocrx_word' id='word_1_677' title='bbox 676 5698 1134 5768; x_wconf 85' lang='grc' dir='ltr'>ὑπισχνουμένους</span> <span class='ocrx_word' id='word_1_678' title='bbox 1157 5741 1172 5767; x_wconf 87' lang='grc'><strong>,</strong></span> <span class='ocrx_word' id='word_1_679' title='bbox 1203 5692 1348 5754; x_wconf 76' lang='grc' dir='ltr'>οὗτοι</span> <span class='ocrx_word' id='word_1_680' title='bbox 1383 5701 1691 5772; x_wconf 83' lang='grc' dir='ltr'>ἐρωτῶνται</span> <span class='ocrx_word' id='word_1_681' title='bbox 1728 5700 1796 5754; x_wconf 91' lang='grc' dir='ltr'><strong>δι’</strong></span> <span class='ocrx_word' id='word_1_682' title='bbox 1833 5703 1982 5772; x_wconf 82' lang='grc' dir='ltr'>ἀκρι-</span> 
     </span>
    </p>
   </div>
   <div class='ocr_carea' id='block_1_90' title="bbox 407 5789 1983 5868">
    <p class='ocr_par' dir='ltr' id='par_1_90' title="bbox 407 5789 1983 5868">
     <span class='ocr_line' id='line_1_90' title="bbox 407 5789 1983 5868; baseline 0.005 -27"><span class='ocrx_word' id='word_1_683' title='bbox 407 5789 556 5852; x_wconf 75' lang='grc' dir='ltr'>ϐείας</span> <span class='ocrx_word' id='word_1_684' title='bbox 586 5790 680 5843; x_wconf 77' lang='grc' dir='ltr'>καὶ</span> <span class='ocrx_word' id='word_1_685' title='bbox 718 5791 1094 5858; x_wconf 86' lang='grc' dir='ltr'>ἀνακρίνονται</span> <span class='ocrx_word' id='word_1_686' title='bbox 1118 5831 1132 5858; x_wconf 91' lang='grc'><strong>,</strong></span> <span class='ocrx_word' id='word_1_687' title='bbox 1167 5792 1391 5864; x_wconf 87' lang='grc' dir='ltr'>πότερον</span> <span class='ocrx_word' id='word_1_688' title='bbox 1433 5793 1784 5865; x_wconf 80' lang='grc' dir='ltr'>ἐπιμένοντες</span> <span class='ocrx_word' id='word_1_689' title='bbox 1811 5797 1877 5868; x_wconf 76' lang='grc' dir='ltr'>τῇ</span> <span class='ocrx_word' id='word_1_690' title='bbox 1903 5795 1983 5859; x_wconf 80' lang='grc' dir='ltr'><strong>εἰς</strong></span> 
     </span>
    </p>
   </div>
   <div class='ocr_carea' id='block_1_91' title="bbox 2141 3138 3734 3213">
    <p class='ocr_par' dir='ltr' id='par_1_91' title="bbox 2141 3138 3734 3213">
     <span class='ocr_line' id='line_1_91' title="bbox 2141 3138 3734 3213; baseline -0.002 -16"><span class='ocrx_word' id='word_1_691' title='bbox 2141 3143 2238 3198; x_wconf 82' lang='lat' dir='ltr'><strong>His</strong></span> <span class='ocrx_word' id='word_1_692' title='bbox 2277 3145 2459 3213; x_wconf 88' lang='lat' dir='ltr'><strong>itaque</strong></span> <span class='ocrx_word' id='word_1_693' title='bbox 2485 3142 2588 3194; x_wconf 91' lang='lat' dir='ltr'><strong>hoc</strong></span> <span class='ocrx_word' id='word_1_694' title='bbox 2611 3139 2774 3195; x_wconf 92' lang='lat' dir='ltr'><strong>modo</strong></span> <span class='ocrx_word' id='word_1_695' title='bbox 2807 3138 3106 3204; x_wconf 84' lang='lat' dir='ltr'><strong>distinctis,</strong></span> <span class='ocrx_word' id='word_1_696' title='bbox 3148 3155 3488 3211; x_wconf 82' lang='lat' dir='ltr'><strong>quacunque</strong></span> <span class='ocrx_word' id='word_1_697' title='bbox 3515 3141 3643 3211; x_wconf 88' lang='lat' dir='ltr'><strong>qui-</strong></span> <span class='ocrx_word' id='word_1_698' title='bbox 3728 3157 3734 3164; x_wconf 94' lang='grc'><strong>·</strong></span> 
     </span>
    </p>
   </div>
   <div class='ocr_carea' id='block_1_92' title="bbox 2068 3230 3645 3302">
    <p class='ocr_par' dir='ltr' id='par_1_92' title="bbox 2068 3230 3645 3302">
     <span class='ocr_line' id='line_1_92' title="bbox 2068 3230 3645 3302; baseline -0.002 -15"><span class='ocrx_word' id='word_1_699' title='bbox 2068 3233 2188 3288; x_wconf 90' lang='lat' dir='ltr'><strong>dem</strong></span> <span class='ocrx_word' id='word_1_700' title='bbox 2235 3241 2458 3302; x_wconf 86' lang='lat' dir='ltr'><strong>peccata</strong></span> <span class='ocrx_word' id='word_1_701' title='bbox 2503 3230 2714 3284; x_wconf 87' lang='lat' dir='ltr'><strong>ratione</strong></span> <span class='ocrx_word' id='word_1_702' title='bbox 2745 3231 3024 3300; x_wconf 74' lang='lat' dir='ltr'><strong>praeditam</strong></span> <span class='ocrx_word' id='word_1_703' title='bbox 3067 3232 3261 3285; x_wconf 78' lang='lat' dir='ltr'><strong>anima</strong></span> <span class='ocrx_word' id='word_1_704' title='bbox 3309 3240 3515 3301; x_wconf 89' lang='lat' dir='ltr'><strong>partem</strong></span> <span class='ocrx_word' id='word_1_705' title='bbox 3562 3241 3645 3285; x_wconf 83' lang='lat' dir='ltr'><strong>at-</strong></span> 
     </span>
    </p>
   </div>
   <div class='ocr_carea' id='block_1_93' title="bbox 2067 3321 3643 3395">
    <p class='ocr_par' dir='ltr' id='par_1_93' title="bbox 2067 3321 3643 3395">
     <span class='ocr_line' id='line_1_93' title="bbox 2067 3321 3643 3395; baseline 0.001 -16"><span class='ocrx_word' id='word_1_706' title='bbox 2067 3327 2306 3395; x_wconf 77' lang='lat' dir='ltr'><strong>tingunt,</strong></span> <span class='ocrx_word' id='word_1_707' title='bbox 2360 3338 2484 3378; x_wconf 90' lang='lat' dir='ltr'><strong>esse</strong></span> <span class='ocrx_word' id='word_1_708' title='bbox 2524 3323 2775 3393; x_wconf 77' lang='lat' dir='ltr'><strong>graviora</strong></span> <span class='ocrx_word' id='word_1_709' title='bbox 2824 3337 2852 3376; x_wconf 90' lang='lat' dir='ltr'><strong>a</strong></span> <span class='ocrx_word' id='word_1_710' title='bbox 2896 3321 3151 3380; x_wconf 87' lang='lat' dir='ltr'><strong>Patribus</strong></span> <span class='ocrx_word' id='word_1_711' title='bbox 3199 3325 3443 3394; x_wconf 86' lang='lat' dir='ltr'><strong>judicata</strong></span> <span class='ocrx_word' id='word_1_712' title='bbox 3492 3336 3643 3393; x_wconf 82' lang='lat' dir='ltr'><strong>suut,</strong></span> 
     </span>
    </p>
   </div>
   <div class='ocr_carea' id='block_1_94' title="bbox 2069 3413 3645 3484">
    <p class='ocr_par' dir='ltr' id='par_1_94' title="bbox 2069 3413 3645 3484">
     <span class='ocr_line' id='line_1_94' title="bbox 2069 3413 3645 3484; baseline 0.003 -13"><span class='ocrx_word' id='word_1_713' title='bbox 2069 3427 2124 3471; x_wconf 91' lang='lat' dir='ltr'><strong>et</strong></span> <span class='ocrx_word' id='word_1_714' title='bbox 2167 3415 2360 3484; x_wconf 86' lang='lat' dir='ltr'><strong>majori</strong></span> <span class='ocrx_word' id='word_1_715' title='bbox 2395 3429 2460 3468; x_wconf 89' lang='lat' dir='ltr'><strong>ac</strong></span> <span class='ocrx_word' id='word_1_716' title='bbox 2507 3413 2890 3468; x_wconf 78' lang='lat' dir='ltr'><strong>sufﬁcientiori</strong></span> <span class='ocrx_word' id='word_1_717' title='bbox 2929 3425 2980 3470; x_wconf 87' lang='lat' dir='ltr'><strong>et</strong></span> <span class='ocrx_word' id='word_1_718' title='bbox 3030 3417 3380 3472; x_wconf 85' lang='lat' dir='ltr'><strong>laboriosiori</strong></span> <span class='ocrx_word' id='word_1_719' title='bbox 3411 3435 3645 3475; x_wconf 86' lang='lat' dir='ltr'><strong>conver-</strong></span> 
     </span>
    </p>
   </div>
   <div class='ocr_carea' id='block_1_95' title="bbox 2068 3506 3646 3578">
    <p class='ocr_par' dir='ltr' id='par_1_95' title="bbox 2068 3506 3646 3578">
     <span class='ocr_line' id='line_1_95' title="bbox 2068 3506 3646 3578; baseline 0.001 -14"><span class='ocrx_word' id='word_1_720' title='bbox 2068 3509 2220 3564; x_wconf 90' lang='lat' dir='ltr'><strong>sione</strong></span> <span class='ocrx_word' id='word_1_721' title='bbox 2241 3507 2402 3578; x_wconf 82' lang='lat' dir='ltr'><strong>digna</strong></span> <span class='ocrx_word' id='word_1_722' title='bbox 2431 3526 2443 3560; x_wconf 94' lang='lat'>:</span> <span class='ocrx_word' id='word_1_723' title='bbox 2477 3506 2937 3577; x_wconf 87' lang='lat' dir='ltr'><strong>quemadmodum</strong></span> <span class='ocrx_word' id='word_1_724' title='bbox 2966 3508 3012 3562; x_wconf 91' lang='lat' dir='ltr'><strong>si</strong></span> <span class='ocrx_word' id='word_1_725' title='bbox 3053 3511 3176 3578; x_wconf 83' lang='lat' dir='ltr'><strong>quis</strong></span> <span class='ocrx_word' id='word_1_726' title='bbox 3203 3509 3364 3564; x_wconf 81' lang='lat' dir='ltr'><strong>tidem</strong></span> <span class='ocrx_word' id='word_1_727' title='bbox 3394 3511 3446 3565; x_wconf 93' lang='lat' dir='ltr'><strong>in</strong></span> <span class='ocrx_word' id='word_1_728' title='bbox 3481 3513 3646 3566; x_wconf 81' lang='lat' dir='ltr'><strong>Chri-</strong></span> 
     </span>
    </p>
   </div>
   <div class='ocr_carea' id='block_1_96' title="bbox 2069 3600 3643 3671">
    <p class='ocr_par' dir='ltr' id='par_1_96' title="bbox 2069 3600 3643 3671">
     <span class='ocr_line' id='line_1_96' title="bbox 2069 3600 3643 3671; baseline 0.003 -17"><span class='ocrx_word' id='word_1_729' title='bbox 2069 3609 2211 3654; x_wconf 90' lang='lat' dir='ltr'><strong>stum</strong></span> <span class='ocrx_word' id='word_1_730' title='bbox 2266 3600 2502 3671; x_wconf 78' lang='lat' dir='ltr'><strong>negavit,</strong></span> <span class='ocrx_word' id='word_1_731' title='bbox 2559 3602 2640 3654; x_wconf 91' lang='lat' dir='ltr'><strong>vel</strong></span> <span class='ocrx_word' id='word_1_732' title='bbox 2705 3600 2772 3654; x_wconf 83' lang='lat' dir='ltr'><strong>ad</strong></span> <span class='ocrx_word' id='word_1_733' title='bbox 2806 3601 3188 3669; x_wconf 85' lang='lat' dir='ltr'><strong>judaismum,</strong></span> <span class='ocrx_word' id='word_1_734' title='bbox 3229 3604 3311 3657; x_wconf 85' lang='lat' dir='ltr'><strong>vel</strong></span> <span class='ocrx_word' id='word_1_735' title='bbox 3371 3603 3643 3659; x_wconf 90' lang='lat' dir='ltr'><strong>idolorum</strong></span> 
     </span>
    </p>
   </div>
   <div class='ocr_carea' id='block_1_97' title="bbox 2068 3691 3641 3766">
    <p class='ocr_par' dir='ltr' id='par_1_97' title="bbox 2068 3691 3641 3766">
     <span class='ocr_line' id='line_1_97' title="bbox 2068 3691 3641 3766; baseline 0.004 -20"><span class='ocrx_word' id='word_1_736' title='bbox 2068 3693 2309 3757; x_wconf 88' lang='lat' dir='ltr'><strong>cultum,</strong></span> <span class='ocrx_word' id='word_1_737' title='bbox 2365 3692 2448 3766; x_wconf 88' lang='lat' dir='ltr'><strong>vel</strong></span> <span class='ocrx_word' id='word_1_738' title='bbox 2513 3691 3007 3754; x_wconf 87' lang='lat' dir='ltr'><strong>manichaismum,</strong></span> <span class='ocrx_word' id='word_1_739' title='bbox 3068 3694 3152 3748; x_wconf 88' lang='lat' dir='ltr'><strong>vel</strong></span> <span class='ocrx_word' id='word_1_740' title='bbox 3213 3695 3434 3766; x_wconf 87' lang='lat' dir='ltr'><strong>aliquod</strong></span> <span class='ocrx_word' id='word_1_741' title='bbox 3493 3698 3641 3754; x_wconf 88' lang='lat' dir='ltr'><strong>aliud</strong></span> 
     </span>
    </p>
   </div>
   <div class='ocr_carea' id='block_1_98' title="bbox 2067 3765 3645 3855">
    <p class='ocr_par' dir='ltr' id='par_1_98' title="bbox 2067 3765 3645 3855">
     <span class='ocr_line' id='line_1_98' title="bbox 2067 3765 3645 3855; baseline 0.005 -22"><span class='ocrx_word' id='word_1_742' title='bbox 2067 3765 2380 3850; x_wconf 19' lang='lat' dir='ltr'><strong>impietatis.</strong></span> <span class='ocrx_word' id='word_1_743' title='bbox 2420 3795 2591 3850; x_wconf 83' lang='lat' dir='ltr'><strong>genus</strong></span> <span class='ocrx_word' id='word_1_744' title='bbox 2631 3780 2933 3836; x_wconf 84' lang='lat' dir='ltr'><strong>descivisse</strong></span> <span class='ocrx_word' id='word_1_745' title='bbox 2965 3781 3116 3838; x_wconf 91' lang='lat' dir='ltr'><strong>visus</strong></span> <span class='ocrx_word' id='word_1_746' title='bbox 3169 3783 3258 3847; x_wconf 90' lang='lat' dir='ltr'><strong>sit,</strong></span> <span class='ocrx_word' id='word_1_747' title='bbox 3301 3765 3396 3855; x_wconf 86' lang='lat' dir='ltr'><strong>qui</strong></span> <span class='ocrx_word' id='word_1_748' title='bbox 3448 3787 3645 3842; x_wconf 92' lang='lat' dir='ltr'><strong>volun-</strong></span> 
     </span>
    </p>
   </div>
   <div class='ocr_carea' id='block_1_99' title="bbox 2068 3870 3648 3942">
    <p class='ocr_par' dir='ltr' id='par_1_99' title="bbox 2068 3870 3648 3942">
     <span class='ocr_line' id='line_1_99' title="bbox 2068 3870 3648 3942; baseline 0.008 -18"><span class='ocrx_word' id='word_1_749' title='bbox 2068 3872 2206 3926; x_wconf 90' lang='lat' dir='ltr'><strong>tarie</strong></span> <span class='ocrx_word' id='word_1_750' title='bbox 2253 3870 2473 3940; x_wconf 91' lang='lat' dir='ltr'><strong>quidem</strong></span> <span class='ocrx_word' id='word_1_751' title='bbox 2527 3887 2586 3926; x_wconf 91' lang='lat' dir='ltr'><strong>se</strong></span> <span class='ocrx_word' id='word_1_752' title='bbox 2648 3872 2716 3926; x_wconf 90' lang='lat' dir='ltr'><strong>ad</strong></span> <span class='ocrx_word' id='word_1_753' title='bbox 2767 3873 2819 3926; x_wconf 92' lang='lat' dir='ltr'><strong>id</strong></span> <span class='ocrx_word' id='word_1_754' title='bbox 2877 3874 3081 3928; x_wconf 88' lang='lat' dir='ltr'><strong>malum</strong></span> <span class='ocrx_word' id='word_1_755' title='bbox 3133 3878 3387 3942; x_wconf 88' lang='lat' dir='ltr'><strong>contulit,</strong></span> <span class='ocrx_word' id='word_1_756' title='bbox 3448 3878 3648 3936; x_wconf 84' lang='lat' dir='ltr'><strong>deinde</strong></span> 
     </span>
    </p>
   </div>
   <div class='ocr_carea' id='block_1_100' title="bbox 2069 3961 3646 4036">
    <p class='ocr_par' dir='ltr' id='par_1_100' title="bbox 2069 3961 3646 4036">
     <span class='ocr_line' id='line_1_100' title="bbox 2069 3961 3646 4036; baseline 0.007 -19"><span class='ocrx_word' id='word_1_757' title='bbox 2069 3962 2308 4031; x_wconf 89' lang='lat' dir='ltr'><strong>seipsum</strong></span> <span class='ocrx_word' id='word_1_758' title='bbox 2355 3961 2761 4024; x_wconf 88' lang='lat' dir='ltr'><strong>condemnavit,</strong></span> <span class='ocrx_word' id='word_1_759' title='bbox 2828 3970 3003 4018; x_wconf 93' lang='lat' dir='ltr'><strong>totum</strong></span> <span class='ocrx_word' id='word_1_760' title='bbox 3058 3973 3276 4036; x_wconf 89' lang='lat' dir='ltr'><strong>tempus</strong></span> <span class='ocrx_word' id='word_1_761' title='bbox 3326 3968 3449 4024; x_wconf 86' lang='lat' dir='ltr'><strong>vita</strong></span> <span class='ocrx_word' id='word_1_762' title='bbox 3485 3971 3646 4028; x_wconf 82' lang='lat' dir='ltr'><strong>habet</strong></span> 
     </span>
    </p>
   </div>
   <div class='ocr_carea' id='block_1_101' title="bbox 2069 4054 3646 4134">
    <p class='ocr_par' dir='ltr' id='par_1_101' title="bbox 2069 4054 3646 4134">
     <span class='ocr_line' id='line_1_101' title="bbox 2069 4054 3646 4134; baseline 0.007 -26"><span class='ocrx_word' id='word_1_763' title='bbox 2069 4054 2403 4122; x_wconf 84' lang='lat' dir='ltr'><strong>poenitentia</strong></span> <span class='ocrx_word' id='word_1_764' title='bbox 2461 4062 2694 4124; x_wconf 88' lang='lat' dir='ltr'><strong>tempus.</strong></span> <span class='ocrx_word' id='word_1_765' title='bbox 2753 4054 3048 4126; x_wconf 84' lang='lat' dir='ltr'><strong>Nunquam</strong></span> <span class='ocrx_word' id='word_1_766' title='bbox 3085 4060 3256 4124; x_wconf 88' lang='lat' dir='ltr'><strong>enim,</strong></span> <span class='ocrx_word' id='word_1_767' title='bbox 3319 4063 3364 4117; x_wconf 90' lang='lat' dir='ltr'><strong>si</strong></span> <span class='ocrx_word' id='word_1_768' title='bbox 3415 4064 3646 4134; x_wconf 78' lang='lat' dir='ltr'><strong>mystica</strong></span> 
     </span>
    </p>
   </div>
   <div class='ocr_carea' id='block_1_102' title="bbox 2071 4141 3648 4220">
    <p class='ocr_par' dir='ltr' id='par_1_102' title="bbox 2071 4141 3648 4220">
     <span class='ocr_line' id='line_1_102' title="bbox 2071 4141 3648 4220; baseline 0.011 -26"><span class='ocrx_word' id='word_1_769' title='bbox 2071 4149 2363 4209; x_wconf 82' lang='lat' dir='ltr'><strong>peragatur</strong></span> <span class='ocrx_word' id='word_1_770' title='bbox 2408 4147 2606 4220; x_wconf 84' lang='lat' dir='ltr'><strong>oratio,</strong></span> <span class='ocrx_word' id='word_1_771' title='bbox 2651 4141 2817 4197; x_wconf 88' lang='lat' dir='ltr'><strong>Deum</strong></span> <span class='ocrx_word' id='word_1_772' title='bbox 2879 4161 2987 4200; x_wconf 88' lang='lat' dir='ltr'><strong>una</strong></span> <span class='ocrx_word' id='word_1_773' title='bbox 3020 4161 3143 4201; x_wconf 90' lang='lat' dir='ltr'><strong>cum</strong></span> <span class='ocrx_word' id='word_1_774' title='bbox 3180 4152 3380 4220; x_wconf 91' lang='lat' dir='ltr'><strong>populo</strong></span> <span class='ocrx_word' id='word_1_775' title='bbox 3416 4155 3648 4211; x_wconf 89' lang='lat' dir='ltr'><strong>adorare</strong></span> 
     </span>
    </p>
   </div>
   <div class='ocr_carea' id='block_1_103' title="bbox 2069 4219 3646 4313">
    <p class='ocr_par' dir='ltr' id='par_1_103' title="bbox 2069 4219 3646 4313">
     <span class='ocr_line' id='line_1_103' title="bbox 2069 4219 3646 4313; baseline 0.012 -29"><span class='ocrx_word' id='word_1_776' title='bbox 2069 4231 2266 4301; x_wconf 80' lang='lat' dir='ltr'><strong>dignus</strong></span> <span class='ocrx_word' id='word_1_777' title='bbox 2298 4219 2630 4298; x_wconf 86' lang='lat' dir='ltr'><strong>censebitur,</strong></span> <span class='ocrx_word' id='word_1_778' title='bbox 2663 4239 2758 4289; x_wconf 88' lang='lat' dir='ltr'><strong>sed</strong></span> <span class='ocrx_word' id='word_1_779' title='bbox 2785 4251 3036 4292; x_wconf 88' lang='lat' dir='ltr'><strong>seorsum</strong></span> <span class='ocrx_word' id='word_1_780' title='bbox 3073 4219 3425 4313; x_wconf 80' lang='lat' dir='ltr'><strong>precabitur;</strong></span> <span class='ocrx_word' id='word_1_781' title='bbox 3484 4260 3514 4300; x_wconf 93' lang='lat' dir='ltr'><strong>a</strong></span> <span class='ocrx_word' id='word_1_782' title='bbox 3551 4265 3646 4304; x_wconf 80' lang='lat' dir='ltr'><strong>sa-</strong></span> 
     </span>
    </p>
   </div>
   <div class='ocr_carea' id='block_1_104' title="bbox 2069 4333 3644 4397">
    <p class='ocr_par' dir='ltr' id='par_1_104' title="bbox 2069 4333 3644 4397">
     <span class='ocr_line' id='line_1_104' title="bbox 2069 4333 3644 4397; baseline 0.011 -17"><span class='ocrx_word' id='word_1_783' title='bbox 2069 4337 2475 4381; x_wconf 90' lang='lat' dir='ltr'><strong>cramentorum</strong></span> <span class='ocrx_word' id='word_1_784' title='bbox 2544 4337 2725 4384; x_wconf 86' lang='lat' dir='ltr'><strong>autem</strong></span> <span class='ocrx_word' id='word_1_785' title='bbox 2795 4333 3186 4389; x_wconf 89' lang='lat' dir='ltr'><strong>communione</strong></span> <span class='ocrx_word' id='word_1_786' title='bbox 3245 4337 3471 4394; x_wconf 92' lang='lat' dir='ltr'><strong>omnino</strong></span> <span class='ocrx_word' id='word_1_787' title='bbox 3536 4347 3644 4397; x_wconf 82' lang='lat' dir='ltr'><strong>erit</strong></span> 
     </span>
    </p>
   </div>
   <div class='ocr_carea' id='block_1_105' title="bbox 2073 4418 3647 4499">
    <p class='ocr_par' dir='ltr' id='par_1_105' title="bbox 2073 4418 3647 4499">
     <span class='ocr_line' id='line_1_105' title="bbox 2073 4418 3647 4499; baseline 0.013 -30"><span class='ocrx_word' id='word_1_788' title='bbox 2073 4418 2314 4482; x_wconf 87' lang='lat' dir='ltr'><strong>alienus;</strong></span> <span class='ocrx_word' id='word_1_789' title='bbox 2368 4419 2422 4472; x_wconf 91' lang='lat' dir='ltr'><strong>iu</strong></span> <span class='ocrx_word' id='word_1_790' title='bbox 2466 4419 2597 4473; x_wconf 90' lang='lat' dir='ltr'><strong>hora</strong></span> <span class='ocrx_word' id='word_1_791' title='bbox 2649 4428 2828 4475; x_wconf 90' lang='lat' dir='ltr'><strong>autem</strong></span> <span class='ocrx_word' id='word_1_792' title='bbox 2879 4424 2965 4478; x_wconf 90' lang='lat' dir='ltr'><strong>sui</strong></span> <span class='ocrx_word' id='word_1_793' title='bbox 3009 4439 3041 4479; x_wconf 93' lang='lat' dir='ltr'><strong>e</strong></span> <span class='ocrx_word' id='word_1_794' title='bbox 3085 4427 3197 4481; x_wconf 90' lang='lat' dir='ltr'><strong>vita</strong></span> <span class='ocrx_word' id='word_1_795' title='bbox 3244 4443 3530 4499; x_wconf 80' lang='lat' dir='ltr'><strong>excessus,</strong></span> <span class='ocrx_word' id='word_1_796' title='bbox 3555 4449 3647 4488; x_wconf 83' lang='lat' dir='ltr'><strong>sa-</strong></span> 
     </span>
    </p>
   </div>
   <div class='ocr_carea' id='block_1_106' title="bbox 2071 4510 3643 4590">
    <p class='ocr_par' dir='ltr' id='par_1_106' title="bbox 2071 4510 3643 4590">
     <span class='ocr_line' id='line_1_106' title="bbox 2071 4510 3643 4590; baseline 0.012 -28"><span class='ocrx_word' id='word_1_797' title='bbox 2071 4510 2336 4563; x_wconf 88' lang='lat' dir='ltr'><strong>cramcnti</strong></span> <span class='ocrx_word' id='word_1_798' title='bbox 2379 4512 2781 4568; x_wconf 88' lang='lat' dir='ltr'><strong>communionis</strong></span> <span class='ocrx_word' id='word_1_799' title='bbox 2825 4518 2928 4570; x_wconf 88' lang='lat' dir='ltr'><strong>erit</strong></span> <span class='ocrx_word' id='word_1_800' title='bbox 2987 4518 3285 4590; x_wconf 86' lang='lat' dir='ltr'><strong>particeps.</strong></span> <span class='ocrx_word' id='word_1_801' title='bbox 3333 4522 3429 4578; x_wconf 91' lang='lat' dir='ltr'><strong>Sin</strong></span> <span class='ocrx_word' id='word_1_802' title='bbox 3463 4535 3643 4581; x_wconf 84' lang='lat' dir='ltr'><strong>autem</strong></span> 
     </span>
    </p>
   </div>
   <div class='ocr_carea' id='block_1_107' title="bbox 2074 4603 3646 4676">
    <p class='ocr_par' dir='ltr' id='par_1_107' title="bbox 2074 4603 3646 4676">
     <span class='ocr_line' id='line_1_107' title="bbox 2074 4603 3646 4676; baseline 0.014 -22"><span class='ocrx_word' id='word_1_803' title='bbox 2074 4603 2364 4672; x_wconf 74' lang='lat' dir='ltr'><strong>contigerit</strong></span> <span class='ocrx_word' id='word_1_804' title='bbox 2394 4612 2451 4656; x_wconf 92' lang='lat' dir='ltr'><strong>ut</strong></span> <span class='ocrx_word' id='word_1_805' title='bbox 2475 4605 2520 4658; x_wconf 91' lang='lat' dir='ltr'><strong>is</strong></span> <span class='ocrx_word' id='word_1_806' title='bbox 2549 4614 2743 4675; x_wconf 84' lang='lat' dir='ltr'><strong>prater</strong></span> <span class='ocrx_word' id='word_1_807' title='bbox 2763 4622 2918 4676; x_wconf 90' lang='lat' dir='ltr'><strong>spem</strong></span> <span class='ocrx_word' id='word_1_808' title='bbox 2950 4611 3117 4674; x_wconf 89' lang='lat' dir='ltr'><strong>vivat,</strong></span> <span class='ocrx_word' id='word_1_809' title='bbox 3149 4613 3202 4667; x_wconf 94' lang='lat' dir='ltr'><strong>in</strong></span> <span class='ocrx_word' id='word_1_810' title='bbox 3231 4613 3420 4670; x_wconf 91' lang='lat' dir='ltr'><strong>eodem</strong></span> <span class='ocrx_word' id='word_1_811' title='bbox 3451 4633 3646 4676; x_wconf 79' lang='lat' dir='ltr'><strong>rursus</strong></span> 
     </span>
    </p>
   </div>
   <div class='ocr_carea' id='block_1_108' title="bbox 2075 4693 3648 4768">
    <p class='ocr_par' dir='ltr' id='par_1_108' title="bbox 2075 4693 3648 4768">
     <span class='ocr_line' id='line_1_108' title="bbox 2075 4693 3648 4768; baseline 0.013 -22"><span class='ocrx_word' id='word_1_812' title='bbox 2075 4693 2218 4747; x_wconf 89' lang='lat' dir='ltr'><strong>vivet</strong></span> <span class='ocrx_word' id='word_1_813' title='bbox 2257 4694 2488 4762; x_wconf 86' lang='lat' dir='ltr'><strong>judicio,</strong></span> <span class='ocrx_word' id='word_1_814' title='bbox 2531 4699 2884 4768; x_wconf 85' lang='lat' dir='ltr'><strong>mysticorum</strong></span> <span class='ocrx_word' id='word_1_815' title='bbox 2915 4713 3390 4761; x_wconf 84' lang='lat' dir='ltr'><strong>sacramentorum</strong></span> <span class='ocrx_word' id='word_1_816' title='bbox 3421 4710 3487 4763; x_wconf 86' lang='lat' dir='ltr'><strong>ad</strong></span> <span class='ocrx_word' id='word_1_817' title='bbox 3521 4712 3648 4767; x_wconf 78' lang='lat' dir='ltr'><strong>vita</strong></span> 
     </span>
    </p>
   </div>
   <div class='ocr_carea' id='block_1_109' title="bbox 2073 4787 3646 4859">
    <p class='ocr_par' dir='ltr' id='par_1_109' title="bbox 2073 4787 3646 4859">
     <span class='ocr_line' id='line_1_109' title="bbox 2073 4787 3646 4859; baseline 0.013 -20"><span class='ocrx_word' id='word_1_818' title='bbox 2073 4787 2276 4839; x_wconf 82' lang='lat' dir='ltr'><strong>exitum</strong></span> <span class='ocrx_word' id='word_1_819' title='bbox 2339 4802 2514 4856; x_wconf 90' lang='lat' dir='ltr'><strong>usque</strong></span> <span class='ocrx_word' id='word_1_820' title='bbox 2561 4804 2776 4858; x_wconf 76' lang='lat' dir='ltr'><strong>expers.</strong></span> <span class='ocrx_word' id='word_1_821' title='bbox 2830 4789 2934 4856; x_wconf 88' lang='lat' dir='ltr'><strong>Qui</strong></span> <span class='ocrx_word' id='word_1_822' title='bbox 3004 4801 3186 4849; x_wconf 85' lang='lat' dir='ltr'><strong>autem</strong></span> <span class='ocrx_word' id='word_1_823' title='bbox 3242 4802 3532 4857; x_wconf 88' lang='lat' dir='ltr'><strong>tormentis</strong></span> <span class='ocrx_word' id='word_1_824' title='bbox 3589 4812 3646 4859; x_wconf 86' lang='lat' dir='ltr'><strong>et</strong></span> 
     </span>
    </p>
   </div>
   <div class='ocr_carea' id='block_1_110' title="bbox 2072 4878 3648 4959">
    <p class='ocr_par' dir='ltr' id='par_1_110' title="bbox 2072 4878 3648 4959">
     <span class='ocr_line' id='line_1_110' title="bbox 2072 4878 3648 4959; baseline 0.013 -30"><span class='ocrx_word' id='word_1_825' title='bbox 2072 4878 2330 4948; x_wconf 79' lang='lat' dir='ltr'><strong>gravibus</strong></span> <span class='ocrx_word' id='word_1_826' title='bbox 2385 4881 2669 4950; x_wconf 91' lang='lat' dir='ltr'><strong>suppliciis</strong></span> <span class='ocrx_word' id='word_1_827' title='bbox 2706 4885 3030 4950; x_wconf 81' lang='lat' dir='ltr'><strong>excruciati,</strong></span> <span class='ocrx_word' id='word_1_828' title='bbox 3083 4887 3117 4940; x_wconf 92' lang='lat' dir='ltr'><strong>ii</strong></span> <span class='ocrx_word' id='word_1_829' title='bbox 3165 4891 3476 4959; x_wconf 70' lang='lat' dir='ltr'><strong>praestituto</strong></span> <span class='ocrx_word' id='word_1_830' title='bbox 3509 4903 3648 4949; x_wconf 88' lang='lat' dir='ltr'><strong>tem-</strong></span> 
     </span>
    </p>
   </div>
   <div class='ocr_carea' id='block_1_111' title="bbox 2072 4969 3649 5039">
    <p class='ocr_par' dir='ltr' id='par_1_111' title="bbox 2072 4969 3649 5039">
     <span class='ocr_line' id='line_1_111' title="bbox 2072 4969 3649 5039; baseline 0.013 -20"><span class='ocrx_word' id='word_1_831' title='bbox 2072 4983 2204 5038; x_wconf 91' lang='lat' dir='ltr'><strong>pore</strong></span> <span class='ocrx_word' id='word_1_832' title='bbox 2254 4969 2570 5038; x_wconf 86' lang='lat' dir='ltr'><strong>punientur,</strong></span> <span class='ocrx_word' id='word_1_833' title='bbox 2619 4972 2826 5028; x_wconf 84' lang='lat' dir='ltr'><strong>sanctis</strong></span> <span class='ocrx_word' id='word_1_834' title='bbox 2881 4973 3138 5032; x_wconf 86' lang='lat' dir='ltr'><strong>Patribus</strong></span> <span class='ocrx_word' id='word_1_835' title='bbox 3187 4979 3269 5033; x_wconf 89' lang='lat' dir='ltr'><strong>sic</strong></span> <span class='ocrx_word' id='word_1_836' title='bbox 3300 4980 3356 5034; x_wconf 89' lang='lat' dir='ltr'><strong>in</strong></span> <span class='ocrx_word' id='word_1_837' title='bbox 3408 4997 3505 5038; x_wconf 90' lang='lat' dir='ltr'><strong>eos</strong></span> <span class='ocrx_word' id='word_1_838' title='bbox 3537 4984 3649 5039; x_wconf 88' lang='lat' dir='ltr'><strong>cle-</strong></span> 
     </span>
    </p>
   </div>
   <div class='ocr_carea' id='block_1_112' title="bbox 2076 5058 3645 5140">
    <p class='ocr_par' dir='ltr' id='par_1_112' title="bbox 2076 5058 3645 5140">
     <span class='ocr_line' id='line_1_112' title="bbox 2076 5058 3645 5140; baseline 0.013 -29"><span class='ocrx_word' id='word_1_839' title='bbox 2076 5058 2277 5112; x_wconf 89' lang='lat' dir='ltr'><strong>mentia</strong></span> <span class='ocrx_word' id='word_1_840' title='bbox 2326 5061 2461 5118; x_wconf 91' lang='lat' dir='ltr'><strong>usis.</strong></span> <span class='ocrx_word' id='word_1_841' title='bbox 2513 5069 2772 5131; x_wconf 90' lang='lat' dir='ltr'><strong>tanquam</strong></span> <span class='ocrx_word' id='word_1_842' title='bbox 2819 5066 2997 5119; x_wconf 86' lang='lat' dir='ltr'><strong>anima</strong></span> <span class='ocrx_word' id='word_1_843' title='bbox 3045 5084 3154 5123; x_wconf 91' lang='lat' dir='ltr'><strong>non</strong></span> <span class='ocrx_word' id='word_1_844' title='bbox 3210 5070 3365 5140; x_wconf 89' lang='lat' dir='ltr'><strong>lapsa</strong></span> <span class='ocrx_word' id='word_1_845' title='bbox 3411 5075 3500 5137; x_wconf 85' lang='lat' dir='ltr'><strong>sit.</strong></span> <span class='ocrx_word' id='word_1_846' title='bbox 3550 5076 3645 5130; x_wconf 83' lang='lat' dir='ltr'><strong>sed</strong></span> 
     </span>
    </p>
   </div>
   <div class='ocr_carea' id='block_1_113' title="bbox 2075 5153 3645 5222">
    <p class='ocr_par' dir='ltr' id='par_1_113' title="bbox 2075 5153 3645 5222">
     <span class='ocr_line' id='line_1_113' title="bbox 2075 5153 3645 5222; baseline 0.011 -17"><span class='ocrx_word' id='word_1_847' title='bbox 2075 5153 2378 5221; x_wconf 89' lang='lat' dir='ltr'><strong>corporalis</strong></span> <span class='ocrx_word' id='word_1_848' title='bbox 2444 5154 2788 5210; x_wconf 87' lang='lat' dir='ltr'><strong>imbecillitas</strong></span> <span class='ocrx_word' id='word_1_849' title='bbox 2851 5161 3140 5216; x_wconf 87' lang='lat' dir='ltr'><strong>tormentis</strong></span> <span class='ocrx_word' id='word_1_850' title='bbox 3199 5177 3305 5216; x_wconf 91' lang='lat' dir='ltr'><strong>non</strong></span> <span class='ocrx_word' id='word_1_851' title='bbox 3359 5167 3645 5222; x_wconf 82' lang='lat' dir='ltr'><strong>restiterit.</strong></span> 
     </span>
    </p>
   </div>
   <div class='ocr_carea' id='block_1_114' title="bbox 2075 5243 3648 5326">
    <p class='ocr_par' dir='ltr' id='par_1_114' title="bbox 2075 5243 3648 5326">
     <span class='ocr_line' id='line_1_114' title="bbox 2075 5243 3648 5326; baseline 0.011 -31"><span class='ocrx_word' id='word_1_852' title='bbox 2075 5243 2254 5310; x_wconf 83' lang='lat' dir='ltr'><strong>Quare</strong></span> <span class='ocrx_word' id='word_1_853' title='bbox 2307 5261 2561 5300; x_wconf 89' lang='lat' dir='ltr'><strong>mensura</strong></span> <span class='ocrx_word' id='word_1_854' title='bbox 2595 5262 2786 5301; x_wconf 91' lang='lat' dir='ltr'><strong>eorum</strong></span> <span class='ocrx_word' id='word_1_855' title='bbox 2813 5250 2905 5318; x_wconf 91' lang='lat' dir='ltr'><strong>qui</strong></span> <span class='ocrx_word' id='word_1_856' title='bbox 2951 5251 3005 5304; x_wconf 91' lang='lat' dir='ltr'><strong>in</strong></span> <span class='ocrx_word' id='word_1_857' title='bbox 3047 5252 3416 5310; x_wconf 79' lang='lat' dir='ltr'><strong>fornicatione</strong></span> <span class='ocrx_word' id='word_1_858' title='bbox 3448 5274 3648 5326; x_wconf 87' lang='lat' dir='ltr'><strong>pecca-</strong></span> 
     </span>
    </p>
   </div>
   <div class='ocr_carea' id='block_1_115' title="bbox 2075 5337 3649 5419">
    <p class='ocr_par' dir='ltr' id='par_1_115' title="bbox 2075 5337 3649 5419">
     <span class='ocr_line' id='line_1_115' title="bbox 2075 5337 3649 5419; baseline 0.012 -30"><span class='ocrx_word' id='word_1_859' title='bbox 2075 5345 2226 5399; x_wconf 90' lang='lat' dir='ltr'><strong>ruut,</strong></span> <span class='ocrx_word' id='word_1_860' title='bbox 2271 5345 2324 5392; x_wconf 90' lang='lat' dir='ltr'><strong>et</strong></span> <span class='ocrx_word' id='word_1_861' title='bbox 2372 5337 2424 5391; x_wconf 88' lang='lat' dir='ltr'><strong>vi</strong></span> <span class='ocrx_word' id='word_1_862' title='bbox 2467 5338 2762 5410; x_wconf 90' lang='lat' dir='ltr'><strong>doloreque</strong></span> <span class='ocrx_word' id='word_1_863' title='bbox 2807 5357 3066 5413; x_wconf 76' lang='lat' dir='ltr'><strong>expressa</strong></span> <span class='ocrx_word' id='word_1_864' title='bbox 3141 5350 3531 5419; x_wconf 85' lang='lat' dir='ltr'><strong>transgressio,</strong></span> <span class='ocrx_word' id='word_1_865' title='bbox 3593 5353 3649 5408; x_wconf 88' lang='lat' dir='ltr'><strong>in</strong></span> 
     </span>
    </p>
   </div>
   <div class='ocr_carea' id='block_1_116' title="bbox 2078 5427 3423 5502">
    <p class='ocr_par' dir='ltr' id='par_1_116' title="bbox 2078 5427 3423 5502">
     <span class='ocr_line' id='line_1_116' title="bbox 2078 5427 3423 5502; baseline 0.008 -21"><span class='ocrx_word' id='word_1_866' title='bbox 2078 5427 2456 5493; x_wconf 83' lang='lat' dir='ltr'><strong>conversione,</strong></span> <span class='ocrx_word' id='word_1_867' title='bbox 2505 5430 2694 5486; x_wconf 85' lang='lat' dir='ltr'><strong>eodem</strong></span> <span class='ocrx_word' id='word_1_868' title='bbox 2745 5433 2923 5502; x_wconf 89' lang='lat' dir='ltr'><strong>spatio</strong></span> <span class='ocrx_word' id='word_1_869' title='bbox 2968 5434 3220 5492; x_wconf 87' lang='lat' dir='ltr'><strong>dimensa</strong></span> <span class='ocrx_word' id='word_1_870' title='bbox 3272 5447 3378 5495; x_wconf 90' lang='lat' dir='ltr'><strong>est.</strong></span> <span class='ocrx_word' id='word_1_871' title='bbox 3420 5488 3423 5492; x_wconf 91' lang='lat'><strong>.</strong></span> 
     </span>
    </p>
   </div>
   <div class='ocr_carea' id='block_1_117' title="bbox 2152 5519 3651 5597">
    <p class='ocr_par' dir='ltr' id='par_1_117' title="bbox 2152 5519 3651 5597">
     <span class='ocr_line' id='line_1_117' title="bbox 2152 5519 3651 5597; baseline 0.005 -22"><span class='ocrx_word' id='word_1_872' title='bbox 2152 5519 2307 5592; x_wconf 86' lang='lat' dir='ltr'><strong>[Can.</strong></span> <span class='ocrx_word' id='word_1_873' title='bbox 2358 5520 2439 5593; x_wconf 80' lang='lat'><strong>5.]</strong></span> <span class='ocrx_word' id='word_1_874' title='bbox 2479 5521 2581 5588; x_wconf 87' lang='lat' dir='ltr'><strong>Qui</strong></span> <span class='ocrx_word' id='word_1_875' title='bbox 2622 5523 2689 5577; x_wconf 91' lang='lat' dir='ltr'><strong>ad</strong></span> <span class='ocrx_word' id='word_1_876' title='bbox 2728 5527 3170 5597; x_wconf 83' lang='lat' dir='ltr'><strong>prastigiatores,</strong></span> <span class='ocrx_word' id='word_1_877' title='bbox 3217 5531 3302 5586; x_wconf 91' lang='lat' dir='ltr'><strong>vel</strong></span> <span class='ocrx_word' id='word_1_878' title='bbox 3355 5541 3507 5588; x_wconf 89' lang='lat' dir='ltr'><strong>vates</strong></span> <span class='ocrx_word' id='word_1_879' title='bbox 3560 5534 3651 5588; x_wconf 79' lang='lat' dir='ltr'><strong>ab.</strong></span> 
     </span>
    </p>
   </div>
   <div class='ocr_carea' id='block_1_118' title="bbox 2079 5611 3652 5694">
    <p class='ocr_par' dir='ltr' id='par_1_118' title="bbox 2079 5611 3652 5694">
     <span class='ocr_line' id='line_1_118' title="bbox 2079 5611 3652 5694; baseline 0.008 -30"><span class='ocrx_word' id='word_1_880' title='bbox 2079 5611 2280 5673; x_wconf 90' lang='lat' dir='ltr'><strong>ierunt,</strong></span> <span class='ocrx_word' id='word_1_881' title='bbox 2334 5614 2416 5668; x_wconf 89' lang='lat' dir='ltr'><strong>vel</strong></span> <span class='ocrx_word' id='word_1_882' title='bbox 2471 5629 2566 5669; x_wconf 85' lang='lat' dir='ltr'><strong>cos</strong></span> <span class='ocrx_word' id='word_1_883' title='bbox 2620 5617 2711 5686; x_wconf 91' lang='lat' dir='ltr'><strong>qui</strong></span> <span class='ocrx_word' id='word_1_884' title='bbox 2751 5633 2842 5687; x_wconf 89' lang='lat' dir='ltr'><strong>per</strong></span> <span class='ocrx_word' id='word_1_885' title='bbox 2872 5618 3147 5675; x_wconf 85' lang='lat' dir='ltr'><strong>damones</strong></span> <span class='ocrx_word' id='word_1_886' title='bbox 3178 5636 3237 5676; x_wconf 88' lang='lat' dir='ltr'><strong>se</strong></span> <span class='ocrx_word' id='word_1_887' title='bbox 3268 5623 3482 5690; x_wconf 89' lang='lat' dir='ltr'><strong>piacula</strong></span> <span class='ocrx_word' id='word_1_888' title='bbox 3506 5638 3652 5694; x_wconf 82' lang='lat' dir='ltr'><strong>qua-</strong></span> 
     </span>
    </p>
   </div>
   <div class='ocr_carea' id='block_1_119' title="bbox 2079 5704 3651 5786">
    <p class='ocr_par' dir='ltr' id='par_1_119' title="bbox 2079 5704 3651 5786">
     <span class='ocr_line' id='line_1_119' title="bbox 2079 5704 3651 5786; baseline 0.009 -27"><span class='ocrx_word' id='word_1_889' title='bbox 2079 5704 2204 5759; x_wconf 88' lang='lat' dir='ltr'><strong>dam</strong></span> <span class='ocrx_word' id='word_1_890' title='bbox 2261 5713 2316 5761; x_wconf 92' lang='lat' dir='ltr'><strong>et</strong></span> <span class='ocrx_word' id='word_1_891' title='bbox 2422 5708 2736 5763; x_wconf 87' lang='lat' dir='ltr'><strong>aversiones</strong></span> <span class='ocrx_word' id='word_1_892' title='bbox 2787 5721 3109 5779; x_wconf 80' lang='lat' dir='ltr'><strong>Operaturos</strong></span> <span class='ocrx_word' id='word_1_893' title='bbox 3163 5716 3549 5786; x_wconf 87' lang='lat' dir='ltr'><strong>pollicemur;</strong></span> <span class='ocrx_word' id='word_1_894' title='bbox 3613 5726 3651 5774; x_wconf 73' lang='grc' dir='ltr'><strong>ιι</strong></span> 
     </span>
    </p>
   </div>
   <div class='ocr_carea' id='block_1_120' title="bbox 2080 5800 3651 5876">
    <p class='ocr_par' dir='ltr' id='par_1_120' title="bbox 2080 5800 3651 5876">
     <span class='ocr_line' id='line_1_120' title="bbox 2080 5800 3651 5876; baseline 0.008 -20"><span class='ocrx_word' id='word_1_895' title='bbox 2080 5810 2269 5856; x_wconf 85' lang='lat' dir='ltr'><strong>exacte</strong></span> <span class='ocrx_word' id='word_1_896' title='bbox 2332 5800 2739 5870; x_wconf 86' lang='lat' dir='ltr'><strong>interrogantur</strong></span> <span class='ocrx_word' id='word_1_897' title='bbox 2795 5815 2849 5860; x_wconf 86' lang='lat' dir='ltr'><strong>et</strong></span> <span class='ocrx_word' id='word_1_898' title='bbox 2897 5807 3298 5876; x_wconf 74' lang='lat' dir='ltr'><strong>examinantur,</strong></span> <span class='ocrx_word' id='word_1_899' title='bbox 3352 5818 3531 5867; x_wconf 88' lang='lat' dir='ltr'><strong>utrum</strong></span> <span class='ocrx_word' id='word_1_900' title='bbox 3591 5814 3651 5870; x_wconf 70' lang='lat' dir='ltr'><strong>in</strong></span> 
     </span>
    </p>
   </div>
  </div>
