4166 6372
520 363 624 418 2'27

524 580 631 637 qua
661 565 725 620 ad
773 563 906 617 illud
943 571 1225 632 peccatum
1273 560 1495 629 impulsi
1541 565 1691 619 sunt,
1724 571 1849 610 eum
1881 553 2098 606 aﬂlictio

525 659 706 725 aliqua
745 655 829 709 vel
865 653 1229 708 intolerabilis
1271 652 1486 720 jactura
1521 651 1666 704 hunc
1715 649 1823 702 illis
1855 647 2097 700 animum

526 747 842 811 indidisset;
894 761 964 798 an
995 745 1220 798 omnino
1255 744 1502 814 neglecto
1541 741 1685 810 quod
1722 739 1881 794 nobis
1920 737 2099 790 credi-

527 847 642 891 tum
688 845 772 890 est
814 837 1156 892 testimonio.
1212 834 1278 887 ad
1329 833 1634 886 dagmonum
1672 832 1990 884 societatem
2044 841 2104 879 se

527 929 896 982 contulerunt.
960 927 1016 980 Si
1065 927 1211 979 enim
1274 925 1339 979 ad
1392 925 1550 977 ﬁdem
1601 921 2009 978 inﬁrmandam.
2047 925 2104 972 et

527 1015 671 1084 quod
708 1015 872 1068 Deum
910 1031 1033 1069 esse
1068 1031 1174 1067 non
1222 1014 1526 1076 crederent,
1574 1012 1665 1082 qui
1700 1026 1729 1064 a
1775 1010 2102 1066 Christianis

529 1107 773 1162 creditur
824 1115 876 1160 et
925 1107 1205 1171 adorator,
1237 1106 1367 1160 illud
1397 1107 1670 1168 fecerunt,
1695 1111 1858 1157 erunt
1893 1105 2106 1159 scilicet

529 1207 903 1268 apostatarum
953 1198 1168 1266 judicio
1207 1198 1452 1252 obnoxii.
1503 1197 1598 1250 Sin
1649 1204 1830 1250 autem
1892 1211 2000 1248 non
2038 1195 2109 1248 fe-

530 1291 699 1345 renda
742 1293 1043 1346 necessitas
1079 1291 1281 1359 aliqua,
1337 1289 1535 1359 pusillo
1581 1296 1634 1343 et
1663 1287 1877 1355 abjecto
1914 1301 2105 1340 eorum

530 1385 713 1436 animo
772 1391 1053 1452 superato,
1098 1398 1164 1436 eo
1215 1381 1440 1435 deduxit
1478 1379 1613 1434 falsa
1658 1381 1838 1450 aliqua
1885 1396 1978 1448 spe
2014 1379 2111 1433 de-

530 1475 761 1534 ductos;
805 1456 1058 1528 similiter
1095 1472 1200 1526 erit
1233 1481 1284 1525 et
1315 1472 1368 1524 in
1404 1471 1552 1541 ipsos
1598 1472 1907 1534 clementia,
1935 1471 2109 1524 instar

530 1579 718 1618 eorum
777 1563 866 1633 qui
925 1563 1213 1616 tormentis
1244 1564 1296 1616 in
1333 1569 1579 1632 tempore
1617 1561 1985 1617 confessionis
2021 1578 2108 1616 re—

531 1656 726 1712 sistere
777 1671 886 1709 non
936 1665 1251 1724 potuerunt.

1749 349 1807 403 ὃ.
1848 347 1888 401 G
1902 344 2179 400 REGOIHI
2221 340 2511 398 NYSSENI

525 477 633 530 ﬁde
685 475 737 527 in
785 471 1066 526 Christum
1111 475 1515 539 permanentes,
1566 479 1595 517 a
1631 465 1964 520 necessitate
1999 460 2098 513 ali-

2220 459 2436 530 Kptmbv
2489 459 2665 511 πίστει
2698 497 2710 520 ,

3665 330 3772 384 228

2763 455 2854 508 ὑπ’
2902 454 3144 523 ἀνάγκης
3189 450 3330 511 τινὸς
3371 446 3771 517 συνηνέχθησαν

2204 551 2388 621 ἐκείνῃ
2425 551 2491 619 τῇ
2541 545 2785 617 ἁμαρτίᾳ
2810 586 2826 608 ,
2867 540 3160 604 κακώσεως
3207 556 3379 601 τινος,
3425 538 3460 607 ἢ
3499 536 3772 606 ἀφορήτου

2204 643 2406 711 ζημίας
2436 639 2640 710 ταύτην
2674 639 2856 700 αὐτοῖς
2903 635 3002 706 τὴν
3048 632 3220 703 ὁρμὴν
3273 628 3648 699 ἐμποιησάσης
3675 642 3690 656 ⁸
3739 625 3771 692 ἦ

2203 734 2432 786 καθόλου
2483 730 2995 800 καταφρονήσαντες
3045 723 3138 777 τοῦ
3174 719 3602 789 πεπιστευμένου
3647 713 3776 785 παρ’

2204 826 2362 896 ἡμῶν
2389 823 2714 895 μαρτυρίου,
2742 821 2808 889 τῇ
2850 816 2960 870 τῶν
2989 815 3258 884 δαιμόνων
3291 809 3574 881 συμμαχίᾳ
3617 822 3778 879 προσ-

2205 917 2455 988 έδραμον.
2490 915 2550 966 El
2583 913 2677 982 μὲν
2703 910 2811 981 γὰρ
2836 908 3088 978 άθετήσει
3112 908 3212 975 τῆς
3247 903 3481 962 πίστεως
3515 900 3608 953 καὶ
3640 899 3776 968 πρὸς

2204 1009 2265 1060 τὸ
2295 1009 2369 1078 μὴ
2401 1005 2675 1058 πιστεύειν
2698 998 2835 1054 εἶναι
2864 1000 2994 1053 Θεὸν
3021 999 3112 1050 τὸν
3137 995 3286 1067 παρά
3309 994 3414 1046 τῶν
3439 989 3776 1064 Χριστιανῶν

2207 1097 2682 1171 προσκυνούμενον
2703 1135 2717 1159 ,
2753 1096 2928 1147 ἐκεῖνο
2974 1091 3235 1160 ἐποίησαν
3261 1127 3276 1150 ,
3319 1085 3519 1156 δηλαδὴ
3553 1083 3629 1152 τῷ
3659 1081 3780 1151 κρίο

2211 1201 2344 1262 ματί
2371 1189 2478 1242 τῶν
2517 1185 2878 1258 παραϐάντων
2910 1180 3337 1252 ὑπαχθήσονται.
3370 1177 3431 1229 Εἰ
3462 1174 3520 1228 δέ
3545 1190 3629 1236 τις
3650 1171 3780 1225 ἀϐά-

2210 1299 2437 1345 στακτος
2489 1279 2704 1348 ἀνάγκη
2747 1275 3211 1346 κατακρατήσασα
3264 1271 3362 1339 τῆς
3421 1263 3780 1337 μικροψυχίας

2209 1375 2387 1427 αὐτῶν
2409 1413 2422 1435 ,
2471 1374 2550 1433 εἰς
2594 1369 2751 1422 τοῦτο
2794 1367 3110 1437 προσήγαγε
3135 1363 3221 1415 διά
3251 1377 3397 1422 τινος
3423 1355 3779 1427 ἠπατημένης

2209 1466 2421 1528 ἐλπίδος
2470 1461 3014 1534 παρακρουσθέντας,
3054 1455 3314 1517 ὡσαύτως
3355 1452 3507 1505 ἔσται
3558 1451 3652 1504 καὶ
3694 1446 3774 1500 ἐπ’

2211 1560 2389 1616 αὐτῶν
2413 1561 2446 1629 ἡ
2474 1554 2854 1626 φιλανθρωπία
2875 1596 2888 1617 ,
2920 1552 3043 1606 καθ’
3066 1548 3359 1620 ὁμοιότητα
3390 1543 3494 1597 τῶν
3521 1542 3656 1614 πρὸς
3685 1541 3784 1604 τὰς

2214 1651 2482 1722 βασάνους
2510 1652 2566 1702 ὲν
2604 1646 2682 1718 τῷ
2705 1644 2882 1717 καιρῷ
2929 1646 3027 1715 τῆς
3080 1639 3366 1712 ὁμολογίας
3395 1637 3665 1706 ἀντισχεῖν
3708 1633 3782 1704 μὴ

2211 1744 2566 1813 δυνηθέντων.

605 1833 763 1905 [Can.
819 1837 902 1908 4.]
949 1837 1144 1892 Eorum
1191 1845 1370 1890 autem
1403 1851 1533 1904 quae
1559 1836 1627 1890 ad
1671 1835 2027 1905 cupiditatem
2054 1846 2110 1891 et

2284 1836 2407 1890 Τῶν
2455 1835 2512 1888 δὲ
2557 1830 2627 1888 δι’
2677 1830 2972 1900 ἐπιθυμίαν
3019 1844 3080 1880 τε
3124 1825 3219 1879 καὶ
3258 1821 3452 1893 ἡδονὴν
3487 1817 3787 1888 γινομένων

532 1932 862 2000 voluptatem
916 1929 1051 1982 ﬁunt
1079 1935 1484 1998 ,peccatornm,
1546 1925 1666 1981 haée
1710 1937 1806 1982 est
1845 1927 2042 1982 divisio
2092 1946 2108 1981 :

535 2023 642 2078 hoc
674 2023 818 2076 enim
842 2030 1073 2074 vocatur
1095 2021 1446 2083 adulterium,
1477 2020 1610 2074 illud
1639 2035 1767 2078 vero
1798 2019 2112 2075 fornicatio:

533 2115 612 2168 Ac
645 2113 917 2168 nonnullis
956 2113 1176 2183 quidem
1227 2127 1418 2166 eorum
1467 2116 1560 2182 qui
1598 2122 1728 2168 sunt
1772 2113 2108 2178 subtiliores,

533 2207 739 2277 placuit
797 2207 961 2262 etiam
1026 2206 1404 2261 fornicationis
1456 2215 1743 2276 peccatum
1780 2207 2109 2262 adulterium

534 2315 660 2355 esse
697 2299 1035 2361 existimare,
1082 2300 1343 2369 quoniam
1401 2313 1509 2353 una
1567 2307 1653 2354 est
1699 2300 1938 2370 legitima
1983 2317 2113 2355 con-

529 2391 742 2460 junctio
762 2398 814 2444 ct
859 2391 1104 2445 mulieris
1132 2406 1255 2444 cum
1283 2391 1422 2452 viro,
1461 2399 1515 2446 et
1559 2392 1660 2444 viri
1697 2407 1822 2445 cum
1859 2392 2110 2446 muliere.

534 2482 807 2552 Quidquid
837 2496 968 2551 ergo
1000 2497 1106 2534 non
1136 2491 1219 2534 est
1244 2480 1568 2550 legitimum,
1591 2487 1676 2535 est
1695 2481 1919 2534 omnino
1941 2481 2115 2550 injus-

535 2582 650 2626 tum
671 2582 724 2626 et
745 2573 842 2642 legi
867 2573 1202 2626 contrarium
1233 2591 1245 2626 :
1273 2581 1326 2627 et
1361 2573 1452 2640 qui
1478 2587 1586 2626 non
1611 2572 1774 2626 habet
1805 2573 2113 2641 proprium,

535 2666 697 2721 habet
736 2666 960 2719 omnino
1006 2667 1264 2720 alienum.
1301 2665 1518 2719 Homini
1557 2667 1702 2719 enim
1738 2681 1846 2719 una
1899 2675 2110 2720 tantum

534 2757 659 2810 data
681 2767 762 2811 est
783 2757 1096 2810 auxiliatrix
1133 2773 1161 2809 a
1195 2755 1324 2818 Deo,
1346 2765 1398 2810 et
1441 2756 1656 2809 mulieri
1691 2773 1858 2810 unum
1894 2757 2113 2826 apposi-

535 2858 649 2905 tum
707 2857 790 2902 est
840 2857 1023 2918 caput.
1074 2847 1216 2918 Ergo
1259 2849 1305 2900 si
1354 2847 1492 2916 quis,
1555 2847 1799 2917 quidem,
1843 2849 2115 2915 promi-um

537 2956 629 2992 vas
687 2955 862 3000 suntm,
913 2947 972 2992 ut
1016 2939 1235 2994 divinus
1290 2939 1586 3008 Apostolus
1631 2940 1900 3006 nominat,
1939 2955 2116 3006 posse-

543 3031 679 3085 dm’t
725 3033 805 3090 ⁸⁵.
851 3033 898 3086 ci
937 3033 1020 3086 lex
1065 3033 1502 3101 naturmjustum
1549 3048 1707 3087 usum
1762 3031 2029 3085 concedit.
2059 3029 2116 3083 Si

539 3125 664 3194 quis
695 3134 875 3178 autem
928 3135 1083 3178 extra
1128 3126 1408 3195 proprium
1444 3140 1744 3180 conversus
1788 3123 1972 3188 fuerit,
2015 3125 2118 3176 erit

539 3218 768 3270 omnino
822 3219 874 3270 in
932 3217 1114 3271 alieno
1152 3235 1166 3272 :
1208 3227 1292 3271 est
1336 3227 1513 3272 autem
1552 3217 1848 3286 unicuique
1882 3216 2116 3270 alienum

538 3310 808 3379 quidquid
864 3325 974 3367 non
1009 3319 1094 3365 est
1141 3311 1446 3380 proprium.
1489 3311 1703 3365 etiamsi
1758 3309 1809 3362 id
1851 3324 1959 3362 non
1991 3325 2121 3362 con-

541 3401 761 3456 ﬁteatur
780 3401 874 3470 qui
899 3410 984 3456 est
1009 3401 1290 3455 dominus.
1325 3399 1440 3455 Non
1475 3402 1632 3472 longe
1667 3415 1799 3472 ergo
1835 3416 1863 3454 a
1899 3408 2121 3471 peccato

542 3493 819 3557 adulterii,
870 3493 1159 3548 l'ornicatio
1205 3494 1273 3547 ab
1316 3494 1384 3547 iis
1435 3494 1528 3563 qui
1582 3509 1695 3548 rem
1749 3495 1910 3563 paulo
1959 3509 2124 3547 accn-

542 3585 716 3639 ratius
750 3585 1086 3649 examinant,
1129 3594 1383 3653 suscepta
1439 3594 1545 3647 est,
1598 3601 1722 3638 cum
1771 3586 1917 3640 dicat
1957 3587 2150 3641 etiam-

546 3675 829 3740 Scriptura
877 3693 889 3727 :
930 3673 1012 3727 Ne
1042 3676 1235 3729 multus
1274 3677 1348 3728 sis
1381 3692 1498 3728 cum
1530 3676 1707 3730 aliena
1736 3675 1809 3743 ⁸⁸,
1869 3676 1963 3732 sed
1997 3692 2121 3731 cum

545 3763 1005 3819 imbecillioribus
1064 3765 1410 3836 indulgenter
1457 3765 1726 3834 agendum
1790 3773 2125 3821 censuerunt

547 3856 762 3920 Patres,
803 3857 1124 3911 distinctum
1165 3867 1248 3912 est
1289 3865 1573 3926 peccatum
1609 3858 1712 3910 hac
1762 3858 2006 3926 generali
2045 3857 2124 3911 di-

547 3947 782 4012 visione,
825 3947 968 4016 quod
1014 3946 1302 4000 l'ornicatio
1353 3946 1575 4017 quidem
1641 3946 1855 4000 dicatur
1910 3944 2120 4013 cupidi-

549 4040 680 4093 tatis
719 4054 813 4094 seu
872 4039 1114 4093 libidinis
1159 4041 1417 4109 expletio.
1465 4055 1587 4110 quae
1639 4038 1696 4092 ﬁt
1735 4039 1854 4092 sine
1886 4038 1988 4091 alia
2021 4037 2124 4090 ali-

549 4132 711 4200 cujus
759 4132 992 4201 injuria;
1035 4131 1364 4186 adulterium
1400 4147 1553 4197 vero,
1591 4129 1804 4185 insidiae
1839 4137 1893 4184 et
1923 4129 2126 4198 injuria

548 4239 674 4292 qua:
698 4225 854 4277 alteri
894 4224 1137 4278 all‘ertur.
1172 4224 1229 4278 In
1257 4240 1321 4279 eo
1347 4233 1525 4280 autem
1553 4232 1606 4278 et
1635 4239 1757 4279 cum
1796 4223 2127 4276 animalibus

552 4315 759 4367 coitum
810 4323 863 4367 et
915 4315 1236 4383 pmdicatnm
1287 4331 1408 4370 esse
1456 4316 1805 4377 existimant;
1866 4315 2124 4382 quoniam

558 4407 674 4460 hace
716 4414 842 4460 sunt
893 4415 1102 4460 naturae
1134 4407 1482 4460 adulterium.
1527 4407 1580 4460 In
1613 4406 1663 4459 id
1693 4407 1835 4460 enim
1874 4407 2017 4474 quod
2047 4413 2130 4459 est

2146 3173 2186 3231 ί,
2222 3127 2508 3194 γενήσεται
2533 3137 2545 3149 ·

2175 3207 2188 3228 4
2264 3217 2285 3231 η
2397 3217 2406 3231 ι
2458 3217 2469 3231 ο

2175 3207 2188 3228 Δ

2213 1927 2625 2000 ἁμαρτημάτων
2655 1922 2874 1991 τοιαύτη
2905 1921 3050 1972 ἐστὶν
3082 1919 3113 1987 ἡ
3140 1915 3402 1986 διαίρεσις
3421 1929 3434 1941 ο
3467 1911 3527 1962 τὺ
3553 1908 3648 2000 μέν
3677 1908 3787 2000 γάρ

2215 2023 2459 2076 καλεῖται
2489 2017 2700 2091 μοιχεία
2721 2059 2734 2078 ,
2777 2015 2839 2068 τὸ
2873 2014 2930 2066 δὲ
2981 2011 3223 2081 πορνεία.
3256 2007 3379 2060 Τισὶ
3427 2005 3525 2074 μὲν
3558 1997 3651 2054 οὖν
3679 1999 3787 2052 τῶν

2214 2113 2618 2186 ἀκριϐεστέρων
2643 2110 2809 2182 ἤρεσε
2851 2106 2944 2159 καὶ
2973 2105 3032 2156 τὸ
3067 2103 3206 2154 κατά
3248 2097 3500 2170 πορνείαν
3534 2090 3788 2186 πλημμέ-

2215 2180 2384 2278 λημα,
2416 2180 2833 2274 μοιχείαννίεῖναι
2862 2197 3122 2266 νομίζειν.
3159 2192 3302 2245 Διότι
3334 2187 3430 2258 μία
3458 2184 3604 2278 ἐστὶν

2220 2273 2385 2370 μίμος
2419 2273 2648 2363 συζυγία
2671 2336 2685 2357 ,
2723 2293 2817 2345 καὶ
2847 2288 3066 2358 γυναικὶ
3106 2285 3242 2356 πρὸς
3275 2281 3474 2351 ἄνδρα,
3510 2277 3613 2370 καί
3635 2273 3786 2344 ἀνδρὶ

2217 2368 2353 2462 πρὸς
2387 2391 2640 2458 γυναῖκα.
2689 2386 2802 2438 Πᾶν
2853 2379 2944 2436 οὖν
2989 2379 3050 2432 τὸ
3097 2378 3171 2448 μὴ
3207 2375 3434 2445 νόμιμον
3471 2368 3786 2462 παράνομον

2218 2457 2467 2542 πάντως,
2504 2478 2598 2532 και
2639 2478 2668 2530 ὁ
2695 2477 2772 2546 μὴ
2813 2473 2874 2526 τὸ
2923 2472 3053 2524 tam
3087 2468 3258 2538 ἔχων,
3301 2461 3502 2535 δηλαδὴ
3532 2460 3593 2514 τι
3636 2457 3798 2514 ἀλλό-.

2216 2591 2365 2644 τριον
2397 2573 2508 2642 ἔχει
2531 2589 2543 2601 ·
2579 2568 2656 2640 τῷ
2689 2568 2796 2638 γὰρ
2833 2562 3103 2635 ἀνθρώπῳ
3143 2561 3239 2630 μία
3271 2558 3476 2612 δέδοται
3509 2552 3656 2626 παρά
3693 2549 3786 2604 τοῦ

2216 2665 2352 2719 Θεοῦ
2393 2663 2582 2735 βοηθὸς
2605 2704 2619 2724 ,
2653 2661 2747 2714 καὶ
2776 2660 2841 2728 τῇ
2873 2654 3092 2725 γυναικὶ
3129 2651 3224 2721 μία
3253 2650 3589 2735 ἐφήρμοσται
3619 2660 3787 2712 κεφα-

2217 2760 2306 2829 λή.
2339 2733 2545 2810 Οὐκοῦν
2589 2751 2644 2803 εὶ
2670 2745 2768 2815 μέν
2804 2765 2894 2812 τις
2919 2746 2983 2799 τὸ
3010 2745 3162 2797 ἴδιον
3191 2738 3376 2794 αὑτοῦ
3405 2733 3626 2800 σκεῦος
3645 2774 3660 2796 ,
3689 2751 3789 2785 καο

2219 2826 2325 2911 θῷς
2352 2843 2604 2917 ὀνομάζει
2631 2844 2658 2895 ὁ
2685 2841 2826 2902 θεῖος
2861 2834 3179 2896 Ἀπόστολος
3198 2870 3212 2895 ,
3247 2828 3439 2895 ἐαυτῷ
3480 2826 3787 2894 κτήσαιτο,

2222 2941 2495 3012 συγχωρεῖ
2525 2940 2552 2990 ὁ
2593 2937 2756 3006 νόμος
2801 2932 2901 3000 τῆς
2955 2929 3166 2997 φύσεως
3195 2925 3292 2994 τὴν
3334 2922 3546 2976 δικαίαν
3575 2920 3787 3012 χρῆσιν.

2221 3035 2282 3086 Εἰ
2396 3010 2480 3093 τις
2507 3029 2608 3094 ἔξω
2631 3027 2723 3080 τοῦ
2756 3025 2886 3078 ἱδῖου
2915 3020 3172 3090 τραπείη,
3196 3019 3252 3069 ὲν
3281 3012 3542 3084 ἀλλοτρίῳ
3577 3010 3792 3072 πάντως

2606 3118 2881 3186 ἀλλότριον
2931 3114 2988 3167 δὲ
3042 3111 3255 3179 ἑκάστῳ
3293 3109 3400 3160 πᾶν
3437 3105 3498 3158 τὸ
3531 3104 3603 3174 μὴ
3641 3102 3788 3161 ἴδιον,

2223 3217 2324 3270 κᾶν
2351 3217 2424 3286 μὴ
2449 3210 2875 3284 ὁμολογούμενον
2920 3207 3030 3276 ἔχει
3077 3204 3167 3256 τὸν
3214 3199 3552 3270 κυριεύοντα.
3585 3193 3792 3286 Οὔκουν

2223 3281 2530 3378 πόρρωτοῦ
2559 3303 2702 3354 κατὰ
2730 3299 2825 3368 τὴν
2869 3295 3110 3366 μοιχείαν
3157 3290 3659 3378 πλημμελήματοςᾎ,
3684 3281 3793 3378 -καὶ

2221 3402 2254 3468 ἡ
2298 3375 2529 3465 πορνεία
2560 3395 2671 3454 τοῖς
2716 3390 2806 3442 τὸν
2852 3385 3236 3458 ἀκριϐέστερον
3279 3379 3586 3445 ἐξετάζουσι
3637 3375 3795 3443 λόγον

2225 3466 2434 3557 ἐδείχθη
2461 3525 2476 3546 ,
2522 3483 2788 3551 λεγούσης
2834 3481 2928 3532 καὶ
2973 3477 3072 3546 τῆς
3118 3474 3268 3536 θείας
3295 3471 3545 3543 Γραφῆς’
3581 3469 3660 3521 ὅτι
3699 3466 3794 3535 Μὴ

2223 3579 2418 3642 πολὺς
2451 3578 2574 3630 ἴσθι
2607 3573 2754 3641 πρὸς
2779 3569 3106 3636 ἀλλοτρίαν
3135 3583 3148 3595 ·
3179 3564 3318 3632 πλὴν
3346 3560 3458 3614 ἀλλ’
3484 3558 3666 3628 ἐπειδὴ
3685 3558 3798 3620 τοῖς

2223 3669 2626 3740 ἀσθενεστέροις
2669 3662 2882 3731 ἐγένετό
2928 3678 3012 3723 τις
3047 3656 3198 3729 παρά
3225 3655 3333 3708 τῶν
3379 3653 3633 3719 Πατέρων
3666 3667 3800 3718 συμ-

2225 3761 2516 3834 περιφορὰ,
2549 3757 2789 3829 διεκρίθη
2829 3755 2891 3807 τὺ
2925 3750 3302 3822 πλημμέλημα
3339 3749 3406 3816 τῇ
3438 3745 3624 3812 γενικῇ
3659 3743 3800 3834 διαι-

2231 3832 2375 3928 ρέσει
2406 3853 2574 3923 ταύτῃ
2601 3892 2616 3913 ,
2655 3850 2728 3912 ὼς
2767 3846 3023 3916 πορνείαν
3081 3843 3177 3913 μὲν
3209 3834 3349 3893 εἶναι
3401 3837 3492 3889 καὶ
3528 3832 3800 3901 λέγεσθαι,

2225 3923 2324 4018 τὴν
2349 3945 2518 4017 χωρὶς
2552 3942 2762 4003 ἀδικίας
2792 3939 2980 4008 ἑτέρου
3005 3931 3294 4002 γινομένην
3335 3929 3445 3981 τισὶ
3480 3926 3578 3995 τῆς
3617 3923 3803 3977 ἐπιθυ.

2232 4040 2358 4110 μίας
2391 4036 2735 4105 ἐκπλήρωσιν
2761 4048 2774 4062 ⁸
2851 4028 3094 4099 μοιχείαν
3142 4025 3197 4076 δὲ
3221 4064 3234 4086 ,
3272 4022 3368 4091 τὴν
3421 4018 3712 4085 ὲπιῦουλήν
3745 4031 3803 4068 τε

2229 4134 2322 4185 καὶ
2349 4134 2447 4202 τὴν
2478 4128 2686 4182 ἀδικίαν
2715 4124 2806 4177 τοῦ
2835 4121 3133 4192 ἀλλοτρίου.
3178 4119 3266 4170 Ἐν
3300 4114 3470 4184 ταύτῃ
3501 4113 3556 4164 δὲ
3585 4112 3676 4162 καὶ
3704 4109 3804 4179 τὴν

2231 4225 2566 4295 ζωοφθορίαν
2601 4221 2695 4274 καὶ
2735 4220 2832 4288 τὴν
2869 4213 3258 4284 παιδεραστίαν
3296 4205 3432 4261 εἶναι
3465 4204 3802 4273 λογίζονταιο

2229 4319 2360 4372 διότι
2390 4317 2483 4369 καὶ
2515 4313 2686 4367 ταῦτα
2713 4309 2926 4380 φύσεώς
2956 4309 3072 4360 ἐστι
3106 4303 3340 4376 μοιχεία.
3379 4303 3472 4365 Εἰς
3496 4301 3603 4372 γὰρ
3629 4299 3690 4353 τὸ
3719 4297 3808 4352 ἁλ-

2230 4409 2438 4480 λότριόν
2464 4424 2523 4457 τε
2560 4406 2652 4457 καὶ
2683 4401 2834 4471 παρὰ
2872 4399 3029 4468 φύσιν
3055 4398 3262 4464 γίνεται
3293 4396 3326 4465 ἡ
3361 4393 3560 4446 ἀδικία.
3592 4389 3808 4458 Ταύτης

553 4499 811 4560 alienum,
845 4505 898 4550 et
928 4497 1073 4566 quod
1105 4507 1190 4551 est
1223 4506 1416 4565 praster
1445 4505 1718 4554 naturam.
1751 4497 1806 4551 ﬁt
1830 4498 2117 4564 injustitia.

2229 4501 2406 4556 τοίνυν
2423 4499 2519 4567 τῆς
2539 4495 2851 4564 διαιρέσεως
2877 4492 2967 4544 καὶ
2996 4492 3050 4541 ἐν
3074 4489 3248 4558 τούτῳ
3270 4487 3346 4557 τῷ
3370 4485 3498 4539 εἴδει
3522 4485 3620 4552 τῆς
3639 4484 3810 4552 ἀμαρ-

551 4587 689 4642 Cum
738 4589 849 4642 lucc
872 4604 1003 4656 ergo
1033 4585 1232 4643 divisio
1271 4589 1324 4642 in
1357 4590 1459 4643 hac
1508 4590 1670 4644 etiam
1709 4592 1916 4659 peccati
1944 4591 2128 4659 specie

554 4683 670 4746 ﬁat,
714 4681 1024 4738 universale
1067 4693 1150 4737 est
1204 4681 1532 4746 remedium,
1575 4692 1634 4737 ut
1681 4699 1711 4736 a
1741 4685 2012 4736 concitata
2074 4683 2126 4736 in

554 4775 825 4844 ejusmodi
873 4777 1181 4845 voluptates
1218 4776 1388 4837 rabie.
1423 4791 1518 4846 per
1547 4776 1925 4845 paenitentiam
1963 4774 2128 4828 homo

555 4879 728 4934 purus
761 4867 1066 4929 efﬁciatur;
1112 4867 1204 4922 sed
1240 4868 1368 4936 quia
1414 4883 1604 4922 eorum
1645 4867 1736 4937 qui
1781 4867 1832 4920 in
1886 4867 2128 4920 fornica-

556 4954 707 5012 tione
733 4958 919 5027 polluti
947 4966 1093 5020 sunt,
1131 4958 1332 5026 injuria
1368 4959 1550 5028 aliqua
1580 4973 1705 5012 cum
1757 4958 1860 5012 hoc
1896 4968 2127 5029 peccato

555 5064 666 5104 non
698 5051 984 5104 commista
1013 5058 1117 5113 est,
1157 5059 1442 5120 propterea
1477 5051 1700 5118 duplum
1746 5051 2127 5106 conversionis

556 5148 770 5209 tempus
810 5140 874 5193 iis
903 5142 1283 5209 pra'scriptum
1324 5152 1428 5204 est,
1481 5143 1572 5212 qui
1618 5143 1669 5196 in
1717 5143 1989 5197 adulterio
2047 5143 2130 5196 iu-

555 5232 767 5302 quinati
814 5241 977 5298 sunt;
1018 5243 1071 5287 et
1111 5234 1163 5287 in
1197 5235 1319 5288 aliis
1350 5234 1535 5289 itidem
1575 5237 1759 5290 vetitis
1795 5236 1974 5301 malis,
2015 5237 2130 5290 ani-

556 5327 780 5382 malium
817 5328 977 5381 initn.
1010 5338 1063 5382 et
1120 5328 1269 5382 rabie
1318 5329 1371 5383 in
1407 5330 1702 5386 masculos.
1743 5328 1800 5384 In
1848 5330 1915 5386 iis
1961 5330 2130 5395 enim,

558 5427 618 5473 ut
662 5419 794 5483 dixi,
844 5427 1126 5488 peccatum
1162 5419 1499 5490 duplicatur:
1552 5439 1720 5476 unum
1771 5425 1991 5495 quidem
2051 5423 2132 5496 [in

559 5509 748 5566 illicita
783 5519 838 5564 et
885 5511 1095 5566 nefaria
1127 5513 1442 5582 voluptate;
1491 5514 1723 5569 alterum
1750 5514 1956 5587 autem]
1988 5519 2132 5586 quod

561 5603 760 5673 injuria
781 5619 901 5673 quae
926 5603 982 5657 ﬁt
1002 5604 1178 5670 alteri,
1219 5605 1491 5660 consistit.
1531 5607 1625 5660 Est
1667 5616 1850 5663 autem
1885 5608 2132 5678 quoniam

629 5779 677 5813 ⁸³
707 5778 941 5837 lThess.
961 5798 1034 5848 IV,
1059 5783 1113 5838 4.
1190 5783 1236 5815 ⁸⁸
1272 5781 1477 5837 Ecclcs.
1519 5797 1592 5844 ιιι,
1622 5781 1709 5835 12.

2232 4595 2354 4656 τίας
2394 4587 2763 4660 γεγενημένης
2787 4626 2801 4646 ,
2851 4581 3108 4651 καθολικὴ
3142 4581 3238 4651 μέν
3276 4581 3391 4631 ἐστι
3423 4575 3716 4647 θεραπεία,
3746 4573 3809 4627 τὸ

2232 4687 2330 4754 τῆς
2351 4679 2630 4753 ὲμπαθοῦς
2661 4676 2864 4746 λύσσης
2886 4715 2899 4737 ,
2921 4675 3017 4745 τῆς
3040 4673 3167 4744 περὶ
3196 4671 3292 4734 τάς
3316 4667 3567 4731 τοιαύτας
3593 4666 3807 4736 ἡδονὰς,

2235 4774 2474 4845 καθαρὸν
2521 4773 2585 4824 ὲκ
2634 4767 2995 4841 μεταμελείας
3041 4761 3290 4831 γενέσθαι
3338 4759 3428 4812 τὸν
3480 4757 3808 4828 ἂνθρωπονο

2233 4869 2325 4922 ἐπὶ
2371 4867 2426 4919 δὲ
2459 4865 2567 4918 τῶν
2618 4865 2676 4915 ὲν
2721 4859 2947 4931 πορνείᾳ
2990 4854 3354 4926 μολυνθέντων
3399 4849 3581 4902 ἀδικία
3619 4865 3701 4910 τις
3742 4849 3808 4917 τῇ

2239 4962 2480 5034 ἁμαρτίᾳ
2508 4958 2676 5030 ταύτῃ
2702 4957 2761 5010 ού
2789 4952 3193 5024 καταμέμικται
3214 4965 3228 4979 ⁶
3248 4947 3336 5001 διὰ
3360 4945 3516 4998 τοῦτο
3537 4941 3811 4996 διπλάσιον

2236 5033 2443 5125 ὡρίσθη
2471 5052 2568 5120 τῆς
2597 5045 2928 5118 ἐπιστροφῆς
2949 5046 2976 5096 ὁ
3000 5042 3188 5113 χρόνος
3206 5041 3316 5102 τοῖς
3339 5039 3395 5090 ἐν
3420 5033 3632 5105 μοιχείᾳ
3656 5048 3810 5101 μιαν-

2239 5147 2396 5206 θεῖσι,
2427 5145 2520 5198 καὶ
2545 5143 2602 5194 ἐν
2631 5143 2743 5203 τοῖς
2765 5138 2943 5200 ἄλλοις
2972 5139 3083 5196 τοῖς
3115 5128 3579 5201 ἀπηγορευμένοις
3602 5125 3809 5186 κακοῖς,

2239 5235 2548 5306 ζωοφθορίᾳ
2569 5250 2628 5286 τε
2668 5231 2762 5284 καλ⁵
2787 5232 2855 5300 τῇ
2903 5227 3044 5281 κατά
3071 5225 3197 5286 τοὺς
3234 5221 3466 5292 ἄρρενας
3493 5216 3664 5287 λύσσῃ
3686 5229 3701 5243 '
3731 5215 3807 5267 δι-

2237 5329 2594 5392 πλασιάζεται
2646 5324 2790 5394 γὰρ,
2843 5321 2917 5383 ὡς
2961 5313 3149 5378 εἷπον,
3197 5315 3287 5367 ἐπὶ
3334 5311 3442 5364 τῶν
3490 5308 3742 5362 τοιούτων
3777 5308 3810 5375 ἡ

2165 5450 2190 5472 α
2219 5399 2504 5492 ἀμαρτία.
2531 5417 2646 5472 Μία
2679 5416 2776 5487 μὲν
2809 5415 2843 5485 ἡ
2871 5411 3011 5466 κατὰ
3035 5410 3130 5480 τὴν
3153 5406 3246 5461 τοῦ
3279 5402 3556 5474 ἀλλοτρίου
3601 5397 3812 5492 ἀδικίαν

2243 5489 2624 5582 συνισταμένη.
2666 5505 2908 5578 Διαφορά
2939 5505 2996 5557 δέ
3025 5502 3107 5564 τίς
3141 5501 3289 5553 ἐστιν
3321 5498 3379 5550 ὲν
3407 5493 3485 5563 τῷ
3529 5493 3671 5561 λόγῳ
3718 5489 3812 5557 τῆς

2244 5606 2531 5681 μετανοίας
2552 5643 2566 5667 ,
2597 5603 2690 5656 καὶ
2721 5600 2812 5654 ἐπὶ
2841 5597 2948 5652 τῶν
2977 5594 3116 5650 κατά
3143 5592 3334 5662 ἡδονὴν
3355 5583 3815 5659 πλημμελούντων
