4166 6372
365 369 471 423 229

1612 377 1945 434 EPISTOLA
1982 376 2343 435 CANONICA.

3496 381 3604 436 230

365 484 610 556 τοιαύτη.
654 484 713 538 '0
764 486 862 556 μὲν
910 487 1018 560 γὰρ
1068 489 1162 559 ἀφ’
1208 488 1401 543 ἑαυτοῦ
1444 490 1578 561 πρὸς
1616 491 1713 563 τὴν
1751 490 1935 559 ἐξαγό-

2042 489 2346 546 differentia
2382 491 2435 546 in
2460 491 2670 547 ratione
2693 494 3029 562 poenitentia:
3054 494 3109 548 in
3136 494 3203 549 iis
3230 495 3321 564 qui
3361 495 3413 548 in
3450 496 3609 550 voiu-

370 596 551 650 ρευσιν
599 579 698 647 τῆς
745 581 1019 651 ἁμαρτίας
1060 582 1305 653 ὁρμήσας
1335 622 1351 647 ,
1380 574 1528 653 αὖτῷ
1561 582 1621 636 τὸ
1647 581 1939 648 καταδέξα-

372 671 493 722 σθαι
521 670 587 723 δι’
614 670 818 734 οἰκείας
860 673 1035 742 ὁρμῆς
1070 673 1320 742 γενέσθαι
1360 674 1464 726 τῶν
1514 674 1758 745 κρυφίων
1803 691 1936 726 κατ-

367 764 567 832 ήγορος
590 778 603 791 ’
635 761 709 823 ὡς
747 762 845 832 ἤδη
892 763 991 832 τῆς
1027 763 1319 834 θεραπείας
1349 763 1443 816 τοῦ
1475 764 1678 826 πάθους
1702 762 1938 832 ἀρξάμε-

368 870 491 915 νος,
536 854 629 905 καὶ
678 856 899 923 σημεῖον
937 856 1034 925 τῆς
1080 855 1215 925 πρὸς
1252 856 1311 908 τὸ
1359 858 1604 924 κρεῖττον
1638 855 1937 925 μεταϐολῆς

367 945 770 1015 ἐπιδειξάμενος
804 985 819 1009 ,
871 948 928 998 ἐν
986 946 1509 1016 φιλανθρωποτέροις
1566 948 1774 1014 γίνεται
1824 949 1936 1008 τοῖς

366 1036 678 1106 ἐπιτιμίοις.
716 1037 772 1090 Ὀ
798 1037 853 1090 δέ
885 1038 1155 1107 φωραθεὶς
1187 1039 1279 1090 ἐπὶ
1311 1037 1387 1107 τῷ
1416 1036 1588 1107 κακῷ,
1614 1038 1646 1107 ἢ
1676 1037 1762 1091 διά
1794 1055 1935 1101 τινος

366 1127 603 1195 ὑποψίας
685 1130 719 1199 ἢ
756 1129 1087 1200 κατηγορίας
1136 1130 1405 1193 ἀκουσίως
1451 1130 1842 1199 ἀπελεγχθεὶς,
1878 1130 1935 1182 ἐν

366 1218 735 1292 ὲπιτεταμένῃ
782 1220 989 1288 γίνεται
1032 1223 1096 1291 τῇ
1146 1222 1485 1292 ἐπιστροφῇ·
1512 1220 1651 1274 ὥστε
1705 1222 1935 1293 καθαρι-

366 1308 561 1363 σθέντα
588 1311 655 1362 δι’
684 1311 969 1382 ἀκριϐείας
998 1312 1179 1374 αὐτὸν,
1210 1310 1379 1375 οὕτως
1410 1312 1502 1365 ἐπὶ
1526 1313 1622 1383 τὴν
1651 1313 1757 1365 τῶν
1781 1313 1937 1380 ἀγια-

367 1401 589 1467 σμάτων
618 1403 898 1455 κοινωνίαν
930 1403 1350 1474 παραδεχθῆναι.
1382 1405 1536 1457 Ἔστι
1562 1405 1739 1457 τοίνυν
1770 1406 1797 1456 ὁ
1833 1422 1934 1457 κάς

367 1489 474 1541 νὼν
502 1492 739 1553 τοιοῦτος
767 1533 781 1556 ,
810 1492 949 1545 ὥστε
975 1495 1097 1556 τοὺς
1126 1494 1183 1545 ἐν
1222 1494 1445 1564 πορνείᾳ
1471 1495 1847 1564 μολυνθέντας,
1874 1497 1934 1547 ἐν

364 1582 514 1652 τρισὶ
545 1582 642 1652 μὲν
668 1584 811 1637 ἔτεσι
841 1583 1066 1637 καθόλου
1088 1584 1187 1653 τῆς
1210 1584 1372 1654 εὐχῆς
1413 1585 1747 1658 ἀποὸλήτους
1775 1583 1935 1641 εἶναι’

363 1675 421 1725 ἐν
444 1676 587 1743 τρισὶ
614 1675 670 1727 δὲ
698 1677 795 1746 τῆς
824 1678 1136 1748 ἀκροάσεως
1176 1682 1424 1751 μετέχειν
1456 1680 1641 1751 μόνης,
1670 1682 1727 1733 ἐν
1757 1680 1936 1742 ἄλλοις

360 1763 416 1816 δὲ
446 1766 627 1834 τρισὶν
664 1765 809 1819 ἔτεσι
861 1769 995 1838 μετά
1034 1772 1141 1823 τῶν
1182 1774 1238 1824 ἐν
1266 1776 1331 1843 τῇ
1382 1774 1681 1842 ἐπιστροφῇ
1736 1771 1933 1823 ὑποπι-

362 1855 603 1907 πτόντων
632 1856 1046 1927 προσεύχεσθαι,
1079 1860 1173 1912 καὶ
1201 1860 1320 1914 τότε
1354 1860 1601 1931 μετέχειν
1637 1859 1746 1913 τῶν
1773 1860 1932 1926 ἁγια-

366 1947 606 2017 σμάτων.
654 1948 777 2002 Ἐπὶ
808 1949 865 2003 δὲ
906 1951 1015 2004 τῶν
1050 1953 1457 2024 σπουδαιότερον
1489 1952 1840 2024 κεχρημένων
1865 1954 1932 2023 τῇ

360 2039 698 2111 ἐπιστροφῇ,
754 2044 845 2097 καὶ
895 2044 970 2114 τῷ
1020 2044 1119 2115 βίῳ
1178 2046 1497 2099 δεικνύντων
1535 2046 1633 2116 τὴν
1688 2045 1823 2115 πρὸς
1873 2046 1934 2099 τὸ

360 2129 564 2195 ἀγαθὸν
610 2131 901 2195 ἐπάνοδον,
950 2132 1123 2198 ἔξεστι
1171 2132 1248 2203 τῷ
1278 2132 1644 2203 οἰκονομοῦντι
1690 2131 1823 2202 πρὸς
1873 2132 1932 2184 τὸ

363 2223 640 2293 συμφέρον
658 2223 757 2295 τὴν
790 2224 1244 2293 ἐκκλησιαστικὴν
1280 2223 1589 2293 οἰκονομίαν
1610 2264 1623 2287 ,
1651 2226 1932 2293 συντεμεῖν

360 2313 452 2365 τὸν
486 2314 674 2383 χρόνον
714 2314 814 2384 τῆς
842 2314 1154 2384 ἀκροάσεως
1174 2356 1186 2378 ,
1217 2314 1309 2367 καὶ
1349 2315 1535 2383 τάχιον
1571 2315 1651 2377 είς
1680 2316 1933 2383 ἐπιστρο-

362 2403 467 2473 φὴν
494 2404 757 2470 ἀγαγεῖν,
809 2404 903 2455 καὶ
954 2403 1113 2456 πάλιν
1160 2403 1253 2455 καὶ
1283 2402 1468 2455 τοῦτον
1516 2405 1799 2473 συπεμεῖν
1841 2403 1933 2455 τὸν

358 2494 550 2565 χρόνον
574 2534 589 2555 ,
629 2496 720 2547 καὶ
763 2494 945 2563 τάχιον
980 2494 1271 2548 ἀποδοῦναι
1300 2495 1397 2565 τὴν
1427 2497 1707 2550 κοινωνίαν
1733 2539 1747 2561 ,
1785 2498 1933 2560 ὅπως

361 2585 428 2635 ἂν
457 2586 519 2654 τῇ
556 2584 747 2637 ἐαυτοῦ
780 2584 1070 2657 δοκιμασίᾳ
1113 2588 1337 2657 ἐκκρίνη
1371 2588 1469 2657 τὴν
1516 2587 1608 2639 τοῦ
1638 2586 1935 2657 θεραπευο-

362 2675 523 2739 μένου
555 2675 1121 2746 κατάστασιν.Ὢσπερ
1141 2676 1247 2746 γὰρ
1266 2676 1327 2728 τὸ
1357 2678 1467 2739 τοῖς
1490 2676 1692 2746 χοίροις
1719 2679 1932 2747 ῥίπτειν

360 2764 448 2816 τὸν
483 2764 823 2837 μαργαρίτην
851 2766 1185 2835 ἀπείρηται,
1219 2767 1359 2820 οὓτω
1380 2769 1442 2821 τὸ
1477 2770 1799 2840 ἀποστερεῖν
1840 2771 1930 2824 τοῦ

360 2855 541 2924 τιμίου
588 2856 926 2926 μαργαρίτου
960 2857 1051 2909 τὸν
1100 2857 1201 2927 ἤδη
1240 2857 1525 2927 ἄνθρωπον
1569 2859 1656 2912 διά
1697 2862 1796 2931 τῆς
1831 2879 1932 2913 κα-

362 2945 655 3013 θαρότητός
684 2963 741 2997 τε
774 2946 865 2999 καὶ
918 2946 1182 3009 ἀπαθείας
1226 2949 1512 3017 γενόμενον
1540 2990 1554 3016 ,
1581 2950 1685 3003 τῶν
1718 2952 1932 3005 ἀτόπων

362 3037 527 3088 ἐστίν.
577 3036 640 3088 'll
658 3037 737 3092 ,δὲ
769 3038 908 3089 κατὰ
961 3040 1203 3108 μοιχείαν
1234 3041 1348 3109 ἦτοι
1384 3042 1476 3093 καὶ
1507 3041 1576 3094 τὰ
1606 3042 1769 3096 λοιπά
1816 3044 1930 3115 εἴδη

2040 590 2186 651 ptate
2216 591 2533 649 peccarunt,
2574 583 2864 651 ejusmodi.
2902 583 3003 648 Qui
3038 584 3182 638 enim
3202 600 3265 638 ex
3292 600 3350 639 se
3391 585 3511 654 ipso
3536 585 3605 640 ad

2039 687 2138 726 sua
2161 672 2483 741 proferenda
2513 682 2734 741 peccata
2763 674 3031 742 impulsus
3073 684 3176 737 est,
3220 691 3284 728 eo
3315 676 3457 744 quod
3503 692 3603 732 sua

2039 773 2231 833 sponte
2260 765 2599 818 occultorum
2642 774 2925 819 accusator
2957 782 3077 821 esse
3106 770 3359 833 voluerit,
3415 778 3469 823 ut
3511 771 3605 839 qui

2036 855 2145 924 jam
2204 856 2479 911 affectioni
2552 857 2874 911 medicinam
2941 858 3199 913 adhibere
3248 861 3494 929 cmperit,
3552 869 3608 915 et

2038 946 2249 1013 signum
2306 944 2624 999 mutationis
2663 947 2714 998 in
2769 946 2821 999 id
2873 948 3016 1014 quod
3042 957 3126 1001 est
3172 950 3367 1002 melius
3421 956 3607 1003 osten-

2040 1035 2203 1100 derit,
2237 1036 2290 1089 in
2328 1036 2635 1091 mitioribus
2679 1038 2856 1105 pinnis
2897 1048 3165 1093 versatur.
3202 1039 3304 1104 Qui
3333 1051 3513 1094 autem
3548 1041 3605 1095 in

2038 1128 2181 1179 malo
2215 1128 2584 1197 deprehensus
2628 1137 2730 1192 est,
2772 1131 2852 1183 vel
2889 1138 3109 1199 propter
3154 1131 3389 1200 aliquam
3424 1133 3607 1202 suspi-

2037 1218 2248 1271 cionem
2306 1219 2388 1272 vel
2432 1222 2832 1275 accusationem
2874 1222 3122 1291 ingratiis
3167 1224 3453 1278 convictus
3497 1234 3605 1289 est,

2037 1310 2253 1380 longius
2309 1312 2383 1365 illi
2428 1314 2802 1368 conversionis
2853 1325 3067 1383 tempus
3116 1313 3314 1381 datur;
3373 1325 3431 1369 ut
3488 1300 3629 1386 ipse'

2036 1403 2275 1472 perfecte
2302 1412 2583 1473 purgatus,
2634 1404 2714 1458 sic
2745 1405 2810 1459 ad
2858 1414 3325 1459 sacramentorum
3364 1422 3607 1461 commu-

2036 1496 2252 1551 nionem
2309 1497 2645 1559 admittatur.
2697 1496 2791 1551 Est
2836 1513 2964 1567 ergo
2997 1498 3181 1553 Canon
3211 1501 3504 1570 ejusmodi,
3545 1514 3607 1560 ut

2036 1588 2128 1658 qui
2158 1589 2213 1642 in
2259 1587 2620 1643 fornicatione
2660 1591 2849 1659 polluti
2877 1600 3026 1652 sunt,
3077 1592 3133 1644 in
3177 1594 3352 1649 tribus
3385 1597 3603 1665 quidem

2037 1682 2197 1734 annis
2255 1682 2323 1734 ab
2357 1681 2602 1735 oratione
2647 1683 2869 1736 omnino
2916 1684 3289 1752 expellantur;
3345 1688 3396 1739 in
3431 1691 3605 1745 tribus

2037 1781 2217 1828 autem
2250 1773 2360 1829 sint
2414 1775 2585 1829 solius
2625 1775 2921 1831 auditionis
2955 1779 3267 1846 participes.
3325 1780 3377 1832 in
3428 1782 3606 1835 tribus

2036 1872 2213 1917 autem
2255 1864 2397 1929 aliis,
2439 1878 2563 1918 cum
2615 1866 2683 1920 iis
2716 1867 2809 1934 qui
2864 1867 2917 1920 in
2963 1869 3323 1925 conversione
3361 1872 3608 1925 subster-

2035 1964 2267 2021 nuntur,
2321 1963 2634 2023 precentur,
2688 1966 2743 2011 et
2790 1965 2922 2011 tunc
2969 1960 3078 2014 sint
3133 1974 3603 2018 sacramentorum

2038 2049 2352 2120 participes.
2387 2049 2441 2102 ln
2475 2049 2542 2104 iis
2563 2056 2742 2104 autem
2768 2050 2859 2120 qui
2881 2051 3211 2122 diligentiori
3246 2057 3607 2112 conversione

2036 2142 2123 2196 usi
2152 2140 2370 2205 fuerint,
2404 2150 2458 2196 et
2481 2144 2591 2195 vita
2611 2180 2624 2200 .
2649 2143 2716 2197 ad
2742 2143 2794 2197 id
2818 2145 2962 2214 quod
2994 2145 3198 2199 bonum
3225 2157 3329 2210 est,
3367 2149 3604 2202 reditum

2035 2233 2394 2297 ostenderint,
2451 2234 2575 2289 licet
2611 2234 2661 2289 ei
2709 2236 2803 2305 qui
2854 2236 3156 2305 dispensat,
3212 2254 3308 2307 pro
3349 2241 3608 2293 ecclesia-

2035 2331 2185 2383 stica:
2214 2329 2531 2383 oeconomiae
2570 2329 2818 2394 utilitate,
2860 2339 3074 2400 tempus
3122 2332 3419 2387 auditionis
3472 2350 3607 2387 cun-

2034 2422 2267 2487 trahere,
2312 2429 2365 2475 et
2395 2420 2626 2475 celerius
2665 2420 2730 2475 ad
2765 2424 3177 2477 conversionem
3205 2424 3510 2479 deducere:
3552 2434 3607 2480 et

2035 2528 2229 2567 rursus
2256 2512 2357 2565 hoc
2383 2528 2601 2582 quoque
2634 2520 2847 2583 tempus
2878 2516 3220 2580 contrahere,
3272 2527 3326 2570 et
3369 2518 3605 2570 celerius

2034 2606 2474 2660 communionem
2521 2604 2763 2668 reddere,
2792 2616 2850 2660 ut
2873 2622 2969 2661 sua
2996 2608 3336 2676 probatione.
3369 2610 3491 2676 ejus
3517 2611 3605 2664 cui

2035 2697 2242 2752 medela
2285 2698 2593 2762 adhibetur,
2624 2698 3071 2753 constitutionem
3109 2699 3391 2768 dijudicet.
3413 2699 3608 2766 Quem-

2036 2790 2325 2845 admodum
2357 2792 2501 2845 enim
2534 2791 2715 2859 porcis
2741 2792 3064 2861 margaritas
3096 2792 3365 2861 projicere
3396 2803 3478 2847 est
3508 2809 3607 2848 ve-

2036 2880 2218 2944 tilum,
2275 2880 2348 2933 ita
2396 2890 2449 2935 et
2492 2882 2727 2950 pretiosa
2769 2883 3059 2948 margarita
3094 2882 3307 2951 privare
3339 2900 3461 2936 eum
3511 2885 3607 2952 qui

2030 2971 2142 3040 jam
2174 2986 2269 3039 per
2295 2971 2675 3025 alienationem
2712 2986 2741 3023 a
2776 2972 2906 3025 vitio
2929 2980 2981 3026 et
3009 2974 3382 3041 purgationem
3443 2974 3606 3026 homo

2036 3061 2107 3115 sit
2141 3060 2338 3124 factus,
2371 3060 2668 3114 absurdum
2702 3069 2802 3115 est.
2837 3060 2966 3125 Quae
3005 3069 3185 3113 autem
3227 3062 3279 3113 in
3334 3062 3606 3115 adulterio

360 3129 457 3196 τῆς
495 3129 834 3200 ἀκαθαρσίας
869 3132 1130 3200 γενομένη
1154 3132 1499 3202 παρανομία,
1530 3134 1710 3198 καθὼς
1750 3137 1932 3205 προεί-

2038 3162 2089 3207 ct
2126 3154 2177 3206 in
2224 3153 2446 3222 reliquis
2496 3152 2851 3207 imuumditize
2889 3154 3179 3221 generibus
3221 3154 3277 3206 fit
3319 3154 3606 3217 iniquitas,

364 3238 546 3291 ρηται,
584 3221 725 3273 κατά
757 3221 930 3273 πάντα
965 3225 1021 3273 ἐν
1055 3222 1131 3292 τῷ
1160 3223 1308 3292 αὐτῷ
1337 3225 1563 3295 κρίματι
1598 3227 1933 3301 θεραπευθῆ-

364 3328 535 3374 σεται,
571 3313 628 3364 ἐν
659 3305 701 3379 ᾦ
728 3313 821 3364 καὶ
844 3313 903 3365 τὸ
934 3313 1032 3383 τῆς
1067 3316 1321 3384 πορνείας
1358 3317 1488 3383 ἄγος
1512 3335 1525 3347 ·
1569 3317 1644 3387 τῷ
1681 3318 1735 3371 δὲ
1757 3323 1934 3391 χρόνῳ

359 3403 789 3466 διπλασιάζεται.
827 3405 1350 3475 Παρατηρηθησεται
1384 3406 1440 3459 δὲ
1472 3410 1565 3460 καὶ
1603 3410 1687 3461 ἐπ’
1717 3411 1863 3481 αὐτῷ
1898 3414 1931 3483 ἡ

359 3493 452 3545 τοῦ
476 3494 909 3565 θεραπευομένου
943 3494 1211 3559 διάθεσις,
1248 3495 1305 3546 ὃν
1343 3499 1541 3565 τρόπον
1571 3500 1665 3552 καὶ
1699 3501 1791 3553 ἐπὶ
1823 3503 1931 3555 τῶν

360 3583 436 3653 τῷ
470 3584 726 3654 μολυσμῷ
769 3585 868 3654 τῆς
911 3586 1165 3657 πορνείας
1213 3588 1672 3657 συνενεχθέντων,
1703 3592 1844 3647 ὥστε
1896 3596 1929 3667 ἢ

361 3676 551 3729 θᾶττον
586 3676 617 3747 ἦ
646 3676 966 3749 βραδύτερον
992 3677 1239 3739 γενέσθαι
1268 3682 1450 3743 αὐτοῖς
1484 3682 1581 3752 τὴν
1605 3683 1697 3736 τοῦ
1726 3685 1932 3753 ἀγαθοῦ

363 3768 669 3833 μετουσίαν.

429 3862 688 3914 Λείπεται
715 3861 849 3931 πρὸς
873 3859 1078 3923 τούτοις
1100 3860 1158 3912 τὺ
1175 3860 1451 3931 θυμοειδὲς
1480 3863 1576 3932 τῆς
1594 3862 1771 3933 ψυχῆς
1797 3883 1934 3938 προ-

363 3954 531 4007 θεῖναι
566 3957 644 4014 είς
690 3953 950 4019 ἐξέτασιν,
997 3952 1122 4004 ὅταν
1150 3951 1565 4023 παρασφαλεῖσα
1592 3954 1689 4023 τῆς
1723 3956 1934 4025 ἀγαθῆς

360 4043 455 4096 τοῦ
500 4044 671 4114 θυμοῦ
712 4047 986 4115 χρήσεως,
1022 4046 1100 4106 εἰς
1134 4042 1405 4112 ἁμαρτίαν
1434 4043 1660 4115 ἐκπέσῃ.
1720 4046 1934 4100 Πολλῶν

360 4151 420 4186 τε
450 4133 615 4186 ὄντων
650 4134 789 4186 κατά
805 4134 973 4204 θυμὸν
990 4135 1069 4197 εἰς
1094 4134 1361 4204 ἁμαρτίαν
1389 4135 1816 4204 ἐνεργουμένων,
1841 4140 1933 4191 καὶ

364 4227 578 4279 πάντων
607 4226 811 4291 κακῶν,
855 4225 1019 4296 ηρεσέ
1049 4244 1163 4288 πως
1205 4228 1315 4288 τοῖς
1361 4226 1636 4297 Πατράσιν
1668 4228 1840 4297 ἡμῶν,
1875 4233 1932 4282 ὲν

360 4322 472 4379 τοῖς
515 4318 692 4379 ἄλλοις
732 4316 804 4388 μὴ
853 4316 973 4370 λίαν
1017 4317 1507 4387 ἀκριϐολογεῖσθαι,
1557 4318 1692 4388 μηδὲ
1736 4320 1934 4391 πολλῆς

2035 3252 2093 3297 ut
2127 3246 2330 3298 t’lictum
2369 3253 2472 3305 est,
2498 3245 2687 3297 eodem
2733 3244 2943 3312 judicio
2979 3245 3234 3313 punietur
3262 3262 3370 3314 quo
3408 3256 3455 3300 et
3492 3249 3606 3299 lor-

2035 3337 2326 3390 nicationis
2361 3336 2560 3400 scelus,
2603 3336 2696 3391 sed
2737 3344 2979 3404 tempore
3031 3336 3418 3404 duplicabitur.
3450 3339 3506 3389 In
3541 3353 3607 3391 eo

2035 3439 2238 3489 autem,
2279 3429 2399 3495 ejus
2428 3428 2590 3479 etiam
2642 3428 2730 3480 cui
2782 3426 2988 3480 medela
3041 3427 3350 3490 adhibetur,
3393 3429 3607 3482 affet-tio

2039 3516 2496 3580 ronsiderabitur,
2522 3534 2630 3587 quo
2653 3518 2811 3572 modo
2839 3527 2894 3571 et
2930 3517 2982 3570 in
3019 3517 3086 3571 iis
3108 3519 3201 3586 qui
3230 3517 3609 3574 fornicationis

2038 3609 2451 3677 inquinamento
2487 3609 2765 3678 illaqueati
2810 3618 2959 3671 sunt,
3007 3618 3066 3662 ut
3092 3611 3172 3663 vel
3203 3610 3365 3665 citius
3394 3609 3478 3664 vel
3501 3617 3609 3665 tar-

2042 3700 2168 3758 dius
2186 3699 2268 3759 eis
2287 3702 2359 3757 sit
2381 3702 2507 3757 boni
2533 3700 2891 3771 participatio.

2108 3861 2299 3917 Restat
2346 3861 2410 3913 ad
2464 3860 2577 3913 hzcc
2647 3867 2704 3912 ut
2763 3860 3086 3913 irascentem
3161 3861 3355 3915 anima:
3395 3870 3606 3931 partem

2039 3953 2452 4010 examinandam
2494 3968 2883 4024 proponamus,
2915 3953 3133 4021 quando
3177 3942 3408 4022 lapsa‘a
3466 3954 3610 4009 bono

2040 4047 2133 4100 ira:
2156 4062 2257 4101 usu
2287 4047 2341 4098 in
2376 4053 2657 4114 peccatum
2690 4044 2967 4099 ceciderit.
3011 4044 3183 4116 [Cum
3218 4044 3307 4116 5.]
3333 4046 3468 4100 Cum
3505 4062 3609 4101 au-

2038 4147 2145 4190 tem
2190 4139 2360 4189 multa
2421 4136 2530 4188 sint
2581 4149 2702 4203 qua:
2749 4149 2843 4203 per
2895 4135 3030 4187 iram
3097 4133 3231 4187 fiunt
3287 4143 3506 4203 peccata
3558 4143 3613 4189 et

2042 4229 2219 4282 omnis
2258 4227 2471 4296 generis
2507 4226 2671 4286 mala,
2718 4225 2921 4293 placuit
2953 4225 3209 4280 omnibus
3256 4225 3460 4280 nostris
3507 4224 3614 4279 Pa-

2044 4322 2217 4374 tribus
2293 4320 2345 4371 iu
2407 4317 2529 4372 aliis
2602 4315 2821 4386 quidem
2874 4331 2981 4369 non
3048 4317 3273 4370 nimium
3340 4318 3612 4372 subtiliter

361 4411 508 4476 ἀξιον
542 4411 789 4482 ἡγεῖσθαι
820 4410 1072 4480 σπουδῆς,
1108 4410 1167 4462 τὸ
1205 4409 1527 4479 θεραπεύειν
1565 4410 1741 4464 πάντα
1772 4411 1839 4464 τά
1871 4415 1935 4466 ἐκ

2042 4428 2222 4483 agere,
2259 4425 2359 4465 nec
2393 4408 2625 4464 nimium
2661 4408 2714 4462 in
2747 4424 2812 4463 eo
2862 4409 3027 4462 studii
3061 4423 3347 4478 opemque
3386 4425 3608 4478 ponere,

363 4502 533 4573 θυμοῦ
560 4501 980 4572 παραπτώματα
999 4517 1012 4529 ⁶
1052 4501 1145 4553 καί
1173 4501 1254 4553 τοί
1287 4519 1347 4569 γε
1373 4502 1468 4571 τῆς
1494 4502 1733 4573 Γραφῆς,
1759 4503 1820 4555 ού
1850 4506 1940 4574 μό-

360 4610 449 4645 νον
490 4590 816 4663 τὴν⁶ψυχὴν
855 4590 1302 4661 ἀπαγορευούσης
1352 4590 1563 4661 πληγήν
1594 4607 1606 4619 ο
1656 4592 1790 4645 ἀλλά
1841 4595 1937 4647 καὶ

363 4686 543 4736 πᾶσαν
573 4682 861 4753 λοιδορίαν,
906 4680 938 4751 ἢ
973 4681 1336 4752 βλασφημίαν,
1377 4681 1471 4734 καὶ
1500 4682 1553 4734 εί
1584 4699 1636 4734 τι
1665 4683 1790 4736 ἄλλο
1824 4703 1935 4739 τοι-

361 4774 516 4828 οὖτον
543 4776 571 4827 ό
607 4773 773 4843 θυμὸς
809 4771 1210 4843 ἀπεργάζεται·
1260 4773 1417 4843 μόνον
1442 4773 1498 4827 δὲ
1537 4774 1630 4828 τοῦ
1664 4776 1804 4830 κατά
1844 4778 1937 4831 τὸν

364 4869 522 4940 φόνον
549 4868 714 4937 ἄγους
752 4868 849 4937 τὴν
879 4866 1274 4938 παραφυλακὴν
1317 4867 1659 4937 ἐποιήσαντο,
1706 4869 1794 4922 διὰ
1828 4869 1936 4922 τῶν

363 4960 669 5029 ἐπιτιμίων.
704 4958 962 5029 Διῄρηται
989 4958 1044 5011 δὲ
1075 4958 1135 5010 τὸ
1168 4957 1404 5011 τοιοῦτον
1430 4959 1595 5012 κακὸν
1619 4964 1684 5031 τῇ
1706 4960 1937 5033 διαφορᾷ

362 5052 455 5105 τοῦ
490 5051 736 5105 ἑκουσίου
779 5069 837 5104 τε
884 5052 979 5104 καὶ
1018 5051 1298 5113 ἀκουσίου,
1331 5052 1388 5104 ἐν
1416 5046 1496 5115 οἷς
1545 5052 1788 5117 ἑκούσιος
1838 5054 1937 5122 μέν

364 5148 477 5198 ἐστι
506 5145 681 5213 φόνος.
721 5143 942 5215 Πρῶτον
967 5143 1083 5214 μὲν,
1126 5146 1154 5196 ὁ
1189 5143 1253 5197 ἐκ
1286 5144 1637 5215 παρασκευῆς
1668 5144 1936 5215 τετολμη-

367 5237 525 5307 μένος
552 5235 644 5289 τοῦ
667 5236 747 5299 είς
772 5235 903 5288 αὐτὸ
930 5235 1084 5289 τοῦτο
1112 5236 1592 5307 εύτρεπισαμένου,
1620 5237 1767 5300 ὅπως
1786 5236 1851 5289 ἂν
1876 5238 1938 5290 τὸ

363 5331 493 5397 ἄγος
514 5329 834 5400 ἐργάσηται.
856 5329 1083 5381 Ἔπειτα
1099 5328 1155 5381 δὲ
1179 5330 1428 5392 κάκεῖνος
1459 5330 1516 5381 ἐν
1536 5332 1648 5392 τοῖς
1671 5329 1937 5393 ἑκουσίοις

366 5420 643 5491 ἐνομίσθη,
666 5421 792 5474 ὅταν
810 5438 895 5483 τις
926 5422 984 5473 ἐν
1003 5419 1284 5491 συμπλοκῇ
1322 5421 1415 5473 καὶ
1442 5420 1609 5492 μάχῃ,
1631 5422 1846 5474 τύπτων
1877 5438 1937 5473 τε
1958 5449 1963 5453 -

367 5512 460 5565 καὶ
485 5512 837 5582 τυπτόμενος,
852 5511 1048 5582 ἐνέγκῃ
1070 5511 1208 5565 κατά
1226 5529 1372 5574 τινος
1394 5512 1608 5581 καιρίου
1625 5512 1721 5583 τὴν
1736 5512 1826 5565 διὰ
1840 5512 1938 5583 τῆς

366 5601 546 5673 χειρὸς
574 5603 809 5674 πληγήν.
845 5602 904 5655 ὐ
924 5602 1031 5673 γάρ
1054 5602 1199 5668 ἅπαξ
1222 5602 1299 5673 τῷ
1320 5601 1477 5673 θυμῷ
1506 5603 1816 5675 κρατηθεὶς,
1845 5604 1939 5656 καὶ

367 5695 432 5763 τῇ
462 5695 602 5765 ὁρμῇ
644 5692 745 5763 τῆς
782 5694 948 5765 ὀργῆς
978 5694 1349 5765 χαριζόμενος,
1385 5694 1535 5747 οὐδὲν
1573 5693 1639 5748 ἂν
1668 5694 1820 5765 παρὰ
1849 5694 1940 5748 τὸν

370 5784 556 5855 καιρὸν
588 5782 682 5837 τοῦ
704 5782 907 5847 πάθους
927 5784 1035 5837 τῶν
1061 5783 1327 5854 ἀνακόψαι
1356 5782 1418 5838 τὸ
1442 5783 1609 5839 κακὸν
1631 5783 1940 5854 δυναμένων

2051 4513 2110 4559 ιιι
2134 4502 2315 4557 omnia
2349 4517 2468 4570 qua:
2493 4518 2560 4556 ex
2596 4500 2676 4555 ira
2706 4508 3062 4555 nascerentur
3091 4500 3287 4555 delicta
3318 4510 3609 4566 curarent;

2044 4593 2295 4666 quamvis
2332 4590 2615 4661 Scriptura
2670 4606 2780 4645 non
2827 4591 3000 4645 solum
3055 4590 3255 4644 vulnus
3302 4591 3610 4659 prohibeat,

2045 4687 2139 4742 sed
2170 4685 2333 4742 etiam
2360 4699 2521 4739 omne
2562 4683 2870 4737 convicium
2908 4682 2986 4736 vel
3022 4682 3392 4745 maledictum,
3453 4690 3507 4735 et
3565 4683 3612 4736 si

2043 4776 2172 4847 quid
2206 4775 2351 4829 aliud
2399 4772 2666 4843 ejusmodi
2698 4773 2773 4827 ita
2825 4771 3030 4837 eliicit;
3068 4770 3162 4826 sed
3218 4771 3388 4825 solam
3448 4771 3615 4824 caedis

2044 4867 2353 4922 cautionem
2414 4866 2529 4920 suis
2589 4864 2767 4934 pinnis
2842 4863 3284 4916 introduxerunt.
3344 4860 3616 4915 Dividitur

2044 4966 2222 5012 autem
2259 4957 2360 5010 hoc
2389 4955 2626 5020 malum,
2657 4953 2956 5008 dili’erentia
2989 4953 3311 5007 voluntaria:
3364 4962 3418 5006 ct
3457 4953 3614 5005 invo-

2044 5052 2330 5106 luntariaaz
2391 5056 2445 5103 et
2499 5057 2586 5103 est
2642 5047 2817 5101 caedes
2852 5045 3069 5115 quidem
3108 5045 3441 5107 voluntaria,
3492 5059 3615 5113 quae

2044 5142 2418 5215 praemeditate
2478 5149 2735 5209 suscepta
2791 5146 2875 5193 est
2913 5138 2980 5192 ab
3039 5152 3104 5192 eo
3133 5137 3225 5207 qui
3290 5152 3348 5192 se
3381 5136 3447 5190 ad
3511 5136 3616 5190 hoc

2044 5241 2454 5305 comparaverat
2481 5241 2543 5287 ut
2604 5234 2709 5287 hoc
2739 5232 2954 5287 facinus
2991 5239 3349 5300 perpetraret.
3410 5231 3616 5285 Deinde

2045 5328 2176 5383 illud
2208 5341 2427 5396 quoque
2458 5324 2513 5379 in
2543 5324 2868 5378 voluntariis
2898 5321 3270 5377 existimatum
3300 5329 3405 5383 est,
3437 5338 3616 5390 quan-

2045 5419 2116 5473 do
2148 5419 2273 5489 quis
2314 5419 2370 5471 in
2430 5431 2727 5486 congressu
2790 5415 3087 5470 verberans
3152 5422 3206 5468 et
3265 5414 3612 5477 verberatus,

2046 5526 2208 5566 manu
2260 5508 2472 5578 plagam
2504 5504 2838 5561 mortiferam
2900 5504 3167 5559 intulerit.
3203 5504 3306 5569 Qui
3348 5505 3492 5558 enim
3534 5504 3615 5558 ira

2048 5601 2215 5655 semel
2241 5599 2420 5652 victus
2470 5604 2642 5657 est,et
2690 5596 2857 5649 animi
2906 5597 3228 5666 appetitioni
3276 5596 3441 5657 cedit,
3479 5595 3613 5649 nihil

2045 5707 2233 5748 corum
2265 5706 2385 5760 quae
2423 5690 2622 5743 malum
2671 5696 2893 5757 possent
2944 5697 3247 5759 amputare,
3283 5689 3330 5741 ei
3367 5691 3421 5741 in
3462 5703 3612 5741 men-

2046 5791 2154 5837 tem
2186 5782 2347 5837 venit.
2383 5779 2561 5847 Quarc
2587 5790 2637 5835 et
2672 5779 2783 5833 illic
2814 5796 3029 5851 quoque
3063 5781 3154 5849 qui
3209 5795 3276 5835 ex
3329 5785 3603 5834 concerta-
