4166 6372
575 369 674 426 251

1799 370 1857 431 S.
1894 372 2219 430 GREGORII
2259 374 2550 432 NYSSENI

3703 375 3809 431 9.3%

576 484 725 535 tione
760 483 1037 554 profectus
1061 494 1166 553 cst,
1208 487 1377 544 caedis
1399 495 1650 553 eventus,
1693 492 1749 545 in
1798 492 2000 546 factum
2048 508 2137 547 vo-

2249 496 2330 547 ὶπὶ
2357 495 2478 549 νοῦν
2507 495 2680 548 λάδοι.
2729 494 2885 547 Ὥστε
2918 490 3008 547 καὶ
3030 494 3089 547 τὸ
3117 494 3181 548 ἐκ
3205 496 3303 565 τῆς
3326 497 3643 567 συμπλοκῆς
3676 499 3810 550 ἀπο.

578 575 898 639 luntarium,
929 592 1036 631 non
1094 578 1147 632 in
1181 593 1371 634 casum
1407 582 1711 635 confertur.
1764 582 2143 637 lnvoluntariae

578 675 759 721 autem
793 668 996 722 habent
1032 670 1320 724 manifesta
1379 673 1600 735 indicia,
1634 674 1856 741 quando
1885 676 2008 744 quis
2039 676 2142 727 ali-

578 758 665 810 cui
698 760 853 813 alteri
880 761 957 814 rei
987 762 1227 815 studium
1261 765 1559 832 applicans,
1593 782 1723 822 casu
1755 769 2141 836 gravissimum

578 849 797 917 aliquod
825 852 1023 904 malum
1058 856 1373 922 patraverit.
1404 854 1459 908 In
1508 858 1591 910 his
1632 873 1781 927 ergo,
1809 858 1985 913 caedes
2021 861 2145 928 qui-

577 936 699 991 dem
733 941 789 993 in
822 942 1017 1011 triplex
1052 950 1265 1013 tempus
1293 947 1605 999 extenditur
1654 948 1720 1002 iis
1770 950 1862 1017 qui
1895 965 1990 1017 per
2020 966 2145 1004 con-

576 1030 886 1085 versionem
924 1034 1233 1087 voluntario
1270 1034 1501 1088 facinori
1548 1037 1849 1091 remedium
1885 1038 2139 1095 alTerunt.

578 1119 683 1174 Ter
715 1138 905 1177 novem
938 1124 1101 1178 etiam
1135 1134 1262 1178 sunt
1320 1127 1472 1192 anni,
1537 1129 1833 1182 novenario
1872 1146 2141 1185 annorum

578 1224 803 1265 numero
838 1213 892 1265 in
924 1228 1253 1284 unoquoque
1286 1218 1456 1285 gradu
1490 1217 1775 1287 praeﬁnito,
1825 1230 1884 1274 ut
1927 1222 1977 1274 in
2016 1238 2140 1291 per-

576 1300 715 1354 fecta
780 1303 999 1371 quidem
1042 1310 1413 1376 segregatione
1455 1325 1647 1363 novem
1702 1327 1968 1366 annorum
2007 1323 2144 1368 tem-

578 1407 708 1461 pore
741 1403 985 1449 versetur
1021 1396 1091 1450 ab
1126 1396 1367 1453 Ecclesia
1396 1400 1743 1469 prohibitus;
1796 1404 1933 1459 alios
1961 1413 2140 1460 autem

578 1491 657 1537 tot
690 1500 862 1541 annos
896 1488 948 1541 in
996 1489 1275 1545 auditione
1321 1501 1658 1561 permaneat,
1701 1482 1817 1549 sola
1855 1496 2140 1551 doctorum

576 1585 632 1629 et
680 1576 1085 1645 Scripturarum
1138 1582 1414 1638 auditione
1453 1592 1504 1639 et
1539 1587 1955 1641 conversatione
2014 1603 2139 1642 cum

580 1669 776 1736 populo
804 1669 1002 1739 dignus
1039 1672 1278 1739 habitus,
1305 1675 1361 1729 in
1396 1676 1558 1732 tertio
1613 1687 1792 1733 autem
1844 1681 2143 1736 novenario

577 1774 700 1812 cum
725 1762 1017 1817 substratis
1048 1765 1102 1818 in
1134 1768 1498 1822 conversione
1537 1782 1723 1833 orans,
1762 1779 1821 1823 ut
1862 1773 2143 1840 perveniat

578 1850 644 1903 ad
677 1856 1118 1910 communionem
1150 1859 1478 1913 sacramenti
1502 1861 1712 1915 scilicet
1738 1880 1754 1927 ;
1782 1871 1838 1917 et
1863 1863 1916 1917 in
1951 1864 2141 1918 eodem

577 1942 763 1997 eadem
796 1946 899 2017 erit
937 1947 1246 2004 observatio
1283 1951 1352 2005 ab
1390 1966 1455 2006 eo
1481 1952 1576 2021 qui
1620 1952 1921 2017 Ecclesiam
1969 1957 2145 2010 admi-

578 2034 795 2098 nistrat,
829 2022 882 2089 et
912 2052 1010 2105 pro
1040 2039 1252 2093 ratione
1278 2041 1654 2097 conversionis
1681 2044 1756 2096 illi
1784 2060 2004 2115 quoque
2030 2060 2147 2115 pm-

578 2139 661 2203 me
688 2128 942 2203 extensio
972 2129 1431 2195 rescindeturvut
1480 2147 1579 2201 pro
1631 2149 1823 2188 novem
1877 2136 2036 2191 annis
2091 2137 2143 2190 in

580 2208 907 2287 unequoque
927 2221 1117 2290 gradu,
1143 2223 1226 2277 vel
1251 2233 1395 2288 octo,
1423 2226 1507 2279 vel
1538 2234 1766 2295 septem,
1798 2227 1883 2283 vel
1905 2230 2147 2299 quinque

581 2311 755 2363 solum
791 2310 918 2364 anni
945 2311 1097 2378 ﬁant,
1128 2315 1174 2368 si
1211 2317 1548 2384 pmnitentia:
1577 2320 1895 2389 magnitudo
1930 2329 2146 2391 tempus

579 2400 784 2463 vincat,
824 2413 879 2457 et
912 2413 1132 2472 superet
1178 2407 1543 2463 correctionis
1575 2410 1760 2465 studio
1820 2427 1914 2468 eos
1963 2414 2057 2480 qui
2091 2413 2143 2466 in

580 2492 741 2561 longo
769 2502 1013 2564 tempore
1054 2500 1359 2565 praestituto
1408 2510 1689 2570 susceptas
1722 2518 1751 2557 a
1790 2519 1849 2558 se
1904 2507 2146 2560 maculas

580 2583 821 2651 segniter
846 2587 1054 2641 eluunt.
1089 2587 1517 2645 lnvoluntarium
1544 2604 1721 2647 autem
1742 2594 1901 2648 venia
1927 2594 2145 2663 quidem

578 2673 826 2743 dignum,
855 2675 947 2729 sed
982 2691 1089 2730 non
1122 2678 1393 2734 laudabile
1415 2681 1725 2749 judicatum
1756 2695 1859 2737 est.
1897 2683 2012 2739 Iloc
2055 2699 2145 2739 au-

581 2769 688 2815 tem
720 2763 855 2826 dixi,
892 2774 950 2818 ut
980 2766 1049 2819 sit
1078 2777 1347 2837 apertum,
1376 2771 1521 2838 quod
1552 2773 1714 2826 etiam
1748 2774 1800 2828 si
1837 2776 1959 2842 quis
1994 2776 2147 2829 invo-

582 2852 818 2907 luntarie
858 2854 1019 2910 fuerit
1055 2857 1109 2911 in
1140 2861 1346 2914 scelere
1380 2861 1657 2917 homicidii
1686 2881 1699 2916 :
1735 2879 1859 2917 eum
1888 2875 2143 2935 tauquam

577 2942 688 3011 jam
724 2945 1037 3013 profanum,
1074 2950 1350 3018 piaculum
1392 2953 1686 3017 redditum,
1751 2970 1781 3007 a
1816 2958 2144 3012 sacerdotali

580 3036 752 3104 gratia
803 3037 1131 3107 ejiciendum
1184 3045 1556 3111 pronuntiavit
1607 3060 1804 3100 canon.
1869 3046 2143 3113 Quantum

580 3134 762 3182 autem
789 3136 871 3183 cst
892 3130 1220 3200 expiationis
1251 3140 1467 3204 tempus
1497 3138 1565 3189 ob
1611 3138 1914 3206 simplicem
1968 3138 2139 3194 furni-
2171 3166 2213 3220 ρ

580 3218 876 3284 cationem,
907 3229 1120 3276 tantum
1151 3225 1312 3279 etiam
1348 3233 1497 3281 recte
1543 3227 1740 3283 habere
1772 3230 2142 3284 existimatum

580 3318 666 3363 est
700 3309 753 3362 in
792 3311 858 3365 iis
886 3314 976 3381 qui
1012 3316 1214 3368 caedem
1250 3317 1668 3372 involuntariam
1706 3319 2007 3384 fecissent;
2041 3324 2147 3377 sci-

580 3398 730 3457 licet.
759 3398 813 3452 in
848 3400 916 3453 iis
956 3417 1192 3471 quoque,
1250 3407 1563 3473 pcenitentis
1610 3392 1888 3463 voluntate
1944 3412 2148 3464 exami-

580 3497 752 3557 nata;
789 3501 848 3545 ut
888 3493 931 3547 si
965 3494 1034 3547 sit
1084 3495 1186 3549 ﬁde
1218 3497 1437 3565 quidem
1474 3498 1636 3567 digna
1671 3502 1979 3565 conversio,
2038 3519 2147 3557 non

580 3591 829 3636 servetur
858 3598 1127 3639 annorum
1160 3602 1421 3642 numerus
1451 3607 1465 3655 ;
1501 3590 1595 3643 sed
1631 3593 1893 3660 temporis
1923 3595 2150 3662 prolixi-

582 3678 694 3726 tale
744 3683 1008 3739 resecata,
1040 3678 1107 3731 ad
1178 3677 1435 3733 Ecclesiae
1480 3681 1879 3738 restitutionem
1912 3694 1966 3740 et
2018 3687 2145 3740 boni

581 3765 1050 3834 participationem
1083 3773 1403 3838 compendio
1433 3774 1749 3827 reducatur.
1792 3774 1846 3828 Si
1889 3777 2013 3845 quis
2047 3793 2149 3829 au-

580 3864 687 3909 tem
724 3872 827 3911 non
859 3860 1072 3928 expleto
1120 3870 1362 3930 tempore
1394 3879 1423 3916 a
1477 3868 1777 3920 canonibus
1822 3870 2134 3935 praestituto

582 3949 693 3999 vita
722 3950 967 4014 exredat,
1012 3951 1167 4019 jubet
1204 3952 1420 4007 Patrum
1462 3958 1747 4012 clementia
1802 3966 1861 4012 ut
1924 3959 2150 4016 eﬂectus

583 4053 1053 4095 sacramentorum
1088 4046 1384 4114 particeps,
1420 4063 1526 4101 non
1556 4050 1756 4104 viatico
1812 4066 2043 4113 vacuus,
2082 4053 2151 4107 ad

581 4140 879 4186 extremam)
910 4134 1056 4187 illam
1079 4144 1132 4188 et
1174 4138 1387 4206 longam
1441 4142 1934 4210 peregrinationem
1970 4148 2153 4199 mitta-

582 4231 693 4277 tur.
739 4226 837 4279 δίη
899 4236 1102 4289 autem,
1153 4239 1437 4300 postquam
1490 4238 1817 4290 sacramenti
1884 4240 2152 4309 particeps

584 4316 764 4374 factus
791 4319 973 4384 fuerit,
1004 4338 1222 4376 rursum
1249 4325 1314 4376 ad
1345 4325 1510 4378 vitam
1545 4343 1797 4383 reversus
1828 4330 1936 4384 sit:
1979 4339 2154 4385 statu-

586 4418 700 4462 tum
728 4420 941 4480 tempus
969 4422 1267 4482 exspectet,
1303 4416 1356 4468 in
1413 4417 1507 4470 illo
1551 4421 1722 4487 gradu
1774 4422 2048 4477 exsistens
2099 4424 2152 4476 in

2242 585 2478 654 τέλεσμα
2506 585 2598 637 τοῦ
2636 586 2816 653 φόνου,
2858 586 2938 647 είς
2963 584 3121 655 ἔργον
3156 586 3545 656 προαιρέσεως,
3585 588 3677 642 καὶ
3710 590 3809 641 οὐκ

2244 678 2321 737 είς
2344 676 2640 745 ἀποτυχίαν
2666 675 2944 743 ἀνάγεται.
2973 678 3035 727 Οἱ
3058 676 3114 728 δὲ
3138 676 3377 729 ἀκούσιοι
3401 678 3608 749 φανερὰ
3628 678 3807 748 ἔχουσι

2242 765 2311 817 τά
2338 766 2691 835 γνωρίσματα
2710 781 2723 795 ⁸
2765 766 2893 817 ὅταν
2938 782 3019 827 τις
3050 763 3185 836 πρὸς
3215 765 3399 837 ἕτερόν
3427 783 3479 818 τι
3507 766 3604 836 τὴν
3643 784 3809 819 σπου-

2242 853 2341 926 δὴν
2382 856 2552 925 ἔχων,
2592 855 2652 919 ἐξ
2684 855 2979 924 ἀποτυχίας
3010 872 3062 907 τι
3110 854 3217 907 τῶν
3256 856 3564 926 ἀνηκέστων
3613 857 3805 928 δράσῃ.

2256 945 2377 996 Ἐπὶ
2416 944 2617 997 τούτων
2665 944 2843 996 τοίνυν
2887 947 2914 996 ό
2963 944 3060 1013 μὲν
3106 945 3284 1012 φόνος,
3327 946 3406 1008 εἰς
3454 945 3808 1016 τριπλασίονα

2244 1036 2431 1105 χρόνον
2469 1036 2865 1104 παρατείνεται,
2902 1038 3013 1097 τοῖς
3046 1034 3110 1087 δι’
3143 1037 3475 1106 ἐπιστροφῆς
3509 1036 3807 1106 θεραπευο-

2247 1126 2427 1197 μένοις
2452 1126 2511 1179 τὸ
2541 1127 2783 1179 ἑκούσιον
2809 1126 2959 1193 ἄγος.
3005 1127 3297 1195 Τρισεννέα
3329 1128 3437 1196 γάρ
3465 1130 3597 1180 εἰσιν
3630 1129 3809 1181 ἐνιαυ-

2242 1218 2343 1280 τοὶ,
2378 1217 2497 1270 καθ’
2527 1217 2755 1270 ἕκαστον
2802 1216 3003 1287 βαθμὸν
3032 1218 3127 1286 τῆς
3155 1218 3368 1280 ὲννάδος
3396 1219 3502 1271 τῶν
3534 1217 3667 1270 ἐτῶν
3697 1221 3810 1289 0p:-

2246 1309 2482 1378 σθείσης,
2509 1309 2647 1361 ὥστε
2678 1311 2734 1361 ἐν
2767 1310 2863 1378 μὲν
2891 1309 2967 1378 τῷ
2998 1309 3246 1361 παντελεῖ
3263 1310 3569 1381 ἀφορισμῷ.
3587 1313 3806 1383 ἐνναετῆ

2243 1401 2432 1471 χρόνον
2478 1399 2815 1467 διαγενέσθαι
2862 1400 3255 1469 ἀπειργόμενον
3296 1401 3393 1470 τῆς
3454 1400 3804 1471 Ἐκκλησίας·

2242 1494 2374 1549 ἄλλα
2416 1494 2473 1545 δὲ
2521 1492 2757 1548 τοσαῦτα
2800 1492 2892 1563 ἐτη
2942 1494 2998 1544 ἐν
3030 1495 3094 1562 τῇ
3144 1492 3402 1563 ἀκροάσει
3454 1496 3803 1565 παραμεῖναι,

2246 1585 2411 1656 μόνης
2430 1584 2537 1636 τῶν
2564 1583 2893 1636 διδασκάλων
2926 1584 3018 1635 καὶ
3057 1584 3154 1654 τῆς
3186 1585 3294 1637 τῶν
3336 1584 3568 1655 Γραφῶν
3607 1584 3808 1655 ἀκροά-

2245 1694 2402 1741 σεως,
2460 1674 2553 1728 καὶ
2586 1674 2723 1745 μετὰ
2756 1677 2853 1743 τῆς
2886 1674 2979 1727 τοῦ
3030 1674 3159 1728 λαοῦ
3191 1675 3497 1738 συστάσεως
3556 1675 3807 1744 ἀξιούμει

2244 1787 2360 1832 νον,
2412 1769 2469 1820 ἐν
2501 1767 2556 1819 δὲ
2598 1766 2755 1838 τρίτῃ
2802 1766 3014 1830 ἐννάδι,
3078 1766 3213 1836 μετά
3250 1766 3359 1820 τῶν
3400 1766 3810 1819 ὑποπιπτόντων

2247 1863 2303 1913 ἐν
2359 1863 2425 1929 τῇ
2500 1861 2796 1929 ἐπιστροφῇ
2872 1858 3340 1928 προσευχόμενον,
3397 1858 3569 1921 οὕτως
3637 1859 3809 1911 ἐλθεῖν

2247 1955 2338 2006 ἐπὶ
2392 1952 2491 2023 τὴν
2556 1950 2841 2022 μετουσίαν
2884 1949 2977 2003 τοῦ
3031 1951 3367 2020 άγιάσματος
3397 1967 3413 1981 '
3475 1951 3672 2022 δηλαδὴ
3718 1952 3812 2005 καὶ

2249 2042 2341 2095 ἐπὶ
2378 2041 2470 2093 τοῦ
2508 2039 2767 2103 τοιούτου,
2812 2040 2842 2109 ἡ
2882 2038 3018 2108 αὐτὴ
3068 2040 3438 2109 προστήρησις
3471 2039 3619 2092 ἔσται
3662 2040 3812 2110 παρά

2246 2136 2340 2189 τοῦ
2375 2136 2778 2206 οίκονομοῦντος
2819 2134 2915 2204 τὴν
2960 2134 3304 2204 Ἐκκλησίαν,
3345 2134 3440 2186 καὶ
3493 2132 3630 2203 πρὸς
3658 2131 3811 2199 λόγον

2246 2228 2342 2298 τῆς
2372 2226 2703 2296 ἐπιστροφῆς
2759 2226 3189 2296 συντμηθήσεται
3217 2225 3364 2295 αῦτῷ
3390 2225 3484 2279 καὶ
3504 2228 3544 2294 -ἠ
3570 2222 3662 2277 τοῦ
3698 2225 3813 2276 ἐπιο

2248 2319 2425 2389 τιμίου
2464 2320 2789 2388 παράτασις,
2823 2319 2962 2372 ὥστε
2987 2320 3106 2373 ἀντὶ
3128 2320 3284 2372 ἐννέα
3308 2319 3465 2383 ὲτῶν,
3491 2320 3577 2386 ἐφ’
3602 2317 3813 2387 ἑκάστῳ

2250 2413 2442 2484 βαθμῷ
2473 2411 2615 2465 ὀκτὼ
2650 2412 2682 2482 ἢ
2716 2412 2854 2465 ἐπτά
2887 2412 2919 2482 ἢ
2957 2411 3033 2478 ἒξ,
3086 2410 3118 2482 ἢ
3155 2412 3246 2464 καὶ
3291 2412 3450 2464 πέντε
3500 2411 3633 2481 μόνα
3665 2410 3815 2478 γενέ-

2250 2507 2403 2559 σθαι*
2440 2507 2595 2578 εἴπερ
2639 2505 2699 2557 τὸ
2727 2504 2952 2574 μέγεθος
3002 2504 3101 2572 τῆς
3143 2504 3476 2574 ἐπιστροφῆς
3516 2502 3687 2572 νικοίη
3724 2502 3815 2554 τὸν

2248 2596 2452 2667 χρόνον,
2484 2596 2578 2647 καὶ
2598 2592 2985 2665 ὑπερϐάλλοιτο
3011 2597 3075 2664 τῇ
3117 2593 3314 2664 σπουδῇ
3337 2593 3433 2663 τῆς
3474 2586 3813 2658 διορθώσεως

2245 2686 2369 2747 τοὺς
2399 2684 2455 2735 ἐν
2493 2686 2559 2753 τῇ
2597 2684 2781 2753 μακρᾷ
2812 2682 3118 2754 προθεσμίᾳ
3146 2680 3513 2754 ῥᾳθυμότερόν
3545 2697 3661 2744 πως
3691 2682 3815 2733 ἑαυ-

2246 2775 2372 2836 τοὺς
2399 2773 2506 2826 ἀπὸ
2540 2772 2641 2842 τῆς
2682 2772 2896 2842 κηλῖδος
2926 2772 3299 2842 καθαίροντας.
3358 2770 3431 2824 Τὸ
3457 2770 3514 2823 δὲ
3542 2770 3811 2831 ἀκούσιον,

2249 2864 2586 2934 συγγνωστὸν
2616 2863 2729 2935 μὲν,
2763 2863 2822 2916 οὐ
2857 2864 2963 2934 μὴν
2995 2863 3275 2916 ἐπαινετὸν
3306 2863 3520 2933 ἐκρίθη.
3560 2861 3726 2915 Τοῦτο
3758 2861 3815 2914 δὲ

2248 2954 2426 3019 εἶπον,
2480 2955 2618 3009 ὥστε
2665 2955 2821 3025 δῆλον
2852 2954 3136 3023 γενέσθαι,
3194 2954 3274 3007 ὅτι
3307 2954 3407 3007 κᾶν
3441 2954 3707 3016 ἀκουσίως
3732 2971 3812 3015 τις

2246 3044 2467 3111 γένηται
2504 3043 2560 3094 ἐν
2596 3041 2673 3112 τῷ
2701 3042 2793 3094 τοῦ
2829 3042 2986 3110 φόνου
3035 3042 3324 3111 μιάσμασι,
3364 3043 3437 3105 ὡς
3463 3042 3562 3112 ήδη
3594 3042 3816 3111 βέϐηλον

2247 3135 2407 3188 αὑτὸν
2431 3135 2536 3187 ἀπὸ
2565 3132 2658 3186 τοῦ
2689 3134 2853 3201 ἄγους
2885 3133 3191 3203 γενόμενον,
3214 3133 3516 3204 ἀπόϐλητον
3542 3133 3815 3205 ἱερατικῆς

2248 3228 2465 3295 χάριτος
2503 3227 2530 3278 ό
2571 3224 2745 3277 κανὼν
2793 3225 3108 3292 ἀπεφήνατο
3134 3240 3147 3253 ο
3199 3224 3321 3286 ὅσος
3361 3224 3416 3276 δέ
3447 3225 3591 3275 ἐστιν
3631 3224 3723 3276 ἐπὶ
3749 3226 3814 3291 τῇ

2245 3318 2373 3386 ψιλῇ
2403 3316 2625 3387 πορνεία
2663 3315 2755 3368 τοῦ
2790 3315 3082 3386 καθαρσίου
3123 3316 3150 3367 ό
3184 3315 3392 3385 χρόνος,
3439 3314 3688 3376 τοσοῦτος
3726 3314 3818 3367 καὶ

2246 3408 2471 3461 ἐπὶτῶν
2517 3408 2783 3469 ἀκουσίως
2819 3406 3227 3475 πεφονευκότων
3291 3404 3620 3477 ἐδοκιμάσθη
3656 3406 3816 3459 καλὸν

2248 3501 2410 3570 ἔχειν,
2436 3499 2632 3569 δηλαδὴ
2668 3498 2759 3551 καὶ
2794 3500 2850 3550 ἐν
2876 3498 3046 3567 τούτῳ
3077 3503 3174 3567 τῆς
3197 3498 3562 3569 προαιρέσεως
3590 3497 3682 3550 τοῦ
3719 3515 3815 3567 με·

2246 3591 2557 3653 τανοοῦντος
2573 3590 3000 3659 δοκιμαζομένης
3022 3607 3034 3619 ·
3059 3589 3196 3641 ὥστε
3216 3592 3263 3640 εί
3288 3590 3596 3653 ἀξιόπιστος
3615 3589 3819 3656 γένοιτο

2247 3684 2281 3752 ἡ
2310 3681 2630 3751 ἐπιστροφὴ,
2650 3680 2722 3749 μὴ
2746 3680 2959 3739 πάντως
2986 3677 3470 3747 παραφυλαχθῆναι
3487 3677 3575 3728 τὸν
3592 3676 3818 3746 ἀριθμὸν

2247 3771 2355 3823 τῶν
2380 3770 2534 3833 ἐτῶν,
2560 3770 2694 3822 ἀλλά
2718 3768 2805 3819 διὰ
2837 3768 3127 3836 συντομίας
3168 3769 3393 3834 ἀγαγεῖν
3422 3768 3583 3819 αὑτὸν
3612 3768 3691 3829 είς
3720 3766 3819 3837 τὴν

2248 3864 2345 3933 τῆς
2360 3860 2680 3932 Ἑκκλησίας
2698 3861 3157 3923 ἀποκατάστασιν,
3180 3860 3271 3912 καὶ
3288 3861 3364 3921 εἰς
3382 3860 3478 3928 τὴν
3492 3858 3586 3911 τοῦ
3610 3858 3815 3926 ἀγαθοῦ

2254 3956 2557 4027 μετουσίαν.
2601 3956 2663 4006 Et
2710 3954 2766 4006 δέ
2792 3971 2875 4016 τις
2924 3954 2996 4024 μὴ
3042 3950 3331 4023 πληρώσας
3365 3952 3455 4003 τὸν
3501 3951 3689 4022 χρόνον
3728 3951 3819 4004 τὸν

2250 4050 2314 4101 ἐκ
2365 4047 2471 4099 τῶν
2521 4044 2755 4098 κανόνων
2804 4045 3200 4114 ἀφωρισμένον,
3259 4043 3490 4109 ἐξοδεύοι
3533 4043 3626 4095 τοῦ
3668 4042 3814 4111 βίου·

2252 4139 2459 4192 κελεύει
2514 4139 2547 4207 ἡ
2593 4137 2697 4189 τῶν
2737 4136 2994 4204 Πατέρων
3047 4134 3423 4204 φιλανθρωπία
3487 4134 3820 4205 μετασχόντα

2249 4232 2357 4285 τῶν
2396 4230 2781 4298 άγιασμάτων,
2844 4226 2916 4297 μὴ
2956 4227 3108 4278 κενὸν
3152 4226 3243 4277 τοῦ
3289 4226 3497 4293 ὲφοδίου
3546 4227 3679 4296 πρὸς
3722 4228 3820 4296 τὴν

2251 4324 2485 4393 ἐσχάτην
2505 4321 2718 4389 ἐκείνην
2739 4318 2831 4372 καὶ
2859 4316 3073 4387 μακράν
3092 4316 3398 4387 ἀποδημίαν
3417 4316 3818 4384 ἐκπεμφθῆναι.

2253 4416 2317 4468 Εἰ
2345 4414 2400 4465 δὲ
2440 4408 2721 4482 μετασχὼν
2745 4408 2835 4460 τοῦ
2867 4407 3222 4475 ἀγιάσματος,
3257 4408 3416 4460 πάλιν
3446 4410 3523 4469 είς
3555 4407 3649 4477 τὴν
3675 4405 3820 4475 ζωὴν

584 4514 695 4568 quo
734 4511 851 4554 erat
905 4512 1029 4556 ante
1086 4507 1520 4561 communionem
1569 4509 1644 4561 illi
1711 4526 1776 4565 ex
1824 4515 2147 4568 necessitate

2258 4504 2561 4563 ἐπανέλθοι,
2591 4500 2879 4570 ἀναμένειν
2904 4500 2993 4553 τὸν
3016 4498 3345 4568 τεταγμένον
3370 4500 3576 4569 χρόνον,
3606 4501 3661 4549 ἐν
3680 4498 3821 4549 ὲκεί-

584 4594 791 4647 datam.

657 4763 833 4835 [ϐαιι.
865 4765 919 4820 6.
946 4766 1164 4839 ]Altera
1196 4779 1374 4825 autem
1410 4770 1731 4827 idololatrize
1766 4773 1982 4843 species
2023 4772 2148 4842 (sic

584 4856 728 4909 enim
750 4857 969 4911 divinus
989 4862 1279 4929 Apostolus
1299 4864 1581 4917 avaritiam
1602 4866 1924 4935 appellat")
1946 4867 2150 4928 nescio,

585 4963 857 5018 quomoao
898 4953 1103 5021 absque
1158 4955 1263 5007 ulla
1312 4970 1487 5024 pmna':
1538 4958 1745 5011 medela
1803 4974 1833 5011 a
1897 4956 2151 5012 Patribus

585 5042 953 5109 praetermissa
990 5044 1079 5096 sit.
1111 5046 1272 5114 Atqui
1317 5046 1417 5099 hoc
1446 5048 1646 5101 malum
1682 5048 1900 5116 quidem
1939 5048 2151 5103 videtur

585 5147 709 5186 esse
739 5134 904 5185 trium
950 5135 1119 5188 animi
1160 5139 1613 5192 constitutionum
1644 5140 1879 5193 all'ectio.
1929 5137 2063 5192 Nam
2100 5151 2152 5194 et

585 5224 751 5286 ratio,
783 5224 851 5277 ab
878 5225 996 5294 ejus
1023 5226 1166 5295 quod
1192 5228 1480 5296 pulchrum
1509 5239 1590 5285 est
1611 5230 1841 5298 judicio,
1867 5231 2149 5293 aberraus,

584 5332 707 5371 esse
736 5318 789 5370 in
814 5319 1036 5372 materia
1071 5319 1212 5387 quod
1244 5321 1531 5390 pulchrum
1564 5330 1646 5378 est
1693 5323 1994 5389 existimat,
2042 5338 2151 5376 non

591 5410 657 5462 ad
689 5407 1149 5477 pulchritudinem
1181 5427 1219 5463 ιι·
1248 5412 1471 5465 materia
1502 5421 1806 5481 separatam
1840 5413 2110 5481 aspiciens
2132 5453 2148 5479 ,

588 5508 643 5552 et
664 5498 987 5551 desiderium
1012 5497 1077 5551 ad
1101 5514 1162 5553 ea
1186 5517 1305 5570 qua:
1335 5513 1459 5556 sunt
1509 5503 1766 5558 inferiora
1815 5505 2107 5559 inclinatur
2129 5544 2144 5568 ,

590 5589 661 5644 ab
718 5605 783 5643 eo
825 5588 967 5659 quod
1024 5606 1146 5645 vere
1179 5602 1262 5647 cst
1296 5596 1655 5665 expetendum
1707 5598 1977 5655 dilabens.
2028 5598 2147 5653 Jam

661 5765 703 5801 ⁸⁷
731 5766 928 5839 Epht's.
953 5787 1005 5824 γ.
1032 5771 1081 5825 5.

2261 4615 2336 4667 νῳ
2365 4594 2440 4665 τῷ
2464 4593 2654 4663 βαθμῷ
2679 4592 2985 4660 γενόμενον,
3015 4591 3071 4641 ἐν
3095 4583 3220 4659 ᾧῆν
3243 4590 3347 4661 πρὸ
3366 4590 3462 4659 τῆς
3492 4589 3629 4643 κατά
3659 4590 3823 4657 ἀνάγ..

2261 4701 2363 4754 κην
2395 4682 2543 4751 αὐτῴ
2573 4680 2816 4746 δοθείσης
2849 4677 3147 4741 κοινωνίας.

2331 4773 2405 4825 Τὸ
2430 4773 2485 4825 δὲ
2520 4768 2653 4833 εἶδος
2685 4771 2782 4839 τῆς
2811 4769 3253 4840 εἰδωλολατρείας
3272 4786 3284 4797 ·
3318 4768 3459 4821 οὕτω
3484 4768 3593 4838 γὰρ
3621 4767 3822 4837 ὀνομά-

2259 4870 2339 4933 ζει
2366 4868 2461 4937 τὴν
2488 4864 2794 4929 πλεονεξίαν
2821 4865 2848 4915 ό
2883 4863 3021 4925 θεῖος
3054 4861 3397 4922 Ἀπόστολοςο
3414 4861 3513 4911 οὐκ
3541 4856 3656 4911 οἶδα
3677 4860 3824 4921 ὅπως

2259 4957 2625 5029 ἀθεράπευτον
2648 4954 2753 5007 ὑπὸ
2781 4954 2887 5006 τῶν
2917 4952 3171 5023 Πατάρων
3192 4950 3347 5022 ἡμῶν
3376 4950 3677 5021 περιώφθη.
3716 4950 3823 5003 Καί

2257 5052 2339 5104 τοί
2366 5067 2427 5116 γε
2453 5049 2598 5100 δοκεῖ
2628 5046 2688 5098 τὸ
2706 5046 2944 5099 τοιοῦτον
2972 5046 3140 5098 κακὸν
3161 5046 3258 5115 τῆς
3284 5043 3472 5113 τρίτης
3500 5044 3558 5094 ὲν
3586 5045 3651 5112 τῇ
3676 5041 3821 5113 ψυχῇ

2256 5141 2637 5199 καταστάσεως
2671 5137 2841 5197 πάθος
2870 5133 3025 5188 εἶναι.
3059 5136 3162 5189 Καὶ
3185 5136 3291 5206 γὰρ
3317 5135 3574 5205 λογισμὸς
3606 5134 3705 5204 τῆς
3728 5128 3823 5186 τοῦ

2256 5233 2422 5288 καλοῦ
2450 5233 2681 5304 κρίσεως
2716 5230 3064 5299 ἁμαρτάνων,
3092 5228 3148 5278 ἐν
3184 5230 3249 5295 τῇ
3276 5226 3377 5299 ὕλῃ
3401 5226 3461 5279 τὸ
3501 5226 3662 5278 καλὸν
3686 5220 3824 5278 εἶναι

2256 5322 2601 5394 φαντάζεται,
2616 5322 2674 5372 οὺ
2695 5320 2827 5389 πρὸς
2853 5320 2911 5371 τὸ
2927 5318 3083 5371 ἀῦλον
3105 5317 3420 5369 ἀναϐλέπων
3438 5316 3651 5379 κάλλος,
3676 5316 3769 5368 καὶ
3788 5316 3823 5384 ἡ

2256 5416 2517 5483 ἐπιθυμία
2538 5413 2672 5483 πρὸς
2692 5411 2756 5463 τά
2778 5412 2926 5463 κάτω
2947 5408 3146 5479 dcimo?»
3161 5408 3391 5477 ἀληθοῦς
3408 5406 3633 5476 όρεκτοῦ
3649 5407 3824 5475 ἀπορ-

2258 5503 2475 5573 ρέουσα.
2514 5500 2622 5552 Καὶ
2650 5500 2683 5568 ἡ
2727 5497 3024 5566 φιλόνεικός
3070 5514 3127 5549 τε
3174 5497 3264 5550 καὶ
3285 5496 3536 5567 θυμώδης
3566 5495 3825 5557 διάθεσις,

2257 5592 2457 5655 πολλάς
2485 5595 2548 5644 ὲκ
2570 5592 2667 5661 τῆς
2694 5590 2946 5661 τοιαύτης
2976 5588 3246 5660 ἁμαρτίας
3280 5587 3377 5651 τὰς
3405 5586 3657 5657 ἀφορμὰς
3697 5585 3829 5656 λαμ-
