4166 6372
372 386 485 446 2:5

376 499 547 554 ϐἀνει.
584 503 691 558 Καὶ
714 508 773 560 τὸ
795 509 911 564 ὅλον
940 515 1132 581 εἰπεῖν,
1170 528 1451 589 συμφωνεῖ

298 670 301 673 Δ
374 590 451 659 τῷ
484 593 823 671 ἀποστολικῷ
874 604 972 673 τῆς
1017 610 1328 676 πλεονεξίας
1373 616 1400 667 ὃ

1628 414 1962 475 EPISTOLA
1992 420 2079 477 CA
2089 422 2358 482 NONICA.

1482 529 1512 597 ἡ
1543 531 1765 603 τοιαύτη
1795 534 1931 595 νόσος

2054 553 2181 594 vero
2206 550 2259 594 et
2298 544 2641 601 contentiosa
2668 547 3029 619 animosaque
3051 522 3247 605 animae
3301 550 3516 609 aﬂ'ectio
3557 571 3628 611 ex

1405 634 1503 686 ρῳ.
1556 619 1612 671 ’0
1651 622 1758 694 γὰρ
1808 624 1931 685 θεῖος

2055 629 2158 685 hoc
2213 643 2435 701 peccato
2479 639 2679 693 multas
2730 640 3052 696 occasiones
3102 643 3319 713 accipit.
3367 643 3435 699 Et
3479 654 3538 701 ut
3569 647 3627 704 in

3519 443 3628 500 23L

374 683 714 753 Ἀπόστολος,
739 691 798 743 οὐ
826 694 984 761 μόνον
1018 700 1181 771 αὐτὴν
1212 705 1675 779 εἰδωλολατρείαν,
1705 713 1837 767 ἀλλά
1858 717 1931 768 κα

377 773 529 804 λῖν-..
559 780 712 804 -,τ...--
819 785 879 804 _~
1066 791 1091 804 ..
1181 795 1192 804 .
1333 799 1342 804 .

2104 683 2113 685 ἡ
2213 683 2430 701 την--
2479 683 2679 693 ---ηπ
2734 683 3052 696 “cum”-..
3102 683 3319 713 -..ν.,,...
3367 683 3435 699 ..ι
3480 683 3538 701 ι..
3569 683 3625 704 ι..

2054 722 2367 777 universum
2396 725 2593 791 dicam,
2618 728 2708 783 hic
2739 730 2963 785 morbus
3006 746 3133 786 cum
3162 736 3462 804 apostolica
3492 751 3625 792 ava-

373 773 529 843 ῥίζαν
559 780 774 833 πάντων
816 785 919 838 τῶν
948 791 1131 843 κακῶν
1168 795 1515 867 ἀπεφήνατο·
1578 804 1671 856 καὶ
1710 806 1859 871 ὅμως
1888 808 1949 860 τὸ

370 865 609 920 τοιοῦτον
637 866 774 936 εἶδος
820 877 1088 951 παρώφθη
1124 885 1221 950 τῆς
1266 888 1419 940 νόσου
1465 891 1859 949 ἀνεπίσκεπτόν
1886 914 1946 950 τε

372 958 465 1009 καὶ
502 960 874 1034 ἀτημέλητον·
903 969 983 1023 διὸ
1009 973 1101 1025 καὶ
1123 976 1405 1041 πλεονάζει
1433 982 1571 1034 κατα
1600 983 1698 1046 τὰς
1722 986 1948 1057 Ἐκκλη-

259 1113 263 1117 ν
372 1048 512 1138 σίας,
547 1052 606 1104 τὸ
623 1055 862 1110 τοιοῦτον
885 1061 1140 1135 ἀρῤώστη
1150 1083 1246 1134 μα,
1274 1069 1367 1121 καὶ
1390 1072 1561 1136 οὐδεὶς
1590 1076 1712 1138 τοὺς
1746 1078 1836 1129 ἐπὶ
1857 1048 1945 1131 τόν

371 1137 569 1209 κλῆρον
593 1143 893 1213 ἀγομένους
916 1154 1355 1224 περιεργάζεται,
1391 1161 1584 1229 μήπως
1618 1163 1695 1232 τῷ
1720 1167 1945 1236 τοιούτῳ

370 1229 497 1326 sidat.
527 1232 622 1326 τῆς
648 1235 1089 1310 είδωλολατρείας
1114 1249 1573 1321 κατεμιάνθησαν.
1628 1229 1787 1308 Ἀλλά
1816 1229 1943 1326 περλ.

372 1319 472 1416 μὲν
500 1322 720 1392 τούτων,
764 1328 851 1382 διά
889 1332 951 1383 τὸ
983 1337 1272 1406 παρεῖσθαι
1304 1342 1415 1403 τοῖς
1439 1319 1727 1413 Πατρᾶσιν
1759 1319 1939 1416 ἡμῶν,

369 1414 573 1510 ἀρκεῖν
586 1417 864 1510 ἡγούμεθα
895 1423 973 1495 τῷ
999 1427 1241 1499 δημοσίῳ
1276 1432 1377 1501 τῆς
1402 1432 1748 1500 διδασκαλίας
1775 1414 1937 1510 λόγῳ,

367 1505 515 1569 ὅπως
548 1506 616 1560 ἂν
664 1504 775 1563 οἷόν
814 1531 875 1567 τε
923 1511 988 1590 ᾖ,
1021 1516 1377 1591 θεραπεύειν,
1417 1524 1606 1596 ὥσπερ
1645 1530 1769 1582 τινά
1794 1530 1937 1602 πάθη

367 1597 706 1669 πληθωρικά,
730 1603 830 1669 τὰς
860 1607 1245 1677 πλεονεκτικάς
1272 1616 1582 1686 ἀρρωστίας
1610 1618 1696 1671 διὰ
1728 1621 1821 1673 τοῦ
1848 1597 1937 1675 λόζ

364 1703 462 1781 γου
492 1690 866 1781 καθαίροντας.
912 1700 1095 1771 Μάνην
1119 1703 1176 1755 δὲ
1206 1705 1302 1776 τὴν
1333 1706 1539 1778 κλοπὴν
1568 1710 1658 1762 καὶ
1684 1711 1781 1781 τὴν
1802 1729 1937 1781 τυμ-

364 1776 658 1849 ϐωρυχίαν,
697 1785 790 1837 καὶ
821 1786 916 1856 τὴν
949 1788 1250 1859 ἱεροσυλίαν
1296 1794 1440 1865 πάθη
1483 1776 1791 1865 νομίζομεν,
1846 1776 1932 1852 διά

2051 812 2192 866 ritia:
2229 814 2548 872 definitione
2573 821 2866 874 consentit.
2901 820 3127 879 Divinus
3149 826 3294 879 enim
3324 827 3623 897 Apostolus

2049 918 2167 957 eam
2201 921 2305 958 non
2342 907 2517 961 solum
2568 910 2959 977 idololatriam,
3012 914 3113 968 sed
3159 918 3324 970 etiam
3374 919 3624 973 omnium

2048 994 2319 1048 malorum
2356 998 2595 1053 radicem
2626 1003 3000 1069 pronuntiavit
3026 1004 3113 1070 ”;
3180 1013 3233 1060 et
3287 1014 3470 1062 tamen
3506 1008 3623 1064 haec

2047 1086 2223 1139 morbi
2267 1088 2500 1156 species,
2547 1090 2953 1148 inconsiderata
2994 1103 3049 1148 et
3102 1100 3314 1166 absque
3352 1098 3467 1152 ulla
3498 1098 3621 1164 ejus

2045 1188 2180 1227 cura
2216 1177 2584 1244 praetermissa
2615 1188 2699 1234 est
2725 1199 2739 1235 :
2765 1197 2874 1251 quo
2892 1183 2971 1245 fit,
3000 1193 3059 1238 ut
3083 1183 3173 1237 hic
3199 1185 3427 1241 morbus
3459 1187 3619 1241 valde

2045 1263 2100 1317 in
2134 1264 2378 1322 Ecclesia
2406 1268 2692 1338 redundet,
2733 1283 2784 1326 et
2825 1289 2985 1328 nemo
3008 1275 3063 1328 in
3096 1275 3163 1329 iis
3191 1276 3282 1344 qui
3309 1276 3375 1330 ad
3408 1277 3616 1331 clerum

2044 1354 2411 1422 adducuntur,
2455 1360 2702 1431 inquirit,
2745 1379 2875 1417 num
2912 1366 3005 1434 qui
3055 1380 3122 1420 eo
3152 1366 3473 1421 idololatriae
3521 1382 3614 1437 ge.

2042 1464 2173 1503 nere
2201 1451 2390 1520 polluti
2412 1454 2542 1509 sint.
2570 1454 2674 1511 Sed
2706 1456 2774 1511 de
2802 1458 2870 1513 iis
2894 1458 3140 1528 quidem,
3170 1460 3428 1528 quoniam
3481 1459 3534 1514 id
3585 1473 3618 1513 α

2041 1539 2297 1598 Patribus
2326 1547 2753 1613 praetermissum
2784 1556 2908 1612 est,
2943 1550 3192 1605 sufﬁcere
3220 1550 3481 1606 existimo
3512 1565 3618 1621 pu-

2044 1632 2181 1686 blica
2233 1634 2499 1690 doctrina:
2541 1639 2771 1702 ratione,
2827 1654 2891 1694 ea
2934 1641 3211 1710 quomodo
3260 1639 3379 1695 fieri
3435 1645 3619 1710 potest

2043 1734 2258 1785 curare,
2282 1723 2448 1777 veluti
2473 1726 2739 1794 quosdam
2774 1728 2997 1783 morbos
3020 1743 3089 1784 ex
3116 1728 3414 1798 repletione
3442 1735 3613 1793 ortos,

2044 1810 2386 1881 inexplebilis
2425 1816 2667 1871 avaritiae
2715 1816 3035 1875 affectiones
3102 1820 3351 1875 oratione
3384 1833 3619 1890 purgan-

361 1867 422 1978 τὸ
441 1870 611 1936 οὕτως
635 1875 698 1927 ὲκ
723 1876 820 1945 τῆς
856 1878 963 1932 τῶν
994 1882 1251 1953 Πατέρων
1284 1885 1603 1951 ἀκολουθίας
1628 1887 1727 1959 τὴν
1760 1892 1931 1960 παρά-

2175 1867 2187 1881 ,
2278 1867 2307 1868 η
2343 1867 2382 1871 ,_
2718 1867 3034 1875 mum---"
3106 1867 3350 1875 -__----_-
3384 1867 3593 1890 τωο---

2042 1910 2140 1956 tes.
2170 1901 2356 1957 Solum
2392 1914 2572 1961 autem
2603 1907 2830 1973 furtum,
2852 1916 2907 1964 et
2936 1910 3315 1978 sepulcrorum
3360 1909 3615 1967 elfossio-

360 1957 505 2054 δοσιν
530 1963 664 2054 ἡμῖν
697 1968 823 2038 περὶ
863 1970 1051 2025 τούτου
1090 1973 1360 2042 γενέσθαι.
1417 1978 1636 2032 Καίτοὶ
1680 1957 1742 2049 γε
1786 1957 1937 2054 παρά

360 2054 427 2121 τῇ
458 2051 577 2123 θείει⁸
606 2056 815 2129 Γραφῇ,
855 2062 949 2115 καὶ
975 2064 1003 2116 ὁ
1033 2065 1387 2137 πλεονασμὸς,
1419 2071 1510 2123 καὶ
1542 2073 1570 2124 ὁ
1602 2072 1777 2137 τόκος,
1825 2051 1932 2126 τίῦν

360 2146 746 2238 ἀπειρημένων
780 2154 929 2219 ἐστὶ,
980 2158 1073 2210 καὶ
1117 2159 1178 2212 τὸ
1231 2162 1295 2212 ὲκ
1328 2162 1643 2228 δυναστείας
1680 2166 1824 2229 τινὸς
1868 2169 1934 2238 τῇ

364 2237 470 2309 ἰδίᾳ
501 2243 691 2311 κτήσει
718 2251 1090 2316 προσαγαγεῖν
1112 2251 1179 2305 τὰ
1201 2252 1475 2324 ἀλλότρια,
1500 2256 1601 2309 κᾶν
1629 2257 1687 2310 ἐν
1707 2237 1940 2329 προσχή-

364 2348 491 2399 ματι
519 2336 899 2404 πραγματείας
924 2340 981 2392 τὲ
1004 2340 1242 2395 τοιοῦτον
1264 2343 1398 2415 τύχῃ
1420 2347 1722 2416 γινόμενον.
1756 2349 1935 2402 Ἐπειο-

358 2420 421 2493 όὴ
444 2423 617 2476 τοίνυν
649 2427 708 2479 τὸ
737 2429 854 2480 καθ’
868 2431 1030 2500 ἡμᾶς,
1050 2433 1126 2496 είς
1148 2434 1390 2497 ἐξουσίαν
1410 2436 1587 2490 κανὼν
1604 2438 1931 2506 ἀξιόπιστος,

357 2512 455 2579 τὴν
487 2514 579 2566 ἐπὶ
608 2516 714 2567 τῶν
740 2519 1182 2592 ὁμολογουμένως
1227 2525 1690 2598 ἀπηγορευμένων
1720 2548 1933 2584 κανονι-

358 2601 460 2691 κῂν
483 2605 660 2675 κρίσιν
678 2608 775 2678 ἤδη
796 2615 907 2674 τοῖς
920 2613 1229 2683 εἰρημένοις
1249 2616 1647 2689 προσθήσομεν.
1668 2620 1930 2691 Διῄρηται

355 2688 449 2747 οὖν
495 2696 528 2765 ἠ
564 2697 737 2769 κλοπὴ
779 2702 857 2764 εἷς
893 2720 951 2755 τε
996 2703 1249 2777 λῃστείαν
1294 2709 1388 2760 καὶ
1417 2711 1498 2772 είς
1532 2688 1888 2782 τοιχωρυχίαν
1911 2730 1925 2743 ·

357 2788 450 2840 καὶ
482 2782 563 2851 εἷς
595 2790 693 2859 μὲν
718 2792 804 2845 ἐπ’
838 2795 1160 2868 ὸμφοτέρων
1185 2800 1403 2867 σκοπὸς,
1438 2804 1471 2873 ἡ
1501 2800 1609 2855 τῶν
1636 2804 1930 2875 ἀλλοτρίων

356 2875 644 2949 ἀφαίρεσις
666 2897 681 2911 ⁸
722 2883 888 2954 πολλὴ
917 2886 973 2939 δὲ
998 2887 1137 2941 κατά
1156 2890 1254 2959 τὴν
1282 2890 1506 2963 γνώμην
1538 2893 1717 2947 αὐτῶν
1737 2896 1770 2964 ἡ
1796 2894 1932 2965 πρὸς

356 2969 619 3040 ἀλλήλους
649 2975 766 3029 ἐστὶ
789 2975 1037 3049 διαφορά.
1090 2980 1147 3033 Ὀ
1182 2981 1281 3050 μὲν
1301 2982 1409 3053 γὰρ
1441 2984 1662 3056 λῃστὴς,
1700 2988 1796 3039 καὶ
1832 2988 1931 3056 τὴν

360 3064 667 3130 μιαιφονίαν
698 3067 777 3128 είς
829 3069 1140 3140 συμμαχίαν
1164 3072 1258 3125 τοῦ
1292 3074 1725 3146 σπουδαζομένου
1755 3094 1933 3149 παρα-

2039 2005 2186 2053 nem,
2212 1999 2267 2046 et
2297 1994 2645 2064 sacrilegium
2675 1996 2806 2049 vitia
2837 1989 3238 2063 existima’mus,
3278 1998 3426 2068 quod
3464 1997 3545 2054 sic
3580 2011 3614 2053 ι

2038 2079 2261 2136 Patrum
2282 2087 2695 2155 consequentia,
2722 2088 2837 2143 haec
2869 2088 3030 2144 nobis
3064 2089 3288 2144 traditio
3333 2088 3478 2144 facta
3516 2089 3611 2145 sit.

2037 2171 2199 2241 Atqui
2225 2174 2370 2243 apud
2402 2174 2642 2230 divinam
2675 2176 3015 2248 Scripturam
3051 2184 3106 2232 et
3132 2178 3315 2234 faenus
3360 2188 3416 2233 et
3444 2193 3617 2236 usura

2036 2271 2166 2318 sunt
2210 2265 2484 2334 prohibita
2512 2311 2527 2333 ,
2583 2275 2637 2323 et
2686 2285 2781 2338 per
2820 2270 3115 2340 quamdam
3175 2270 3496 2340 potentiam,
3543 2272 3611 2327 ad

2034 2369 2188 2409 suam
2217 2359 2619 2426 possessionem
2669 2361 2846 2415 aliena
2877 2363 3191 2425 traducere,
3247 2362 3468 2418 etiamsi
3508 2364 3613 2419 sub

2030 2455 2349 2502 contractus
2396 2458 2492 2503 aut
2553 2452 2945 2507 transactiouis
2993 2452 3180 2522 specie
3224 2452 3331 2508 hoc
3377 2451 3613 2509 fortasse

2033 2536 2238 2591 factum
2272 2539 2361 2593 sit.
2394 2539 2662 2605 Quoniam
2687 2558 2815 2615 ergo
2840 2557 2941 2598 nos
2960 2542 3183 2613 quidem
3216 2542 3285 2598 ad
3330 2558 3605 2598 canonum

2030 2637 2353 2698 pOtestatem
2386 2632 2784 2702 assequendam
2821 2633 2927 2689 fide
2948 2635 3098 2706 digni
3137 2649 3250 2689 non
3283 2651 3500 2702 sumus,
3552 2636 3610 2692 in

2030 2721 2118 2787 iis,
2157 2732 2281 2791 qua
2323 2736 2391 2777 ex
2426 2723 2683 2780 confesso
2731 2726 3011 2795 prohibita
3064 2734 3219 2791 sunt,
3281 2727 3611 2783 canonicam

2028 2811 2356 2865 sententiam
2381 2811 2544 2868 dictis
2570 2812 2683 2881 jam
2718 2814 3067 2883 adjiciemus.
3120 2815 3394 2870 Dividitur
3422 2822 3609 2871 autem

2028 2903 2234 2960 furtum
2264 2906 2319 2959 in
2337 2906 2687 2962 latrocinium
2707 2925 2802 2964 seu
2820 2909 3305 2979 depraedationem,
3322 2917 3375 2965 et
3396 2909 3450 2964 in
3480 2924 3607 2963 mu-

2032 3012 2217 3052 rorum
2244 2997 2617 3055 eﬂ‘ossionem.
2649 2999 2796 3054 Idem
2833 3008 3015 3056 autem
3043 3001 3337 3070 utriusque
3360 3008 3447 3056 est
3516 3001 3605 3054 in-

2031 3090 2303 3155 stitutum,
2329 3089 2582 3146 videlicet
2614 3091 2790 3146 aliena
2822 3091 3076 3153 auferre;
3111 3093 3165 3147 in
3200 3093 3384 3148 animo
3423 3101 3605 3148 autem

355 3151 638 3223 λαμϐάνει,
690 3158 825 3229 πρὸς
866 3161 999 3213 αὐτὸ
1038 3161 1193 3215 τοῦτο
1224 3166 1773 3237 παρασκευαζόμενος
1835 3168 1929 3221 καὶ

356 3243 538 3269 Ξ-Χ---
576 3249 663 3269 --ΔΑ
699 3249 883 3269 __\_,,,,
936 3252 972 3269 κθ
1154 3253 1168 3269 \
1276 3257 1297 3269 ιι
1356 3258 1369 3269 1
1529 3257 1539 3269 Ι
1738 3258 1765 3269 .-
1882 3260 1893 3269 .

2032 3180 2296 3249 ipsorum,
2323 3195 2519 3250 magna
2544 3187 2631 3236 est
2658 3181 2799 3235 inter
2822 3197 2881 3236 se
2904 3182 3227 3237 differentia.
3247 3183 3415 3237 Latro
3436 3186 3607 3251 enim,

355 3243 538 3309 ὅπλοις
575 3249 669 3301 καὶ
695 3249 1039 3323 πολυχειρίᾳ,
1081 3253 1177 3307 καὶ
1214 3257 1326 3318 τοῖς
1353 3257 1660 3327 ἐπικαίροις
1697 3258 1805 3311 τῶν
1836 3260 1927 3312 τό·

355 3353 473 3389 πων
498 3354 510 3365 ·
530 3336 673 3392 ὥστε
701 3340 792 3394 τὸν
814 3342 1071 3408 τοιοῦτον,
1103 3343 1182 3413 τῷ
1209 3346 1437 3416 κρίματι
1455 3346 1563 3401 τῶν
1590 3348 1926 3420 ἀνδροφόνων

356 3429 678 3496 ὑπάγεσθαι,
716 3432 764 3485 εἰ
790 3431 876 3485 διὰ
900 3435 1262 3504 μεταμελείας
1296 3438 1486 3491 ἑαυτὸν
1514 3438 1648 3509 πρὸς
1673 3440 1772 3510 τὴν
1802 3440 1924 3494 Ἐκ-

356 3519 583 3589 κλησίαν
624 3520 715 3574 τοῦ
762 3521 897 3575 Θεοῦ
942 3525 1227 3594 ἐπανάγοι.
1292 3526 1350 3579 '0
1395 3528 1451 3580 δὲ
1491 3528 1557 3581 δι’
1590 3530 1927 3600 ὑφαιρέσεως

354 3609 717 3682 λανθανούσης
767 3616 1211 3686 σφετεριζόμενος
1251 3617 1313 3670 τὸ
1350 3617 1645 3689 ἀλλότριον,
1692 3616 1811 3673 εἶτα
1853 3620 1925 3673 δι’

355 3702 754 3774 ὲξαγορεύσεως
771 3703 832 3757 τὸ
858 3705 1228 3777 πλημμέλημα
1245 3707 1408 3761 αὐτοῦ
1429 3707 1506 3779 τῷ
1525 3709 1658 3780 ίερεῖ
1677 3709 1925 3781 φανερὼ-

359 3796 554 3863 σας,τῇ
576 3794 703 3864 περὶ
718 3794 778 3847 τὸ
798 3796 1033 3849 ἐναντίον
1046 3796 1137 3848 τοῦ
1156 3797 1358 3862 πάθους
1378 3799 1578 3869 σπουδῇ
1602 3799 1925 3870 θεραπεύσει

356 3885 455 3953 τὴν
471 3885 776 3955 ἀρρωστίαν
792 3904 803 3916 ·
828 3886 968 3953 λέγω
989 3886 1151 3940 δὲδιά
1174 3888 1267 3940 τοῦ
1284 3888 1349 3940 τὰ
1374 3889 1642 3958 προσόντα
1663 3890 1924 3961 παρέχειν

356 3978 466 4037 τοῖς
490 3977 734 4045 πένησιν,
760 3976 844 4029 ἵνα
862 3976 938 4046 τῷ
956 3978 1269 4047 προέσθαιά
1290 3980 1422 4050 ἔχει,
1447 3983 1673 4053 φανερὸς
1702 3984 1924 4054 γένηται

355 4065 673 4137 καθαρεύων
704 4069 800 4139 τῆς
836 4071 974 4123 κατὰ
1002 4071 1311 4137 πλεονεξίαν
1348 4072 1526 4127 νόσου.
1580 4074 1643 4126 Εἰ
1675 4074 1731 4127 δὲ
1761 4075 1926 4145 μηδὲν

357 4158 489 4227 ἔχοι.
522 4159 680 4228 μόνον
707 4160 762 4212 δὲ
806 4160 865 4214 τὸ
910 4161 1069 4232 σῶμα
1096 4163 1227 4233 ἔχοι,
1261 4163 1471 4216 κελεύει
1502 4165 1530 4215 ὀ
1609 4167 1924 4232 Ἀπόστολος

351 4247 443 4300 διὰ
463 4247 555 4299 τοῦ
584 4250 893 4318 σωματικοῦ
918 4252 1085 4305 κόπου
1113 4254 1173 4306 τὸ
1199 4253 1438 4307 τοιοῦτον
1463 4255 1805 4321 ἐξιλάσασθαι
1829 4259 1923 4312 πά-

355 4335 466 4399 θος.
506 4340 658 4408 Ἔχει
688 4340 744 4393 δὲ
778 4343 807 4411 ἡ
841 4341 982 4406 λέξις
1031 4343 1201 4408 οὕτως
1222 4361 1237 4375 θ
1294 4346 1347 4397 '0
1380 4345 1672 4410 κλέπτων,
1714 4347 1925 4415 μηκέτι

355 4429 657 4483 κλεπτέτω
680 4447 697 4464 ο
746 4431 988 4500 μᾶλλον
1026 4434 1095 4487 δὲ
1130 4434 1390 4489 κοπιάτω
1435 4437 1819 4507 ἐργαζὶέμενος
1855 4442 1924 4494 τὸ

352 4521 596 4591 ἀγαθὸν,
625 4525 724 4578 ἵνα
750 4525 859 4595 ἔχῃ
889 4527 1266 4597 μεταδιδόναι
1293 4528 1375 4594 τῷ
1403 4532 1612 4599 χρείαν
1642 4531 1864 4602 ἔχοντι.

422 4706 487 4758 Ἦ
508 4706 565 4759 δὲ
579 4707 953 4777 τυμϐωρυχία,
975 4711 1065 4762 καὶ
1083 4710 1219 4780 αὐτὴ
1239 4712 1487 4784 διῄρηται
1506 4716 1585 4777 εἰς
1603 4716 1665 4768 τὸ
1686 4734 1925 4785 συγγνω-

2028 3273 2193 3327 etiam
2223 3272 2582 3327 homicidium
2613 3275 2679 3326 ad
2720 3273 2772 3327 id
2798 3272 2944 3343 quod
2974 3274 3160 3327 studet
3190 3274 3412 3343 assequi
3445 3289 3608 3329 assu-

2030 3361 2150 3426 mit,
2190 3360 2259 3415 ad
2290 3361 2346 3415 id
2380 3368 2612 3431 paratus
2638 3370 2692 3416 et
2730 3361 2926 3424 armis,
2968 3370 3021 3416 et
3048 3362 3245 3431 copiis,
3291 3370 3348 3417 et
3406 3378 3606 3433 oppor-

2028 3451 2261 3505 tunitate
2286 3451 2413 3516 loci,
2456 3451 2591 3506 adeo
2620 3458 2679 3505 ut
2714 3452 2761 3506 is
2793 3451 3195 3505 homicidarum
3230 3451 3441 3520 judicio
3470 3453 3605 3508 subr

2024 3541 2265 3612 jiciatur,
2312 3542 2358 3596 si
2390 3557 2487 3612 per
2519 3541 2898 3612 paenitentiam
2938 3544 3006 3595 ad
3040 3541 3133 3597 Dei
3188 3540 3486 3598 Ecclesiam
3519 3559 3608 3598 re-

2027 3648 2220 3689 versus
2256 3632 2439 3688 fuerit.
2481 3631 2583 3697 Qui
2651 3640 2832 3685 autem
2900 3632 3089 3687 latenti
3151 3632 3446 3698 ablatione,
3495 3632 3602 3689 sibi

2029 3725 2266 3780 alienum
2328 3732 2585 3794 usurpat,
2652 3724 2698 3779 si
2763 3723 2960 3777 deinde
3024 3739 3120 3792 per
3171 3723 3603 3778 enuntiationem

2028 3823 2310 3886 peccatum
2350 3830 2508 3870 suum
2579 3815 2850 3869 sacerdoti
2909 3815 3202 3884 aperuerit,
3244 3815 3359 3869 vitii
3420 3814 3604 3870 studio

2028 3906 2083 3959 in
2113 3906 2451 3960 contrarium
2488 3913 2697 3958 mutato
2746 3904 3124 3974 aegritudinem
3181 3904 3435 3958 curabit:
3478 3904 3604 3960 dico

2027 4005 2230 4062 autem,
2258 3996 2539 4067 largiendo
2586 4011 2709 4064 quae
2737 3994 2898 4049 habet
2953 3994 3310 4064 pauperibus,
3345 4002 3426 4061 ut,
3467 3995 3600 4051 dum

2026 4103 2146 4157 quae
2173 4088 2334 4143 habet
2361 4084 2661 4157 profundit,
2685 4100 2745 4140 se
2775 4086 2844 4139 ab
2872 4085 3117 4138 avaritia:
3148 4085 3340 4139 morbo
3372 4085 3602 4139 liberum

2027 4186 2211 4249 aperte
2248 4177 2517 4232 ostendat.
2557 4176 2652 4230 Sin
2685 4184 2864 4229 autem
2890 4174 3024 4227 nihil
3051 4174 3198 4227 aliud
3224 4183 3587 4243 praeterquam

2026 4270 2204 4325 solum
2230 4280 2430 4335 corpus
2462 4265 2676 4328 habeat,
2700 4264 2857 4332 jubet
2889 4264 3189 4333 Apostolus
3223 4278 3320 4334 per
3353 4263 3599 4319 laborem

2025 4356 2367 4428 corporalem
2399 4355 2450 4409 ei
2492 4354 2683 4408 morbo
2718 4354 2945 4409 mederi.
2984 4353 3248 4408 Dictionis
3292 4363 3471 4409 autem
3526 4355 3601 4408 ita

2026 4451 2189 4505 habet
2217 4455 2503 4502 contextus
2534 4465 2548 4500 :
2583 4445 2686 4511 Qui
2715 4447 2949 4513 furatur,
2971 4462 3076 4499 non
3096 4446 3324 4514 amplius
3356 4446 3559 4513 [aretur
3579 4460 3600 4497 :

1955 4537 2000 4593 D
2029 4541 2117 4597 sed
2140 4541 2312 4609 potius
2348 4538 2551 4591 laboret
2585 4537 2775 4590 bonum
2821 4552 3065 4605 operam,
3111 4548 3168 4589 ut
3195 4538 3360 4605 possit
3389 4538 3440 4591 ei
3487 4537 3601 4589 lar-

2019 4634 2122 4704 giri
2144 4634 2231 4702 qui
2254 4631 2455 4701 indiget
2472 4630 2543 4683 ⁸⁹.

2089 4722 2271 4795 [Cum
2324 4722 2416 4793 7.}
2472 4721 2861 4792 Sepulcrorum
2913 4731 3093 4775 autem
3152 4718 3411 4782 elIossio,
3480 4719 3599 4788 ipsa

355 4800 478 4850 στόν
504 4815 562 4850 τε
586 4798 678 4850 καὶ
708 4799 1110 4866 ἀσύγγνωστον.
1141 4802 1203 4854 Εἰ
1242 4803 1338 4872 μὲν
1362 4804 1470 4873 γάρ
1500 4823 1583 4869 τις
1613 4807 1711 4877 τῆς
1735 4810 1922 4875 οὐσίας

2031 4831 2241 4887 quoque
2266 4813 2529 4870 dividitur
2553 4813 2607 4866 in
2640 4814 2693 4867 id
2718 4812 2864 4881 quod
2904 4812 3120 4865 veniam
3158 4819 3420 4875 meretur,
3461 4820 3515 4865 et
3543 4811 3598 4865 id

356 4887 690 4957 φειδόμενος,
703 4889 797 4943 καὶ
808 4890 1001 4945 ἄσυλον
1017 4891 1173 4959 ἀφεὶς
1184 4893 1245 4945 τὸ
1260 4896 1637 4965 κεκρυμμένον
1658 4898 1833 4967 σῶμα,
1844 4901 1923 4966 ὼς

2031 4906 2166 4978 quod
2194 4920 2305 4959 non
2340 4913 2599 4959 meretur.
2637 4901 2694 4956 Si
2739 4902 2885 4956 enim
2914 4904 3040 4972 quis
3093 4910 3434 4955 mortuorum
3470 4916 3600 4971 par-

352 4980 431 5049 μὴ
461 4980 834 5051 ἀναδειχθῆναι
899 4984 1028 5053 ἡλίῳ
1041 4983 1137 5055 τὴν
1165 4986 1548 5055 ἀσχημοσύνην
1572 4990 1670 5057 τῆς
1686 4990 1917 5059 φύσεως,

2031 5013 2157 5052 cens
2190 4995 2547 5049 facultatibus
2598 5001 2653 5048 et
2708 5001 2913 5048 tectum
2955 5005 3156 5061 corpus
3212 4991 3475 5046 intactum
3511 5008 3600 5047 reo

352 5072 519 5135 λίθοις
550 5074 660 5125 τισὶ
680 5074 784 5126 τῶν
814 5076 871 5127 ὲν
902 5075 981 5143 τῷ
1007 5076 1164 5146 τάφῳ
1187 5078 1643 5150 προϐεϐλημένων
1684 5087 1921 5155 συγχρή-

2031 5089 2299 5157 linquens,
2337 5095 2397 5138 ut
2429 5099 2529 5139 uec
2576 5084 2677 5138 soli
2729 5084 3047 5138 ostendatur
3091 5085 3369 5153 turpitudo
3398 5100 3597 5154 corpo-

353 5180 505 5217 σαιτο
546 5165 627 5226 εἰς
664 5164 824 5233 ἔργου
868 5166 1012 5229 τινὸς
1057 5170 1438 5240 κατασκευὴν,
1488 5173 1767 5227 ἐπαινετὸν
1820 5178 1919 5246 μὲν

2031 5180 2102 5233 ris
2132 5196 2145 5243 ;
2181 5178 2451 5246 lapidibus
2482 5176 2689 5245 aliquot
2743 5191 2809 5229 ex
2845 5176 2913 5229 iis
2966 5176 3058 5244 qui
3090 5184 3218 5230 ante
3280 5176 3593 5245 sepulcrum

346 5253 469 5305 οὐδὲ
492 5252 647 5306 τοῦτό
680 5255 826 5307 ἐστι·
870 5256 1007 5325 πλὴν
1052 5257 1187 5311 ἀλλά
1217 5260 1555 5326 συγγνωστὸν
1596 5264 1849 5333 ἐποίησεν
1885 5268 1917 5337 ἡ

2031 5270 2254 5342 proiecti
2286 5276 2434 5327 sunt,
2466 5266 2531 5321 ad
2560 5267 2777 5337 aliquod
2809 5281 2952 5336 opus
2985 5266 3416 5323 construendum
3460 5283 3597 5323 usus

354 5340 630 5410 συνήθεια,
671 5342 798 5395 ὅταν
831 5346 910 5406 εἰς
954 5346 1341 5418 προτιμότερόν
1369 5365 1423 5399 τι
1468 5350 1561 5401 καὶ
1594 5356 1917 5422 κοινωφελέ-

354 5449 543 5503 στερον
568 5436 601 5503 ἡ
632 5435 729 5504 τῆς
758 5435 889 5506 ὓλης
921 5437 1207 5505 μετάθεσις
1240 5442 1477 5511 γίνηται.
1521 5443 1593 5495 Τὸ
1619 5443 1677 5497 δὲ
1710 5445 1920 5517 διερευ-

351 5522 544 5576 νᾶσθαι
571 5524 669 5592 τὴν
687 5524 830 5578 κόνιν
856 5527 962 5579 ἀπὸ
983 5528 1082 5597 τῆς
1110 5531 1407 5600 γεωθείσης
1435 5533 1653 5602 σαρκὸς,
1683 5537 1775 5588 καὶ
1797 5539 1921 5591 ἀνα-

352 5619 519 5670 κινεῖν
550 5617 618 5668 τά
643 5617 795 5682 ὀστᾶ,
822 5617 992 5670 ἑλπίδι
1023 5618 1113 5671 τὸν
1151 5620 1351 5689 κόσμον
1378 5621 1500 5675 τινὰ
1524 5624 1628 5677 τῶν
1675 5643 1914 5694 συγκατ-

454 5791 547 5845 ⁶⁸Ι
582 5790 815 5847 Timoth.
848 5807 919 5855 vt,
944 5792 1031 5847 10.
1107 5792 1152 5823 ⁸⁸
1186 5792 1383 5862 Ephes.
1416 5812 1487 5863 tv,
1520 5798 1611 5854 28.

682 5886 954 5947 Ρηιοι.
980 5886 1098 5947 Gn.
1136 5885 1323 5948 XLV.

2023 5370 2148 5429 est;
2184 5378 2252 5416 ne
2296 5362 2400 5415 hoc
2450 5360 2667 5428 quidem
2731 5368 2816 5412 est
2854 5358 3170 5423 laudabile;
3225 5359 3318 5413 sed
3355 5364 3415 5413 ut
3457 5365 3596 5411 esset

2019 5449 2244 5519 dignum
2278 5447 2669 5511 venia,‘eﬂecit
2721 5445 3085 5507 consuetudo,
3131 5444 3357 5513 quando
3395 5441 3460 5495 ad
3492 5441 3594 5493 ali-

2021 5540 2153 5611 quid
2183 5541 2377 5594 melius
2411 5547 2465 5594 et
2511 5537 2822 5607 reipublicae
2854 5536 3044 5591 utilius
3080 5534 3304 5589 materia
3342 5530 3593 5585 traducta

2025 5632 2114 5685 sit.
2148 5629 2253 5687 Sed
2281 5632 2461 5687 carnis
2503 5629 2558 5684 in
2588 5638 2789 5684 terram
2828 5626 3061 5684 redactae
3126 5626 3403 5695 pulverem
3465 5635 3590 5691 per-
