4166 6372
530 401 636 456 255

1773 398 1831 453 S.
1867 396 2193 453 GREGORII
2235 400 2528 458 NYSSENI

3678 405 3784 462 256

536 509 794 571 scrutari,
828 516 880 563 el
920 496 1045 564 ossa
1080 524 1296 563 movere
1325 527 1339 577 ;
1377 498 1473 579 spe
1499 510 1732 578 aliquem
1766 526 1830 563 ex
1861 509 2098 564 defossis

2224 514 2540 583 ιρυχθέντων
2571 516 2848 587 κερδᾶναι,
2891 514 3049 569 τοῦτο
3090 515 3167 585 τῷ
3199 513 3347 588 αύτῷ
3389 517 3615 588 κρίματι
3654 536 3785 573 κατ-

534 600 909 655 lucril‘aciendi
933 608 1208 663 ornatum,
1234 601 1285 655 id
1318 602 1508 656 eodem
1535 601 1746 670 judicio
1784 600 2110 654 condemna-

538 703 651 747 tum
682 700 785 751 est,
814 705 922 759 quo
956 691 1187 760 simplex
1220 691 1531 754 fornicatio,
1564 689 2023 761 quemadmodum
2054 688 2108 742 in

539 783 877 853 praecedente
908 782 1157 837 oratione
1185 781 1381 836 divisio
1410 781 1552 836 facta
1576 790 1658 836 est
1686 799 1699 847 ;
1727 780 2112 835 considerante

539 877 749 931 scilicet
780 888 1071 930 (economo
1132 889 1232 929 seu
1283 875 1680 943 dispensatore,
1716 888 1783 927 ex
1836 873 1954 941 ipsa
2005 872 2112 925 vita

539 974 680 1041 ejus,
709 970 798 1026 cui
830 968 1040 1024 medela
1066 968 1375 1032 adhibetur,
1408 966 1754 1028 medicinam,
1792 974 1851 1019 ut
1879 965 2111 1035 spatium

542 1076 572 1115 a
602 1060 908 1114 canonibus
944 1059 1305 1128 prmstitutum
1343 1056 1516 1125 possit
1550 1055 1897 1110 contrahere.

613 1150 632 1221 [
657 1149 790 1203 Can.
825 1148 905 1220 8.]
952 1147 1308 1218 Sacrilegium
1333 1154 1536 1211 autem,
1560 1148 1613 1199 in
1643 1147 1865 1215 antiqua
1894 1143 2113 1214 quidem

546 1239 847 1309 Scriptura,
881 1255 949 1294 ne
976 1239 1141 1293 cadis
1178 1238 1398 1308 quidem
1450 1237 1907 1292 condemnatione
1938 1238 2114 1290 visqu

545 1341 630 1387 est
662 1330 1024 1385 tolerabilius.
1060 1328 1325 1384 Similiter
1353 1329 1521 1395 enim,
1546 1337 1599 1383 et
1620 1328 1716 1398 qui
1741 1326 1907 1382 caedis
1928 1326 2117 1381 convi-

546 1431 670 1479 ctus
710 1432 848 1486 erat,
885 1430 940 1478 et
966 1422 1060 1491 qui
1088 1437 1173 1476 res
1214 1420 1325 1476 Deo
1363 1420 1643 1476 dedicatas
1685 1420 2006 1483 abstulerat,
2039 1419 2120 1472 la-

546 1514 839 1585 pidationis
868 1514 1195 1584 supplicium
1238 1513 1476 1567 subibat.
1514 1510 1570 1564 lu
1610 1510 1984 1567 ecclesiastica
2020 1524 2111 1563 au-

548 1615 656 1661 tem
689 1603 1112 1669 consuetudine,
1156 1604 1223 1658 de
1262 1619 1435 1673 paenae
1487 1601 1753 1673 gravitate
1786 1600 1973 1655 nescio
2011 1615 2121 1671 quo

548 1696 711 1751 modo
737 1693 941 1763 aliquid
970 1692 1298 1757 detractum,
1328 1702 1382 1747 et
1418 1708 1484 1747 eo
1516 1691 1755 1747 lenitatis
1793 1691 2120 1746 descensum

550 1794 656 1848 est,
689 1793 748 1840 ut
784 1785 933 1840 illius
964 1785 1136 1838 morbi
1172 1784 1582 1838 existimaretur
1618 1782 1958 1839 tolerabilius
2004 1782 2123 1851 pia-

552 1879 735 1934 culum
762 1894 779 1944 ;
812 1878 864 1930 in
892 1876 1089 1930 minori
1118 1876 1262 1930 enim
1298 1883 1539 1943 tempore
1568 1890 1731 1945 quam
1758 1875 2083 1929 adulterium
2104 1912 2119 1939 ,

552 1968 590 2021 ii
617 1982 649 2021 a
682 1967 906 2021 Patrum
935 1964 1229 2018 traditione
1254 1977 1471 2033 poenam
1503 1970 1881 2034 susceperunt.
1912 1962 2125 2032 Ubique

553 2065 735 2112 autem
773 2056 878 2109 hoc
916 2055 972 2108 in
1008 2055 1259 2123 supplicii
1305 2069 1503 2126 genere
1552 2064 1677 2108 ante
1710 2054 1894 2107 omnia
1937 2054 2124 2107 viden-

553 2148 684 2203 dum
735 2155 840 2209 est,
885 2146 1065 2218 qualis
1103 2148 1171 2200 sit
1215 2148 1335 2215 ejus
1383 2146 1473 2201 cui
1541 2145 1829 2201 adhibetur
1871 2144 2122 2211 aﬂectio;

558 2248 615 2295 et
643 2254 753 2293 non
794 2240 1108 2294 existimare
1156 2248 1371 2308 tempus
1426 2237 1494 2291 ad
1553 2237 1819 2291 medelam
1883 2235 2128 2291 sullicere

552 2331 841 2402 (quaenam
866 2330 1011 2384 enim
1043 2328 1209 2383 fuerit
1241 2344 1306 2383 ex
1336 2339 1581 2398 tempore
1624 2326 1894 2382 medicina
1914 2328 1937 2381 ?
1957 2329 1997 2398 ),
2031 2327 2127 2383 sed

553 2421 695 2490 ejus,
724 2420 816 2489 qui
844 2420 949 2474 sibi
997 2434 1096 2490 per
1128 2420 1543 2474 conversionem
1573 2420 1839 2484 medetur,
1877 2420 2122 2473 animum

555 2518 609 2566 et
635 2511 963 2565 institutum.
1010 2509 1134 2565 Haec
1160 2510 1279 2577 tibi,
1323 2526 1355 2565 ο
1384 2512 1547 2564 homo
1600 2509 1717 2576 Dei,
1778 2508 1842 2565 ex
1892 2511 1958 2564 iis
2008 2524 2129 2579 quae

553 2610 711 2657 erant
744 2603 812 2657 ad
834 2617 1057 2656 manum
1093 2602 1339 2657 studiose
1362 2603 1686 2672 composita,
1711 2603 1856 2672 quod
1881 2610 2130 2672 oporteat

556 2691 791 2746 fratrum
844 2693 1119 2747 mandatis
1170 2707 1385 2762 parere,
1443 2693 1689 2747 studiose
1739 2694 2011 2749 misimus.
2048 2693 2129 2749 Ttt

554 2798 688 2838 vero
713 2792 1010 2839 consuetas
1041 2799 1140 2854 pro
1188 2785 1348 2840 nobis
1384 2800 1575 2854 preces
1639 2785 1746 2838 Deo
1812 2786 2008 2841 oll‘erre
2063 2802 2131 2843 ne

558 2874 909 2928 intermittas.
945 2873 1119 2929 Debes
1148 2875 1297 2929 enim
1326 2882 1385 2927 ut
1412 2883 1607 2945 gratus
1646 2875 1812 2940 illius,
1866 2877 1913 2931 ei
1945 2877 2038 2946 qui
2079 2886 2131 2931 te

558 2964 859 3019 secundum
893 2965 1061 3020 Deum
1086 2967 1296 3036 genuit,
1330 2967 1384 3019 in
1416 2976 1697 3022 senectute
1726 2984 1820 3036 per
1860 2978 1981 3023 tuas
2008 2984 2133 3022 ora-

557 3058 734 3113 tiones
765 3058 1105 3123 alimentum,
1147 3059 1539 3113 convenienter
1568 3070 1840 3130 prazeepto
1870 3062 2017 3130 quod
2042 3062 2132 3131 ju-

2211 605 2498 675 εδικάσθη,
2524 599 2569 672 ᾧ
2609 608 2703 657 καὶ
2738 607 2771 676 ἡ
2809 605 2938 677 ψιλὴ
2973 607 3217 676 πορνεία,
3256 606 3435 669 καθὼς
3476 609 3569 661 καὶ
3611 611 3667 661 ὲν
3707 608 3786 680 τῷ

2213 696 2539 766 προλαὸόντι
2579 696 2831 767 διῄρηται
2872 697 3015 767 λόγῳ
3039 713 3052 727 ν
3110 696 3538 761 ἐπισκοποῦντας
3586 700 3787 770 δηλαδὴ

2212 787 2307 840 τοῦ
2346 789 2626 857 οἰκονόμου
2660 788 2717 853 ἐξ
2759 788 2922 841 αὑτοῦ
2966 788 3058 840 τοῦ
3091 788 3205 858 βίου
3274 789 3373 858 τὴν
3417 790 3657 860 ἰατρείαν
3693 790 3787 843 τοῦ

2216 878 2677 950 θεραπευομένου,
2720 880 2861 933 ὥστε
2902 882 3183 950 συντεμεῖν
3209 878 3306 949 τὴν
3332 883 3396 933 ἐκ
3420 880 3526 934 τῶν
3555 881 3791 934 κανόνων

2214 971 2521 1041 ὁρισθεῖσαν
2546 970 2640 1024 τοῦ
2676 972 2954 1043 ἐπιτιμίου
2996 973 3356 1044 προθεσμίαν.

2298 1146 2361 1201 'H
2388 1149 2444 1202 δὲ
2474 1148 2765 1218 ἱεροσυλία,
2797 1148 2948 1218 παρὰ
2978 1148 3076 1219 μὲν
3107 1150 3172 1219 τῇ
3209 1147 3409 1219 ἀρχαίᾳ
3431 1142 3643 1218 Γραφῇ,
3672 1147 3794 1200 οὐδὲ

2216 1238 2476 1310 ἐνομίσθη
2547 1240 2649 1309 τῆς
2713 1239 2940 1309 φονικῆς
3010 1238 3386 1308 κατακρίσεως
3447 1237 3793 1307 ἀνεκτοτέρα.

2228 1332 2463 1402 Ὁμοίως
2492 1332 2601 1404 γὰρ
2630 1334 2657 1386 ὅ
2698 1349 2757 1385 τε
2786 1333 2876 1385 ἐπὶ
2908 1332 3053 1402 φόνῳ
3098 1331 3281 1395 ἁλοὺς,
3328 1330 3423 1383 καὶ
3449 1330 3477 1382 ὁ
3510 1329 3577 1382 τά
3609 1330 3797 1382 ἀνατε-

2218 1425 2379 1479 θέντα
2399 1425 2478 1495 τῷ
2504 1424 2623 1495 Θεῷ
2648 1423 2998 1494 ὑφελόμενος,
3047 1422 3144 1492 τὴν
3172 1420 3260 1474 διὰ
3298 1420 3405 1473 τῶν
3431 1420 3591 1473 λίθων
3622 1432 3797 1489 τιμω-

2223 1519 2343 1589 ρίαν
2376 1518 2632 1587 ὑπέσχον.
2677 1515 2802 1570 Ἐπὶ
2824 1515 2879 1568 δε
2902 1515 3002 1585 τῆς
3031 1512 3487 1583 ἐκκλησιαπικῆς
3515 1509 3798 1581 συνηθείας

2213 1612 2319 1664 ὀὐκ
2339 1606 2455 1663 οἶδα
2486 1609 2602 1671 πῶς
2632 1606 3034 1675 συγκατάὸασίς
3054 1622 3138 1667 τις
3160 1605 3504 1672 ὲγένετο,καὶ
3534 1618 3799 1672 συμπερι-

2224 1702 2387 1774 φορά,
2427 1700 2566 1754 ὥστε
2600 1699 2950 1770 ἀνεκτότερον
2976 1696 3298 1767 νομισθῆναι
3320 1694 3380 1748 τδ
3411 1694 3512 1763 τῆς
3547 1693 3803 1763 τοιαύτης

2225 1794 2383 1847 νόσου
2420 1792 2717 1863 καθάρσιον
2740 1807 2753 1820 ·
2804 1792 2861 1843 ὲν
2900 1789 3139 1842 ἐλάττονι
3172 1786 3281 1857 γὰρ
3309 1785 3487 1856 χρόνῳ
3526 1784 3679 1854 παρὰ
3702 1784 3801 1853 τὴν

2230 1881 2495 1953 μοιχείαν,
2528 1882 2640 1943 τοῖς
2667 1878 2928 1941 τοιούτοις
2949 1877 3009 1929 τὸ
3040 1876 3313 1946 ἐπιτίμιον
3339 1875 3617 1939 διετάξατο
3643 1872 3804 1943 ἡτῶν

2226 1972 2483 2041 Πατέρων
2503 1970 2818 2041 παράδοσις.
2843 1966 3125 2037 Πανταχοῦ
3149 1965 3243 2019 καὶ
3259 1968 3316 2017 ὲν
3338 1964 3629 2034 πλημμελή
3640 1978 3805 2032 ματος

2227 2062 2355 2116 εἴδει
2374 2061 2530 2115 τοῦτο
2546 2060 2784 2131 καθορᾷν
2807 2060 3069 2130 προσήκει
3090 2056 3197 2127 πρὸ
3216 2055 3453 2117 πάντων,
3467 2054 3553 2107 οἵα
3576 2054 3693 2105 ἐστὶ
3708 2050 3804 2104 τοῦ

2228 2152 2663 2225 θεραπευομένου
2708 2150 2964 2213 διάθεσις,
2994 2148 3067 2220 μὴ
3107 2150 3196 2201 τὸν
3220 2149 3408 2218 χρόνον
3443 2145 3651 2199 οἴεσθαι
3671 2144 3805 2214 πρὸς

2229 2244 2523 2317 θεραπείαν
2550 2244 2737 2313 ἀρκεῖν
2757 2258 2769 2270 ·
2795 2243 2877 2305 τίς
2904 2241 3012 2311 γὰρ
3033 2240 3097 2293 ἂν
3124 2242 3186 2293 ὲκ
3206 2239 3297 2292 τοῦ
3327 2238 3521 2309 χρόνου
3542 2238 3683 2299 ἴασις
3709 2236 3805 2303 γέ-

2227 2354 2400 2402 νοιτο;
2449 2335 2584 2388 ἀλλά
2602 2336 2699 2404 τὴν
2735 2334 3048 2403 προαίρεσιν
3065 2332 3156 2384 τοῦ
3178 2330 3369 2384 ἑαυτὸν
3386 2329 3453 2381 δι’
3472 2325 3808 2398 ἐπιστροφῆς

2233 2428 2587 2500 ἰατρεύοντος.
2629 2426 2814 2478 Ταῦτά
2840 2442 2940 2489 σοι,
2986 2419 3029 2476 ὦ
3064 2422 3315 2493 ἄνθρωπε
3348 2420 3439 2473 τοῦ
3470 2417 3627 2483 Θεοῦ,
3668 2416 3809 2471 κατά

2229 2523 2430 2595 πολλὴν
2470 2519 2703 2587 σπουδὴν
2729 2520 2792 2570 ἐκ
2818 2516 2927 2569 τῶν
2956 2517 3261 2586 προχείρων
3295 2512 3603 2573 συνθέντες,
3637 2508 3725 2563 διὰ
3746 2506 3811 2560 τὸ

2228 2615 2338 2667 δεῖν
2368 2615 2481 2675 τοῖς
2512 2611 2620 2665 τῶν
2667 2608 2908 2677 ἀδελφῶν
2937 2608 3275 2677 ἐπιτάγμασι
3328 2602 3632 2663 πείθεσθαι,
3669 2599 3812 2653 κατὰ

2233 2703 2464 2774 σπουδὴν
2484 2701 2898 2770 ἀπεστείλαμεν.
2932 2699 3003 2752 Σὺ
3028 2698 3083 2750 δὲ
3104 2698 3200 2759 τὰς
3227 2695 3474 2766 συνήθεις
3490 2693 3633 2763 ὑπὲρ
3654 2693 3686 2763 ἡ
3695 2689 3814 2761 μῶν

2232 2793 2396 2864 εὐχάς
2414 2792 2490 2863 τῷ
2510 2791 2627 2862 Θεῷ
2650 2790 2943 2862 προσάγων
2965 2788 3038 2858 μὴ
3059 2786 3355 2857 διαλείπῃς.
3376 2783 3684 2856 Χρεωστεῖς
3703 2779 3810 2853 γὰρ

2232 2887 2306 2949 ὡς
2332 2883 2625 2954 εὐγνώμων
2651 2882 2785 2945 υίὸς,
2817 2880 2894 2951 τῷ
2933 2878 3074 2933 κατὰ
3090 2878 3223 2931 Θεόν
3256 2894 3314 2929 σε
3340 2876 3689 2945 γεννήσαντι,
3712 2870 3811 2940 τὴν

2231 2977 2317 3031 διὰ
2361 2975 2471 3029 τῶν
2516 2972 2831 3044 προσευχῶν
2868 2970 3225 3043 γηροκομίαν,
3274 2967 3415 3021 κατὰ
3461 2965 3559 3036 τὴν
3594 2961 3810 3032 ἐντολὴν

2231 3068 2329 3139 τὴν
2358 3066 2682 3121 κελεύουσαν
2724 3066 2887 3135 τιμᾷν
2926 3066 3053 3125 τοὺς
3076 3062 3270 3131 γονέας
3300 3102 3315 3125 ,
3366 3058 3467 3113 ἵνα
3491 3050 3560 3111 εὖ
3590 3070 3690 3109 σοι
3718 3055 3813 3124 τέ-

556 3148 647 3203 bet
682 3148 956 3204 honorare
990 3156 1267 3218 parentes,
1295 3160 1352 3204 ut
1388 3150 1485 3204 tibi
1513 3151 1637 3205 bene
1671 3154 1762 3216 sit,
1794 3163 1843 3206 et
1883 3155 1957 3207 sis
2013 3155 2122 3209 lon-

2234 3176 2427 3230 νηται,
2465 3158 2560 3212 καί
2584 3157 2702 3225 ἔσῃ
2731 3156 3166 3226 μακροχρόνιος
3189 3152 3286 3205 ἐπὶ
3319 3149 3429 3218 τῆς
3463 3146 3597 3217 γῆς.
3646 3145 3815 3237 Δῆλον

556 3255 730 3308 gamus
758 3256 914 3308 super
954 3250 1149 3294 terram
1171 3240 1240 3296 ’°.
1289 3241 1510 3296 Clarum
1546 3254 1629 3299 est
1662 3252 1841 3299 autem
1881 3246 2026 3315 quod
2071 3257 2122 3302 ul

2234 3252 2290 3305 δὲ
2328 3253 2409 3305 ὅτι
2437 3250 2513 3313 ὡς
2551 3247 2816 3318 σύμϐολον
2844 3245 3134 3316 ἱερατικὸν,
3171 3242 3295 3313 δέξῃ
3334 3240 3395 3294 τὸ
3420 3240 3674 3311 γράμμα,
3718 3234 3815 3290 καὶ

559 3330 865 3401 symbolum
905 3333 1262 3397 sacerdotale,
1289 3333 1501 3390 litteras
1527 3336 1786 3407 accipies,
1821 3352 2131 3411 munusque

560 3424 828 3493 hospitale
863 3440 971 3479 non
1004 3436 1344 3492 contemnes,
1373 3430 1590 3486 etiamsi
1619 3430 1693 3485 sit
1743 3431 1926 3489 minus
1962 3447 2125 3504 quam

559 3529 660 3581 pro
691 3530 903 3571 summa
945 3517 1020 3571 ttti
1054 3518 1255 3588 ingenii
1284 3518 1550 3575 bonitate.

634 3693 681 3727 ’°
704 3694 873 3751 Exod.
908 3711 999 3761 xx,
1035 3696 1136 3764 12;
1172 3696 1330 3755 Deut.
1363 3713 1415 3764 ν,
1448 3698 1547 3765 16;
1583 3696 1775 3756 Matth.
1806 3715 1895 3764 xv,
1931 3700 1985 3754 4.

2234 3342 2335 3396 οὐκ
2376 3340 2662 3410 ἀτιμάσεις
2699 3338 2761 3391 τὸ
2796 3337 2985 3403 ξένιον,
3015 3336 3116 3391 κάν
3153 3350 3205 3387 τι
3239 3332 3558 3404 μικρότερον
3588 3327 3686 3399 τῆς
3716 3324 3816 3398 σῆς

2241 3434 2482 3507 μεγαλοφ
2491 3432 2608 3499 οἵας
2638 3430 2746 3502 εἴη.
