  <div class='ocr_page' id='page_1' title='image "/cluster/home/n/w/nwhite01/storage/ocr_20150623/45/nnc1.0046978445/128.png"; bbox 0 0 4166 6372; ppageno 0'>
   <div class='ocr_carea' id='block_1_1' title="bbox 418 410 520 467">
    <p class='ocr_par' dir='ltr' id='par_1_1' title="bbox 418 410 520 467">
     <span class='ocr_line' id='line_1_1' title="bbox 418 410 520 467; baseline -0.039 -1"><span class='ocrx_word' id='word_1_1' title='bbox 418 410 520 467; x_wconf 70' lang='lat'><strong>957</strong></span> 
     </span>
    </p>
   </div>
   <div class='ocr_carea' id='block_1_2' title="bbox 1494 398 2589 484">
    <p class='ocr_par' dir='ltr' id='par_1_2' title="bbox 1494 398 2589 484">
     <span class='ocr_line' id='line_1_2' title="bbox 1494 398 2589 484; baseline 0.008 -11"><span class='ocrx_word' id='word_1_2' title='bbox 1494 398 1821 478; x_wconf 69' lang='lat' dir='ltr'><strong>EPISTULA</strong></span> <span class='ocrx_word' id='word_1_3' title='bbox 1861 422 1953 477; x_wconf 79' lang='lat' dir='ltr'><strong>AD</strong></span> <span class='ocrx_word' id='word_1_4' title='bbox 1980 410 2263 481; x_wconf 77' lang='lat' dir='ltr'><strong>PETRUM</strong></span> <span class='ocrx_word' id='word_1_5' title='bbox 2306 426 2589 484; x_wconf 63' lang='lat' dir='ltr'><strong>senasr.</strong></span> 
     </span>
    </p>
   </div>
   <div class='ocr_carea' id='block_1_3' title="bbox 3566 443 3674 500">
    <p class='ocr_par' dir='ltr' id='par_1_3' title="bbox 3566 443 3674 500">
     <span class='ocr_line' id='line_1_3' title="bbox 3566 443 3674 500; baseline 0.019 -1"><span class='ocrx_word' id='word_1_6' title='bbox 3566 443 3674 500; x_wconf 77' lang='grc'><strong>258</strong></span> 
     </span>
    </p>
   </div>
   <div class='ocr_carea' id='block_1_4' title="bbox 442 566 3670 628">
    <p class='ocr_par' dir='ltr' id='par_1_4' title="bbox 442 566 3670 628">
     <span class='ocr_line' id='line_1_4' title="bbox 442 566 3670 628; baseline 0.003 -32"><span class='ocrx_word' id='word_1_7' title='bbox 442 566 3670 628; x_wconf 53' lang='lat' dir='ltr'><strong>.mmm</strong></span> 
     </span>
    </p>
   </div>
   <div class='ocr_carea' id='block_1_5' title="bbox 1241 726 2853 828">
    <p class='ocr_par' dir='ltr' id='par_1_5' title="bbox 1241 726 2853 828">
     <span class='ocr_line' id='line_1_5' title="bbox 1241 726 2853 828; baseline 0.012 -20"><span class='ocrx_word' id='word_1_8' title='bbox 1241 726 1466 812; x_wconf 88' lang='grc' dir='ltr'><strong>ΤΟΥ</strong></span> <span class='ocrx_word' id='word_1_9' title='bbox 1565 730 1709 813; x_wconf 84' lang='grc' dir='ltr'><strong>ΕΝ</strong></span> <span class='ocrx_word' id='word_1_10' title='bbox 1772 731 2134 817; x_wconf 89' lang='grc' dir='ltr'><strong>ΑΓΙΟΙΣ</strong></span> <span class='ocrx_word' id='word_1_11' title='bbox 2234 736 2302 819; x_wconf 90' lang='grc' dir='ltr'><strong><em>Γ</em></strong></span> <span class='ocrx_word' id='word_1_12' title='bbox 2306 738 2853 828; x_wconf 80' lang='grc' dir='ltr'><strong>ΡΗΓΟΡΙΟΥ</strong></span> 
     </span>
    </p>
   </div>
   <div class='ocr_carea' id='block_1_6' title="bbox 1680 935 2382 992">
    <p class='ocr_par' dir='ltr' id='par_1_6' title="bbox 1680 935 2382 992">
     <span class='ocr_line' id='line_1_6' title="bbox 1680 935 2382 992; baseline 0.006 -4"><span class='ocrx_word' id='word_1_13' title='bbox 1680 935 2076 990; x_wconf 83' lang='grc' dir='ltr'><strong>ΕΠΙΣΚΟΠΟΥ</strong></span> <span class='ocrx_word' id='word_1_14' title='bbox 2112 938 2382 992; x_wconf 80' lang='grc' dir='ltr'><strong>ΝΥΣΣΗΣ</strong></span> 
     </span>
    </p>
   </div>
   <div class='ocr_carea' id='block_1_7' title="bbox 1515 1132 2553 1253">
    <p class='ocr_par' dir='ltr' id='par_1_7' title="bbox 1515 1132 2553 1253">
     <span class='ocr_line' id='line_1_7' title="bbox 1515 1132 2553 1253; baseline 0.005 -5"><span class='ocrx_word' id='word_1_15' title='bbox 1515 1132 2553 1253; x_wconf 88' lang='grc' dir='ltr'><strong>ΕΠΙΣΤΟΛΗ</strong></span> 
     </span>
    </p>
   </div>
   <div class='ocr_carea' id='block_1_8' title="bbox 889 1368 3160 1437">
    <p class='ocr_par' dir='ltr' id='par_1_8' title="bbox 889 1368 3160 1437">
     <span class='ocr_line' id='line_1_8' title="bbox 889 1368 3160 1437; baseline 0.006 -15"><span class='ocrx_word' id='word_1_16' title='bbox 889 1370 1085 1425; x_wconf 83' lang='grc' dir='ltr'><strong>ΠΡΟΣ</strong></span> <span class='ocrx_word' id='word_1_17' title='bbox 1133 1368 1275 1425; x_wconf 79' lang='lat' dir='ltr'><strong>TON</strong></span> <span class='ocrx_word' id='word_1_18' title='bbox 1298 1370 1640 1424; x_wconf 79' lang='grc' dir='ltr'><strong>ΑΔΕΛΦΟΝ</strong></span> <span class='ocrx_word' id='word_1_19' title='bbox 1657 1369 1908 1426; x_wconf 83' lang='grc' dir='ltr'><em>ΑΥΤΟΥ</em></span> <span class='ocrx_word' id='word_1_20' title='bbox 1934 1374 2232 1426; x_wconf 82' lang='grc' dir='ltr'><em>ΠΕΤῬΟΝ</em></span> <span class='ocrx_word' id='word_1_21' title='bbox 2256 1374 2668 1431; x_wconf 84' lang='grc' dir='ltr'><strong>ΕΠΙΣΚΟΠΟΝ</strong></span> <span class='ocrx_word' id='word_1_22' title='bbox 2682 1374 3160 1437; x_wconf 77' lang='grc' dir='ltr'><strong>ΣΕΒΑΣΊῈΙΑΣ.</strong></span> 
     </span>
    </p>
   </div>
   <div class='ocr_carea' id='block_1_9' title="bbox 1969 1552 2043 1570">
    <p class='ocr_par' dir='ltr' id='par_1_9' title="bbox 1969 1552 2043 1570">
     <span class='ocr_line' id='line_1_9' title="bbox 1969 1552 2043 1570; baseline 0 -4"><span class='ocrx_word' id='word_1_23' title='bbox 1969 1552 2043 1570; x_wconf 70' lang='grc' dir='ltr'><strong>..ί</strong></span> 
     </span>
    </p>
   </div>
   <div class='ocr_carea' id='block_1_10' title="bbox 1074 1634 2971 1792">
    <p class='ocr_par' dir='ltr' id='par_1_10' title="bbox 1074 1634 2971 1792">
     <span class='ocr_line' id='line_1_10' title="bbox 1074 1634 2971 1792; baseline 0.006 -11"><span class='ocrx_word' id='word_1_24' title='bbox 1074 1694 1171 1787; x_wconf 88' lang='lat' dir='ltr'><strong>s.</strong></span> <span class='ocrx_word' id='word_1_25' title='bbox 1280 1692 1383 1782; x_wconf 91' lang='lat' dir='ltr'><strong>P.</strong></span> <span class='ocrx_word' id='word_1_26' title='bbox 1524 1691 1642 1784; x_wconf 91' lang='lat' dir='ltr'><strong>N.</strong></span> <span class='ocrx_word' id='word_1_27' title='bbox 1781 1634 2361 1790; x_wconf 74' lang='lat' dir='ltr'><strong>GnEeonn</strong></span> <span class='ocrx_word' id='word_1_28' title='bbox 2466 1700 2971 1792; x_wconf 85' lang='lat' dir='ltr'><strong>NYSSENI</strong></span> 
     </span>
    </p>
   </div>
   <div class='ocr_carea' id='block_1_11' title="bbox 1676 1876 2369 2026">
    <p class='ocr_par' dir='ltr' id='par_1_11' title="bbox 1676 1876 2369 2026">
     <span class='ocr_line' id='line_1_11' title="bbox 1676 1876 2369 2026; baseline 0.007 -5"><span class='ocrx_word' id='word_1_29' title='bbox 1676 1876 2369 2026; x_wconf 89' lang='lat' dir='ltr'><strong>EPISTOLA</strong></span> 
     </span>
    </p>
   </div>
   <div class='ocr_carea' id='block_1_12' title="bbox 971 2153 3055 2222">
    <p class='ocr_par' dir='ltr' id='par_1_12' title="bbox 971 2153 3055 2222">
     <span class='ocr_line' id='line_1_12' title="bbox 971 2153 3055 2222; baseline 0 -11"><span class='ocrx_word' id='word_1_30' title='bbox 971 2157 1068 2211; x_wconf 77' lang='lat' dir='ltr'><strong>AD</strong></span> <span class='ocrx_word' id='word_1_31' title='bbox 1095 2156 1397 2213; x_wconf 77' lang='lat' dir='ltr'><strong><em>PETRUM</em></strong></span> <span class='ocrx_word' id='word_1_32' title='bbox 1428 2154 1779 2210; x_wconf 75' lang='lat' dir='ltr'><strong>FRATREM</strong></span> <span class='ocrx_word' id='word_1_33' title='bbox 1805 2153 2035 2222; x_wconf 80' lang='lat' dir='ltr'><strong><em>SUUM,</em></strong></span> <span class='ocrx_word' id='word_1_34' title='bbox 2067 2155 2497 2216; x_wconf 79' lang='lat' dir='ltr'><strong>EPISCOPUM</strong></span> <span class='ocrx_word' id='word_1_35' title='bbox 2535 2159 3055 2220; x_wconf 76' lang='lat' dir='ltr'><strong>SEBASTENUM.</strong></span> 
     </span>
    </p>
   </div>
   <div class='ocr_carea' id='block_1_13' title="bbox 1655 2426 2400 2494">
    <p class='ocr_par' dir='ltr' id='par_1_13' title="bbox 1655 2426 2400 2494">
     <span class='ocr_line' id='line_1_13' title="bbox 1655 2426 2400 2494; baseline 0.007 -21"><span class='ocrx_word' id='word_1_36' title='bbox 1655 2426 1777 2489; x_wconf 79' lang='lat' dir='ltr'><strong>(Jac.</strong></span> <span class='ocrx_word' id='word_1_37' title='bbox 1822 2426 2057 2477; x_wconf 84' lang='lat' dir='ltr'><strong>Gretsero</strong></span> <span class='ocrx_word' id='word_1_38' title='bbox 2084 2428 2400 2494; x_wconf 80' lang='lat' dir='ltr'><strong>interprete.)</strong></span> 
     </span>
    </p>
   </div>
   <div class='ocr_carea' id='block_1_14' title="bbox 1974 2572 2042 2584">
    <p class='ocr_par' dir='ltr' id='par_1_14' title="bbox 1974 2572 2042 2584">
     <span class='ocr_line' id='line_1_14' title="bbox 1974 2572 2042 2584; baseline 0.015 -2"><span class='ocrx_word' id='word_1_39' title='bbox 1974 2572 2042 2584; x_wconf 76' lang='grc'><strong><em>.-</em></strong></span> 
     </span>
    </p>
   </div>
   <div class='ocr_carea' id='block_1_15' title="bbox 446 2693 1966 2774">
    <p class='ocr_par' dir='ltr' id='par_1_15' title="bbox 446 2693 1947 2768">
     <span class='ocr_line' id='line_1_15' title="bbox 446 2693 1947 2768; baseline -0.003 -17"><span class='ocrx_word' id='word_1_40' title='bbox 446 2698 611 2761; x_wconf 80' lang='grc' dir='ltr'>Μόλις</span> <span class='ocrx_word' id='word_1_41' title='bbox 633 2694 904 2767; x_wconf 72' lang='grc' dir='ltr'>ἐπιτυχὼν</span> <span class='ocrx_word' id='word_1_42' title='bbox 936 2694 1190 2768; x_wconf 75' lang='grc' dir='ltr'><strong>βραχείας</strong></span> <span class='ocrx_word' id='word_1_43' title='bbox 1220 2695 1434 2767; x_wconf 77' lang='grc' dir='ltr'>σχολῆς,</span> <span class='ocrx_word' id='word_1_44' title='bbox 1464 2697 1527 2766; x_wconf 75' lang='grc' dir='ltr'><strong>τῇ</strong></span> <span class='ocrx_word' id='word_1_45' title='bbox 1562 2712 1621 2747; x_wconf 82' lang='grc' dir='ltr'>τε</span> <span class='ocrx_word' id='word_1_46' title='bbox 1649 2693 1740 2748; x_wconf 73' lang='grc' dir='ltr'><strong>τοῦ</strong></span> <span class='ocrx_word' id='word_1_47' title='bbox 1761 2695 1947 2766; x_wconf 78' lang='grc' dir='ltr'>σώμα-</span> 
     </span>
    </p>
   </div>
   <div class='ocr_carea' id='block_1_16' title="bbox 2038 2693 3630 2774">
    <p class='ocr_par' dir='ltr' id='par_1_16' title="bbox 2121 2695 3630 2774">
     <span class='ocr_line' id='line_1_16' title="bbox 2121 2695 3630 2774; baseline 0.009 -27"><span class='ocrx_word' id='word_1_48' title='bbox 2121 2695 2407 2750; x_wconf 82' lang='lat' dir='ltr'><strong>Paululum</strong></span> <span class='ocrx_word' id='word_1_49' title='bbox 2434 2696 2530 2749; x_wconf 92' lang='lat' dir='ltr'><strong>otii</strong></span> <span class='ocrx_word' id='word_1_50' title='bbox 2554 2704 2750 2752; x_wconf 90' lang='lat' dir='ltr'><strong>nactus</strong></span> <span class='ocrx_word' id='word_1_51' title='bbox 2778 2698 3075 2755; x_wconf 84' lang='lat' dir='ltr'><strong>valetudini</strong></span> <span class='ocrx_word' id='word_1_52' title='bbox 3119 2714 3339 2771; x_wconf 82' lang='lat' dir='ltr'><strong>operam</strong></span> <span class='ocrx_word' id='word_1_53' title='bbox 3369 2702 3503 2759; x_wconf 85' lang='lat' dir='ltr'><strong>dare</strong></span> <span class='ocrx_word' id='word_1_54' title='bbox 3532 2718 3630 2774; x_wconf 62' lang='lat' dir='ltr'><strong>po.</strong></span> 
     </span>
    </p>
   </div>
   <div class='ocr_carea' id='block_1_17' title="bbox 374 2786 1956 2864">
    <p class='ocr_par' dir='ltr' id='par_1_17' title="bbox 374 2786 1956 2864">
     <span class='ocr_line' id='line_1_17' title="bbox 374 2786 1956 2864; baseline -0.003 -20"><span class='ocrx_word' id='word_1_55' title='bbox 374 2809 466 2854; x_wconf 85' lang='grc' dir='ltr'><strong>τος</strong></span> <span class='ocrx_word' id='word_1_56' title='bbox 508 2790 774 2862; x_wconf 73' lang='grc' dir='ltr'>θεραπείᾳ</span> <span class='ocrx_word' id='word_1_57' title='bbox 828 2792 1085 2864; x_wconf 82' lang='grc' dir='ltr'><strong>προσχεῖν</strong></span> <span class='ocrx_word' id='word_1_58' title='bbox 1126 2788 1395 2860; x_wconf 79' lang='grc' dir='ltr'><strong>ἠδυνήθην</strong></span> <span class='ocrx_word' id='word_1_59' title='bbox 1436 2788 1573 2859; x_wconf 81' lang='grc' dir='ltr'><strong>μετά</strong></span> <span class='ocrx_word' id='word_1_60' title='bbox 1618 2786 1715 2858; x_wconf 77' lang='grc' dir='ltr'><strong>τὴν</strong></span> <span class='ocrx_word' id='word_1_61' title='bbox 1769 2788 1832 2840; x_wconf 82' lang='grc' dir='ltr'>ὲκ</span> <span class='ocrx_word' id='word_1_62' title='bbox 1856 2787 1956 2857; x_wconf 83' lang='grc' dir='ltr'><strong>τῆς</strong></span> 
     </span>
    </p>
   </div>
   <div class='ocr_carea' id='block_1_18' title="bbox 387 2877 1956 2953">
    <p class='ocr_par' dir='ltr' id='par_1_18' title="bbox 387 2877 1956 2953">
     <span class='ocr_line' id='line_1_18' title="bbox 387 2877 1956 2953; baseline -0.004 -17"><span class='ocrx_word' id='word_1_63' title='bbox 387 2882 678 2953; x_wconf 83' lang='grc' dir='ltr'>Ἀρμενίας</span> <span class='ocrx_word' id='word_1_64' title='bbox 712 2878 985 2946; x_wconf 78' lang='grc' dir='ltr'>ἐπάνοδον,</span> <span class='ocrx_word' id='word_1_65' title='bbox 1022 2880 1117 2933; x_wconf 76' lang='grc' dir='ltr'>καὶ</span> <span class='ocrx_word' id='word_1_66' title='bbox 1141 2881 1468 2947; x_wconf 81' lang='grc' dir='ltr'>συναγαγεῖν</span> <span class='ocrx_word' id='word_1_67' title='bbox 1494 2878 1560 2932; x_wconf 80' lang='grc' dir='ltr'><strong>τὰ</strong></span> <span class='ocrx_word' id='word_1_68' title='bbox 1600 2878 1857 2949; x_wconf 80' lang='grc' dir='ltr'>σκεδάρια</span> <span class='ocrx_word' id='word_1_69' title='bbox 1888 2877 1956 2930; x_wconf 84' lang='grc' dir='ltr'><strong>τά</strong></span> 
     </span>
    </p>
   </div>
   <div class='ocr_carea' id='block_1_19' title="bbox 374 2970 1954 3046">
    <p class='ocr_par' dir='ltr' id='par_1_19' title="bbox 374 2970 1954 3046">
     <span class='ocr_line' id='line_1_19' title="bbox 374 2970 1954 3046; baseline -0.005 -18"><span class='ocrx_word' id='word_1_70' title='bbox 374 2975 511 3046; x_wconf 71' lang='grc' dir='ltr'>προς</span> <span class='ocrx_word' id='word_1_71' title='bbox 558 2974 820 3044; x_wconf 79' lang='grc' dir='ltr'>Εὐνόμιον</span> <span class='ocrx_word' id='word_1_72' title='bbox 875 2972 1017 3026; x_wconf 88' lang='grc' dir='ltr'><strong>κατά</strong></span> <span class='ocrx_word' id='word_1_73' title='bbox 1060 2970 1369 3043; x_wconf 83' lang='grc' dir='ltr'>συμϐουλὴν</span> <span class='ocrx_word' id='word_1_74' title='bbox 1412 2971 1511 3041; x_wconf 81' lang='grc' dir='ltr'><strong>τῆς</strong></span> <span class='ocrx_word' id='word_1_75' title='bbox 1550 2970 1650 3039; x_wconf 84' lang='grc' dir='ltr'>σῆς</span> <span class='ocrx_word' id='word_1_76' title='bbox 1688 2970 1954 3032; x_wconf 82' lang='grc' dir='ltr'>συνέσεως</span> 
     </span>
    </p>
   </div>
   <div class='ocr_carea' id='block_1_20' title="bbox 374 3061 1954 3137">
    <p class='ocr_par' dir='ltr' id='par_1_20' title="bbox 374 3061 1954 3137">
     <span class='ocr_line' id='line_1_20' title="bbox 374 3061 1954 3137; baseline -0.005 -16"><span class='ocrx_word' id='word_1_77' title='bbox 374 3066 790 3137; x_wconf 78' lang='grc' dir='ltr'>ὺπηγορευμένα</span> <span class='ocrx_word' id='word_1_78' title='bbox 820 3080 834 3095; x_wconf 86' lang='lat'><strong><em>°</em></strong></span> <span class='ocrx_word' id='word_1_79' title='bbox 885 3063 1025 3117; x_wconf 84' lang='grc' dir='ltr'>ὥστε</span> <span class='ocrx_word' id='word_1_80' title='bbox 1066 3082 1157 3135; x_wconf 86' lang='grc' dir='ltr'><strong>μοι</strong></span> <span class='ocrx_word' id='word_1_81' title='bbox 1189 3063 1374 3117; x_wconf 83' lang='grc' dir='ltr'>λοιπὸν</span> <span class='ocrx_word' id='word_1_82' title='bbox 1403 3063 1482 3126; x_wconf 88' lang='grc' dir='ltr'><strong>είς</strong></span> <span class='ocrx_word' id='word_1_83' title='bbox 1511 3062 1668 3129; x_wconf 83' lang='grc' dir='ltr'>λόγου</span> <span class='ocrx_word' id='word_1_84' title='bbox 1701 3061 1954 3126; x_wconf 81' lang='grc' dir='ltr'>σύνταξιν</span> 
     </span>
    </p>
   </div>
   <div class='ocr_carea' id='block_1_21' title="bbox 370 3152 1951 3228">
    <p class='ocr_par' dir='ltr' id='par_1_21' title="bbox 370 3152 1951 3228">
     <span class='ocr_line' id='line_1_21' title="bbox 370 3152 1951 3228; baseline -0.003 -18"><span class='ocrx_word' id='word_1_85' title='bbox 370 3157 770 3228; x_wconf 83' lang='grc' dir='ltr'>ὲναρμοσθῆναι</span> <span class='ocrx_word' id='word_1_86' title='bbox 796 3156 885 3210; x_wconf 81' lang='grc' dir='ltr'>τὸν</span> <span class='ocrx_word' id='word_1_87' title='bbox 916 3156 1096 3217; x_wconf 82' lang='grc' dir='ltr'>πόνον,</span> <span class='ocrx_word' id='word_1_88' title='bbox 1125 3156 1217 3208; x_wconf 76' lang='grc' dir='ltr'><strong>καὶ</strong></span> <span class='ocrx_word' id='word_1_89' title='bbox 1241 3154 1465 3207; x_wconf 86' lang='grc' dir='ltr'>πυκτίον</span> <span class='ocrx_word' id='word_1_90' title='bbox 1493 3153 1593 3226; x_wconf 70' lang='grc' dir='ltr'><strong>ἥδη</strong></span> <span class='ocrx_word' id='word_1_91' title='bbox 1623 3152 1951 3223; x_wconf 82' lang='grc' dir='ltr'>γεγενῆσθαι</span> 
     </span>
    </p>
   </div>
   <div class='ocr_carea' id='block_1_22' title="bbox 368 3242 1951 3317">
    <p class='ocr_par' dir='ltr' id='par_1_22' title="bbox 368 3242 1951 3317">
     <span class='ocr_line' id='line_1_22' title="bbox 368 3242 1951 3317; baseline -0.004 -16"><span class='ocrx_word' id='word_1_92' title='bbox 368 3250 461 3302; x_wconf 80' lang='grc' dir='ltr'>τὸν</span> <span class='ocrx_word' id='word_1_93' title='bbox 495 3249 670 3316; x_wconf 77' lang='grc' dir='ltr'>λόγον.</span> <span class='ocrx_word' id='word_1_94' title='bbox 721 3244 1035 3317; x_wconf 77' lang='grc' dir='ltr'><strong>Γέγραπται</strong></span> <span class='ocrx_word' id='word_1_95' title='bbox 1084 3245 1144 3298; x_wconf 82' lang='grc' dir='ltr'>δέ</span> <span class='ocrx_word' id='word_1_96' title='bbox 1187 3261 1275 3315; x_wconf 91' lang='grc' dir='ltr'><strong>μοι</strong></span> <span class='ocrx_word' id='word_1_97' title='bbox 1324 3244 1383 3297; x_wconf 77' lang='grc' dir='ltr'>οὐ</span> <span class='ocrx_word' id='word_1_98' title='bbox 1429 3242 1564 3314; x_wconf 82' lang='grc' dir='ltr'>πρὸς</span> <span class='ocrx_word' id='word_1_99' title='bbox 1611 3243 1951 3313; x_wconf 79' lang='grc' dir='ltr'><strong>ἀμφοτέρους</strong></span> 
     </span>
    </p>
   </div>
   <div class='ocr_carea' id='block_1_23' title="bbox 366 3335 1946 3408">
    <p class='ocr_par' dir='ltr' id='par_1_23' title="bbox 366 3335 1946 3408">
     <span class='ocr_line' id='line_1_23' title="bbox 366 3335 1946 3408; baseline -0.001 -15"><span class='ocrx_word' id='word_1_100' title='bbox 366 3340 493 3403; x_wconf 72' lang='grc' dir='ltr'>τοῦς</span> <span class='ocrx_word' id='word_1_101' title='bbox 540 3336 731 3407; x_wconf 82' lang='grc' dir='ltr'>λόγους</span> <span class='ocrx_word' id='word_1_102' title='bbox 763 3355 779 3372; x_wconf 77' lang='grc' dir='ltr'><strong>ο</strong></span> <span class='ocrx_word' id='word_1_103' title='bbox 818 3338 937 3391; x_wconf 76' lang='grc' dir='ltr'>οὐδὲ</span> <span class='ocrx_word' id='word_1_104' title='bbox 980 3337 1087 3408; x_wconf 88' lang='grc' dir='ltr'>γὰρ</span> <span class='ocrx_word' id='word_1_105' title='bbox 1125 3337 1383 3408; x_wconf 80' lang='grc' dir='ltr'>ἐπέτυχον</span> <span class='ocrx_word' id='word_1_106' title='bbox 1422 3335 1689 3407; x_wconf 79' lang='grc' dir='ltr'><strong>τοσαύτης</strong></span> <span class='ocrx_word' id='word_1_107' title='bbox 1730 3335 1946 3406; x_wconf 79' lang='grc' dir='ltr'>σχολῆς,</span> 
     </span>
    </p>
   </div>
   <div class='ocr_carea' id='block_1_24' title="bbox 366 3425 1949 3501">
    <p class='ocr_par' dir='ltr' id='par_1_24' title="bbox 366 3425 1949 3501">
     <span class='ocr_line' id='line_1_24' title="bbox 366 3425 1949 3501; baseline -0.003 -18"><span class='ocrx_word' id='word_1_108' title='bbox 366 3431 460 3483; x_wconf 73' lang='grc' dir='ltr'>τοῦ</span> <span class='ocrx_word' id='word_1_109' title='bbox 511 3430 813 3501; x_wconf 76' lang='grc' dir='ltr'>χρὴσαντός</span> <span class='ocrx_word' id='word_1_110' title='bbox 867 3446 956 3501; x_wconf 85' lang='grc' dir='ltr'><strong>μοι</strong></span> <span class='ocrx_word' id='word_1_111' title='bbox 996 3429 1055 3483; x_wconf 85' lang='grc' dir='ltr'>τὺ</span> <span class='ocrx_word' id='word_1_112' title='bbox 1106 3430 1205 3499; x_wconf 78' lang='grc' dir='ltr'><strong>τῆς</strong></span> <span class='ocrx_word' id='word_1_113' title='bbox 1247 3429 1513 3499; x_wconf 77' lang='grc' dir='ltr'>αἱρέσεως</span> <span class='ocrx_word' id='word_1_114' title='bbox 1552 3426 1776 3498; x_wconf 88' lang='grc' dir='ltr'>βιϐλίον,</span> <span class='ocrx_word' id='word_1_115' title='bbox 1807 3425 1949 3480; x_wconf 86' lang='grc' dir='ltr'><strong>κατά</strong></span> 
     </span>
    </p>
   </div>
   <div class='ocr_carea' id='block_1_25' title="bbox 368 3516 1948 3591">
    <p class='ocr_par' dir='ltr' id='par_1_25' title="bbox 368 3516 1948 3591">
     <span class='ocr_line' id='line_1_25' title="bbox 368 3516 1948 3591; baseline -0.002 -20"><span class='ocrx_word' id='word_1_116' title='bbox 368 3520 567 3589; x_wconf 70' lang='grc' dir='ltr'>πολλὴν</span> <span class='ocrx_word' id='word_1_117' title='bbox 617 3518 1006 3591; x_wconf 72' lang='grc' dir='ltr'>ἀπειροκαλίαν</span> <span class='ocrx_word' id='word_1_118' title='bbox 1070 3519 1227 3581; x_wconf 75' lang='grc' dir='ltr'>εὐθὺς</span> <span class='ocrx_word' id='word_1_119' title='bbox 1283 3516 1755 3587; x_wconf 81' lang='grc' dir='ltr'>ἀνακαλεσαμένου</span> <span class='ocrx_word' id='word_1_120' title='bbox 1810 3517 1948 3587; x_wconf 83' lang='grc' dir='ltr'>πρὸς</span> 
     </span>
    </p>
   </div>
   <div class='ocr_carea' id='block_1_26' title="bbox 365 3608 1944 3681">
    <p class='ocr_par' dir='ltr' id='par_1_26' title="bbox 365 3608 1944 3681">
     <span class='ocr_line' id='line_1_26' title="bbox 365 3608 1944 3681; baseline -0.001 -18"><span class='ocrx_word' id='word_1_121' title='bbox 365 3612 573 3673; x_wconf 67' lang='grc' dir='ltr'>ἑαυτὴν,</span> <span class='ocrx_word' id='word_1_122' title='bbox 604 3611 697 3663; x_wconf 77' lang='grc' dir='ltr'><strong>καὶ</strong></span> <span class='ocrx_word' id='word_1_123' title='bbox 722 3609 843 3664; x_wconf 70' lang='grc' dir='ltr'>οὔτε</span> <span class='ocrx_word' id='word_1_124' title='bbox 881 3610 1353 3681; x_wconf 75' lang='grc' dir='ltr'>μεταγράψασθαι,</span> <span class='ocrx_word' id='word_1_125' title='bbox 1389 3608 1513 3661; x_wconf 76' lang='grc' dir='ltr'>οὔτε</span> <span class='ocrx_word' id='word_1_126' title='bbox 1558 3608 1697 3662; x_wconf 82' lang='grc' dir='ltr'><strong>κατά</strong></span> <span class='ocrx_word' id='word_1_127' title='bbox 1748 3609 1944 3679; x_wconf 81' lang='grc' dir='ltr'>σχολὴν</span> 
     </span>
    </p>
   </div>
   <div class='ocr_carea' id='block_1_27' title="bbox 362 3700 1942 3772">
    <p class='ocr_par' dir='ltr' id='par_1_27' title="bbox 362 3700 1942 3772">
     <span class='ocr_line' id='line_1_27' title="bbox 362 3700 1942 3772; baseline 0 -20"><span class='ocrx_word' id='word_1_128' title='bbox 362 3702 698 3772; x_wconf 63' lang='grc' dir='ltr'>ἑνδιατρίψαι</span> <span class='ocrx_word' id='word_1_129' title='bbox 730 3702 1049 3771; x_wconf 86' lang='grc' dir='ltr'>ποιήσαντος</span> <span class='ocrx_word' id='word_1_130' title='bbox 1084 3718 1096 3730; x_wconf 93' lang='grc'><strong>·</strong></span> <span class='ocrx_word' id='word_1_131' title='bbox 1149 3702 1206 3753; x_wconf 85' lang='grc' dir='ltr'>ὲν</span> <span class='ocrx_word' id='word_1_132' title='bbox 1247 3701 1480 3771; x_wconf 83' lang='grc' dir='ltr'><strong>ἡμέραις</strong></span> <span class='ocrx_word' id='word_1_133' title='bbox 1538 3701 1645 3771; x_wconf 83' lang='grc' dir='ltr'><strong>γὰρ</strong></span> <span class='ocrx_word' id='word_1_134' title='bbox 1682 3700 1942 3753; x_wconf 79' lang='grc' dir='ltr'>ἑπτακαί-</span> 
     </span>
    </p>
   </div>
   <div class='ocr_carea' id='block_1_28' title="bbox 360 3786 1943 3864">
    <p class='ocr_par' dir='ltr' id='par_1_28' title="bbox 360 3786 1943 3864">
     <span class='ocr_line' id='line_1_28' title="bbox 360 3786 1943 3864; baseline -0.001 -19"><span class='ocrx_word' id='word_1_135' title='bbox 360 3793 491 3846; x_wconf 78' lang='grc' dir='ltr'>δεκα</span> <span class='ocrx_word' id='word_1_136' title='bbox 529 3795 714 3864; x_wconf 85' lang='grc' dir='ltr'>μόναις</span> <span class='ocrx_word' id='word_1_137' title='bbox 759 3793 1043 3864; x_wconf 83' lang='grc' dir='ltr'>σχολάσας,</span> <span class='ocrx_word' id='word_1_138' title='bbox 1072 3793 1169 3861; x_wconf 80' lang='grc' dir='ltr'><strong>οὐχ</strong></span> <span class='ocrx_word' id='word_1_139' title='bbox 1212 3786 1318 3853; x_wconf 77' lang='grc' dir='ltr'>οἷός</span> <span class='ocrx_word' id='word_1_140' title='bbox 1357 3808 1416 3843; x_wconf 87' lang='grc' dir='ltr'><strong>τε</strong></span> <span class='ocrx_word' id='word_1_141' title='bbox 1473 3792 1620 3861; x_wconf 68' lang='grc' dir='ltr'>ἤμην</span> <span class='ocrx_word' id='word_1_142' title='bbox 1667 3792 1724 3841; x_wconf 87' lang='grc' dir='ltr'>ὲν</span> <span class='ocrx_word' id='word_1_143' title='bbox 1771 3790 1943 3854; x_wconf 76' lang='grc' dir='ltr'>οὕτως</span> 
     </span>
    </p>
   </div>
   <div class='ocr_carea' id='block_1_29' title="bbox 362 3882 1941 3955">
    <p class='ocr_par' dir='ltr' id='par_1_29' title="bbox 362 3882 1941 3955">
     <span class='ocr_line' id='line_1_29' title="bbox 362 3882 1941 3955; baseline -0.003 -18"><span class='ocrx_word' id='word_1_144' title='bbox 362 3884 525 3955; x_wconf 69' lang='grc' dir='ltr'>ὀλίγῳ</span> <span class='ocrx_word' id='word_1_145' title='bbox 553 3884 629 3955; x_wconf 82' lang='grc' dir='ltr'><strong>τῷ</strong></span> <span class='ocrx_word' id='word_1_146' title='bbox 657 3886 833 3955; x_wconf 75' lang='grc' dir='ltr'>χρόνῳ</span> <span class='ocrx_word' id='word_1_147' title='bbox 870 3886 1005 3955; x_wconf 78' lang='grc' dir='ltr'>πρὸς</span> <span class='ocrx_word' id='word_1_148' title='bbox 1030 3883 1373 3955; x_wconf 80' lang='grc' dir='ltr'>ἀμφοτέρους</span> <span class='ocrx_word' id='word_1_149' title='bbox 1417 3882 1646 3952; x_wconf 88' lang='grc' dir='ltr'>ἀρκέσαι</span> <span class='ocrx_word' id='word_1_150' title='bbox 1691 3884 1816 3944; x_wconf 80' lang='grc' dir='ltr'>τοὺς</span> <span class='ocrx_word' id='word_1_151' title='bbox 1858 3882 1941 3934; x_wconf 64' lang='grc' dir='ltr'>λόο-</span> 
     </span>
    </p>
   </div>
   <div class='ocr_carea' id='block_1_30' title="bbox 362 3992 511 4045">
    <p class='ocr_par' dir='ltr' id='par_1_30' title="bbox 362 3992 511 4045">
     <span class='ocr_line' id='line_1_30' title="bbox 362 3992 511 4045; baseline 0.013 -17"><span class='ocrx_word' id='word_1_152' title='bbox 362 3992 511 4045; x_wconf 76' lang='grc' dir='ltr'>γους.</span> 
     </span>
    </p>
   </div>
   <div class='ocr_carea' id='block_1_31' title="bbox 432 4084 1937 4159">
    <p class='ocr_par' dir='ltr' id='par_1_31' title="bbox 432 4084 1937 4159">
     <span class='ocr_line' id='line_1_31' title="bbox 432 4084 1937 4159; baseline -0.001 -18"><span class='ocrx_word' id='word_1_153' title='bbox 432 4089 695 4151; x_wconf 79' lang='grc' dir='ltr'>Πολλάκις</span> <span class='ocrx_word' id='word_1_154' title='bbox 736 4088 792 4141; x_wconf 83' lang='grc' dir='ltr'>δὲ</span> <span class='ocrx_word' id='word_1_155' title='bbox 830 4089 980 4159; x_wconf 87' lang='grc' dir='ltr'><strong>παρά</strong></span> <span class='ocrx_word' id='word_1_156' title='bbox 1023 4088 1232 4143; x_wconf 85' lang='grc' dir='ltr'>πολλῶν</span> <span class='ocrx_word' id='word_1_157' title='bbox 1282 4086 1591 4158; x_wconf 73' lang='grc' dir='ltr'>ἐνοχληθεὶς</span> <span class='ocrx_word' id='word_1_158' title='bbox 1635 4084 1937 4158; x_wconf 82' lang='grc' dir='ltr'>ἀνθρώπων</span> 
     </span>
    </p>
   </div>
   <div class='ocr_carea' id='block_1_32' title="bbox 360 4174 1938 4249">
    <p class='ocr_par' dir='ltr' id='par_1_32' title="bbox 360 4174 1938 4249">
     <span class='ocr_line' id='line_1_32' title="bbox 360 4174 1938 4249; baseline -0.002 -20"><span class='ocrx_word' id='word_1_159' title='bbox 360 4178 469 4231; x_wconf 80' lang='grc' dir='ltr'>τῶν</span> <span class='ocrx_word' id='word_1_160' title='bbox 497 4195 619 4232; x_wconf 84' lang='grc' dir='ltr'>τινα</span> <span class='ocrx_word' id='word_1_161' title='bbox 649 4178 807 4247; x_wconf 78' lang='grc' dir='ltr'>ζῆλον</span> <span class='ocrx_word' id='word_1_162' title='bbox 841 4177 980 4249; x_wconf 81' lang='grc' dir='ltr'>ὑπὲρ</span> <span class='ocrx_word' id='word_1_163' title='bbox 1000 4178 1099 4249; x_wconf 81' lang='grc' dir='ltr'><strong>τῆς</strong></span> <span class='ocrx_word' id='word_1_164' title='bbox 1142 4177 1400 4248; x_wconf 80' lang='grc' dir='ltr'>ἀληθείας</span> <span class='ocrx_word' id='word_1_165' title='bbox 1454 4176 1705 4247; x_wconf 77' lang='grc' dir='ltr'>ἐχόντων,</span> <span class='ocrx_word' id='word_1_166' title='bbox 1752 4175 1840 4228; x_wconf 87' lang='grc' dir='ltr'>διά</span> <span class='ocrx_word' id='word_1_167' title='bbox 1877 4174 1938 4227; x_wconf 87' lang='grc' dir='ltr'><strong>τὸ</strong></span> 
     </span>
    </p>
   </div>
   <div class='ocr_carea' id='block_1_33' title="bbox 360 4262 1936 4341">
    <p class='ocr_par' dir='ltr' id='par_1_33' title="bbox 360 4262 1936 4341">
     <span class='ocr_line' id='line_1_33' title="bbox 360 4262 1936 4341; baseline -0.003 -20"><span class='ocrx_word' id='word_1_168' title='bbox 360 4267 900 4341; x_wconf 82' lang='grc' dir='ltr'>περιτεθρυλλῆσθαι,</span> <span class='ocrx_word' id='word_1_169' title='bbox 948 4269 1049 4322; x_wconf 85' lang='grc' dir='ltr'><strong>οὐκ</strong></span> <span class='ocrx_word' id='word_1_170' title='bbox 1086 4262 1203 4321; x_wconf 75' lang='grc' dir='ltr'>οἶδα</span> <span class='ocrx_word' id='word_1_171' title='bbox 1264 4270 1445 4330; x_wconf 86' lang='grc' dir='ltr'>ὅπως,</span> <span class='ocrx_word' id='word_1_172' title='bbox 1493 4266 1554 4319; x_wconf 82' lang='grc' dir='ltr'><strong>τὸ</strong></span> <span class='ocrx_word' id='word_1_173' title='bbox 1600 4265 1936 4336; x_wconf 83' lang='grc' dir='ltr'>πεπονῆσθαι</span> 
     </span>
    </p>
   </div>
   <div class='ocr_carea' id='block_1_34' title="bbox 359 4356 1935 4429">
    <p class='ocr_par' dir='ltr' id='par_1_34' title="bbox 359 4356 1935 4429">
     <span class='ocr_line' id='line_1_34' title="bbox 359 4356 1935 4429; baseline -0.002 -18"><span class='ocrx_word' id='word_1_174' title='bbox 359 4360 488 4429; x_wconf 73' lang='grc' dir='ltr'>ἡμῖν</span> <span class='ocrx_word' id='word_1_175' title='bbox 512 4359 649 4429; x_wconf 74' lang='grc' dir='ltr'>πρὸς</span> <span class='ocrx_word' id='word_1_176' title='bbox 675 4358 765 4411; x_wconf 81' lang='grc' dir='ltr'>τὸν</span> <span class='ocrx_word' id='word_1_177' title='bbox 790 4358 1106 4429; x_wconf 81' lang='grc' dir='ltr'>βλάσφημον</span> <span class='ocrx_word' id='word_1_178' title='bbox 1154 4358 1470 4429; x_wconf 79' lang='grc' dir='ltr'>ἀντίρρησιν</span> <span class='ocrx_word' id='word_1_179' title='bbox 1504 4374 1515 4386; x_wconf 90' lang='grc'><strong>·</strong></span> <span class='ocrx_word' id='word_1_180' title='bbox 1568 4356 1745 4419; x_wconf 84' lang='grc' dir='ltr'>καλῶς</span> <span class='ocrx_word' id='word_1_181' title='bbox 1792 4356 1935 4425; x_wconf 84' lang='grc' dir='ltr'>ἔχειν</span> 
     </span>
    </p>
   </div>
   <div class='ocr_carea' id='block_1_35' title="bbox 357 4448 1935 4522">
    <p class='ocr_par' dir='ltr' id='par_1_35' title="bbox 357 4448 1935 4522">
     <span class='ocr_line' id='line_1_35' title="bbox 357 4448 1935 4522; baseline -0.002 -19"><span class='ocrx_word' id='word_1_182' title='bbox 357 4450 543 4522; x_wconf 78' lang='grc' dir='ltr'>ᾠήθην</span> <span class='ocrx_word' id='word_1_183' title='bbox 566 4452 675 4521; x_wconf 74' lang='grc' dir='ltr'>πρὸ</span> <span class='ocrx_word' id='word_1_184' title='bbox 708 4452 922 4504; x_wconf 82' lang='grc' dir='ltr'>πάντων</span> <span class='ocrx_word' id='word_1_185' title='bbox 956 4454 1022 4521; x_wconf 79' lang='grc' dir='ltr'><strong>τῇ</strong></span> <span class='ocrx_word' id='word_1_186' title='bbox 1055 4454 1120 4521; x_wconf 77' lang='grc' dir='ltr'>σῇ</span> <span class='ocrx_word' id='word_1_187' title='bbox 1146 4451 1357 4504; x_wconf 78' lang='grc' dir='ltr'>συνέσει</span> <span class='ocrx_word' id='word_1_188' title='bbox 1398 4449 1525 4520; x_wconf 71' lang='grc' dir='ltr'>περὶ</span> <span class='ocrx_word' id='word_1_189' title='bbox 1555 4448 1745 4501; x_wconf 83' lang='grc' dir='ltr'>τούτου</span> <span class='ocrx_word' id='word_1_190' title='bbox 1798 4466 1935 4518; x_wconf 89' lang='grc' dir='ltr'>συμ-</span> 
     </span>
    </p>
   </div>
   <div class='ocr_carea' id='block_1_36' title="bbox 359 4540 1933 4612">
    <p class='ocr_par' dir='ltr' id='par_1_36' title="bbox 359 4540 1933 4612">
     <span class='ocr_line' id='line_1_36' title="bbox 359 4540 1933 4612; baseline 0.001 -19"><span class='ocrx_word' id='word_1_191' title='bbox 359 4542 534 4611; x_wconf 74' lang='grc' dir='ltr'>ϐούλῳ</span> <span class='ocrx_word' id='word_1_192' title='bbox 562 4542 888 4612; x_wconf 82' lang='grc' dir='ltr'>χρήσασθαι,</span> <span class='ocrx_word' id='word_1_193' title='bbox 920 4541 1027 4595; x_wconf 77' lang='grc' dir='ltr'>εἴτε</span> <span class='ocrx_word' id='word_1_194' title='bbox 1054 4542 1159 4612; x_wconf 82' lang='grc' dir='ltr'>χρὴ</span> <span class='ocrx_word' id='word_1_195' title='bbox 1192 4540 1618 4595; x_wconf 82' lang='grc' dir='ltr'>καταπιστεῢσαι</span> <span class='ocrx_word' id='word_1_196' title='bbox 1662 4543 1781 4605; x_wconf 83' lang='grc' dir='ltr'>ταῖς</span> <span class='ocrx_word' id='word_1_197' title='bbox 1826 4541 1933 4595; x_wconf 85' lang='grc' dir='ltr'><strong>τῶν</strong></span> 
     </span>
    </p>
   </div>
   <div class='ocr_carea' id='block_1_37' title="bbox 359 4630 1933 4702">
    <p class='ocr_par' dir='ltr' id='par_1_37' title="bbox 359 4630 1933 4702">
     <span class='ocr_line' id='line_1_37' title="bbox 359 4630 1933 4702; baseline 0.001 -18"><span class='ocrx_word' id='word_1_198' title='bbox 359 4632 569 4686; x_wconf 84' lang='grc' dir='ltr'>πολλῶν</span> <span class='ocrx_word' id='word_1_199' title='bbox 613 4634 823 4697; x_wconf 86' lang='grc' dir='ltr'>ἀκοαῖς,</span> <span class='ocrx_word' id='word_1_200' title='bbox 879 4633 989 4685; x_wconf 71' lang='grc' dir='ltr'>εἴτε</span> <span class='ocrx_word' id='word_1_201' title='bbox 1026 4650 1080 4685; x_wconf 89' lang='grc' dir='ltr'>τι</span> <span class='ocrx_word' id='word_1_202' title='bbox 1119 4633 1209 4685; x_wconf 81' lang='grc' dir='ltr'><strong>καὶ</strong></span> <span class='ocrx_word' id='word_1_203' title='bbox 1251 4632 1377 4686; x_wconf 80' lang='grc' dir='ltr'>ἄλλο</span> <span class='ocrx_word' id='word_1_204' title='bbox 1415 4630 1822 4702; x_wconf 79' lang='grc' dir='ltr'>βουλεύσασθαι.</span> <span class='ocrx_word' id='word_1_205' title='bbox 1868 4633 1933 4686; x_wconf 90' lang='grc' dir='ltr'><strong>Ὃ</strong></span> 
     </span>
    </p>
   </div>
   <div class='ocr_carea' id='block_1_38' title="bbox 1966 4038 2015 4098">
    <p class='ocr_par' dir='ltr' id='par_1_38' title="bbox 1966 4038 2015 4098">
     <span class='ocr_line' id='line_1_38' title="bbox 1966 4038 2015 4098; baseline 0 0"><span class='ocrx_word' id='word_1_206' title='bbox 1966 4038 2015 4098; x_wconf 85' lang='grc' dir='ltr'><strong>Β</strong></span> 
     </span>
    </p>
   </div>
   <div class='ocr_carea' id='block_1_39' title="bbox 2059 2789 3631 2865">
    <p class='ocr_par' dir='ltr' id='par_1_39' title="bbox 2059 2789 3631 2865">
     <span class='ocr_line' id='line_1_39' title="bbox 2059 2789 3631 2865; baseline 0.008 -23"><span class='ocrx_word' id='word_1_207' title='bbox 2059 2789 2162 2853; x_wconf 87' lang='lat' dir='ltr'><strong>tui,</strong></span> <span class='ocrx_word' id='word_1_208' title='bbox 2187 2798 2308 2859; x_wconf 87' lang='lat' dir='ltr'><strong>post</strong></span> <span class='ocrx_word' id='word_1_209' title='bbox 2330 2789 2559 2845; x_wconf 79' lang='lat' dir='ltr'><strong>reditum</strong></span> <span class='ocrx_word' id='word_1_210' title='bbox 2586 2806 2652 2846; x_wconf 80' lang='lat' dir='ltr'><strong>ex</strong></span> <span class='ocrx_word' id='word_1_211' title='bbox 2668 2790 2944 2856; x_wconf 85' lang='lat' dir='ltr'><strong>Armenia,</strong></span> <span class='ocrx_word' id='word_1_212' title='bbox 2970 2803 3021 2848; x_wconf 90' lang='lat' dir='ltr'><strong>et</strong></span> <span class='ocrx_word' id='word_1_213' title='bbox 3042 2794 3298 2865; x_wconf 76' lang='lat' dir='ltr'><strong>colligere</strong></span> <span class='ocrx_word' id='word_1_214' title='bbox 3318 2796 3631 2863; x_wconf 86' lang='lat' dir='ltr'><strong>schedulas,</strong></span> 
     </span>
    </p>
   </div>
   <div class='ocr_carea' id='block_1_40' title="bbox 2057 2877 3632 2953">
    <p class='ocr_par' dir='ltr' id='par_1_40' title="bbox 2057 2877 3632 2953">
     <span class='ocr_line' id='line_1_40' title="bbox 2057 2877 3632 2953; baseline 0.008 -27"><span class='ocrx_word' id='word_1_215' title='bbox 2057 2893 2193 2947; x_wconf 80' lang='lat' dir='ltr'><strong>quas</strong></span> <span class='ocrx_word' id='word_1_216' title='bbox 2238 2886 2429 2932; x_wconf 88' lang='lat' dir='ltr'><strong>contra</strong></span> <span class='ocrx_word' id='word_1_217' title='bbox 2478 2877 2803 2933; x_wconf 88' lang='lat' dir='ltr'><strong>Eunomium</strong></span> <span class='ocrx_word' id='word_1_218' title='bbox 2850 2887 2945 2935; x_wconf 89' lang='lat' dir='ltr'><strong>tuo</strong></span> <span class='ocrx_word' id='word_1_219' title='bbox 2990 2896 3159 2936; x_wconf 88' lang='lat' dir='ltr'><strong>suasu</strong></span> <span class='ocrx_word' id='word_1_220' title='bbox 3206 2884 3511 2953; x_wconf 77' lang='lat' dir='ltr'><strong>composui,</strong></span> <span class='ocrx_word' id='word_1_221' title='bbox 3572 2893 3632 2938; x_wconf 86' lang='lat' dir='ltr'><strong>ut</strong></span> 
     </span>
    </p>
   </div>
   <div class='ocr_carea' id='block_1_41' title="bbox 2054 2967 3636 3039">
    <p class='ocr_par' dir='ltr' id='par_1_41' title="bbox 2054 2967 3636 3039">
     <span class='ocr_line' id='line_1_41' title="bbox 2054 2967 3636 3039; baseline 0.006 -19"><span class='ocrx_word' id='word_1_222' title='bbox 2054 2967 2164 3039; x_wconf 82' lang='lat' dir='ltr'><strong>jam</strong></span> <span class='ocrx_word' id='word_1_223' title='bbox 2194 2968 2347 3024; x_wconf 87' lang='lat' dir='ltr'><strong>labor</strong></span> <span class='ocrx_word' id='word_1_224' title='bbox 2388 2984 2541 3024; x_wconf 88' lang='lat' dir='ltr'><strong>meus</strong></span> <span class='ocrx_word' id='word_1_225' title='bbox 2584 2969 2637 3023; x_wconf 92' lang='lat' dir='ltr'><strong>in</strong></span> <span class='ocrx_word' id='word_1_226' title='bbox 2690 2970 2954 3025; x_wconf 87' lang='lat' dir='ltr'><strong>orationis</strong></span> <span class='ocrx_word' id='word_1_227' title='bbox 2998 2969 3250 3037; x_wconf 84' lang='lat' dir='ltr'><strong>formam,</strong></span> <span class='ocrx_word' id='word_1_228' title='bbox 3284 2981 3337 3028; x_wconf 90' lang='lat' dir='ltr'><strong>et</strong></span> <span class='ocrx_word' id='word_1_229' title='bbox 3373 2974 3549 3028; x_wconf 89' lang='lat' dir='ltr'><strong>oratio</strong></span> <span class='ocrx_word' id='word_1_230' title='bbox 3579 2973 3636 3029; x_wconf 84' lang='lat' dir='ltr'><strong>in</strong></span> 
     </span>
    </p>
   </div>
   <div class='ocr_carea' id='block_1_42' title="bbox 2055 3058 3637 3131">
    <p class='ocr_par' dir='ltr' id='par_1_42' title="bbox 2055 3058 3637 3131">
     <span class='ocr_line' id='line_1_42' title="bbox 2055 3058 3637 3131; baseline 0.004 -18"><span class='ocrx_word' id='word_1_231' title='bbox 2055 3059 2308 3113; x_wconf 89' lang='lat' dir='ltr'><strong>volumen</strong></span> <span class='ocrx_word' id='word_1_232' title='bbox 2340 3059 2595 3113; x_wconf 86' lang='lat' dir='ltr'><strong>evaserit.</strong></span> <span class='ocrx_word' id='word_1_233' title='bbox 2635 3058 2843 3131; x_wconf 85' lang='lat' dir='ltr'><strong>Scripsi</strong></span> <span class='ocrx_word' id='word_1_234' title='bbox 2873 3071 3051 3117; x_wconf 87' lang='lat' dir='ltr'><strong>autem</strong></span> <span class='ocrx_word' id='word_1_235' title='bbox 3073 3077 3184 3119; x_wconf 85' lang='lat' dir='ltr'><strong>non</strong></span> <span class='ocrx_word' id='word_1_236' title='bbox 3210 3072 3400 3119; x_wconf 88' lang='lat' dir='ltr'><strong>contra</strong></span> <span class='ocrx_word' id='word_1_237' title='bbox 3428 3072 3637 3120; x_wconf 88' lang='lat' dir='ltr'><strong>utrum-</strong></span> 
     </span>
    </p>
   </div>
   <div class='ocr_carea' id='block_1_43' title="bbox 2053 3148 3633 3229">
    <p class='ocr_par' dir='ltr' id='par_1_43' title="bbox 2053 3148 3633 3229">
     <span class='ocr_line' id='line_1_43' title="bbox 2053 3148 3633 3229; baseline 0.008 -27"><span class='ocrx_word' id='word_1_238' title='bbox 2053 3165 2159 3220; x_wconf 83' lang='lat' dir='ltr'><strong>que</strong></span> <span class='ocrx_word' id='word_1_239' title='bbox 2194 3148 2450 3205; x_wconf 86' lang='lat' dir='ltr'><strong>Eunomii</strong></span> <span class='ocrx_word' id='word_1_240' title='bbox 2480 3150 2679 3207; x_wconf 86' lang='lat' dir='ltr'><strong>librum</strong></span> <span class='ocrx_word' id='word_1_241' title='bbox 2706 3172 2719 3207; x_wconf 93' lang='lat'><strong>:</strong></span> <span class='ocrx_word' id='word_1_242' title='bbox 2753 3169 2929 3223; x_wconf 91' lang='lat' dir='ltr'><strong>neque</strong></span> <span class='ocrx_word' id='word_1_243' title='bbox 2956 3154 3103 3209; x_wconf 88' lang='lat' dir='ltr'><strong>enim</strong></span> <span class='ocrx_word' id='word_1_244' title='bbox 3133 3162 3342 3210; x_wconf 88' lang='lat' dir='ltr'><strong>tantum</strong></span> <span class='ocrx_word' id='word_1_245' title='bbox 3380 3159 3633 3229; x_wconf 75' lang='lat' dir='ltr'><strong>temporis</strong></span> 
     </span>
    </p>
   </div>
   <div class='ocr_carea' id='block_1_44' title="bbox 2051 3246 3611 3316">
    <p class='ocr_par' dir='ltr' id='par_1_44' title="bbox 2051 3246 3611 3316">
     <span class='ocr_line' id='line_1_44' title="bbox 2051 3246 3611 3316; baseline 0.005 -20"><span class='ocrx_word' id='word_1_246' title='bbox 2051 3257 2373 3298; x_wconf 90' lang='lat' dir='ltr'><strong>concessum</strong></span> <span class='ocrx_word' id='word_1_247' title='bbox 2407 3251 2512 3311; x_wconf 89' lang='lat' dir='ltr'><strong>cst,</strong></span> <span class='ocrx_word' id='word_1_248' title='bbox 2544 3246 2760 3311; x_wconf 90' lang='lat' dir='ltr'><strong>cumis,</strong></span> <span class='ocrx_word' id='word_1_249' title='bbox 2801 3247 2893 3316; x_wconf 90' lang='lat' dir='ltr'><strong>qui</strong></span> <span class='ocrx_word' id='word_1_250' title='bbox 2920 3247 3117 3303; x_wconf 84' lang='lat' dir='ltr'><strong>librum</strong></span> <span class='ocrx_word' id='word_1_251' title='bbox 3150 3248 3468 3305; x_wconf 70' lang='lat' dir='ltr'><strong>haareticum</strong></span> <span class='ocrx_word' id='word_1_252' title='bbox 3490 3266 3611 3307; x_wconf 86' lang='lat' dir='ltr'><strong>com</strong></span> 
     </span>
    </p>
   </div>
   <div class='ocr_carea' id='block_1_45' title="bbox 2051 3333 3634 3406">
    <p class='ocr_par' dir='ltr' id='par_1_45' title="bbox 2051 3333 3634 3406">
     <span class='ocr_line' id='line_1_45' title="bbox 2051 3333 3634 3406; baseline 0.006 -20"><span class='ocrx_word' id='word_1_253' title='bbox 2051 3333 2274 3388; x_wconf 91' lang='lat' dir='ltr'><strong>modato</strong></span> <span class='ocrx_word' id='word_1_254' title='bbox 2297 3333 2543 3399; x_wconf 89' lang='lat' dir='ltr'><strong>dederat,</strong></span> <span class='ocrx_word' id='word_1_255' title='bbox 2580 3349 2703 3389; x_wconf 91' lang='lat' dir='ltr'><strong>eum</strong></span> <span class='ocrx_word' id='word_1_256' title='bbox 2729 3334 2883 3391; x_wconf 81' lang='lat' dir='ltr'><strong>valde</strong></span> <span class='ocrx_word' id='word_1_257' title='bbox 2909 3335 3219 3406; x_wconf 84' lang='lat' dir='ltr'><strong>importune</strong></span> <span class='ocrx_word' id='word_1_258' title='bbox 3260 3344 3314 3393; x_wconf 87' lang='lat' dir='ltr'><strong>et</strong></span> <span class='ocrx_word' id='word_1_259' title='bbox 3340 3338 3634 3395; x_wconf 77' lang='lat' dir='ltr'><strong>inciviliter</strong></span> 
     </span>
    </p>
   </div>
   <div class='ocr_carea' id='block_1_46' title="bbox 2049 3425 3627 3499">
    <p class='ocr_par' dir='ltr' id='par_1_46' title="bbox 2049 3425 3627 3499">
     <span class='ocr_line' id='line_1_46' title="bbox 2049 3425 3627 3499; baseline 0.005 -22"><span class='ocrx_word' id='word_1_260' title='bbox 2049 3425 2384 3494; x_wconf 83' lang='lat' dir='ltr'><strong>repetiverit,</strong></span> <span class='ocrx_word' id='word_1_261' title='bbox 2410 3432 2464 3480; x_wconf 91' lang='lat' dir='ltr'><strong>et</strong></span> <span class='ocrx_word' id='word_1_262' title='bbox 2490 3440 2665 3495; x_wconf 87' lang='lat' dir='ltr'><strong>neque</strong></span> <span class='ocrx_word' id='word_1_263' title='bbox 2691 3427 3114 3493; x_wconf 88' lang='lat' dir='ltr'><strong>transcribendi,</strong></span> <span class='ocrx_word' id='word_1_264' title='bbox 3144 3444 3321 3499; x_wconf 84' lang='lat' dir='ltr'><strong>neque</strong></span> <span class='ocrx_word' id='word_1_265' title='bbox 3341 3444 3438 3499; x_wconf 90' lang='lat' dir='ltr'><strong>per</strong></span> <span class='ocrx_word' id='word_1_266' title='bbox 3456 3431 3627 3485; x_wconf 85' lang='lat' dir='ltr'><strong>otium</strong></span> 
     </span>
    </p>
   </div>
   <div class='ocr_carea' id='block_1_47' title="bbox 2046 3516 3625 3589">
    <p class='ocr_par' dir='ltr' id='par_1_47' title="bbox 2046 3516 3625 3589">
     <span class='ocr_line' id='line_1_47' title="bbox 2046 3516 3625 3589; baseline 0.001 -18"><span class='ocrx_word' id='word_1_267' title='bbox 2046 3516 2329 3571; x_wconf 88' lang='lat' dir='ltr'><strong>evolvendi</strong></span> <span class='ocrx_word' id='word_1_268' title='bbox 2392 3521 2476 3571; x_wconf 78' lang='lat' dir='ltr'><strong>sat</strong></span> <span class='ocrx_word' id='word_1_269' title='bbox 2536 3517 2697 3587; x_wconf 87' lang='lat' dir='ltr'><strong>spatii</strong></span> <span class='ocrx_word' id='word_1_270' title='bbox 2751 3516 2998 3574; x_wconf 88' lang='lat' dir='ltr'><strong>dederit:</strong></span> <span class='ocrx_word' id='word_1_271' title='bbox 3054 3534 3179 3572; x_wconf 90' lang='lat' dir='ltr'><strong>nam</strong></span> <span class='ocrx_word' id='word_1_272' title='bbox 3234 3520 3625 3589; x_wconf 87' lang='lat' dir='ltr'><strong>septemdecim</strong></span> 
     </span>
    </p>
   </div>
   <div class='ocr_carea' id='block_1_48' title="bbox 2048 3608 3625 3681">
    <p class='ocr_par' dir='ltr' id='par_1_48' title="bbox 2048 3608 3625 3681">
     <span class='ocr_line' id='line_1_48' title="bbox 2048 3608 3625 3681; baseline 0.005 -20"><span class='ocrx_word' id='word_1_273' title='bbox 2048 3615 2260 3661; x_wconf 90' lang='lat' dir='ltr'><strong>tantum</strong></span> <span class='ocrx_word' id='word_1_274' title='bbox 2290 3608 2405 3662; x_wconf 90' lang='lat' dir='ltr'><strong>dies</strong></span> <span class='ocrx_word' id='word_1_275' title='bbox 2438 3608 2563 3662; x_wconf 83' lang='lat' dir='ltr'><strong>huic</strong></span> <span class='ocrx_word' id='word_1_276' title='bbox 2589 3610 2953 3665; x_wconf 87' lang='lat' dir='ltr'><strong>lucubrationi</strong></span> <span class='ocrx_word' id='word_1_277' title='bbox 2980 3610 3316 3681; x_wconf 87' lang='lat' dir='ltr'><strong>impertiens,</strong></span> <span class='ocrx_word' id='word_1_278' title='bbox 3351 3612 3465 3668; x_wconf 77' lang='lat' dir='ltr'><strong>ﬁeri</strong></span> <span class='ocrx_word' id='word_1_279' title='bbox 3513 3629 3625 3669; x_wconf 90' lang='lat' dir='ltr'><strong>non</strong></span> 
     </span>
    </p>
   </div>
   <div class='ocr_carea' id='block_1_49' title="bbox 2046 3697 3627 3771">
    <p class='ocr_par' dir='ltr' id='par_1_49' title="bbox 2046 3697 3627 3771">
     <span class='ocr_line' id='line_1_49' title="bbox 2046 3697 3627 3771; baseline 0.005 -20"><span class='ocrx_word' id='word_1_280' title='bbox 2046 3697 2224 3767; x_wconf 87' lang='lat' dir='ltr'><strong>potuit</strong></span> <span class='ocrx_word' id='word_1_281' title='bbox 2256 3706 2311 3750; x_wconf 87' lang='lat' dir='ltr'><strong>ut</strong></span> <span class='ocrx_word' id='word_1_282' title='bbox 2359 3705 2469 3750; x_wconf 83' lang='lat' dir='ltr'><strong>tam</strong></span> <span class='ocrx_word' id='word_1_283' title='bbox 2514 3699 2659 3753; x_wconf 85' lang='lat' dir='ltr'><strong>brevi</strong></span> <span class='ocrx_word' id='word_1_284' title='bbox 2696 3706 2938 3769; x_wconf 90' lang='lat' dir='ltr'><strong>tempore</strong></span> <span class='ocrx_word' id='word_1_285' title='bbox 2968 3712 3259 3771; x_wconf 87' lang='lat' dir='ltr'><strong>utrumque</strong></span> <span class='ocrx_word' id='word_1_286' title='bbox 3305 3701 3506 3758; x_wconf 87' lang='lat' dir='ltr'><strong>librum</strong></span> <span class='ocrx_word' id='word_1_287' title='bbox 3536 3717 3627 3759; x_wconf 67' lang='lat' dir='ltr'><strong>reo</strong></span> 
     </span>
    </p>
   </div>
   <div class='ocr_carea' id='block_1_50' title="bbox 2044 3789 2304 3843">
    <p class='ocr_par' dir='ltr' id='par_1_50' title="bbox 2044 3789 2304 3843">
     <span class='ocr_line' id='line_1_50' title="bbox 2044 3789 2304 3843; baseline -0.004 0"><span class='ocrx_word' id='word_1_288' title='bbox 2044 3789 2304 3843; x_wconf 81' lang='lat' dir='ltr'><strong>fellerem.</strong></span> 
     </span>
    </p>
   </div>
   <div class='ocr_carea' id='block_1_51' title="bbox 2114 4094 3614 4177">
    <p class='ocr_par' dir='ltr' id='par_1_51' title="bbox 2114 4094 3614 4177">
     <span class='ocr_line' id='line_1_51' title="bbox 2114 4094 3614 4177; baseline 0.009 -27"><span class='ocrx_word' id='word_1_289' title='bbox 2114 4094 2324 4165; x_wconf 77' lang='lat' dir='ltr'><strong>Saepius</strong></span> <span class='ocrx_word' id='word_1_290' title='bbox 2369 4110 2498 4151; x_wconf 86' lang='lat' dir='ltr'><strong>vero</strong></span> <span class='ocrx_word' id='word_1_291' title='bbox 2549 4096 2925 4167; x_wconf 88' lang='lat' dir='ltr'><strong>interpellatus</strong></span> <span class='ocrx_word' id='word_1_292' title='bbox 2966 4114 2995 4153; x_wconf 90' lang='lat' dir='ltr'><strong>a</strong></span> <span class='ocrx_word' id='word_1_293' title='bbox 3041 4099 3250 4165; x_wconf 81' lang='lat' dir='ltr'><strong>multis,</strong></span> <span class='ocrx_word' id='word_1_294' title='bbox 3299 4104 3394 4173; x_wconf 91' lang='lat' dir='ltr'><strong>qui</strong></span> <span class='ocrx_word' id='word_1_295' title='bbox 3429 4106 3614 4177; x_wconf 90' lang='lat' dir='ltr'><strong>aliquo</strong></span> 
     </span>
    </p>
   </div>
   <div class='ocr_carea' id='block_1_52' title="bbox 2037 4187 3616 4263">
    <p class='ocr_par' dir='ltr' id='par_1_52' title="bbox 2037 4187 3616 4263">
     <span class='ocr_line' id='line_1_52' title="bbox 2037 4187 3616 4263; baseline 0.009 -23"><span class='ocrx_word' id='word_1_296' title='bbox 2037 4187 2283 4242; x_wconf 82' lang='lat' dir='ltr'><strong>veritatis</strong></span> <span class='ocrx_word' id='word_1_297' title='bbox 2330 4188 2447 4241; x_wconf 86' lang='lat' dir='ltr'><strong>zelo</strong></span> <span class='ocrx_word' id='word_1_298' title='bbox 2491 4189 2852 4255; x_wconf 89' lang='lat' dir='ltr'><strong>tenebantur,</strong></span> <span class='ocrx_word' id='word_1_299' title='bbox 2909 4191 3051 4260; x_wconf 92' lang='lat' dir='ltr'><strong>quod</strong></span> <span class='ocrx_word' id='word_1_300' title='bbox 3096 4192 3239 4247; x_wconf 85' lang='lat' dir='ltr'><strong>fama</strong></span> <span class='ocrx_word' id='word_1_301' title='bbox 3277 4194 3390 4263; x_wconf 89' lang='lat' dir='ltr'><strong>jam</strong></span> <span class='ocrx_word' id='word_1_302' title='bbox 3430 4199 3616 4255; x_wconf 89' lang='lat' dir='ltr'><strong>nescio</strong></span> 
     </span>
    </p>
   </div>
   <div class='ocr_carea' id='block_1_53' title="bbox 2038 4278 3613 4354">
    <p class='ocr_par' dir='ltr' id='par_1_53' title="bbox 2038 4278 3613 4354">
     <span class='ocr_line' id='line_1_53' title="bbox 2038 4278 3613 4354; baseline 0.01 -26"><span class='ocrx_word' id='word_1_303' title='bbox 2038 4278 2309 4346; x_wconf 89' lang='lat' dir='ltr'><strong>quomodo</strong></span> <span class='ocrx_word' id='word_1_304' title='bbox 2372 4278 2707 4345; x_wconf 87' lang='lat' dir='ltr'><strong>vulgaverat,</strong></span> <span class='ocrx_word' id='word_1_305' title='bbox 2767 4294 2852 4333; x_wconf 85' lang='lat' dir='ltr'><strong>me</strong></span> <span class='ocrx_word' id='word_1_306' title='bbox 2919 4280 3179 4337; x_wconf 88' lang='lat' dir='ltr'><strong>adversus</strong></span> <span class='ocrx_word' id='word_1_307' title='bbox 3232 4283 3613 4354; x_wconf 87' lang='lat' dir='ltr'><strong>blasphemum</strong></span> 
     </span>
    </p>
   </div>
   <div class='ocr_carea' id='block_1_54' title="bbox 2036 4362 3614 4444">
    <p class='ocr_par' dir='ltr' id='par_1_54' title="bbox 2036 4362 3614 4444">
     <span class='ocr_line' id='line_1_54' title="bbox 2036 4362 3614 4444; baseline 0.01 -29"><span class='ocrx_word' id='word_1_308' title='bbox 2036 4362 2359 4416; x_wconf 87' lang='lat' dir='ltr'><strong>Eunomium</strong></span> <span class='ocrx_word' id='word_1_309' title='bbox 2396 4362 2776 4419; x_wconf 81' lang='lat' dir='ltr'><strong>refutationem</strong></span> <span class='ocrx_word' id='word_1_310' title='bbox 2806 4365 3142 4424; x_wconf 77' lang='lat' dir='ltr'><strong>confecisse:</strong></span> <span class='ocrx_word' id='word_1_311' title='bbox 3178 4385 3210 4425; x_wconf 90' lang='lat' dir='ltr'><strong>e</strong></span> <span class='ocrx_word' id='word_1_312' title='bbox 3236 4386 3293 4425; x_wconf 92' lang='lat' dir='ltr'><strong>re</strong></span> <span class='ocrx_word' id='word_1_313' title='bbox 3327 4372 3441 4429; x_wconf 80' lang='lat' dir='ltr'><strong>fore</strong></span> <span class='ocrx_word' id='word_1_314' title='bbox 3464 4375 3614 4444; x_wconf 81' lang='lat' dir='ltr'><strong>judi-</strong></span> 
     </span>
    </p>
   </div>
   <div class='ocr_carea' id='block_1_55' title="bbox 2036 4453 3609 4525">
    <p class='ocr_par' dir='ltr' id='par_1_55' title="bbox 2036 4453 3609 4525">
     <span class='ocr_line' id='line_1_55' title="bbox 2036 4453 3609 4525; baseline 0.009 -17"><span class='ocrx_word' id='word_1_315' title='bbox 2036 4453 2177 4516; x_wconf 89' lang='lat' dir='ltr'><strong>cavi,</strong></span> <span class='ocrx_word' id='word_1_316' title='bbox 2226 4460 2352 4508; x_wconf 88' lang='lat' dir='ltr'><strong>ante</strong></span> <span class='ocrx_word' id='word_1_317' title='bbox 2398 4455 2581 4508; x_wconf 90' lang='lat' dir='ltr'><strong>omnia</strong></span> <span class='ocrx_word' id='word_1_318' title='bbox 2632 4463 2684 4509; x_wconf 91' lang='lat' dir='ltr'><strong>te</strong></span> <span class='ocrx_word' id='word_1_319' title='bbox 2725 4471 2889 4525; x_wconf 86' lang='lat' dir='ltr'><strong>super</strong></span> <span class='ocrx_word' id='word_1_320' title='bbox 2922 4458 3023 4515; x_wconf 89' lang='lat' dir='ltr'><strong>hac</strong></span> <span class='ocrx_word' id='word_1_321' title='bbox 3052 4475 3111 4515; x_wconf 88' lang='lat' dir='ltr'><strong>re</strong></span> <span class='ocrx_word' id='word_1_322' title='bbox 3139 4464 3455 4519; x_wconf 89' lang='lat' dir='ltr'><strong>consiliario</strong></span> <span class='ocrx_word' id='word_1_323' title='bbox 3498 4468 3609 4525; x_wconf 86' lang='lat' dir='ltr'><strong>uti:</strong></span> 
     </span>
    </p>
   </div>
   <div class='ocr_carea' id='block_1_56' title="bbox 2034 4544 3611 4617">
    <p class='ocr_par' dir='ltr' id='par_1_56' title="bbox 2034 4544 3611 4617">
     <span class='ocr_line' id='line_1_56' title="bbox 2034 4544 3611 4617; baseline 0.008 -19"><span class='ocrx_word' id='word_1_324' title='bbox 2034 4559 2164 4598; x_wconf 90' lang='lat' dir='ltr'><strong>num</strong></span> <span class='ocrx_word' id='word_1_325' title='bbox 2192 4544 2401 4599; x_wconf 87' lang='lat' dir='ltr'><strong>scilicet</strong></span> <span class='ocrx_word' id='word_1_326' title='bbox 2440 4559 2578 4614; x_wconf 90' lang='lat' dir='ltr'><strong>opus</strong></span> <span class='ocrx_word' id='word_1_327' title='bbox 2622 4548 3006 4617; x_wconf 84' lang='lat' dir='ltr'><strong>evulgandum,</strong></span> <span class='ocrx_word' id='word_1_328' title='bbox 3040 4565 3108 4604; x_wconf 91' lang='lat' dir='ltr'><strong>an</strong></span> <span class='ocrx_word' id='word_1_329' title='bbox 3136 4553 3281 4606; x_wconf 91' lang='lat' dir='ltr'><strong>aliud</strong></span> <span class='ocrx_word' id='word_1_330' title='bbox 3317 4556 3611 4612; x_wconf 88' lang='lat' dir='ltr'><strong>consilium</strong></span> 
     </span>
    </p>
   </div>
   <div class='ocr_carea' id='block_1_57' title="bbox 2034 4632 3607 4705">
    <p class='ocr_par' dir='ltr' id='par_1_57' title="bbox 2034 4632 3607 4705">
     <span class='ocr_line' id='line_1_57' title="bbox 2034 4632 3607 4705; baseline 0.008 -19"><span class='ocrx_word' id='word_1_331' title='bbox 2034 4632 2357 4702; x_wconf 89' lang='lat' dir='ltr'><strong>capiendum</strong></span> <span class='ocrx_word' id='word_1_332' title='bbox 2381 4633 2473 4688; x_wconf 92' lang='lat' dir='ltr'><strong>sit.</strong></span> <span class='ocrx_word' id='word_1_333' title='bbox 2502 4634 2656 4699; x_wconf 86' lang='lat' dir='ltr'><strong>Quod</strong></span> <span class='ocrx_word' id='word_1_334' title='bbox 2678 4637 2967 4705; x_wconf 89' lang='lat' dir='ltr'><strong>ancipitem</strong></span> <span class='ocrx_word' id='word_1_335' title='bbox 2997 4654 3081 4693; x_wconf 91' lang='lat' dir='ltr'><strong>me</strong></span> <span class='ocrx_word' id='word_1_336' title='bbox 3108 4641 3307 4705; x_wconf 88' lang='lat' dir='ltr'><strong>reddit,</strong></span> <span class='ocrx_word' id='word_1_337' title='bbox 3332 4651 3414 4697; x_wconf 91' lang='lat' dir='ltr'><strong>est</strong></span> <span class='ocrx_word' id='word_1_338' title='bbox 3435 4644 3607 4699; x_wconf 81' lang='lat' dir='ltr'><strong>istud:</strong></span> 
     </span>
    </p>
   </div>
   <div class='ocr_carea' id='block_1_58' title="bbox 359 4723 1966 4794">
    <p class='ocr_par' dir='ltr' id='par_1_58' title="bbox 359 4723 1930 4794">
     <span class='ocr_line' id='line_1_58' title="bbox 359 4723 1930 4794; baseline 0 -18"><span class='ocrx_word' id='word_1_339' title='bbox 359 4724 417 4776; x_wconf 79' lang='grc' dir='ltr'>δέ</span> <span class='ocrx_word' id='word_1_340' title='bbox 452 4741 539 4793; x_wconf 86' lang='grc' dir='ltr'><strong>μοι</strong></span> <span class='ocrx_word' id='word_1_341' title='bbox 569 4723 668 4794; x_wconf 84' lang='grc' dir='ltr'>τὴν</span> <span class='ocrx_word' id='word_1_342' title='bbox 707 4723 1039 4793; x_wconf 84' lang='grc' dir='ltr'>ἀμφιϐολίαν</span> <span class='ocrx_word' id='word_1_343' title='bbox 1080 4726 1241 4784; x_wconf 83' lang='grc' dir='ltr'>ποιεῖ,</span> <span class='ocrx_word' id='word_1_344' title='bbox 1286 4724 1444 4776; x_wconf 81' lang='grc' dir='ltr'>τοῦτό</span> <span class='ocrx_word' id='word_1_345' title='bbox 1490 4726 1635 4777; x_wconf 79' lang='grc' dir='ltr'>ἐστιν</span> <span class='ocrx_word' id='word_1_346' title='bbox 1658 4738 1675 4755; x_wconf 82' lang='grc'><strong><em>⁸</em></strong></span> <span class='ocrx_word' id='word_1_347' title='bbox 1706 4723 1930 4794; x_wconf 84' lang='grc' dir='ltr'>Ἐπειδὴ</span> 
     </span>
    </p>
   </div>
   <div class='ocr_carea' id='block_1_59' title="bbox 2038 4723 3608 4794">
    <p class='ocr_par' dir='ltr' id='par_1_59' title="bbox 2038 4724 3608 4793">
     <span class='ocr_line' id='line_1_59' title="bbox 2038 4724 3608 4793; baseline 0.006 -14"><span class='ocrx_word' id='word_1_348' title='bbox 2038 4724 2162 4780; x_wconf 78' lang='lat' dir='ltr'><strong>Cum</strong></span> <span class='ocrx_word' id='word_1_349' title='bbox 2198 4725 2304 4779; x_wconf 87' lang='lat' dir='ltr'><strong>sub</strong></span> <span class='ocrx_word' id='word_1_350' title='bbox 2331 4724 2505 4793; x_wconf 88' lang='lat' dir='ltr'><strong>ipsam</strong></span> <span class='ocrx_word' id='word_1_351' title='bbox 2536 4727 2711 4780; x_wconf 81' lang='lat' dir='ltr'><strong>sancti</strong></span> <span class='ocrx_word' id='word_1_352' title='bbox 2748 4725 2933 4781; x_wconf 91' lang='lat' dir='ltr'><strong>Basilii</strong></span> <span class='ocrx_word' id='word_1_353' title='bbox 2980 4737 3233 4791; x_wconf 89' lang='lat' dir='ltr'><strong>mortem,</strong></span> <span class='ocrx_word' id='word_1_354' title='bbox 3266 4731 3463 4786; x_wconf 91' lang='lat' dir='ltr'><strong>librum</strong></span> <span class='ocrx_word' id='word_1_355' title='bbox 3495 4732 3608 4788; x_wconf 87' lang='lat' dir='ltr'><strong>Eu-</strong></span> 
     </span>
    </p>
   </div>
   <div class='ocr_carea' id='block_1_60' title="bbox 357 4813 1929 4886">
    <p class='ocr_par' dir='ltr' id='par_1_60' title="bbox 357 4813 1929 4886">
     <span class='ocr_line' id='line_1_60' title="bbox 357 4813 1929 4886; baseline 0.001 -20"><span class='ocrx_word' id='word_1_356' title='bbox 357 4815 477 4867; x_wconf 81' lang='grc' dir='ltr'>κατ’</span> <span class='ocrx_word' id='word_1_357' title='bbox 501 4816 670 4886; x_wconf 76' lang='grc' dir='ltr'>αὐτὴν</span> <span class='ocrx_word' id='word_1_358' title='bbox 698 4814 789 4867; x_wconf 82' lang='grc' dir='ltr'><strong>τοῦ</strong></span> <span class='ocrx_word' id='word_1_359' title='bbox 820 4815 976 4883; x_wconf 83' lang='grc' dir='ltr'>ἀγίου</span> <span class='ocrx_word' id='word_1_360' title='bbox 1002 4814 1279 4867; x_wconf 87' lang='grc' dir='ltr'>Βασιλείου</span> <span class='ocrx_word' id='word_1_361' title='bbox 1305 4814 1400 4885; x_wconf 77' lang='grc' dir='ltr'>τὴν</span> <span class='ocrx_word' id='word_1_362' title='bbox 1434 4814 1689 4884; x_wconf 82' lang='grc' dir='ltr'>κοίμησιν</span> <span class='ocrx_word' id='word_1_363' title='bbox 1717 4813 1811 4868; x_wconf 79' lang='grc' dir='ltr'>τὸν</span> <span class='ocrx_word' id='word_1_364' title='bbox 1834 4814 1929 4867; x_wconf 80' lang='grc' dir='ltr'><strong>τοῦ</strong></span> 
     </span>
    </p>
   </div>
   <div class='ocr_carea' id='block_1_61' title="bbox 355 4906 1930 4977">
    <p class='ocr_par' dir='ltr' id='par_1_61' title="bbox 355 4906 1930 4977">
     <span class='ocr_line' id='line_1_61' title="bbox 355 4906 1930 4977; baseline -0.001 -17"><span class='ocrx_word' id='word_1_365' title='bbox 355 4906 619 4976; x_wconf 73' lang='grc' dir='ltr'>Εὖνομίου</span> <span class='ocrx_word' id='word_1_366' title='bbox 645 4907 797 4974; x_wconf 87' lang='grc' dir='ltr'>λόγον</span> <span class='ocrx_word' id='word_1_367' title='bbox 821 4906 1186 4976; x_wconf 82' lang='grc' dir='ltr'>ὑπεδεξάμην,</span> <span class='ocrx_word' id='word_1_368' title='bbox 1226 4907 1305 4960; x_wconf 73' lang='grc' dir='ltr'><strong>ἔτι</strong></span> <span class='ocrx_word' id='word_1_369' title='bbox 1348 4907 1445 4976; x_wconf 81' lang='grc' dir='ltr'><strong>τῆς</strong></span> <span class='ocrx_word' id='word_1_370' title='bbox 1494 4906 1719 4976; x_wconf 84' lang='grc' dir='ltr'>καρδίας</span> <span class='ocrx_word' id='word_1_371' title='bbox 1772 4923 1930 4977; x_wconf 87' lang='grc' dir='ltr'>περι-</span> 
     </span>
    </p>
   </div>
   <div class='ocr_carea' id='block_1_62' title="bbox 353 4995 1928 5068">
    <p class='ocr_par' dir='ltr' id='par_1_62' title="bbox 353 4995 1928 5068">
     <span class='ocr_line' id='line_1_62' title="bbox 353 4995 1928 5068; baseline 0 -19"><span class='ocrx_word' id='word_1_372' title='bbox 353 4995 580 5066; x_wconf 77' lang='grc' dir='ltr'>ζεούσης</span> <span class='ocrx_word' id='word_1_373' title='bbox 616 4996 693 5065; x_wconf 83' lang='grc' dir='ltr'><strong>τῷ</strong></span> <span class='ocrx_word' id='word_1_374' title='bbox 714 4996 884 5067; x_wconf 84' lang='grc' dir='ltr'>πόθῳ,</span> <span class='ocrx_word' id='word_1_375' title='bbox 917 4996 1010 5049; x_wconf 74' lang='grc' dir='ltr'><strong>καὶ</strong></span> <span class='ocrx_word' id='word_1_376' title='bbox 1044 4998 1179 5067; x_wconf 74' lang='grc' dir='ltr'>πρὸς</span> <span class='ocrx_word' id='word_1_377' title='bbox 1202 4998 1298 5068; x_wconf 80' lang='grc' dir='ltr'><strong>τὴν</strong></span> <span class='ocrx_word' id='word_1_378' title='bbox 1343 4996 1525 5067; x_wconf 80' lang='grc' dir='ltr'>κοινὴν</span> <span class='ocrx_word' id='word_1_379' title='bbox 1564 4997 1671 5049; x_wconf 86' lang='grc' dir='ltr'>τῶν</span> <span class='ocrx_word' id='word_1_380' title='bbox 1695 4996 1928 5066; x_wconf 87' lang='grc' dir='ltr'>Ἐκκλη-</span> 
     </span>
    </p>
   </div>
   <div class='ocr_carea' id='block_1_63' title="bbox 355 5088 1929 5161">
    <p class='ocr_par' dir='ltr' id='par_1_63' title="bbox 355 5088 1929 5161">
     <span class='ocr_line' id='line_1_63' title="bbox 355 5088 1929 5161; baseline 0.001 -21"><span class='ocrx_word' id='word_1_381' title='bbox 355 5088 484 5141; x_wconf 88' lang='grc' dir='ltr'>σιῶν</span> <span class='ocrx_word' id='word_1_382' title='bbox 518 5089 799 5161; x_wconf 81' lang='grc' dir='ltr'>συμφορὰν</span> <span class='ocrx_word' id='word_1_383' title='bbox 825 5089 1233 5161; x_wconf 82' lang='grc' dir='ltr'>ὐπεραλγούσης</span> <span class='ocrx_word' id='word_1_384' title='bbox 1253 5107 1265 5119; x_wconf 89' lang='grc'><strong>·</strong></span> <span class='ocrx_word' id='word_1_385' title='bbox 1309 5089 1586 5159; x_wconf 83' lang='grc' dir='ltr'>γέγραπτο</span> <span class='ocrx_word' id='word_1_386' title='bbox 1616 5088 1673 5141; x_wconf 82' lang='grc' dir='ltr'><strong>δὲ</strong></span> <span class='ocrx_word' id='word_1_387' title='bbox 1717 5088 1793 5159; x_wconf 84' lang='grc' dir='ltr'><strong>τῷ</strong></span> <span class='ocrx_word' id='word_1_388' title='bbox 1825 5090 1929 5142; x_wconf 80' lang='grc' dir='ltr'><strong>Εὑο</strong></span> 
     </span>
    </p>
   </div>
   <div class='ocr_carea' id='block_1_64' title="bbox 349 5179 1927 5250">
    <p class='ocr_par' dir='ltr' id='par_1_64' title="bbox 349 5179 1927 5250">
     <span class='ocr_line' id='line_1_64' title="bbox 349 5179 1927 5250; baseline 0.001 -20"><span class='ocrx_word' id='word_1_389' title='bbox 349 5179 540 5248; x_wconf 87' lang='grc' dir='ltr'>νομίῳ,</span> <span class='ocrx_word' id='word_1_390' title='bbox 575 5182 673 5250; x_wconf 84' lang='grc' dir='ltr'><strong>οὐχ</strong></span> <span class='ocrx_word' id='word_1_391' title='bbox 693 5180 791 5232; x_wconf 84' lang='grc' dir='ltr'>ὅσα</span> <span class='ocrx_word' id='word_1_392' title='bbox 822 5180 981 5250; x_wconf 89' lang='grc' dir='ltr'>μόνον</span> <span class='ocrx_word' id='word_1_393' title='bbox 1010 5181 1103 5233; x_wconf 82' lang='grc' dir='ltr'><strong>τοῦ</strong></span> <span class='ocrx_word' id='word_1_394' title='bbox 1126 5182 1244 5233; x_wconf 78' lang='grc' dir='ltr'>καθ’</span> <span class='ocrx_word' id='word_1_395' title='bbox 1277 5181 1466 5233; x_wconf 74' lang='grc' dir='ltr'>ἑαυτὸν</span> <span class='ocrx_word' id='word_1_396' title='bbox 1492 5180 1758 5249; x_wconf 85' lang='grc' dir='ltr'>δόγματος</span> <span class='ocrx_word' id='word_1_397' title='bbox 1784 5179 1927 5249; x_wconf 76' lang='grc' dir='ltr'>ἔχειν</span> 
     </span>
    </p>
   </div>
   <div class='ocr_carea' id='block_1_65' title="bbox 350 5268 1927 5342">
    <p class='ocr_par' dir='ltr' id='par_1_65' title="bbox 350 5268 1927 5342">
     <span class='ocr_line' id='line_1_65' title="bbox 350 5268 1927 5342; baseline 0.002 -22"><span class='ocrx_word' id='word_1_398' title='bbox 350 5268 521 5322; x_wconf 69' lang='grc' dir='ltr'>ἐδόκει</span> <span class='ocrx_word' id='word_1_399' title='bbox 547 5271 645 5339; x_wconf 81' lang='grc' dir='ltr'>τὴν</span> <span class='ocrx_word' id='word_1_400' title='bbox 690 5270 968 5336; x_wconf 81' lang='grc' dir='ltr'>σύστασιν,</span> <span class='ocrx_word' id='word_1_401' title='bbox 1016 5272 1130 5324; x_wconf 80' lang='grc' dir='ltr'>ἀλλ’</span> <span class='ocrx_word' id='word_1_402' title='bbox 1180 5272 1213 5341; x_wconf 79' lang='grc' dir='ltr'><strong>ἡ</strong></span> <span class='ocrx_word' id='word_1_403' title='bbox 1268 5271 1464 5323; x_wconf 84' lang='grc' dir='ltr'>πλείων</span> <span class='ocrx_word' id='word_1_404' title='bbox 1507 5270 1669 5323; x_wconf 80' lang='grc' dir='ltr'>αὑτοῦ</span> <span class='ocrx_word' id='word_1_405' title='bbox 1723 5271 1927 5342; x_wconf 81' lang='grc' dir='ltr'>σπουδὴ</span> 
     </span>
    </p>
   </div>
   <div class='ocr_carea' id='block_1_66' title="bbox 2032 4813 3610 4884">
    <p class='ocr_par' dir='ltr' id='par_1_66' title="bbox 2032 4813 3610 4884">
     <span class='ocr_line' id='line_1_66' title="bbox 2032 4813 3610 4884; baseline 0.006 -16"><span class='ocrx_word' id='word_1_406' title='bbox 2032 4813 2201 4868; x_wconf 91' lang='lat' dir='ltr'><strong>nomii</strong></span> <span class='ocrx_word' id='word_1_407' title='bbox 2224 4815 2578 4884; x_wconf 89' lang='lat' dir='ltr'><strong>accepissem,</strong></span> <span class='ocrx_word' id='word_1_408' title='bbox 2601 4815 2767 4869; x_wconf 86' lang='lat' dir='ltr'><strong>corde</strong></span> <span class='ocrx_word' id='word_1_409' title='bbox 2791 4816 2969 4870; x_wconf 87' lang='lat' dir='ltr'><strong>adhuc</strong></span> <span class='ocrx_word' id='word_1_410' title='bbox 2989 4816 3259 4871; x_wconf 87' lang='lat' dir='ltr'><strong>desiderio</strong></span> <span class='ocrx_word' id='word_1_411' title='bbox 3281 4820 3427 4875; x_wconf 89' lang='lat' dir='ltr'><strong>illius</strong></span> <span class='ocrx_word' id='word_1_412' title='bbox 3444 4829 3610 4878; x_wconf 61' lang='lat' dir='ltr'><strong>aestu-</strong></span> 
     </span>
    </p>
   </div>
   <div class='ocr_carea' id='block_1_67' title="bbox 2030 4904 3605 4967">
    <p class='ocr_par' dir='ltr' id='par_1_67' title="bbox 2030 4904 3605 4967">
     <span class='ocr_line' id='line_1_67' title="bbox 2030 4904 3605 4967; baseline 0.008 -12"><span class='ocrx_word' id='word_1_413' title='bbox 2030 4912 2177 4966; x_wconf 89' lang='lat' dir='ltr'><strong>ante,</strong></span> <span class='ocrx_word' id='word_1_414' title='bbox 2224 4912 2279 4958; x_wconf 87' lang='lat' dir='ltr'><strong>et</strong></span> <span class='ocrx_word' id='word_1_415' title='bbox 2325 4904 2395 4957; x_wconf 88' lang='lat' dir='ltr'><strong>ob</strong></span> <span class='ocrx_word' id='word_1_416' title='bbox 2436 4918 2781 4959; x_wconf 89' lang='lat' dir='ltr'><strong>communem</strong></span> <span class='ocrx_word' id='word_1_417' title='bbox 2826 4904 3192 4961; x_wconf 88' lang='lat' dir='ltr'><strong>Ecclesiarum</strong></span> <span class='ocrx_word' id='word_1_418' title='bbox 3238 4910 3605 4967; x_wconf 87' lang='lat' dir='ltr'><strong>calamitatem</strong></span> 
     </span>
    </p>
   </div>
   <div class='ocr_carea' id='block_1_68' title="bbox 2029 4994 3602 5069">
    <p class='ocr_par' dir='ltr' id='par_1_68' title="bbox 2029 4994 3602 5069">
     <span class='ocr_line' id='line_1_68' title="bbox 2029 4994 3602 5069; baseline 0.007 -22"><span class='ocrx_word' id='word_1_419' title='bbox 2029 4994 2320 5047; x_wconf 86' lang='lat' dir='ltr'><strong>admodum</strong></span> <span class='ocrx_word' id='word_1_420' title='bbox 2351 4995 2601 5049; x_wconf 88' lang='lat' dir='ltr'><strong>dolente:</strong></span> <span class='ocrx_word' id='word_1_421' title='bbox 2637 4994 2942 5051; x_wconf 89' lang='lat' dir='ltr'><strong>Eunomius</strong></span> <span class='ocrx_word' id='word_1_422' title='bbox 2967 5004 3147 5051; x_wconf 88' lang='lat' dir='ltr'><strong>autem</strong></span> <span class='ocrx_word' id='word_1_423' title='bbox 3178 5014 3287 5053; x_wconf 91' lang='lat' dir='ltr'><strong>non</strong></span> <span class='ocrx_word' id='word_1_424' title='bbox 3314 5001 3490 5055; x_wconf 91' lang='lat' dir='ltr'><strong>solum</strong></span> <span class='ocrx_word' id='word_1_425' title='bbox 3514 5018 3602 5069; x_wconf 88' lang='lat' dir='ltr'><strong>ea,</strong></span> 
     </span>
    </p>
   </div>
   <div class='ocr_carea' id='block_1_69' title="bbox 2029 5086 3601 5156">
    <p class='ocr_par' dir='ltr' id='par_1_69' title="bbox 2029 5086 3601 5156">
     <span class='ocr_line' id='line_1_69' title="bbox 2029 5086 3601 5156; baseline 0.008 -19"><span class='ocrx_word' id='word_1_426' title='bbox 2029 5099 2149 5153; x_wconf 65' lang='lat' dir='ltr'><strong>quae</strong></span> <span class='ocrx_word' id='word_1_427' title='bbox 2192 5086 2256 5139; x_wconf 89' lang='lat' dir='ltr'><strong>ad</strong></span> <span class='ocrx_word' id='word_1_428' title='bbox 2309 5086 2395 5140; x_wconf 92' lang='lat' dir='ltr'><strong>sui</strong></span> <span class='ocrx_word' id='word_1_429' title='bbox 2446 5086 2718 5155; x_wconf 83' lang='lat' dir='ltr'><strong>dogmatis</strong></span> <span class='ocrx_word' id='word_1_430' title='bbox 2771 5088 3177 5156; x_wconf 87' lang='lat' dir='ltr'><strong>perversitatem</strong></span> <span class='ocrx_word' id='word_1_431' title='bbox 3219 5091 3601 5149; x_wconf 87' lang='lat' dir='ltr'><strong>stabiliendam</strong></span> 
     </span>
    </p>
   </div>
   <div class='ocr_carea' id='block_1_70' title="bbox 2028 5176 3603 5251">
    <p class='ocr_par' dir='ltr' id='par_1_70' title="bbox 2028 5176 3603 5251">
     <span class='ocr_line' id='line_1_70' title="bbox 2028 5176 3603 5251; baseline 0.008 -22"><span class='ocrx_word' id='word_1_432' title='bbox 2028 5176 2365 5239; x_wconf 86' lang='lat' dir='ltr'><strong>conducunt,</strong></span> <span class='ocrx_word' id='word_1_433' title='bbox 2390 5177 2662 5241; x_wconf 87' lang='lat' dir='ltr'><strong>attulerit;</strong></span> <span class='ocrx_word' id='word_1_434' title='bbox 2689 5177 2780 5232; x_wconf 89' lang='lat' dir='ltr'><strong>sed</strong></span> <span class='ocrx_word' id='word_1_435' title='bbox 2803 5179 2923 5246; x_wconf 92' lang='lat' dir='ltr'><strong>plus</strong></span> <span class='ocrx_word' id='word_1_436' title='bbox 2943 5178 3235 5251; x_wconf 76' lang='lat' dir='ltr'><strong>diligentiae</strong></span> <span class='ocrx_word' id='word_1_437' title='bbox 3259 5182 3311 5235; x_wconf 92' lang='lat' dir='ltr'><strong>in</strong></span> <span class='ocrx_word' id='word_1_438' title='bbox 3335 5186 3603 5243; x_wconf 76' lang='lat' dir='ltr'><strong>conviciis</strong></span> 
     </span>
    </p>
   </div>
   <div class='ocr_carea' id='block_1_71' title="bbox 2027 5265 3603 5344">
    <p class='ocr_par' dir='ltr' id='par_1_71' title="bbox 2027 5265 3603 5344">
     <span class='ocr_line' id='line_1_71' title="bbox 2027 5265 3603 5344; baseline 0.008 -27"><span class='ocrx_word' id='word_1_439' title='bbox 2027 5265 2288 5320; x_wconf 82' lang='lat' dir='ltr'><strong>adversus</strong></span> <span class='ocrx_word' id='word_1_440' title='bbox 2323 5273 2533 5335; x_wconf 86' lang='lat' dir='ltr'><strong>patrem</strong></span> <span class='ocrx_word' id='word_1_441' title='bbox 2570 5274 2817 5320; x_wconf 89' lang='lat' dir='ltr'><strong>nostrum</strong></span> <span class='ocrx_word' id='word_1_442' title='bbox 2852 5266 3190 5337; x_wconf 89' lang='lat' dir='ltr'><strong>ejaculandis</strong></span> <span class='ocrx_word' id='word_1_443' title='bbox 3227 5272 3473 5328; x_wconf 89' lang='lat' dir='ltr'><strong>studiose</strong></span> <span class='ocrx_word' id='word_1_444' title='bbox 3502 5289 3603 5344; x_wconf 84' lang='lat' dir='ltr'><strong>po-</strong></span> 
     </span>
    </p>
   </div>
   <div class='ocr_carea' id='block_1_72' title="bbox 350 5355 1966 5436">
    <p class='ocr_par' dir='ltr' id='par_1_72' title="bbox 350 5360 1966 5436">
     <span class='ocr_line' id='line_1_72' title="bbox 350 5360 1966 5436; baseline 0.004 -24"><span class='ocrx_word' id='word_1_445' title='bbox 350 5362 477 5430; x_wconf 75' lang='grc' dir='ltr'>περὶ</span> <span class='ocrx_word' id='word_1_446' title='bbox 500 5361 599 5423; x_wconf 86' lang='grc' dir='ltr'><strong>τὰς</strong></span> <span class='ocrx_word' id='word_1_447' title='bbox 628 5362 887 5433; x_wconf 86' lang='grc' dir='ltr'>λοιδορίας</span> <span class='ocrx_word' id='word_1_448' title='bbox 932 5360 1022 5434; x_wconf 82' lang='grc' dir='ltr'>ἦν,</span> <span class='ocrx_word' id='word_1_449' title='bbox 1058 5363 1124 5428; x_wconf 79' lang='grc' dir='ltr'>ἃς</span> <span class='ocrx_word' id='word_1_450' title='bbox 1172 5363 1311 5416; x_wconf 87' lang='grc' dir='ltr'><strong>κατά</strong></span> <span class='ocrx_word' id='word_1_451' title='bbox 1362 5363 1455 5415; x_wconf 82' lang='grc' dir='ltr'><strong>τοῦ</strong></span> <span class='ocrx_word' id='word_1_452' title='bbox 1516 5365 1718 5436; x_wconf 85' lang='grc' dir='ltr'>πατρὸς</span> <span class='ocrx_word' id='word_1_453' title='bbox 1766 5363 1966 5434; x_wconf 69' lang='grc' dir='ltr'>ὴμῶνί</span> 
     </span>
    </p>
   </div>
   <div class='ocr_carea' id='block_1_73' title="bbox 2038 5355 3600 5436">
    <p class='ocr_par' dir='ltr' id='par_1_73' title="bbox 2038 5355 3600 5424">
     <span class='ocr_line' id='line_1_73' title="bbox 2038 5355 3600 5424; baseline 0.006 -15"><span class='ocrx_word' id='word_1_454' title='bbox 2038 5355 2218 5417; x_wconf 80' lang='lat' dir='ltr'><strong>suerit,</strong></span> <span class='ocrx_word' id='word_1_455' title='bbox 2247 5362 2603 5423; x_wconf 80' lang='lat' dir='ltr'><strong>exasperatus</strong></span> <span class='ocrx_word' id='word_1_456' title='bbox 2637 5358 2985 5413; x_wconf 87' lang='lat' dir='ltr'><strong>contumeliis</strong></span> <span class='ocrx_word' id='word_1_457' title='bbox 3017 5358 3088 5413; x_wconf 83' lang='lat' dir='ltr'><strong>ab</strong></span> <span class='ocrx_word' id='word_1_458' title='bbox 3117 5359 3211 5415; x_wconf 89' lang='lat' dir='ltr'><strong>illo</strong></span> <span class='ocrx_word' id='word_1_459' title='bbox 3248 5360 3460 5424; x_wconf 70' lang='lat' dir='ltr'><strong>eﬁ‘usis,</strong></span> <span class='ocrx_word' id='word_1_460' title='bbox 3495 5363 3600 5419; x_wconf 79' lang='lat' dir='ltr'><strong>ali-</strong></span> 
     </span>
    </p>
   </div>
   <div class='ocr_carea' id='block_1_74' title="bbox 348 5449 1919 5525">
    <p class='ocr_par' dir='ltr' id='par_1_74' title="bbox 348 5449 1919 5525">
     <span class='ocr_line' id='line_1_74' title="bbox 348 5449 1919 5525; baseline 0.003 -22"><span class='ocrx_word' id='word_1_461' title='bbox 348 5449 648 5518; x_wconf 76' lang='grc' dir='ltr'>φιλοπόνως</span> <span class='ocrx_word' id='word_1_462' title='bbox 678 5453 1005 5523; x_wconf 78' lang='grc' dir='ltr'>συνέγραψε,</span> <span class='ocrx_word' id='word_1_463' title='bbox 1034 5453 1222 5507; x_wconf 80' lang='grc' dir='ltr'>τούτου</span> <span class='ocrx_word' id='word_1_464' title='bbox 1250 5453 1437 5506; x_wconf 75' lang='grc' dir='ltr'>ἕνεκεν</span> <span class='ocrx_word' id='word_1_465' title='bbox 1487 5454 1919 5525; x_wconf 73' lang='grc' dir='ltr'>ὑποτραχυνθεὶς</span> 
     </span>
    </p>
   </div>
   <div class='ocr_carea' id='block_1_75' title="bbox 346 5542 1919 5617">
    <p class='ocr_par' dir='ltr' id='par_1_75' title="bbox 346 5542 1919 5617">
     <span class='ocr_line' id='line_1_75' title="bbox 346 5542 1919 5617; baseline 0.004 -23"><span class='ocrx_word' id='word_1_466' title='bbox 346 5542 412 5593; x_wconf 70' lang='grc' dir='ltr'>ἐκ</span> <span class='ocrx_word' id='word_1_467' title='bbox 447 5542 552 5596; x_wconf 86' lang='grc' dir='ltr'>τῶν</span> <span class='ocrx_word' id='word_1_468' title='bbox 572 5542 655 5612; x_wconf 81' lang='grc' dir='ltr'>ἐφ’</span> <span class='ocrx_word' id='word_1_469' title='bbox 683 5543 836 5614; x_wconf 79' lang='grc' dir='ltr'>ὕϐρει</span> <span class='ocrx_word' id='word_1_470' title='bbox 871 5548 999 5616; x_wconf 82' lang='grc' dir='ltr'>παρ’</span> <span class='ocrx_word' id='word_1_471' title='bbox 1040 5544 1202 5599; x_wconf 84' lang='grc' dir='ltr'>αὐτοῦ</span> <span class='ocrx_word' id='word_1_472' title='bbox 1248 5545 1540 5617; x_wconf 79' lang='grc' dir='ltr'>ῥηθέντων,</span> <span class='ocrx_word' id='word_1_473' title='bbox 1594 5545 1742 5598; x_wconf 82' lang='grc' dir='ltr'>ἔστιν</span> <span class='ocrx_word' id='word_1_474' title='bbox 1784 5547 1919 5600; x_wconf 84' lang='grc' dir='ltr'>ὅπου</span> 
     </span>
    </p>
   </div>
   <div class='ocr_carea' id='block_1_76' title="bbox 344 5630 1918 5705">
    <p class='ocr_par' dir='ltr' id='par_1_76' title="bbox 344 5630 1918 5705">
     <span class='ocr_line' id='line_1_76' title="bbox 344 5630 1918 5705; baseline 0.003 -23"><span class='ocrx_word' id='word_1_475' title='bbox 344 5630 517 5700; x_wconf 82' lang='grc' dir='ltr'>θυμόν</span> <span class='ocrx_word' id='word_1_476' title='bbox 568 5649 691 5685; x_wconf 89' lang='grc' dir='ltr'>τινα</span> <span class='ocrx_word' id='word_1_477' title='bbox 743 5634 883 5688; x_wconf 83' lang='grc' dir='ltr'><strong>κατά</strong></span> <span class='ocrx_word' id='word_1_478' title='bbox 932 5635 1025 5689; x_wconf 82' lang='grc' dir='ltr'><strong>τοῦ</strong></span> <span class='ocrx_word' id='word_1_479' title='bbox 1074 5634 1433 5704; x_wconf 81' lang='grc' dir='ltr'>συγγραφέως</span> <span class='ocrx_word' id='word_1_480' title='bbox 1474 5634 1569 5687; x_wconf 81' lang='grc' dir='ltr'><strong>καὶ</strong></span> <span class='ocrx_word' id='word_1_481' title='bbox 1613 5633 1918 5705; x_wconf 81' lang='grc' dir='ltr'>φλεγμονὴν</span> 
     </span>
    </p>
   </div>
   <div class='ocr_carea' id='block_1_77' title="bbox 347 5720 1916 5795">
    <p class='ocr_par' dir='ltr' id='par_1_77' title="bbox 347 5720 1916 5795">
     <span class='ocr_line' id='line_1_77' title="bbox 347 5720 1916 5795; baseline 0.004 -24"><span class='ocrx_word' id='word_1_482' title='bbox 347 5722 569 5789; x_wconf 82' lang='grc' dir='ltr'>καρδίας</span> <span class='ocrx_word' id='word_1_483' title='bbox 619 5724 975 5793; x_wconf 77' lang='grc' dir='ltr'>ὲνεδείξαμεν.</span> <span class='ocrx_word' id='word_1_484' title='bbox 1048 5724 1195 5778; x_wconf 78' lang='grc' dir='ltr'>Ἐπεὶ</span> <span class='ocrx_word' id='word_1_485' title='bbox 1241 5720 1335 5777; x_wconf 80' lang='grc' dir='ltr'>οὖν</span> <span class='ocrx_word' id='word_1_486' title='bbox 1385 5724 1519 5777; x_wconf 81' lang='grc' dir='ltr'>ἄλλα</span> <span class='ocrx_word' id='word_1_487' title='bbox 1552 5723 1677 5786; x_wconf 80' lang='grc' dir='ltr'>ἴσως</span> <span class='ocrx_word' id='word_1_488' title='bbox 1705 5726 1834 5795; x_wconf 81' lang='grc' dir='ltr'>ἡμῖν</span> <span class='ocrx_word' id='word_1_489' title='bbox 1866 5727 1916 5778; x_wconf 87' lang='grc' dir='ltr'><strong>οί</strong></span> 
     </span>
    </p>
   </div>
   <div class='ocr_carea' id='block_1_78' title="bbox 345 5812 1917 5887">
    <p class='ocr_par' dir='ltr' id='par_1_78' title="bbox 345 5812 1917 5887">
     <span class='ocr_line' id='line_1_78' title="bbox 345 5812 1917 5887; baseline 0.004 -23"><span class='ocrx_word' id='word_1_490' title='bbox 345 5812 525 5868; x_wconf 77' lang='grc' dir='ltr'>πολλοὶ</span> <span class='ocrx_word' id='word_1_491' title='bbox 570 5816 990 5883; x_wconf 78' lang='grc' dir='ltr'>συνεγνώκασιν,</span> <span class='ocrx_word' id='word_1_492' title='bbox 1047 5818 1128 5870; x_wconf 85' lang='grc' dir='ltr'><strong>ὅτι</strong></span> <span class='ocrx_word' id='word_1_493' title='bbox 1180 5818 1237 5870; x_wconf 82' lang='grc' dir='ltr'>δὲ</span> <span class='ocrx_word' id='word_1_494' title='bbox 1280 5817 1414 5887; x_wconf 80' lang='grc' dir='ltr'>πρὸς</span> <span class='ocrx_word' id='word_1_495' title='bbox 1455 5818 1745 5887; x_wconf 80' lang='grc' dir='ltr'>ὑπομένειν</span> <span class='ocrx_word' id='word_1_496' title='bbox 1789 5817 1917 5880; x_wconf 78' lang='grc' dir='ltr'>τοὺς</span> 
     </span>
    </p>
   </div>
   <div class='ocr_carea' id='block_1_79' title="bbox 2026 5446 3595 5522">
    <p class='ocr_par' dir='ltr' id='par_1_79' title="bbox 2026 5446 3595 5522">
     <span class='ocr_line' id='line_1_79' title="bbox 2026 5446 3595 5522; baseline 0.006 -22"><span class='ocrx_word' id='word_1_497' title='bbox 2026 5446 2151 5501; x_wconf 90' lang='lat' dir='ltr'><strong>cubi</strong></span> <span class='ocrx_word' id='word_1_498' title='bbox 2178 5446 2427 5501; x_wconf 89' lang='lat' dir='ltr'><strong>nonnihil</strong></span> <span class='ocrx_word' id='word_1_499' title='bbox 2459 5448 2551 5501; x_wconf 74' lang='lat' dir='ltr'><strong>irae</strong></span> <span class='ocrx_word' id='word_1_500' title='bbox 2574 5455 2628 5501; x_wconf 89' lang='lat' dir='ltr'><strong>et</strong></span> <span class='ocrx_word' id='word_1_501' title='bbox 2645 5448 2771 5502; x_wconf 87' lang='lat' dir='ltr'><strong>bilis</strong></span> <span class='ocrx_word' id='word_1_502' title='bbox 2799 5457 2991 5503; x_wconf 88' lang='lat' dir='ltr'><strong>contra</strong></span> <span class='ocrx_word' id='word_1_503' title='bbox 3010 5453 3331 5522; x_wconf 86' lang='lat' dir='ltr'><strong>scriptorem</strong></span> <span class='ocrx_word' id='word_1_504' title='bbox 3356 5454 3595 5509; x_wconf 86' lang='lat' dir='ltr'><strong>ostendi.</strong></span> 
     </span>
    </p>
   </div>
   <div class='ocr_carea' id='block_1_80' title="bbox 2025 5537 3597 5614">
    <p class='ocr_par' dir='ltr' id='par_1_80' title="bbox 2025 5537 3597 5614">
     <span class='ocr_line' id='line_1_80' title="bbox 2025 5537 3597 5614; baseline 0.004 -22"><span class='ocrx_word' id='word_1_505' title='bbox 2025 5537 2163 5592; x_wconf 85' lang='lat' dir='ltr'><strong>Cum</strong></span> <span class='ocrx_word' id='word_1_506' title='bbox 2192 5545 2373 5593; x_wconf 88' lang='lat' dir='ltr'><strong>autem</strong></span> <span class='ocrx_word' id='word_1_507' title='bbox 2400 5538 2645 5609; x_wconf 89' lang='lat' dir='ltr'><strong>plerique</strong></span> <span class='ocrx_word' id='word_1_508' title='bbox 2692 5540 2854 5593; x_wconf 86' lang='lat' dir='ltr'><strong>aliam</strong></span> <span class='ocrx_word' id='word_1_509' title='bbox 2904 5540 3158 5598; x_wconf 85' lang='lat' dir='ltr'><strong>fortassis</strong></span> <span class='ocrx_word' id='word_1_510' title='bbox 3186 5546 3597 5614; x_wconf 86' lang='lat' dir='ltr'><strong>persuasionem</strong></span> 
     </span>
    </p>
   </div>
   <div class='ocr_carea' id='block_1_81' title="bbox 2026 5630 3601 5706">
    <p class='ocr_par' dir='ltr' id='par_1_81' title="bbox 2026 5630 3601 5706">
     <span class='ocr_line' id='line_1_81' title="bbox 2026 5630 3601 5706; baseline 0.006 -22"><span class='ocrx_word' id='word_1_511' title='bbox 2026 5630 2281 5697; x_wconf 81' lang='lat' dir='ltr'><strong>habeant,</strong></span> <span class='ocrx_word' id='word_1_512' title='bbox 2309 5631 2466 5700; x_wconf 89' lang='lat' dir='ltr'><strong>quasi</strong></span> <span class='ocrx_word' id='word_1_513' title='bbox 2495 5646 2561 5686; x_wconf 92' lang='lat' dir='ltr'><strong>eo</strong></span> <span class='ocrx_word' id='word_1_514' title='bbox 2590 5631 2763 5687; x_wconf 88' lang='lat' dir='ltr'><strong>simus</strong></span> <span class='ocrx_word' id='word_1_515' title='bbox 2786 5633 3025 5704; x_wconf 82' lang='lat' dir='ltr'><strong>ingenio,</strong></span> <span class='ocrx_word' id='word_1_516' title='bbox 3058 5642 3118 5689; x_wconf 87' lang='lat' dir='ltr'><strong>ut</strong></span> <span class='ocrx_word' id='word_1_517' title='bbox 3153 5650 3271 5699; x_wconf 88' lang='lat' dir='ltr'><strong>eos,</strong></span> <span class='ocrx_word' id='word_1_518' title='bbox 3305 5636 3397 5706; x_wconf 90' lang='lat' dir='ltr'><strong>qui</strong></span> <span class='ocrx_word' id='word_1_519' title='bbox 3444 5643 3601 5706; x_wconf 84' lang='lat' dir='ltr'><strong>petu-</strong></span> 
     </span>
    </p>
   </div>
   <div class='ocr_carea' id='block_1_82' title="bbox 2024 5721 3598 5797">
    <p class='ocr_par' dir='ltr' id='par_1_82' title="bbox 2024 5721 3598 5797">
     <span class='ocr_line' id='line_1_82' title="bbox 2024 5721 3598 5797; baseline 0.004 -22"><span class='ocrx_word' id='word_1_520' title='bbox 2024 5722 2197 5776; x_wconf 89' lang='lat' dir='ltr'><strong>lanter</strong></span> <span class='ocrx_word' id='word_1_521' title='bbox 2248 5721 2305 5776; x_wconf 92' lang='lat' dir='ltr'><strong>in</strong></span> <span class='ocrx_word' id='word_1_522' title='bbox 2352 5736 2451 5778; x_wconf 89' lang='lat' dir='ltr'><strong>nos</strong></span> <span class='ocrx_word' id='word_1_523' title='bbox 2499 5722 2810 5795; x_wconf 82' lang='lat' dir='ltr'><strong>insurgunt,</strong></span> <span class='ocrx_word' id='word_1_524' title='bbox 2854 5740 3010 5794; x_wconf 64' lang='lat' dir='ltr'><strong>aequo</strong></span> <span class='ocrx_word' id='word_1_525' title='bbox 3047 5734 3101 5781; x_wconf 90' lang='lat' dir='ltr'><strong>et</strong></span> <span class='ocrx_word' id='word_1_526' title='bbox 3144 5730 3385 5797; x_wconf 84' lang='lat' dir='ltr'><strong>patiente</strong></span> <span class='ocrx_word' id='word_1_527' title='bbox 3413 5729 3598 5782; x_wconf 87' lang='lat' dir='ltr'><strong>animo</strong></span> 
     </span>
    </p>
   </div>
   <div class='ocr_carea' id='block_1_83' title="bbox 2022 5813 3589 5888">
    <p class='ocr_par' dir='ltr' id='par_1_83' title="bbox 2022 5813 3589 5888">
     <span class='ocr_line' id='line_1_83' title="bbox 2022 5813 3589 5888; baseline 0.003 -19"><span class='ocrx_word' id='word_1_528' title='bbox 2022 5813 2319 5882; x_wconf 86' lang='lat' dir='ltr'><strong>sustinere,</strong></span> <span class='ocrx_word' id='word_1_529' title='bbox 2360 5822 2411 5869; x_wconf 87' lang='lat' dir='ltr'><strong>ct</strong></span> <span class='ocrx_word' id='word_1_530' title='bbox 2452 5829 2519 5871; x_wconf 80' lang='lat' dir='ltr'><strong>ex</strong></span> <span class='ocrx_word' id='word_1_531' title='bbox 2544 5814 2829 5888; x_wconf 90' lang='lat' dir='ltr'><strong>disciplina</strong></span> <span class='ocrx_word' id='word_1_532' title='bbox 2859 5817 2916 5872; x_wconf 74' lang='grc' dir='ltr'><strong>ὃ.</strong></span> <span class='ocrx_word' id='word_1_533' title='bbox 2955 5816 3139 5874; x_wconf 88' lang='lat' dir='ltr'><strong>Basilii</strong></span> <span class='ocrx_word' id='word_1_534' title='bbox 3167 5820 3589 5876; x_wconf 87' lang='lat' dir='ltr'><strong>moderationem</strong></span> 
     </span>
    </p>
   </div>
  </div>
