4166 6372
519 470 622 526 93‘)

1514 456 1717 514 PETRI
1748 454 2122 512 SEBASTENI
2163 452 2250 508 AD
2292 452 2349 508 S.
2388 450 2791 508 GREGORIUM

3664 442 3769 501 ΜΟ

525 586 580 639 in
610 581 876 645 moribus,
906 578 1080 649 quoad
1108 577 1254 643 licet,
1284 574 1538 631 exhibere
1566 572 1871 637 soleamus;
1909 570 2096 631 metui,

2218 566 2453 629 ἱτάκτως
2478 564 2597 619 καθ’
2622 564 2777 635 ἡμῶν
2818 563 3246 633 θρασυνομένους
3287 559 3604 631 ἐπιτηδείως
3650 558 3770 627 ἔχο-

521 689 594 730 ne
638 689 701 728 ex
738 674 843 738 bis,
885 687 1004 743 qua:
1038 679 1228 725 contra
1264 669 1411 723 bunc
1454 665 1829 721 adversarium
1872 660 2097 731 scripsi-

526 781 672 827 mus,
701 765 751 820 le
788 764 997 819 toribus
1027 762 1152 817 novi
1184 774 1594 832 appareremus,
1620 764 1880 826 tanquam
1912 754 2005 824 qui
2034 750 2102 805 ad

529 852 986 907 calumniatorum
1038 849 1285 905 convicia
1337 847 1495 903 facile
1550 845 1968 899 inﬂammemur.
2022 842 2102 896 An

531 942 672 997 forte
704 958 771 997 ne
822 942 1316 1002 talesbabeamur,
1372 936 1628 999 obstabit,
1677 935 1821 1006 quod
1866 950 1975 989 non
2009 947 2105 1003 pro

2211 674 2327 726 μεν,
2348 656 2423 719 ὥς
2449 659 2561 709 ἐστι
2589 655 2828 718 δυνατὸν,
2864 656 2928 707 ἐκ
2963 654 3062 725 τῆς
3083 654 3173 708 τοῦ
3199 654 3352 723 ἁγίου
3382 651 3587 705 ἐκείνου
3627 647 3773 700 διδα-

2210 747 2433 810 σκαλίας
2461 747 2795 817 ἀσκήσαντες
2825 745 2995 816 ὲντῴ
3023 746 3139 817 ἤθει
3185 749 3246 798 τὸ
3291 742 3527 815 μέτριον,
3564 740 3775 794 δέδοικα

2212 839 2285 908 μὴ
2312 840 2375 890 έκ
2404 836 2510 889 τῶν
2551 836 2689 908 πρὸς
2732 834 2824 890 τὸν
2877 835 3168 889 ἀντίπαλον
3200 837 3331 905 ἡμῖν
3376 830 3775 902 γεγραμμένων

2208 930 2484 997 νεοφανεῖς
2514 944 2655 989 τινες
2679 929 2789 990 τοῖς
2819 926 3203 996 ἐντυγχάνουσι
3233 924 3488 993 δόξωμεν,
3513 922 3587 984 ὡς
3626 919 3780 973 εὑκό-

535 1032 726 1099 nohis,
769 1031 860 1087 sed
896 1047 991 1101 pro
1021 1031 1300 1101 probrosis
1333 1030 1385 1082 in
1423 1035 1633 1095 patrem
1662 1032 1909 1080 nostrum
1944 1020 2106 1077 dictis

2218 1022 2314 1081 λως
2335 1017 2470 1090 πρὸς
2494 1017 2589 1081 τὰς
2610 1017 2716 1069 τῶν
2760 1016 3028 1089 ὑϐριστῶν
3074 1016 3337 1086 λοιδορίας
3375 1011 3777 1084 ὲκτραχυνόμε·

530 1123 844 1179 irascimur.
888 1121 1023 1175 Nam
1060 1120 1116 1174 in
1164 1116 1476 1189 bujusmodi
1508 1116 1672 1170 rebus
1699 1114 1965 1182 majorem
1998 1110 2109 1165 for-

534 1214 678 1270 sitan
716 1214 926 1267 veniam
960 1218 1197 1267 meretur
1231 1221 1576 1271 succensere,
1617 1219 1779 1276 quam
1828 1203 2107 1258 moderate

537 1318 716 1374 agere.

613 1560 669 1612 Si
705 1573 835 1614 vero
881 1555 1183 1627 primordia
1226 1554 1492 1610 orationis
1528 1554 1683 1624 quasi
1736 1568 1766 1607 a
1814 1553 2112 1609 certamine

539 1647 716 1702 aliena
739 1646 1145 1710 existimantur,
1182 1658 1343 1713 spero
1373 1658 1520 1707 eum,
1566 1643 1660 1712 qui
1684 1641 1896 1711 judicio
1922 1642 2108 1712 pollet,

542 1756 649 1795 non
680 1745 901 1810 gravate
942 1736 1207 1791 orationis
1252 1742 1455 1789 nostra;
1504 1735 1815 1787 institutum
1856 1734 2113 1802 probatu-

542 1847 683 1887 rum.
713 1828 897 1899 Neque
925 1828 1073 1882 enim
1109 1826 1334 1881 decebat
1383 1839 1442 1879 ut
1475 1826 1653 1896 magni
1691 1825 1871 1879 Basilii
1909 1823 2107 1878 famam

2196 1122 2304 1159 -νοι.
2336 1101 2413 1157 Ἦ
2440 1105 2578 1174 τάχα
2598 1107 2992 1174 παραιτήσεται
3031 1106 3177 1176 ἡμᾶς
3213 1104 3348 1174 πρὸς
3381 1102 3439 1155 τὸ
3484 1101 3557 1172 μὴ
3603 1099 3778 1152 δοκεῖν

2210 1193 2346 1250 εἶναι
2388 1196 2673 1262 τοιούτους,
2708 1197 2769 1249 τὸ
2794 1197 2869 1268 μὴ
2891 1197 3030 1268 ὑπὲρ
3060 1200 3092 1267 ἠ
3103 1197 3217 1267 μῶν
3246 1194 3448 1261 αὐτῶν,
3497 1193 3609 1247 ἀλλ’
3641 1191 3779 1261 ὑπὲρ

2210 1288 2317 1341 τῶν
2339 1289 2479 1342 κατὰ
2508 1288 2600 1341 τοῦ
2630 1290 2834 1360 πατρὸς
2866 1289 3169 1361 εἰρημένων
3190 1286 3523 1359 ὀργίζεσθαι.
3559 1284 3647 1337 Ἑν
3671 1284 3780 1352 γὰρ
3840 1288 3843 1291 ’

2210 1382 2323 1443 τοῖς
2353 1379 2615 1443 τοιούτοις
2651 1381 2790 1449 τάχα
2831 1380 2892 1433 τὸ
2931 1380 3246 1451 μετριάζειν
3301 1378 3395 1431 τοῦ
3440 1374 3779 1447 χαλεπαίνειν

2212 1470 2361 1522 ἐστὶν
2394 1470 2804 1538 άσυγγνωστότε
2812 1486 2922 1541 ρον.

2294 1562 2355 1613 Ei
2382 1561 2439 1613 δὲ
2471 1561 2539 1615 τὰ
2569 1560 2762 1633 πρῶτα
2806 1560 2902 1615 τοῦ
2957 1561 3114 1630 λόγου
3169 1560 3441 1629 ἐξαγώνια
3473 1576 3589 1622 πως
3644 1554 3781 1611 εἶναι

2211 1649 2375 1716 δοκεῖ,
2402 1650 2683 1720 λογίζομαι
2723 1650 2812 1703 τὸν
2842 1650 3046 1723 κρίνειν
3083 1650 3491 1720 ἐπεσκεμμένον
3525 1647 3784 1711 ἀποδέξα-

2215 1740 2335 1794 σθαι
2378 1742 2442 1794 ἂν
2498 1741 2594 1811 τὴν
2648 1741 2900 1811 τοιαύτην
2958 1741 3084 1811 περὶ
3119 1741 3208 1794 τὸν
3252 1740 3407 1809 λόγον
3451 1737 3782 1809 οίκονομίαν.

2214 1832 2349 1885 Οὑτε
2383 1831 2491 1901 γὰρ
2520 1833 2920 1903 άσυνηγὸρητον
2947 1831 3051 1885 ἔδει
3086 1831 3386 1903 παρεθῆναι
3412 1831 3509 1903 τὴν
3553 1828 3645 1883 τοῦ
3687 1845 3784 1899 με·-

541 1919 1066 1979 etexistimationem
1090 1917 1157 1972 ab
1172 1916 1485 1972 adversario
1503 1915 1765 1971 maledice
1792 1916 2107 1979 laceratam,

2218 1925 2377 1993 γὼλου
2438 1924 2703 1994 ὑπόληψιν
2750 1927 2871 1987 ταῖς
2921 1923 3015 1977 τοῦ
3077 1922 3347 1977 ἀντιδίκου
3419 1920 3786 1991 βλασφημίαις

542 2012 879 2069 indefensam
908 2009 1374 2078 relinqueremus;
1412 2023 1584 2077 neque
1612 2015 1670 2061 ut
1699 2006 1814 2061 haec
1846 2006 1974 2061 talia
2001 2007 2113 2061 dis-

540 2101 803 2174 putationi
866 2100 1099 2170 sparsim
1153 2098 1618 2168 inspergeremus;
1690 2112 1999 2168 quanquam
2060 2106 2116 2153 et

545 2194 660 2248 haec
677 2200 931 2247 accurate
949 2189 1303 2261 perpendenti
1321 2204 1447 2259 pars
1471 2205 1663 2260 pugnae
1685 2190 1856 2245 videri
1880 2196 2109 2259 queant:

545 2299 670 2339 cum
726 2282 871 2338 enim
920 2281 1217 2337 adversarii
1266 2294 1484 2349 quoque
1533 2281 1830 2350 disputatio
1886 2280 2116 2334 in‘duas

545 2381 729 2445 partes
768 2372 975 2427 tributa
1007 2372 1097 2434 sit,
1140 2370 1194 2424 in
1225 2370 1525 2425 calumnias
1563 2370 1792 2437 scilicet,
1828 2380 1881 2425 et
1929 2370 1981 2423 in
2015 2370 2116 2424 do-

546 2466 736 2519 ctrinae
782 2477 929 2518 sanae
976 2460 1479 2531 reprehensionem,
1515 2476 1738 2516 necesse
1787 2468 1905 2516 erat
1960 2468 2017 2515 ut
2064 2466 2119 2515 et

547 2569 650 2610 nos
700 2554 965 2609 adversus
1008 2559 1296 2622 utramque
1344 2558 1556 2622 partem
1603 2551 1975 2607 defensionem
2020 2567 2121 2607 no-

548 2652 719 2699 stram
765 2643 1143 2713 dirigeremus.
1179 2641 1457 2697 Claritatis
1507 2655 1670 2710 porro
1716 2643 1909 2712 gratia,
1961 2650 2015 2697 et
2053 2658 2121 2698 ne

552 2735 726 2790 series
767 2748 977 2796 eorum,
1026 2748 1146 2803 quae
1191 2732 1258 2787 de
1302 2732 1419 2802 ipsa
1470 2731 1721 2788 doctrina
1754 2735 2119 2804 disseruntur,

548 2825 945 2881 calumniarum
970 2823 1377 2894 interposrtione
1397 2823 1908 2893 interrumperetur,
1931 2841 2122 2882 neces-

552 2916 701 2972 sario
729 2916 784 2970 in
814 2914 953 2970 duas
981 2925 1161 2985 partes
1190 2930 1328 2984 opus
1360 2915 1771 2970 distribuimus:
1815 2917 1972 2972 initio
1998 2919 2123 2987 qui-

551 3006 675 3062 dem
726 3008 793 3063 iis
844 3022 965 3077 quas
1002 3006 1160 3062 nobis
1204 3006 1540 3075 objiciuntur
1582 3007 1924 3063 contumeliis
1974 3023 2125 3064 amo-

551 3096 766 3161 liendis,
810 3104 999 3166 postea
1047 3096 1351 3151 defensioni
1398 3098 1670 3168 dogmatis
1709 3097 1999 3154 orthodoxi
2028 3115 2126 3169 pro

554 3186 763 3243 viribus
792 3187 1007 3242 intenti.
1036 3186 1291 3242 Continet
1319 3202 1448 3243 vero
1493 3188 1790 3257 disputatio
1825 3204 1932 3243 non
1964 3190 2127 3245 modo

558 3273 825 3327 hzercticze
851 3275 1133 3344 pravitatis
1166 3276 1529 3339 eversionem,
1558 3291 1746 3330 verum
1780 3278 1943 3332 etiam
1971 3279 2127 3336 insti-

557 3364 824 3417 tutionem
869 3375 921 3417 et
970 3364 1382 3434 explicationem
1426 3372 1741 3420 nostrorum
1788 3364 2123 3436 dogmatum.

558 3452 743 3524 Turpe
788 3453 931 3507 enim
963 3461 1017 3508 et
1054 3468 1324 3526 generoso
1361 3455 1543 3509 animo
1574 3471 1802 3525 prorsus
1845 3458 2126 3529 indignum

560 3542 812 3596 arbitrati
870 3558 1079 3611 sumus,
1127 3560 1249 3600 cum
1303 3548 1489 3601 hostes
1539 3560 1694 3601 suam
1737 3548 2125 3605 absurditatem

564 3650 675 3689 non
719 3637 1017 3705 occultent,
1059 3653 1159 3695 nos
1210 3638 1493 3694 veritatem
1534 3638 1808 3696 liberrime
1845 3657 1954 3697 non
2004 3657 2130 3713 pro-

562 3725 721 3778 interi.

2216 2013 2689 2084 σπαρασσομένην,
2721 2012 2843 2065 οὑτε
2880 2013 3055 2084 πάντη
3091 2010 3481 2081 καταμιγνύειν
3518 2009 3596 2081 τῷ
3617 2009 3781 2077 λόγῳ,

2216 2104 2487 2176 σποράδην
2522 2105 2914 2179 παρενείροντα
2935 2104 3033 2176 τὴν
3060 2107 3186 2178 περὶ
3222 2103 3410 2157 τούτου
3446 2102 3645 2173 μάχην·
3686 2100 3782 2153 ἄλ-

2214 2195 2319 2258 λως
2347 2212 2405 2246 τε
2436 2194 2515 2265 τῷ
2541 2194 2780 2267 ἀκριϐῶς
2817 2195 3148 2266 λογιζομένῳ
3183 2196 3278 2249 καὶ
3326 2194 3499 2246 ταῦτα
3531 2191 3599 2245 τὰ
3643 2191 3781 2262 μέρη

2215 2284 2322 2337 τῶν
2342 2283 2565 2351 ἀγώνων
2616 2285 2760 2337 ἐστίν
2791 2300 2807 2317 ·
2841 2286 3024 2357 ἐπειδὴ
3047 2286 3154 2355 γὰρ
3192 2287 3269 2347 είς
3289 2284 3379 2337 δύο
3420 2283 3651 2345 σκοποὺς
3694 2280 3787 2333 καὶ

2216 2378 2244 2430 ὁ
2273 2376 2366 2429 τοῦ
2398 2376 2639 2429 ἐναντίου
2684 2375 2839 2445 λόγος
2905 2377 3249 2447 μεμέρισται,
3300 2376 3379 2439 εἴς
3422 2391 3480 2427 τε
3519 2372 3618 2437 τὰς
3659 2371 3793 2425 καθ’

2216 2469 2250 2537 ἡ
2261 2466 2375 2537 μῶν
2397 2466 2665 2531 διαϐολὰς,
2696 2468 2788 2520 καὶ
2813 2470 2891 2531 είς
2921 2467 3015 2539 τὴν
3054 2467 3385 2539 κατηγορίαν
3408 2466 3501 2519 τοῦ
3534 2464 3794 2532 ὑγιαίνον-

2217 2572 2309 2619 τος
2331 2556 2619 2626 δόγματος,
2661 2556 2769 2609 ἔδει
2811 2557 2944 2629 πρὸς
2985 2558 3219 2629 ἑκάτερα
3268 2558 3362 2611 καὶ
3398 2558 3490 2611 τὸν
3528 2554 3792 2627 ἡμέτερον

2222 2647 2606 2715 ἀντιταχθῆναι
2643 2647 2817 2714 λόγον.
2849 2648 3151 2717 Σαφηνείας
3174 2647 3230 2700 δὲ
3258 2648 3436 2718 χάριν,
3465 2646 3559 2699 καὶ
3587 2644 3678 2698 τοῦ
3716 2643 3791 2714 μὴ

2222 2736 2541 2807 διακοπῆναι
2563 2736 2653 2788 τὸν
2680 2738 2866 2807 εἱρμὸν
2890 2738 2997 2791 τῶν
3018 2738 3158 2793 κατὰ
3202 2739 3263 2791 τὸ
3310 2738 3483 2809 δόγμα
3527 2735 3793 2806 ζητουμέ-

2223 2843 2349 2890 νων,
2389 2830 2507 2889 ταῖς
2554 2828 2917 2898 παρενθήκαις
2957 2829 3064 2882 τῶν
3109 2830 3245 2900 πρὸς
3292 2829 3391 2892 τὰς
3443 2829 3581 2897 παρ’
3631 2825 3796 2879 αὑτοῦ

2220 2916 2471 2981 ’διαϐολὰς
2501 2917 2829 2987 λεγομένων,
2857 2920 3167 2988 ἀναγκαίως
3195 2923 3275 2984 είς
3289 2921 3381 2973 δύο
3406 2918 3672 2990 ταμόντες
3696 2919 3797 2986 τὴν

2226 3009 2606 3079 πραγματείαν
2635 3025 2647 3039 ο
2678 3012 2799 3063 κατ’
2843 3012 3015 3082 ἀρχὰς
3047 3012 3144 3082 μὲν
3189 3012 3315 3083 περὶ
3360 3013 3458 3082 τὴν
3503 3010 3801 3079 ἀπολογίαν

2227 3098 2335 3153 τῶν
2399 3100 2809 3172 ἐπιφερομένων
2832 3104 2960 3172 ἡμῖν
3001 3104 3398 3174 ὴσχολήθημεν,
3448 3102 3587 3173 μετὰ
3628 3102 3803 3155 ταῦτα

2229 3189 2285 3241 δὲ
2311 3191 2421 3253 τοῖς
2448 3191 2587 3243 κατὰ
2614 3189 2709 3242 τοῦ
2738 3191 3011 3262 δόγματος
3036 3194 3344 3264 εἰρημένοις
3368 3194 3509 3247 κατὰ
3539 3193 3602 3246 τὸ
3644 3192 3804 3246 δυνα-

2225 3281 2323 3334 ’τὸν
2347 3281 2777 3351 συνεπλάκημεν.
2810 3283 2961 3353 Ἔχει
2985 3284 3042 3337 δὲ
3060 3286 3087 3337 ὁ
3115 3285 3269 3353 λόγος
3286 3286 3345 3337 οὐ
3403 3284 3558 3356 μόνον
3587 3285 3810 3354 ἀνατρο-

2237 3370 2342 3441 πὴν
2369 3370 2478 3423 τῶν
2504 3370 2793 3441 αίρετικῶν
2822 3372 3156 3443 ὑπολήψεων,
3188 3375 3321 3428 ἀλλὰ
3345 3377 3437 3430 καὶ
3462 3374 3805 3430 διδασκαλίαν

2236 3461 2332 3514 καὶ
2365 3459 2578 3513 ἔκθεσιν
2606 3460 2715 3514 τῶν
2749 3462 3030 3533 ἡμετέρων
3056 3464 3356 3535 δογμάτων.
3408 3467 3642 3537 Αίσχρδν
3693 3464 3803 3534 γὰρ

2237 3547 2375 3605 εἶναι
2429 3553 2521 3604 κα)⁴
2588 3551 2931 3607 παντάπασιν
2994 3555 3215 3624 ἀγεννὲς
3269 3558 3605 3629 ὑπελάϐομεν
3630 3598 3645 3625 ,
3698 3558 3807 3611 τῶν

2235 3642 2443 3714 ἐχθρῶν
2464 3645 2562 3697 οὑκ
2586 3646 3069 3716 ἐπικρυπτομένων
3103 3648 3202 3721 τὴν
3245 3650 3494 3717 ἀτοπίαν,
3540 3651 3685 3721 ἡμᾶς
3732 3648 3809 3720 μὴ

2237 3733 2777 3805 ὲμπαῤῥησιάζεσθαι
2804 3740 2867 3807 τῇ
2901 3737 3143 3811 ἀληθεία.
