4166 6372
402 387 502 449 261

1698 546 2071 559 -_—————

1850 403 2207 461 EPISTOLA.

3542 418 3651 473 ΜΞ

2074 549 2385 562 Μ

1297 690 1523 776 ΤΟΥ
1594 692 2040 781 ΠΕΤΡΟΥ
2109 696 2761 784 ΣΕΒΑΣΤΕΙΑΣ

1509 884 2531 1005 ΕΠΙΣΤΟΛΗ

930 1099 1122 1157 [ΠΡΟΣ
1182 1104 1316 1159 ΊῸΝ
1356 1103 1583 1159 APION
1618 1104 2031 1160 ῙῬΗΓΟΡΙΟΝ
2051 1106 2340 1161 ΝΥΣΣΗΣ
2371 1108 2501 1163 ΤΟΥ
2527 1108 2745 1163 ΑΥἸῸΥ
2775 1109 3122 1167 ΑΔΕΛΦΟΝ.

1980 1290 2051 1306 —

1262 1421 1389 1509 8.-
1465 1424 1893 1516 PETRI
1988 1430 2786 1524 SEBASTENI

1588 1641 2459 1761 EPISTOLA

1161 1857 1257 1912 AD
1286 1858 1345 1916 S.
1379 1857 1811 1919 GREGORIUH
1843 1862 2256 1921 NYSSENUM
2283 1866 2633 1924 FRATREM
2661 1866 2886 1923 SUUM.

1768 2001 1957 2053 Eodem
1985 2003 2283 2066 interprete.

415 2320 504 2387 Ῥῷ
551 2317 1009 2399 θεοσεϐεστὰτιρ-
1026 2319 1287 2399 ἀδελφῷ,
1313 2326 1636 2395 Γρηγορίῳ,
1664 2327 1888 2393 Πέτρος
1918 2326 1987 2380 ἐν
2014 2345 2024 2370 λ

2096 2325 2506 2399 Religiosissimo
2538 2327 2696 2397 fratri
2743 2327 3015 2399 Gregorio,
3063 2328 3278 2395 Petrus,
3328 2330 3381 2383 in
3426 2329 3657 2387 Domino

957 2393 1152 2460 Κυρίῳ
1186 2394 1433 2462 χαίρειν.

493 2480 758 2551 Ἐντυχὼν
799 2484 911 2545 τοῖς
960 2483 1249 2554 γράμμασι
1282 2486 1380 2556 τῆς
1418 2486 1694 2558 ὁσιότητός
1734 2504 1848 2551 σου,
1888 2487 1982 2541 καὶ

410 2570 750 2639 κατανοήσας
782 2570 840 2623 ὲν
865 2570 943 2640 τῷ
967 2572 1222 2642 κατάιτῆς
1244 2573 1506 2644 αἱρέσεως
1540 2574 1682 2646 λόγῳ
1710 2575 1799 2629 τὸν
1842 2575 1982 2645 ὑπὲρ

406 2660 507 2730 τῆς
531 2659 807 2731 ἀληθείας,
849 2662 944 2715 καὶ
991 2662 1083 2716 τὸν
1115 2663 1253 2734 ὑπὲρ
1286 2662 1377 2717 τοῦ
1400 2664 1554 2732 ἁγίου
1587 2665 1798 2735 Πατρὸς
1826 2666 1857 2734 ἡ
1869 2664 1983 2735 μῶν

408 2749 571 2821 ζῆλον
593 2768 608 2783 ο
648 2751 839 2823 οὒητῆς
875 2751 975 2822 σῆς
1017 2752 1299 2825 δυνάμεως
1338 2753 1496 2825 ἔργον
1541 2751 1678 2808 εἶναι
1713 2755 1805 2809 τὸν
1828 2754 1983 2822 λόγον

409 2843 613 2913 ᾠήθην,
635 2842 771 2897 ἀλλὰ
788 2842 881 2896 τοῦ
913 2843 1014 2912 τὴν
1035 2842 1290 2914 ἀλήθειαν
1310 2846 1366 2897 ὲν
1389 2847 1497 2908 τοῖς
1531 2845 1723 2899 ἑαυτοῦ
1751 2845 1983 2915 δόγμασι

412 2932 685 2986 λαλεῖσθαι
723 2932 1194 3002 οίκονομήσαντος.
1241 2933 1450 3003 ’Ὠσπερ
1500 2933 1557 2985 δὲ
1602 2934 1699 3003 τὴν
1728 2934 1867 3003 ὑπὲρ
1889 2934 1986 3002 τῆς

411 3023 666 3093 ἀληθείας
698 3022 1024 3093 συνηγορίαν
1044 3022 1193 3092 αὐτῷ
1211 3022 1288 3093 τῷ
1305 3023 1569 3093 πνεύματι
1599 3023 1696 3093 τῆς
1729 3023 1986 3092 ἀληθείας

410 3115 683 3169 ἀναθεῖναι
713 3115 893 3177 καλῶς
923 3113 1065 3184 ἔχειν
1093 3114 1267 3185 φημὶ,
1308 3113 1449 3167 οὕτω
1478 3132 1565 3184 μοι
1593 3114 1738 3168 δοκεῖ
1765 3114 1872 3167 δεῖν
1893 3115 1986 3167 καὶ

410 3208 507 3280 τὴν
544 3206 687 3262 κατά
722 3208 821 3278 τῆς
866 3206 1215 3279 ὑγιαινούσης
1256 3206 1489 3270 πίστεως
1529 3206 1760 3275 σπουδὴν
1789 3208 1888 3259 οὐκ
1909 3208 1989 3271 εἰς

412 3299 696 3371 Εὐνόμιον,
740 3297 863 3352 ἀλλ’·
896 3299 975 3361 είς
1012 3298 1171 3351 αὑτὸν
1203 3298 1490 3369 ἀναφέρειν
1526 3298 1615 3351 τὸν
1640 3298 1865 3369 πατέρα.
1892 3297 2009 3351 τοῦΔ

411 3391 655 3461 ψεύδους.
686 3390 798 3445 Καὶ
820 3389 992 3443 ἔοικεν
1041 3392 1075 3443 ὁ
1125 3390 1224 3444 ἀπ’
1258 3388 1454 3458 ἀρχῆς
1480 3390 1987 3458 ἀνθρωποκτόνος,

412 3485 444 3537 ὁ
484 3485 543 3537 ὲν
584 3481 776 3552 ἐκείνῳ
836 3480 1223 3551 φθεγξάμενος,
1274 3482 1394 3535 καθ’
1444 3480 1635 3533 ἑαυτοῦ
1690 3480 1991 3545 σπουδαίως

413 3574 738 3645 ἡκονηκέναι
778 3572 839 3626 τὸ
893 3573 1063 3643 ξίφος.
1120 3572 1181 3624 El
1228 3571 1334 3642 γὰρ
1384 3571 1457 3642 μὴ
1508 3572 1714 3633 ἐκεῖνος
1741 3571 1991 3625 τοσοῦτον

2747 2403 2997 2453 salutem.

2158 2484 2293 2540 Cum
2329 2485 2585 2556 legissem
2639 2486 2851 2542 litteras
2881 2486 3190 2543 sanctitatis
3244 2495 3371 2554 tuae,
3419 2495 3473 2543 et
3502 2488 3661 2545 intel-

2090 2577 2342 2633 loxissem
2388 2586 2541 2632 tuum
2572 2593 2672 2648 pro
2721 2577 2825 2633 ﬁde
2876 2579 3140 2636 adversus
3177 2579 3433 2647 haeresin,
3484 2589 3539 2634 et
3562 2595 3662 2651 pro

2090 2676 2279 2722 sancto
2302 2666 2460 2723 l’atre
2492 2676 2681 2723 nostro
2710 2668 3001 2732 fervorem,
3032 2686 3144 2725 non
3189 2678 3411 2726 tuarum
3437 2672 3658 2738 virium,

2092 2758 2183 2813 sed
2224 2758 2365 2828 ejus,
2404 2760 2497 2829 qui
2529 2760 2811 2815 veritatem
2847 2761 2962 2816 suis
2987 2762 3041 2815 in
3068 2761 3335 2834 dogmatis
3370 2765 3517 2835 loqui
3548 2765 3664 2820 dis-

2090 2849 2292 2918 posuit,
2327 2848 2378 2902 id
2410 2865 2548 2919 opus
2577 2865 2701 2905 esse
2738 2850 3073 2907 existimavi.
3109 2852 3281 2909 Sicuti
3313 2862 3491 2910 autem
3520 2856 3663 2911 veri-

2093 2942 2217 2996 tatis
2272 2942 2633 3010 patrocinium
2696 2941 2763 2994 ad
2845 2941 3021 3010 ipsum
3080 2944 3335 3012 spiritum
3421 2945 3663 3001 veritatis

2092 3032 2309 3088 referre.
2329 3032 2593 3089 addecet:
2638 3032 2734 3097 ita,
2774 3047 2858 3085 me
2886 3032 3091 3102 judice,
3125 3034 3405 3104 diligentia
3436 3035 3491 3090 in
3514 3044 3663 3090 recta

2096 3123 2197 3179 ﬁde
2233 3125 2615 3196 Oppugnanda,
2659 3140 2767 3179 non
2816 3123 3105 3191 Eunomio,
3140 3125 3237 3180 sed
3298 3126 3400 3195 ipsi
3445 3125 3667 3180 menda-

2094 3218 2301 3271 ciorum
2340 3220 2547 3285 parenti
2573 3226 2628 3271 et
2659 3219 2955 3272 architecto
2978 3217 3241 3271 adscribi
3266 3217 3452 3271 debet.
3482 3216 3560 3272 Ac
3586 3216 3668 3271 vi-

2096 3308 2255 3363 detur
2293 3307 2383 3361 ille
2434 3306 2499 3360 ab
2544 3307 2697 3361 initio
2742 3307 3008 3361 homicida
3038 3307 3077 3373 ⁸,
3142 3308 3235 3377 qui
3294 3308 3351 3361 in
3398 3306 3667 3365 Eunomio

2095 3397 2311 3451 locutus
2342 3402 2445 3460 est,
2480 3402 2673 3450 contra
2704 3398 2944 3466 seipsum
2986 3405 3241 3451 accurate
3278 3398 3515 3468 gladium
3539 3412 3671 3453 exa-

2097 3488 2275 3541 cuisse
2303 3485 2429 3540 :nisi
2460 3488 2603 3540 enim
2633 3487 2722 3541 ille
2744 3494 2927 3543 tantos
2963 3488 3192 3557 spiritus
3229 3487 3491 3542 adversus
3526 3488 3668 3543 veri-

2097 3584 2257 3630 tatem
2289 3577 2631 3647 sumpsisset,
2673 3579 2856 3633 nullus
2895 3586 2947 3632 te
2996 3578 3063 3631 ad
3093 3578 3305 3647 piorum
3351 3577 3666 3648 dogmatum

416 3667 554 3721 κατά
572 3666 668 3738 τῆς
698 3665 954 3735 ἀληθείας
1006 3662 1443 3734 ἀπεθρασύνετο,
1476 3663 1649 3725 οὐδεὶς
1682 3662 1746 3715 ἄν
1779 3679 1835 3714 σε
1860 3662 1993 3732 πρὸς

2096 3666 2579 3736 propugnationem
2626 3668 3007 3735 permovisset.
3046 3666 3150 3731 Qui
3203 3669 3366 3736 igitur
3406 3668 3665 3737 sapientes

422 3756 747 3827 συνηγορίαν
796 3753 907 3809 τῶν
948 3754 1048 3825 τῆς
1089 3752 1368 3815 εὐσεϐείας
1416 3751 1698 3822 δογμάτων
1726 3752 1989 3821 ἐκίνησεν.

427 3846 483 3900 '0
506 3842 619 3902 οὖν
639 3847 1049 3917 δρασσόμενος
1071 3844 1213 3910 τοὺς
1236 3842 1464 3912 σοφοὺς
1483 3842 1552 3896 ἐν
1570 3841 1644 3911 τῇ
1665 3842 1993 3911 πανουργίᾳ

417 3937 635 4000 αὐτῶν,
682 3937 880 3990 ἔδωκεν
917 3937 1118 3997 αὐτοῖς,
1150 3935 1224 3998 ὼς
1256 3934 1321 3987 ἂν
1355 3934 1586 4004 μάλιστα
1626 3934 1687 3987 τὸ
1712 3934 1911 4005 σαθρόν
1937 3952 1995 3986 τε

418 4030 515 4083 καὶ
541 4028 839 4083 ἀσύστατον
870 4026 977 4079 τῶν
1001 4025 1285 4094 δογμάτων
1312 4025 1490 4077 αὐτῶν
1519 4024 1871 4095 διελεγχθείη,
1904 4026 1997 4078 καὶ

418 4117 725 4191 φράξασθαι
751 4116 893 4171 κατὰ
909 4116 1007 4187 τῆς
1028 4114 1303 4185 ἀληθείας,
1338 4116 1431 4167 καὶ
1452 4114 1519 4169 τά
1549 4113 1680 4168 κενά
1705 4114 1995 4186 μελετῆσαι

419 4212 511 4266 διὰ
531 4212 627 4280 τῆς
656 4210 818 4280 κενῆς
838 4209 1039 4280 ταύτης
1060 4208 1444 4279 λογογραφίας.

502 4298 718 4368 Ἐπειδὴ
740 4298 916 4351 τοίνυν
945 4299 973 4350 ό
1004 4294 1367 4366 ἐναρξάμενος
1396 4295 1554 4364 ἔργον
1587 4293 1788 4361 ἀγαθὸν
1813 4295 2005 4345 ἐπιτεδ

418 4389 585 4454 λέσει,
647 4388 741 4441 καὶ
784 4387 860 4459 μὴ
890 4385 1179 4459 ἀποκάμῃς
1212 4385 1496 4455 ὑπηρετῶν
1539 4386 1605 4454 τῇ
1638 4383 1861 4453 δυνάμει
1900 4380 1995 4433 τοῦ

420 4480 749 4552 πνεύματος,
785 4479 917 4549 μηδὲ
942 4477 1165 4549 ἡμιτελῆ
1203 4477 1434 4549 ποιήσῃς
1457 4474 1556 4545 τὴν
1581 4475 1860 4545 ἀριστείαν
1890 4473 1997 4528 τῶν

421 4572 565 4626 κατὰ
604 4572 704 4641 τῆς
744 4568 903 4639 δόξης
937 4566 1032 4620 τοῦ
1064 4565 1301 4637 Χριστοῦ
1347 4564 1809 4635 στρατευομένων,
1862 4563 1997 4617 άλλά

426 4664 660 4735 μίμησαι
679 4660 770 4714 τὸν
798 4659 1014 4730 γνήσιόν
1049 4675 1141 4711 σου
1183 4657 1414 4727 πατέρα,
1442 4657 1499 4720 ὃς
1530 4655 1671 4710 κατὰ
1704 4656 1793 4709 τὸν
1822 4653 1996 4725 ζηλω-

421 4755 520 4822 τὴν
561 4752 746 4815 Φινεὲς
792 4752 861 4821 τῇ
896 4751 996 4821 μιᾷ
1020 4749 1198 4819 πληγῇ
1238 4746 1332 4801 τοῦ
1366 4747 1585 4817 ἐλέγχου
1619 4747 1709 4799 τὸν
1752 4746 1997 4818 μαθητὴν

421 4844 500 4915 τῷ
531 4842 833 4913 διδασκάλῳ
864 4830 1359 4911 συναπεκέντησεν’⁶
1395 4838 1534 4891 οὕτω
1560 4838 1652 4891 καὶ
1679 4839 1741 4891 σὺ
1770 4837 1998 4900 εὐτόνως

423 4935 489 5005 τῇ
525 4932 666 5003 χειρὶ
693 4931 787 4984 τοῦ
814 4929 971 4999 λόγου
1010 4928 1074 4981 δι’
1109 4927 1437 4999 ἀμφοτέρων
1460 4927 1567 4981 τῶν
1588 4925 1887 4999 αἱρετικῶνη
1912 4926 1996 4996 βι-

2096 3757 2273 3808 insita
2304 3757 2505 3808 astutia
2537 3755 2873 3824 deprehendit
2900 3758 2943 3820 ',
2994 3756 3147 3810 dedit
3200 3757 3307 3811 illis
3355 3758 3503 3828 (licet
3552 3773 3670 3812 ma-

2095 3846 2237 3899 xime
2285 3844 2593 3909 inﬁrmitas,
2650 3852 2705 3899 et
2749 3844 3118 3900 inconstantia
3157 3846 3496 3917 dOgmatum,
3549 3862 3670 3916 qua:

2095 3935 2791 4006 tnentur,redargueretur)
2821 3944 2875 3990 et
2910 3944 3104 3992 contra
3139 3938 3424 3991 veritatem
3445 3939 3665 4005 armari,

2095 4033 2150 4081 et
2196 4042 2292 4095 per
2344 4027 2561 4081 inanem
2612 4028 2801 4095 istam,
2859 4029 3257 4098 verbosamque
3314 4027 3669 4098 scriptioncm

2097 4117 2278 4172 inania
2304 4117 2576 4174 meditari.

2165 4294 2455 4358 Craterum,
2486 4310 2609 4348 cum
2645 4310 2745 4363 par
2795 4296 2888 4363 sit,
2926 4291 3112 4365 utqui
3146 4296 3347 4351 bonum
3379 4309 3519 4366 opus
3554 4309 3670 4349 cae-

2098 4386 2196 4456 pit,
2229 4386 2281 4439 id
2306 4385 2570 4455 perﬁciat,
2598 4392 2831 4454 oportet,
2874 4393 2933 4439 ut
2959 4386 3144 4441 virtuti
3172 4387 3396 4456 spiritus
3417 4386 3673 4441 alacriter

2099 4478 2432 4543 subservias;
2472 4492 2650 4546 neque
2707 4477 3023 4545 imperfecte
3056 4483 3110 4531 et
3143 4477 3427 4532 dimidiate
3454 4485 3669 4531 tantum

2098 4582 2319 4630 eorum,
2354 4571 2445 4635 qui
2486 4576 2676 4620 contra
2717 4565 2922 4621 Christi
2974 4567 3204 4636 gloriam
3253 4565 3512 4628 militant,
3548 4565 3671 4633 jac-

2100 4656 2324 4709 tantiam
2371 4662 2423 4709 et
2478 4654 2827 4709 insolentiam
2867 4653 3161 4708 refutatam
3219 4653 3528 4723 relinquas;
3574 4652 3671 4707 sed

2100 4746 2313 4801 imitare
2347 4745 2641 4815 genuinum
2660 4752 2822 4798 .tuum
2862 4752 3093 4823 patrem,
3132 4744 3223 4812 qui
3257 4757 3406 4798 more
3447 4742 3672 4796 aamula-

2100 4837 2235 4892 toris
2266 4834 2519 4899 Phinees,
2561 4850 2670 4889 una
2700 4833 3104 4904 redargutionis
3134 4834 3289 4903 plaga
3335 4831 3669 4900 discipulum

2100 4928 2261 4983 simul
2314 4942 2438 4982 cum
2490 4928 2751 4996 magistro
2789 4923 3083 4979 transfodit
3132 4924 3190 4987 ³;
3230 4923 3305 4975 ita
3340 4929 3395 4977 et
3437 4929 3497 4975 tu
3552 4921 3669 4975 for—

426 4997 586 5077 6λίων
613 4997 753 5078 ὅσον
781 4997 997 5093 τὴντοῦ
1028 4997 1335 5089 πνεύματος
1357 4997 1660 5088 μάχαιραν,
1683 5018 1770 5071 ἵνα
1794 5017 1867 5087 μὴ
1894 5017 1991 5085 τὴν

2101 5022 2247 5083 titcr,
2288 5018 2445 5088 quasi
2474 5019 2737 5072 orationis
2782 5032 2964 5079 manu,
2996 5029 3092 5084 per
3136 5022 3428 5082 utrumque
3458 5012 3673 5066 haereti-

426 5114 663 5185 κεφαλὴν
689 5111 1143 5183 συντεθλασμένος
1167 5112 1196 5163 ὁ
1216 5110 1339 5179 δφις
1367 5110 1505 5163 κατά
1528 5109 1626 5180 τὴν
1658 5108 1822 5179 οὑράν
1842 5124 1995 5178 περι-

430 5204 673 5273 σπαίρων
702 5203 827 5266 τοὺς
855 5201 1274 5272 ἀκεραιοτέρους
1297 5200 1455 5272 φοϐῇ.
1482 5200 1602 5254 Τῶν
1634 5199 1743 5269 γάρ
1767 5198 1997 5270 πρώτων

428 5291 518 5346 τοῦ
541 5291 699 5359 λόγου
743 5290 1152 5361 ἀναιρεθέντων,
1192 5291 1286 5343 ὲάν
1314 5288 1375 5343 τὸ
1416 5290 1716 5343 τελευταῖον
1742 5289 1995 5356 ἀνεξέτα-

2104 5127 2229 5167 cum
2262 5111 2482 5174 librum,
2515 5109 2750 5179 gladium
2786 5106 3011 5177 spiritus
3056 5105 3402 5176 transadige;
3454 5119 3522 5160 ne
3554 5118 3673 5158 ser-

2104 5218 2237 5274 pens
2269 5201 2445 5271 capite
2483 5200 2594 5270 jam
2631 5206 2884 5260 contuso,
2938 5196 3109 5252 cauda
3154 5195 3331 5249 adhuc
3378 5192 3669 5264 palpitans,

2103 5293 2468 5363 imperitiores
2494 5289 2820 5343 terrcl'aciat.
2851 5288 2985 5341 Nam
3003 5301 3125 5340 cum
3147 5286 3317 5355 prima
3335 5298 3459 5354 pars
3479 5282 3671 5351 dispu-

432 5403 551 5439 στον
574 5384 770 5455 ἀφεθῇ,
800 5383 949 5455 ἰσχύν
976 5401 1094 5437 τινα
1119 5382 1257 5436 κατὰ
1278 5381 1377 5452 τῆς
1398 5381 1651 5453 ἀληθείας
1676 5381 1819 5451 ἔχειν
1845 5380 1996 5452 παρά

2100 5383 2324 5437 talionis
2360 5379 2710 5435 Eunomianae
2757 5377 2991 5433 refutata
3020 5377 3112 5440 sit,
3149 5376 3195 5431 si
3232 5374 3500 5444 posterior
3528 5372 3673 5425 inta-

427 5478 537 5541 τοῖς
562 5475 771 5539 πολλοῖς
792 5474 1193 5546 νομισθήσεται.

511 5651 567 5705 Ὀ
596 5652 650 5705 δὲ
674 5653 1069 5722 ἐμφαινόμενος
1098 5650 1173 5721 τῷ
1199 5650 1339 5719 λόγῳ
1372 5650 1539 5720 θυμὸς
1568 5651 1661 5720 τὴν
1692 5652 1783 5705 τοῦ
1808 5653 2000 5716 άλατος

2104 5481 2189 5526 cta
2219 5479 2529 5535 remaneat,
2563 5486 2671 5523 nun
2694 5467 2946 5531 deerunt,
2978 5465 3071 5535 qui
3100 5464 3149 5519 ei
3177 5464 3438 5517 adversus
3470 5459 3672 5514 verita-

2107 5571 2213 5614 tem
2244 5560 2446 5628 aliquid
2475 5559 2671 5613 virium
2696 5558 2876 5613 inesse
2910 5556 3307 5625 suspicentur."

2178 5650 2348 5705 Porro
2399 5650 2525 5707 bilis
2558 5660 2610 5706 et
2640 5648 2939 5705 acrimonia
2962 5644 3197 5703 orationi
3238 5644 3508 5711 inspersa,
3549 5636 3721 5694 salis.

504 5792 519 5821 ¹
559 5787 850 5859 Jaau.vm,
878 5789 963 5847 Η.
1037 5792 1056 5823 ³
1086 5786 1189 5845 Jul)
1226 5807 1276 5853 ν,
1318 5789 1406 5859 l5;
1436 5789 1452 5844 ι
1484 5791 1608 5846 Cor.
1642 5806 1723 5860 Ill,
1756 5791 1839 5847 19.
1912 5792 1928 5821 ³
1968 5790 2024 5845 Νι

2096 5809 2126 5846 ι.
2164 5807 2297 5857 xxv,
2334 5790 2367 5843 i'
2391 5805 2513 5860 sqq.
