4166 6372
500 347 605 408 249

1660 350 1943 411 CONTRA
1999 346 2388 422 E‘UNOMIUM,
2426 349 2553 410 ΕΙΒζ
2595 355 2637 411 1.

3648 358 3756 417 250

570 468 756 524 Ταῦτα
794 470 857 524 δέ
898 487 987 540 μοι
1031 471 1209 541 λέγειν
1236 470 1489 542 ἐπῆλθεν,
1522 470 1878 541 ἐνθυμηθέντι
1906 470 1994 523 τόν
2019 486 2076 521 τε

2254 469 2379 525 Hrec
2400 471 2525 526 mihi
2542 472 2716 527 dicere
2729 470 2783 526 in
2801 478 3029 526 mentem
3049 471 3456 547 venit‘eogitanti
3469 475 3645 536 illum,
3662 475 3753 544 qui

501 561 665 611 πᾶσιν
695 560 925 627 ἀφειδῶς
958 560 1317 614 κοινωνοῦντα
1346 560 1453 613 τῶν
1478 559 1622 611 ίδίων
1646 559 1845 620 καλῶν,
1866 560 1959 611 τὸν
1988 559 2079 611 τοῦ

498 647 633 701 Θεσῦ
652 649 935 720 ἄνθρωπον
973 651 1135 720 λέγω,
1178 651 1240 705 τὸ
1277 651 1375 720 τῆς
1407 650 1683 713 εὐσεϐείας
1713 652 1885 719 στόμα
1920 649 2082 702 Βασί-

499 740 660 803 λειον,
691 740 783 794 τδν
822 742 879 794 ἐν
909 745 974 813 τῇ
1007 743 1294 814 περιουσίᾳ
1331 742 1439 794 τῶν
1469 740 1852 811 πνευματικῶν
1886 740 2081 810 θησαυ⁴

499 830 629 901 ρῶν,
686 833 781 885 καὶ
822 834 901 897 εἰς
954 834 1313 904 κακοτέχνους
1355 833 1532 903 ψυχὰς
1576 832 1942 898 ἀνεξετάστως
1981 832 2079 902 τὴν

496 921 653 992 χάριν
672 922 773 993 τῆς
813 924 999 992 σοφίας
1040 926 1320 995 ἐκχέοντα,
1368 926 1460 977 καὶ
1496 924 1587 978 τὸν
1619 924 1910 995 ἀγνώμονα
1942 924 2079 995 πρὸς

494 1012 621 1074 τοὺς
652 1012 855 1080 ἀγαθόν
881 1031 935 1065 τι
972 1018 1146 1068 ποιεῖν
1171 1016 1333 1069 αύτδν
1371 1016 1771 1079 ἐσπουδακότας
1794 1015 2075 1085 Εὐνόμιον.

497 1098 664 1166 Οὗτος
694 1106 803 1176 γὰρ
839 1104 916 1176 τῷ
961 1105 1352 1177 ὑπερϐάλλοντι
1390 1108 1489 1177 τῆς
1513 1108 1659 1161 κατάη
1694 1108 1865 1179 ψυχὴν
1898 1109 2077 1178 ἀρρω-

499 1193 667 1257 στίας,
728 1197 790 1266 ἣν
842 1199 968 1267 περὶ
1002 1198 1098 1269 τὴν
1145 1198 1326 1252 πίστιν
1356 1198 1674 1269 ἠσθένησεν,
1711 1199 1942 1261 ἐλεεινός
1978 1198 2076 1267 μὲν

498 1281 698 1337 ἅπασιν
749 1285 892 1351 ἔδοξε
942 1288 1057 1349 τοῖς
1110 1288 1208 1357 τῆς
1252 1288 1577 1359 Ἐκκλησίας
1642 1288 1948 1359 μετέχουσι.
1980 1286 2076 1350 Τίς

495 1374 604 1445 γὰρ
629 1375 796 1441 οὓτως
828 1377 1176 1448 ἀσυμπαθὴς,
1210 1380 1285 1443 ὡς
1312 1380 1384 1450 μὴ
1414 1379 1702 1451 οίκτείρειν
1734 1379 1824 1432 τὸν
1845 1377 2076 1431 ἀπολλύ-

500 1481 688 1537 μενον;
754 1469 989 1523 Ἐκεῖνον
1046 1471 1103 1523 δέ
1135 1472 1293 1539 μόνον
1324 1473 1457 1542 πρὸς
1502 1472 1600 1541 τὴν
1628 1471 1941 1541 ἐγχείρησιν
1974 1471 2075 1537 τῆς

497 1558 789 1629 θεραπείας
814 1561 1030 1631 ἐκίνησε
1072 1562 1163 1614 τὸν
1206 1563 1364 1632 μόνον
1393 1564 1448 1616 ἐν
1484 1562 1561 1633 τῷ
1590 1561 1955 1631 περιττεύοντι
1976 1562 2074 1630 τῆς

497 1651 920 1721 φιλανθρωπίας,
966 1653 1060 1706 καὶ
1107 1656 1217 1718 τοῖς
1248 1654 1553 1724 ἀμηχάνοις
1592 1653 1897 1723 ἐπιτολμῶν
1937 1654 2073 1724 πρὸς

499 1740 661 1803 ἴασιν,
693 1740 750 1805 ὃς
771 1744 835 1813 τῇ
859 1742 1103 1813 ἀπωλείᾳ
1127 1742 1220 1798 τοῦ
1237 1744 1427 1816 ἀνδρὸς
1448 1762 1517 1797 πε
1527 1745 1843 1816 ριαλγήσας.
1865 1744 1951 1796 διὰ
1972 1744 2072 1815 τὴν

2187 560 2328 616 bona
2358 577 2457 618 sua
2500 577 2625 617 cum
2665 562 2921 618 omnibus
2958 562 3253 617 liberaliter
3294 565 3752 633 communicabat,

2180 650 2448 719 divinum,
2485 652 2731 722 inquam,
2769 652 3064 716 hominem,
3090 652 3288 707 etillud
3310 655 3525 724 pietatis
3559 672 3622 712 os
3649 656 3753 711 Ba-

2179 741 2393 797 silium:
2426 743 2519 812 qui
2549 757 2645 813 pro
2683 757 2769 806 ea,
2800 757 2907 811 qua
2944 742 3355 799 circumfluebat
3389 747 3754 816 spiritualium

2178 830 2561 885 thesaurorum
2588 830 2941 897 abundantia,
2966 832 3020 886 in
3055 832 3246 888 lividas
3271 849 3486 905 quoque
3519 837 3752 905 animas,

2178 922 2508 992 promiscue,
2531 927 2757 993 gratiam
2794 924 3073 994 sapientia:
3102 922 3435 992 effundebat,
3459 927 3755 999 ingratum.

2178 1024 2283 1079 que
2323 1025 2452 1081 erga
2504 1010 2645 1067 bene
2694 1012 2762 1066 de
2820 1026 2879 1067 se
2932 1020 3201 1068 merentes
3252 1011 3600 1069 Eunomium.
3654 1016 3754 1073 Hic

2176 1116 2411 1171 namque
2449 1102 2794 1158 vehementia
2829 1100 3181 1168 infirmitatis,
3212 1118 3319 1173 qua
3348 1104 3403 1159 in
3449 1105 3552 1162 fide
3602 1108 3753 1164 labo-

2176 1195 2349 1257 rabat,
2399 1194 2654 1248 omnibus
2704 1193 3033 1250 miserabilis
3072 1194 3378 1250 videbatur.
3430 1195 3563 1262 Quis
3606 1199 3752 1253 enim

2175 1286 2310 1339 adeo
2343 1301 2557 1339 omnem
2586 1285 2836 1340 ali‘ectum
2858 1286 3119 1348 exuisset,
3148 1286 3239 1355 qui
3270 1302 3376 1341 non
3405 1288 3756 1344 misereretur

2174 1376 2503 1444 pereuntis?
2537 1375 2798 1429 Basilium
2844 1375 3029 1430 itidem
3087 1376 3201 1431 sola
3257 1377 3635 1433 misericordia
3687 1380 3754 1433 ad

2175 1466 2449 1520 ferendam
2499 1481 2655 1535 opem
2685 1467 3135 1543 curationemque
3184 1468 3599 1537 aggrediendam
3652 1470 3757 1524 im-

2173 1560 2331 1628 pulit,
2376 1559 2466 1628 qui
2514 1574 2577 1613 ει
2632 1559 2964 1614 abundantia
3028 1560 3405 1625 humanitatis,
3455 1562 3755 1630 quamlibet

2172 1652 2474 1721 desperatis
2499 1652 2736 1707 medicas
2760 1666 2953 1706 manus
2984 1651 3272 1707 admovere
3294 1653 3429 1706 nihil
3459 1653 3750 1719 dubitavit,

2171 1744 2373 1813 quique
2416 1744 2639 1798 interitu
2685 1743 2789 1797 viri
2834 1743 3045 1807 dolens,
3088 1742 3159 1796 ob
3208 1742 3426 1797 insitam
3474 1759 3515 1797 a'
3555 1753 3750 1799 natura

497 1829 731 1896 φυσικὴν
786 1828 951 1882 αὑτοῦ
997 1831 1134 1901 πρὸς
1184 1831 1308 1895 τοὺς
1342 1832 1821 1904 ταλαιπωροῦντας
1860 1834 2074 1903 συμπά-

2177 1849 2301 1904 erga
2336 1834 2687 1890 calamitosos
2737 1833 3033 1889 miserandi
3074 1834 3512 1903 propensionem,
3548 1836 3754 1889 oratio-

497 1917 666 1982 θἐιαν,
697 1912 807 1972 οἷόν
835 1937 886 1973 τι
921 1921 1172 1992 πονηρῶν
1225 1922 1567 1993 δηλητηρίων
1611 1921 2073 1994 ἀλεξιφάρμακον,

496 2008 586 2061 τὸν
613 2009 1002 2079 ἀνατρεπτικόν
1025 2011 1124 2082 τῆς
1141 2012 1401 2083 αἱρέσεως
1423 2013 1577 2081 λόγον
1604 2014 1845 2083 ἐποίησε,
1878 2014 2085 2067 σκοπὸν

496 2095 633 2164 ἔχων
672 2098 948 2153 ἀνασῶσαι
970 2101 1130 2155 πάλιν
1164 2100 1254 2155 διά
1275 2101 1479 2155 τούτων
1505 2104 1599 2156 καὶ
1628 2103 2078 2174 ἀποκαταςτῆσαι

496 2191 558 2259 τῇ
629 2189 920 2261 Ἐκκλησία
963 2192 1055 2245 τὸν
1117 2193 1421 2263 ἄνθρωπον.

564 2277 635 2332 ’Ὀ
667 2281 725 2333 δὲ
763 2281 1011 2353 καθάπερ
1059 2283 1162 2336 ὑπὸ
1204 2285 1503 2355 φρενίτιδος
1546 2285 1932 2357 παραπληγεὶς
1978 2287 2077 2358 τήν

496 2369 751 2435 διάνοιαν,
781 2373 1074 2426 ἀντιτείνει
1090 2374 1168 2444 τῷ
1191 2374 1564 2446 θεραπεύοντι,
1589 2377 1683 2430 καὶ
1715 2376 1959 2449 πολεμεῖ,
1983 2379 2079 2432 καῖ

500 2460 749 2531 μάχεται,
773 2464 863 2516 καὶ
883 2464 1075 2535 ἐχθρὸν
1100 2465 1308 2534 νομίζει
1348 2467 1438 2521 τὸν
1466 2468 1530 2519 ἐκ
1554 2466 1648 2520 τοῦ
1678 2467 1950 2539 βαράθρου
1979 2471 2079 2540 τῆς

496 2552 749 2616 ἀσεϐείας
773 2555 1059 2609 ἀναλαϐεῖν
1091 2556 1429 2629 βιαζόμενον.
1447 2559 1557 2612 Καὶ
1578 2559 1751 2612 ταῦτα
1773 2560 1871 2631 ούχ
1892 2561 2078 2626 ἁπλῶς

497 2647 696 2698 οὑτωσὶ
722 2646 861 2699 κατά
882 2647 942 2699 τὸ
966 2665 1028 2700 συ
1037 2649 1177 2717 μϐἀν
1206 2650 1298 2702 ἐπὶ
1329 2649 1435 2703 τῶν
1459 2652 1871 2723 προστυχόντων
1893 2671 2077 2726 παρα-

497 2736 678 2805 impai-
698 2735 811 2788 ἀλλ’
836 2736 1110 2806 ἔγγρατον
1148 2738 1349 2810 στήλην
1372 2740 1469 2810 τῆς
1494 2740 1845 2811 μελαγχολίας
1874 2746 2079 2814 ταύτης

498 2827 617 2879 καθ’
632 2827 823 2881 ἑαυτοῦ
840 2830 1193 2899 ἁνεστήσατοο
1208 2831 1302 2884 καὶ
1316 2833 1373 2884 ἐν
1391 2832 1585 2903 μακρῷ
1601 2833 1677 2903 τῷ
1696 2835 1867 2906 χρόνῳ
1884 2835 2078 2906 σχολῆς

496 2914 764 2987 ἐπιτυχὼν
799 2918 1001 2987 ὁπόσης
1024 2918 1293 2984 ἐϐούλετο,
1316 2921 1454 2991 ὑπὲρ
1482 2923 1549 2976 τά
1571 2925 1779 2993 μεγάλα
1799 2927 1894 2979 καὶ
1914 2927 2077 2980 πολύ-

498 3021 679 3076 σαρκα
701 3007 805 3061 τῶν
840 3006 1043 3077 θηρίων
1072 3008 1224 3062 ὥδινε
1255 3010 1411 3078 λόγον
1443 3013 1499 3063 ἐν
1525 3014 1689 3066 παντϊ
1706 3013 1783 3084 τῷ
1799 3015 1885 3068 διὰ
1911 3016 2075 3085 μέσου

496 3098 691 3168 χρόνῳ·
727 3100 819 3151 καὶ
842 3099 1011 3169 βαρὺς
1035 3097 1101 3167 ἦν
1128 3104 1247 3164 ταῖς
1271 3103 1540 3167 ἀπειλαῖς,
1565 3105 1622 3158 ἐν
1646 3105 1973 3178 ἀπορρήτοις
1994 3108 2074 3163 ἔτι

495 3188 839 3246 διαπλάσσων
862 3192 923 3246 τδ
954 3193 1139 3264 κύημα
1168 3211 1180 3224 ·
1208 3194 1303 3264 ὀψὲ
1323 3195 1379 3248 δέ
1407 3213 1534 3249 ποτε
1557 3198 1650 3249 καὶ
1673 3198 1830 3268 μόγις
1850 3201 1931 3263 είς
1958 3201 2074 3272 φῶς

497 3284 810 3354 προήγαγεν
830 3284 1225 3356 ἀμϐλωθρίδιόν
1258 3303 1333 3350 τι,
1372 3287 1465 3340 καὶ
1489 3288 1916 3361 ἀτελεσφόρητον
1947 3294 2073 3361 γέν-ι

497 3393 664 3445 νημα,
708 3375 737 3428 ὃ
779 3376 977 3439 πάντες
1018 3377 1114 3445 μὲν
1164 3378 1214 3429 οἱ
1246 3379 1343 3448 τῆς
1386 3378 1555 3449 αὐτῆς
1599 3385 2075 3453 συμμετασχόντες

495 3466 757 3538 διαφορᾶς
805 3464 1168 3537 τιθηνοῦνται,
1215 3467 1307 3520 καὶ
1351 3467 1645 3523 θάλπουσιν
1666 3485 1681 3499 ⁸
1716 3474 1874 3542 ἡμεῖς
1901 3474 1957 3526 δὲ
1987 3474 2073 3529 διὰ

497 3556 587 3609 τὸν
608 3557 673 3609 ἐκ
697 3556 793 3626 τῆς
814 3557 1151 3626 προφητείας
1183 3558 1563 3627 μακαριιξινμόν⁹
1595 3560 1894 3628 Μακάριος
1933 3562 2069 3634 γὰρ,

498 3648 682 3716 φησὶν,
704 3646 772 3713 ὃς
798 3646 1100 3714 κρατήσει,
1129 3648 1224 3700 καί
1243 3647 1477 3716 ἐδαφιεῒ
1496 3649 1568 3703 τὰ
1594 3649 1778 3716 νήπιά
1798 3667 1913 3706 σου
1926 3656 2074 3722 πρὸς

496 3739 611 3805 τὴν
639 3738 862 3806 πέτραν
883 3754 899 3770 ο
930 3736 1118 3808 ἐπειδὴ
1148 3739 1241 3791 καὶ
1270 3740 1352 3801 εἰς
1390 3741 1670 3810 ἡμετέρας
1701 3741 1926 3809 ἀφίκετο
1964 3746 2073 3813 χεῖ-

503 3846 621 3900 ρας,
643 3829 910 3901 κρατῆσαι
957 3828 1019 3883 τὸ
1055 3830 1249 3899 νήπιον
1283 3829 1441 3883 τοῦτο
1485 3831 1662 3898 λόγιον
1696 3833 1789 3885 καὶ
1822 3834 2071 3901 ἐδαφίσαι

500 3921 639 3992 πρὸς
676 3919 772 3991 τὴν
799 3920 1025 3990 πέτραν,
1065 3920 1139 3982 ὼς
1166 3920 1225 3972 ἐν
1254 3937 1306 3973 τι
1334 3919 1441 3973 τῶν
1479 3921 1832 3975 Βαϐυλωνίων
1866 3924 2070 3979 τέκνων

501 4012 990 4084 προεθυμήθημεν·
1033 4011 1178 4067 Ἡδὲ
1211 4011 1395 4079 πέτρα
1430 4008 1509 4081 ἦν
1543 4016 1575 4065 ό
1600 4016 1880 4080 Χριστός’
1915 4032 2069 4069 τουτ-

499 4100 636 4160 έστι,
660 4100 759 4169 τῆς
780 4100 1037 4170 ἀληθείας
1087 4104 1115 4154 ό
1155 4102 1312 4168 λόγος
1337 4118 1348 4129 ’
1390 4102 1546 4171 μόνον
1580 4103 1719 4156 ἔλθοι
1748 4106 1830 4172 ἐφ’
1862 4107 2007 4176 ἡμᾶς
2036 4109 2069 4179 ἡ

500 4192 561 4244 τό
591 4193 813 4255 ἀσθενὲς
843 4193 1162 4262 ἐνισχύσυσα
1188 4192 1414 4263 δύναμις
1442 4193 1529 4247 διὰ
1566 4194 1673 4248 τῶν
1696 4196 1871 4265 εὐχῶν
1896 4197 1989 4250 τοῦ
2015 4200 2073 4251 ἐν

500 4283 753 4355 ἀσθενείᾳ
797 4284 891 4336 τοῦ
938 4281 1189 4354 σώματος
1231 4283 1329 4354 τὴν
1376 4283 1603 4355 δύναμιν
1629 4286 1823 4338 ἐαυτοῦ
1856 4287 2074 4340 τελειώ-

503 4391 713 4436 σαντος.

2099 3159 2148 3222 C

2176 1940 2299 1979 nem
2333 1926 2605 1979 haereseos
2638 1923 3032 1986 refutatricem,
3054 1938 3154 1978 ceu
3176 1923 3563 1979 veneficiorum
3602 1930 3749 1980 anti-

2175 2016 2381 2080 dotum,
2420 2030 2771 2084 praesensque
2799 2014 3096 2069 remedium
3137 2013 3460 2077 elaboravit,
3502 2030 3611 2069 non
3644 2018 3752 2071 alio

2177 2106 2303 2169 fine,
2328 2120 2491 2174 quam
2549 2114 2608 2159 ut
2655 2105 2929 2169 hominem
2980 2111 3198 2159 sanaret
3250 2114 3609 2176 sanatumque
3650 2105 3752 2162 Ec-

2176 2197 2359 2252 clesiae
2386 2197 2724 2250 restitueret.

2249 2289 2348 2343 Ast
2391 2288 2482 2342 ille
2508 2288 2779 2351 similiter,
2809 2300 2872 2340 ac
2904 2287 2949 2341 si
2981 2287 3235 2356 phrenesi
3271 2294 3555 2358 correptus
3583 2297 3749 2353 esset,

2178 2377 2232 2431 in
2255 2377 2523 2433 medicum
2548 2378 2803 2448 insurgit,
2831 2378 2991 2446 eique
3014 2379 3344 2443 obluctatur,
3372 2386 3426 2434 et
3456 2387 3743 2450 repugnat,

2178 2476 2231 2522 et
2247 2468 2424 2525 lmstis
2447 2469 2570 2523 loco
2590 2468 2773 2534 habet,
2790 2468 2881 2538 qui
2901 2468 3051 2523 illum
3073 2484 3138 2524 ex
3166 2468 3461 2539 impietatis
3491 2470 3751 2526 barathro

2177 2557 2388 2627 eripere
2408 2558 2730 2622 conabatur,
2754 2566 2808 2612 et
2832 2558 2887 2611 in
2916 2557 3000 2612 his
3030 2574 3138 2612 non
3168 2559 3678 2629 quomodocunque,
3698 2568 3753 2616 et

2178 2656 2239 2703 ut
2266 2664 2386 2704 sors
2408 2663 2678 2719 casusque
2705 2648 2905 2713 ferunt,
2933 2648 3125 2703 delirat
3152 2664 3215 2705 ac
3242 2650 3459 2720 desipit,
3492 2652 3587 2706 sed
3607 2652 3752 2707 litte-

2178 2756 2362 2795 rarum
2404 2744 2776 2795 monumentis
2817 2742 3193 2809 consignatum
3237 2741 3393 2809 quasi
3437 2742 3750 2795 columnam

2181 2832 2408 2888 insanire
2447 2846 2560 2887 suae
2585 2832 2796 2895 erexit,
2838 2838 2892 2885 et
2926 2832 3095 2885 multo
3123 2838 3366 2901 tempore
3399 2832 3496 2886 otii
3528 2839 3739 2886 tantum

2180 2932 2440 2993 quantum
2458 2924 2731 2993 cupiebat,
2747 2930 2962 2983 nactus,
2976 2922 3231 2992 parturiit
3247 2930 3361 2978 toto
3379 2923 3471 2977 illo
3486 2924 3752 2993 temporis

2182 3015 2463 3070 intervallo
2484 3016 2704 3078 librum,
2737 3015 2943 3069 diutius
2970 3014 3220 3069 videlicet
3241 3028 3403 3084 quam
3437 3014 3752 3082 elephantes

2182 3104 2406 3158 immani
2441 3104 2689 3174 corporis
2720 3104 2861 3159 mole
2887 3104 3131 3157 animant
3174 3118 3304 3160 suos
3334 3103 3512 3168 fetus;
3545 3106 3751 3161 interea

2177 3195 2354 3249 minas
2378 3194 2680 3263 jaetitabat,
2699 3194 3060 3264 privatimque
3081 3193 3248 3249 fetum
3276 3209 3434 3250 suum
3465 3194 3667 3265 fingere
3696 3203 3753 3249 et

2175 3284 2415 3339 lambere
2431 3299 2539 3338 non
2560 3284 2860 3339 desistebat
2882 3301 2898 3339 :
2918 3294 3172 3339 caeterum
3193 3298 3339 3346 sero,
3356 3291 3408 3338 et
3428 3283 3513 3337 vix
3532 3283 3750 3338 tandem

2175 3375 2466 3444 aliquando
2491 3376 2542 3428 in
2567 3377 2743 3429 lucem
2780 3376 3013 3445 protulit
3036 3374 3344 3429 abortivum
3373 3374 3663 3445 quemdam
3690 3384 3746 3431 et

2174 3468 2333 3535 plane
2350 3467 2723 3537 imperfectum
2743 3475 2980 3536 partum,
2995 3482 3155 3536 quem
3175 3482 3385 3531 omnes,
3402 3466 3494 3537 qui
3512 3482 3635 3521 eum
3650 3466 3755 3520 Eu-

2173 3557 2360 3609 nomio
2393 3556 2660 3621 sentiunt,
2689 3562 2946 3619 tractant,
2975 3556 3249 3609 nutricum
3276 3556 3745 3618 instar,nutriunt

2175 3652 2228 3699 et
2264 3645 2475 3700 fovent:
2513 3660 2614 3699 nos
2649 3659 2779 3699 vero
2819 3654 3039 3714 propter
3066 3644 3212 3698 illam
3242 3644 3525 3715 Prophetas
3553 3659 3749 3700 vocem

2175 3735 2439 3790 dicentis:
2465 3734 2659 3789 Beatus
2679 3736 2769 3805 qui
2794 3735 2979 3787 tenebit
2999 3744 3048 3788 et
3071 3735 3255 3788 auidet
3277 3736 3525 3805 parvulos
3547 3744 3661 3789 tuo:
3682 3736 3753 3788 ad

2172 3827 2448 3897 petram';
2476 3842 2597 3882 cum
2628 3828 2682 3881 in
2730 3833 2946 3882 nostras
2996 3840 3212 3896 quoque
3250 3838 3444 3881 manus
3490 3827 3751 3893 venisset,

2174 3917 2635 3988 comprehendere
2692 3916 3039 3985 insipientem
3081 3917 3231 3970 illum
3284 3916 3550 3981 libellum,
3590 3924 3644 3972 et
3683 3916 3751 3970 ad

2172 4020 2379 4081 petram
2408 4010 2631 4065 allidere
2654 4010 2800 4064 velut
2821 4010 3024 4079 prolem
3050 4007 3339 4079 quamdam
3366 4006 3752 4079 Babylonicam

2174 4101 2532 4168 decrevimus,
2573 4100 2732 4154 Petra
2787 4108 2961 4153 autem
3004 4108 3118 4153 erat
3161 4097 3404 4153 Christus
3430 4099 3471 4162 ⁸,
3506 4098 3610 4153 hoc
3647 4109 3751 4161 est,

2174 4192 2419 4247 veritatis
2448 4192 2588 4245 ratio
2619 4200 2671 4245 et
2706 4190 2919 4244 oratio:
2957 4199 3164 4243 tantum
3202 4191 3345 4244 adsit
3382 4190 3538 4245 nobis
3576 4190 3752 4245 virtus

2175 4284 2263 4338 illa
2297 4298 2420 4353 quae
2459 4283 2859 4339 imbecillitates
2892 4283 3233 4348 corroborat,
3262 4297 3360 4352 per
3392 4297 3582 4352 preces
3610 4281 3751 4351 ejus,

2180 4374 2273 4443 qui
2307 4374 2362 4428 in
2384 4375 2633 4443 corporis
2654 4373 2969 4429 infirmitate
2990 4374 3095 4428 vim
3121 4373 3394 4446 propriam
3430 4373 3680 4443 perfecit.

572 4465 636 4516 Εί
674 4463 771 4534 μέν
804 4458 897 4517 οὖν
925 4463 1004 4516 ἔτι
1033 4464 1126 4516 καὶ
1152 4462 1246 4517 νῦν
1273 4464 1306 4534 ή
1336 4462 1571 4535 θεοειδὴς
1589 4464 1793 4537 ἐκείνη,
1826 4466 1920 4520 καὶ
1946 4468 2076 4536 ἁγία

2197 4437 2213 4443 “
2249 4464 2403 4529 Quod
2429 4437 2670 4519 si-adbue
2696 4465 2876 4520 divina
2913 4465 3004 4519 illa
3030 4473 3084 4521 et
3119 4437 3306 4520 sancta
3325 4437 3503 4519 anima
3528 4465 3581 4518 in
3624 4478 3750 4518 cor-

502 4552 647 4623 ψυχὴ
674 4552 764 4607 διά
793 4554 994 4625 σαρκὸς
1028 4553 1236 4624 ἐθεώρα
1261 4554 1350 4605 τὸν
1376 4552 1711 4623 ἀνθρώπινον
1737 4555 1869 4625 βίον,
1896 4559 1990 4610 καὶ
2016 4559 2077 4611 τὸ

504 4643 704 4714 ὑψηλὸν
749 4645 942 4722 στόμα,
970 4644 1109 4697 κατά
1141 4647 1241 4715 τὴν
1284 4644 1340 4710 ἐξ
1374 4644 1549 4715 ἀρχῆς
1595 4646 2076 4716 ἀποκληρωθεῖσαν

504 4737 660 4805 χάριν
687 4734 857 4805 αὐτῷ,
904 4736 1001 4805 τὴν
1039 4734 1250 4806 ἄμαχον
1288 4734 1501 4805 ἐκείνην
1554 4736 1698 4805 ἠφίει
1747 4740 1948 4809 φωνήν·
1995 4738 2080 4802 τίς

505 4826 570 4879 ἂν
600 4827 677 4889 είς
698 4825 951 4879 τοσοῦτον
979 4825 1350 4896 πεποιθήσεως
1368 4822 1550 4896 ἦλθεν,
1579 4826 1717 4880 ὥστε
1747 4846 1799 4881 τι
1825 4828 1953 4901 περὶ
1980 4829 2080 4899 τῆς

506 4916 811 4981 ὑποθέσεως
840 4917 1045 4988 ταύτης
1070 4917 1335 4987 τολμῆσαι
1370 4918 1460 4969 καὶ
1491 4917 1861 4985 φθέγξασθαι,
1903 4921 2079 4974 πάντα

504 5011 658 5078 λόγον
691 5009 783 5061 καὶ
811 5009 988 5061 πᾶσαν
1022 5008 1161 5078 ἠχὴν
1192 5010 1290 5078 τῆς
1336 5008 1482 5072 θείας
1520 5009 1735 5077 ἐκείνης
1782 5010 2080 5080 σάλπιγγος

507 5098 921 5170 ὓπερηχούσηςς
970 5097 1122 5149 Ἐπεὶ
1158 5097 1214 5149 δὲ
1248 5098 1275 5149 ό
1321 5098 1419 5167 μὲν
1489 5098 1624 5168 πρὸς
1669 5098 1800 5151 Θεὸν
1830 5099 1949 5161 ὅλος
1987 5101 2080 5152 ἀν-

508 5190 729 5255 έπτατο,
764 5189 1025 5260 πρότερον
1054 5187 1150 5258 μὲν
1173 5190 1229 5241 ἐν
1257 5188 1420 5259 ὀλίγῳ
1443 5189 1550 5241 τινὶ
1566 5229 1579 5253 ,
1611 5190 1702 5242 καὶ
1727 5190 1976 5244 σκιοειδεῖ
2002 5190 2080 5260 τῷ

505 5280 742 5349 λειψάνῳ
764 5277 857 5330 τοῦ
893 5276 1140 5347 σώματος
1168 5277 1267 5343 τῆς
1306 5277 1411 5347 γῆς
1459 5278 1862 5348 ἐφαπτόμενος,
1904 5280 1980 5350 τῷ
2022 5281 2078 5334 δέ

508 5371 711 5425 πλείονι
752 5368 1286 5439 συμμετεωροπορῶν
1323 5366 1400 5437 τῷ
1432 5368 1568 5438 Θεῷ·
1601 5369 1719 5421 νυνὶ
1753 5369 1809 5423 δέ
1846 5371 1941 5425 καὶ
1979 5372 2078 5442 τὴν

508 5462 666 5516 σκιὰν
696 5460 905 5529 ἐκείνην
923 5458 1016 5511 τοῦ
1047 5457 1296 5530 σώματος
1318 5461 1613 5529 προσαφεὶς
1643 5462 1737 5514 καὶ
1762 5462 2077 5516 καταλιπὼν

507 5552 641 5623 τῷδε
695 5550 773 5621 τῷ
800 5550 918 5621 βίῳο
960 5551 1008 5603 οἱ
1037 5549 1093 5603 δέ
1124 5550 1363 5619 κηφῆνες
1399 5549 1790 5621 περιϐομϐοῦσι
1819 5553 1886 5605 τά
1915 5554 2081 5625 κηρία

606 5724 790 5782 'Psal.
822 5740 1039 5789 cxxxn,
1082 5724 1133 5780 9.
1247 5722 1309 5778 ‘l
1344 5725 1470 5779 Cor.
1511 5725 1639 5789 x,4.

2179 4570 2310 4626 pore
2334 4557 2551 4611 mortali
2581 4557 2747 4626 hujus
2780 4557 2919 4611 lucis
2944 4571 3108 4611 usura
3131 4556 3423 4621 frueretur,
3447 4562 3501 4610 et
3530 4554 3753 4624 grandi—

2176 4648 2400 4717 loquum
2428 4648 2557 4702 illud
2578 4664 2661 4712 os,
2683 4648 2979 4704 secundum
3001 4648 3183 4702 datam
3207 4647 3309 4701 sibi
3338 4647 3407 4701 ab
3442 4646 3599 4699 initio
3628 4661 3722 4714 gra
3747 4683 3750 4686 .

2179 4739 2610 4805 tiam,invictam
2647 4739 2792 4793 illam
2828 4754 3016 4794 vocem
3044 4738 3323 4791 mitteret:
3362 4735 3487 4805 quis
3527 4749 3593 4789 eo
3619 4749 3753 4788 con-

2182 4832 2420 4887 fidentia;
2448 4833 2831 4902 processisset,
2879 4838 2939 4885 ut
2969 4832 3035 4885 de
3064 4831 3165 4884 hoc
3195 4837 3518 4900 argumento
3545 4826 3752 4897 aliquid

2182 4924 2266 4978 vel
2291 4924 2493 4978 mutire
2526 4924 2772 4987 auderet,
2817 4922 3259 4992 quandoquidem
3300 4935 3516 4974 omnem
3544 4919 3753 4973 oratio-

2181 5031 2302 5070 nem
2328 5030 2655 5085 omnemque
2686 5030 2907 5069 sensum
2938 5014 3101 5067 verba
3127 5012 3219 5065 illa
3244 5011 3431 5064 divina
3455 5008 3754 5080 superant?

2181 5103 2481 5175 Postquam
2518 5119 2649 5159 vero
2690 5104 2908 5156 animus
2941 5101 3125 5156 Basilii
3175 5101 3241 5154 ad
3295 5099 3465 5153 Deum
3515 5097 3752 5153 evolavit

2182 5195 2330 5261 (cum
2363 5192 2518 5263 prius
2544 5206 2763 5262 quoque
2820 5191 2872 5244 in
2901 5191 3097 5260 exiguo
3145 5199 3198 5244 et
3228 5187 3376 5244 tenui
3412 5184 3741 5255 corpusculo

2182 5282 2323 5337 hanc
2366 5292 2567 5337 terram
2602 5282 2888 5345 incoleret,
2935 5281 3196 5350 majorem
3242 5277 3505 5348 temporis
3545 5282 3753 5346 partem

2182 5389 2307 5428 cum
2342 5372 2451 5429 Deo
2478 5374 2531 5427 in
2563 5372 2795 5429 excelsis
2822 5370 3097 5443 habitans)
3124 5410 3137 5434 ,
3169 5377 3222 5424 et
3248 5383 3395 5424 nunc.
3433 5367 3625 5422 umbra
3662 5366 3754 5420 illa

2187 5464 2435 5533 corporis
2492 5465 2705 5529 relicta,
2785 5474 3055 5533 territaque
3104 5460 3364 5515 mandata
3410 5456 3753 5523 excesserit;

2188 5554 2486 5609 crabrones
2510 5561 2691 5610 autem
2745 5562 2799 5610 et
2834 5553 2945 5610 fuci
2995 5551 3227 5610 necdum
3281 5548 3434 5604 favos
3489 5546 3755 5604 orationis
