4166 6372
426 320 519 378 251

1610 319 1666 375 S.
1707 315 2032 374 GBEGORll
2070 316 2365 372 NYSSENI

3549 320 3655 374 253

426 436 929 501 circmnvolitandi,
966 436 1253 508 mellisque
1278 436 1493 508 opilicia
1534 438 1782 492 vastandi
1827 437 1986 493 finem

2096 438 2181 492 τοῦ
2210 437 2389 505 λόγου,
2420 435 2513 488 καὶ
2542 435 2605 489 τὸ
2637 434 2754 506 μέλι
2780 436 3230 506 διαλυμαίνονται·
3266 434 3452 506 μηδεὶς
3488 436 3655 501 ἐγκα-

428 527 654 589 faciant,
685 541 843 582 nemo
869 526 994 595 jure
1018 526 1261 582 audacia:
1307 542 1393 583 tne
1434 526 1785 584 insimularit.
1843 526 1987 596 quod

2096 532 2250 584 λείτω
2294 529 2495 598 τόλμαν
2529 528 2649 597 ἐμοὶ¹
2680 528 2820 600 ὑπὲρ
2867 527 2959 581 τοῦ
3001 526 3257 595 σιγῶντος
3288 525 3551 596 στόματος
3578 525 3655 578 δι-

428 617 496 679 ad
564 617 824 671 ultionem
889 616 1144 685 prodeam
1211 617 1330 687 ejus
1375 617 1462 674 cui
1506 632 1629 672 sese
1666 614 1990 672 defendendi

2096 619 2379 675 αναστάντι
2409 618 2541 689 πρὸς
2573 618 2804 688 ἄμυναν.
2834 618 2970 671 Οὐδέ
2993 617 3100 687 γάρ
3129 617 3267 687 ὑπὲρ
3304 615 3429 678 τοὺς
3467 616 3658 678 ἄλλους

428 708 577 762 nulla
608 706 840 776 amplius
884 707 1122 776 suppetit
1164 706 1417 765 facultas.
1460 705 1648 777 Neque
1694 705 1838 761 enim
1870 721 1987 759 ma-

427 798 639 870 joribus
667 812 828 865 quam
868 798 1048 852 caeteri
1082 798 1292 853 viribus
1337 797 1531 861 fretus,
1578 798 1729 851 hunc
1768 796 1990 865 suscepi

431 890 697 953 laborem;
734 887 828 942 sed
862 889 1049 956 probe,
1092 889 1139 942 si
1165 890 1288 955 quis
1328 889 1489 948 alius,
1516 895 1860 957 compertum
1904 886 1992 939 ha-

431 979 547 1041 bui,
580 979 823 1034 infinitos
849 980 1100 1050 reperiri,
1134 982 1227 1050 qui
1255 979 1584 1034 eruditionis
1627 986 1680 1034 et
1708 978 1993 1047 sapientiae

431 1070 593 1125 laude
626 1071 680 1123 in
717 1070 959 1125 Ecclesia
1002 1072 1295 1126 excellant.
1333 1069 1698 1126 Nihilominus
1726 1084 1849 1123 cum
1880 1083 1993 1138 pra:

429 1160 686 1214 omnibus
714 1161 836 1213 aliis
865 1160 1065 1214 mortui
1099 1159 1355 1213 fortunas
1382 1158 1446 1212 ad
1470 1173 1562 1212 me
1599 1157 1872 1226 pertinere
1901 1169 1990 1207 ar-

428 1248 621 1310 bitrer,
670 1256 782 1301 tum
823 1256 1043 1317 prepter
1071 1248 1324 1316 scriptas,
1367 1255 1480 1299 tum
1514 1256 1736 1315 propter
1769 1251 1992 1301 natura-

430 1339 510 1393 les
536 1339 680 1406 leges
715 1357 727 1392 :
760 1338 881 1392 ideo
913 1353 1013 1407 ego
1063 1352 1238 1394 meam
1286 1344 1412 1391 ante
1445 1336 1583 1391 alios
1640 1339 1779 1393 hanc
1833 1335 1988 1404 quasi

430 1427 830 1481 hereditariam
856 1427 1226 1482 defensionem
1260 1427 1393 1483 mihi
1420 1426 1713 1485 vindicavi.
1763 1426 1989 1482 intimus

430 1519 649 1589 quidem
674 1520 891 1573 illorum
916 1520 1008 1589 qui
1042 1520 1094 1572 in
1132 1518 1370 1572 fidelium
1413 1532 1702 1572 numerum
1764 1518 1991 1586 ascripti

431 1617 559 1664 sunt
592 1629 605 1664 :
636 1622 689 1664 at
719 1610 830 1672 illo,
880 1593 970 1679 qui
1003 1610 1070 1663 ab
1118 1608 1357 1663 Ecclesia
1386 1622 1508 1663 sese
1536 1608 1773 1678 abrupit,
1830 1615 1883 1661 et
1924 1610 1992 1663 ad

433 1709 615 1770 partes
643 1700 984 1754 adversarios
1032 1700 1327 1763 transtulit,
1358 1714 1694 1768 nequaquam
1730 1697 1975 1753 imbecil-

432 1790 567 1855 lior;
597 1805 723 1846 nam
756 1790 809 1843 in
852 1804 1080 1858 corpore
1115 1804 1248 1845 sano
1279 1789 1563 1843 minimum
1605 1788 1771 1843 etiam
1816 1802 1988 1842 mem-
2022 1786 2065 1840 Β

314 1887 332 1902 ⁸
431 1880 590 1933 brum
641 1887 866 1948 ,pr0pter
907 1881 1073 1937 totius
1117 1878 1580 1948 conspirationem
1637 1879 1870 1935 validius
1910 1890 1993 1940 est

431 1976 486 2025 et
517 1968 919 2037 fortius,quam
943 1978 1255 2038 corruptum
1285 1977 1337 2023 et
1376 1970 1703 2035 abscissum,
1741 1973 1992 2040 quamvis

432 2044 535 2114 hoc
572 2060 768 2128 majus,
804 2058 933 2113 illud
964 2058 1034 2112 sit
1067 2059 1266 2113 minus.

502 2150 702 2205 Nullus
752 2165 881 2205 vero
914 2149 1041 2203 dum
1073 2150 1185 2215 haec
1234 2150 1357 2205 dico
1388 2152 1685 2218 existimet,
1736 2154 1879 2224 quod
1910 2170 1996 2209 me

431 2243 719 2313 magniﬁce
758 2241 1049 2308 venditem,
1109 2243 1527 2313 immaniterque
1578 2247 1725 2299 velut
1769 2248 1994 2317 proprio

431 2333 630 2387 robore
663 2334 862 2402 glorier
895 2350 909 2387 :
948 2347 1124 2401 neque
1153 2332 1297 2387 enim
1337 2348 1460 2388 cum
1517 2335 1739 2390 homine
1782 2337 1835 2391 in
1883 2353 1996 2393 τινες

431 2438 558 2479 nam
593 2422 885 2487 descendo,
940 2438 1058 2477 eam
1110 2423 1180 2483 ob
1215 2436 1461 2491 causam,
1519 2433 1579 2480 ut
1625 2428 1993 2496 eloquentiam

430 2510 831 2581 verborumque
890 2511 1145 2567 flosculos
1193 2512 1427 2580 juvenili
1500 2530 1653 2571 more
1703 2524 1991 2572 ostentem.

430 2600 565 2656 Nam
598 2601 653 2656 in
676 2616 741 2657 eo
770 2603 1089 2667 certamine,
1118 2618 1183 2657 ex
1230 2619 1338 2672 quo
1390 2605 1673 2659 victoriam
1716 2616 1995 2676 reportare

432 2693 625 2749 inutile
652 2701 705 2748 et
727 2692 1129 2749 infructuosum
1155 2702 1258 2758 est,
1283 2696 1514 2750 libenter
1537 2698 1845 2754 volentibus
1877 2700 1993 2767 pal-

431 2797 574 2836 mam
604 2781 983 2846 concedimus;
1018 2783 1314 2850 praesertim
1334 2799 1456 2838 cum
1498 2784 1672 2852 ipsmn
1698 2788 1991 2845 verborum

434 2880 760 2927 sectatorem
819 2880 873 2926 et
922 2886 1191 2940 aucupem
1242 2890 1365 2929 esse
1401 2876 1532 2929 mihi
1571 2879 1932 2947 persuadeam
1971 2898 1983 2932 :

434 2963 655 3034 quando
680 2964 920 3021 animum
960 2970 1223 3018 converto
1251 2966 1317 3019 ad
1345 2974 1582 3036 tempus,
1631 2969 1776 3037 quod
1800 2971 1853 3023 in
1886 2970 1993 3025 isto

434 3070 537 3113 suo
598 3054 850 3123 dogmate
895 3054 1212 3108 exornando
1275 3056 1553 3110 contrivit.
1605 3056 1828 3127 Egregie
1865 3075 1993 3113 vero

433 3144 685 3199 eumdem
715 3145 768 3197 in
798 3144 902 3199 hoc
936 3144 1098 3197 etiam
1133 3144 1273 3198 libro
1303 3146 1533 3201 sudasse
1578 3148 1811 3216 conjicio
1839 3167 1853 3204 :
1878 3158 1990 3203 turn

433 3234 654 3299 exhoc,
688 3235 834 3304 quod
869 3235 921 3288 in
959 3234 1061 3287 hac
1090 3235 1386 3303 scriptione
1408 3251 1515 3289 non
1547 3239 1823 3293 minimam
1869 3242 1993 3296 vitae

432 3340 548 3382 suae
579 3334 786 3394 partem
846 3326 1170 3394 collocavit;
1205 3337 1316 3383 tum
1352 3329 1495 3398 quod
1527 3336 1793 3385 amatores
1851 3332 1997 3387 illius.

434 3419 538 3474 hoc
572 3420 757 3473 labore
782 3419 905 3489 ejus
937 3421 1091 3475 valde
1117 3422 1393 3477 exsultant
1417 3431 1475 3477 et
1490 3422 1856 3477 delectantur.
1885 3420 1997 3479 Nec

434 3513 631 3567 mirum
655 3522 738 3567 est
760 3512 932 3573 illum,
957 3512 1052 3582 qui
1083 3512 1183 3566 hac
1223 3514 1278 3567 in
1310 3529 1366 3567 re
1401 3524 1478 3569 tot
1512 3528 1781 3568 annorum
1818 3514 1996 3583 olym-

428 3601 625 3671 piadas
659 3602 858 3672 posuit,
916 3602 1094 3672 majus
1124 3603 1289 3657 etiam
1337 3604 1594 3674 quiddam
1642 3604 1993 3674 praestitisse,

435 3708 595 3762 quam
629 3694 858 3757 soleant,
914 3695 1006 3763 qui
1050 3710 1118 3749 ex
1174 3706 1415 3765 tempore
1471 3696 1739 3751 scribunt.
1795 3694 1994 3748 Verum

434 3782 554 3851 ejus
586 3782 639 3836 in
669 3782 774 3837 hoc
802 3799 965 3853 opere
998 3785 1271 3841 moliendo
1320 3800 1528 3839 moram
1568 3794 1623 3840 et
1681 3786 1995 3840 cunctatio-

434 3888 559 3927 nem
586 3873 788 3927 clarius
819 3874 997 3929 adhuc
1048 3876 1432 3932 demonstrant
1470 3876 1524 3930 in
1554 3876 1770 3931 dicendi
1795 3876 1998 3946 fphale-

436 3964 516 4017 ris
545 3972 613 4018 et'
634 3963 821 4033 figuris
848 3966 1236 4035 conquirendis
1268 3967 1506 4037 ineptiae,
1526 3973 1580 4022 et
1608 3967 1659 4020 in
1692 3968 1777 4025 his
1804 3968 1997 4021 verbo-

438 4067 558 4107 rum
616 4052 909 4110 lenociniis
959 4056 1203 4111 studium
1256 4056 1415 4124 plane
1444 4057 1605 4111 inane
1634 4065 1687 4111 et
1737 4072 1999 4126 superva-

436 4159 622 4198 cuum.
653 4145 865 4199 Etenim
906 4160 1099 4216 magna
1132 4146 1593 4202 dictiuncularum
1637 4149 1871 4203 colluvie
1902 4164 1998 4217 ap-

437 4242 631 4303 paratu
677 4236 983 4304 repentino,
1066 4247 1120 4291 et
1179 4243 1619 4306 extemporaneo,
1686 4254 1754 4293 ex
1809 4239 1997 4294 nescio

439 4323 643 4392 quibus
675 4323 829 4378 libris
853 4332 1195 4388 coacervata,
1251 4326 1551 4395 paucisque
1600 4342 1722 4396 quae
1771 4327 1996 4396 intelligi

2020 3111 2062 3169 C

2094 709 2244 781 ἰσχύν
2268 726 2392 765 τινα
2422 708 2594 776 λόγων
2628 707 2845 779 ἐμαυτῷ
2884 704 3252 775 συνεγνωκὼς,
3290 704 3658 774 κατεδεξάμην

2090 800 2181 853 τὸν
2208 799 2385 853 πόνον·
2421 798 2534 852 ἀλλ’
2570 798 2810 866 ἀκριϐῶς
2840 797 3012 861 είδὼς,
3040 783 3195 868 είπέρ
3222 815 3305 860 τις
3337 796 3542 868 ἕτερος,
3575 797 3658 849 ὅτι

2093 890 2325 960 χιλιάδες
2350 888 2713 959 εὐθηνούντων
2745 891 2884 942 κατά
2908 889 2969 942 τὸ
2994 889 3235 959 χάρισμα
3261 888 3359 958 τῆς
3384 886 3574 955 σοφίας
3600 888 3679 948 ἐν,

2093 982 2159 1048 τῇ
2218 978 2509 1049 Ἐκκλησία
2553 976 2929 1047 πληθύνουσιν·
3023 978 3167 1046 ὅμως
3213 975 3397 1044 ἐπειδὴ
3446 974 3679 1028 πάντων

2097 1069 2328 1140 μάλιστα
2357 1068 2648 1138 προσήκειν
2687 1066 2807 1136 ἐμοί
2840 1082 2980 1135 φημι
3027 1065 3118 1117 τοῦ
3168 1065 3529 1135 μεταστάντος
3568 1062 3677 1127 τὸν,

2094 1160 2289 1231 κλῆρον
2313 1158 2402 1214 διά
2432 1174 2489 1211 τε
2527 1160 2652 1219 τοὺς
2678 1155 3124 1227 γεγραμμένους,
3158 1155 3249 1208 καὶ
3281 1154 3405 1216 τοὺς
3433 1155 3530 1223 τῆς
3562 1152 3658 1221 φύς

2096 1266 2232 1313 σεως
2259 1250 2486 1319 νόμους,
2534 1247 2721 1300 τούτου
2770 1247 2927 1316 χάριν
2972 1245 3131 1309 αὐτὸς
3180 1245 3314 1315 πρὸς
3342 1244 3449 1297 τῶν
3488 1243 3659 1305 ἄλλων

2092 1337 2394 1409 οίκειοῦμαι
2442 1337 2535 1408 τὴν
2575 1335 2933 1407 κληρονομίαν
2961 1334 3052 1388 τοῦ
3095 1334 3273 1400 λόγου·
3316 1332 3422 1384 τῶν
3457 1332 3553 1402 μὲν
3581 1335 3679 1401 είς,

2091 1433 2188 1502 τὴν
2230 1430 2549 1501 Ἐκκλησίαν
2578 1429 2669 1482 τοῦ
2695 1418 3244 1497 Θεοῦέσυντελούντων
3271 1428 3382 1488 τοῖς
3415 1426 3661 1495 ἐσχάτοις

2094 1521 2421 1594 συναριθμού
2431 1536 2605 1592 μενος
2629 1519 2720 1573 τοῦ
2742 1519 2797 1572 δὲ
2818 1519 3191 1590 άπερῥωγότος
3208 1518 3307 1586 τῆς
3342 1516 3661 1587 Ἑκκλησίας

2093 1615 2172 1676 είς
2217 1612 2504 1666 ἀντίπαλον
2548 1610 2698 1675 τάξιν
2738 1610 2837 1662 οὐκ
2869 1609 3283 1679 ἀσθενέστερος·
3330 1609 3388 1659 ἐν
3430 1606 3539 1676 γάρ
3584 1605 3661 1675 τῷ

2096 1703 2384 1771 ὑγιαίνοντι
2426 1701 2672 1771 σώματι,
2707 1700 2802 1753 καὶ
2842 1701 2901 1753 τὸ
2928 1699 3209 1768 ἐλάχιστον
3259 1698 3424 1769 μέρος
3452 1697 3538 1749 διὰ
3563 1695 3661 1765 τῆς

2093 1796 2185 1849 τοῦ
2217 1795 2416 1858 παντὸς
2451 1792 2750 1863 συμπνοίας
2772 1832 2787 1855 ,
2817 1792 3178 1863 δυνατώτερον
3222 1791 3287 1845 ἂν
3322 1792 3405 1860 εἴη
3456 1788 3551 1842 τοῦ
3585 1789 3690 1848 διν

2093 1886 2400 1957 εφθορὸτος,
2434 1884 2527 1938 καὶ
2570 1884 2935 1955 τετμημένοιν
2967 1882 3070 1937 κᾶν
3096 1882 3154 1935 τὸ
3179 1881 3279 1951 μέν
3310 1881 3488 1947 πλέον,
3515 1879 3575 1932 τὸ
3603 1878 3661 1932 δὲ

2094 1980 2307 2034 ἔλαττον

2163 2154 2367 2224 Μηδεὶς
2402 2154 2459 2206 δέ
2496 2153 2988 2223 μγαλορῥημονεῐν
3024 2168 3090 2221 με
3119 2151 3206 2203 διὰ
3234 2154 3436 2206 τούτων
3468 2151 3666 2207 οἰέσθω

2094 2246 2200 2298 τῶν
2224 2245 2414 2313 λόγων.
2448 2245 2524 2307 ὡς
2552 2244 2691 2314 ὑπὲρ
2715 2242 2812 2313 τὴν
2844 2240 3147 2313 προσοῦσαν
3178 2242 3402 2313 δύναμιν
3435 2245 3527 2297 ἐπὶ
3564 2262 3664 2314 μα-

2093 2335 2264 2398 ταίοις
2294 2334 2663 2405 κομπάζοντα.
2709 2333 2782 2387 Οὐ
2818 2332 2925 2403 γάρ
2968 2332 3342 2403 ἀπειροκάλως
3380 2335 3459 2397 είς
3492 2334 3690 2403 λόγων,

2097 2427 2344 2495 ἅμιλλαν,
2376 2427 2408 2496 ἢ
2439 2426 2696 2495 ῥημάτων
2742 2423 3018 2489 ἐπίδειξιν,
3050 2423 3398 2492 συγκαθεῖναι
3445 2425 3524 2495 τῷ
3566 2429 3662 2480 ἀν-

2096 2516 2297 2587 θρώπῳ
2324 2516 2459 2585 πρὸς
2487 2514 2816 2586 μειρακιώδη
2848 2516 2967 2569 τινὰ
2999 2515 3304 2585 φιλοτιμίαν
3331 2517 3680 2589 προάγομαι.⁵

2107 2610 2220 2677 Ἐφ’
2248 2602 2321 2661 ὧν
2357 2607 2464 2678 γάρ
2485 2606 2553 2660 τὸ
2572 2607 2733 2660 πλέον
2766 2606 2909 2677 ἔχειν
2939 2608 3231 2677 ἀνωφελὲς,
3266 2610 3360 2662 καὶ
3387 2610 3663 2681 ἀνόνητον,

2095 2699 2323 2768 ἑτοίμως
2347 2697 2693 2767 ἐκχωροῦμεν
2719 2700 2828 2760 τοῖς
2854 2697 3197 2768 βουλομένοις
3226 2700 3323 2769 τῆς
3349 2701 3522 2771 νίκηςο
3552 2718 3679 2757 rou—

2094 2790 2206 2842 τονὶ
2247 2788 2304 2841 δέ
2347 2788 2439 2841 καὶ
2473 2788 2646 2851 άλλως
2682 2788 2785 2857 μὲν
2831 2788 3065 2858 τρίϐωνα
3101 2788 3271 2857 λόγων
3301 2785 3439 2843 εἶναι
3471 2792 3666 2860 στοχά-

2096 2881 2278 2951 ξομαι,
2310 2880 2441 2949 πρὸς
2463 2879 2631 2950 αὐτὴν
2663 2878 2873 2948 βλέπων
2894 2880 2992 2950 τὴν
3015 2880 3139 2951 περὶ
3171 2879 3230 2932 τὸ
3253 2880 3427 2951 δόγμα
3447 2882 3660 2953 τριϐήνο

2094 2972 2452 3042 διαφερόντως
2478 2971 2535 3023 δὲ
2570 2972 2695 3041 περὶ
2720 2970 2808 3022 τὸν
2836 2971 3078 3041 παρόντα
3101 2971 3461 3041 πεπονηκέναι
3487 2971 3664 3040 λόγον,

2093 3062 2517 3133 τεκμαιρόμενος
2537 3059 2599 3113 ἐκ
2624 3078 2683 3113 τε
2712 3060 2803 3114 τοῦ
2832 3061 3277 3131 προσαναλῶσθαι
3306 3064 3372 3131 τῇ
3406 3061 3667 3133 λογογραετ

2097 3154 2194 3224 φίᾳ
2230 3152 2398 3223 ταύτῃ
2432 3152 2530 3221 τῆς
2568 3151 2713 3220 ζωῆς
2736 3151 2829 3204 τοῦ
2871 3152 3352 3223 συγγραφέωςηούκ
3389 3154 3666 3225 ἐλάχιστον

2098 3243 2282 3314 μέρος*
2308 3243 2401 3295 καὶ
2428 3243 2490 3295 ἐκ
2513 3241 2607 3294 τοῦ
2647 3242 2786 3296 κατά
2818 3245 2997 3303 πᾶσαν
3026 3242 3325 3313 ὑπερϐολὴν
3370 3245 3495 3307 τοὺς
3539 3248 3665 3315 ἐραέ

2097 3333 2226 3396 στὰς
2250 3332 2413 3386 αὐτοῦ
2444 3335 2556 3395 τοῖς
2585 3332 2977 3403 πεπονημένοις
2995 3333 3346 3401 ἀγάλλεσθαι.
3380 3335 3489 3388 Καὶ
3518 3336 3693 3389 οὐδὲν

2095 3424 2323 3487 ἀπεικὸς
2341 3424 2431 3477 τὸν
2463 3426 2520 3477 ἐν
2546 3423 2834 3487 τοσαύταις
2863 3425 2997 3477 ἐτῶν
3019 3425 3313 3493 όλυμπιάσι
3340 3426 3665 3496 πονήσαντα,

2096 3514 2256 3568 πλέον
2279 3532 2330 3567 τι
2354 3514 2462 3567 τῶν
2482 3514 2704 3568 αὐτόθεν
2726 3515 3085 3568 ἐπιϐαλόντων
3121 3517 3661 3586 παρασκευάσασθαιο

2095 3605 2331 3658 δείκνυσι
2381 3605 2438 3657 δέ
2489 3605 2683 3675 μᾶλλον
2724 3606 2821 3675 τὴν
2867 3606 3120 3674 τοιαύτην
3177 3606 3338 3659 αὐτοῦ
3386 3608 3512 3676 περ)⁸
3560 3609 3666 3662 τῶν

2096 3694 2267 3763 λόγων
2292 3694 2623 3765 κατατριϐὴν
2671 3695 2709 3765 ἡ
2738 3694 2864 3764 περὶ
2895 3693 2962 3747 τά
2988 3697 3240 3765 σχήματα
3268 3694 3409 3748 κατά
3433 3696 3534 3765 τὴν
3561 3695 3669 3748 τῶν

2100 3785 2368 3855 ῥηθέντων
2397 3785 2666 3855 συνθήκην
2699 3786 3077 3856 ἀπειροκαλία,
3108 3787 3201 3839 καὶ
3234 3788 3293 3839 τὸ
3337 3787 3583 3857 περιττόν
3612 3805 3665 3841 τε

2097 3875 2190 3928 καὶ
2219 3874 2443 3945 μάταιον
2469 3876 2566 3946 τῆς
2591 3875 2717 3947 περὶ
2740 3876 2806 3928 τά
2830 3875 3053 3929 τοιαῦτα
3074 3876 3328 3947 σπουδῆς.
3357 3877 3530 3929 Πολὺν
3560 3877 3667 3948 γάρ

2097 3981 2216 4018 τινα
2246 3963 2507 4034 συρφετὸν
2528 3964 2779 4030 ,λεξιδίων
2818 3964 2876 4029 ἐξ
2908 3966 3164 4032 ὐπογυίου
3218 3966 3574 4035 παρασκευῆς
3604 3967 3687 4019 ἐκ

2097 4071 2254 4108 τινων
2278 4054 2493 4123 βιϐλίων
2527 4054 2934 4123 ἐρανισάμενος,
2966 4053 3052 4106 ἐπ’
3096 4054 3294 4122 ὀλίγοις
3324 4058 3434 4117 τοῖς
3458 4055 3664 4124 νοηθεῖ-

2100 4159 2202 4208 σιν,
2257 4140 2560 4213 ἀμέτρητον
2605 4159 2725 4195 τινα
2772 4141 3003 4210 σωρείαν
3057 4143 3317 4212 ῥημάτων
3369 4143 3686 4213 φιλοπόνως-

2100 4234 2484 4303 συμφορήσας,
2528 4232 2617 4284 τὸν
2676 4231 3017 4303 πολύκμητω
3068 4232 3256 4286 τοῦτον
3319 4234 3693 4304 ἐξειργάσατο,

2098 4323 2279 4383 πόνον,
2308 4322 2366 4374 ὃν
2414 4322 2691 4375 ἐπαινοῦσι
2724 4323 2841 4393 μὲν,
2884 4324 2977 4375 καὶ
3017 4322 3316 4386 τεθήπασιν
3345 4325 3392 4375 οἱ
3432 4324 3665 4394 μαθηταὶ

438 4422 685 4483 possent,
710 4413 1175 4483 infinita‘quadam
1205 4415 1491 4471 verborum
1514 4416 1765 4486 congerie
1808 4418 1998 4475 sedulo

2101 4412 2199 4482 τῆς
2236 4410 2471 4481 ἀπάτης,
2506 4413 2569 4464 ἐκ
2594 4413 2691 4482 τῆς
2721 4412 2848 4484 περὶ
2873 4412 2939 4464 τά
2964 4412 3152 4483 καίρια
3181 4414 3318 4483 τάχα
3347 4413 3663 4485 πηρώσεως,

441 4503 994 4573 ευρρινὶηἱεοιε,ηοι)ιιε
1031 4505 1134 4559 hoc
1164 4506 1493 4562 laboriosum
1531 4508 1819 4577 procudit:
1852 4510 1995 4578 quod

2105 4502 2544 4572 συναφῃρημένοι
2599 4503 2798 4565 παντὸς
2850 4503 3013 4561 καλοῦ
3062 4522 3124 4556 τε
3172 4506 3268 4557 καὶ
3315 4506 3387 4577 μὴ
3427 4506 3665 4560 τοιούτου

439 4595 661 4648 laudant
712 4594 929 4664 quidem
982 4603 1034 4649 et
1073 4594 1412 4650 admirantur
1457 4596 1711 4667 discipuli
1765 4600 1994 4663 erroris,

439 4684 691 4741 fortassis
719 4700 786 4739 ex
815 4684 1081 4750 caecitate,
1124 4700 1233 4755 qua
1263 4687 1319 4740 in
1355 4688 1520 4742 rectis
1563 4689 1833 4754 laborant,
1887 4690 2001 4759 pri-

437 4776 546 4829 vati
578 4775 833 4829 nimirum
859 4776 1007 4829 omni
1036 4775 1290 4830 facultate
1321 4784 1467 4833 recta
1497 4793 1524 4830 a
1556 4794 1662 4832 non
1682 4781 1847 4834 rectis
1883 4780 1999 4835 dis-

441 4865 741 4930 cernendi;
802 4875 856 4919 at
891 4865 966 4919 illi
1004 4866 1204 4935 quibus
1233 4882 1329 4920 cor
1373 4867 1626 4923 sordibus
1662 4869 1998 4925 infidelitatis

418 4956 789 5010 .obscuratum
863 4970 971 5009 non
1022 4966 1122 5021 est,
1175 4957 1391 5023 rident;
1425 4966 1478 5011 et
1525 4960 1677 5012 nihili
1734 4960 1995 5029 pendunt.

439 5043 574 5098 Nam
624 5044 749 5113 quis
800 5044 973 5099 risum
1025 5048 1321 5112 contineat,
1380 5064 1502 5101 cum
1548 5048 1693 5103 videt
1751 5052 1997 5118 promitti

439 5136 658 5205 quidem
686 5151 783 5206 pro
804 5137 1033 5190 veritate
1086 5154 1297 5193 omnem
1340 5154 1527 5192 curam
1572 5148 1625 5194 et
1651 5140 1995 5205 industriam,

440 5229 612 5297 ipsam
643 5242 771 5281 vero
816 5226 1138 5282 industriam
1179 5236 1344 5281 totam
1378 5229 1432 5282 in
1472 5231 1765 5283 verborum
1802 5231 1998 5300 figura-

440 5331 670 5386 rumque
704 5317 919 5385 ineptiis
937 5318 1084 5370 nullo
1110 5318 1474 5373 emolumento
1491 5321 1613 5387 poni
1638 5320 1660 5372 ?
1680 5319 1822 5385 Quid
1851 5323 1994 5375 enim

440 5408 705 5463 momenti
735 5406 885 5462 all'ert
919 5409 983 5461 ad
1032 5406 1434 5472 refutationem,
1497 5420 1556 5462 ut
1613 5410 1728 5479 ipse
1777 5412 1995 5480 quidem

440 5499 756 5563 arbitratur,
787 5498 1051 5553 doctrina:
1092 5506 1311 5560 nostra},
1366 5507 1419 5553 et
1466 5500 1994 5556 commendationem

440 5588 685 5645 veritatis
709 5603 922 5653 eorum,
965 5588 1033 5645 de
1080 5588 1277 5659 quibus
1311 5590 1626 5659 ambigitur,
1668 5591 1999 5645 existimatio

440 5675 687 5747 quaedam
719 5679 1003 5749 peregrina
1050 5684 1257 5734 ornata:
1274 5677 1751 5748 schematibusque
1771 5686 1999 5750 comptae

2099 4591 2385 4659 διάκρισιν·
2415 4592 2611 4659 γελῶσι
2634 4592 2689 4645 δὲ
2714 4593 2806 4645 καὶ
2830 4594 2944 4646 ἀντ’
2970 4594 3177 4659 οὐδενὸς
3205 4589 3341 4648 εἶναι
3372 4595 3664 4666 κρίνουσιν,

2099 4675 2180 4744 οἷς
2210 4682 2271 4733 τὸ
2297 4681 2593 4751 διορατικὸν
2617 4682 2714 4751 τῆς
2742 4682 2966 4753 καρδίας
2992 4682 3069 4753 τῷ
3098 4684 3251 4753 ῥύπῳ
3274 4685 3372 4755 τῆς
3412 4684 3668 4747 ἀπιστίας

2099 4774 2196 4826 οὐκ
2220 4773 2633 4843 ἐπημαύρωται.
2664 4773 2759 4835 Τίς
2780 4772 2887 4841 γάρ
2908 4774 3006 4827 οὐκ
3030 4773 3095 4827 ἂν
3116 4776 3336 4837 εἰκότως
3368 4775 3664 4842 γελάσειεν,
3684 4840 3689 4843 _

2099 4862 2239 4931 ὁρῶν
2264 4862 2362 4933 τὴν
2403 4862 2499 4931 μὲν
2542 4860 2795 4913 ὑπόθεσιν
2836 4860 2935 4930 τῆς
2976 4861 3207 4931 σπουδῆς
3246 4862 3386 4931 ὑπὲρ
3428 4860 3535 4912 τῶν
3570 4860 3667 4931 τῆς

2099 4952 2355 5021 ἀληθείας
2400 4951 2680 5021 δογμάτων
2734 4951 3166 5022 ἐπηγγελμένην,
3235 4951 3403 5020 αὐτὴν
3458 4951 3516 5003 δὲ
3571 4952 3693 5021 τὴν.

2102 5041 2352 5112 σπουδὴν,
2395 5043 2473 5104 εἰς
2511 5042 2771 5113 ῥημάτων
2810 5059 2869 5094 τε
2906 5043 2998 5095 καὶ
3044 5041 3335 5112 σχημάτων
3377 5040 3669 5110 ἀπειροκα-

2098 5132 2216 5184 λίαν
2247 5132 2617 5203 ἡσχολημένην
2656 5134 2740 5184 ἐπ’
2781 5134 2955 5187 οὐδενὶ
3004 5132 3414 5203 κατορθώματι;
3467 5133 3530 5185 Τί
3563 5133 3693 5204 γὰρ,

2100 5220 2166 5273 ἂν
2207 5223 2300 5273 καὶ
2328 5221 2526 5291 μᾶλλον
2553 5223 2974 5289 συναγωνίσαιτο
3002 5224 3132 5293 πρὸς
3166 5222 3383 5293 ἔλεγχον
3412 5222 3508 5293 μὲν
3540 5224 3665 5287 τῶν,

2100 5311 2175 5375 ὡς
2197 5314 2354 5373 αὐτὸς
2376 5314 2561 5377 οἴεται,
2584 5314 2905 5383 εἰρημένων,
2936 5313 3191 5367 σύστασιν
3214 5314 3270 5366 δὲ
3297 5314 3396 5385 τῆς
3417 5313 3691 5383 ἀληθείας,

2096 5401 2205 5454 τῶν
2235 5402 2577 5472 ζητουμένων
2616 5403 2825 5456 ἐπίνοιά
2848 5421 2931 5466 τις
2956 5402 3064 5456 τῶν
3090 5405 3147 5456 ἐν
3176 5403 3255 5474 τῷ
3286 5403 3428 5475 λόγῳ
3457 5403 3669 5473 σχημά-

2097 5510 2205 5545 των
2226 5492 2528 5555 ἀλλόκοτος,
2553 5493 2648 5545 καὶ
2674 5492 2923 5559 σύνταξις
2945 5494 3319 5564 καινοπρεπής
3339 5510 3398 5547 τε
3428 5495 3521 5547 καὶ
3547 5494 3693 5551 ίδιά-,

2100 5583 2298 5648 ζουσα,
2345 5584 2439 5637 καὶ
2472 5582 2629 5655 ὕϐρις
2677 5583 3082 5655 σπουδαζομένη
3103 5624 3118 5649 ,
3150 5585 3247 5638 xui.
3279 5584 3481 5656 σπουδὴ
3510 5584 3670 5639 πάλιν

2102 5674 2425 5747 ὑϐριζομένη
2447 5716 2461 5740 ,
2488 5676 2606 5730 κατ’
2630 5676 2814 5731 οὐδένα
2831 5676 2987 5747 ζῆλον
3017 5677 3123 5732 τῶν
3158 5676 3557 5749 προειληφότων
3574 5674 3678 5729 ὲκο.
