4166 6372
430 358 543 425 οδε,

1555 347 1833 406 CONTRA
1890 346 2290 413 EUNOMIUM,
2340 345 2474 399 LIB.
2517 343 2561 413 1.,

3580 347 3686 405 25$

432 476 724 545 πονηθεῖσα
750 490 764 541 ;
793 474 868 527 Οὐ
908 472 1015 544 γάρ
1065 471 1131 525 ἂν
1162 469 1274 540 ἔχοι
1315 487 1397 533 τις
1439 468 1678 540 ἐξευρεῖν
1716 468 1852 540 πρὸς
1897 471 2017 523 τίνα

2124 465 2413 529 orationis,
2442 473 2497 519 et
2550 463 2879 534 compositio
2908 477 3047 519 nova
3089 470 3143 519 et
3178 463 3456 527 inusitata,
3516 474 3569 519 et
3596 466 3684 519 in-

436 566 644 635 βλέπων
671 563 779 616 τῶν
800 564 893 615 ἐπὶ
910 562 1054 632 λόγῳ
1077 560 1511 632 γνωριζομένων,
1533 560 1724 613 ἑαυτὸν
1747 564 1825 624 είς
1856 560 2015 614 τοῦτο

433 656 761 725 προήγαγεν,
807 654 995 724 ὥσπερ
1042 670 1123 716 τις
1179 652 1290 705 τῶν
1339 652 1431 704 ἐπὶ
1482 653 1684 723 σκηνῆς
1740 652 2014 723 θαυματο-

434 748 725 801 ποιούντων
758 747 846 799 διὰ
879 745 1251 817 παραλλήλων,
1292 745 1385 799 καὶ
1418 742 1709 805 ίσοκώλων,
1748 742 2015 813 ὁμοιοφὼ-

431 856 537 895 νων
563 856 625 891 τε
653 839 747 891 καὶ
774 837 1284 907 ὁμοιοκαταλήκτων
1308 836 1588 907 ῥημάτων,
1616 829 1726 888 οἷόν
1752 852 1860 887 τισι
1890 852 2014 905 xpo-

430 932 612 994 τάλοις
641 930 722 1000 τῷ
751 930 859 982 τῶν
906 928 1143 994 λεξιδίων
1172 926 1383 998 ῥυθμῷ
1432 925 1874 995 διακυμϐαλίζων
1920 926 2015 978 τὸν

430 1022 607 1091 λόγον.
657 1022 892 1075 Τοιαῦτα
928 1021 1039 1091 γάρ
1084 1022 1198 1073 ἐστι
1252 1018 1387 1089 μετά
1428 1018 1638 1072 πολλῶν
1670 1018 1889 1089 ἑτέρων,
1923 1018 2017 1071 καὶ

431 1112 499 1187 τά
560 1114 617 1165 ὲν
654 1111 956 1182 προοιμίοις
1018 1108 1183 1162 αὐτοῦ
1240 1108 1603 1179 τερετίσματα
1657 1107 1724 1159 τὰ
1769 1105 2013 1176 βλακώδη

431 1200 638 1265 ταῦτα,
681 1200 775 1253 καλ⁵
817 1198 1314 1269 παρατεθρυμμένα
1348 1197 1643 1259 σωτάδεια,
1679 1196 1714 1249 ἃ
1755 1213 1843 1266 μοι
1872 1196 2018 1247 δοκεῖ

430 1294 571 1362 τάχα
610 1291 743 1362 μηδὲ
776 1290 1028 1361 ἠρεμαίῳ
1060 1290 1311 1354 διεξιέναι
1340 1288 1419 1359 τῷ
1450 1290 1708 1359 σχήματι,
1738 1288 1852 1340 ἀλλ’
1886 1287 2017 1340 ὑπο-

434 1383 643 1452 κροτῶν
672 1384 748 1454 τῷ
790 1383 944 1445 ποδὶ,
982 1382 1074 1434 καὶ
1100 1380 1379 1449 ὲπιψοφῶν
1406 1383 1517 1443 τοῖς
1556 1379 1833 1442 δακτύλοις
1862 1380 2015 1447 λιγυ-

438 1473 545 1542 ρῶς
571 1473 685 1543 ἅμα
715 1474 849 1544 πρὸς
871 1473 961 1525 τὸν
991 1472 1192 1543 ῥυθμὸν
1220 1470 1663 1539 ἐπιφθέγγεσθαι,
1701 1472 1793 1523 καὶ
1814 1470 2010 1539 λέγειν,

434 1563 495 1615 τὸ
525 1564 617 1615 καὶ
651 1562 813 1633 μηδὲν
845 1562 924 1615 ἔτι
970 1562 1202 1632 δεήσειν,
1242 1562 1379 1631 μήτε
1411 1559 1583 1628 λόγων
1617 1561 1837 1631 ἐτέρων,
1875 1562 2010 1632 μήτε

436 1654 614 1707 πόνων
641 1653 925 1723 δευτέρων.

2110 558 2259 629 jnria
2323 556 2611 622 affectata;
2673 562 2729 610 et
2795 570 2986 611 rursus
3062 554 3331 611 affectatio
3396 556 3682 626 iniuriosa,

2116 650 2268 705 nullo
2299 648 2598 711 desiderio,
2642 663 2705 702 ea
2734 663 2855 717 quae
2896 649 3174 717 proposita
3210 648 3447 711 fuerant,
3499 665 3687 718 perse-

2116 740 2318 811 quendi
2367 739 2683 795 elaborata?
2722 737 2876 792 Haud
2920 740 3062 793 enim
3092 738 3247 793 facile
3293 740 3419 809 quis
3465 739 3683 802 dixerit,

2115 833 2401 901 cuiusnam
2430 847 2494 885 ex
2522 831 2906 900 eloquentibus
2926 831 3151 900 vestigia
3181 831 3452 895 imitatus,
3472 847 3537 885 eo
3558 846 3687 900 pro-

2116 926 2367 990 cesserit,
2396 932 2454 977 ut
2492 925 2658 979 veluti
2701 925 2954 979 scenicns
2989 926 3258 994 quispiam
3310 934 3687 995 portentorum

2118 1022 2172 1068 et
2200 1013 2533 1067 mirabilium
2564 1012 2809 1073 elTeCtor.
2836 1015 3137 1069 orationem
3202 1017 3469 1085 Opposilis
3509 1017 3690 1069 isoco-

2118 1104 2205 1167 lis,
2233 1120 2327 1159 seu
2359 1105 2583 1174 paribus
2610 1105 2879 1160 membris
2936 1113 2989 1159 et
3036 1105 3288 1160 similiter
3344 1106 3686 1169 cadentibus,

2118 1202 2379 1263 tanquam
2411 1194 2765 1264 crepitaculis
2819 1196 3147 1264 quibusdam
3200 1197 3518 1250 vocularum
3553 1212 3689 1251 con-

2120 1287 2386 1341 cinnitate
2418 1286 2753 1342 distinxerit.
2784 1286 3109 1357 Cuiusmodi
3138 1296 3336 1357 praeter
3369 1290 3535 1342 multa
3558 1290 3687 1356 alia,

2119 1378 2212 1432 illa
2247 1378 2433 1433 itidem
2466 1385 2616 1441 sunt,
2653 1394 2773 1448 quae
2798 1380 2982 1433 statim
3020 1380 3074 1433 in
3105 1381 3327 1435 exordio
3367 1390 3685 1448 occurrunt,

2121 1469 2455 1523 teretismata
2500 1477 2554 1524 et
2590 1470 2908 1539 crepundia,
2969 1472 3155 1524 mollia
3215 1480 3271 1526 et
3304 1472 3506 1525 lasciva
3549 1481 3691 1527 sota-

2118 1559 2242 1624 dea,
2289 1576 2411 1630 quae
2439 1576 2559 1615 mea
2614 1562 2833 1631 quidem
2882 1563 3155 1617 sententia
3205 1562 3295 1618 ille
3334 1580 3402 1618 ne
3455 1564 3689 1619 recitare

2117 1650 2335 1720 quidem
2394 1667 2559 1722 posse
2616 1653 2834 1709 videtur
2894 1653 3052 1708 firmo
3104 1664 3159 1709 et
3210 1656 3396 1725 quieto
3440 1657 3688 1727 corporis

435 1755 604 1813 statu,
672 1745 768 1802 sed
822 1746 1021 1817 pedum
1077 1747 1330 1816 strepitu,
1398 1759 1770 1815 manuumque
1816 1745 2011 1814 plausu
2047 1754 2170 1814 apte
2200 1746 2412 1800 scilicet
2441 1746 2509 1800 ad
2544 1762 2856 1815 numerum,
2898 1748 3098 1804 additis
3134 1748 3265 1813 illis,
3332 1750 3485 1804 nullo
3568 1765 3686 1802 am-

436 1841 579 1910 plius
597 1853 737 1909 opus
758 1852 903 1901 esse,
950 1852 1127 1907 neque
1154 1837 1277 1891 aliis
1307 1836 1676 1899 orationibus,
1724 1851 1901 1904 neque
1922 1835 2073 1890 curis
2102 1835 2384 1891 secundis.

517 1931 606 1984 ‘Ev
653 1928 860 1991 τούτοις
900 1928 1097 1993 τοίνυν,
1146 1928 1244 1981 καὶ
1290 1930 1404 1990 τοῖς
1453 1926 1711 1991 τοιούτοις
1742 1927 1803 1979 τὸ
1850 1926 2014 1980 πλέον

2186 1927 2243 1981 In
2270 1928 2353 1982 his
2391 1927 2556 1998 igitur
2582 1936 2637 1983 et
2663 1928 2934 1985 similibus
2983 1928 3215 1984 libenter
3248 1930 3295 1984 ei
3324 1932 3529 1999 primas
3558 1945 3690 1984 con-

436 2021 579 2092 ἔχειν
607 2019 769 2073 αὐτὸν
798 2019 1175 2088 συγχωρήσας,
1204 2018 1297 2070 καὶ
1327 2017 1468 2070 κατά
1490 2016 1734 2082 ἐξουσίαν
1760 2018 2015 2087 ἐμφορεῖ-

438 2110 560 2165 σθαι
584 2110 685 2179 τῆς
715 2110 887 2179 νίκης,
926 2111 1105 2162 πᾶσαν
1131 2108 1229 2180 τὴν
1255 2108 1385 2179 περὶ
1411 2106 1581 2160 ταῦτα
1618 2108 1850 2179 σπουδὴν
1877 2105 2018 2159 ὲκὼν

438 2202 833 2273 ὑπερϐήσομαι,
861 2200 936 2263 ὡς
983 2200 1161 2271 μόνοις
1193 2202 1306 2262 τοῖς
1344 2199 1480 2270 πρὸς
1517 2199 1825 2270 φιλοτιμίαν
1851 2199 2018 2270 ὁρῶσι

439 2293 837 2365 προσήκουσαν.
876 2291 939 2343 Εἰ
965 2291 1028 2358 γέ
1060 2308 1180 2343 τινα
1226 2290 1381 2360 φέρει
1411 2291 1718 2360 φιλοτιμίαν
1746 2290 1880 2353 ὅλως
1908 2293 2020 2353 τοῖς

436 2384 695 2446 τοιούτοις
719 2383 826 2435 τῶν
848 2383 1019 2451 λόγων
1044 2383 1542 2456 ὲνδιαθρύπτεσθαι·
1572 2384 1692 2436 ἐπεὶ
1715 2384 1805 2436 καὶ
1838 2385 1866 2436 ό
1891 2385 2021 2454 γνή-

441 2492 553 2545 σιος
592 2474 868 2544 ὑπηρέτης
916 2474 1011 2527 τοῦ
1054 2473 1213 2543 λόγου
1238 2462 1489 2538 Παῦλος,
1523 2474 1657 2546 μόνη
1699 2477 1766 2544 τῇ
1798 2474 2022 2545 ἀληθείᾳ

439 2568 807 2639 κοσμούμενος
826 2608 841 2634 ,
872 2567 1032 2631 αὐτός
1054 2584 1122 2621 τε
1148 2570 1273 2631 ταῖς
1299 2568 1573 2631 τοιαύταις
1602 2567 1892 2631 ποικιλίαις
1931 2569 2020 2621 αἱ·

441 2661 603 2731 σχρὸν
626 2658 760 2729 ᾤετο
781 2657 1278 2730 κατασχηματίζειν
1295 2660 1383 2713 τὸν
1406 2660 1581 2729 λόγον,
1604 2660 1696 2717 καὶ
1716 2660 1865 2730 ἡμᾶς
1887 2660 2022 2731 πρὸς

440 2751 538 2823 τὴν
566 2752 821 2822 ἀλήθειαν
843 2752 1014 2823 μόνην
1065 2750 1667 2822 ἀφορᾷννὲξεπαίδευσε,
1704 2752 1883 2815 καλῶς
1930 2752 2023 2804 καὶ

444 2843 827 2915 προσηκόντως
860 2842 1017 2896 τοῦτο
1043 2843 1365 2913 νομοθετῶν.
1400 2844 1443 2894 Ἰ
1451 2843 1465 2896 ί
1492 2842 1599 2912 γὰρ
1631 2842 1735 2913 χρὴ
1758 2844 1855 2914 τὴν
1889 2860 2023 2913 κομ-

448 2935 688 3006 μωτικὴν
717 2935 1032 3005 περιεργίαν
1056 2936 1135 2998 εἰς
1158 2935 1257 3005 τὴν
1284 2935 1376 2987 τοῦ
1403 2935 1553 2988 νόθου
1583 2936 1674 2989 καὶ
1702 2935 2024 3005 σεσοφισμέ-

445 3045 535 3082 νου
584 3027 812 3091 κάλλους
846 3026 1152 3080 συντέλειαν
1201 3026 1555 3097 ἐπισύρεσθαι
1595 3027 1686 3081 τὸν
1720 3026 1799 3097 τῷ
1835 3026 2023 3097 κόσμῳ

444 3118 544 3189 τῆς
570 3118 824 3189 ἀληθείας
867 3116 1273 3189 ὡραῖζόμενονς
1306 3113 1415 3181 «Οἷς
1454 3119 1551 3189 μὲν
1595 3119 1702 3190 γὰρ
1737 3119 1963 3173 ἄπεστιν
1984 3121 2019 3190 ἡ

444 3209 692 3279 ἀλήθεια,
724 3211 992 3280 χρήσιμον
1019 3210 1148 3274 ἴσως
1176 3210 1263 3265 διὰ
1284 3212 1383 3281 τῆς
1414 3212 1523 3263 τῶν
1548 3213 1806 3283 ῥημάτων
1834 3213 2024 3284 ἡδονῆς

2118 2020 2252 2073 cedo
2294 2020 2625 2090 victoriaque
2671 2022 2827 2090 plene
2863 2019 2970 2074 frui
3019 2036 3173 2090 aequa
3234 2030 3413 2074 mente
3468 2022 3685 2091 patior;

2120 2112 2370 2181 neglecto
2412 2112 2557 2167 enim
2578 2113 2725 2167 circa
2750 2127 2837 2167 res
2860 2112 3171 2182 hujusmodi
3208 2113 3550 2167 accuratiore
3574 2121 3689 2168 stu-

2120 2202 2211 2255 dio
2241 2211 2499 2272 tanquam
2530 2203 2639 2257 illis
2662 2211 3007 2272 competente
3046 2204 3135 2273 qui
3166 2204 3345 2257 omnia
3384 2204 3451 2257 ad
3474 2204 3687 2258 laudent

2122 2295 2397 2364 propriam
2439 2295 2702 2361 referunt,
2739 2296 2784 2350 si
2836 2311 3000 2365 quam
3054 2304 3238 2350 tamen
3284 2297 3499 2349 laudem
3545 2297 3688 2366 parit

2120 2387 2175 2439 in
2203 2385 2296 2437 tali
2323 2385 2589 2439 orationis
2622 2400 2819 2454 genere
2848 2384 3093 2439 studiose
3132 2387 3503 2445 versari,cum
3524 2401 3688 2439 verus

2120 2484 2175 2531 et
2204 2490 2499 2545 germanus
2552 2477 2822 2530 sermonis
2860 2477 3183 2532 administer
3234 2476 3293 2529 Ι).
3349 2475 3551 2531 Paulus
3573 2478 3690 2531 sola

2120 2568 2351 2621 veritate
2383 2567 2669 2636 speciosus
2700 2577 2855 2637 turpe
2874 2568 3151 2623 censuerit
3194 2568 3512 2636 hujusmodi
3541 2569 3692 2622 leno-

2121 2658 2281 2713 ciniis
2306 2660 2609 2713 orationem
2642 2659 2878 2725 variare,
2915 2674 3129 2728 nosque
3163 2662 3228 2713 ad
3272 2660 3443 2714 solam
3481 2659 3689 2714 verita-

2123 2755 2228 2802 tem
2250 2746 2521 2817 respicere
2537 2746 2789 2802 doeuerit
2810 2764 2825 2814 ;
2864 2754 3007 2802 recte
3026 2755 3078 2802 et
3104 2747 3490 2803 convenienter
3510 2746 3694 2800 isthoc

2124 2837 2403 2893 sanciens.
2430 2836 2571 2903 Quid
2602 2838 2749 2892 enim
2782 2839 2973 2891 attinet
2995 2838 3371 2892 curiositatem
3400 2838 3549 2890 illam
3570 2850 3694 2889 ora-

2122 2928 2312 2992 tionis,
2335 2943 2456 2998 qua:
2482 2930 2538 2983 in
2562 2929 2777 2985 crebris
2830 2930 3022 2985 incisis
3057 2937 3111 2983 et
3153 2928 3383 2983 comatis
3421 2929 3693 2992 consistit,

2124 3019 2192 3073 ad
2222 3019 2373 3075 falsa:
2404 3028 2459 3075 et
2508 3020 2705 3075 fucata;
2756 3020 3183 3090 pulchritudinis
3235 3020 3695 3089 complementum

2125 3111 2412 3167 corradere
2452 3112 2602 3166 illum
2649 3112 2742 3181 qui
2785 3122 2983 3166 ornatu
3027 3110 3277 3166 veritatis
3320 3109 3696 3180 splendescit?

2122 3204 2225 3259 llis
2258 3205 2400 3260 enim
2432 3219 2570 3273 quos
2597 3205 2800 3260 veritas
2829 3202 3034 3259 deserit
3072 3203 3205 3257 utile
3237 3202 3491 3257 fortassis
3532 3202 3697 3257 fuerit

447 3300 885 3371 ὑποφαρμάττειν
915 3303 975 3354 τὸ
1005 3301 1216 3370 ψεῦδος,
1252 3296 1363 3356 οἶόν
1410 3321 1461 3356 τι
1496 3304 1687 3373 φύκιον
1714 3304 1813 3374 τὴν
1840 3303 2022 3358 τοιαύ-

2125 3297 2306 3351 velare
2357 3295 2699 3349 mendacium
2742 3294 3041 3350 verborum
3093 3300 3401 3358 venustate,
3447 3293 3695 3363 inspersa

444 3409 543 3462 την
590 3393 905 3464 περιεργίαν
976 3393 1409 3465 ἐνδιατρίϐοντας
1445 3394 1520 3465 τῷ
1567 3397 1870 3467 χαρακτῆρι
1930 3395 2023 3450 τοῦ

447 3483 624 3550 λόγου.
660 3484 815 3537 Οὕτω
844 3484 953 3555 γάρ
981 3484 1045 3539 ἂν
1076 3486 1281 3556 πιθανή
1315 3504 1373 3539 τε
1419 3489 1512 3541 καὶ
1557 3488 1958 3559 εύπαράδεκτος
1991 3492 2024 3559 ἡ

452 3576 633 3646 ἀπάτη
682 3580 791 3639 τοῖς
827 3577 1083 3630 ἀκούουσι
1130 3577 1337 3645 γένοιτο
1376 3580 1885 3650 κατεγνωρισμένη,
1937 3582 2029 3633 καὶ

452 3666 877 3738 ηπεριηνθισμένη
919 3672 1041 3732 ταῖς
1072 3670 1348 3734 τοιαύταις
1384 3670 1478 3723 τοῦ
1529 3671 1684 3739 λόγου
1721 3671 2026 3741 κομψείαις.

457 3758 624 3809 Ὅταν
655 3755 709 3808 δὲ
744 3755 959 3830 καθαρὰ
1000 3757 1092 3810 καὶ
1117 3757 1323 3827 ἀμιγὴς
1358 3759 1554 3821 παντὸς
1582 3759 1798 3829 δολεροῦ
1826 3777 2031 3829 προκα-

454 3846 731 3918 λύμματος
761 3848 1128 3919 σπουδάζηταί
1150 3866 1291 3903 τισιν
1332 3851 1364 3919 ὴ
1406 3850 1653 3919 ἀλήθεια,
1686 3850 1890 3904 οἴκοθεν
1930 3854 2029 3904 ὲπ-

454 3940 757 4010 αστράπτει
784 3943 892 4003 τοῖς
918 3940 1235 4012 λεγομένοις
1265 3941 1326 3994 τὸ
1356 3940 1568 4004 κάλλος.

521 4115 746 4171 Μέλλων
782 4117 838 4169 δὲ
885 4117 981 4187 ἤδη
1036 4116 1136 4187 τῆς
1170 4116 1467 4181 ἐξετάσεως
1503 4115 1767 4170 ἅπτεσθαι
1808 4117 1917 4171 τῶν
1946 4118 2025 4171 εί·-

455 4205 728 4277 ρημένων,
761 4208 1061 4276 ἀμηχανεῖν
1102 4223 1191 4277 μοι
1240 4206 1383 4265 δοκῶ
1431 4206 1681 4278 καθάπερ
1714 4208 1772 4260 ὲν
1801 4208 2031 4279 νηνεμίᾳ

451 4313 535 4360 τις
562 4297 826 4367 γεωργὸς,
860 4298 959 4350 οὐκ
989 4297 1126 4367 ἔχων
1148 4299 1294 4360 ὅπως
1324 4297 1659 4367 διακρίναιμι
1683 4298 1773 4349 τὸν
1802 4298 2029 4368 καρπῆν,

454 4390 548 4443 καὶ
593 4389 655 4441 τὸ
692 4389 911 4459 ἄχυρονο
962 4390 1216 4443 τοσοῦτον
1264 4392 1321 4442 ὲν
1354 4388 1429 4459 τῷ
1477 4388 1685 4458 θημῶνι
1709 4389 1882 4459 τούτῳ
1923 4388 2031 4442 τῶν

452 4477 645 4546 λόγων,
675 4479 735 4531 τὸ
768 4478 1016 4549 περιττόν
1045 4495 1104 4532 τε
1150 4479 1243 4532 καὶ
1274 4479 1548 4549 ἀχυρῶδές
1577 4481 1744 4542 ἐστιν,
1768 4480 1843 4543 ὡς
1867 4480 2032 4549 ἐγγὺς

452 4562 592 4620 εἶναι
620 4567 712 4620 τοῦ
754 4568 998 4637 μηδόλως
1027 4568 1263 4638 νομίζειν
1303 4570 1361 4621 ὲν
1408 4571 1543 4623 πᾶσι
1574 4572 1689 4633 τοῖς
1725 4570 2032 4641 εἰρημένοις

2130 3386 2443 3455 hujusmodi
2488 3386 2635 3439 inani
2679 3393 2733 3439 et
2780 3384 3054 3453 superﬂua
3103 3384 3385 3454 diligentia
3436 3384 3694 3447 orationi,

2131 3486 2388 3547 tanquam
2422 3477 2547 3532 fuco
2574 3476 2831 3548 quodam.
2882 3475 3017 3531 Nam
3052 3478 3156 3530 hoc
3192 3485 3354 3545 pacto
3394 3491 3549 3530 error
3571 3490 3682 3543 pro-

2130 3568 2349 3631 habilis,
2381 3577 2434 3622 et
2470 3569 2667 3637 dignus
2702 3566 3095 3636 approbatione
3128 3565 3476 3619 auditoribus
3508 3566 3696 3619 invideri

2132 3669 2329 3731 potest,
2360 3666 2549 3729 utpote
2579 3667 2754 3715 tectus
2778 3667 2832 3713 et
2867 3658 3147 3713 nitescens
3170 3658 3373 3711 talibus
3400 3659 3696 3712 verborum

2131 3750 2489 3805 ornamentis.
2521 3749 2591 3804 At
2628 3750 2851 3819 quando
2871 3749 2996 3819 quis
3041 3748 3215 3817 ipsam
3248 3749 3557 3803 veritatem
3588 3763 3693 3817 pu-

2124 3856 2251 3894 ram
2298 3849 2352 3895 et
2399 3840 2605 3895 nullius
2651 3842 2862 3895 externi
2901 3839 3229 3894 admistione
3268 3839 3696 3894 contaminatam

2130 3935 2395 3993 sectatur,
2432 3929 2615 3981 nativa
2642 3929 2878 3998 quadam
2905 3928 3315 3998 pulchritudine
3364 3928 3697 3998 splendescit

2131 4018 2331 4073 oratio.
2487 4076 2492 4081 ,

2204 4110 2473 4166 Caeterum
2507 4125 2865 4180 aggressurus
2887 4110 2999 4178 jam
3034 4125 3264 4164 examen
3305 4120 3358 4165 et
3394 4111 3690 4168 discussio-

2131 4216 2255 4256 nem
2290 4216 2503 4263 eorum,
2526 4188 2646 4271 qua:
2678 4201 2903 4270 scripsit
2943 4200 3260 4263 Eunomius,
3315 4202 3523 4257 haerere
3566 4201 3694 4255 mihi

2130 4306 2337 4360 anceps
2360 4291 2568 4353 videor,
2595 4292 2771 4347 instar
2810 4291 3064 4361 agricola“:
3106 4307 3229 4345 cum
3279 4293 3457 4347 omnis
3496 4301 3699 4348 eventus

2132 4382 2386 4451 quiescit,
2413 4384 2607 4438 incerti
2639 4400 2877 4453 quonam
2910 4386 3071 4440 modo
3101 4385 3436 4441 frumentum
3473 4402 3502 4440 a
3524 4388 3700 4457 paleis

2132 4482 2400 4543 segreget.
2438 4471 2673 4527 Tantum
2729 4475 2872 4529 enim
2914 4476 2970 4529 in
3020 4477 3127 4530 hoc
3174 4477 3443 4532 orationis
3502 4493 3703 4533 acervo

2133 4562 2393 4632 snperflni
2418 4571 2472 4617 et
2510 4564 2790 4635 palearum
2818 4574 2924 4629 est,
2958 4574 3015 4620 ut
3049 4566 3162 4623 fere
3194 4569 3412 4623 credam
3434 4569 3487 4621 in
3516 4571 3698 4624 omni-

454 4658 545 4711 ὕπ’
568 4658 753 4723 αὑτοῦ,
781 4656 1114 4729 πραγμάτων
1130 4651 1265 4709 εἷναί
1283 4660 1455 4731 τιναῆ
1486 4660 1769 4729 νοημάτων
1798 4660 2022 4713 ύπόστω

2136 4652 2241 4707 bus
2269 4667 2391 4722 quae
2428 4652 2531 4709 iste
2562 4655 2765 4719 attullt,
2806 4655 2943 4709 nihil
2992 4672 3219 4725 prorsus
3267 4674 3448 4712 rerum
3510 4660 3691 4714 docta-

457 4764 559 4802 σιν.
605 4747 677 4800 Τὸ
719 4747 825 4820 γάρ
873 4749 1037 4800 πᾶσιν
1081 4748 1279 4817 ἐφεξῆς
1324 4751 1436 4811 τοῖς
1478 4749 1880 4819 γεγραμμένοις
1932 4751 2030 4803 ἐπ-

453 4837 676 4901 εξιέναι,
717 4838 945 4908 μάταιόν
972 4855 1029 4890 τε
1060 4839 1175 4908 ἅμα
1201 4839 1336 4909 πρὸς
1378 4839 1478 4909 τὴν
1499 4839 1750 4909 σπουδὴν,
1783 4839 1877 4892 καὶ
1907 4840 2029 4892 ὲπί-

456 4945 637 4991 πονον,
677 4930 770 4981 καὶ
800 4929 918 4981 οὐδὲ
948 4929 1241 5011 συμϐαῖνον
1259 4930 1427 5000 κρίνω
1448 4930 1524 5001 τῷ
1545 4932 1795 5001 ἡμετέρῳ
1819 4932 2023 5001 σκοπῷ.

457 5019 594 5073 Οὔτε
624 5020 731 5091 γὰρ
762 5021 1013 5074 τοσοῦτον
1048 5022 1323 5092 περίεστιν
1358 5023 1487 5092 ἡμῖν
1521 5024 1618 5091 τῆς
1663 5024 1853 5093 σχολῆς
1880 5023 2027 5094 ἔχειν

457 5112 578 5165 κατ’
610 5110 857 5175 ἐξουσίαν
883 5114 1220 5181 ὲνευκαιρεῖν
1253 5115 1366 5175 τοῖς
1401 5114 1666 5182 ματαίοις·
1712 5114 1805 5167 καὶ
1862 5130 2023 5185 προσ-

457 5202 612 5273 ήκειν
640 5198 793 5272 οἶμαι
820 5203 911 5255 τὸν
930 5202 1156 5273 δόκιμον
1188 5205 1445 5274 ἐργάτην,
1476 5206 1549 5275 μὴ
1581 5206 1705 5275 περὶ
1732 5204 1798 5257 τὰ
1827 5205 2027 5274 μάταια

456 5293 803 5364 κατατρίϐειν
853 5294 950 5364 τὴν
997 5294 1245 5364 δύναμιν,
1294 5295 1408 5348 ἀλλ’
1456 5297 1513 5347 ὲν
1548 5293 1627 5359 οἷς
1654 5298 1683 5349 ό
1735 5297 1896 5360 πόνος
1938 5297 2029 5351 τὸν

456 5383 667 5454 καρπὸν
706 5384 1133 5455 ὁμολογούμενον
1173 5385 1302 5454 ἔχει.

533 5476 670 5527 Ὅσα
694 5474 869 5527 τοίνυν
896 5475 1052 5540 εὐθὺς
1079 5478 1135 5528 ὲν
1158 5460 1463 5547 προοιμίοις
1490 5478 1877 5548 ἀποσεμνύνων
1903 5481 2030 5533 ἑαυ-

458 5566 548 5620 τὸν
584 5567 658 5629 ὼς
682 5565 939 5634 ἀληθείας
973 5567 1282 5635 προστάτην
1314 5566 1390 5636 τῷ
1430 5567 1527 5637 τῆς
1564 5568 1817 5631 ἀπιστίας
1840 5570 2029 5622 ὀνείδει

460 5656 567 5710 τῶν
596 5657 1063 5726 ἀντιτεταγμένων
1094 5657 1445 5720 καθάπτεται,
1483 5658 1654 5725 λέγων
1695 5658 1929 5729 ἐμμονόν
1978 5676 2030 5711 τι

459 5750 554 5801 καί
601 5748 949 5803 δυσέκνιπτον
982 5748 1166 5807 αὐτοῖς
1219 5748 1563 5818 ἐντετηκέναι
1594 5748 1655 5801 τὸ
1692 5750 1866 5817 μῖσος.
1904 5750 2027 5802 Καὶ

2136 4757 2371 4813 rumque
2393 4745 2785 4813 cogitationum
2820 4748 3021 4803 inesse.
3074 4750 3141 4803 At
3163 4765 3294 4803 vero
3324 4752 3529 4810 omnia.
3580 4768 3699 4821 qua

2136 4834 2378 4903 scripsit,
2415 4834 2690 4905 sigillatim
2721 4852 3173 4904 commemorare,
3234 4840 3423 4895 inutile
3449 4842 3611 4896 simul
3634 4844 3699 4897 ad

2134 4934 2381 4980 nostrum
2415 4928 2776 4996 propositum,
2808 4937 2863 4982 et
2891 4929 3144 4994 arduum,
3172 4938 3225 4985 et
3256 4946 3285 4985 a
3318 4947 3484 5002 scopo
3512 4944 3701 4989 nostro

2132 5019 2367 5073 alienum
2404 5018 2663 5073 arbitror.
2708 5018 2897 5089 Neque
2951 5022 3093 5076 enim
3133 5030 3344 5078 tantum
3396 5028 3555 5081 nobis
3606 5029 3701 5082 otii

2126 5110 2391 5180 suppetit,
2422 5117 2483 5163 nt
2502 5111 2763 5163 arbitratu
2796 5119 2981 5167 nostro
3038 5114 3197 5169 vanis
3224 5114 3372 5169 hisce
3400 5117 3563 5171 rebus
3604 5119 3675 5171 im

2135 5201 2335 5254 morari
2370 5200 2555 5255 liceat.
2594 5201 2659 5254 Et
2681 5218 2779 5272 par
2812 5212 2896 5258 est
2932 5204 3215 5273 probatum
3249 5210 3558 5276 operarium
3593 5208 3699 5261 vim

2137 5308 2290 5349 suam
2330 5293 2606 5348 insumere
2634 5309 2743 5347 non
2789 5295 2842 5361 in
2878 5294 3241 5352 infructuosis
3280 5299 3537 5367 Operihus
3560 5338 3574 5362 ,
3607 5298 3703 5353 sed

2135 5385 2189 5438 in
2223 5385 2289 5440 iis
2322 5386 2517 5454 quibus
2564 5394 2783 5455 optatus
2812 5386 3020 5442 fructus
3050 5389 3392 5459 respondeat.

2202 5474 2354 5529 Mitto
2387 5476 2552 5544 igitur
2591 5491 2929 5546 quaecunque
2976 5478 3133 5532 initio
3164 5479 3347 5533 statim
3390 5479 3474 5533 sui
3517 5488 3704 5534 osten-

2132 5565 2282 5619 tandi
2315 5566 2513 5635 gratia,
2548 5573 2805 5634 tanquam
2830 5569 3076 5623 veritatis
3129 5584 3306 5638 praeco
3350 5576 3517 5632 esset,
3566 5569 3703 5625 ellu-

2134 5656 2255 5722 tiit;
2291 5663 2556 5726 praztereo
2610 5656 2776 5711 etiam
2830 5657 3166 5712 infidelitatis
3220 5658 3547 5722 convicium,
3594 5674 3704 5728 quo

2134 5747 2485 5803 adversarios
2517 5762 2648 5804 suos
2678 5748 2942 5819 aspersit;
2992 5748 3120 5803 dum
3152 5757 3467 5818 perpetuum
3514 5758 3567 5804 et
3613 5749 3702 5804 in.-
