4166 6372
441 359 561 418 259

1645 347 1702 404 S.
1750 344 2073 405 GREGORH
2110 336 2401 396 NYSSEN!

3596 319 3713 377 256

450 468 681 526 dclebile
712 467 894 525 odium
927 465 1064 537 ipsis
1090 463 1314 522 insitum
1367 476 1490 518 esse
1543 460 1639 517 ait.
1678 459 1790 517 Nec
1839 462 2015 516 dicam
2053 469 2068 520 λ

2172 474 2198 519 ς
2223 450 2669 523 ἐπισοδαρεύεται
2714 449 2825 512 τοῖς
2866 448 3088 516 ἔναγχος
3122 441 3484 513 ἐγνωσμένοις
3533 437 3702 510 αὐτῷ,

454 576 618 633 quam
646 560 943 616 insolenter
977 559 1241 630 glorietur
1286 556 1355 611 iis
1400 569 1520 626 qua:
1546 569 1645 624 pro
1693 553 1815 623 ipso
1853 567 2025 622 nuper

464 654 680 709 decreta
714 659 861 716 sunt,
903 665 1002 705 nec
1041 656 1221 703 tamen
1251 663 1499 718 quamam
1531 647 1619 702 illa
1652 647 1761 701 sint
1787 644 2025 707 decreta,

459 742 725 812 explicat;
763 740 938 793 solum
963 739 1100 793 dicit
1140 738 1206 792 de
1236 738 1632 807 quaestionibus
1671 734 1853 789 dubiis
1880 732 2031 802 judi-

461 831 607 884 cium
640 829 865 883 l'actum.
905 828 968 880 Et
1016 826 1236 897 quidem
1290 827 1611 897 legitimum,
1646 823 1791 893 quod
1838 829 2032 892 praeter

461 918 546 976 fas
578 920 751 975 elatos
794 918 1077 974 moderato
1106 918 1290 973 animo
1327 933 1452 973 esse
1478 915 1755 986 coegerit-
1785 912 2031 983 Propriis

460 1011 643 1067 verbis
673 1010 842 1081 Lydio
890 1009 1098 1065 scilicet
1132 1007 1423 1064 concentui
1463 1006 1735 1062 similibus
1777 1005 1852 1058 ita
1892 1002 2031 1058 scri-

462 1104 598 1160 bens
634 1121 649 1159 :
685 1101 878 1171 Sapere
905 1102 1101 1155 coactis
1155 1100 1296 1162 iusto
1339 1098 1542 1167 judicio
1566 1097 1653 1161 iis,
1699 1095 1789 1165 qui
1840 1094 2037 1163 injuste

463 1212 576 1251 sese
591 1193 929 1257 extollebant,
963 1190 1110 1262 quod
1137 1190 1404 1259 judicium
1425 1189 1587 1243 etiam
1613 1186 2038 1241 interdictionem

464 1295 519 1343 et
550 1284 982 1355 proscriptionem
1013 1281 1294 1337 rebellium
1330 1279 1653 1343 nominavit,
1700 1277 1889 1332 nescio
1908 1274 2039 1347 quid

466 1377 690 1432 nomine
715 1374 1098 1429 interdictionis
1132 1371 1445 1442 significare
1477 1370 1687 1425 volens.
1720 1368 1847 1423 llaec
1889 1375 1943 1423 et
1985 1365 2040 1420 id

468 1482 639 1538 genus
672 1466 797 1529 alia,
828 1472 888 1518 ut
926 1465 1141 1518 inanem
1179 1462 1466 1517 verborum
1502 1461 1743 1524 turbam,
1774 1468 1827 1514 et
1858 1458 1924 1512 ad
1952 1458 2075 1511 niu

468 1560 547 1614 liil
575 1557 797 1612 omnino
827 1554 1225 1610 conducibilem
1270 1552 1559 1622 praeteribo
1591 1551 1812 1605 tacitus.
1857 1548 2044 1603 Sicubi

470 1658 651 1705 autem
686 1648 1185 1702 haereticamsuam
1227 1643 1535 1697 doctrinam
1587 1639 1915 1694 conﬁrmare
1959 1637 2045 1691 ni-

472 1737 1052 1806 titur,ibi.studiosius
1083 1743 1137 1790 et
1174 1733 1490 1789 accuratius
1527 1730 1811 1785 immorari
1867 1743 2046 1798 Operae

2142 548 2263 600 τίνα
2294 546 2391 616 μὲν
2421 544 2489 597 τά
2510 541 2817 611 γνωσθέντα
2849 541 2924 612 μὴ
2958 534 3287 608 προστιθεὶς,
3305 532 3485 604 κρίσιν
3506 530 3563 583 δέ
3585 546 3705 583 τινα

2128 636 2237 689 τῶν
2277 632 2778 705 ἀμφισϐητησίμων
2822 630 2879 683 ἐν
2913 628 3095 689 αὐτοῖς
3141 621 3465 694 γεγενῆσθαι
3509 620 3704 687 λέγων,

2132 726 2225 781 καί
2257 743 2379 779 τινα
2413 724 2565 791 δίκην
2599 723 2821 793 ἐννομον
2859 720 2956 790 τὴν
2997 718 3093 772 τοῦ
3126 716 3421 786 σωφρονεῖν
3463 712 3707 780 ἀνάγκην

2132 824 2247 884 τοῖς
2279 821 2379 873 οὐκ
2419 819 2476 871 ἐν
2516 817 2642 889 δίκῃ
2685 812 3109 886 θρασυνομένοις
3154 808 3486 877 ἐπάγουσαν,
3533 805 3709 873 λέγων

2134 910 2332 966 οὑτωσὶ
2351 912 2417 980 τῇ
2438 908 2542 977 ίδίᾳ
2559 909 2710 977 φωνῇ
2725 905 2862 959 κατά
2879 903 2976 975 τὴν
2993 902 3182 957 Λύδιον
3198 901 3461 973 ἁρμονίαν
3473 897 3717 968 ἐκείνην,

2138 1003 2247 1059 Καὶ
2273 1001 2390 1055 τῶν
2411 1003 2523 1055 οὐκ
2552 999 2622 1053 ἐν
2662 998 2799 1067 δίκῃ
2820 994 3281 1065 θρασυνομένων
3313 994 3557 1062 ἐννόμῳ,
3574 989 3712 1057 δίκῃ

2138 1093 2472 1164 σωφρονεῖν
2498 1090 2997 1162 ἠναγκασμένων,
3024 1089 3089 1159 ἦν
3111 1090 3205 1141 καὶ
3242 1085 3585 1155 ἀπόρῤησιν
3608 1082 3715 1137 τῶν

2139 1183 2554 1241 ἐπαναστάντων
2611 1179 2921 1249 ὠνόμασενο
2983 1176 3078 1228 ὀὐκ
3132 1170 3226 1228 οἷδ’
3276 1174 3307 1227 ὃ
3340 1190 3392 1226 τι
3429 1171 3559 1226 νοῶν
3616 1168 3714 1238 τὴν

2137 1274 2467 1345 ἀπύρῤησιν
2489 1310 2533 1338 ,κ
2582 1271 2675 1325 κα)⁵
2728 1268 2905 1322 πάντα
2946 1265 3015 1319 τὰ
3061 1264 3314 1329 τοιαῦτα,
3365 1262 3443 1325 ὼς
3490 1260 3719 1332 μάταιον

2140 1368 2317 1438 δχλον,
2347 1366 2443 1420 καὶ
2467 1366 2545 1428 είς
2579 1363 2730 1417 ούδέν
2757 1360 2990 1431 φέροντα
3032 1358 3303 1429 χρήσιμον
3332 1352 3721 1426 παραδραμοῦ-

2147 1477 2245 1531 μαι
2270 1457 2346 1529 τῷ
2389 1456 2552 1527 λόγῳ.
2588 1456 2652 1508 El
2677 1453 2734 1506 δέ
2773 1468 2897 1505 τινα
2933 1448 3026 1503 τοῦ
3070 1446 3349 1520 αἰρετικοῦ
3378 1447 3724 1517 φρονήματος

2147 1550 2471 1620 συνηγορίαν
2505 1546 2819 1616 πεποίηται,
2869 1542 3006 1612 πρὸς
3046 1540 3204 1593 τοῦτό
3251 1556 3339 1609 μοι
3372 1537 3550 1600 καλῶς
3576 1535 3723 1605 ἔχειν

2144 1642 2384 1713 ἡγοῦμαι
2422 1641 2522 1711 τὴν
2576 1635 2746 1690 πλείω
2795 1632 3068 1687 ποιεῖσθαι
3112 1629 3365 1700 σπουδήν.
3412 1626 3568 1682 Οὕτω
3616 1623 3724 1693 γὰρ

2146 1739 2239 1791 καὶ
2265 1737 2293 1788 ὁ
2313 1734 2420 1789 τῶν
2438 1732 2609 1787 κθείων
2637 1728 2920 1800 δογμάτων
2953 1725 3241 1795 ὑποφήτης
3265 1725 3322 1775 ἐν
3346 1720 3421 1790 τῷ
3447 1718 3569 1773 καθ’
3602 1718 3727 1769 ἐαυ-

471 1830 705 1902 pretium
737 1826 1014 1883 existimo.
1056 1824 1132 1878 Ita
1187 1836 1426 1892 namque
1477 1820 1786 1875 divinorum
1823 1818 2045 1888 dogma-

2169 1830 2236 1883 :ov
2264 1827 2407 1897 λόγῳ
2443 1824 2761 1894 πεποίηκενο
2796 1821 2855 1884 ὃς
2882 1819 3089 1872 πολλῶν
3114 1816 3283 1871 ὄντων
3315 1811 3624 1883 δυναμένων
3648 1811 3729 1873 είς

472 1928 591 1975 tum
617 1918 887 1987 interpres
926 1917 1037 1984 egit
1088 1914 1143 1968 in
1173 1912 1290 1969 suis
1338 1910 1536 1966 libris:
1574 1910 1661 1964 cui
1715 1923 1839 1962 cum
1878 1907 2048 1961 multa

475 2017 846 2082 suppeterent,
878 2006 1081 2077 quibus
1131 2003 1433 2059 orationem
1479 2000 1817 2071 amplificare
1862 1998 2053 2055 licuis-

476 2112 584 2168 set,
617 2099 869 2155 adductis
896 2099 961 2152 iis
986 2094 1387 2159 tantummodo,
1426 2108 1547 2162 qua:
1581 2091 1893 2146 necessaria
1924 2105 2055 2145 cen—

479 2194 655 2259 sebat,
724 2189 1092 2260 prolixitatem
1159 2185 1467 2256 argumenti
1513 2182 1804 2245 contraxit,
1839 2181 2054 2237 selectis

478 2281 941 2353 blasphemiarum
981 2278 1254 2348 capitibus
1320 2292 1388 2333 ex
1439 2276 1695 2333 omnibus
1747 2275 1878 2339 illis,
1935 2289 2057 2344 quae

480 2376 620 2431 liber
652 2373 741 2428 ille
763 2372 964 2442 impius
992 2368 1328 2424 continebat.

552 2486 707 2554 Quod
735 2483 940 2554 sitquis
968 2482 1120 2551 cupit
1148 2480 1534 2535 refutationem
1567 2487 1837 2535 nostram
1858 2478 2059 2534 eodem

483 2579 698 2642 ordine,
728 2589 892 2644 quem
929 2572 1019 2627 ille
1048 2578 1251 2633 servat,
1277 2570 1486 2625 institui
1511 2588 1524 2623 :
1548 2571 1595 2625 is
1621 2571 1855 2640 explicet
1878 2570 2059 2635 velim,

483 2682 596 2739 quo
636 2663 927 2721 commodo
974 2662 1027 2716 id
1060 2660 1234 2715 ﬁeret.
1278 2659 1411 2725 Qua:
1438 2659 1507 2714 ad
1542 2658 1828 2714 audientes
1861 2658 2064 2714 rediret

485 2759 719 2822 utilitas,
758 2756 805 2811 si
841 2752 1222 2823 inscriptionis
1264 2751 1517 2822 griphum
1545 2758 1600 2806 et
1628 2750 1891 2821 aenigma,
1918 2750 2065 2821 quod

490 2851 671 2905 instar
722 2845 988 2916 sphyngis
1040 2859 1070 2897 a
1119 2841 1380 2912 tragmdis
1426 2841 1763 2907 decantatas,
1810 2841 1970 2898 nobis
2010 2842 2066 2896 in

486 2938 755 3012 prooemio
777 2934 1056 3006 proponit,
1090 2933 1473 2997 dissolverem,
1506 2947 1943 2987 commemorans
1981 2932 2075 2987 vi-

489 3032 687 3086 delicet
732 3042 929 3082 novam
982 3025 1132 3080 illam
1182 3040 1282 3096 pro
1337 3024 1589 3094 apologia
1630 3025 1967 3095 apologiam,
2015 3033 2069 3080 et

2152 1922 2352 1983 πλάτος
2370 1918 2606 1972 ἐκτεῖναι
2629 1915 2720 1968 τὸν
2741 1913 2919 1981 λόγον,
2942 1911 3031 1965 διά
3056 1908 3163 1962 τῶν
3182 1904 3492 1975 ἀναγκαίων
3524 1900 3729 1974 προῖὼν

2152 2014 2355 2083 νόμων,
2385 2008 2669 2077 συντέμνει
2692 2004 2753 2057 τὸ
2784 2002 2988 2072 πλῆθος
3024 1998 3125 2070 τῆς
3168 1997 3498 2059 ὑποθέσεως,
3547 1994 3613 2047 τά
3641 2009 3731 2043 κε·-

2155 2102 2358 2171 φάλαια
2403 2100 2501 2169 τῆς
2549 2094 2897 2167 βλασφημίας
2927 2095 2991 2146 ἐκ
3024 2091 3239 2145 πάντων
3273 2089 3382 2142 τῶν
3426 2083 3733 2157 εἰρημένων

2156 2194 2213 2247 ἐν
2244 2194 2310 2264 τῇ
2344 2190 2508 2262 βίϐλῳ
2538 2188 2634 2258 τῆς
2658 2185 2910 2248 ἀσεϐείας
2938 2180 3355 2253 ἀναλεξάμενος.

2233 2491 2296 2544 Ei
2328 2490 2384 2543 δέ
2407 2506 2491 2552 τις
2531 2487 2793 2557 ἐπιζητεῖ
2814 2485 2955 2539 κατὰ
2980 2483 3079 2556 τὴν
3112 2479 3206 2537 τοῦ
3234 2481 3393 2551 λόγου
3425 2480 3576 2548 τάξιν
3607 2480 3739 2534 άκοδ

2163 2582 2371 2645 λούθως
2399 2580 2820 2649 ἀντεισαχθῆναι
2857 2577 2955 2630 καὶ
2990 2576 3081 2630 τὸν
3110 2574 3409 2645 ἡμέτερον,
3444 2573 3653 2627 εἰπάτω
3677 2570 3739 2624 τδ

2165 2674 2373 2745 κέρδος.
2416 2672 2481 2724 Τί
2524 2671 2685 2724 πλέον
2716 2670 3006 2740 γενήσεται
3045 2668 3157 2727 τοῖς
3197 2664 3505 2724 ἀκούουσιν,
3553 2665 3601 2717 εί
3650 2664 3740 2717 τὸν

2166 2763 2361 2835 γρίφον
2387 2762 2483 2816 καὶ
2506 2761 2819 2831 τὸάῐνιγμα
2867 2758 2970 2828 τῆς
2996 2758 3306 2828 ἐπιγραφῆς
3332 2754 3643 2826 διαλύσαιμι
3665 2796 3680 2819 ,
3715 2753 3744 2807 ὅ

2167 2853 2307 2909 κατὰ
2339 2851 2436 2923 τὴν
2468 2850 2733 2923 τραγικὴν
2757 2848 2982 2918 σφίγγα,
3012 2847 3172 2912 εὐθὺς
3190 2848 3325 2918 ἡμῖν
3352 2846 3410 2899 ἐν
3441 2844 3745 2917 προοιμίοις

2169 2938 2525 3011 προτείνεται,
2558 2937 2657 3009 τὴν
2688 2936 2880 3006 καινὴν
2904 2934 3118 3004 ἐκείνην
3149 2933 3291 3004 ὑπὲρ
3314 2934 3413 3004 τῆς
3452 2931 3747 3000 ἀπολογίας

2170 3029 2483 3097 ἀπολογίαν,
2521 3028 2615 3081 καὶ
2640 3027 2730 3081 τὸν
2758 3026 2926 3080 πολὺν
2966 3027 3071 3079 ἐπϊ
3099 3024 3273 3095 τούτῳ
3303 3023 3488 3095 λῆρον,
3516 3024 3610 3077 καὶ
3646 3022 3745 3093 τὴν

490 3137 668 3194 nugas
700 3121 839 3175 alias
870 3117 1215 3187 complures,
1256 3125 1311 3171 et
1348 3116 1566 3184 longam
1608 3132 1827 3187 quoque
1870 3117 2066 3172 somnii

2176 3122 2390 3193 μακρὰν
2422 3119 2516 3174 τοῦ
2549 3119 2758 3190 ὀνείρου
2791 3116 3107 3186 καταλέγων
3131 3116 3402 3188 διήγησιν.
3432 3112 3599 3187 Οἶμαι
3638 3116 3747 3186 γάρ

490 3213 915 3269 enarrationem.
945 3208 1086 3262 Puto
1111 3208 1255 3263 enim
1283 3208 1517 3262 lectores
1547 3208 1683 3263 satis
1714 3223 1910 3278 magna
1950 3224 2068 3263 mo-

2176 3180 2376 3276 ίκανῶς
2404 3180 2721 3265 ἀποκναίειν
2747 3210 2874 3273 τοὺς
2898 3180 3321 3279 ἐντυγχάνοντας
3339 3249 3352 3272 ,
3387 3209 3479 3261 καὶ
3502 3180 3569 3261 ’ἐν

492 3304 651 3360 lestia
702 3300 955 3356 allectum
1007 3298 1075 3353 iri
1132 3296 1389 3351 Eunomii
1438 3298 1724 3363 oratione;
1771 3298 1967 3367 partim
2002 3300 2071 3354 ob

496 3394 775 3453 sordidam
840 3399 895 3447 et
929 3405 1126 3444 vanam
1169 3389 1225 3443 in
1282 3389 1396 3457 ipsa
1447 3388 1805 3458 inscriptione
1852 3390 2069 3444 novita-

496 3500 627 3558 tem,
654 3488 853 3560 partim
878 3485 948 3541 ob
963 3484 1207 3539 odiosam
1228 3484 1581 3554 propriorum
1613 3492 1910 3539 eventuum
1936 3500 2074 3539 enu-

496 3580 879 3639 merationem.
913 3577 1063 3642 Quos
1092 3590 1331 3645 namque
1360 3575 1599 3639 labores,
1631 3582 1685 3630 et
1724 3590 1845 3645 quae
1889 3582 2073 3629 certa-

499 3673 648 3729 mina
661 3686 692 3725 a
719 3685 779 3726 se
798 3675 1057 3736 suscepta
1073 3680 1185 3721 non
1202 3665 1390 3727 refert,
1419 3675 1563 3720 terra
1593 3666 1805 3720 scilicet
1828 3665 2075 3734 marique

502 3762 857 3835 pervulgata,
893 3766 947 3813 et
985 3766 1103 3812 toto
1155 3766 1427 3811 terrarum
1472 3756 1606 3811 orbe
1656 3756 1965 3810 celebrata?
2016 3753 2073 3808 Si

502 3854 620 3909 haec
660 3853 859 3907 iterum
906 3849 1301 3911 scriberentur,
1340 3856 1394 3901 et
1434 3847 1655 3917 quidem
1688 3862 1815 3900 cum
1860 3846 2075 3900 addita-

503 3952 712 4010 mento,
747 3949 808 3996 ut
876 3940 989 3995 ﬁeri
1049 3954 1277 3994 necesse
1322 3945 1407 3993 est
1434 3980 1449 4002 ,
1488 3937 1695 3992 erroris
1742 3936 2073 3991 refutatione

504 4038 813 4093 orationem
844 4044 1096 4103 augente,
1132 4031 1257 4102 quis
1284 4030 1420 4085 adeo
1448 4030 1659 4087 ferreus
1689 4041 1741 4091 et
1775 4031 2079 4085 adamanti-

506 4145 612 4185 nus
638 4127 989 4198 reperiretur,
1028 4124 1121 4193 qui
1155 4123 1389 4191 hujusce
1422 4122 1717 4191 diligentia:
1748 4122 2076 4191 importuni-

509 4227 624 4275 tate
658 4233 769 4273 non
807 4223 1255 4269 commoveretur
1301 4211 1366 4265 ad
1404 4212 1701 4265 nauseam?
1730 4210 1785 4265 Si
1816 4219 2077 4280 prmterca

509 4308 752 4363 divinam
769 4304 1058 4359 historiam
1081 4303 1145 4356 ad
1175 4301 1401 4356 verbum
1424 4302 1737 4364 recitarem,
1770 4301 1893 4368 quis
1923 4300 2081 4353 nimi-

511 4414 634 4455 rum
658 4398 750 4452 ille
779 4395 981 4459 fuerit,
1026 4394 1118 4464 qui
1151 4393 1217 4448 ad
1259 4392 1535 4445 Euxinum
1581 4390 1816 4445 Pontum
1859 4399 2080 4459 propter

2170 3302 2248 3373 τῷ
2273 3302 2415 3373 λόγῳ
2435 3302 2527 3356 τοῦ
2552 3301 2819 3371 Εύνομίου
2850 3301 3153 3371 σωζόμενον
3184 3302 3245 3354 τό
3276 3317 3335 3353 τε
3358 3298 3634 3370 γλισχρὸν,
3654 3299 3750 3352 και

2176 3394 2403 3465 μάταιον
2442 3395 2539 3463 τῆς
2572 3395 2630 3446 ἐν
2656 3396 2722 3464 τῇ
2759 3395 3038 3464 ἐπιγραφῇ
3068 3391 3162 3446 τοῦ
3192 3392 3353 3462 λόγου
3385 3393 3708 3462 καινότητος
3732 3430 3749 3457 ,

2173 3485 2266 3539 καὶ
2293 3484 2362 3537 τὸ
2406 3483 2663 3555 φορτικὸν
2698 3484 2848 3555 ἅμα,
2894 3484 2987 3539 καὶ
3024 3483 3150 3553 περὶ
3180 3484 3361 3537 αὐτῶν
3402 3483 3509 3537 τῶν
3540 3483 3752 3537 οίκείων

2173 3578 2527 3647 διηγημάτων
2546 3592 2560 3607 ο
2584 3577 2730 3639 οἴους
2761 3576 2977 3640 πόνους,
2998 3577 3091 3629 καὶ
3104 3576 3298 3639 ἄθλους
3322 3575 3513 3629 ἑαυτοῦ
3546 3576 3751 3647 διεξέρο

2176 3685 2347 3740 χεται,
2372 3666 2460 3720 διὰ
2484 3668 2661 3737 πάσης
2679 3667 2804 3736 γῆς
2830 3669 2925 3720 καὶ
2939 3666 3206 3733 θαλάττης
3225 3667 3642 3738 πεφοιτηκότας,
3658 3667 3753 3720 καὶ

2176 3765 2234 3817 ἐν
2257 3762 2405 3832 πάσῃ
2417 3763 2482 3831 τῇ
2504 3761 2798 3834 οίκουμένῃ
2816 3778 2885 3832 κη
2893 3760 3279 3832 ρυσσομένους;
3301 3761 3363 3813 Et
3380 3760 3435 3813 δέ
3461 3759 3631 3813 ταῦτα
3652 3760 3754 3813 πά-

2175 3852 2258 3904 λιν
2273 3850 2553 3920 γράφοιτο,
2576 3850 2671 3903 καὶ
2699 3848 2836 3919 μετά
2862 3852 3201 3922 προσθήκης,
3235 3850 3310 3912 ὡς
3339 3848 3507 3911 είκδς,
3531 3848 3639 3901 τῶν
3655 3852 3755 3919 τῆς

2175 3939 2524 4010 ψευδολογίας
2542 3938 2777 4008 ἐλέγχων
2794 3938 3189 4002 πλεοναζόντων
3200 3937 3289 3990 τὸν
3303 3936 3479 4004 λόγον,
3495 3936 3577 4000 τίς
3587 3935 3755 4000 οὕτως

2180 4030 2404 4102 στερρὸς
2419 4030 2685 4096 φανεῖται,
2702 4030 2792 4081 καὶ
2805 4029 3176 4097 ἀδαμάντινος⁸
3206 4027 3282 4091 ὡς
3306 4026 3381 4097 μὴ
3398 4028 3755 4097 προσναυτιάο

2180 4140 2269 4175 σαι
2291 4123 2356 4190 τῇ
2380 4118 2606 4190 ἀκαιρία
2630 4119 2722 4173 τοῦ
2746 4121 2908 4174 πόνου
2930 4137 2943 4185 ;
2970 4121 3030 4172 El
3048 4119 3103 4172 δέ
3126 4119 3219 4173 καὶ
3234 4118 3331 4189 τὴν
3345 4118 3523 4172 ἔνθεον
3546 4118 3760 4191 ἐκείνην

2182 4212 2416 4283 ἱστορίαν
2438 4211 2531 4263 ἐπὶ
2552 4209 2753 4273 λέξεως
2781 4208 3070 4279 γράφοιμι,
3095 4208 3177 4272 τίς
3192 4209 3220 4261 ό
3244 4210 3383 4262 κατά
3397 4210 3487 4264 τὸν
3512 4209 3759 4277 Εὔξεινον

2180 4300 2401 4363 Πόντον,
2435 4299 2525 4352 διά
2561 4300 2660 4369 τῆς
2692 4298 3006 4368 ὁμωνυμίας
3039 4297 3202 4350 αύτὸν
3244 4298 3617 4371 προλυπήσας,
3650 4295 3761 4363 οἷος

2180 4391 2209 4443 ὁ
2243 4387 2355 4457 βίος
2381 4427 2395 4452 ,
2450 4388 2592 4452 τίνες
2647 4387 2704 4441 αἱ
2739 4386 2994 4451 σπουδαὶ,
3037 4386 3153 4451 πῶς
3184 4387 3459 4458 διεφέρετο
3511 4388 3643 4459 πρὸς
3671 4388 3763 4442 τὸν

511 4485 920 4556 ltomonymiam
986 4484 1166 4553 ipsum
1216 4480 1693 4543 constristaverit,
1754 4480 1934 4547 qualis
1970 4482 2068 4533 vita

2200 4479 2481 4551 Ἀρμένιον
2520 4479 2609 4533 διὰ
2653 4479 2751 4550 τὴν
2782 4477 3111 4549 ὁμοτροπίαν
3149 4478 3243 4532 τοῦ
3286 4479 3470 4550 ἤθους,
3510 4477 3626 4533 εἶτα
3672 4482 3764 4533 ἐπὶ

514 4577 639 4633 istic
666 4584 804 4634 acta,
834 4588 956 4643 qua:
994 4572 1175 4627 studia
1209 4582 1466 4640 suscepta
1504 4588 1516 4624 :
1552 4569 1829 4639 quomodo
1859 4572 1930 4623 ob
1961 4585 2082 4622 mo-

515 4680 637 4720 rum
671 4661 1090 4718 similitudinem
1116 4660 1443 4715 dissenserit
1477 4674 1507 4713 a
1539 4659 1775 4729 quodam
1802 4659 2082 4723 Armenio,

517 4764 572 4812 et
602 4756 658 4809 in
692 4754 892 4823 quibus
931 4753 1127 4807 deinde
1157 4752 1300 4806 inter
1338 4767 1397 4806 se
1441 4753 1799 4806 convenerint
1839 4752 2087 4805 reconci-

522 4847 669 4901 liatis
695 4846 894 4899 animis
915 4886 930 4910 ,
970 4853 1026 4897 nt
1059 4844 1266 4897 invicto
1298 4855 1352 4898 et
1384 4844 1740 4897 celeberrimo
1768 4844 2089 4912 prazceptori

530 4938 705 5009 ipsius
738 4935 895 4990 Aetio
930 4933 1039 5000 (his
1088 4934 1235 4988 enim
1267 4933 1540 4988 hominem
1595 4932 1758 4987 allicit
1788 4932 2096 5004 praeconiis)

527 5027 927 5091 assentiretur;
958 5041 1207 5095 quasnam
1241 5026 1345 5096 ipsi
1379 5033 1605 5080 structze
1640 5026 1750 5080 sint
1776 5025 2009 5090 insidize,
2044 5034 2098 5080 et

530 5116 1027 5186 machinaequibus
1056 5117 1110 5171 in
1137 5116 1406 5186 judicium
1428 5116 1694 5171 adductus
1725 5116 1815 5181 sit,
1845 5132 1953 5170 non
1986 5117 2096 5171 ullo

531 5207 750 5276 obiecto
784 5204 1046 5266 crimine,
1089 5221 1250 5274 quam
1304 5204 1446 5274 quod
1498 5220 1609 5274 pra;
1662 5204 1881 5259 caeteris
1924 5204 2095 5274 gloria

530 5297 816 5353 emineret.
850 5294 906 5349 Si
935 5296 1072 5360 lucc,
1106 5296 1350 5365 inquam,
1384 5298 1566 5350 omnia
1599 5297 1688 5351 ltic
1718 5297 1999 5361 referrem,
2029 5311 2097 5351 an

532 5403 666 5450 non,
704 5387 849 5443 sicut
883 5386 943 5454 ii,
975 5387 1070 5456 qui
1098 5394 1388 5442 versantur
1426 5402 1549 5442 cum
1586 5388 1716 5450 illis,
1749 5402 1892 5457 quos
1913 5388 2100 5441 oculo-

532 5492 655 5533 rum
683 5476 908 5532 morbus
938 5483 1103 5539 tenet,
1134 5491 1200 5531 ex
1230 5478 1494 5531 continua
1533 5476 1930 5532 consuetudine
1976 5491 2100 5531 cum

533 5567 716 5637 trgi-is,
748 5567 1002 5622 morbum
1037 5565 1143 5622 sibi
1179 5567 1285 5637 ipsi
1312 5567 1529 5622 tandem
1559 5568 1811 5637 pariunt:
1835 5567 1909 5621 ita
1932 5576 1983 5623 et
2004 5582 2105 5639 ego

536 5664 823 5728 correptus
862 5657 1080 5713 viderer
1106 5657 1262 5729 gravi
1290 5658 1616 5728 aegritudine
1662 5658 1831 5714 rebus
1862 5659 2020 5715 vanis
2040 5674 2105 5715 ac

538 5745 753 5806 frivolis
782 5748 1027 5807 studiose
1053 5748 1405 5811 immorandi.
1447 5750 1585 5823 ipsis
1626 5749 1875 5821 vestigiis
1916 5766 2105 5821 garru-

2188 4572 2296 4624 τίσι
2328 4569 2612 4623 συνέθεντό
2638 4586 2697 4622 τε
2748 4571 2863 4637 μετ’
2910 4568 3155 4641 ἀλλήλων
3186 4571 3280 4623 καὶ
3323 4572 3761 4644 κατηλλάγησαν,

2188 4660 2263 4722 ὼς
2285 4660 2375 4712 ἐπὶ
2397 4660 2487 4712 τὸν
2508 4660 2715 4731 ἄμαχον
2746 4660 2949 4712 ἐκεῖνον
2992 4661 3082 4713 καὶ
3114 4663 3178 4731 τῇ
3214 4662 3339 4734 δόξῃ
3362 4662 3526 4715 πολὺν
3564 4664 3764 4717 Ἀέτιον

2188 4751 2278 4805 τὸν
2306 4751 2624 4805 διδάσκαλον
2652 4752 2815 4805 αὐτοῦ
2848 4753 3225 4824 συμφρονῆσαι
3256 4755 3494 4823 (τούτοις
3529 4755 3637 4826 γάρ
3669 4758 3766 4809 αύι

2189 4843 2281 4895 τὸν
2314 4843 2675 4913 ἀποσεμνύνει
2697 4846 2807 4907 τοῖς
2830 4844 3117 4914 ἐπαίνοις),
3143 4840 3261 4899 είτα
3288 4846 3370 4909 τίς
3394 4848 3426 4917 ἡ
3452 4847 3570 4901 καθ’
3601 4846 3765 4901 αὑτοῦ

2198 4932 2441 5002 μηχανὴ,
2474 4935 2567 4987 καὶ
2598 4935 2829 5001 ἐπίνοια,
2863 4935 2929 4987 δι’
2955 4930 3024 5007 ἧς
3045 4937 3125 4999 είς
3150 4936 3329 5007 κρίσιν
3358 4938 3449 4990 τὸν
3472 4938 3639 5009 ἄνδρα
3669 4956 3767 4992 κα-

2193 5025 2461 5093 τέστησαν
2482 5041 2494 5055 ⁸
2538 5025 2787 5096 ἔγκλημα
2821 5026 3129 5097 ποιούμενοι
3154 5027 3215 5079 τὸ
3253 5027 3556 5098 εὐδοκιμεῖν
3582 5026 3764 5094 αὑτὸν,

2196 5115 2290 5168 καὶ
2317 5115 2455 5186 ὑπὲρ
2483 5117 2606 5179 τοὺς
2641 5114 2833 5181 ἄλλους
2856 5113 3015 5171 εἶναι.
3048 5118 3109 5171 El
3130 5116 3301 5171 ταῦτα
3324 5117 3537 5188 λέγοιμι
3569 5120 3765 5183 πάντα,

2199 5205 2285 5280 ἆρ’
2310 5208 2428 5279 ούχὶ
2450 5207 2700 5278 καθάπερ
2722 5209 2771 5260 οί
2794 5208 2901 5262 τῶν
2922 5208 3215 5279 ὀφθαλμῶν
3242 5208 3340 5280 τὴν
3372 5209 3524 5262 νόσον
3580 5210 3643 5263 ἐκ
3670 5213 3767 5280 τῆς

2201 5299 2399 5370 πολλῆς
2425 5298 2639 5368 ὁμιλίας
2674 5298 2779 5351 τῶν
2822 5299 3294 5370 προνενοσηκότων
3327 5298 3410 5365 ἐφ’
3435 5299 3656 5362 ἑαυτοὺς
3679 5299 3768 5351 ἐλ-

2201 5407 2387 5453 κοντες
2413 5429 2427 5453 ,
2463 5389 2604 5441 οὓτω
2635 5390 2727 5441 καὶ
2759 5389 2918 5451 αὐτὸς
2959 5388 3468 5460 συμμετεσχηκέναι
3507 5387 3641 5453 δόξω
3676 5387 3769 5441 τοῦ

2203 5500 2268 5534 πε
2279 5481 2331 5553 pi.
2368 5480 2464 5550 τὴν
2499 5479 2733 5550 ματαίαν
2764 5481 2998 5550 σπουδὴν
3029 5481 3480 5551 ἀρῤωστήματος,
3511 5480 3772 5550 ἑπόμενος

2203 5573 2322 5626 κατ’
2353 5571 2496 5640 ἴχνος
2521 5572 2577 5639 τῇ
2606 5569 2863 5640 φλυαρίᾳ,
2892 5571 2985 5623 καὶ
3005 5569 3071 5623 τὰ
3092 5568 3212 5622 καθ’
3238 5569 3466 5624 ἕκαστον
3486 5568 3770 5635 ἐξετάζων;

2205 5661 2371 5725 Τίνας
2405 5662 2539 5731 φησὶ
2575 5660 2792 5725 δούλους
2826 5661 2901 5725 είς
2932 5660 3244 5733 ἐλευθερίαν
3274 5660 3620 5731 ἀφιεμένους,
3654 5659 3773 5713 τίνα

2212 5752 2528 5823 μυουμένων
2560 5751 2763 5823 σχέσιν,
2804 5753 2896 5809 καὶ
2926 5753 3324 5825 ἀργυρωνήτων
3363 5752 3533 5819 τάξιν,
3590 5749 3683 5806 καὶ
3720 5748 3776 5804 τί
