4166 6372
470 326 574 382 257

1610 328 1890 385 CONTRA
1929 327 2315 396 EUNOMIUM,
2341 328 2473 384 Lm.
2516 328 2557 381 l.

3610 322 3723 379 ’258

474 440 751 513 βούλονται
769 443 1017 507 Μόντιος,
1047 443 1140 497 καὶ
1166 443 1384 511 Γάλλος,
1413 444 1504 499 καὶ
1524 446 1843 514 Δομετιανὸς
1868 447 2043 497 ἐπεισ-

2158 444 2362 498 litatem
2394 440 2773 513 persequendo
2793 481 2806 505 ,
2840 447 2893 495 et
2919 428 3288 510 particulatim
3331 440 3719 504 examinanda,

472 529 642 594 ιόντες
670 530 747 601 τῷ
774 530 936 601 λόγῳ,
970 532 1065 585 καὶ
1108 533 1386 604 μάρτυρες
1422 534 1653 602 ψευδεῖς,
1677 536 1770 588 καὶ
1796 535 2047 604 βασιλεὺς

475 621 840 695 ὀργιζόμενος,
872 624 966 676 καὶ
998 626 1077 687 είς
1110 626 1404 696 ὑπερορίαν
1443 627 1586 689 τινές
1631 626 2045 697 μεθιστάμενοι;

469 713 536 767 Τί
566 715 674 785 γὰρ
706 715 772 769 ἂν
810 717 905 770 καὶ
933 716 1143 784 γένοιτο
1172 717 1377 771 τούτων
1411 718 1765 789 ματαιότερον
1796 718 1901 772 τῶν
1930 719 2047 789 διη-

469 805 735 875 γημάτων
760 806 837 877 τῷ
865 824 929 876 γε
959 808 1034 879 μὴ
1058 808 1218 880 ψιλὴν
1257 810 1495 880 ἱστορίαν
1523 808 1879 881 διηγήσασθαι
1913 809 2048 878 βου-

468 895 696 966 λομένῳ,
736 896 872 951 ἀλλά
902 898 1169 967 διελέγξαι
1192 900 1282 953 τὸν
1308 900 1628 953 ἀντειπόντα
1660 900 1738 969 τῷ
1774 900 1874 970 τῆς
1896 899 2046 971 αἱρέ-

470 1004 606 1052 σεως
634 988 860 1060 δόγματι
881 1005 897 1054 ;
925 990 1065 1044 Πολὺ
1091 990 1146 1043 δὲ
1176 980 1375 1059 μᾶλλον
1395 990 1463 1044 τά
1486 990 1577 1043 ἐπὶ
1601 990 1809 1053 τούτοις
1834 989 1923 1043 διά
1946 994 2045 1061 τῆς

473 1079 714 1151 ἱστορίας
755 1080 1099 1152 δηλούμενα,
1145 1081 1367 1135 πλείονα
1397 1081 1496 1151 τὴν
1535 1082 1836 1151 ἀχρηστίαν
1886 1080 1996 1152 ἔχει
2023 1098 2037 1112 ·

469 1167 621 1243 οἶμαι
668 1172 778 1244 γὰρ
819 1173 940 1245 μηδ’
991 1173 1056 1227 ἃν
1104 1173 1267 1228 αὐτὸν
1314 1173 1404 1226 τὸν
1449 1174 1769 1243 συγγραφέα
1804 1173 2042 1227 διελθεῖν

469 1263 840 1330 ἀνυστάκτως,
871 1264 974 1318 κᾶν
994 1268 1194 1336 φυσικῇ
1216 1282 1321 1318 τινι
1344 1269 1543 1336 στοργῇ
1574 1264 1879 1337 κρατῶνται
1906 1265 2041 1335 πρὸς

469 1354 593 1417 τοὺς
627 1355 683 1420 ἐξ
711 1354 890 1408 αὐτῶν
919 1356 968 1407 οἱ
1004 1357 1236 1426 πατέρες
1259 1372 1273 1386 ο
1302 1352 1556 1426 δηλοῦται
1589 1356 1695 1427 γὰρ
1739 1358 1855 1409 ἐκεῖ
1880 1355 2040 1425 δῆθεν

467 1442 536 1495 τὰ
566 1444 945 1515 πεπραγμένα,
979 1447 1072 1498 καὶ
1096 1447 1165 1499 τὰ
1198 1444 1346 1516 πάθη
1370 1445 1457 1499 διὰ
1484 1445 1577 1497 τοῦ
1609 1446 1766 1513 λόγου
1796 1432 1876 1508 είς
1908 1445 2042 1515 ὕψος

469 1534 713 1604 αἴρεται,
748 1535 842 1588 καὶ
878 1537 958 1599 είς
992 1538 1298 1609 τραγῳδίας
1342 1537 1502 1606 ὄγκον
1540 1538 1574 1607 ὴ
1618 1536 1824 1607 ἱστορία
1861 1554 2039 1609 παρα-

470 1625 812 1689 σκευάζεται.

2149 551 2287 606 quos
2305 536 2523 589 tandem
2553 549 2742 589 servos
2767 533 3017 588 libertate
3045 534 3278 587 donatos
3297 540 3531 595 asserat,
3555 547 3721 602 quam

2148 629 2489 682 initiatorum
2513 626 2999 697 conspirationem,
3021 641 3295 697 quamque
3320 626 3722 695 mancipiorum

2148 718 2322 772 aciem
2353 725 2539 772 narret
2596 716 2659 771 Et
2693 717 2824 786 quid
2852 718 2959 771 sibi
2989 719 3179 773 volunt
3214 718 3268 771 in
3300 717 3605 771 orationem
3634 714 3721 769 in-

2146 810 2285 863 trusi
2320 808 2559 863 Montius
2595 819 2649 864 et
2681 809 2870 864 Gallus
2918 817 2973 864 et
3036 809 3399 873 Domitianus,
3457 815 3511 862 et
3550 814 3721 862 testes

2147 897 2292 963 falsi,
2327 910 2381 954 et
2412 901 2713 969 imperator
2746 901 2955 966 iratus,
2993 911 3045 955 et
3086 900 3335 954 nonnulli
3377 900 3431 953 in
3467 899 3720 953 exsillum

2146 990 2457 1056 aetiiQuid
2492 993 2637 1045 enim
2670 992 2989 1060 hujusmodi
3033 990 3463 1045 narratiunculis
3499 989 3719 1043 inanius

2146 1089 2200 1135 et
2240 1082 2519 1148 stolidius,
2559 1085 2605 1137 si
2644 1084 3009 1138 instituantur
3039 1084 3106 1137 ab
3134 1098 3217 1149 eo,
3249 1083 3340 1153 qui
3367 1096 3477 1136 non
3515 1080 3718 1135 nudam

2151 1171 2441 1227 historiam
2498 1188 2557 1229 se
2606 1174 2850 1243 proﬁteri
2899 1174 3126 1237 scribit,
3178 1174 3270 1229 sed
3330 1173 3721 1228 refutationem

2147 1265 2268 1334 ejus
2294 1306 2308 1330 ,
2350 1266 2443 1335 qui
2467 1266 2743 1321 haereticis
2787 1266 3138 1336 dogmatibus
3158 1264 3524 1320 contradicit?
3553 1264 3608 1316 in
3633 1261 3721 1317 his

2148 1368 2294 1411 certe
2319 1358 2599 1412 historicae
2620 1359 2971 1413 narrationes
2997 1359 3133 1412 nihil
3166 1356 3418 1410 utilitatis
3461 1354 3717 1421 aﬁ‘erunt,

2146 1462 2286 1517 quas
2329 1463 2398 1503 ne
2444 1449 2623 1519 ipsum
2670 1450 2891 1519 quidem
2935 1457 3214 1504 auctorem
3264 1448 3383 1502 sine
3426 1445 3721 1503 oscitantia

2144 1541 2423 1611 perlegere
2474 1557 2635 1611 posse
2684 1543 2990 1597 existimo:
3026 1542 3153 1597 licet
3201 1539 3438 1595 naturali
3474 1537 3714 1608 quodam

2144 1645 2329 1685 amore
2349 1647 2478 1701 erga
2504 1632 2709 1688 liberos
2742 1648 2874 1688 suos
2909 1634 3202 1688 trahantur
3224 1639 3442 1702 patres:
3470 1630 3543 1683 ibi
3568 1627 3712 1683 enim

466 1731 587 1785 quae
626 1725 777 1786 gesta
811 1727 939 1773 sunt
977 1722 1326 1792 explicantur
1382 1723 1839 1790 calamitatesque
1880 1716 2066 1772 verbis
2113 1720 2559 1789 ampliﬁcantur,
2617 1728 2671 1776 et
2721 1722 2929 1792 tragico
2979 1736 3131 1777 more
3212 1719 3442 1775 historia
3488 1732 3720 1788 exagge-

468 1820 641 1865 ratur.

550 1902 687 1953 Ἀλλ’
718 1902 803 1957 ἵνα
832 1904 906 1975 μὴ
939 1904 1033 1959 καὶ
1062 1906 1210 1976 αὐτῷ
1244 1906 1322 1977 τῷ
1349 1905 1731 1978 παραιτεῖσθαι
1764 1903 1923 1958 πλέον
1946 1897 2039 1956 τοῦ

2217 1896 2323 1953 Sed
2358 1914 2427 1954 ne
2458 1907 2514 1954 et
2542 1900 2659 1970 ipse
2682 1899 2912 1967 diutius,
2944 1916 3108 1973 quam
3135 1916 3235 1973 par
3275 1903 3381 1969 sit,
3422 1918 3510 1959 me
3548 1922 3717 1962 excu-

463 1989 673 2055 δέοντος
694 2033 708 2056 ,
743 1994 1065 2065 ἐμϐραδύνω
1098 2000 1213 2061 τοῖς
1251 2000 1556 2069 ἀνονήτοις,
1588 1998 1684 2051 καὶ
1724 1996 1973 2067 καθάπερ
2012 1998 2041 2049 ὁ

464 2083 552 2136 διὰ
600 2084 860 2157 βορϐόρου
915 2087 1058 2150 τινὸς
1100 2088 1394 2141 διελαύνων
1430 2089 1520 2142 τὸν
1570 2088 1755 2152 ἵππον,
1805 2089 1898 2140 καὶ
1942 2088 2040 2156 τῆς

466 2173 674 2228 ἐκεῖθεν
701 2175 893 2245 ἀηδίας
922 2178 1469 2248 καταπιμπλάμενος,
1492 2177 1633 2230 οὕτω
1653 2176 1808 2245 κάγὼ
1828 2176 1916 2230 διά
1942 2176 2041 2246 τῆς

455 2243 687 2337 ιμνήμης
714 2243 822 2319 τῶν
855 2243 1258 2339 γεγραμμένων
1288 2243 1553 2337 διεξάγων
1577 2268 1668 2320 τὸν
1699 2243 1853 2336 λόγον
1881 2243 2042 2320 κατα-

468 2357 680 2428 μολύνω
711 2356 770 2409 τὸ
801 2356 1141 2428 σύγγραμμα
1162 2398 1175 2421 ,
1210 2358 1438 2429 πρέπειν
1464 2357 1707 2428 ἡγοῦμαι
1741 2358 1917 2411 πάντα
1950 2357 2040 2410 τὸν

463 2445 703 2499 τοιοῦτον
750 2446 1035 2517 συρφετὸν,
1082 2448 1231 2510 ὅπως
1272 2447 1338 2500 ἂν
1444 2448 1689 2505 δυνατὸν.
1731 2446 1919 2517 ὑψηλῷ
1949 2446 2041 2498 καὶ

465 2541 621 2609 ταχεῖ
644 2538 723 2607 τῷ
764 2538 964 2610 ἅλματι
994 2536 1086 2592 τοῦ
1113 2538 1272 2607 λόγου
1306 2538 1656 2609 διαπηδῆσαι.
1703 2537 1904 2591 Ἱκανὸν
1932 2535 2040 2606 γὰρ

465 2628 652 2699 κέρδος
675 2631 708 2699 ἠ
736 2631 927 2699 ταχεῖα
950 2631 1057 2684 τῶν
1079 2629 1256 2699 ἀηδῶν
1284 2629 1647 2700 ἀναχώρησις,
1685 2629 1819 2699 πρὸς
1850 2629 1911 2683 τὸ
1941 2628 2039 2681 πέ-

469 2735 569 2790 ρας
600 2720 698 2788 τῆς
748 2720 989 2791 ἱστορίας
1029 2719 1357 2774 ἐπισπεῦσαι
1386 2720 1477 2774 τὸν
1516 2720 1672 2788 λόγον
1695 2738 1707 2751 ·
1759 2722 1834 2783 ὡς
1865 2720 1930 2774 ἂν
1966 2721 2039 2793 μὴ

468 2808 663 2880 καὶτῷ
692 2810 810 2881 ἐμῷ
842 2810 1030 2883 βιϐλίῳ
1075 2812 1142 2865 τά
1178 2812 1278 2882 τῆς
1308 2811 1530 2882 πικρίας
1576 2810 1752 2863 αὑτῶν
1796 2810 2041 2873 ἐνστάζοι

469 2899 537 2953 τὰ
568 2900 805 2970 ῥήματα.
846 2901 1000 2971 Μόνῃ
1034 2899 1142 2970 γάρ
1187 2900 1442 2970 πρεπέτω
1472 2902 1537 2971 τῇ
1577 2900 1845 2969 Εὑνομίου
1889 2903 2039 2971 φωνῇ

469 2987 692 3045 τοιαῦτα
724 2990 902 3059 λέγειν
926 2993 1053 3061 περὶ
1080 2991 1267 3060 ἱερέων
1288 2989 1422 3042 Θεοῦ
1442 3006 1456 3019 ·
1532 2990 1917 3054 ὑπασπιστὰς
1945 2992 2038 3047 καὶ

463 3079 839 3150 ῥαϐδούχους
886 3082 981 3135 καὶ
1018 3080 1388 3149 δορυφόρους
1418 3080 1897 3151 καταπλήσσοντας
1936 3082 2042 3135 διε-

475 3172 876 3242 ρευνωμένους,
912 3169 1091 3223 λαθεῖν
1120 3172 1219 3223 οὑκ
1258 3171 1648 3241 ἐπιτρέποντας
1689 3172 1779 3225 τὸν
1808 3173 2045 3243 κρυπτό-

474 3279 632 3332 μενον
652 3279 667 3294 θ
691 3263 783 3314 καὶ
814 3262 916 3316 ὅσα
946 3261 1082 3316 ἄλλα
1110 3261 1248 3315 κατὰ
1277 3261 1469 3324 πολιᾶς
1502 3262 1691 3333 ἱερέων
1720 3263 1819 3316 οὐκ
1854 3263 2043 3335 αίσχύ-

472 3370 619 3407 νεται
644 3354 1120 3425 γράφων.ἷὮσπερ
1146 3353 1256 3425 γὰρ
1282 3355 1338 3407 ἐν
1372 3358 1481 3417 τοῖς
1506 3354 1906 3426 παιδευτηρίοις
1933 3356 2042 3409 τῶν

473 3444 669 3510 ἔξωθεν
698 3444 893 3513 λόγων,
926 3447 1005 3509 είς
1038 3446 1341 3514 γυμνασίαν
1371 3444 1471 3514 τῆς
1492 3445 1635 3499 κατὰ
1656 3448 1754 3516 τὴν
1798 3448 2042 3518 γλῶτταν

473 3536 566 3589 καὶ
581 3536 672 3589 τὸν
688 3535 809 3589 νοῦν
823 3537 1186 3606 ἑτοιμότητος,
1203 3537 1450 3607 ἀφορμαὶ
1462 3540 1775 3609 καταφορᾶς
1792 3541 1903 3602 τοῖς
1923 3558 2042 3609 μει-

475 3628 684 3699 ρακίοις
705 3627 1097 3697 προϐάλλονται
1125 3628 1269 3681 κατά
1291 3646 1435 3690 τινος
1456 3628 1704 3699 ἀορίστου
1729 3631 2040 3701 προσώπουο

471 3719 615 3773 οὓτω
641 3720 759 3773 κατ’
791 3720 1001 3774 εὐθεῖαν
1043 3720 1363 3790 ὑπεμϐαίνει
1392 3725 1505 3786 τοῖς
1540 3724 1983 3792 μνημονευθεῖσιν
2017 3727 2045 3777 ὁ

476 3812 851 3882 συγγραφεύς’
906 3812 1001 3866 καὶ
1051 3811 1148 3883 τὴν
1201 3813 1506 3883 κακήγορον
1555 3814 1736 3877 αὐτοῖς
1781 3814 2044 3885 ἐπαφίησι

472 3903 742 3972 γλῶσσαν,
777 3905 870 3957 καὶ
891 3904 959 3957 τά
999 3904 1137 3975 ἔργα
1158 3906 1255 3975 τῆς
1285 3904 1549 3976 πονηρίας
1602 3906 1851 3975 σιγήσας,
1883 3906 2045 3977 ψιλὴν

475 3997 654 4059 αὐτοῖς
673 3995 1067 4061 κατασκευάζει
1083 3995 1180 4067 τὴν
1196 3997 1675 4068 ἐωλοκρασίαντῶν
1693 3995 1919 4067 ὓϐρεωψ
1936 3999 2046 4051 πᾶν

474 4086 675 4150 ὄνειδος
704 4088 822 4139 κατ’
860 4086 1039 4140 αὑτῶν
1091 4087 1455 4158 συμπλάσσων
1479 4103 1493 4117 ο
1543 4089 1634 4141 καὶ
1686 4088 1950 4151 συντιθεὶς
1987 4090 2043 4142 ἐν

474 4182 590 4241 ταῖς
618 4178 903 4249 λοιδορίαις
932 4177 1001 4231 τά
1022 4178 1247 4248 ἄμικτα,
1277 4177 1653 4249 φακοτρίϐωνα
1681 4178 1755 4249 (a)
1787 4178 2047 4250 στρατιώ-

472 4288 590 4341 την,
627 4270 718 4323 καὶ
747 4271 899 4339 ἅγιον
922 4270 1221 4338 ἐξάγιστονο
1249 4271 1353 4323 ὑπὸ
1385 4271 1635 4340 νηστείας
1660 4270 1715 4322 δέ
1739 4271 2042 4341 ὠχριῶντα,

473 4362 565 4415 καὶ
591 4361 696 4414 ὑπὸ
729 4362 951 4432 πικρίας
984 4361 1227 4428 φονῶντα
1249 4402 1263 4425 ,
1309 4360 1401 4414 καὶ
1432 4360 1630 4432 πολλὴν
1657 4361 1909 4431 τοιαύτην
1942 4361 2046 4431 βω-

479 4450 730 4521 μολοχίαν
748 4492 764 4517 ,
795 4451 1044 4522 καθάπερ
1076 4453 1133 4504 ἐν
1160 4454 1279 4515 ταῖς
1305 4450 1408 4515 ἔξω
1432 4453 1675 4522 πομπαῖς
1701 4451 2044 4523 διαϐέϐληταί

2142 1990 2337 2054 sando,
2372 1991 2669 2047 inhaereant
2700 1994 2755 2048 in
2792 1995 2877 2050 his
2910 1996 3127 2061 stultis;
3162 2003 3216 2049 et
3251 1998 3717 2067 quemadmodum

2142 2079 2211 2145 is,
2243 2082 2337 2150 qui
2366 2097 2465 2151 per
2490 2097 2709 2138 cmnum
2738 2086 2849 2156 agit
2877 2101 3079 2155 equum
3104 2124 3120 2149 ,
3168 2101 3328 2142 coeno
3358 2103 3578 2158 quoque
3625 2106 3716 2147 as~

2141 2173 2387 2243 pergitur
2410 2182 2464 2228 et
2504 2178 2818 2231 maculatur
2854 2198 2866 2231 :
2898 2180 2970 2232 ita
3000 2194 3102 2248 ego
3140 2180 3304 2233 etiam
3340 2182 3715 2250 percurrendo

2139 2271 2195 2317 et
2223 2266 2703 2321 commemorando
2734 2269 2973 2339 singula,
3005 2286 3127 2339 quae
3154 2271 3375 2341 scripsit
3402 2272 3507 2327 iste
3529 2313 3543 2337 ,
3577 2288 3714 2327 con-

2140 2354 2399 2408 taminem
2447 2357 2647 2411 librum
2683 2374 2862 2413 meum
2900 2378 2913 2414 :
2944 2369 3377 2417 consentaneum
3416 2362 3558 2417 duco
3584 2404 3599 2430 ,
3650 2371 3713 2417 ut

2141 2443 2321 2511 quoad
2348 2444 2464 2500 ﬁeri
2498 2448 2721 2516 poterit,
2755 2455 2925 2503 totam
2974 2450 3118 2503 hanc
3158 2451 3480 2517 colluviem,
3516 2452 3625 2506 alto
3662 2460 3718 2507 et

2142 2534 2309 2589 celeri
2354 2537 2497 2590 saltu
2534 2540 2799 2594 orationis
2839 2541 3166 2607 transiliam,
3204 2556 3461 2610 magnum
3507 2544 3720 2598 emoluo

2141 2632 2386 2679 mentum
2436 2634 2595 2682 ratus
2618 2670 2633 2694 ,
2669 2642 2735 2682 ex
2779 2628 2932 2684 hisce
2964 2630 3225 2687 sordibus
3252 2646 3416 2701 quam
3452 2631 3719 2687 citissime

2141 2715 2394 2780 evadere,
2426 2724 2480 2771 et
2506 2719 2741 2773 orationi
2763 2720 2921 2774 linem
2948 2721 3230 2790 imponere
3261 2739 3276 2776 :
3308 2738 3378 2777 ne
3396 2722 3532 2777 libro
3552 2723 3718 2777 etiam

2141 2820 2265 2860 meo
2298 2819 2663 2878 aspergantur
2702 2810 3020 2865 acerbitatis
3043 2812 3202 2882 plena
3228 2812 3516 2866 vocabula.
3543 2812 3719 2882 Cupio

2141 2896 2309 2961 enim,
2352 2903 2411 2950 ut
2442 2912 2509 2951 ex
2552 2899 2724 2952 solius
2765 2896 3020 2953 Eunomii
3059 2915 3154 2954 ore
3179 2900 3446 2969 prodeant
3466 2902 3556 2955 illa
3581 2917 3718 2956 con-

2144 2993 2229 3041 tra
2261 2987 2606 3043 sacerdotem
2642 2989 2735 3043 Dei
2774 2990 3025 3044 convicia
3060 3006 3073 3044 :
3107 2989 3238 3044 dum
3286 3003 3448 3047 vocat
3490 3009 3592 3048 nos
3627 3010 3719 3048 sa-

2144 3076 2335 3131 tellites
2376 3085 2428 3132 et
2471 3079 2681 3132 lictores
2708 3086 2762 3133 et
2787 3091 3060 3148 satrapas,
3094 3081 3188 3151 qui
3217 3084 3516 3151 percellant
3541 3094 3595 3138 et
3629 3084 3717 3139 in-

2145 3166 2345 3237 dagent
2379 3167 2786 3231 absconditum,
2822 3177 2877 3225 et
2907 3170 3120 3223 latitare
3151 3171 3421 3226 volentem
3451 3188 3560 3227 non
3594 3190 3719 3243 per-

2146 3257 2400 3320 mittant,
2450 3264 2506 3311 et
2542 3256 2625 3312 his
2662 3257 2859 3311 similia
2885 3297 2900 3323 ,
2948 3274 3071 3329 quae
3116 3268 3310 3315 contra
3348 3263 3719 3319 venerandam

2145 3346 2491 3401 sacerdotum
2510 3348 2764 3403 canitiem
2782 3364 3036 3405 evomere
3063 3367 3171 3405 non
3199 3354 3495 3408 erubescit.
3523 3356 3720 3419 Quem-

2144 3439 2437 3493 admodum
2489 3444 2649 3495 enim’
2684 3443 2737 3495 in
2796 3442 2943 3499 ludis
2984 3443 3272 3501 litterariis
3325 3447 3391 3500 ad
3437 3446 3718 3517 styli,lin-

2144 3544 2266 3600 guae
2296 3537 2350 3585 et
2380 3532 2579 3585 mentis
2612 3533 3090 3600 exercitationem,
3121 3541 3172 3588 et
3208 3535 3518 3604 expeditam
3547 3535 3720 3591 facili-

2146 3629 2330 3686 tatem,
2370 3623 2608 3676 themata
2643 3623 2891 3692 quaedam
2926 3624 3367 3682 adolescentibus
3398 3642 3718 3697 proponun-

2149 3723 2259 3779 tur,
2290 3716 2489 3783 quibus
2523 3717 2667 3769 velut
2706 3731 2843 3770 ansa
2872 3717 3109 3786 quadam
3141 3726 3359 3789 arrepta
3390 3720 3720 3777 invehantur

2146 3804 2203 3858 in
2258 3806 2523 3859 incertam
2567 3806 2858 3875 quamdam
2906 3822 3233 3876 personam:
3278 3809 3355 3863 ita
3397 3810 3501 3865 iste
3534 3810 3720 3866 decla-

2148 3905 2328 3950 mator
2384 3897 2440 3950 in
2490 3898 2782 3967 praedictos
2845 3898 2939 3953 Dei
2997 3900 3309 3956 sacerdotes
3349 3908 3465 3957 toto
3515 3902 3723 3973 impetu

2147 3988 2404 4053 incurrit,
2436 3998 2489 4043 et
2518 3991 2837 4044 maledicam
2881 3991 3101 4062 stringit
3144 3992 3384 4063 linguam
3406 4032 3420 4057 ,
3462 3995 3723 4065 nulloque

2146 4081 2332 4145 allato,
2367 4079 2525 4149 cujus
2560 4080 2636 4133 rei
2682 4081 2832 4146 sint,
2878 4081 3141 4148 crimine,
3199 4083 3315 4137 sola
3373 4083 3723 4140 conviciandi

2146 4171 2373 4225 libidine
2402 4170 2535 4239 ipsis
2562 4170 2817 4237 insultat;
2845 4172 3103 4228 omnibus
3128 4182 3321 4227 contra
3350 4173 3476 4231 illos
3501 4178 3722 4245 probris

2148 4260 2402 4316 conﬁctis
2430 4300 2444 4325 ,
2494 4271 2547 4316 et
2585 4262 2881 4316 calumniis
2932 4262 3313 4333 incompositis
3337 4304 3353 4331 ,
3391 4267 3722 4336 appellitans

2148 4352 2401 4408 videlicet
2419 4353 2669 4420 militem,
2692 4353 2786 4423 qui
2818 4354 3056 4410 lentibus
3079 4364 3359 4424 vescatur,
3389 4365 3445 4413 et
3470 4368 3724 4414 sanctum

2148 4445 2269 4501 sine
2299 4445 2612 4508 sanctitate,
2646 4445 2874 4515 jejuniis
2906 4446 3127 4515 quidem
3163 4449 3478 4517 pallentem,
3520 4451 3615 4505 sed
3652 4453 3724 4507 ob

475 4558 578 4606 τις,
606 4542 680 4603 ὡς
702 4541 767 4594 δι’
798 4542 1100 4613 ὑπερϐολὴν
1126 4542 1394 4605 ἀναιδείας
1418 4542 1543 4596 ἀνευ
1576 4543 1917 4609 προσωπείου
1938 4560 2043 4595 κω-

2151 4537 2352 4592 mentis
2405 4536 2712 4590 amaritiem
2772 4537 2948 4592 caedes
3000 4538 3351 4607 spirantem:
3390 4549 3449 4594 ut
3512 4549 3723 4597 taceam

480 4632 687 4702 μάζων,
734 4633 905 4696 οὕτως
954 4633 1129 4687 οὐδενὶ
1176 4632 1636 4704 παραπετάσματι
1675 4631 1771 4703 τὴν
1822 4633 2048 4704 πικρίαν

477 4723 670 4777 ἐαυτοῦ
696 4725 1011 4789 συσκιάσας,
1031 4727 1209 4795 γυμνῇ
1268 4726 1359 4778 καὶ
1386 4724 1880 4799 ἀπηρυΘριασμένῃ
1902 4730 2050 4798 φωνῇ

475 4815 544 4869 τὰ
572 4816 637 4868 ἐκ
669 4818 769 4887 τῆς
797 4814 1012 4887 ἀμάξης
1058 4815 1375 4886 προσφέρει.
1408 4812 1540 4869 Εἶτα
1570 4816 1822 4887 ὁμολογεῖ
1859 4820 1943 4887 ἐφ’
1974 4812 2055 4881 οἷς

476 4907 855 4976 παροξύνεται,
895 4907 976 4959 ὅτι
1011 4906 1243 4977 σπουδὴν
1272 4907 1571 4972 ἐποιοῦντο,
1610 4910 1793 4979 φησιν,
1832 4912 2050 4971 ἐκεῖνοι,

480 4998 555 5069 μὴ
586 4998 811 5060 πολλοὺς
838 5001 905 5068 τῇ
932 4998 1113 5068 ἀπάτῃ
1147 4997 1348 5051 τούτων
1377 4998 1921 5069 συνδιαστρέφεσθαιλ
1956 5001 2049 5053 καὶ

474 5089 563 5142 διὰ
592 5089 750 5143 τοῦτο
766 5088 1102 5159 χαλεπαίνει,
1133 5090 1223 5143 ἐπὶ
1244 5088 1321 5159 τῷ
1367 5089 1441 5160 μὴ
1472 5091 1638 5143 πᾶσιν
1666 5085 1747 5152 οἷς
1769 5091 2049 5144 ἐϐούλοντο

475 5182 657 5245 τόποις
724 5183 842 5235 κατ’
896 5182 1141 5248 ἐξουσίαν
1182 5182 1555 5253 ἐνδιατρίϐειν,
1617 5183 1752 5237 ἀλλά
1795 5183 2045 5250 γενέσθαι

476 5271 619 5327 κατά
651 5271 713 5324 τὸ
756 5272 1081 5344 πρόσταγμα
1126 5273 1221 5327 τοῦ
1267 5275 1387 5326 τότε
1418 5271 1775 5344 κρατοῦντος,
1805 5272 2045 5343 Φρυγίαν

487 5364 670 5427 αὐτοῖς
711 5362 1052 5433 ἐνδιαίτημα,
1082 5365 1156 5426 ὡς
1201 5364 1266 5418 ἂν
1301 5366 1373 5437 μὴ
1408 5364 1591 5417 πολλοὶ
1627 5363 1945 5433 βλάπτοιντο
1978 5366 2042 5435 τῇ

480 5454 693 5524 πονηρᾷ
719 5452 992 5523 συνουσίᾳ·
1018 5454 1111 5508 καὶ
1131 5456 1270 5526 ὑπὲρ
1292 5456 1497 5510 τούτων
1519 5452 1839 5523 ἀγανακτῶν
1860 5454 2042 5507 ἐκεῖνα

557 5619 635 5687 (α)
670 5618 901 5686 Φακοτρ.
936 5612 1101 5687 ΡιῸνἶ
1133 5610 1308 5687 itaita?
1336 5610 1576 5687 κόπτειν,
1607 5607 1784 5687 ludere
1801 5618 2046 5687 leporum.

552 5675 630 5758 (ὑί
657 5675 1026 5758 Theodoretus
1050 5682 1142 5735 lib.
1162 5681 1223 5734 de
1251 5678 1725 5758 Ha’re_t._[ab.ulis_:
1756 5694 1777 5758 ε
1798 5675 2064 5758 constan-

481 5746 744 5813 tiu's'cum
768 5755 1006 5811 nondum
1048 5768 1078 5806 ιι
1104 5759 1249 5807 recta
1272 5750 1355 5804 via
1387 5746 1717 5813 deflexisset,
1752 5746 1962 5800 Actium
1995 5746 2051 5795 in

2152 4629 2289 4683 alias
2320 4627 2375 4681 id
2404 4642 2573 4697 genus
2607 4626 2973 4681 scurrilitates
3014 4627 3069 4680 in
3118 4628 3401 4698 gentilium
3444 4631 3726 4685 conventi-

2150 4721 2274 4785 bus,
2312 4717 2601 4773 hominum
2630 4716 3090 4772 traducendorum
3127 4718 3303 4787 gratia
3351 4720 3595 4776 adhiberi
3634 4737 3725 4777 so-

2150 4813 2295 4867 litas.
2351 4810 2419 4865 Et
2474 4810 2695 4881 quidem
2743 4808 2993 4864 nonnulli
3040 4824 3105 4863 eo
3144 4809 3494 4879 impudentiae
3526 4827 3723 4881 proce-

2150 4902 2306 4969 dunt,
2346 4911 2407 4956 ut
2448 4902 2576 4955 talia
2616 4900 2863 4955 convicia
2900 4901 3020 4955 sine
3048 4899 3195 4954 larva
3218 4900 3471 4970 jaetitent
3505 4921 3518 4957 :
3559 4903 3634 4958 ita
3668 4912 3724 4960 et

2156 4998 2263 5051 iste
2304 4994 2457 5048 nullo
2490 5000 2807 5063 legumento
2849 4993 3144 5047 acerbitate
3177 5006 3276 5046 sua
3308 4993 3502 5058 velata,
3552 4995 3725 5051 libera

2156 5096 2211 5143 et
2240 5086 2542 5157 impudenti
2574 5100 2727 5152 voce,
2763 5100 2830 5140 ex
2860 5084 3108 5155 plaustro
3139 5085 3389 5141 convicia
3437 5085 3635 5147 fundit.
3671 5094 3727 5142 et

2154 5178 2373 5234 tandem
2403 5192 2567 5248 quam
2598 5176 2670 5232 ob
2687 5190 2911 5231 causam
2948 5175 3084 5230 adeo
3115 5176 3187 5230 sit
3213 5175 3481 5241 irritatus,
3509 5177 3724 5247 prodit;

2154 5272 2283 5341 quia
2335 5268 2652 5325 sacerdotes
2698 5266 2795 5321 Dei
2843 5281 3063 5337 operam
3118 5266 3419 5332 dederunt,
3470 5283 3538 5322 ne
3566 5270 3724 5324 multi

2154 5360 2441 5415 fraudibus
2469 5367 2525 5413 et
2555 5356 2882 5428 imposturis
2911 5357 3141 5412 istorum
3172 5356 3722 5414 circumvenirentur.

2152 5452 2228 5522 (ὸ)
2250 5450 2366 5508 Hoc
2394 5450 2603 5507 scilicet
2620 5448 2787 5514 dolet,
2806 5463 3019 5503 necnon
3045 5457 3099 5504 et
3131 5446 3285 5514 illud,
3310 5447 3456 5517 quod
3490 5462 3601 5503 non
3629 5449 3727 5504 ha-

2165 5603 2452 5675 quamdam
2489 5601 2741 5675 Phrygia:
2779 5598 3125 5675 solitudinem
3172 5595 3449 5675 relegavit.
3501 5613 3552 5675 εγ
3578 5592 3726 5675 Idem

2178 5665 2245 5729 de
2273 5673 2540 5728 Eunomia
2582 5665 2668 5727 ;’ἷ
2705 5673 2762 5725 1η
2804 5673 3037 5741 quadam
3078 5665 3407 5739 Pamphylia:
3435 5665 3727 5725 solitudine

2170 5744 2415 5800 habitare
2438 5750 2661 5799 coactus
2677 5749 2778 5798 est.
2794 5762 2809 5792 ›
