4166 6372
500 344 612 400 259

1736 324 1798 397 "s.
1831 342 2160 399 cnncoml
2195 336 2484 400 N‘rssnxl

3637 341 3746 406 260

508 459 729 513 hueri'n‘t
748 443 1071 526 potestatem
1089 433 1294 524 ubique
1317 451 1558 509 locorum
1577 453 1879 520 habitandi,
1895 456 1966 510 im
1976 471 2062 526 pe-

2179 457 2405 527 γράφει·
2439 453 2550 509 Καὶ
2577 455 2615 521 ἡ
2642 439 2841 521 πολλὴ
2872 438 3144 521 ,ϐαρύτης
3163 454 3279 508 τῶν
3311 457 3648 523 ἄθλων-,καὶ
3675 463 3746 516 τὰ

501 550 699 603 ratoris
737 548 920 602 edicto
954 546 1013 600 in
1061 544 1348 616 Phrygiam
1403 546 1658 616 relegati,
1705 561 1776 602 ne
1827 548 2072 618 cumpla-

499 650 589 691 res
620 635 880 705 pestifero
913 649 1014 688 suo
1049 635 1305 688 convictu
1339 634 1627 688 inlicerent
1649 674 1663 697 ,
1696 643 1919 706 propter
1947 650 2070 704 qua:

501 727 580 781 ira
621 743 886 782 accensus
922 727 996 779 ita
1035 726 1269 780 scribit:
1302 725 1368 778 Et
1407 727 1642 794 gravitas
1690 730 2066 794 certaminum,

499 829 550 873 et
576 819 930 873 intolerandm
975 833 1249 880 aerumnae,
1283 827 1331 872 et
1361 819 1554 872 invicta
1582 835 1943 874 wrumuarum
1990 831 2071 874 to-

503 910 734 964 lerantia
759 911 892 965 satis
908 912 1231 972 enituerunt,
1253 909 1462 979 quando
1487 921 1606 963 cum
1635 908 1867 980 Phrygia
1894 912 2070 967 natale

499 1003 676 1056 solum
705 1011 1116 1056 commutarunt.
1149 1001 1386 1056 Omnino
1417 1017 1567 1056 vero.
1600 1001 1714 1056 Non
1738 1005 1880 1057 enim
1907 1003 2069 1058 dede-

498 1094 611 1146 cori
661 1102 816 1147 erant
861 1092 1118 1147 Olliserio
1172 1092 1262 1144 illa
1295 1131 1308 1154 ,
1360 1108 1481 1160 qua:
1527 1104 1826 1148 evenerunt
1855 1113 1866 1147 :
1895 1109 2070 1163 neque

497 1190 812 1236 everterunt
845 1190 1084 1251 paterna:
1116 1182 1302 1252 gloriae
1339 1183 1735 1247 cxcelsitatem,
1770 1194 1947 1254 neque
1978 1202 2069 1254 ge-

499 1271 649 1326 neris
683 1271 1029 1340 splendorcm
1060 1271 1261 1340 injuria
1292 1270 1626 1335 affecerunt,
1667 1280 1727 1326 ut
1764 1268 2065 1343 periculum

497 1367 666 1422 esset,
717 1374 788 1412 ne
836 1373 921 1424 ea,
963 1359 1035 1413 ob
1061 1375 1182 1428 qua:
1213 1375 1360 1414 nunc
1416 1369 1735 1425 succenset,
1797 1362 2068 1416 redunda-

502 1454 626 1502 rent
671 1462 889 1516 quoque
934 1449 1000 1502 ad
1036 1450 1305 1504 celebrem
1343 1458 1398 1505 et
1439 1451 1770 1507 biuominem
1814 1451 2064 1506 Priscum

498 1537 663 1606 hujus
718 1541 891 1608 patris
945 1549 1198 1609 patrem:
1233 1540 1378 1595 unde
1431 1531 1535 1595 iste
1583 1550 1693 1596 tam
1736 1542 1966 1597 eximi-as
2015 1551 2070 1597 et

498 1630 793 1697 praeclaras
830 1629 896 1684 de
943 1631 1154 1701 origine
1205 1647 1304 1686 sua
1359 1633 1515 1701 petiit
1562 1633 1904 1689 narrationes
1948 1653 1962 1688 :
2001 1633 2068 1688 de

498 1721 640 1772 mola
669 1720 928 1774 nimirum
957 1729 1010 1776 et
1040 1722 1192 1775 corio
1212 1762 1226 1786 ,
1260 1722 1552 1790 serVilique
1579 1723 1840 1779 demenso
1860 1763 1876 1788 ,
1903 1733 1956 1779 et
2001 1725 2068 1780 de

2171 545 2594 600 δυσϐάστακτα
2629 544 2786 612 πάθη
2811 563 2824 576 ·
2857 545 2957 598 καὶ
2989 545 3026 612 ἡ
3055 548 3298 614 γενναία
3327 547 3442 600 τῶν
3480 553 3748 620 ﬂamma.

2170 654 2290 691 των
2310 637 2584 706 ὑπομονὴ
2603 678 2616 700 ,
2643 638 2705 690 τὸ
2747 638 3008 706 Φρυγίαν
3027 638 3250 701 αὐτοὺς
3272 641 3402 693 ἀντὶ
3436 641 3546 709 τῆς
3581 644 3745 714 ἐνετ-

2171 730 2400 796 κούσης
2424 720 2822 793 ἀλλάξασθαι.
2845 719 2992 782 Πάνυ
3020 745 3101 796 γε.
3125 730 3197 782 Oti
3217 730 3323 802 γὰρ
3346 732 3546 796 ὄνειδος
3565 729 3634 804 ἦν
3660 734 3740 805 τῷ

2184 820 2500 891 Ὀλτισηρίῳ
2534 822 2609 890 (a)
2638 820 2708 873 τὰ
2739 820 3121 891 συμϐεϐηκότα
3139 861 3155 884 ,
3207 823 3302 874 καὶ
3333 822 3425 876 τοῦ
3476 827 3744 895 πατρικοῦ

2172 910 2522 979 φρονήματος
2543 909 2860 979 καθαίρεσιν
2883 909 3110 984 φέροντα
3132 951 3146 972 ,
3188 912 3282 963 καὶ
3306 906 3404 980 τὴν
3433 913 3524 966 τοῦ
3562 915 3748 982 γένους

2170 998 2327 1062 ἀξίαν
2357 999 2664 1070 ὑϐρίζοντα,
2699 989 2773 1064 ὡς
2815 994 2889 1072 μὴ
2941 1002 3006 1055 ἂν
3044 1002 3260 1056 ἑλέσθαι
3305 1003 3475 1057 ταῦτα
3501 1046 3514 1068 ,
3545 1006 3629 1076 ἐφ’
3664 1001 3748 1070 οἷς

2170 1088 2266 1142 νῦν
2300 1089 2636 1160 χαλεπαίνει,
2667 1091 2757 1144 τὸν
2785 1092 3081 1162 ὀνομαστὸν
3104 1085 3328 1156 ἐκεῖνον,
3361 1095 3454 1148 καὶ
3478 1095 3748 1166 διώνυμον

2169 1181 2407 1252 Πρίσκον
2429 1181 2520 1233 τὸν
2546 1181 2640 1235 τοῦ
2673 1182 2878 1253 πατρὸς
2900 1183 3088 1236 τούτου
3120 1185 3352 1256 πατέρα.
3387 1184 3546 1240 Ὅθεν
3575 1187 3748 1257 τούτῳ

2167 1271 2236 1325 τὰ
2273 1272 2501 1344 λαμπρὰ
2525 1312 2539 1336 ,
2576 1273 2668 1327 καὶ
2703 1274 3038 1348 περίϐλεπτα
3069 1274 3163 1328 τοῦ
3201 1277 3390 1344 γένους
3415 1278 3531 1330 ἐστὶ
3558 1278 3747 1348 διηγήο

2173 1361 2334 1436 ματα.
2381 1366 2438 1418 Ὀ
2470 1363 2674 1435 μύλων,
2709 1367 2804 1419 καὶ
2826 1367 2887 1418 τὸ
2917 1363 3130 1432 σκύτος,
3162 1367 3257 1421 καὶ
3281 1367 3341 1420 τὸ
3360 1368 3628 1422 οἰκετικὸν
3665 1385 3747 1420 σι·

2168 1439 2445 1526 τηρὲσιον,
2485 1457 2580 1510 καὶ
2615 1455 2650 1526 ἡ
2694 1455 2852 1527 λοιπὴ
2883 1455 2976 1509 τοῦ
3007 1457 3227 1510 Χαναὰν
3257 1456 3618 1528 κληρονομία·
3651 1457 3746 1510 κον.)⁸

2169 1544 2262 1598 ἐπὶ
2282 1546 2492 1610 τούτοις
2523 1547 2629 1600 ἔδει
2660 1545 2975 1612 κακίζεσθαι
3001 1548 3125 1610 τοὺς
3151 1547 3248 1618 τὴν
3285 1548 3612 1617 μετάστασιν
3644 1548 3744 1601 αύ-

2168 1641 2281 1702 τοῖς
2311 1639 2767 1709 προξενήσαντας.
2805 1636 3130 1706 Συντίθεμαι
3160 1635 3332 1706 τούτῳ
3356 1635 3532 1705 κάγὼ,
3570 1637 3739 1698 ὅντως

2169 1725 2310 1792 ἄξιοι
2336 1728 2436 1796 τῆς
2471 1729 2604 1799 πάρ’
2633 1727 2810 1780 αὐτῶν
2841 1727 3119 1798 μέμψεως,
3148 1727 3196 1779 οἱ
3225 1725 3428 1780 τούτων
3461 1714 3642 1790 αὐτοῖς
3669 1727 3748 1780 αῖ·

497 1809 704 1879 reliqua
755 1810 1069 1865 haereditate
1109 1812 1370 1866 Chanaan
1405 1831 1418 1868 :
1453 1821 1506 1867 et
1562 1813 1608 1868 si
1655 1815 1846 1868 horum
1895 1816 2062 1886 gratia

2171 1835 2275 1871 τιοι
2298 1818 2602 1886 γεγονότες,
2634 1817 2789 1888 εἴπερ
2817 1817 2953 1880 ὅλως
2994 1818 3102 1870 εἰσί
3146 1835 3308 1880 τινες,
3345 1817 3376 1888 ἢ
3419 1818 3703 1886 γεγόνασιν
3727 1835 3742 1850 ·

495 1900 950 1970 vituperationem
973 1903 1340 1969 merebantur,
1364 1904 1454 1973 qui
1477 1905 1846 1960 illisetsilium
1872 1916 2066 1976 procu-

495 1997 691 2043 rarunt
719 2006 734 2044 :
765 1991 939 2045 fateor
978 2003 1030 2046 et
1063 2007 1165 2062 ego
1199 1993 1395 2062 dignos
1445 2003 1567 2049 esse
1614 1996 2063 2065 reprehensione,

494 2081 588 2149 qui
634 2080 830 2134 horum
876 2082 999 2138 istis
1027 2098 1194 2138 causa
1229 2083 1471 2149 fuerunt,
1507 2086 1550 2141 si
1589 2086 1683 2155 qui
1718 2097 1898 2142 tamen
1945 2089 2065 2144 fue-

493 2180 627 2227 runt
657 2191 670 2226 :
699 2171 998 2228 eﬂ‘ecerunt
1025 2176 1194 2239 enim,
1227 2186 1287 2230 ut
1327 2192 1508 2231 rerum
1549 2177 1622 2232 ab
1645 2178 1766 2233 istis
1789 2189 2063 2249 gestarum

495 2264 761 2317 memoria
788 2265 1000 2334 sepulta
1033 2267 1326 2336 plerosque
1354 2268 1602 2323 moribus
1623 2275 1676 2323 et
1707 2269 1818 2322 rita
1853 2271 2064 2340 gravio-

492 2367 582 2408 res
635 2352 848 2424 fugiat,
890 2371 1068 2425 neque
1117 2356 1389 2428 integrum
1447 2359 1520 2414 sit
1558 2360 1960 2428 posterioribus
1996 2363 2062 2417 de

499 2445 798 2514 praeteritis
841 2446 1116 2502 curiosius
1160 2448 1472 2517 inquirere,
1505 2464 1623 2517 quo
1669 2451 1888 2505 tandem
1935 2467 2064 2506 sarr-

493 2535 660 2604 guine
685 2536 848 2591 ambo
885 2538 1238 2607 proseminati
1270 2548 1322 2593 et
1350 2539 1495 2609 quod
1528 2542 1652 2595 vitae
1684 2541 1996 2598 institutum
2033 2560 2062 2598 a

490 2626 740 2695 patribus
753 2635 1036 2697 acceptum
1059 2629 1233 2684 secuti
1252 2631 1392 2696 sint;
1413 2640 1465 2685 et
1502 2630 1631 2700 quid
1659 2633 1839 2689 minus
1868 2635 2066 2704 quidve

495 2717 712 2787 majus,
755 2734 919 2789 quam
966 2719 1158 2774 deceat
1197 2721 1397 2776 liberos
1448 2731 1502 2776 et
1547 2723 1856 2793 ingenuos,
1903 2725 1956 2779 in
2004 2742 2062 2782 se

495 2810 875 2875 observantes,
918 2820 1103 2881 postea
1143 2813 1208 2867 ad
1252 2821 1456 2867 tantam
1498 2815 1738 2871 nominis
1768 2817 2056 2872 celebrita-

489 2909 598 2955 tem
659 2902 968 2973 famamque
1020 2906 1401 2975 pervenerint,
1446 2914 1505 2960 ut
1552 2917 1606 2960 et
1639 2908 2066 2977 imperatoribus

2169 1910 2250 1962 ὅτι
2280 1909 2388 1963 τῶν
2418 1909 2871 1980 προδεϐιωμένων
2897 1911 2929 1979 ή
2954 1908 3154 1977 γνῶσις
3175 1908 3265 1961 διὰ
3295 1908 3498 1962 τούτων
3535 1923 3738 1976 συγκαο

2168 2000 2432 2070 λυφθεῖσοι
2471 2003 2817 2072 παραιρεῖται
2846 2000 2953 2052 τῶν
2994 2000 3332 2071 σεμνοτέρων
3359 2000 3455 2070 τὴν
3481 2001 3700 2070 μνήμην
3723 2018 3736 2030 ·

2168 2093 2263 2145 καὶ
2309 2093 2407 2146 οὐκ
2453 2095 2517 2162 ἐᾷ
2565 2075 3132 2163 πολυπραγμονεῖσθαι
3181 2091 3250 2145 τὰ
3297 2091 3404 2144 τῶν
3451 2091 3735 2162 παρόντων

2169 2185 2546 2256 πρεσϐύτερα·
2599 2183 2789 2247 ὁποίας
2839 2184 3097 2253 ἑκάτερος
3141 2183 3202 2236 τὸ
3254 2182 3535 2252 καταρχὰς
3587 2181 3744 2246 ἀξίας

2167 2273 2503 2346 ὡρμήθησαν
2527 2312 2544 2338 ,
2572 2273 2732 2327 ποίαν
2778 2275 2843 2326 ἐκ
2876 2273 3126 2342 πατέρων
3165 2271 3379 2342 ἔχοντες
3421 2269 3740 2324 ἀκολουθίαν

2165 2365 2258 2419 τοῦ
2299 2366 2450 2436 βίου·
2483 2364 2538 2420 τί
2581 2365 2795 2437 μικρὸν,
2838 2363 2871 2434 ἢ
2915 2363 3096 2432 μεῖζον
3124 2361 3231 2414 τῶν
3264 2361 3568 2432 ἐλευθέροις
3607 2377 3743 2431 πρε-

2168 2459 2375 2510 πόντων
2409 2456 2618 2519 ἑαυτοῖς
2647 2452 3065 2522 συνεγνωκότες,
3091 2451 3279 2504 έπειτα
3296 2451 3548 2504 τοσοῦτον
3571 2451 3742 2518 ἐγνω-

2171 2547 2434 2621 ρίσθησάν
2472 2562 2534 2599 τε
2564 2547 2658 2600 καὶ
2694 2529 3108 2614 ὠνομάσθησαν,
3156 2541 3297 2595 ὥστε
3335 2541 3430 2594 καὶ
3460 2540 3737 2611 βασιλεῦσι

2167 2638 2418 2709 γενέσθαι
2469 2636 2758 2707 γνώριμοι,
2801 2633 2983 2697 καθὼς
3038 2632 3458 2703 μεγαλαυχεῖται
3505 2631 3600 2686 νῦν
3658 2630 3736 2701 τῷ

2170 2730 2584 2800 συγγράμματι,
2613 2729 2707 2782 καὶ
2737 2728 2913 2789 πάσας
2933 2729 3032 2788 τὰς
3053 2722 3424 2795 ὑπερεχούσας
3451 2721 3624 2794 ἀρχὰς
3639 2723 3707 2775 ἐπ
3722 2723 3735 2742 ⁹

2167 2822 2349 2884 αὐτοῖς
2376 2819 2760 2889 συγκινεῖσθαι,
2803 2818 2896 2871 καὶ
2925 2816 3016 2869 ἐπὶ
3045 2815 3178 2868 πολὺ
3207 2815 3306 2885 τῆς
3333 2812 3654 2883 οἰκουμένης
3673 2810 3742 2864 τὰ

2175 2913 2296 2967 καθ’
2322 2911 2546 2975 ἐαυτοῦς
2560 2908 2931 2981 διαφέρεσθαι.

489 2992 919 3061 innotescereut,
956 2996 1098 3050 sicut
1128 2997 1182 3050 in
1214 2996 1317 3050 hoc
1351 3000 1557 3066 scripto
1597 2998 1898 3056 insolenter
1945 3003 2048 3058 iste
2086 3005 2374 3076 gloriatur,
2410 3014 2579 3074 utque
2632 3003 2817 3058 omnia
2855 2999 3078 3070 imperia
3100 3008 3155 3054 et
3190 2997 3542 3069 magistratus
3614 3010 3744 3065 pro-

492 3083 778 3154 pteripsos
803 3095 1303 3150 commoverentur,
1336 3094 1390 3140 et
1418 3094 1476 3140 ut
1494 3087 1834 3155 potissimam
1857 3093 2048 3146 mundi
2087 3102 2295 3164 partem
2322 3093 2572 3148 doctrina
2604 3092 2821 3147 illorum
2849 3096 3255 3160 pervagaretur.

561 3175 645 3228 An
695 3190 804 3230 non
854 3176 1006 3232 hisce
1057 3178 1254 3241 rebus,
1302 3177 1347 3231 si
1383 3192 1569 3232 verum
1618 3178 1774 3234 fateri
1797 3182 2061 3251 velimus,

2236 3183 2363 3258 ’Ἆρ’
2409 3187 2528 3256 οὐχὶ
2579 3183 2656 3255 τῷ
2704 3183 2818 3237 ὄντι
2864 3183 2932 3236 τὰ
2962 3182 3194 3253 μέγιστα
3245 3181 3334 3235 διὰ
3371 3180 3575 3234 τούτων
3625 3181 3743 3248 ἡδί-

492 3282 656 3339 quam
687 3267 921 3320 maxima
955 3266 1154 3335 injuria
1183 3268 1420 3338 irrogata
1443 3277 1548 3331 est,
1594 3273 1675 3324 vel
1716 3270 1818 3340 ipsi
1850 3274 2058 3328 oratio-

2165 3294 2346 3346 κηται.
2383 3278 2415 3347 ἢ
2449 3276 2608 3339 αὐτὸς
2631 3268 2782 3338 οὗτος
2809 3276 2837 3326 ὁ
2868 3273 3205 3345 λογογράφος
3225 3312 3244 3338 ,
3295 3272 3329 3342 ἢ
3362 3273 3390 3322 ὁ
3431 3271 3739 3342 προστάτης

488 3373 620 3413 num
645 3357 928 3427 scriptori,
954 3357 1039 3411 vel
1064 3357 1238 3427 ipsius
1260 3358 1543 3428 magistro,
1571 3366 1626 3413 et
1659 3360 1902 3428 ejusdem
1934 3365 2058 3420 vitae

2164 3368 2359 3432 αὐτοῦ,
2421 3367 2514 3421 καὶ
2566 3365 2661 3419 τοῦ
2715 3364 2898 3436 ὁμοίου
2951 3363 3065 3434 βίου
3135 3362 3451 3433 καθηγητὴς
3516 3362 3735 3423 Ἀέτιος,

491 3447 795 3503 institutori
820 3447 1001 3511 Aetio,
1025 3461 1186 3516 quem
1214 3447 1348 3501 mihi
1375 3447 1592 3503 videtur
1619 3448 1920 3508 Eu'nomius
1951 3470 2059 3509 non

2168 3461 2228 3514 ὃν
2267 3477 2356 3529 μοι
2388 3460 2536 3512 δοκεῖ
2567 3457 2642 3528 μὴ
2674 3456 2926 3510 τοσοῦτον
2975 3455 3110 3525 πρὸς
3150 3454 3246 3525 τὴν
3295 3453 3404 3507 τῶν
3452 3451 3734 3521 δογμάτων

489 3549 600 3594 tam
635 3539 918 3608 suspicere
947 3539 1018 3594 ob
1057 3538 1372 3610 dogmatum
1417 3545 1860 3612 perversitatem,
1895 3562 2058 3618 quam

2164 3552 2378 3622 ἀπάτην
2409 3549 2620 3619 βλέπων
2667 3547 3001 3619 ἐζηλωκέναι
3032 3586 3051 3612 ,
3090 3545 3223 3599 πολὺ
3269 3544 3326 3598 δέ
3367 3544 3566 3614 μᾶλλον
3604 3542 3738 3614 πρὸς

488 3631 562 3686 ob
593 3632 716 3684 vitae
749 3630 1068 3700 compendia
1093 3639 1146 3685 et
1168 3630 1392 3700 capias?
1411 3632 1554 3702 quod
1582 3633 1806 3700 aﬂirmo,
1837 3651 1945 3691 non
1977 3639 2060 3692 in-

489 3721 660 3778 certis
689 3721 1015 3791 quibusdam
1050 3721 1380 3790 conjecturis
1417 3724 1636 3792 ductus,
1672 3727 1765 3780 sed
1798 3728 1946 3783 hisce
1968 3743 2062 3782 au-

490 3810 646 3865 ribus
674 3809 808 3864 meis
829 3808 1004 3873 exiis,
1027 3808 1224 3876 quibus
1250 3809 1302 3862 id
1330 3809 1532 3879 optime
1560 3821 1896 3880 compertum
1919 3821 2056 3876 erat,

488 3899 695 3954 certior
731 3897 926 3952 factus.
951 3896 1086 3951 Nam
1116 3898 1238 3966 quis
1269 3899 1515 3968 qualisve
1549 3898 1712 3954 fuerit
1743 3901 1931 3957 Aetius
1957 3901 2056 3971 (ὁ),

495 3991 680 4045 audivi
708 3989 982 4061 quondam
1006 4004 1072 4045 ex
1093 3989 1407 4045 Galatarum
1432 3990 1701 4062 Episcopo
1724 3993 2054 4048 Athanasio:

491 4085 612 4137 viro
636 4084 724 4138 cui
746 4084 976 4138 veritate
1001 4082 1136 4136 nihil
1159 4081 1258 4137 fuit
1285 4083 1584 4152 antiquius,
1615 4084 1818 4154 quique
1841 4085 1910 4139 ad
1940 4100 2057 4140 ma-

485 4173 662 4244 jorem
697 4173 856 4228 fidem
886 4173 1015 4232 illis.
1046 4188 1169 4242 qua:
1192 4173 1470 4239 narrabat,
1499 4175 1919 4243 conciliandam,
1944 4176 2060 4246 epi-

490 4266 687 4320 stolam
727 4263 945 4335 Georgii
984 4262 1336 4318 Laodicensis
1365 4263 1794 4320 demonstrabat.
1837 4265 1888 4321 is
1928 4281 2059 4337 ergo

490 4355 670 4409 aiebat
706 4354 954 4417 Aetium,
999 4368 1107 4407 non
1159 4354 1229 4408 ab
1279 4355 1501 4409 ineunte
1543 4365 1701 4410 relate
1743 4356 2057 4426 dogmatum

490 4445 817 4500 nbsurditati
862 4445 1168 4511 studuisse;
1213 4445 1308 4500 sed
1355 4446 1616 4515 temporis
1669 4447 2053 4516 progressione

2161 3642 2259 3712 τὴν
2309 3640 2400 3694 τοῦ
2457 3640 2574 3711 βίου
2617 3639 2968 3710 παρασκευήν
3009 3653 3072 3690 τε
3119 3637 3213 3691 καὶ
3258 3634 3556 3705 εὐπορίαν;
3588 3633 3733 3701 λέγω

2161 3732 2220 3787 δὲ
2256 3731 2430 3785 ταῦτα
2451 3772 2466 3796 ,
2502 3731 2565 3783 ού
2599 3731 2929 3799 στοχασμοῖς
2956 3744 3066 3781 τισι
3101 3724 3554 3796 τεκμαιρόμενος,
3592 3722 3728 3778 ἀλλὰ

2159 3824 2267 3878 τῶν
2297 3821 2538 3894 ἀκριϐῶς
2574 3820 2892 3890 ἐγνωκότων
2916 3819 3178 3888 αὐτήκοος
3209 3814 3466 3886 γεγονώς.
3509 3815 3590 3868 Τὰ
3619 3814 3726 3884 γὰρ

2160 3915 2301 3968 κατά
2329 3914 2419 3967 τὸν
2445 3913 2646 3966 Ἀέτιον
2686 3910 2869 3964 τοῦτον
2899 3909 3212 3964 Ἀθανασίου
3255 3908 3385 3960 ποτέ
3413 3906 3506 3960 τοῦ
3549 3905 3722 3958 Γαλα-

2159 4001 2268 4054 τῶν
2306 4001 2602 4054 ἐπισκόπου
2639 3999 2886 4068 λέγοντος
2923 4000 3163 4068 ήκουσα,
3209 3997 3401 4068 ἀνδρὸς
3441 3996 3543 4049 οὐκ
3572 3995 3637 4050 ἄν
3668 4010 3724 4045 τι

2161 4093 2267 4163 πρὸ
2291 4093 2390 4163 τῆς
2417 4089 3145 4162 ἀληθείαςίπροτιμήσαντος,
3188 4087 3323 4141 ἀλλὰ
3352 4087 3448 4141 καὶ
3469 4088 3549 4149 είς
3581 4102 3725 4156 μαρ-

2158 4184 2354 4255 τυρίαν
2383 4183 2493 4237 τῶν
2521 4182 2730 4237 πολλῶν
2749 4182 2842 4236 τοῦ
2869 4183 3026 4250 λόγου
3052 4221 3066 4244 ,
3099 4178 3370 4249 Γεωργίου
3392 4177 3488 4230 τοῦ
3508 4179 3571 4228 ὲκ
3598 4177 3729 4229 Λαο-

2158 4275 2365 4338 δικείας
2397 4274 2684 4344 ἐπιστολὴν
2711 4272 3129 4334 ἐπιδεικνύντος.
3171 4269 3362 4336 Ἔλεγε
3389 4268 3444 4321 δέ
3474 4269 3548 4338 μὴ
3579 4264 3728 4336 παρὰ

2159 4366 2259 4437 τὴν
2292 4365 2514 4436 πρώτην
2551 4364 2713 4418 αὐτὸν
2743 4363 3186 4434 ἐγκεχειρηκέναι
3215 4363 3281 4431 τῇ
3309 4360 3414 4412 τῶν
3443 4358 3727 4427 δογμάτων

2161 4456 2396 4527 ἀτοπίᾳ·
2437 4455 2650 4527 χρόνοις
2689 4456 2746 4508 δέ
2787 4453 3012 4526 ὕστερον
3041 4455 3234 4524 τέχνην
3266 4452 3381 4521 βίου
3421 4451 3519 4516 τὴν
3557 4466 3728 4503 καινοο

489 4533 756 4588 doctrinae
803 4532 1065 4587 novanda:
1103 4548 1323 4602 operam
1371 4533 1590 4588 dedisse
1615 4572 1630 4596 ,
1663 4541 1724 4588 ut
1768 4535 1872 4589 hac
1907 4535 2056 4590 velut

2164 4545 2348 4616 τομίαν
2374 4545 2574 4616 ταύτην
2594 4543 3032 4616 προστήσασθαι·
3067 4543 3291 4594 ἐκδύντα
3313 4540 3419 4610 γὰρ
3440 4539 3600 4592 αὑτὸν
3623 4537 3726 4608 ήδη

491 4629 609 4674 arte
646 4619 846 4673 victum
879 4617 986 4674 sibi
1014 4627 1252 4689 pararet.
1280 4621 1480 4690 quippe
1529 4621 1681 4674 illum
1721 4622 1911 4677 relicta
1941 4623 2058 4678 cul-

490 4718 612 4763 tura
646 4711 836 4775 vineaa,
869 4725 1029 4778 quam
1053 4710 1366 4778 possidebat
1395 4712 1472 4780 (at
1492 4727 1656 4781 quam
1675 4712 1822 4782 juste
1843 4715 2055 4779 tacebo,

490 4815 559 4854 ne
598 4799 779 4854 videar
803 4798 1051 4854 odiosius
1093 4800 1462 4854 narrationem
1497 4802 1816 4871 auspicari),
1855 4803 2060 4870 princi-

491 4891 582 4960 pio
609 4889 826 4958 quidem
851 4889 1050 4943 factum
1074 4905 1196 4944 esse
1226 4889 1439 4943 fabrum
1477 4890 1836 4944 caminarium
1855 4933 1871 4958 ,
1899 4893 2057 4962 cujus

490 4995 582 5036 ars
614 4980 762 5034 circa
791 4979 966 5051 ignem
993 4990 1046 5037 et
1076 4982 1326 5036 fornaces
1359 4981 1565 5036 ferreas
1603 4979 1950 5037 fabricandas
1975 4984 2057 5037 iu-

490 5072 746 5138 sumitur,
771 5071 1026 5126 manibus
1057 5079 1363 5127 versantem
1386 5072 1610 5126 malleos
1638 5073 1967 5137 breviculos,
2004 5082 2057 5128 et

488 5163 682 5233 exiguo
715 5161 897 5217 incudi
937 5162 1176 5217 assidere
1210 5163 1426 5218 solitum
1455 5177 1468 5214 :
1501 5162 1604 5216 sub
1631 5164 1756 5217 exili
1804 5166 2051 5233 tugurio,

491 5253 821 5322 sordideque
847 5261 902 5308 et
928 5267 1122 5322 magna
1149 5253 1399 5308 molestia
1435 5253 1562 5308 vitae
1598 5256 1908 5310 necessaria
1953 5256 2056 5310 hoc

489 5360 591 5401 suo
637 5344 823 5399 labore
866 5351 1271 5413 comparantem
1303 5363 1316 5399 :
1347 5361 1510 5414 quam
1561 5346 1707 5400 enim
1747 5347 2053 5401 mercedem

489 5436 624 5490 adeo
653 5434 833 5505 magni
859 5434 1234 5489 aestimandam
1254 5442 1555 5492 mereretur
1581 5437 1691 5500 ille,
1722 5437 1812 5505 qui
1830 5436 2052 5506 subpal-

560 5589 976 5669 (οξζολτίσηρις,
997 5588 1266 5669 obscurus
1284 5590 1440 5669 vicus
1468 5589 1522 5643 in
1538 5588 1916 5669 ‘Cappadocia,
1935 5592 2037 5669 Ευ-

2159 4637 2258 4706 τὴν
2299 4636 2543 4690 δουλείαν
2573 4635 2868 4706 ἀμπελίδος
2911 4635 3012 4702 τῆς
3059 4632 3401 4702 κεκτημένης
3434 4629 3595 4684 αὑτὸν
3627 4631 3727 4699 (τὸ

2160 4725 2205 4778 δ’
2235 4726 2381 4788 ὅπως
2409 4725 2560 4778 οὐδὲν
2590 4723 2779 4794 δέομαι
2796 4721 3072 4791 λέγειν,ὼς
3097 4721 3162 4775 ἂν
3189 4721 3262 4792 μὴ
3288 4719 3502 4788 δόξαιμι
3524 4735 3726 4787 κακοη-

2161 4814 2410 4885 θέστερον
2437 4813 2531 4867 τοῦ
2553 4813 2886 4883 διηγήματος
2919 4809 3210 4879 ἅπτεσθαι)
3240 4807 3376 4863 εἶναι
3411 4809 3508 4880 μὲν
3559 4826 3725 4874 καμι-

2161 4905 2354 4976 νευτήν
2389 4906 2508 4958 κατ’
2540 4903 2732 4975 ἀρχὰς,
2768 4903 2866 4973 τὴν
2896 4902 3136 4974 ἔμπυρον
3156 4900 3379 4970 ταύτην,
3404 4901 3499 4953 καὶ
3530 4899 3722 4969 βάναυο

2164 4996 2468 5066 σονθτέχνην
2515 4995 2604 5048 διὰ
2643 4995 2822 5066 χειρὸς
2859 4994 3075 5063 ἔχοντα,
3109 4993 3288 5063 σφύρᾳ
3332 4991 3560 5062 βραχείᾳ
3584 5033 3599 5056 ,
3633 4991 3724 5044 καὶ

2158 5088 2355 5157 ἄκμονι
2422 5086 2602 5157 μικρῷ
2648 5085 3096 5156 προσκαθήμενον
3142 5083 3246 5135 ὑπὸ
3288 5082 3507 5154 τριχίνῃ
3551 5082 3721 5149 σκηνῇ

2157 5169 2426 5242 γλίσχρως
2457 5173 2549 5224 καὶ
2581 5172 2717 5241 μετὰ
2753 5171 2915 5225 πόνου
2945 5171 3013 5224 τά
3051 5171 3320 5238 ἀναγκαῖα
3358 5169 3452 5222 τοῦ
3493 5169 3608 5238 βίου
3635 5168 3721 5222 διὰ

2157 5262 2255 5332 τῆς
2299 5262 2560 5333 ἐργασίας
2590 5264 2794 5334 ταύτης
2840 5261 3327 5333 συμποριζόμενον.
3379 5260 3476 5322 Τίς
3505 5259 3613 5330 γὰρ
3657 5258 3722 5311 ἂν

2157 5353 2253 5406 καὶ
2280 5352 2493 5420 γένοιτο
2529 5355 2720 5424 μισθὸς
2767 5353 2912 5420 ἄξιος
2958 5353 3114 5422 λόγου
3153 5351 3232 5422 τῷ
3265 5351 3617 5422 θεραπεύοντι
3653 5349 3721 5402 τὰ

2159 5439 2442 5510 ὑπόσαθρα
2483 5442 2591 5495 τῶν
2643 5442 3035 5513 χαλκωμάτων,
3081 5441 3174 5494 καὶ
3231 5439 3564 5510 παραδύοντι
3619 5437 3718 5502 τὰς

2216 5594 2289 5662 (b)
2319 5594 2457 5648 Aetii
2485 5595 2648 5648 vitam
2671 5593 3031 5662 miserrimam
3053 5591 3314 5662 describit
3343 5591 3501 5662 Grog.
3529 5596 3710 5662 myssq

490 5653 656 5713 nomii
681 5653 882 5727 patria,
895 5675 923 5728 a
951 5674 1058 5726 qua
1087 5653 1683 5728 θιιιιιόειιιὊλτωήριῶ
1707 5661 1968 5724 nominat,
1987 5669 2041 5715 et
2149 5653 2621 5718 ait‘Theodoretus
2651 5665 2742 5718 lib.
2785 5664 2848 5717 de
2880 5661 3070 5716 liceret.
3101 5653 3310 5720 fabulis.

493 5729 648 5796 infra,
682 5743 879 5784 novum
902 5727 1148 5784 Pacanica
1181 5743 1247 5784 ex
1269 5727 1553 5785 Ollisiride’
1569 5727 1944 5794 prodeuntem.
