4166 6372
434 435 532 490 26]

1563 429 1840 487 comas
1881 412 2265 489 EUNaut‘uu,
2310 422 2434 480 Lm.
2480 425 2518 479 ι.

3562 406 3670 475 eos

431 544 753 617 τρυμαλιὰς,
776 546 869 599 καὶ
881 544 972 599 τὸν
985 544 1302 617 κασσίτερον
1317 546 1434 609 ταῖς
1457 544 1686 615 πληγαῖς
1703 543 2004 611 ιέπιλύοντι⁶ς

2107 542 2209 594 lida
2244 546 2537 593 aeramenta
2573 538 2892 600 renovabat,
2924 537 3017 606 qui
3050 534 3316 590 foramina
3353 534 3667 601 obturabat,

434 639 529 692 xui.
562 637 959 707 μολιϐδοχοῦντι
987 636 1093 689 τῶν
1124 635 1362 707 λεϐήτων
1384 638 1480 699 τὰς
1502 637 1685 706 βάσεις
1703 652 1716 665 ·
1747 634 1997 703 γενέσθαι

430 726 487 780 δὲ
520 728 617 796 τῆς
639 716 729 778 τοῦ
757 726 868 796 βίου
908 725 1205 795 μεταϐολῆς
1230 726 1426 787 αἰτίαν,
1464 726 1745 795 συμφοράν
1766 740 1884 777 τινα
1914 724 2001 776 διὰ

432 820 526 887 τῆς
551 818 743 886 τέχνης
771 833 831 867 συ
842 816 1052 886 μϐᾶσαν
1080 816 1247 886 αύτῷ.
1272 817 1538 878 Λαϐόντος
1564 817 1671 886 γάρ
1695 832 1823 868 ποτε
1850 814 2001 885 παρὰ

434 910 685 978 γυναικὸς
731 908 1107 979 στρατιώτιδος
1157 909 1384 979 χρύσεόν
1412 927 1464 962 τι
1513 909 1702 972 σκεῦος
1741 908 1849 961 τῶν
1872 908 2001 978 περὶ

433 1002 655 1074 δέρῤην,
687 1002 718 1071 ἦ
748 1003 903 1073 χεῖρα
936 1003 1436 1073 προκοσμημάτων,
1464 1003 1546 1070 ἐφ’
1571 994 1676 1070 ᾧτε
1712 1003 1809 1071 τὴν
1849 1018 2001 1069 γενο-

439 1094 606 1162 μένην
645 1093 793 1163 αύτῷ
845 1093 1059 1163 πληγὴν
1113 1092 1541 1164 διορθώσασθαι,
1599 1093 1879 1163 ἀπατῆσαι
1934 1093 2000 1146 δι’

437 1186 679 1247 ἐπινοίας
709 1184 807 1253 τὴν
835 1186 1118 1257 ἄνθρωπον
1142 1203 1157 1217 ο
1199 1187 1291 1239 καὶ
1335 1185 1626 1254 ὑφελέσθαι
1657 1188 1756 1257 μὲν
1784 1186 1843 1240 τὸ
1873 1184 2002 1257 χρύ-

440 1290 578 1336 σεον,
615 1273 916 1327 ἀντιδοῦναι
954 1273 1011 1326 δὲ
1043 1273 1272 1343 χάλκεον
1300 1274 1435 1344 αὐτῇ
1470 1273 1531 1326 τὸ
1572 1274 1783 1337 σκεῦος.
1825 1274 2004 1344 ἰσομέ-

440 1364 591 1431 γεθες
616 1362 693 1431 τῷ
723 1362 929 1433 χρυσῷ,
966 1362 1058 1415 καὶ
1086 1363 1186 1434 τὴν
1216 1364 1531 1433 ἐπιφάνειαν
1558 1366 1756 1435 ὁμοίως
1793 1365 1915 1435 ἔχον
1935 1364 2001 1420 δι’

438 1454 752 1507 ἐπιπολαίου
791 1451 986 1523 βαφῆς,
1020 1452 1228 1524 χρυσίῳ
1256 1453 1344 1506 τὸν
1374 1453 1571 1523 χαλκὸν
1620 1455 1998 1525 ἒέπαλείψανταρ

437 1543 926 1612 κατασοφισθεϊσαν
966 1543 1021 1594 δὲ
1069 1541 1147 1612 τῷ
1195 1542 1502 1614 φαινομένῳ
1548 1545 1645 1616 τὴν
1679 1544 1958 1615 ἄνθρωπον
1984 1559 1998 1572 ⁸

434 1636 601 1698 δεινὸς
631 1636 738 1706 γὰρ
756 1624 823 1706 ἦν
854 1636 945 1688 καὶ
971 1637 1038 1705 τῇ
1065 1635 1391 1705 χαλκευτικῇ
1432 1637 1518 1690 διὰ
1555 1637 1661 1689 τῶν
1688 1638 1786 1707 τῆς
1810 1637 2002 1709 τέχνης

438 1727 802 1795 σοφισμάτων,
831 1728 954 1788 τοὺς
976 1728 1285 1797 χρωμένους
1306 1726 1768 1796 παραλογίσασθαι
1790 1742 1801 1756 ·
1829 1726 2003 1799 χρόνῳ

437 1818 688 1886 φωρᾶσαι
719 1818 818 1886 τὴν
846 1816 973 1885 περὶ
1019 1816 1080 1868 τὸ
1123 1817 1342 1886 χρυσίον
1382 1817 1738 1887 κακουργίαν,
1764 1815 2003 1886 ἐξαλειφ-

436 1908 619 1977 θείσης
653 1910 715 1961 ἐκ
741 1908 831 1961 τοῦ
864 1907 1066 1977 χαλκοῦ
1104 1909 1201 1978 τῆς
1236 1908 1413 1977 βαφῆς
1434 1924 1447 1937 ο
1487 1906 1603 1960 εἶτα
1636 1906 1908 1979 μετελθεῖν
1943 1909 2002 1960 ὲν

433 1999 559 2071 δίκῃ
584 2000 672 2051 τὸν
706 1998 964 2067 κλέπτην,
1009 1998 1356 2069 στρατιωτῶν
1383 2013 1544 2051 τινων
1595 1998 1737 2050 κατὰ
1778 1998 1838 2051 τὸ
1872 2014 2001 2066 συγ-

436 2092 592 2157 γενὲς
644 2090 739 2143 καὶ
766 2090 1034 2160 ὁμόφυλον
1056 2082 1484 2159 συγκινηθέντων
1506 2090 1585 2152 εἰς
1609 2088 1997 2158 ἀγανάκτησιν.

436 2180 539 2232 Τὸν
574 2179 629 2232 δὲ
662 2179 901 2232 παθόντα
935 2181 1071 2249 μετὰ
1108 2180 1208 2247 τὴν
1241 2179 1445 2248 τόλμαν
1480 2179 1716 2248 ἐκείνην,
1769 2180 1868 2231 ὅσα
1908 2196 2004 2233 πα-

435 2270 547 2323 θεῖν
592 2270 736 2333 εἰκὸς
785 2270 875 2323 τὸν
912 2270 1222 2334 ἀπατεῶνα,
1268 2271 1362 2322 καὶ
1410 2270 1670 2341 κλέπτην,
1711 2270 1858 2341 ὅρκῳ
1900 2271 2001 2340 τῆς

433 2363 627 2431 τέχνης
656 2361 843 2414 ἑαυτὸν
886 2361 1219 2431 ἀποστῆσαι*
1250 2359 1436 2431 ὥσπερ
1462 2362 1582 2431 οὐχὶ
1616 2361 1715 2432 τῆς
1742 2360 2001 2433 προαιρέ-

437 2469 604 2519 σεως,
636 2452 770 2504 ἀλλὰ
796 2451 889 2504 τοῦ
929 2451 1487 2529 ἐπιτηδεύματοςιτὴν
1520 2453 1815 2522 ἐπιθυμίαν
1850 2452 2000 2522 αὐτῷ

432 2545 530 2614 τῆς
562 2544 768 2614 κλοπῆς
790 2544 1210 2615 ἐμποιήσαντος.
1265 2543 1579 2597 Ἀκόλουθον
1603 2545 1658 2596 δὲ
1687 2544 1822 2614 μετὰ
1845 2543 2003 2598 τοῦτο

434 2636 725 2706 γενόμενον
757 2634 942 2706 ἰατροῦ
964 2652 1106 2698 τινος
1130 2634 1237 2687 τῶν
1266 2634 1693 2704 ἁγυρτευόντων,
1726 2635 1802 2699 ὡς
1832 2634 1898 2689 ἂν
1929 2636 2002 2707 μὴ

434 2726 712 2790 παντελῶς
739 2727 994 2799 ἀπορήσῃ
1017 2725 1115 2796 τῆς
1136 2726 1440 2795 ἀναγκαίας
1466 2729 1693 2797 τροφῆς,
1722 2727 1921 2791 οἰκίαις
1944 2740 2002 2780 τε

433 2820 550 2883 ταῖς
584 2817 1000 2889 ἁφανεστέραις,
1034 2816 1126 2871 καί
1153 2834 1296 2870 τισιν
1334 2818 1765 2890 ἀπερριμμένοις
1797 2818 2005 2891 ἀνθρώ-

436 2928 557 2974 ποις
589 2911 681 2963 ὲπὶ
710 2909 788 2980 τῷ
825 2910 1172 2981 προσχήματι
1200 2910 1299 2979 τῆς
1340 2910 1587 2980 ἰατρικῆς
1620 2909 2000 2981 ἐπιφέρεσθαι.

439 2998 570 3054 Εἶτα
601 3002 721 3055 κατ’
756 2999 930 3069 ὀλίγον
975 3001 1055 3064 εἰς
1099 2999 1359 3072 εὐπορίαν
1411 2999 1558 3068 αὐτῷ
1614 3000 1714 3070 τῆς
1764 3002 2004 3062 ἐπινοίας

436 3092 714 3164 ἐλθούσης,
755 3093 1037 3163 ’Δρμενίου
1065 3092 1209 3156 τινὸς
1236 3092 1639 3162 εύεξαπατήτου
1669 3090 1759 3147 διὰ
1788 3094 1850 3146 τὸ
1875 3093 2006 3164 βάρ-

2101 632 2301 701 quique
2327 636 2582 685 stannum
2615 630 2814 684 ictibus
2847 628 3143 693 molliebat,
3173 636 3227 683 et
3263 628 3544 697 plumbeas
3592 627 3670 681 le—

2101 723 2285 777 betum
2318 722 2474 776 bases
2506 720 2788 783 fundebat,
2822 733 3041 774 causam
3078 734 3207 774 vero
3230 720 3354 772 vita:
3396 717 3671 773 mutanda

2102 813 2275 868 fuisse
2308 813 2387 867 illi
2425 812 2788 867 calamitatem
2816 811 3104 881 quamdam
3130 825 3197 865 ex
3232 810 3448 879 opiflcio
3471 820 3668 864 ortam.

2102 905 2342 976 Accepto
2385 905 2531 961 enim
2574 906 2643 960 ab
2689 918 2859 958 uxore
2898 903 3086 957 militis
3112 902 3402 971 cujusdam
3440 904 3523 955 vel
3557 917 3675 954 ma-

2102 1016 2295 1067 nuum,
2330 1000 2411 1055 vel
2434 999 2560 1054 colli
2598 1008 2958 1061 ornamento,
2995 1007 3055 1051 ut
3101 996 3234 1050 illud
3279 997 3387 1049 ictu
3434 995 3672 1065 quodam

2104 1090 2334 1146 fractum
2388 1098 2708 1160 repararet,
2760 1089 3190 1145 circumvenisse
3246 1088 3561 1150 mulierem,
3616 1093 3673 1141 et

2103 1197 2330 1237 aureum
2363 1182 2583 1252 quidem
2615 1181 2819 1238 monile
2857 1180 3212 1251 surripuisse,
3249 1196 3449 1235 aereum
3488 1188 3673 1233 autem

2104 1273 2427 1338 reddidisse,
2459 1290 2611 1343 :cque
2631 1288 2886 1343 magnum
2911 1288 2973 1326 ac
2996 1287 3220 1325 aureum
3246 1312 3260 1333 ,
3297 1273 3563 1341 planeque
3596 1270 3674 1326 si-

2107 1367 2232 1419 mile
2260 1365 2317 1419 in
2354 1365 2680 1434 superficie,
2723 1365 2793 1419 ob
2837 1365 3136 1418 tincturam
3177 1374 3494 1429 externam,
3534 1364 3674 1417 illito

2105 1471 2240 1509 auro
2287 1455 2379 1509 acri
2417 1475 2431 1509 :
2469 1454 2749 1524 deceptam
2788 1469 2917 1508 vero
2958 1460 3251 1523 apparente
3306 1452 3487 1522 specie
3528 1448 3674 1507 femi-

2104 1562 2230 1601 nam
2270 1547 2500 1617 (peritus
2539 1547 2682 1601 enim
2729 1553 2848 1601 erat
2892 1547 3060 1599 variis
3112 1545 3250 1599 fucis
3289 1552 3343 1599 et
3389 1543 3674 1600 fraudibus

2104 1638 2311 1692 aerariae
2349 1653 2461 1693 sua:
2498 1638 2632 1692 artis
2666 1636 3151 1692 circumscribendi
3196 1651 3324 1701 eos,
3370 1636 3465 1705 qui
3507 1651 3674 1706 opera

2107 1728 2255 1782 illius
2279 1729 2594 1792 utebantur)
2629 1743 2890 1783 successu
2920 1728 3181 1796 temporis
3219 1729 3575 1797 imposturam
3620 1734 3675 1783 et

2108 1817 2432 1873 maleficium
2470 1818 2914 1887 deprehendisse,
2949 1818 3125 1873 deleta
3161 1834 3227 1873 ex
3258 1834 3364 1874 aere
3395 1818 3633 1873 tinctura
3658 1837 3673 1850 ·

2104 1919 2356 1964 caeterum
2384 1910 2639 1979 deinceps
2668 1909 2841 1964 furem
2873 1910 2928 1964 in
2959 1911 3052 1980 jus
3082 1918 3368 1976 vocatum,
3406 1912 3675 1967 militibus

2102 2002 2380 2055 nonnullis
2416 2017 2513 2070 pro
2537 2012 2725 2057 mutuo
2754 2002 2895 2056 inter
2918 2018 2976 2055 se
3007 2018 3107 2055 usu
3140 2010 3193 2056 et
3224 2017 3408 2056 amore
3438 2003 3675 2073 indigni-

2104 2100 2268 2146 tatem
2303 2090 2565 2147 facinoris
2589 2108 2731 2163 :egre
2764 2092 3087 2148 ferentibus.
3128 2088 3285 2149 Hunc
3322 2102 3502 2148 autem
3548 2110 3676 2164 per-

2104 2197 2322 2252 pessum
2360 2198 2421 2237 ea
2457 2199 2578 2252 quae
2618 2184 2969 2253 impostorem
3009 2196 3061 2238 et
3113 2184 3284 2238 furem
3330 2187 3537 2255 perpeti
3582 2201 3675 2242 nc-

2104 2286 2258 2327 cesse
2293 2281 2397 2335 est,
2424 2271 2782 2342 jurejurando
2811 2271 3044 2326 artificio
3079 2287 3181 2327 suo
3211 2288 3331 2328 sese
3362 2274 3673 2331 abdicasse.

2103 2356 2269 2427 Quasi
2305 2378 2413 2416 non
2458 2361 2707 2417 voluntas
2737 2369 2791 2416 et
2826 2364 3164 2432 propositum
3192 2402 3207 2426 ,
3256 2363 3349 2417 sed
3396 2364 3675 2431 opificium

2103 2454 2153 2505 ei
2186 2452 2317 2506 furti
2347 2454 2699 2523 cupiditatem
2722 2453 2987 2522 injecerit.
3015 2451 3261 2507 Posthaac
3275 2452 3478 2507 factum
3506 2453 3677 2511 fuisse

2105 2541 2365 2597 famulum
2405 2543 2604 2598 medici
2634 2543 2919 2614 cujusdam
2962 2544 3415 2608 circumforanei,
3456 2561 3525 2600 ne
3558 2560 3675 2599 om-

2103 2634 2236 2687 nino
2259 2635 2422 2690 rebus
2449 2635 2513 2690 ad
2540 2635 2742 2689 victum
2788 2635 3114 2690 necessariis
3158 2635 3584 2703 destitueretur;
3620 2642 3677 2691 et

2105 2724 2387 2780 medicinae
2413 2733 2676 2796 praetextu
2717 2726 3055 2795 abjeetorum
3086 2731 3140 2780 et
3173 2726 3523 2781 sordidorum
3573 2727 3674 2783 ho-

2105 2815 2313 2868 minum
2354 2830 2512 2870 casas
2545 2822 2599 2870 et
2628 2816 2853 2870 latibula
2886 2816 3111 2870 obiisse.
3164 2813 3360 2871 Postea
3410 2817 3675 2887 paulatim

2104 2906 2299 2973 opibus
2320 2914 2558 2969 auctum,
2588 2912 2640 2960 et
2668 2904 2927 2959 Armenio
2946 2905 3202 2974 quodam,
3223 2920 3383 2975 quem
3413 2914 3677 2976 tanquam

2106 2996 2396 3050 barbarum
2428 2995 2482 3048 in
2516 2995 2761 3049 fraudein
2793 2996 3003 3049 illicerc
3035 2995 3172 3049 nihil
3199 3006 3319 3050 erat
3349 2998 3572 3066 negotii,
3614 3003 3677 3052 ut

2107 3087 2209 3141 sibi
2235 3087 2381 3141 velut
2411 3087 2626 3140 medico
2660 3101 2822 3141 aures
2859 3086 3035 3151 daret,
3063 3102 3349 3155 persuaso,
3380 3087 3678 3158 multisque

435 3184 619 3256 ϐαρον,
647 3185 721 3248 ὡς
759 3184 927 3254 ἰατρῷ
958 3184 1244 3255 προσέχειν
1277 3184 1717 3249 ἀναπεισθέντος,
1748 3186 1843 3237 καὶ
1877 3202 2002 3255 συχ-

2108 3180 2295 3235 abillo
2331 3180 2448 3233 auri
2478 3178 2815 3248 ponderibus
2852 3178 3123 3247 acceptis,
3160 3177 3443 3247 indignum
3488 3179 3678 3235 existi-

434 3278 521 3331 νὺν
550 3276 697 3349 αὑτῷ
727 3276 1191 3348 ὑποχορηγοῦντος
1216 3276 1499 3347 ἀργύριον,
1533 3276 1726 3348 μικρὸν
1752 3275 2002 3346 ἡγεῖσθαι

2107 3286 2316 3335 masse,
2358 3277 2417 3324 ut
2457 3270 2511 3323 in
2547 3276 2827 3337 posterum
2860 3269 2985 3323 aliis
3022 3269 3074 3322 in
3116 3276 3232 3322 arte
3264 3269 3471 3324 medica
3503 3271 3679 3325 servi-

432 3369 530 3439 ἦδη
565 3367 625 3422 τὸ
662 3367 908 3439 θητεύειν
952 3367 1158 3437 ἑτέροις
1202 3370 1294 3421 ἐπὶ
1332 3371 1398 3438 τῇ
1450 3369 1639 3439 τέχνῃ,
1680 3367 1793 3421 ἀλλ’
1840 3368 2002 3421 αὑτὸν

433 3459 616 3526 ἀξιοῦν
650 3460 829 3530 ἰατρὸν
866 3455 1004 3513 εἶναι
1039 3461 1132 3513 καὶ
1156 3460 1534 3531 ὀνομάζεσθαι.
1584 3458 1863 3513 Ἐντεῦθεν
1894 3460 2005 3511 τοί-

434 3568 529 3605 νυν
570 3551 837 3619 συλλόγων
866 3568 927 3604 τε
974 3554 1218 3622 μετεῖχεν
1255 3551 1529 3621 ἰατρικῶν,
1579 3552 1673 3603 καὶ
1711 3554 1823 3614 τοῖς
1868 3550 2004 3620 πρὸς

435 3641 549 3714 ἔριν
571 3641 931 3713 λογομαχοῦσι
969 3641 1443 3713 καταμιγνύμενος
1466 3683 1480 3706 ,
1508 3639 1616 3693 τῶν
1647 3638 1891 3709 βοώντων
1924 3636 2004 3701 εἷς

432 3724 522 3801 ἦν.
554 3730 663 3784 Καὶ
693 3731 750 3783 ὲν
770 3733 835 3800 τῇ
871 3730 965 3782 τοῦ
1003 3731 1162 3799 λόγου
1195 3733 1334 3800 ῥοπῇ
1371 3729 1433 3782 τὺ
1462 3728 1584 3781 καθ’
1612 3728 1802 3782 ἑαυτὸν
1837 3745 2004 3798 προσ-

434 3820 619 3885 τιθεὶς,
663 3822 722 3873 ού
754 3820 964 3890 μικρῶς
992 3820 1351 3884 ἐσπουδάζετο
1388 3819 1540 3890 παρὰ
1570 3818 1677 3871 τῶν
1703 3818 1763 3870 τὸ
1792 3818 2005 3880 ἀναιδὲς

435 3913 534 3982 τῆς
576 3911 760 3982 φωνῆς
792 3912 927 3984 πρὸς
964 3912 1060 3976 τὰς
1101 3912 1308 3966 ἑαυτῶν
1350 3910 1680 3980 φιλονεικίας
1711 3908 2005 3979 ἐκμισθου·

439 4003 631 4074 μένων.

506 4093 900 4162 Λιπαρωτέρας
929 4091 983 4144 δὲ
1018 4090 1105 4144 διὰ
1139 4090 1340 4144 τούτων
1385 4088 1826 4160 προσγενομένης
1858 4088 2005 4159 αύτῷ

438 4181 539 4251 τῆς
574 4180 781 4252 μάζης,
832 4181 930 4234 οὐκ
972 4178 1248 4250 ἐπιμένειν
1279 4177 1415 4250 ᾤετο
1445 4178 1554 4233 δεῖν
1578 4179 1686 4231 οὐδ’
1731 4180 1787 4233 ὲν
1832 4180 2006 4251 τούτῳ

436 4270 513 4342 τῷ
547 4270 677 4341 βίῳ,
709 4269 844 4322 ἀλλὰ
887 4268 983 4339 τὴν
1019 4269 1264 4339 ἰατρικὴν
1305 4268 1518 4337 ἐκείνην
1551 4268 1688 4338 μετὰ
1729 4269 1828 4338 τῆς
1875 4270 2004 4339 χαλ-

437 4365 694 4430 κευτικῆς
740 4360 858 4414 κατ’
906 4361 1082 4428 ὀλίγον
1131 4360 1490 4414 ὑπαπεδύετο.
1540 4361 1746 4432 Ἀρείου
1804 4361 1859 4413 δὲ
1911 4359 2005 4413 τοῦ

439 4452 709 4522 θεομάχου
733 4452 803 4504 τὰ
845 4451 1057 4521 πονηρὰ
1085 4450 1258 4505 ταῦτα
1305 4450 1590 4521 σπέρματα
1618 4452 1725 4503 τῶν
1755 4450 2006 4514 ζιζανίων

2106 3370 2220 3426 ret;
2266 3358 2361 3415 sed
2410 3360 2651 3429 scipsum
2702 3375 2801 3429 pro
2854 3360 3068 3413 medico
3109 3358 3302 3413 haberi
3341 3366 3395 3414 et
3432 3360 3538 3414 dici
3581 3374 3679 3415 vo—

2108 3449 2292 3504 luisse.
2329 3448 2405 3504 Ex
2434 3451 2527 3503 illo
2562 3449 2727 3520 igitur
2759 3458 3005 3518 tempore
3033 3456 3398 3503 conventuum
3434 3451 3677 3506 medico-

2108 3555 2228 3593 rum
2265 3540 2580 3610 participem
2624 3539 2827 3593 factum
2849 3578 2865 3604 ,
2896 3538 3262 3594 immiscuisse
3294 3555 3353 3594 se
3394 3540 3539 3607 illis,
3584 3541 3680 3612 qui

2108 3633 2346 3703 linguam
2390 3632 2456 3686 ad
2497 3633 2646 3687 rixas
2684 3639 2983 3695 exercent,
3021 3646 3300 3700 unumque
3339 3646 3403 3685 ex
3449 3647 3681 3689 numero

2104 3724 2418 3779 rabularum
2450 3721 2643 3786 fuisse,
2675 3730 2751 3785 et,
2788 3735 2912 3776 eum
2941 3721 2997 3775 in
3025 3718 3225 3791 lingua:
3247 3721 3586 3777 volubilitate
3627 3731 3681 3777 et

2105 3815 2316 3871 viribus
2357 3812 2645 3867 facultates
2680 3826 2809 3866 suas
2844 3811 2981 3866 sitas
3020 3810 3380 3877 existimaret,
3426 3828 3535 3866 non
3579 3827 3680 3884 pa.

2107 3922 2227 3959 rum
2271 3904 2596 3958 honoratum
2623 3918 2747 3958 esse
2775 3902 2993 3966 abillis,
3020 3902 3114 3972 qui
3145 3903 3537 3972 impudentiam
3568 3907 3681 3961 oris

2108 3996 2174 4050 ad
2203 3995 2454 4065 pr0prias
2485 3993 2865 4048 contentiones
2894 3992 3230 4047 conducunt.

2180 4087 2352 4142 Porro
2383 4100 2506 4141 cum
2546 4100 2610 4141 ex
2646 4085 2751 4139 hoc
2782 4083 2906 4138 vitae
2937 4097 3132 4153 genere
3160 4085 3413 4156 pinguior
3445 4086 3493 4140 ei
3519 4084 3682 4143 obve-

2106 4178 2280 4233 nisset
2306 4175 2546 4241 fortuna,
2592 4190 2701 4230 non
2744 4176 2952 4245 putavit
2993 4176 3202 4230 diutius
3248 4176 3303 4229 in
3335 4191 3401 4231 eo
3430 4192 3681 4246 perseveo

2108 4271 2364 4332 randum,
2403 4267 2495 4323 sed
2527 4275 2698 4321 artem
2738 4268 2887 4320 illam
2920 4266 3188 4321 medicam
3226 4282 3350 4320 cum
3377 4267 3554 4321 fabrili
3584 4283 3679 4323 seu

2108 4364 2298 4418 aeraria
2337 4361 2594 4431 paulatim
2626 4359 2889 4415 deseruit.
2917 4358 3050 4412 Ario
3096 4366 3277 4413 autem
3325 4358 3546 4414 inimico
3588 4359 3683 4415 Dei

2109 4452 2414 4523 perniciosa
2463 4450 2554 4503 illa
2592 4448 2926 4504 zizaniorum
2976 4447 3185 4503 semina
3236 4457 3448 4503 serente
3478 4450 3498 4480 ⁸
3528 4449 3683 4519 (quo.

439 4543 855 4615 ὲνσπείραντος’
888 4537 961 4595 ὧν
1005 4545 1033 4596 ὁ
1078 4543 1287 4613 καρπός
1325 4544 1441 4596 ὲστι
1469 4543 1575 4596 τῶν
1613 4542 1904 4612 Ἀνομοίων
1936 4540 2004 4594 τὰ

2110 4560 2228 4599 rum
2265 4543 2477 4598 fructus
2497 4550 2579 4596 est
2610 4540 2857 4595 doctrina
2889 4539 3325 4609 Anomceorum),
3345 4540 3544 4594 scholae
3574 4556 3683 4594 me-

438 4636 707 4707 δόγματα,
735 4636 790 4688 αἱ
810 4634 918 4687 τῶν
937 4634 1183 4705 ἰατρείων
1210 4635 1395 4704 σχολαὶ
1424 4632 1723 4704 τηνικαῦτα
1745 4637 1857 4696 τοῖς
1877 4633 2006 4704 περὶ

438 4730 532 4784 τοῦ
578 4730 885 4801 ζητήματος
933 4727 1141 4781 ἐκείνου
1173 4726 1421 4797 θορύϐοις
1455 4725 1829 4798 περιηχοῦντο.
1877 4726 2007 4796 Ἐμ-

443 4822 744 4893 μελετήσας
793 4820 972 4874 τοίνυν
1028 4821 1094 4889 τῇ
1142 4818 1363 4889 τοιαύτῃ
1413 4816 1695 4889 διατριϐῇ,
1746 4816 1839 4871 καί
1887 4835 2009 4873 τινα

442 4918 810 4988 συλλογισμῶν
853 4914 1037 4984 ἔφοδον
1068 4914 1126 4979 ἐξ
1167 4912 1608 4984 Ἀριστοτελικῶν
1634 4911 2008 4983 ἀτιηχημάτων

443 5007 867 5079 παρατηρήσας,
901 5001 1198 5073 ὀνομαστὸς
1237 4997 1304 5072 ἦν
1329 5001 1420 5054 τὸν
1462 5000 1673 5072 πατέρα
1722 5001 1821 5071 τῆς
1853 5002 2006 5073 αίρέ-

444 5116 579 5162 σεως
620 5100 823 5171 Ἀρεῖον
856 5099 921 5168 τῇ
964 5096 1241 5165 καινότητι
1271 5095 1380 5147 τῶν
1408 5093 1810 5165 ἐφευρεθέντων
1840 5094 2009 5165 ὑπερ-

442 5188 795 5260 ϐαλλόμενος,
843 5188 1040 5258 μᾶλλον
1083 5187 1137 5240 δὲ
1177 5187 1285 5240 τῶν
1330 5186 1459 5257 παρ’
1504 5186 1711 5240 ἐκείνου
1745 5184 2010 5239 τεθέντων

442 5281 539 5351 τὴν
603 5279 920 5334 ἀκολουθίαν
983 5280 1323 5348 κατανοήσας
1382 5276 1631 5347 ἀγχίνοός
1695 5294 1776 5341 τις
1835 5276 2011 5341 ἔδοξεν

444 5368 580 5426 εἶναι
614 5374 704 5425 καὶ
737 5372 843 5425 τῶν
891 5371 1132 5443 κρυφίων
1167 5369 1475 5441 εὐρετικόςο
1524 5368 1583 5421 τὸ
1614 5368 1828 5423 κτιστδν
1851 5408 1865 5433 ,
1917 5368 2011 5420 καὶ

442 5466 503 5518 τὸ
531 5464 589 5530 ἐξ
630 5464 729 5517 ούκ
765 5463 952 5527 ὄντων,
983 5463 1233 5532 ἀνόμοιον
1256 5458 1395 5514 εἶναι
1422 5459 1500 5530 τῷ
1522 5461 1784 5524 κτίσαντι,
1818 5461 1908 5514 καὶ
1932 5458 2009 5530 τῷ

445 5554 818 5627 παραγαγόντι
856 5555 919 5606 ὲκ
944 5552 1036 5606 τοῦ
1060 5553 1133 5624 μὴ
1160 5552 1309 5615 ὄντος
1337 5550 1772 5622 ἀποφηνάμενος.

520 5837 543 5869 ⁸
565 5835 754 5892 Matth.
778 5850 900 5900 xm,
931 5834 1003 5889 τι
1041 5850 1155 5906 sqq.

2110 4637 2355 4691 dicorum
2379 4632 2708 4689 clamoribus
2736 4632 2805 4686 de
2833 4631 2936 4684 hac
2959 4631 3264 4700 quaestione
3296 4632 3683 4699 personabant.

2111 4727 2279 4798 Igitur
2317 4740 2440 4780 cum
2482 4723 2670 4779 Aetius
2719 4723 2773 4776 in
2803 4721 2907 4775 hac
2955 4720 3205 4791 palaestra
3239 4720 3528 4790 diligenter
3563 4739 3687 4778 sese

2110 4818 2467 4880 exercuisset,
2523 4823 2576 4870 et
2618 4814 3059 4886 syllogismorum
3107 4811 3271 4867 etiam
3322 4813 3683 4881 quorumdam

2112 4926 2179 4965 ex
2208 4907 2575 4963 Aristotelicis
2605 4905 2974 4960 monumentis
3013 4903 3322 4973 congeriem
3351 4904 3682 4974 collegisset,

2112 5004 2297 5057 clarus
2341 5007 2395 5053 et
2454 4997 2686 5052 celebris
2743 5004 2880 5058 erat,
2939 5002 3195 5063 superato
3245 4994 3407 5048 etiam
3463 5005 3687 5064 parente

2114 5093 2277 5161 hujus
2305 5092 2576 5145 haereseos
2611 5088 2763 5151 Ario,
2795 5086 2940 5155 quod
2980 5085 3045 5138 ad
3084 5085 3426 5139 inventorum
3470 5086 3686 5157 dogma~

2114 5192 2227 5236 tum
2273 5182 2571 5236 novitatem
2611 5178 2837 5243 attinet;
2876 5185 2930 5231 et
2968 5191 3092 5230 cum
3144 5176 3316 5246 magis
3360 5176 3684 5247 intelligeret

2115 5272 2363 5326 ordinem
2400 5276 2455 5323 et
2498 5267 2898 5323 connexionem
2936 5280 3143 5329 eorum,
3186 5280 3308 5335 quae
3353 5266 3517 5320 Arius
3543 5282 3684 5321 com-

2118 5369 2332 5418 mentus
2354 5359 2550 5423 fuerat,
2592 5372 2758 5428 sagax
2790 5364 2845 5411 et
2871 5356 3045 5412 solers
3074 5355 3393 5422 habebatur,
3423 5362 3476 5409 et
3504 5354 3570 5410 ad
3594 5371 3689 5412 res

2119 5455 2400 5510 abstrusas
2429 5451 2763 5522 indagandas
2794 5462 3054 5520 perquam
3086 5446 3335 5509 idoneus,
3364 5447 3682 5513 ostendens,

2118 5546 2172 5600 id
2204 5545 2347 5614 quod
2374 5553 2615 5599 creatum
2640 5550 2803 5607 esset,
2851 5549 2907 5595 et
2930 5554 2998 5595 ex
3048 5552 3157 5592 non
3180 5544 3304 5593 ente
3341 5552 3436 5593 seu
3488 5538 3685 5603 nihilo,

2121 5636 2386 5692 dissimile
2413 5650 2535 5692 esse
2560 5633 2826 5692 Creatori.
2861 5639 2915 5689 et
2956 5631 3029 5695 ei,
3069 5629 3213 5700 quod
3248 5645 3313 5684 es
3358 5629 3528 5684 nihilo
3551 5630 3687 5686 edn.

2123 5724 2222 5778 xit.
