4166 6372
488 353 599 411 263
1724 350 1783 407 S.
1819 348 2154 408 GREGORII
2189 352 2492 409 NYSSENI

3628 356 3732 412 9.65

562 464 635 521 Ut
664 478 793 534 ergo
832 462 1149 533 hujusmodi
1188 463 1531 521 sermonibus
1575 478 1754 518 rerum
1796 480 2060 519 novarum

2246 468 2463 538 Ἐπειδὴ
2510 466 2682 520 τοίνυι
2732 465 2819 519 διὰ
2863 465 2970 520 τῶν
3001 465 3254 521 τοιούτων
3291 466 3463 535 λόγων
3502 466 3600 530 τὰς
3644 486 3735 536 φι-

489 556 718 628 cupidas
761 571 923 611 aures
962 556 1225 622 titillavit,
1260 555 1478 621 accidit,
1508 562 1567 608 ut
1601 557 1741 608 hanc
1767 556 2064 610 novitatem

2179 556 2443 619 λοκαίνους
2486 556 2593 608 τῶν
2635 554 2808 609 ταῦτα
2846 554 3141 608 νοσούντων
3183 555 3351 618 ἀκοὰς
3380 556 3733 625 ἐγαργάλιζε,

489 649 653 702 etiam
694 654 1051 718 cognosceret
1099 645 1435 716 Theophilus
1468 645 1743 715 Blemmys
1779 646 1880 714 (a),
1908 645 2067 713 cujus

491 738 675 794 studio
701 753 825 792 cum
860 735 1017 790 Gallo
1065 736 1349 791 familiaris
1395 743 1562 798 esset,
1606 735 1785 789 aditus
1829 734 2069 803 patefac-

492 836 581 882 tus
602 838 685 883 est
712 827 868 881 Aetio
890 826 956 879 ad
986 826 1267 895 palatium.
1301 825 1369 879 At
1387 840 1512 879 cum
1536 823 1724 879 Gallus
1742 823 2068 893 praefectum

494 918 857 974 Domitianum
881 927 933 971 et
950 915 1209 969 Montium
1236 914 1307 985 (b)
1327 917 1587 969 scelerate
1613 915 1883 968 trucidare
1905 928 2070 967 ausus

494 1009 713 1075 fuisset,
748 1022 960 1071 omnes,
994 1005 1087 1076 qui
1128 1004 1435 1061 detestandi
1464 1006 1610 1060 illius
1653 1005 1909 1059 facinoris
1944 1019 2070 1073 par-

498 1104 688 1174 ticipes
740 1102 975 1165 fuerant,
1031 1102 1327 1170 participes
1372 1102 1537 1156 etiam
1595 1101 1835 1166 fuerunt,
1879 1109 1937 1155 ut
1976 1116 2073 1170 par

497 1202 635 1257 erat,
670 1194 925 1247 interitus
966 1191 1147 1246 illius:
1179 1192 1330 1246 solus
1361 1193 1465 1246 iste
1503 1190 1689 1261 effugit
1720 1190 2069 1259 supplicium,

497 1284 691 1354 dignus
714 1284 1015 1353 judicatus,
1043 1283 1138 1352 qui
1177 1282 1313 1335 nihil
1349 1281 1566 1336 adversi
1607 1288 1913 1350 pateretur,
1948 1293 2071 1333 cum

498 1375 618 1429 aliis
647 1373 894 1443 ejusdem
935 1373 1158 1429 sceleris
1204 1372 1578 1427 consortibus.
1624 1372 1836 1426 Interea
1878 1385 2074 1439 magno

496 1464 798 1518 Athanasio
834 1478 900 1517 ex
928 1462 1419 1516 Alexandrinorum
1450 1459 1692 1514 Ecclesia
1729 1457 2075 1529 imperatoris

499 1551 784 1622 tyrannide
815 1551 1010 1621 cjeclo,
1041 1548 1272 1620 Georgio
1312 1557 1492 1605 autem
1529 1546 1948 1603 Tarbasthenite
1981 1562 2078 1617 po-

497 1642 685 1711 pulum
741 1643 893 1696 illum
949 1642 1288 1696 convellente
1347 1648 1401 1695 et
1460 1640 1808 1709 exagitante,
1879 1639 2075 1693 iterum

500 1733 903 1788 Alexandrinus
932 1734 989 1787 fit
1021 1734 1235 1797 Aetius,
1257 1732 1481 1810 ‘nemine
1506 1730 1736 1785 inferior
1759 1746 1825 1785 ex
1856 1728 1964 1785 illis
1985 1730 2077 1799 qui

2169 648 2422 716 γινώσκει
2466 647 2563 718 τὴν
2610 646 2972 715 καινοφωνίαν
3019 646 3218 717 ταύτην
3270 647 3365 701 καὶ
3413 650 3441 701 ὁ
3481 648 3738 719 Βλέμμυς

2170 737 2457 806 Θεόφιλος,
2492 731 2535 804 ᾧ
2567 736 2853 805 συνηθείας
2884 735 3026 799 τινὸς
3075 737 3202 806 περὶ
3250 736 3340 788 τὸν
3372 736 3573 790 Γάλλον
3605 755 3739 807 προ·-

2172 827 2537 898 υπαρχούσης,
2565 828 2592 878 ό
2624 827 2825 890 Ἀέτιος
2854 828 2931 890 εἰς
2962 826 3030 879 τὰ
3056 827 3297 896 βασίλεια
3318 827 3381 879 δι’
3412 826 3573 882 αὑτοῦ
3599 845 3739 898 παρ-

2171 921 2371 974 εδύετο.
2421 921 2463 972 Τ
2466 920 2525 972 οὗ
2564 920 2621 972 δὲ
2677 919 2804 989 περὶ
2845 920 2935 972 τὸν
2983 919 3224 990 ὕπαρχον
3274 920 3596 989 Δομετιανὸν
3645 921 3741 973 καὶ

2172 1012 2401 1067 Μόντιον
2451 1012 2615 1079 ἄγους
2658 1009 2954 1082 τηνικαῦτα
2998 1008 3354 1079 τολμηθέντος
3388 1009 3466 1079 τῷ
3518 1009 3737 1079 Γάλλῳ,

2174 1106 2373 1168 πάντες
2406 1104 2454 1156 οἱ
2505 1105 2746 1157 κοινωνοὶ
2785 1102 2877 1155 τοῦ
2911 1102 3217 1172 μιάσματος
3249 1103 3627 1171 συμμετεῖχον,
3665 1102 3743 1163 ὡς

2174 1195 2340 1258 εἰκὸς,
2378 1194 2478 1263 τῆς
2508 1193 2713 1246 ἐκείνου
2734 1193 3144 1263 καταστροφῆς.
3176 1192 3313 1246 Ἀλλ’
3347 1188 3501 1255 οὗτος
3537 1191 3743 1245 ἐκδύνει

2175 1286 2272 1356 τὴν
2318 1285 2604 1356 τιμωρίαν,
2655 1285 2773 1337 οὐδὲ
2814 1284 2905 1337 τοῦ
2936 1284 3127 1337 παθεῖν
3171 1302 3221 1336 τι
3252 1284 3421 1338 κακὸν
3470 1284 3605 1353 μετὰ
3635 1285 3745 1338 τῶν

2176 1377 2461 1429 συναιτίων
2499 1376 2592 1428 τοῦ
2636 1375 2801 1443 ἄγους
2847 1373 2992 1440 ἄξιος
3029 1368 3166 1426 εἶναι
3199 1373 3427 1445 κριθείς.
3469 1373 3592 1426 Ἐπὶ
3617 1373 3742 1426 τοῦ·

2176 1487 2290 1532 τοις
2319 1468 2412 1520 τοῦ
2447 1468 2679 1538 μεγάλου
2720 1465 3031 1520 Ἀθανασίου
3058 1465 3306 1535 βασιλικῇ
3336 1464 3619 1536 δυναστείᾳ
3648 1467 3746 1535 τῆς

2191 1557 2584 1629 ’Δλεξανδρέων
2622 1556 2943 1626 Ἐκκλησίας
2969 1553 3369 1625 μετατεθέντος·
3402 1555 3673 1624 Γεωργίου
3690 1555 3746 1608 δὲ

2177 1652 2269 1705 τοῦ
2332 1649 2769 1720 Ταρὸασθηνίτου
2831 1648 2923 1699 τὸν
2966 1649 3167 1699 ἐκεῖνον
3213 1646 3337 1698 λαὸν
3378 1645 3744 1708 διασπῶντος,

2179 1736 2341 1790 πάλιν
2394 1736 2772 1806 Ἀλεξανδρεὺς
2804 1738 2833 1787 ὁ
2878 1735 3096 1798 Ἀέτιος,
3131 1733 3340 1796 οὐδενὸς
3370 1733 3587 1787 ἔλαττον
3609 1734 3747 1804 ἔχων

500 1824 572 1879 ob
595 1824 754 1879 ollam
781 1825 1223 1894 parasitabantur
1245 1821 1573 1892 Cappadoci.
1607 1822 1729 1875 Non
1751 1820 1894 1874 enim
1913 1820 2078 1874 Geor-

2179 1828 2286 1881 τῶν
2313 1828 2760 1900 ὑποτρεφομένων
2789 1825 2882 1879 καὶ
2921 1823 3361 1895 παρασιτούντων
3398 1824 3473 1894 τῷ
3508 1827 3746 1878 Καππα-

505 1916 593 1986 gio
634 1916 923 1971 assentari
976 1914 1276 1977 nesciebat,
1337 1912 1537 1982 quippe
1595 1910 1960 1974 Chananiaeo,
2020 1909 2075 1964 in

500 2021 684 2076 quem,
719 2006 866 2060 velut
897 2004 1084 2059 eodem
1121 2018 1319 2072 genere
1352 2013 1405 2057 et
1430 2002 1577 2055 tribu
1613 1996 1961 2071 prognatum,
1984 2001 2079 2055 ad-

502 2099 722 2153 modum
758 2096 1022 2151 benevolo
1069 2104 1186 2151 erat
1230 2094 1452 2160 animo;
1507 2094 1597 2150 ille
1649 2094 1889 2149 vicissim
1936 2093 2078 2147 Aetii

500 2188 876 2243 oblectabatur
922 2186 1358 2249 consuetudine,
1426 2185 1754 2254 jampridem
1810 2183 2079 2253 dogmatis

502 2279 647 2333 illius
693 2275 1048 2347 perversitate
1094 2282 1309 2347 captus,
1363 2282 1417 2329 et
1467 2275 1626 2329 Aetio
1676 2274 1825 2327 velut
1868 2274 2080 2328 lucrum

510 2367 784 2437 quoddam
826 2369 1158 2437 insperatum
1191 2366 1521 2436 propositus.

570 2456 701 2522 Quae
724 2456 944 2511 minime
962 2456 1239 2525 fugiebant
1256 2456 1548 2525 genuinum
1567 2456 1738 2526 ipsius
1754 2456 2079 2525 discipulum

500 2542 829 2596 Eunomium
861 2542 1046 2607 istum,
1075 2542 1308 2611 quicum
1328 2542 1500 2611 patris
1523 2545 1630 2606 sui,
1650 2550 1845 2597 caetera
1870 2543 2080 2612 optimi,

500 2639 727 2700 excepto
762 2631 865 2684 hoc
894 2645 1026 2694 uno,
1052 2630 1195 2700 quod
1229 2631 1391 2686 talem
1436 2635 1623 2702 genuit
1652 2633 1847 2699 lilium,
1870 2634 2083 2692 vivendi

501 2723 769 2776 rationem
793 2722 1079 2776 honestam
1102 2722 1319 2791 quidem
1340 2730 1393 2777 et
1410 2722 1618 2793 legibus
1637 2736 2082 2783 consentaneam.

502 2812 599 2868 sed
639 2821 820 2866 tamen
861 2810 1133 2868 difficilem
1173 2811 1241 2866 ob
1268 2821 1585 2882 egestatem,
1616 2822 1672 2870 et
1705 2815 1931 2870 infinitis
1972 2817 2086 2885 ple-

501 2917 625 2956 nam
675 2900 939 2956 molestiis
983 2899 1193 2955 videret
1238 2901 1378 2970 (erat
1418 2901 1561 2955 enim
1594 2902 1851 2972 agricola,
1904 2912 2086 2958 aratro

509 3001 777 3059 assuetus,
812 3000 865 3047 et
904 2992 1128 3047 rusculo
1169 3007 1269 3049 suo
1302 2993 1529 3048 colendo
1580 2994 1751 3048 multo
1782 2994 1967 3050 labore
2005 2996 2089 3049 in-

500 3091 685 3138 tentus
725 3100 738 3134 :
794 3084 969 3138 hieme
1021 3099 1150 3139 vero
1190 3100 1316 3138 cum
1362 3084 1430 3138 ab
1477 3084 1812 3148 agricultura
1874 3086 2088 3140 vacatio

2175 1921 2336 1991 δόκῃ·
2362 1921 2481 1973 οὐδὲ
2507 1920 2615 1990 γὰρ
2636 1920 2734 1990 τῆς
2750 1917 3039 1979 κολακείας
3060 1915 3347 1986 ἀμελήτως
3371 1912 3481 1985 εἷχε
3497 1934 3509 1946 ·
3537 1917 3747 1988 χαίρειν

2177 2013 2233 2066 δὲ
2279 2011 2454 2082 τούτῳ
2504 2011 2670 2065 πάλαι
2710 2013 2777 2081 τῇ
2837 2010 3130 2079 διαστροφῇ
3182 2008 3613 2077 κατειλημμένος
3653 2005 3747 2059 τοῦ

2176 2105 2460 2175 δόγματος,
2488 2104 2582 2157 καὶ
2611 2102 2818 2173 εὕρεμα
2845 2096 2981 2155 εἷναι
3014 2101 3094 2171 τῷ
3137 2100 3324 2170 Ἀετίῳ
3351 2101 3473 2152 κατ’
3502 2099 3749 2164 ἐξουσίαν

2180 2195 2553 2266 προκείμενος.

2255 2345 2328 2397 Οὐ
2385 2344 2561 2397 τοίνυν
2622 2340 2869 2395 λανθάνει
2930 2340 3100 2394 ταῦτα
3159 2339 3248 2395 τὸν
3310 2341 3527 2408 γνήσιον
3588 2338 3751 2393 αὐτοῦ

2182 2434 2424 2506 ζηλωτὴν
2454 2434 2714 2505 Εὐνόμιον
2736 2432 2952 2496 τοῦτον,
2987 2432 3046 2496 ὃς
3074 2431 3167 2485 τοῦ
3194 2431 3332 2485 κατὰ
3367 2430 3527 2499 φύσιν
3562 2430 3750 2484 ἐαυτοῦ

2183 2525 2386 2596 πατρὸς
2437 2524 2709 2595 βελτίστου
2750 2523 2817 2576 τὰ
2848 2522 3001 2586 ἄλλα,
3042 2521 3179 2591 πλὴν
3222 2520 3473 2588 γενέσθαι
3512 2520 3751 2573 τοιούτου

2184 2617 2422 2687 πατέρα,
2475 2615 2789 2684 εὐγνώμονα
2845 2612 2943 2684 μὲν
2990 2612 3347 2684 καταμαθὼν,
3402 2614 3498 2666 καὶ
3546 2629 3756 2682 νενομι-

2187 2708 2387 2778 σμένην
2439 2705 2535 2776 τὴν
2578 2706 2671 2758 τοῦ
2729 2705 2841 2775 βίου
2880 2704 3175 2774 διαγωγὴν,
3228 2703 3506 2775 μοχθηρὰν
3559 2703 3615 2756 δέ
3670 2703 3756 2755 διὰ

2186 2798 2405 2862 πενίαν,
2451 2798 2543 2850 καὶ
2581 2796 2786 2868 μυρίων
2830 2797 3105 2867 γέμουσαν
3142 2797 3317 2849 πόνων
3357 2795 3620 2867 (γεωργὸς
3650 2793 3755 2865 γάρ

2184 2909 2267 2954 τις
2321 2886 2389 2962 ἦν
2438 2889 2780 2959 ἐπικεκυφὼς
2824 2889 2902 2960 τῷ
2949 2890 3186 2962 ἀρότρῳ,
3232 2888 3325 2942 καὶ
3375 2887 3540 2941 πολὺν
3600 2886 3756 2939 πόνον

2187 2983 2314 3052 περὶ
2356 2981 2417 3034 τὸ
2463 2981 2632 3051 βραχὺ
2671 2980 2851 3050 γήδιον
2891 2979 3029 3050 ἔχων
3052 2997 3067 3010 ο
3118 2979 3204 3033 διὰ
3241 2979 3298 3033 δὲ
3327 2977 3419 3032 τοῦ
3458 2976 3754 3047 χειμῶνος,

2186 3072 2274 3123 ὅτε
2296 3069 2405 3123 τῶν
2433 3070 2562 3140 περὶ
2600 3068 2695 3140 τὴν
2724 3069 2828 3139 γῆν
2871 3068 3134 3139 καμάτων
3178 3062 3290 3138 εἶχε
3326 3066 3423 3137 τὴν
3456 3066 3655 3129 ἄδειαν,
3689 3065 3758 3118 τὰ

503 3176 858 3237 ουηοώἰιιτ,
910 3176 1085 3245 prima
1132 3176 1399 3231 elementa
1445 3185 1499 3231 et
1547 3177 1784 3247 syllabas
1839 3178 2078 3248 puerulis

2185 3161 2377 3233 πρῶτα
2430 3163 2700 3231 στοιχεῖα,
2750 3163 2846 3214 καὶ
2893 3161 2994 3224 τὰς
3048 3160 3318 3222 συλλαϐὰς
3367 3160 3479 3221 τοῖς
3526 3157 3756 3220 παιδίοις

500 3267 774 3335 eleganter
802 3265 1115 3333 eliormans,
1152 3267 1401 3322 mercede
1432 3268 1559 3322 inde
1595 3268 1845 3335 collecta,
1878 3270 2083 3323 vietum

503 3357 871 3427 amictumque
899 3357 1001 3411 sibi
1034 3359 1430 3428 comparabat);
1459 3359 1572 3413 haec
1600 3361 1766 3431 igitur
1794 3368 1848 3414 et
1885 3361 2085 3416 similia

498 3448 558 3501 in
616 3459 840 3517 paterna
901 3448 1063 3502 domo
1125 3448 1607 3515 animadverteus,
1676 3451 1848 3504 multa
1908 3451 2086 3505 salute

500 3546 709 3603 aratro,
740 3548 791 3593 et
826 3539 999 3604 stivm,
1035 3548 1089 3593 et
1133 3539 1386 3594 omnibus
1417 3540 1662 3609 paternis
1707 3540 2084 3596 instrumentis

499 3630 665 3693 dicta,
694 3644 762 3684 ne
796 3637 849 3684 et
875 3630 989 3700 ipse
1021 3629 1326 3683 conflictari
1353 3638 1642 3701 cogeretur
1667 3630 1981 3699 hujusmodi
2014 3632 2086 3683 la-

499 3720 695 3774 borum
722 3719 1164 3786 difﬁcultatibus,
1204 3721 1439 3789 primum
1480 3720 1696 3789 quidem
1730 3728 1962 3776 mentem
1995 3720 2086 3775 ad-

495 3809 616 3881 jicit
650 3810 717 3865 ad
743 3810 1063 3879 sapientiam
1092 3809 1314 3864 Prunici
1340 3809 1441 3880 (c);
1478 3819 1531 3864 et
1556 3811 1718 3865 celeri
1749 3826 1913 3864 manu
1944 3811 2082 3865 scri-

498 3900 628 3954 bere
658 3900 906 3963 edoctus,
942 3901 1212 3971 principio
1234 3899 1457 3969 quidem
1486 3900 1764 3956 habitabat
1796 3916 1920 3956 cum
1947 3916 2084 3970 quo-

498 3990 625 4044 dam
660 4006 771 4046 suae
825 3993 1011 4062 Stirpis
1060 4000 1114 4047 et
1165 3992 1406 4060 familiae,
1458 4010 1566 4048 non
1609 3994 1715 4048 alia
1759 3993 2076 4053 ministerii,

497 4081 643 4152 quod
698 4083 987 4139 scribendo
1042 4084 1351 4150 exhibetur,
1406 4083 1675 4148 mercede,
1722 4099 1883 4154 quam
1931 4084 2077 4137 victu

497 4172 834 4242 quotidiano.
896 4172 1099 4228 Deinde
1155 4175 1507 4245 pedagogum
1567 4189 1731 4244 agens
1784 4187 2077 4243 puerorum

498 4264 583 4318 sui
629 4265 857 4330 domini,
894 4266 1156 4335 paulatim
1194 4267 1416 4321 accendi
1448 4265 1612 4335 coepit
1654 4264 1923 4319 desiderio
1952 4264 2076 4319 rhe-

496 4354 682 4408 torica:
718 4370 812 4410 seu
863 4357 1203 4427 eloquentiae.
1247 4357 1313 4410 Et
1347 4357 1437 4410 illa
1480 4356 1697 4424 quidem
1741 4370 1861 4425 quae
1903 4357 2073 4409 inter-

497 4443 675 4498 medio
718 4453 959 4514 tempore
989 4447 1176 4517 gessit,
1210 4447 1390 4502 sciens
1425 4454 1709 4516 praetereo,
1734 4455 1792 4499 ut
1818 4454 1871 4500 et
1905 4447 2068 4499 vitam

499 4540 550 4593 in
590 4538 761 4606 patria
803 4546 999 4605 actam,
1047 4549 1101 4594 et
1140 4541 1195 4593 in
1224 4540 1427 4609 quibus
1455 4538 1931 4609 Constantinopoli
1969 4537 2063 4593 de—

2182 3255 2580 3326 ὑποχαράσσων
2611 3253 2937 3325 εὐμηχάνως
2965 3251 3055 3305 διὰ
3080 3251 3185 3304 τῶν
3224 3250 3589 3320 μισθωμάτων
3617 3247 3758 3301 ἐκεί-

2182 3365 2286 3400 νων
2312 3346 2379 3399 τά
2405 3346 2541 3417 πρὸς
2570 3346 2659 3399 τὸν
2689 3345 2800 3415 βίον
2828 3342 3395 3417 ἐπεσιτίζετο)οταῦτα
3423 3341 3598 3394 τοίνυν
3629 3340 3758 3412 περὶ

2182 3436 2272 3488 τὸν
2304 3435 2495 3489 ἑαυτοῦ
2522 3435 2734 3505 πατέρα
2770 3435 3006 3505 βλέπων,
3047 3432 3320 3504 ἐρρῶσθαι
3349 3433 3560 3503 φράσας
3591 3430 3668 3502 τῷ
3696 3447 3758 3484 τε

2183 3528 2419 3598 ἀρότρῳ,
2464 3527 2559 3580 καὶ
2608 3530 2673 3597 τῇ
2728 3526 2948 3596 σμινύη,
2998 3526 3091 3579 καὶ
3135 3526 3267 3578 πᾶσι
3303 3527 3413 3587 τοῖς
3469 3527 3757 3595 πατρικοῖς

2192 3619 2523 3689 ἐργαλείοις,
2564 3618 2637 3681 ὡς
2688 3618 2753 3671 ἂν
2788 3618 2862 3689 μὴ
2909 3619 3001 3671 καὶ
3047 3618 3207 3679 αὐτὸς
3251 3616 3757 3688 προσταλαιπωροίη

2189 3714 2300 3774 τοῖς
2333 3709 2536 3780 ὁμοίοις
2578 3708 2684 3763 τῶν
2716 3710 2910 3776 πόνων,
2943 3710 3158 3779 πρῶτον
3202 3711 3298 3779 μὲν
3328 3710 3425 3780 τῆς
3458 3710 3757 3781 Προυνίκου

2193 3803 2382 3872 σοφίας
2408 3803 2613 3871 γίνεται
2648 3801 2893 3872 μαθητής
2913 3818 2926 3832 ·
2964 3803 3054 3855 καὶ
3094 3803 3323 3873 γράφειν
3356 3802 3436 3865 είς
3481 3801 3641 3870 τάχος
3670 3802 3758 3854 ὲκ-

2193 3895 2528 3966 μελετήσας,
2577 3897 2739 3965 συνῆν
2786 3894 2854 3947 τὰ
2909 3894 3100 3965 πρῶτα
3179 3894 3286 3947 τῶν
3326 3895 3387 3945 ἐκ
3426 3892 3519 3946 τοῦ
3568 3893 3757 3961 γένους

2189 3982 2339 4057 οἶμαί
2368 4003 2494 4051 τινι,
2527 3986 2716 4057 μισθὸν
2752 3986 2851 4055 τῆς
2884 3988 2941 4038 ἐν
2968 3984 3044 4055 τῷ
3073 3985 3302 4056 γράφειν
3333 3985 3630 4056 ὑπηρεσίας
3658 3984 3756 4056 τὴ)

2186 4077 2389 4150 τροφὴν
2424 4078 2559 4147 ἔχων
2578 4094 2589 4106 '
2616 4072 2734 4130 εἶτα
2758 4076 3121 4145 παιδαγωγῶν
3152 4076 3243 4130 τοῦ
3272 4077 3563 4147 τρέφοντος
3592 4076 3755 4129 αὐτὸν

2181 4169 2249 4223 τὰ
2276 4170 2569 4241 μειράκια,
2621 4170 2737 4223 κατ’
2776 4169 2954 4237 ὀλίγον
2988 4170 3067 4232 είς
3118 4168 3411 4239 ῥητορικῆς
3462 4167 3754 4239 ἐπιθυμίαν

2180 4260 2540 4331 προέρχεται·
2576 4259 2668 4313 καὶ
2699 4258 2768 4312 τὰ
2797 4259 2854 4309 ἐν
2904 4258 2981 4327 τῷ
3044 4257 3192 4327 μέσῳ
3240 4250 3506 4327 παρίημι⁶
3560 4260 3650 4314 τόν
3695 4272 3754 4309 τε

2178 4351 2270 4404 ἐπὶ
2298 4350 2397 4421 τῆς
2428 4350 2682 4421 πατρίδος
2711 4347 2873 4401 αὑτοῦ
2910 4346 3023 4416 βίον
3050 4397 3066 4420 ,
3093 4352 3186 4405 καὶ
3215 4351 3297 4417 ἐφ’
3327 4345 3407 4413 οἷς
3436 4351 3492 4403 ἐν
3516 4346 3581 4416 τῆ
3609 4345 3695 4397 Κω

2179 4442 2453 4496 σταντίνου
2483 4441 2633 4493 πόλει
2654 4439 2987 4510 κατελήφθη,
3019 4440 3112 4494 καὶ
3152 4439 3289 4510 μετὰ
3315 4439 3495 4493 τίνων.
3521 4436 3669 4491 Μετὰ
3696 4436 3755 4490 δὲ

2167 4534 2339 4589 ταῦτα
2368 4536 2492 4606 περὶ
2520 4534 2761 4604 χλανίδα,
2783 4534 2876 4586 καλ⁵
2907 4533 3080 4603 ζώνην
3110 4532 3445 4603 ἀσχοληθεὶς,
3473 4534 3547 4596 ὥς
3568 4550 3750 4602 φασιν.

494 4628 797 4701 prehensus
825 4629 916 4694 sit,
953 4638 1007 4684 et
1053 4645 1177 4683 cum
1210 4631 1427 4699 quibus.
1458 4629 1706 4686 l’ostbaec
1748 4630 1959 4686 laenulis
1987 4638 2042 4684 et
2069 4628 2225 4685 zonis
2259 4624 2612 4682 conficiendis
2641 4625 2870 4688 vacavit,
2899 4633 2958 4679 ut
2994 4625 3189 4680 ferunt.

563 4719 633 4772 At
661 4735 783 4774 cum
813 4722 994 4775 omnia
1034 4721 1146 4776 haec
1167 4722 1375 4777 videret
1403 4737 1526 4778 esse
1556 4724 1788 4786 minora,
1820 4722 2067 4792 nihilque
2100 4723 2144 4779 D

2256 4717 2475 4789 Ἐπειδὴ
2519 4717 2697 4770 πάντα
2744 4717 2953 4787 μικρά,
2994 4718 3087 4770 καὶ
3134 4717 3287 4771 οὐδὲν
3321 4718 3417 4788 τῆς
3461 4718 3755 4790 ἐπιθυμίας

496 4811 622 4866 inde
649 4813 808 4867 valde
837 4815 1196 4883 expetendum
1222 4816 1324 4871 sibi
1356 4815 1663 4885 provenire,
1689 4814 1879 4869 relicto
1905 4814 2077 4884 priori

2179 4811 2324 4878 ἄξιον
2355 4814 2417 4864 ἐκ
2443 4810 2544 4880 τῆς
2594 4809 2721 4880 περὶ
2752 4809 2925 4863 ταῦτα
2975 4810 3209 4881 σπουδῆς
3260 4810 3404 4882 ἐώρα
3435 4812 3753 4882 συναγειρόο

495 4903 622 4955 vita:
648 4901 918 4967 instituto,
956 4904 1057 4958 soli
1090 4921 1155 4959 ex
1198 4905 1453 4961 omnibus
1484 4919 1605 4959 sese
1644 4903 1849 4957 addixit
1894 4904 2071 4958 Aetio.

494 4988 651 5043 llaud
693 5000 894 5045 temere
940 4991 1104 5057 hunc,
1137 4999 1195 5045 ut
1240 4994 1494 5056 arbitror,
1528 5000 1786 5061 tanquam
1828 4991 1951 5044 vitae
1979 4990 2076 5043 du-

495 5096 611 5135 cem
646 5088 698 5135 et
729 5082 1025 5151 exemplar,
1078 5083 1181 5137 sibi
1229 5083 1518 5154 delegerat.
1563 5082 1641 5135 Ex
1680 5098 1787 5151 quo
1825 5084 1967 5136 enim
2018 5083 2072 5136 in

497 5170 788 5227 inellabilis
821 5172 967 5226 illius
1012 5175 1289 5243 sapientia:
1317 5176 1754 5229 communionem
1797 5176 1977 5240 venit,
2008 5188 2075 5228 ex

496 5277 563 5318 eo
588 5269 834 5332 tempore
867 5263 1049 5317 omnia
1078 5264 1153 5317 illi
1178 5265 1296 5319 sine
1335 5275 1455 5320 satu
1482 5271 1535 5319 et
1563 5265 1776 5318 inarata
1811 5279 2075 5333 progene-

493 5359 710 5406 rantur.
764 5350 995 5420 Sapiens
1039 5352 1183 5406 enim
1217 5362 1301 5406 est
1334 5353 1389 5406 in
1436 5353 1525 5417 iis,
1571 5352 1641 5406 ad
1675 5367 1795 5422 quae
1829 5351 2070 5405 animum

571 5464 671 5535 (ιι).
705 5462 779 5520 De
799 5464 910 5536 hoc
951 5464 1250 5536 Tlieopliilo
1288 5466 1408 5521 vide
1451 5464 1649 5523 Barou.
1696 5479 1840 5520 anno
1859 5463 2065 5520 Christi

496 5535 628 5605 .5“!
669 5551 723 5605 '3:
757 5534 814 5605 Π
849 5544 902 5605 εέβ
941 5552 1055 5605 59‘]-

561 5602 638 5671 (ὁ)
675 5602 810 5658 Vide
855 5602 1215 5662 Sozomenum
1253 5604 1289 5659 1.
1322 5608 1414 5671 rv,‘
1435 5619 1555 5674 cap.
1585 5604 1771 5675 6,,qui
1800 5603 2063 5659 Montium

492 5680 653 5726 vocat
682 5688 955 5727 magnum.

562 5741 633 5812 (ε)
683 5741 757 5798 De
778 5741 1012 5800 Prunico
1040 5742 1162 5801 vide
1212 5743 1593 5816 Epiphanium.
1624 5742 1766 5802 Hier.
1795 5743 1888 5813 2|,
1910 5742 1980 5799 25
2002 5751 2056 5798 et

2182 4921 2337 4975 μενον
2356 4941 2372 4966 ,
2400 4900 2713 4955 καταλιπὼν
2744 4901 2815 4954 τά
2843 4900 3002 4954 λοιπά
3043 4901 3135 4954 τοῦ
3168 4901 3282 4971 βίου
3317 4902 3718 4973 ἐπιτηδεύματα
3736 4943 3751 4966 ,

2183 4996 2339 5065 μόνον
2367 4995 2425 5058 ἐξ
2445 4994 2697 5046 ἁπάντων
2730 4992 3007 5062 ἐθαύμασε
3039 4993 3129 5045 τὸν
3172 4993 3372 5046 Ἀέτιον
3393 5010 3405 5023 ·
3430 4994 3531 5046 οὐκ
3558 4995 3750 5048 ἀσυνέ-

2178 5102 2305 5147 τως,
2320 5080 2491 5154 οἶμαι,
2515 5084 2648 5154 πρός
2664 5101 2727 5152 γε
2743 5083 2832 5137 τὸν
2850 5082 3041 5136 ἑαυτοῦ
3064 5084 3263 5137 σκοπὸν
3286 5086 3365 5147 είς
3380 5085 3619 5139 ἐπίνοιαν
3638 5086 3751 5155 βίου

2181 5169 2338 5223 τοῦτο
2369 5170 2773 5239 ἐπιλεξάμενος.
2816 5170 2931 5239 Ἀφ’
2961 5165 3023 5225 οὗ
3054 5171 3163 5242 γὰρ
3192 5172 3421 5241 μετέσχε
3452 5176 3548 5243 τῆς
3579 5174 3752 5244 ἀποῤ-

2184 5262 2345 5332 ρήτου
2396 5260 2593 5330 ταύτης
2640 5262 2861 5329 σοφίας,
2911 5261 2969 5328 ἐξ
3012 5263 3218 5315 ἐκείνου
3278 5262 3456 5317 πάντα
3502 5265 3752 5335 ἄσπαρτα

2180 5350 2326 5421 αὐτῷ
2353 5351 2444 5404 καὶ
2463 5352 2701 5421 ἀνήροτα
2725 5351 2944 5419 φύεται,
2975 5352 3137 5420 σοφὸς
3157 5352 3264 5423 γάρ
3291 5352 3374 5416 τίς
3401 5354 3535 5418 ἐστι,
3563 5358 3688 5425 περὶ
3717 5355 3752 5407 ἂ

2173 5463 2262 5517 57.
2302 5460 2405 5515 Sed
2436 5462 2543 5516 huc
2578 5477 2684 5515 non
2712 5462 2944 5530 pertinet
2979 5462 3069 5517 ille
3096 5461 3392 5528 Prunicus,
3423 5465 3515 5519 sed
3546 5464 3648 5520 iste
3685 5465 3751 5519 de

2172 5548 2280 5604 quo
2309 5531 2505 5586 Suidas
2538 5531 2882 5604 εΠρούνικος
2905 5531 3161 5604 δρομαῖος
3186 5533 3402 5604 γοργός.
3436 5533 3569 5587 Nam
3611 5534 3751 5588 Pru-

2170 5602 2280 5655 nici
2324 5608 2451 5655 sunt
2480 5615 2760 5665 cursores,
2805 5603 3033 5667 celeres,
3079 5602 3295 5658 veloces
3343 5605 3515 5657 instar
3560 5618 3750 5658 0111⁸50-

2167 5685 2322 5724 rum:
2356 5671 2482 5743 item
2534 5670 2701 5743 bajuli
2742 5669 2835 5743 qui
2880 5685 3045 5724 onera
3090 5673 3340 5726 mercede
3385 5681 3631 5743 portant:
3663 5674 3747 5728 hic

2168 5687 2322 5724 rum:
2356 5687 2482 5725 ιιεηι
2534 5687 2701 5739 Dnjtlll
2781 5687 2811 5724 u

2168 5755 2267 5811 pro
2301 5740 2465 5797 celeri
2490 5740 2675 5798 scriba
2712 5687 2811 5795 ﬁt!

2817 5755 3014 5812 ysseno
3052 5750 3366 5814 usurpatur.
