4166 6372
413 334 520 393 269

1564 338 1844 393 CONTRA
1882 339 2268 405 EUNCMlUM,
2310 340 2437 393 LIB.
2486 341 2525 395 1.

3602 337 3673 392 ’ῐο

420 451 555 523 σμδν
597 450 923 522 εὖπαρῦιρως
973 453 1033 505 οὐ
1082 454 1397 522 κατενόησε,
1443 454 1583 508 πάνυ
1627 456 1871 528 σοϐαρῶς
1926 462 1990 527 τῇ
2027 507 2030 520 ,

2131 460 2278 515 erbis
2329 459 2541 513 admitti
2600 471 2707 509 non
2756 452 3154 508 animadvertit.
3213 447 3488 503 Vocabulo
3545 448 3676 502 iusi-

419 542 563 610 λὲξει
597 543 714 596 τῶν
728 544 1191 613 εἰσφρήσαντων
1208 546 1282 614 (α)
1316 547 1693 611 θπαττικίσας’
1713 548 1787 613 ὡς
1817 551 2003 621 ἠχρῆ’

421 652 526 697 etc,
550 634 682 703 ἄλλη
720 636 818 705 μὲν
857 635 1008 706 παρά
1040 637 1149 698 τοῖς
1188 636 1573 707 κατωρθωκόσι
1597 639 1687 690 τὸν
1716 638 1893 707 λόγον,
1934 642 2002 709 ἣν

421 727 598 780 ἴσασιν
646 729 695 781 οἱ
737 730 848 790 τοῖς
891 726 985 780 το]
1037 729 1261 799 ῥήτορος
1311 727 1489 796 λόγοις
1524 729 2004 800 καθομιλήσαντες,

420 817 550 888 ἄλλη
584 818 642 871 δὲ
671 818 819 888 παρά
844 818 923 889 τῷ
954 819 1058 887 νέῳ
1090 820 1372 889 ἀττικιστῇ
1401 820 1657 891 ἐνομίσθη
1676 838 1690 850 ’
1717 821 1829 875 ἀλλ’
1855 822 2007 874 οὐδὲν

419 909 578 961 τοῦτο
600 908 738 980 πρὸς
764 908 853 961 τὸν
883 909 1082 961 σκοπὸν
1110 909 1201 961 τὸν
1230 909 1527 981 ἡμέτερον.

492 1020 705 1092 Μικρὸν
742 1021 798 1074 δὲ
844 1019 1139 1089 προελθὼν,
1187 1023 1281 1074 καὶ
1317 1022 1473 1075 τοῦτο
1519 1022 1912 1093 προστίθησινθ
1943 1023 2012 1075 El

424 1111 533 1179 γὰρ
573 1110 662 1162 ὅτι
708 1110 793 1180 μὴ
834 1109 955 1175 τοῖς
1003 1110 1348 1177 κατηγόροις
1396 1110 1707 1177 δικασταῖς
1749 1111 2011 1180 ἐχρησά-

420 1220 565 1273 μην,
599 1202 696 1255 διὰ
733 1200 905 1256 τοῦτο
960 1202 1228 1269 ἀναιρεῖν
1272 1203 1456 1256 οἴεται
1498 1202 1614 1271 τὴν
1658 1204 2009 1273 ἀπολογίαν·

426 1294 684 1360 λέληθεν
734 1294 956 1349 ἑαυτὸν
996 1294 1139 1349 ,λίαν
1177 1294 1265 1347 ὢν
1312 1294 1608 1363 ἀκέραιος.
1661 1295 1797 1348 Πότε
1849 1290 1943 1347 οὖν
1987 1296 2015 1345 ό

428 1385 643 1456 δριμὺς,
684 1386 776 1438 καὶ
815 1387 908 1438 ἐπὶ
946 1387 1106 1439 τίνων
1134 1386 1548 1457 ἁπολελόγηται,
1579 1389 1607 1439 ό
1644 1386 1769 1449 τοὺς
1805 1387 1901 1456 μὲν
1940 1384 2017 1438 δι-

432 1477 638 1541 καστὰς
664 1478 748 1531 διά
772 1479 871 1549 τὴν
902 1478 1102 1548 ἔχθραν
1132 1478 1649 1549 παραγραψάμενος,
1685 1477 1814 1546 περὶ
1839 1477 1895 1529 δὲ
1920 1476 2017 1546 τὴν

435 1570 631 1640 κρίσιν,
681 1570 758 1633 ὡς
811 1570 972 1635 αὐτὸς
1033 1570 1465 1637 διαϐεϐαιοῦται,
1520 1572 1781 1640 σιγήσας;
1825 1570 2016 1638 Ὁρᾶτε

434 1660 522 1711 τὸν
562 1660 784 1730 σφόδρον
820 1661 921 1731 τῆς
966 1660 1222 1732 ἀληθείας
1263 1663 1601 1734 ἀγωνιστήνο
1630 1661 1707 1725 ὼς
1741 1662 1809 1715 δι’
1837 1660 2017 1729 όλίγου

435 1750 870 1821 μεταϐαλόμενος
895 1752 1180 1827 αξτομολεῖ
1208 1753 1343 1823 πρὸς
1367 1752 1429 1804 τὸ
1450 1751 1661 1820 ψεῦδος,
1697 1752 1791 1805 καὶ
1814 1750 1891 1820 τῷ
1928 1751 2021 1821 ῥή-

2105 549 2341 602 b‘entium
2390 545 2674 616 magnifice
2736 545 2960 598 atticum
3015 557 3174 613 agere
3224 554 3348 596 sese
3397 549 3570 593 ratus.
3608 542 3675 592 At

2103 641 2268 710 hujus
2301 641 2453 694 vocis
2478 639 2645 692 alium
2686 652 2806 691 esse
2839 651 3022 698 usum,
3064 649 3227 704 quam
3269 648 3442 687 novus
3491 631 3676 684 attici-

2105 746 2187 790 sta
2216 734 2515 795 censuerit,
2561 731 2818 786 omnibus
2847 738 3187 799 compertum
3218 734 3321 789 est,
3358 724 3451 796 qui
3492 724 3679 777 rheto-

2105 844 2225 882 rum
2266 825 2551 896 praeceptis
2579 823 2783 878 exculti
2818 828 2948 878 sunt
2981 840 2994 875 :
3038 819 3135 875 sed
3170 819 3283 873 limo
3314 817 3446 873 nihil
3478 814 3548 869 ad
3580 829 3681 869 no-

2106 925 2281 974 strum
2310 916 2667 988 propositum.

2179 1026 2307 1082 Post
2339 1041 2508 1096 pauca
2550 1026 2665 1080 haec
2692 1025 2957 1095 adjungit,
3009 1024 3069 1079 Si
3098 1025 3238 1078 enim
3265 1032 3536 1091 propterea
3565 1023 3679 1075 exi-

2110 1120 2290 1172 stimat
2337 1118 2635 1187 apologiam
2666 1116 2903 1185 funditus
2954 1116 3090 1179 tolli,
3138 1114 3275 1185 quod
3309 1114 3514 1183 judice;
3566 1129 3685 1167 cor-

2112 1218 2290 1277 ruptos
2324 1209 2454 1279 fugi,
2486 1208 2635 1263 valde
2664 1210 2741 1263 vir
2768 1208 2931 1263 bonus
2958 1208 3188 1277 fallitur.
3226 1205 3458 1272 Quando
3494 1205 3683 1274 igitur,

2113 1309 2167 1355 et
2195 1301 2336 1369 apud
2364 1316 2502 1371 quos
2533 1318 2659 1357 acer
2683 1302 2787 1357 iste
2817 1300 3121 1370 apologiam
3154 1298 3410 1359 instituit,
3447 1296 3493 1349 si
3524 1304 3579 1349 et
3604 1295 3687 1362 ju-

2113 1394 2284 1457 dices,
2320 1401 2379 1447 ut
2408 1394 2613 1457 hostes,
2648 1393 2805 1463 fugit,
2842 1404 2896 1447 et
2928 1393 2982 1446 in
3012 1393 3131 1461 ipso
3171 1390 3401 1459 judicio,
3446 1397 3506 1442 ut
3543 1389 3688 1458 ipse-

2116 1493 2225 1539 met
2263 1486 2480 1551 asserit,
2510 1485 2817 1543 conticuit?
2848 1485 3086 1553 Aspicite
3114 1483 3390 1554 egregium
3415 1481 3562 1535 hunc
3594 1495 3689 1534 ve-

2118 1576 2295 1630 ritatis
2316 1584 2793 1646 propugnatorem,
2813 1575 2905 1643 qui
2932 1573 3031 1627 levi
3053 1580 3326 1647 momento
3344 1572 3685 1628 immutatus.

2120 1674 2312 1736 sponte
2339 1681 2435 1721 sua
2472 1658 2579 1720 r'uit
2608 1668 2671 1721 ad
2707 1667 3077 1727 mendacium,
3124 1676 3177 1719 et
3204 1663 3371 1717 verbo
3403 1662 3686 1716 veritatem

2124 1759 2421 1816 houorans.
2460 1758 2599 1811 facto
2628 1758 2803 1813 eidem
2836 1757 3157 1811 reluctatur.
3191 1753 3297 1808 Sed
3325 1753 3456 1807 illud
3485 1753 3690 1822 jin-un-

437 1859 567 1910 ματι
590 1842 762 1912 τιμῶν
782 1842 879 1913 τὴν
900 1843 1157 1914 ἀλήθειαν
1181 1844 1274 1896 ἐπὶ
1299 1844 1405 1897 τῶν
1434 1844 1610 1915 ἔργων
1639 1842 2019 1898 ἀντικαθίστα-

2131 1851 2247 1902 dum
2292 1857 2409 1911 est,
2463 1850 2606 1918 quod
2644 1850 2805 1903 etiam
2838 1850 2888 1901 in
2925 1847 3229 1917 patrocinio
3264 1846 3532 1900 mendacii
3568 1845 3690 1897 lan-

436 1950 544 1987 ται.
596 1933 733 1985 Ἀλλ’
757 1936 934 1987 ἐκεῖνο
974 1934 1195 2005 χαρίεν·
1243 1937 1325 1989 ὅτι
1371 1937 1463 1989 καὶ
1499 1934 1634 2005 πρὸς
1676 1934 1843 2005 αὐτὴν
1878 1937 2022 2001 ἀγω·

439 2026 519 2075 νεῖ
537 2022 610 2092 (b)
635 2022 959 2094 συνηγορίαν
976 2005 1076 2077 ττοῦ
1098 2024 1343 2093 ψεύδους.
1386 2025 1508 2087 Πῶς
1536 2024 1643 2097 γὰρ
1672 2026 1700 2076 ό
1725 2024 1901 2089 αὐτὸς,
1930 2024 2023 2077 καὶ

436 2115 659 2178 δικαίως
686 2115 820 2186 πρὸς
846 2115 944 2186 την
977 2116 1356 2187 ὑπενεχθεῖσαν
1400 2117 1579 2187 κρίσιν
1605 2116 2022 2185 ἀπολελόγηται,

438 2209 534 2260 καὶ
561 2208 835 2279 φρονίμως
868 2209 1027 2261 πάλιν
1054 2209 1141 2261 διά
1165 2208 1227 2260 τὸ
1262 2208 1320 2258 ὲν
1355 2207 1567 2276 ἐχθροῖς
1598 2202 1735 2261 εἶναι
1764 2207 1861 2277 τὴν
1894 2204 2015 2276 κρί-

442 2313 547 2360 σιν,
576 2298 965 2367 ἀπεσιώπησε;
1004 2298 1197 2350 Καίτοι
1222 2297 1316 2350 καὶ
1344 2296 1411 2349 δι’
1442 2296 1605 2349 αὑτοῦ
1640 2294 1733 2349 τοῦ
1768 2296 1947 2363 λόγου,
1978 2288 2024 2363 ᾧ

436 2390 538 2459 τὴν
572 2389 865 2457 ἀπολογίαν
896 2390 1191 2461 ἐπέγραψε,
1224 2387 1469 2460 φανερῶς
1510 2387 1781 2441 δείκνυται
1814 2388 1879 2441 τὸ
1920 2406 2025 2459 μη-

436 2480 626 2551 δαμῶς
651 2483 909 2552 συστῆναι
936 2481 1083 2551 αὐτῴ
1113 2481 1483 2551 δικαστήριον.
1532 2479 1608 2534 Οὐ
1642 2480 1750 2550 γὰρ
1789 2476 1925 2549 πρὸς
1951 2478 2026 2530 δι-

440 2575 649 2637 καστὰς
672 2574 1005 2644 ὡρισμένους
1031 2573 1091 2626 τὸ
1115 2572 1395 2644 προοίμιον
1434 2570 1527 2625 τοῦ
1558 2571 1713 2640 λόγου
1750 2568 2025 2641 προτείνε-

442 2680 555 2725 ται,
580 2664 714 2717 ἀλλά
752 2664 886 2735 πρὸς
922 2681 1074 2726 τινας
1103 2662 1387 2733 ἀορίστους
1428 2659 1767 2731 ἀνθρώπους,
1803 2658 1929 2723 τούς
1966 2674 2029 2712 τε

445 2754 585 2807 κατά
606 2756 699 2807 τὸν
722 2754 911 2825 καιρὸν
935 2756 1139 2807 ἐκεῖνον
1164 2753 1348 2815 ὂντας,
1394 2753 1486 2805 καὶ
1526 2752 1651 2815 τοὺς
1694 2750 1917 2820 ὕστερον
1940 2764 2031 2815 γε·

440 2848 800 2916 νησομένουςο
850 2847 933 2915 ἐφ’
982 2840 1066 2905 οἷς
1118 2844 1291 2913 ἔγωγε
1344 2844 1439 2896 καὶ
1484 2843 1646 2905 αὐτὸς
1694 2841 2027 2911 συντίθεμαι.

446 2936 690 3007 μεγάλης
730 2935 877 3005 αὐτῷ
903 2936 1012 2988 δεῖν
1042 2937 1142 3005 τῆς
1185 2933 1499 3003 ἀπολογίας,
1540 2934 1601 2986 οὑ
1636 2931 1779 2987 κατά
1808 2933 1907 3002 τὴν
1936 2932 2031 2985 νῦν

447 3029 874 3097 συγγραφεῖσαν,
906 3028 1095 3095 ἑτέρας
1144 3024 1304 3078 πάλιν
1340 3024 1635 3092 ἀπολογίας
1678 3025 1757 3087 εἰς
1805 3039 2032 3091 συνηγο-

450 3120 572 3189 ρίαν
603 3118 1022 3189 προσδεομένην,
1051 3117 1184 3171 ἀλλά
1210 3134 1354 3180 τινος
1376 3118 1598 3187 γενικῆς
1623 3132 1681 3169 τε
1712 3116 1805 3168 καὶ
1827 3114 2032 3185 ἔμφρο-

448 3228 537 3275 νος
567 3214 746 3264 πεῖσαι
782 3211 907 3273 τοὺς
935 3209 1227 3273 ἀκούοντας
1264 3208 1587 3280 δυναμένης,
1621 3209 1703 3261 ὅτι
1733 3208 2028 3278 γέγραφεν.

456 3306 554 3365 ὐς
589 3302 934 3374 δικαστήριον
972 3303 1150 3374 ἑαυτῷ
1194 3300 1506 3372 συνεκρότει
1552 3298 1661 3352 τῶν
1710 3300 1846 3370 μήτε
1893 3315 2034 3369 παρ-

448 3395 637 3457 όντων,
662 3394 802 3464 τάχα
822 3394 877 3446 se
909 3390 1047 3460 μήτε
1061 3386 1425 3459 γεννηθέντων
1445 3391 1540 3445 ἀνθ
1548 3390 1745 3463 ρώπων
1762 3408 1774 3421 ·
1802 3391 1894 3444 καὶ
1924 3392 2035 3454 τοῖς

450 3489 552 3541 οὐκ
577 3482 726 3541 οὖσιν
751 3487 1087 3555 ἀπελογεῖτο,
1113 3486 1208 3539 καὶ
1244 3487 1539 3557 παρῃτεῖτο
1563 3485 1687 3547 τοὺς
1712 3483 1787 3554 μὴ
1819 3483 2037 3551 γεγονό-

453 3596 574 3643 τας,
610 3578 685 3649 μὴ
712 3577 790 3647 τῷ
823 3576 1014 3648 πλήθει
1043 3576 1335 3647 διακρίνειν
1364 3577 1463 3645 τῆς
1509 3572 1763 3644 ἀληθείας
1808 3573 1869 3625 τὸ
1902 3572 2034 3642 ψεῦ-

450 3671 563 3735 δος,
592 3673 657 3741 τῇ
693 3669 894 3722 πλείονι
931 3668 1095 3739 μοίρᾳ
1121 3667 1181 3720 τὸ
1208 3669 1452 3736 κρεῖττον
1485 3667 1869 3726 συνάπτοντας.
1906 3662 2038 3734 Πρέ-

458 3777 549 3814 πει
576 3760 685 3829 γὰρ
728 3758 895 3820 ὅντως
948 3757 1084 3827 πρὸς
1134 3758 1256 3819 τοὺς
1309 3754 1585 3817 τοιούτους
1624 3753 1882 3815 δικαστὰς
1914 3753 2040 3813 τοὺς

458 3852 541 3905 ἔτι
567 3855 623 3905 ἐν
642 3854 707 3923 τῇ
728 3849 887 3919 ὀσφύῐ
909 3849 1014 3902 τῶν
1044 3849 1289 3918 πατέρων
1318 3846 1475 3908 ὄντας
1503 3846 1602 3915 τὴν
1623 3844 1878 3914 τοιαύτην
1905 3844 2041 3896 ἀπο·

456 3943 645 4011 λογίαν
674 3940 1063 4013 προτείνεσθαι,
1112 3941 1207 3994 καλ¹
1246 3932 1453 3992 οἴεσθαι
1495 3936 1678 3988 δίκαια
1723 3935 1923 4003 λέγειν,
1957 3934 2039 3986 ὅτι

458 4041 579 4100 ταῖς
609 4038 822 4090 πάντων
864 4034 1042 4099 δόξαις
1098 4034 1255 4104 μόνος
1298 4030 1623 4085 ἀντιϐαίνειν
1671 4027 1903 4096 ἔγνωκε·
1948 4028 2042 4081 καὶ

461 4130 568 4182 τῶν
614 4127 753 4181 κατὰ
788 4128 966 4180 πᾶσαν
993 4126 1089 4196 τὴν
1120 4123 1442 4193 οἰκουμένην
1465 4122 1527 4175 τὸ
1565 4120 1735 4190 ὄνομα
1778 4118 1873 4171 τοῦ
1906 4119 2042 4189 Χρι-

463 4220 591 4276 στοῦ
612 4219 958 4284 δοξαζόντων,
984 4217 1425 4287 ἀξιοπιστοτέραν
1447 4215 1616 4267 οἴεται
1644 4213 1741 4284 τὴν
1762 4212 2041 4283 πεπλανη-

466 4313 635 4383 μένην
665 4310 856 4364 ἑαυτοῦ
882 4309 979 4379 τῆς
1002 4308 1178 4379 ψυχῆς
1204 4305 1519 4375 φαντασίαν.

537 4425 816 4496 Γραφὲτω,
863 4424 911 4476 εί
959 4423 1123 4487 δοκεῖ,
1166 4420 1259 4475 καὶ
1302 4423 1399 4491 τῆς
1441 4418 1698 4488 δευτέρας
1749 4415 2047 4485 ἀπολογίας

2055 3177 2101 3235 C

2120 1943 2348 2011 guescit.
2383 1940 2665 2007 Quomodo
2694 1940 2839 1994 enim
2888 1938 3030 1992 idem
3063 1938 3208 2006 justc
3234 1936 3301 1991 de
3328 1935 3557 2005 objectis
3584 1934 3691 1987 cri-

2122 2031 2361 2085 minibus
2418 2046 2510 2097 per
2567 2029 2873 2099 apologiam
2926 2042 3047 2080 sese
3083 2024 3356 2095 purgavit,
3410 2032 3465 2076 et
3499 2038 3693 2076 rursus

2121 2123 2417 2191 prudenter
2465 2120 2753 2182 conticuit,
2807 2119 2949 2189 quod
2988 2118 3202 2187 judiccs
3231 2122 3415 2171 essent
3462 2113 3695 2167 hosms?

2120 2216 2299 2284 Atque
2327 2214 2416 2267 illa
2446 2214 2559 2282 ipsa
2583 2214 2851 2276 oratione,
2880 2226 3042 2280 quam
3065 2208 3345 2277 inscripsit
3367 2205 3692 2276 apologiam,

2124 2306 2411 2361 manifeste
2450 2304 2759 2361 ostenditur
2792 2304 2858 2357 ad
2904 2302 3111 2357 nullum
3165 2309 3423 2369 tanquam
3456 2298 3695 2351 tribunal

2124 2399 2287 2453 istum
2320 2397 2488 2452 fuisse
2515 2406 2790 2449 vocatum.
2817 2394 3005 2465 Neque
3037 2393 3181 2448 enim
3213 2392 3279 2446 ad
3309 2401 3490 2446 certos
3517 2398 3571 2445 et
3602 2390 3698 2443 de-

2126 2488 2308 2543 ﬁnitus
2348 2487 2566 2557 iudices
2602 2488 2924 2555 proemium
2958 2484 3225 2539 orationis
3254 2483 3459 2553 dirigit,
3496 2481 3589 2537 sed
3630 2482 3697 2535 ad

2126 2577 2390 2648 quosdam
2436 2579 2676 2632 incertos
2704 2575 2978 2637 homines,
3029 2583 3139 2627 tam
3189 2572 3282 2644 qui
3328 2573 3419 2627 illo
3456 2582 3700 2642 tempore

2125 2669 2402 2729 vivebant,
2450 2682 2616 2738 quam
2654 2665 2747 2736 qui
2795 2674 2983 2736 postea
3022 2662 3289 2718 nascitbri
3331 2668 3519 2716 erant:
3556 2660 3699 2727 apud

2127 2774 2286 2829 quos,
2323 2758 2497 2812 fateor
2522 2766 2576 2812 et
2599 2771 2697 2828 ego
2770 2756 2931 2825 longa
2966 2753 3210 2825 apologia
3248 2754 3351 2823 ipsi
3386 2768 3525 2821 opus
3555 2767 3699 2815 esse,

2129 2862 2237 2900 non
2266 2846 2500 2901 absimili
2544 2845 2687 2915 ejus,
2732 2860 2895 2915 quam
2947 2858 3093 2897 nunc
3133 2842 3449 2912 publicavit,
3489 2856 3613 2895 cum
3644 2848 3704 2893 et

2131 2940 2248 3009 ipsa
2274 2939 2375 2993 alia
2408 2937 2642 3008 quadam
2676 2936 2923 3007 apologia
2948 2935 3185 3005 indigeat
3222 2954 3235 2987 :
3276 2933 3370 2987 sed
3412 2932 3514 2985 alia
3543 2946 3697 3000 gene-

2132 3032 2229 3084 rali
2260 3039 2312 3085 et
2339 3037 2613 3092 accurata,
2648 3043 2769 3098 qua:
2790 3028 3139 3083 audientibus
3158 3024 3484 3096 persuadere
3521 3033 3703 3091 queat,

2134 3126 2311 3193 ipsum
2344 3122 2543 3178 mentis
2568 3128 2872 3191 compotem
2898 3135 3002 3174 non
3034 3119 3224 3183 fuisse,
3254 3133 3379 3173 cum
3426 3117 3541 3171 haec
3578 3116 3706 3169 talia

2135 3212 2341 3269 chartis
2380 3212 2634 3266 illiueret.
2665 3210 2861 3265 Mentis
2889 3225 3113 3279 compos
3136 3224 3244 3263 non
3264 3216 3400 3271 erat,
3432 3209 3523 3277 qui
3554 3223 3707 3262 com—

2135 3304 2445 3359 miniscitur
2493 3302 2728 3371 iudices,
2778 3316 2955 3371 neque
3006 3308 3323 3372 pra'sentes.
3374 3310 3429 3353 et
3458 3299 3708 3355 fortassis

2137 3412 2312 3465 neque
2342 3402 2519 3454 natos,
2551 3404 2605 3449 et
2647 3407 2833 3447 coram
2873 3394 2980 3448 illis
3017 3392 3108 3462 qui
3140 3408 3245 3446 non
3275 3401 3426 3455 sunt,
3458 3408 3581 3446 sese
3614 3391 3710 3446 de-

2138 3487 2349 3553 fendit;
2408 3493 2672 3556 rogatque
2728 3486 2959 3540 necdum
3011 3491 3191 3548 natos,
3249 3500 3317 3538 ne
3367 3484 3711 3538 multitudine

2136 3578 2421 3633 veritatem
2469 3594 2498 3630 a
2537 3577 2819 3632 mendacio
2866 3575 3182 3632 discernere
3215 3577 3403 3630 velint.
3452 3577 3520 3629 At
3557 3576 3711 3630 decet

2140 3668 2448 3737 huiusmodi
2478 3668 2711 3738 judices,
2743 3668 2834 3738 qui
2869 3666 3049 3722 adhuc
3092 3668 3144 3721 in
3188 3667 3388 3721 lumbis
3422 3676 3708 3736 parentum

2140 3775 2362 3815 suorum
2402 3760 2774 3822 continentur,
2827 3759 2950 3813 talis
2992 3760 3258 3830 apologia.
3300 3757 3405 3812 Par
3434 3759 3598 3813 etiam
3628 3766 3713 3813 est

2142 3851 2264 3905 illos
2292 3850 2534 3914 credere,
2566 3866 2692 3905 vera
2728 3848 3024 3919 praedicare
3048 3849 3235 3910 istum,
3265 3849 3356 3918 qui
3386 3849 3538 3905 solus
3562 3864 3715 3902 com-

2142 3942 2292 3996 muni
2336 3942 2579 3996 omnium
2617 3940 2805 3997 sensui
2846 3944 3172 4012 refragatur,
3223 3957 3491 4011 suamque
3519 3955 3713 3995 vanam

2140 4045 2194 4087 et
2243 4034 2457 4087 inanem
2494 4033 2837 4103 phantasiam
2888 4032 2992 4088 fide
3039 4018 3341 4102 digniorem
3394 4031 3713 4096 arbitratur,

2143 4138 2305 4194 quam
2336 4123 2649 4178 unanimem
2690 4137 3019 4177 consensum
3045 4122 3289 4175 omnium
3341 4120 3580 4183 illorum,
3621 4121 3715 4191 qui

2143 4226 2258 4274 toto
2281 4227 2551 4272 terrarum
2582 4216 2712 4271 orbe
2741 4229 2941 4269 nomen
2974 4212 3179 4267 Christi
3212 4212 3540 4278 glorificant.

2222 4414 2437 4470 Scribat
2468 4415 2653 4478 etiam,
2687 4413 2734 4468 si
2767 4413 2967 4485 placet,
2994 4411 3251 4468 secundae
3285 4413 3547 4481 apologia:
3585 4421 3723 4482 apo-l

466 4518 759 4586 ἀπολογίαν
788 4515 951 4585 ἀλλην
971 4530 985 4544 '
1016 4515 1050 4584 ἡ
1086 4512 1194 4583 γάρ
1221 4510 1315 4564 νῦν
1338 4511 1397 4563 οὐ
1437 4509 1719 4581 διόρθωσις
1740 4507 1848 4561 τῶν
1878 4510 2029 4579 ήμαρ

2153 4509 2372 4579 logiam.
2407 4506 2529 4561 llaec
2563 4507 2735 4570 enim,
2772 4521 2936 4576 quam
2969 4520 3116 4560 nunc
3146 4505 3337 4567 edidit,
3373 4520 3479 4559 non
3510 4503 3723 4559 estcri.

468 4610 747 4681 τημὲνων,
799 4605 1109 4676 κατασκευὴ
1162 4604 1219 4657 δὲ
1270 4602 1466 4674 μᾶλλον
1524 4601 1631 4654 τῶν
1686 4599 2047 4669 ἐγκλημάτων

468 4702 605 4757 ἐστί.
639 4702 733 4763 Τίς
761 4700 868 4771 γὰρ
904 4698 1002 4751 οὐκ
1029 4691 1169 4750 οἶδεν
1204 4696 1286 4750 ὅτι
1331 4696 1481 4748 πᾶσα
1520 4692 1749 4763 νόμιμος
1784 4690 2048 4758 ἀπολογία

468 4799 605 4867 πρὸς
653 4796 754 4867 τὴν
796 4794 889 4847 τοῦ
947 4792 1327 4862 ἐπενεχθέντος
1382 4790 1723 4860 ἐγκλήματος
1769 4787 2048 4858 ἀναίρεσιν

470 4890 698 4961 βλέπεις
745 4884 890 4952 Οἷον,
936 4888 965 4939 ό
1009 4885 1234 4955 κλοπῆς,
1284 4883 1318 4953 ἢ
1365 4882 1547 4952 φόνου,
1588 4881 1623 4951 ἡ
1667 4898 1810 4945 τινος
1860 4880 2045 4951 ἐτέρου

472 4979 933 5050 πλημμελήματος
964 4976 1141 5029 αἰτίαν
1172 4974 1329 5045 ἔχων,
1351 4974 1386 5044 ἢ
1423 4975 1663 5046 ἀρνεῖται
1696 4972 1922 5026 καθόλου
1952 4971 2047 5043 τὴν

471 5071 691 5143 πρᾶξιν,
713 5070 746 5139 ἦ
770 5071 846 5130 είς
865 5069 951 5121 ἓτε
961 5084 1050 5139 ρον
1078 5065 1392 5137 μετατίθησι
1415 5064 1507 5118 τοῦ
1529 5063 1700 5117 κακοῦ
1724 5062 1822 5133 τὴν
1846 5062 2046 5116 αἰτίανο

474 5160 509 5230 ἢ
537 5162 585 5212 εί
616 5159 780 5230 μηδὲν
801 5158 1013 5211 δύναιτο
1036 5154 1257 5217 τούτων,
1290 5152 1637 5224 συγγνώμην,
1676 5152 1770 5205 καὶ
1795 5151 1941 5205 ἔλεον
1967 5154 2051 5205 αἰο

473 5253 627 5322 τήσει
668 5250 817 5321 παρὰ
859 5251 965 5301 τῶν
1012 5248 1213 5318 κυρίων
1255 5245 1355 5316 τῆς
1397 5246 1598 5317 ψήφου.
1636 5244 1896 5298 Ἐνταῦθα
1926 5243 2049 5297 οὔτε

476 5345 701 5414 ἄρνησιν
745 5344 774 5394 ό
816 5340 969 5408 λόγος
1014 5339 1121 5392 τῶν
1162 5338 1553 5409 ἐπενεχθέντων
1599 5338 1732 5407 ἔχει,
1784 5335 1907 5390 οὔτε
1952 5338 2051 5407 τὴν

479 5434 559 5495 εἰς
585 5433 801 5502 ἑτέρους
832 5429 1157 5500 μετάστασιν
1177 5449 1188 5461 -
1208 5427 1336 5482 οὗτε
1359 5428 1691 5496 καταφεύγει
1719 5427 1854 5497 πρὸς
1880 5426 2048 5494 ἔλεον,

478 5520 601 5578 οὔτε
641 5522 777 5591 πρὸς
820 5521 881 5574 τὸ
932 5521 1118 5589 μέλλον
1159 5519 1575 5591 εὐγνωμοσύνην
1619 5517 2051 5587 κατεπαγγέλλε-

556 5700 631 5769 (α)
662 5700 1083 5769 Είσφρησάντων
1113 5699 1181 5752 ab
1211 5698 1449 5769 εἰσφρέω
1479 5697 1622 5769 quod
1655 5708 1740 5752 est
1776 5696 1917 5749 intus
1950 5695 2051 5769 ad-

482 5766 636 5827 mue
688 5766 784 5826 vel
808 5766 1027 5839 recipio,
1080 5771 1205 5827 item
1262 5766 1797 5833 decoro,Eunomius
1841 5766 2053 5838 accepit

2152 4601 2358 4654 minum
2385 4598 2681 4663 correctio,
2715 4597 2812 4654 sed
2849 4600 3025 4667 magis
3061 4598 3410 4651 confirmatio
3440 4604 3493 4650 ct
3524 4609 3722 4665 appro-

2152 4691 2320 4746 batio.
2356 4688 2491 4744 Nam
2543 4690 2669 4760 quis
2708 4688 2885 4744 nescit
2935 4703 3153 4743 onmem
3190 4702 3371 4742 veram
3417 4686 3721 4757 apologiam

2152 4784 2218 4837 ad
2260 4783 2599 4852 obiectorum
2648 4782 2939 4837 criminum
2991 4779 3372 4835 refutationem
3412 4779 3596 4849 dirigi,
3641 4787 3723 4842 ut,

2151 4876 2244 4946 qui
2294 4875 2441 4940 furti,
2479 4874 2782 4938 homicidii,
2836 4874 2920 4929 vel
2965 4872 3200 4941 alicujus
3246 4872 3471 4925 alterius
3502 4870 3726 4925 sceleris

2154 4968 2484 5038 postulatur,
2517 4968 2562 5022 is
2589 4972 2683 5020 aut
2706 4974 2865 5033 negat
2895 4963 3191 5018 universim
3239 4977 3298 5017 se
3325 4962 3376 5015 id
3412 4960 3721 5020 admisisse.

2156 5060 2239 5113 vel
2295 5060 2348 5112 in
2397 5059 2629 5112 alterum
2679 5054 2892 5111 confert
2931 5070 3151 5110 causam
3194 5054 3496 5113 facinoris;
3550 5053 3636 5106 vel
3677 5052 3723 5105 si

2157 5151 2291 5205 nihil
2341 5150 2535 5203 horum
2587 5156 2791 5219 queat.
2853 5149 3067 5203 veniam
3106 5157 3162 5202 et
3213 5144 3644 5200 misericordiam
3692 5156 3724 5196 a

2154 5239 2432 5309 iudicibus
2460 5238 2631 5307 petit?
2658 5236 2727 5291 At
2752 5237 2841 5289 hic
2866 5251 3041 5306 neque
3063 5242 3225 5305 negat
3251 5233 3572 5298 Eunomius,
3601 5247 3724 5302 qua:

2158 5330 2513 5399 objiciuntur,
2549 5343 2725 5399 neque
2762 5342 2983 5382 causam
3022 5327 3074 5380 in
3106 5326 3273 5380 alium
3308 5323 3591 5389 transfert,
3622 5337 3721 5377 ne-

2154 5438 2263 5494 que
2291 5421 2359 5476 ad
2388 5420 2817 5477 misericordiam
2844 5419 3123 5490 confugit,
3175 5433 3349 5488 neque
3394 5418 3445 5470 in
3481 5414 3722 5469 futurum

2156 5526 2371 5587 tempus
2402 5513 2625 5569 meliora
2658 5512 2942 5583 promittit,
2990 5510 3085 5565 sed
3132 5508 3265 5564 illud
3311 5509 3489 5580 ipsum
3520 5502 3723 5571 scelus,

2160 5708 2272 5765 pro
2288 5690 2584 5765 εἰσπηδάω.

2231 5762 2309 5835 (ὁ)
2339 5762 2399 5818 L.
2426 5756 2603 5817 ἆτονεῖ
2628 5775 2751 5832 quat
2782 5766 2870 5817 est
2898 5774 3023 5816 vera
3045 5756 3227 5817 lectio.
