4166 6372
497 359 595 414 27!

1686 368 1744 426 3.
1775 362 2099 423 GREGORII
2136 363 2436 432 ‘NYSSENI

3641 361 3752 429 2'12

502 479 572 534 de
602 488 711 551 quo
757 489 1050 538 accusatus
1079 492 1181 547 est,
1243 483 1435 553 majori
1482 484 1664 539 studio
1712 492 1765 538 et
1808 490 2063 554 apparatu

2174 498 2291 534 ταιο
2324 484 2439 536 ἀλλ’
2469 482 2600 537 αὐτὸ
2626 483 2686 537 τὸ
2712 484 3182 557 κατηγορούμενον
3218 486 3465 560 ἔγκλημα
3489 487 3576 542 διὰ
3607 491 3755 559 φιλας

501 571 810 626 conlirmat.
851 570 985 627 Nam
1029 575 1171 645 qdod
1221 575 1479 646 objicitur
1510 583 1613 641 est,
1667 585 1723 630 ut
1768 578 1870 631 iste
1915 574 2068 637 dicit,

500 661 780 729 impietas;
837 674 943 719 non
998 665 1205 721 incerta
1252 675 1305 722 et
1340 667 1619 722 indeﬁnita
1647 707 1662 733 ,
1704 668 1799 723 sed
1840 676 1987 722 certa
2016 676 2071 720 et

500 752 885 808 determinata.
912 755 1171 828 Apologia
1205 774 1337 813 vero
1367 760 1525 814 docet
1563 759 1894 828 impietatem
1920 776 1935 823 ;
1967 772 2071 812 nec

499 843 707 899 crimen
743 845 921 911 diluit,
948 848 1041 903 sed
1070 865 1293 919 prorsus
1317 850 1548 906 slabilit.
1584 850 1739 927 Quod
1776 849 1820 905 si
1855 848 2070 918 pietatis

499 932 751 990 doctrina
783 937 977 993 fuisset
1018 940 1246 1003 incerta,
1283 948 1337 995 et
1368 941 1575 1011 ignota,
1605 940 1787 995 minus
1816 938 2069 993 fortassis

498 1025 800 1092 periculum
853 1028 1067 1095 fuisset,
1114 1031 1295 1084 moliri
1330 1030 1598 1099 ejusmodi
1633 1030 1950 1084 novitatem.
1999 1030 2069 1081 At

498 1127 625 1167 cum
673 1115 729 1170 in
764 1118 1007 1173 omnium
1038 1120 1250 1191 piorum
1299 1122 1498 1176 animis
1540 1121 1787 1175 doctrina
1833 1118 2068 1189 theologi

476 1200 759 1279 .[Basiliij
790 1207 1062 1279 insideat;
1121 1228 1250 1267 num
1280 1214 1345 1280 is,
1401 1214 1493 1283 qui
1525 1212 1906 1267 communibus
1951 1226 2070 1264 om-

499 1294 651 1350 nium
697 1297 936 1354 decretis
970 1311 1025 1356 et
1072 1303 1527 1371 persuasionibus
1559 1303 1836 1358 contraria
1878 1302 2066 1366 tradit,

496 1385 719 1456 depellit
758 1405 787 1443 a
818 1406 878 1446 se
905 1407 1003 1462 per
1030 1393 1403 1450 defensionem
1436 1410 1522 1461 ea,
1568 1410 1803 1466 quorum
1841 1409 2069 1449 accusa-

497 1484 621 1532 tur:
657 1487 710 1534 et
742 1495 854 1537 non
880 1484 1053 1555 magis
1089 1488 1331 1540 omnium
1360 1484 1698 1541 audientium
1729 1491 1921 1540 contra
1949 1498 2069 1540 sese

495 1568 635 1625 iram
670 1582 951 1642 provocat,
985 1585 1040 1631 et
1060 1576 1410 1634 vehementer
1438 1577 1524 1635 sui
1544 1578 1719 1650 ipsius
1744 1577 1801 1632 iit
1839 1592 2070 1632 accusa-

498 1662 614 1715 tor?
651 1663 764 1735 Ego
791 1667 1011 1737 quidem
1040 1669 1115 1723 ita
1147 1670 1345 1725 sentio.
1379 1663 1568 1741 Itaque
1607 1679 1789 1725 utrum
1829 1676 2066 1725 sectato-

496 1766 586 1806 res
625 1752 875 1811 Eunomii
915 1759 1153 1814 audituri
1207 1762 1318 1816 sint
1355 1762 1592 1833 aliquam
1633 1761 1959 1833 apologiam,
1995 1774 2065 1815 an

497 1849 803 1902 accusaturi
832 1864 917 1914 ea,
962 1866 1082 1921 qua:
1127 1852 1195 1906 ad
1230 1854 1482 1923 pietatem
1526 1853 1940 1925 pervertendam
1970 1867 2067 1908 ex-

496 1936 777 2006 cogitavit,
817 1940 934 2011 ipse
978 1944 1212 2012 viderit;
1252 1946 1336 2001 vel
1369 1952 1424 2001 et
1450 1945 1606 2012 illud,
1654 1945 1929 2016 quomodo
1976 1958 2068 1999 ac-

496 2037 781 2085 cusatores
833 2032 1090 2102 injuriam
1147 2036 1353 2091 illaturi
1418 2043 1474 2093 et
1522 2053 1687 2108 quam
1738 2037 2067 2093 sententiam

490 2116 706 2184 judices
728 2120 990 2180 adversus
1018 2126 1195 2196 ipsum
1220 2128 1624 2198 pronuntiaturi
1664 2128 1793 2196 sint,
1824 2128 2067 2185 stabilito

496 2224 594 2278 Per
643 2212 969 2298 3pologiam,
1036 2219 1301 2291 novisque
1354 2221 1689 2292 argumentis
1744 2219 2067 2276 conﬁrmato

494 2316 727 2360 Cl‘lmllle
752 2347 765 2360 .

562 2482 833 2540 Caeterum
868 2503 1074 2557 nescio,
1103 2504 1337 2561 quonam
1368 2500 1528 2563 pacto
1572 2491 1630 2548 in
1661 2489 1800 2558 haec,
1844 2507 1911 2547 ex
1943 2505 2067 2546 ora-

494 2574 665 2631 tionis
700 2581 843 2635 serie
868 2591 921 2635 et
950 2584 1144 2638 ordine
1170 2584 1475 2649 inciderim,
1503 2585 1605 2640 hoc
1636 2585 1757 2655 ipso
1783 2584 1911 2639 dum
1943 2599 2066 2637 ora-

494 2668 663 2724 tionis
715 2671 849 2726 ordo
900 2689 1008 2728 nou
1056 2676 1394 2731 observatur.
1428 2676 1614 2747 Neque
1658 2678 1803 2732 enim
1850 2676 2066 2731 animus

495 2775 643 2815 nunc
686 2772 769 2817 est
808 2769 1142 2833 examinare,
1197 2785 1303 2839 qua
1351 2772 1563 2826 ratione
1618 2771 1953 2827 instituenda
1994 2771 2066 2826 sit

494 2853 779 2923 apologia;
816 2858 909 2912 sed
942 2868 1123 2915 utrum
1155 2863 1459 2933 apologiam
1487 2861 1790 2919 Eunomius
1813 2862 2067 2917 institue-

492 2944 583 2997 rit.
618 2944 816 3001 Verum
871 2952 937 3005 ad
984 2955 1317 3021 propositam
1370 2955 1654 3009 materiam
1704 2961 2063 3010 revertamur.

493 3036 650 3093 Hunc
700 3058 830 3113 ergo
880 3046 1116 3115 propriis
1168 3047 1349 3103 verbis
1383 3046 1505 3117 capi
1549 3044 1900 3102 manifestum
1954 3055 2058 3102 est.

2097 1814 2144 1873 B

2173 572 2483 644 πονωτέρας
2522 574 2863 643 κατασκευῆς
2904 577 3344 646 ίσχυροποιείται.
3390 576 3464 629 Τὸ
3504 578 3603 647 μὲν
3644 579 3753 650 γὰρ

2173 661 2608 730 προφερόμενον,
2657 661 2836 726 καθὼς
2876 657 3028 727 οὗτός
3070 680 3263 734 φησιν,
3310 666 3588 733 ἀσεϐείας
3636 668 3753 721 ἐστὶ

2171 751 2388 820 γραφὴ,
2438 752 2536 804 οὐκ
2589 752 2838 825 ἀόριστον
2885 753 3032 825 αὐτῷ
3082 756 3181 826 τὴν
3229 757 3406 812 αἰτίαν
3449 759 3749 828 ἐπάγουσα,

2170 842 2285 895 ἀλλ’
2309 843 2438 897 αὐτὸ
2477 845 2822 916 προφέρουσα
2855 847 2967 917 ιτῆς
3012 847 3267 912 ἀσεϐείας
3309 850 3372 902 τὸ
3421 846 3588 915 εἴδοςο
3632 853 3666 923 ἡ
3694 853 3751 906 δὲ

2170 934 2454 1004 ἀπολογία,
2504 936 2563 989 τὸ
2604 936 2711 990 δεῖν
2744 938 2958 991 ἀσεϐεῖν
3001 940 3418 1007 κατασκευάζει,
3463 943 3563 996 οὐκ
3608 944 3755 997 ἀναι-

2173 1025 2341 1096 ροῦσα
2367 1027 2464 1098 τὴν
2497 1028 2696 1092 αίτίαν,
2727 1029 2862 1084 ἀλλά
2890 1030 3179 1099 βεϐαιοῦσα
3201 1030 3261 1085 τὸ
3286 1032 3451 1103 ἐγκλη
3462 1051 3558 1104 μα.
3590 1035 3747 1108 Ἀδή-

2170 1116 2275 1169 λων
2324 1117 2421 1188 μὲν
2466 1118 2571 1189 γὰρ
2606 1118 2772 1173 ὄντων
2824 1120 2933 1174 τῶν
2985 1121 3083 1192 τῆς
3124 1116 3402 1187 εὐσεϐείας
3444 1123 3744 1195 δογμάτων,

2168 1203 2327 1279 ἦττον
2360 1207 2488 1273 ἴσως
2517 1205 2584 1280 ἦν
2628 1211 2958 1265 ἐπικίνδυνον
2992 1210 3335 1284 κατατολμᾷν
3371 1215 3468 1285 τῆς
3500 1216 3750 1288 καινότη-

2168 1312 2259 1359 τος
2278 1313 2291 1326 ·
2322 1297 2519 1361 πάσαις
2557 1298 2613 1351 δὲ
2653 1299 2762 1352 τῶν
2791 1300 3155 1355 εὐσεϐούντων
3192 1301 3389 1372 ψυχαῖς
3422 1305 3622 1373 παγίας
3649 1305 3750 1375 τῆς

2169 1388 2261 1441 τοῦ
2287 1387 2533 1457 θεολόγου
2564 1389 2904 1455 διδασκαλίας
2932 1393 3358 1467 ἐνυπαρχούσης,
3388 1399 3415 1450 ὁ
3440 1396 3507 1449 τὰ
3532 1399 3748 1451 ἐναντία

2167 1482 2281 1543 τοῖς
2327 1484 2477 1552 κοινῇ
2533 1481 2681 1551 παρὰ
2737 1482 2955 1537 πάντων
3009 1486 3370 1555 ἐγνωσμένοις
3418 1486 3588 1558 βοῶν,
3638 1483 3746 1559 ἄρα

2169 1571 2514 1640 ἀπολογεῖται
2543 1573 2682 1644 ὑπὲρ
2703 1568 2778 1628 ὧν
2812 1574 3137 1644 ἐγκαλεῖται,
3165 1576 3199 1647 ἢ
3230 1577 3428 1647 μᾶλλον
3458 1578 3743 1647 ἐφέλκεται

2169 1663 2291 1717 καθ’
2324 1663 2515 1717 ἑαυτοῦ
2548 1665 2646 1736 τὴν
2684 1664 2794 1720 τῶν
2825 1666 3134 1721 ἀκουόντων
3176 1667 3366 1739 ὀργὴν,
3410 1669 3506 1722 καὶ
3549 1670 3742 1740 πικρό-

2168 1772 2324 1828 τερος
2354 1757 2548 1811 ἐαυτοῦ
2581 1759 2881 1831 κατήγορος
2935 1759 3180 1826 inurat;
3246 1760 3385 1830 Ἐγὼ
3441 1762 3539 1832 μὲν
3590 1761 3746 1817 τοῦτό

2171 1865 2333 1918 φημι.
2368 1848 2531 1901 Ὥστε
2576 1848 2731 1922 εἴπερ
2760 1849 2866 1903 είσὶ
2892 1850 3032 1904 κατὰ
3068 1851 3159 1905 τὸν
3186 1851 3341 1921 λόγον
3378 1851 3472 1905 τοῦ
3511 1865 3747 1925 συγγρα-

2167 1937 2331 2005 φέως,
2365 1937 2399 2009 ἢ
2431 1938 2694 2011 ἀκροαταὶ
2725 1938 2833 1992 τῶν
2874 1941 3338 2013 ἀπολογηθέντων,
3371 1942 3404 2014 ἢ
3449 1945 3743 2016 κατήγοροι

2165 2026 2273 2080 τῶν
2309 2026 2451 2082 κατὰ
2496 2029 2596 2099 τῆς
2633 2030 2912 2095 εὐσεϐείας
2956 2031 3104 2101 αὐτῷ
3142 2033 3534 2104 τολμηθέντων,
3584 2028 3748 2100 αὐτὸς

2165 2117 2462 2191 εἰπάτωοῆ
2498 2119 2616 2185 πῶς
2650 2122 2699 2174 οἱ
2733 2124 3021 2194 κατήγοροι
3061 2123 3558 2203 καθυϐρίσουσινοῆ
3621 2132 3745 2186 τίνα

2165 2208 2215 2261 οἱ
2247 2208 2496 2265 δικασταὶ
2539 2211 2668 2283 περὶ
2708 2213 2871 2266 αὐτοῦ
2921 2215 3021 2286 τὴν
3066 2215 3245 2286 ψῆφον
3298 2215 3580 2283 ἐξοίσουσι,
3613 2233 3744 2290 προ-

2164 2301 2704 2376 κατασκευαζομένου
2735 2305 2822 2361 διὰ
2850 2306 2948 2379 τῆς
2976 2308 3267 2378 ἀπολογίας
3299 2310 3392 2363 τοῦ
3428 2310 3746 2383 πλημμελή-

2168 2409 2357 2464 ματος.

2248 2483 2408 2539 Ἀλλά
2452 2484 2624 2541 ταῦτα
2665 2487 2761 2559 μὲν
2792 2487 2892 2542 οὐκ
2934 2484 3052 2543 οῖδα
3096 2488 3216 2553 πῶς
3270 2488 3637 2560 παρενέπεσον
3680 2492 3745 2544 ἐκ

2163 2577 2265 2647 τῆς
2291 2577 2608 2642 ἀκολουθίας
2634 2579 2727 2632 τοῦ
2754 2579 2913 2649 λόγου
2936 2579 3016 2649 τῷ
3042 2579 3115 2652 μὴ
3144 2580 3324 2644 καλῶς
3346 2581 3614 2652 προῆχθαι
3646 2581 3743 2653 τὴν

2165 2668 2502 2723 ἀκολουθίαν.
2537 2670 2670 2724 Οὐδέ
2698 2671 2805 2743 γὰρ
2836 2670 3087 2742 περὶτοῦ
3122 2670 3238 2735 πῶς
3276 2670 3441 2742 ἐχρην
3476 2672 3745 2743 ἀπολογή-

2167 2762 2361 2816 σασθαι
2410 2763 2692 2833 πρόκειται
2743 2763 2837 2818 νῦν
2864 2762 3136 2830 ἐξετάζειν
3154 2779 3168 2793 ’
3201 2763 3315 2817 ἀλλ’
3343 2765 3389 2815 εί
3415 2763 3744 2834 ἀπολελόγη-

2162 2870 2252 2906 ται
2300 2854 2455 2917 ὅλως.
2498 2853 2641 2926 Πρὸς
2686 2854 2744 2907 δέ
2786 2855 2847 2908 τὸ
2892 2854 3151 2925 προτεθὲν
3202 2854 3608 2926 ἐπανέλθωμεν·
3658 2856 3741 2909 ὅτι

2161 2950 2274 3011 τοῖς
2300 2947 2447 3010 ἰδίοις
2478 2948 2752 3001 ἁλίσκεται
2783 2948 3031 3019 φανερῶς
3057 2948 3253 3011 οὐτωςο
3296 2948 3353 3001 '0
3380 2947 3742 3020 δυσχεραίνων

2163 3039 2223 3091 τὸ
2250 3039 2442 3109 ψεῦδος
2478 3040 2759 3112 κεκρίσθαι
2787 3041 2934 3110 λέγει
2982 3041 3075 3095 καί⁵
3110 3042 3437 3114 παρανόμων
3470 3044 3741 3112 ἐπιτυχεῖν

490 3126 626 3183 Nam
660 3133 750 3201 qui
777 3148 919 3202 aegre
957 3134 1136 3190 ferens
1163 3137 1229 3191 de
1257 3138 1537 3192 mendacio
1579 3136 1884 3208 judicatum
1915 3151 2057 3202 esse,

2169 3130 2453 3195 δικαστῶν,
2486 3134 2579 3185 καὶ
2604 3132 2693 3186 διὰ
2716 3133 2836 3204 γῆς,
2866 3135 2960 3188 καὶ
2987 3133 3260 3205 θαλάσσης
3290 3135 3575 3205 ἀγόμενος,
3605 3134 3741 3205 πρὸς

491 3222 622 3277 dicit
654 3224 870 3294 iniquos
911 3228 1128 3297 judices
1169 3245 1227 3285 se
1260 3241 1503 3296 nactum,
1553 3238 1607 3285 et
1642 3238 1787 3285 terra
1815 3230 2061 3300 marique

491 3313 947 3381 circumductum,
1005 3320 1246 3390 solisque
1291 3329 1427 3376 mstu
1472 3328 1526 3376 et
1561 3322 1784 3391 pulvere
1829 3320 2061 3390 plurima

492 3404 837 3461 incommoda
877 3425 1192 3480 perpessum
1222 3427 1378 3479 esse;
1422 3428 1549 3466 mox
1585 3412 1928 3466 mendacium
1962 3411 2061 3465 ob-

491 3494 703 3559 velans,
737 3497 948 3551 clavum
984 3500 1160 3565 clavo,
1197 3509 1255 3556 ut
1287 3501 1636 3571 proverbium
1672 3500 1855 3562 habet,
1888 3499 2057 3568 pellit,

488 3592 546 3638 et
594 3587 702 3640 alio
750 3589 1037 3645 mendacio
1088 3592 1192 3646 hoc
1243 3591 1584 3647 mendacium
1635 3591 1897 3661 corrigit;
1935 3605 2059 3644 cum

488 3676 636 3730 enim
666 3678 869 3747 pariter
896 3682 1022 3735 cum
1052 3682 1174 3751 ipso
1202 3696 1391 3737 omnes
1420 3685 1618 3746 sciant,
1670 3681 1816 3751 quod
1856 3682 2057 3735 nullam

490 3770 711 3836 penitus
742 3785 925 3827 vocem
958 3772 1012 3826 in
1034 3771 1243 3842 judicio
1270 3773 1499 3839 miserit,
1532 3775 1608 3828 ait
1638 3790 1697 3829 se
1727 3773 2061 3828 detrectasse

491 3859 730 3916 hostium
759 3862 1018 3929 tribunal,
1053 3872 1433 3937 tacentemque
1450 3866 1889 3921 condemnatum.
1917 3866 2062 3932 Quo-

491 3953 655 4008 modo
680 3955 884 4012 clarius
912 3958 1128 4013 ostendi
1163 3968 1368 4029 posset,
1411 3960 1557 4014 hunc
1603 3968 1656 4014 et
1681 3977 1803 4015 cum
1837 3962 2062 4016 veritate

488 4052 546 4098 et
591 4061 775 4100 secum
825 4050 1106 4119 pugnare?
1162 4051 1391 4115 Quando
1442 4050 1878 4118 reprehenditur,
1916 4051 2060 4120 quod

492 4137 634 4192 male
660 4154 817 4192 suum
848 4140 1045 4196 librum
1071 4141 1434 4211 inscripserit,
1466 4142 1544 4195 ait
1564 4158 1623 4197 se
1647 4141 1839 4211 judicii
1872 4157 2061 4198 neces-

494 4230 656 4284 sitate
684 4231 1049 4300 compulsum,
1080 4243 1138 4286 ut
1169 4233 1368 4288 librum
1408 4249 1569 4288 suuut
1604 4236 1865 4305 apologis:
1902 4237 2061 4291 titulo

493 4328 839 4390 pramotaret.
880 4322 1113 4388 Quando
1147 4336 1504 4390 monstratur,
1556 4326 1703 4397 quod
1752 4329 1887 4391 nihil
1918 4327 2060 4398 apud

486 4411 707 4481 judices
724 4412 795 4468 sit
823 4413 1059 4475 locutus,
1088 4430 1209 4469 mox
1243 4424 1403 4485 negat
1428 4417 1718 4487 judicium,
1739 4419 2064 4489 judicesque

2169 3224 2317 3296 ἡλίου
2344 3241 2403 3277 τε
2436 3224 2695 3295 φλογμὸν,
2724 3226 2821 3279 καὶ
2858 3227 3005 3280 κόνιν
3034 3226 3430 3295 κακοπαθῆσαι.
3469 3221 3602 3279 Εἶτα
3632 3225 3739 3279 πά-

2163 3315 2245 3369 λιν
2268 3316 2629 3388 περιστέλλων
2658 3317 2718 3371 τὸ
2746 3317 2963 3389 ψεῦδος,
3004 3318 3119 3389 ἥλῳ
3159 3318 3249 3371 τὸν
3286 3312 3433 3388 ἧλον,
3469 3317 3609 3370 κατὰ
3641 3316 3741 3389 τὴν

2163 3407 2479 3478 παροιμίαν,
2515 3408 2783 3480 ἐκκρούει,
2828 3409 2972 3479 ἄλλῳ
3029 3408 3211 3478 ψεύδει
3247 3408 3402 3462 τοῦτο
3441 3408 3502 3461 τὸ
3546 3407 3741 3478 ψεῦδος

2163 3498 2644 3570 ἐπανορθούμενος.
2680 3500 2902 3554 Πάντων
2931 3500 3038 3571 γάρ
3066 3500 3214 3570 αὐτῷ
3244 3500 3738 3569 συνεπισταμένων,

2162 3591 2243 3643 ὅτι
2272 3590 2526 3661 οὐδεμίαν
2557 3590 2781 3663 ἔρρηξεν
2814 3593 2871 3645 ἐν
2898 3592 3229 3664 δικαστηρίῳ
3259 3592 3461 3662 φωνὴν,
3494 3592 3740 3665 παρῃτῆ-

2165 3681 2287 3733 σθαί
2336 3697 2468 3753 φησι
2514 3681 2573 3734 τὸ
2612 3681 2718 3734 τῶν
2757 3681 2963 3752 ἐχθρῶν
3008 3682 3373 3753 δικαστήριον,
3426 3682 3522 3735 καὶ
3574 3678 3740 3750 σιγῶν

2163 3771 2385 3825 ἁλῶναι.
2432 3771 2557 3835 Πῶς
2605 3773 2669 3825 ἄν
2712 3790 2795 3836 τις
2848 3772 3042 3843 μᾶλλον
3083 3771 3443 3843 ἐξελεγχθείη,
3477 3773 3570 3825 καὶ
3604 3772 3739 3843 πρὸς

2162 3866 2259 3935 τὴν
2284 3864 2557 3935 ἀλήθειαν,
2585 3866 2678 3918 καὶ⁵
2707 3866 2841 3937 πρὸς
2870 3865 3057 3919 ἐαυτὸν
3086 3866 3338 3925 ἐναντίως
3362 3864 3498 3934 ἔχων
3525 3881 3539 3928 ς
3571 3852 3736 3917 Ὅταν

2165 3956 2475 4024 ἐγκαλεῖται
2508 3958 2633 4026 περὶ
2662 3959 2759 4027 τῆς
2787 3956 3098 4028 ἐπιγραφῆς
3125 3954 3219 4008 τοῦ
3256 3955 3435 4023 λόγου,
3466 3958 3531 4027 τῇ
3560 3956 3736 4027 κρίσει

2161 4047 2259 4118 τὴν
2301 4046 2543 4116 ἀνάγκην
2581 4048 2680 4117 τῆς
2726 4047 3019 4115 ἀπολογίας
3060 4046 3403 4118 προτίθησιψ
3441 4047 3566 4099 ὅταν
3591 4045 3741 4115 ἐλέγ-

2164 4154 2343 4208 χηται,
2388 4138 2549 4209 μηδὲν
2594 4139 2684 4193 ἐπὶ
2729 4138 2836 4191 τῶν
2880 4138 3204 4202 δικαζόντων
3254 4138 3440 4199 εἰπὼν,
3496 4138 3738 4209 ἀρνεῖται

2161 4230 2258 4300 τὴν
2291 4228 2491 4299 κρίσιν,
2528 4229 2621 4282 καὶ
2653 4227 2871 4292 ἀπαξιοῖ
2898 4229 3021 4291 τούς
3047 4228 3382 4291 δικάζοντας.
3429 4227 3617 4298 Ὁρᾶτε
3645 4226 3738 4279 τὸν

2165 4320 2391 4391 σφοδρὸν
2417 4320 2696 4391 πρόμαχον
2721 4322 2820 4390 τῆς
2846 4319 3119 4391 ἀληθείας,
3148 4320 3222 4383 ὡς
3248 4320 3570 4391 ἐρρωμένως
3603 4318 3738 4389 πρὸς

2162 4411 2224 4463 τὸ
2249 4410 2443 4480 ψεῦδος
2488 4408 2961 4473 ἀντικαθίσταται;
2992 4405 3125 4463 Εἶτα
3165 4408 3400 4471 τοιοῦτος
3424 4407 3519 4471 ὢν,
3554 4424 3738 4473 norn-

492 4505 615 4561 illos
642 4507 868 4577 respuit.
903 4506 1095 4563 Videte
1122 4511 1399 4580 egregium
1446 4511 1610 4566 istum
1651 4512 1898 4566 veritatis
1930 4527 2059 4582 pro-

2166 4501 2291 4570 ρὸν,
2330 4502 2425 4555 καὶ
2466 4500 2753 4568 κακοήθη,
2804 4500 2903 4553 καί
2939 4501 3216 4569 ψεύστην
3245 4501 3335 4552 τὸν
3380 4500 3550 4569 μέγαν
3578 4498 3739 4551 Βασί-

488 4610 871 4670 pugnatorem,
920 4607 978 4653 ut
1002 4600 1179 4655 valide
1206 4610 1398 4654 contra
1435 4602 1780 4657 mendacium
1815 4604 2063 4674 pugnat?

2172 4594 2313 4647 λειον
2349 4593 2634 4663 ὀνομάζειν
2681 4592 2885 4664 τολμᾷ·
2927 4593 3019 4647 καὶ
3065 4592 3143 4644 ἔτι
3169 4591 3300 4662 πρὸς
3344 4590 3571 4652 τούτοις,
3602 4592 3739 4657 θρα-

490 4688 558 4743 Ει
581 4704 707 4745 cum
722 4688 842 4747 talis
886 4692 957 4747 sit
987 4693 1149 4747 audet
1179 4709 1433 4765 magnum
1470 4694 1731 4750 Basilium
1781 4697 2062 4751 nominare

2169 4687 2309 4751 σὺν,
2339 4685 2556 4755 ἀμαθῆ,
2592 4684 3028 4754 παράγραπτον,
3070 4684 3189 4738 τῶν
3229 4685 3399 4739 θείων
3438 4684 3735 4751 ἀμύητον

488 4784 803 4852 malignum,
820 4785 1135 4853 improbum,
1152 4784 1757 4852 mendacem,audacem,
1771 4787 2059 4851 indoctum,

491 4875 882 4943 adscriptitium
919 4881 1031 4947 (seu
1062 4878 1343 4945 Spurium),
1389 4894 1565 4932 rerum
1608 4878 1906 4933 divinarum
1958 4879 2061 4931 im-

488 4967 713 5035 peritum
736 4983 748 5018 :
779 4975 831 5022 et
858 4970 1106 5041 catalogo
1129 4970 1504 5024 conviciorum
1533 4969 1683 5024 addit
1706 4972 1869 5025 etiam
1895 4972 2063 5038 stupi-

490 5058 732 5123 dilatem,
768 5061 1056 5127 insaniam,
1107 5063 1363 5132 furorem,
1415 5070 1469 5118 et
1504 5063 1714 5117 inﬁnita
1757 5065 1906 5129 talia,
1943 5078 2063 5133 quae

495 5151 696 5219 passim
727 5152 962 5205 orationi
987 5168 1099 5207 suae
1120 5154 1392 5223 aspergit;
1421 5152 1667 5209 suiiicere
1687 5162 1840 5209 ratus
1867 5153 2063 5223 linguae

491 5256 607 5297 sua:
633 5244 982 5312 asperitatem
1008 5253 1063 5298 et
1094 5246 1443 5300 acerbitatem
1470 5260 1766 5316 Opponere.
1800 5254 2058 5316 tanquam

488 5334 903 5403 aequivalentem
947 5336 1191 5389 omnium
1215 5336 1497 5390 hominum
1533 5336 1883 5405 testimoniis,
1968 5336 2058 5407 qui

490 5432 548 5478 ct
575 5439 776 5478 nomen
817 5423 997 5493 magni
1029 5423 1523 5495 Basilii,tanquam
1562 5427 1793 5494 alicujus
1818 5437 2057 5481 veterum

491 5523 808 5572 sanctorum
836 5515 1177 5570 admirantur
1202 5534 1213 5570 :
1244 5525 1297 5572 et
1320 5526 1471 5587 putat
1494 5527 1596 5572 iste
1626 5519 1885 5573 invictum
1908 5519 2058 5571 illum

492 5607 609 5660 sola
642 5606 987 5663 conviciandi
1014 5607 1239 5662 libidine
1263 5616 1318 5664 et
1340 5609 1675 5679 impudentia
1727 5610 1844 5664 laedi
1870 5611 2062 5679 posse?

490 5694 609 5753 Non
642 5700 779 5755 adeo
811 5700 1032 5756 humilis
1058 5709 1111 5757 et
1140 5701 1411 5757 demissus
1449 5703 1531 5757 sol
1561 5711 1665 5767 est,
1706 5712 1765 5760 ut
1799 5720 1969 5774 usque
1992 5704 2057 5757 ad

492 5788 671 5859 ipsum
692 5791 1001 5863 pertingant
1022 5791 1250 5862 lapides,
1278 5792 1362 5849 vel
1389 5793 1591 5864 aliquid
1622 5795 1765 5851 aliud
1795 5795 1848 5851 iu
1879 5798 2055 5865 ipsum

2170 4777 2489 4850 προστίθησι
2510 4776 2565 4829 δέ
2590 4775 2668 4846 τῷ
2692 4776 2973 4845 καταλόγῳ
2996 4776 3093 4845 τῆς
3114 4775 3395 4847 λοιδορίας,
3428 4773 3523 4826 καὶ⁷
3561 4788 3739 4839 παρα-

2168 4868 2452 4935 πληξίαν,
2484 4867 2580 4921 καὶ
2625 4868 2868 4937 μανίαν,
2919 4866 3015 4919 καὶ
3049 4865 3214 4938 μυρία
3248 4863 3490 4926 τοιαῦτα,
3538 4864 3739 4935 σπορά-

2166 4959 2263 5029 δην
2296 4959 2457 5012 παντὶ
2485 4956 2882 5028 ’καταμιγνύων
2924 4956 3002 5027 τῷ
3050 4956 3213 5025 λόγῳ,
3259 4955 3446 5028 ὥσπερ
3490 4955 3739 5025 ἐξαρκεῖν

2166 5052 2409 5122 οἰόμενος
2434 5050 2533 5121 τὴν
2561 5049 2754 5104 ἐαυτοῦ
2785 5050 3008 5121 πικρίαν
3037 5050 3358 5120 ἀντίρροπον
3378 5051 3498 5110 ταῖς
3526 5049 3738 5101 πάντων

2167 5144 2468 5215 ἀνθρώπων
2500 5145 2823 5216 μαρτυρίαις
2850 5142 3170 5214 γενήσεσθαι
3190 5159 3202 5172 ·
3246 5142 3294 5194 οἳ
3340 5140 3436 5194 καὶ
3469 5140 3529 5193 τὸ
3571 5140 3739 5209 ὄνομα

2166 5237 2259 5291 τοῦ
2315 5237 2571 5307 μεγάλου,
2614 5236 2864 5309 καθάπερ
2913 5234 3057 5298 τινος
3111 5233 3217 5287 τῶν
3271 5233 3513 5304 ἀρχαίων
3569 5231 3738 5297 ἁγίων

2165 5328 2453 5400 τεθήπασι.
2484 5328 2594 5381 Καὶ
2628 5328 2836 5398 νομίζει
2877 5326 2969 5380 τὸν
3012 5327 3252 5396 ἄτρωτον
3277 5324 3352 5395 τῷ
3383 5322 3555 5395 μώμῳ
3578 5323 3736 5376 δύνα-

2166 5422 2289 5476 σθαι
2323 5421 2480 5491 μόνον
2511 5420 2596 5474 διὰ
2623 5420 2723 5490 τῆς
2749 5418 3013 5490 λοιδορίας
3038 5416 3398 5489 λυμήνασθαι.
3445 5416 3556 5485 Οὐχ
3596 5413 3738 5467 οὕτω

2165 5514 2412 5578 ταπεινὸς
2440 5515 2467 5566 ὁ
2496 5514 2664 5583 ἥλιος,
2697 5512 2772 5576 ὡς
2817 5513 2979 5583 μέχρι
3013 5511 3219 5565 ἐκείνου
3250 5510 3450 5579 φθάσαι
3482 5509 3573 5561 τὸν
3615 5507 3734 5561 κατ’

2165 5606 2326 5659 αὐτοῦ
2362 5604 2558 5670 λίθους,
2585 5604 2618 5675 ἢ
2648 5604 2773 5659 ἄλλο
2798 5622 2849 5658 τι
2879 5602 3153 5673 βάλλοντα.
3196 5602 3364 5656 Πάλιν
3391 5601 3499 5673 γὰρ
3532 5603 3738 5656 ἐπανα-

2167 5698 2385 5770 στρέφει
2430 5697 2502 5751 τὰ
2563 5695 2824 5769 βληθέντα
2899 5696 3040 5751 κατὰ
3091 5695 3183 5748 τοῦ
3229 5694 3571 5765 πέμψαντος*
3612 5694 3642 5747 ὁ
3677 5693 3735 5747 δέ

2168 5792 2364 5856 σκοπὸς
2413 5791 2561 5862 μένει
2614 5789 2712 5860 τῆς
2759 5787 2918 5860 βολῆς
2969 5786 3323 5860 ὑψηλότερος·
3372 5787 3472 5842 κάν
3522 5802 3605 5849 τις
3659 5782 3734 5849 ὡς
