4166 6372
468 437 568 507 επ.

1599 452 1871 511 CONTRA
1912 455 2305 524 EU‘NOMIUM,
2336 457 2464 513 LIB.
2504 458 2542 512 Ι.

3597 455 3702 512 ειη

467 565 685 634 ἀλαμπῆ
721 561 982 634 διαϐάλλῃ
1020 561 1110 615 τὸν
1152 562 1328 634 ήλιον,
1362 563 1422 617 οὐ
1458 563 1518 617 τὸ
1547 567 1661 635 φῶς
1686 568 1783 639 τῆς
1817 568 2033 630 ἀκτῖνος

2161 568 2420 625 :missum.
2458 567 2591 622 Nam
2626 567 2809 639 jacula
2842 567 3098 623 recidunt
3127 567 3185 623 in
3220 574 3387 636 caput
3416 565 3703 631 mittentis,

466 657 525 708 ὲκ
560 654 667 707 τῶν
716 654 1061 723 σκωμμάτων
1109 654 1454 725 ἠμαύρωσεν,
1495 655 1609 710 ἀλλ’
1660 660 1688 710 6
1740 658 1839 728 μὲν
1886 658 2036 728 ἥλιος

466 748 635 809 ἔσται,
663 746 756 798 καὶ
805 746 1204 815 σκωπτόμενος,
1243 746 1413 816 ἥλιος,
1454 746 1548 800 τοῦ
1585 748 1643 803 δὲ
1674 748 2037 819 λοιδοροῦντος

464 838 537 899 ὡς
567 839 778 909 ἀφεγγῆ
810 837 911 909 τὴν
947 839 1135 891 ἀκτῖνα
1159 840 1192 907 ὴ
1226 840 1473 911 πήρωσις
1507 840 1616 892 τῶν
1650 841 1918 912 ὀρατικῶν
1954 842 2038 895 αί-

467 928 777 999 σθητηρίων
801 929 1262 1001 ἀπελεγχθήσεται
1281 945 1294 959 '
1319 931 1421 983 κᾶν
1457 931 1537 984 ὅτι
1562 931 1796 1001 μάλιστα
1822 932 1947 995 τούς
1977 949 2039 985 τε

468 1018 885 1089 ἀκουσομένους,
913 1022 1006 1074 καὶ
1045 1023 1171 1084 τοὺς
1203 1022 1612 1092 ἐντευξομένους
1648 1022 1852 1077 πείθειν
1881 1023 2039 1096 ἐθέλῃ

471 1109 589 1162 καθ’
620 1111 911 1183 ὁμοιότητα
934 1113 1033 1182 τῆς
1058 1112 1346 1182 ἀπολογίας
1385 1113 1615 1185 ἐκείνης,
1655 1114 1729 1185 μὴ
1759 1117 1879 1178 ταῖς
1908 1114 2044 1167 πάν·-

473 1220 581 1254 των
628 1204 757 1273 περὶ
794 1202 887 1255 τοῦ
930 1204 1080 1273 ἡλίου
1120 1203 1296 1268 δόξαις
1336 1204 1732 1275 προστίθεσθαι,
1767 1205 1900 1275 μηδὲ
1937 1206 2044 1257 τῶν

478 1276 684 1346 πολλῶν
712 1296 901 1364 πεῖραν
930 1295 1026 1364 τῆς
1058 1294 1192 1357 ἰδίας
1216 1294 1533 1366 ὑπολήψεως
1562 1294 1827 1349 ποιεῖσθαι
1854 1314 2047 1367 κυριω-

479 1386 663 1456 τέραν,
702 1388 767 1455 τῇ
800 1384 1003 1437 πλείονι
1045 1385 1208 1456 μοίρᾳ
1237 1386 1297 1438 τὸ
1339 1389 1580 1457 κρεῖττον
1618 1385 2045 1456 προσάπτοντας,

482 1477 658 1547 μάτην
693 1476 786 1528 ἐπὶ
815 1476 920 1530 τῶν
952 1476 1252 1547 βλεπόντων
1281 1478 1525 1550 ληρήσει.

2138 670 2192 716 et
2234 661 2315 716 sol
2346 660 2492 715 omni
2518 661 2673 731 jactu
2707 671 2888 715 manet
2926 662 3107 715 altior.
3151 660 3216 712 Et
3264 659 3393 714 licet
3421 657 3543 728 quis
3590 658 3702 711 cri-

2139 752 2376 807 minetur
2404 752 2574 806 solem
2603 758 2663 805 ut
2692 751 3010 818 obscurum,
3043 751 3189 806 baud
3222 759 3401 805 tamen
3442 748 3706 803 conviciis

2140 845 2396 915 splendor
2424 843 2703 899 radiorum
2738 844 3098 911 imminuitur,
3130 843 3232 899 sed.
3269 842 3349 899 sol
3385 841 3549 897 etiam
3576 856 3709 895 con-

2144 937 2302 991 viciis
2325 936 2625 1005 impetitus,
2659 935 2796 989 nihil
2832 935 2981 989 aliud
3010 943 3115 999 est,
3139 950 3301 1006 quam
3328 933 3430 989 sol.
3462 932 3705 993 Interim,

2143 1027 2235 1098 qui
2287 1028 2419 1082 solis
2469 1028 2652 1081 radios
2686 1025 3059 1081 tenebricosos
3092 1040 3213 1081 esse
3270 1033 3529 1095 nugatur,
3571 1022 3709 1076 nihil

2145 1118 2293 1171 aliud
2329 1125 2591 1189 reportat,
2637 1134 2801 1189 quam
2832 1117 2981 1187 quod
3020 1118 3304 1172 oculorum
3343 1130 3569 1171 suorum
3606 1129 3707 1169 cae-

2145 1208 2363 1261 citatem
2409 1208 2698 1280 insigniter
2742 1209 2956 1281 prodit:
2997 1216 3050 1263 et
3083 1207 3332 1278 quamvis
3366 1207 3601 1261 maxime
3642 1205 3711 1260 iis

2147 1298 2240 1369 qui
2273 1299 2523 1367 audiunt,
2554 1310 2757 1356 etcum
2794 1301 2993 1372 quibus
3020 1302 3152 1370 agit,
3200 1300 3528 1371 persuadere
3561 1298 3712 1358 velit,

2150 1389 2323 1444 instar
2372 1389 2519 1445 illius
2568 1391 2847 1463 apol0gia:,
2910 1406 2981 1446 ne
3029 1392 3400 1447 assentiamur
3436 1389 3712 1444 communi

2152 1484 2429 1538 hominum
2458 1484 2526 1539 de
2559 1485 2674 1540 sole
2699 1484 3114 1550 existimationi,
3144 1498 3278 1539 neve
3308 1483 3604 1541 multorum
3627 1496 3721 1535 exe

488 1570 800 1638 perientiam
833 1571 1067 1640 propriis
1095 1573 1539 1642 persuasionibus
1564 1584 1896 1645 praeponam,
1931 1578 2036 1631 rati
2076 1580 2220 1650 apud
2251 1581 2432 1649 plures
2482 1580 2713 1636 inveniri
2748 1580 2802 1635 id
2869 1581 3013 1651 quod
3045 1581 3247 1637 rectius
3316 1586 3434 1638 est:
3482 1577 3727 1634 delirare

482 1665 794 1735 censebitur
822 1664 948 1719 talis
980 1665 1049 1719 ab
1076 1665 1167 1729 iis,
1208 1667 1407 1735 quibus
1443 1666 1659 1721 videndi
1688 1682 1885 1725 sensus
1930 1685 2039 1723 non
2077 1680 2161 1727 est
2185 1671 2493 1741 ademptus.

552 1756 645 1820 Τίς
670 1752 762 1809 οὖν
791 1755 975 1819 εὔνους
997 1755 1075 1827 τῷ
1104 1758 1350 1829 Εὑνομίῳ
1381 1761 1622 1813 πεισάτω
1645 1760 1859 1830 χαλινὸν
1890 1761 2051 1814 αὐτὸν

2221 1764 2322 1833 Qui
2368 1768 2533 1838 igitur
2570 1766 2709 1821 bene
2740 1765 2893 1836 cupit
2948 1764 3234 1830 Eunomio,
3280 1770 3499 1820 moneat
3538 1771 3598 1818 ut
3632 1763 3719 1819 ori

484 1846 747 1900 ἐπιθεῖναι
774 1848 850 1918 τῷ
878 1848 1125 1918 στόματι,
1155 1849 1287 1919 μηδὲ
1314 1851 1628 1920 ἀφηνιάζειν
1656 1855 1721 1923 τῇ
1746 1850 2050 1921 ἀταξίᾳ.τοῦ

486 1937 664 2006 λόγου,
697 1939 833 2009 μηδὲ
871 1940 1006 2013 πρὸς
1036 1939 1237 2011 κέντρα
1266 1940 1554 2006 λακτίζειν,
1598 1942 1730 2013 μηδὲ
1758 1942 2054 2016 θρασυστο-

491 2033 609 2098 μεῖν
635 2030 774 2083 κατά
802 2031 895 2084 τοῦ
928 2031 1106 2102 τιμίου
1150 2032 1430 2102 ὀνόματος,
1471 2033 1604 2086 ἀλλά
1645 2035 1740 2089 καὶ
1766 2038 1832 2105 τῇ
1866 2036 2052 2106 μνήμῃ

487 2121 828 2192 λαμϐάνοντα
884 2122 1041 2193 μόνον
1079 2121 1169 2175 τὸν
1203 2123 1373 2192 μέγαν
1410 2124 1707 2187 Βασίλειον,
1762 2126 2048 2188 εὐλαϐείας

488 2214 580 2265 καὶ
608 2211 758 2274 δέους
800 2214 898 2284 τὴν
946 2213 1122 2284 ψυχὴν
1159 2213 1625 2284 ἀναπίμπλασθαι.
1659 2214 1725 2267 Τί
1754 2214 1862 2285 γὰρ
1908 2214 2056 2287 αὐτῷ

487 2306 581 2357 καὶ
612 2304 773 2358 πλέον
805 2307 867 2359 ἐκ
895 2307 991 2376 τῆς
1036 2306 1274 2377 ἀμέτρου
1308 2307 1580 2378 πομπείας
1608 2307 1806 2377 ταύτης
1834 2310 2057 2379 γενήσε-

487 2412 573 2448 ται
595 2411 611 2427 ο
640 2397 769 2449 ὃταν
797 2398 826 2449 6
852 2396 949 2467 μὲν
968 2397 1205 2460 τοιοῦτος
1220 2397 1348 2469 δοκῇ
1384 2399 1532 2469 παρά
1556 2401 1736 2463 πᾶσιν,
1758 2396 1867 2453 οἷον
1893 2401 2055 2456 αὐτὸν

488 2485 851 2559 ἀνακηρύττει
885 2490 914 2541 6
936 2487 1069 2557 βίος,
1098 2491 1127 2542 6
1150 2488 1334 2559 λόγος,
1358 2492 1392 2561 ή
1422 2491 1574 2563 κοινὴ
1601 2495 1700 2563 τῆς
1733 2494 2058 2565 οἰκουμένης

494 2577 622 2647 περὶ
651 2577 813 2631 αύτοῦ
849 2579 1124 2651 μαρτυρία
1145 2583 1237 2642 ςὈ
1259 2582 1317 2636 δὲ
1343 2583 1586 2645 κακίζειν
1626 2584 1939 2657 ἐπιχειρῶν,
1967 2586 2058 2640 τὸν

490 2668 684 2723 ἑαυτοῦ
716 2670 947 2725 δεικνύει
981 2671 1200 2742 τρόπον,
1251 2672 1327 2737 ὼς
1360 2672 1458 2741 Μὴ
1502 2672 1855 2743 δυνάμενος,
1882 2675 2061 2740 καθώς

488 2761 625 2832 φησί
638 2778 739 2814 που
768 2762 828 2814 τὸ
855 2762 1206 2832 Εὑαγγελίον,
1234 2764 1423 2834 ἀγαθὰ
1448 2766 1659 2819 λαλεῖν
1690 2765 1771 2831 τῷ
1799 2766 2059 2835 πονηρὸς

489 2846 662 2914 εἶναι,
711 2851 824 2906 ἀλλ’
890 2854 957 2909 ἐκ
1000 2854 1108 2910 τοῦ
1143 2857 1619 2926 περισσεύματος
1662 2855 1771 2925 τῆς
1814 2857 2064 2927 καρδίας

492 2942 871 3013 φθέγγεσθαι
911 2947 1007 3000 καὶ
1034 2948 1100 3001 ἐκ
1130 2947 1223 3000 τοῦ
1267 2948 1500 3019 πονηροῦ
1535 2947 1806 3020 θησαυροῦ
1846 2966 2064 3020 προχειο

497 3036 762 3106 ρίζεσθαι.
803 3038 924 3092 Ὅτι
948 3038 1057 3111 γάρ
1084 3038 1215 3107 ψιλά
1257 3040 1356 3110 τῆς
1392 3038 1658 3110 λοιδορίας
1708 3039 1825 3092 ἐστὶ
1864 3040 1931 3093 τὰ
1963 3041 2061 3111 ρή-

2154 1877 2253 1917 suo
2280 1859 2494 1915 frenum
2522 1860 2804 1929 imponat;
2836 1875 2904 1914 ne
2921 1867 3030 1912 tam
3061 1858 3301 1913 insulsos
3320 1866 3374 1913 et
3407 1857 3718 1914 inconditos

2153 1968 2435 2008 sermones
2475 1950 2705 2016 effutiat,
2744 1966 2878 2005 neve
2910 1958 3099 2004 contra
3155 1949 3410 2005 stimulos
3450 1949 3716 2014 calettret,

2154 2062 2332 2115 neque
2369 2046 2504 2099 adeo
2546 2045 2805 2098 audacter
2831 2051 2885 2097 et
2937 2042 3236 2096 insolenter
3262 2042 3444 2096 verbis
3478 2056 3598 2096 sese
3639 2039 3721 2094 ef-

2155 2136 2314 2202 ferat,
2344 2142 2661 2204 contemptu
2688 2132 2983 2189 venerandi
3011 2132 3156 2186 illius
3184 2129 3420 2203 [Basilii]
3456 2130 3718 2193 nominis,

2154 2226 2290 2298 quin
2347 2227 2530 2295 potius
2576 2225 2694 2279 sola
2749 2222 3010 2276 memoria
3066 2220 3329 2276 Basilium
3378 2220 3717 2290 complexus,

2157 2314 2465 2370 reverentia
2491 2323 2546 2368 et
2583 2320 2728 2367 metu
2760 2310 3015 2382 perfundi
3060 2309 3304 2365 deberet.
3340 2308 3473 2363 Nam
3505 2324 3627 2379 quae
3653 2323 3721 2381 ex

2159 2404 2475 2476 hujusmodi
2511 2402 2754 2475 jactandi
2802 2417 2925 2458 sese
2958 2401 3123 2457 simul
3152 2410 3207 2456 et
3252 2400 3593 2456 conviciandi
3628 2415 3713 2470 pe-

2158 2498 2388 2552 tulantia
2416 2496 2649 2553 exsistet
2678 2494 2947 2549 Eunomio
2972 2494 3216 2559 utilitas;
3245 2507 3369 2547 cum
3398 2492 3578 2562 qualis
3630 2490 3724 2545 ille

2158 2586 2301 2657 apud
2348 2600 2539 2640 omnes
2584 2584 2839 2647 habetur,
2883 2584 3046 2637 talem
3092 2583 3244 2637 illum
3293 2582 3550 2652 praedicet
3588 2581 3721 2644 vita,

2158 2677 2361 2743 oratio,
2404 2686 2459 2733 et
2512 2690 2749 2730 concors
2797 2674 2949 2730 orbis
2997 2684 3269 2729 terrarum
3310 2672 3725 2728 testimonium?

2166 2759 2339 2826 Quem
2359 2762 2489 2818 dum
2523 2766 2628 2820 iste
2658 2763 3005 2828 criminatur,
3055 2777 3191 2818 suos
3219 2777 3399 2817 mores
3428 2761 3668 2822 ostendit
3704 2778 3723 2821 ι

2171 2858 2347 2930 nequit
2393 2858 2711 2916 enim-bona
2748 2856 2914 2931 loqui,
2961 2863 3019 2909 ut
3070 2853 3272 2910 alicubi
3309 2853 3442 2907 dicit
3477 2851 3725 2922 Evange-

2162 2950 2295 3005 lium
2317 2947 2374 3018 ⁸,
2404 2964 2467 3005 eo
2499 2948 2639 3019 quod
2666 2949 2836 3005 malus
2872 2951 2966 3015 sit,
3006 2946 3100 3003 sed
3155 2960 3218 2999 ex
3250 2943 3576 2998 abundantia
3608 2959 3727 2997 cor-

2165 3042 2249 3096 dis
2280 3040 2539 3111 loquitur,
2571 3046 2625 3094 et
2650 3053 2717 3094 ex
2747 3038 2890 3093 malo
2917 3038 3177 3093 thesauro
3203 3051 3303 3093 sua
3324 3036 3492 3090 verba
3534 3034 3729 3105 depro-e

499 3146 644 3199 ματα
662 3130 761 3201 τῆς
780 3130 886 3184 τῶν
905 3131 1245 3202 πραγμάτων
1270 3131 1521 3202 ἀληθείας
1539 3131 1599 3184 οὐ
1622 3132 2060 3204 προσαπτόμενα,

2168 3134 2287 3187 mit.
2316 3131 2474 3198 Quod
2506 3139 2685 3184 autem
2707 3130 2956 3185 convicia
2988 3128 3101 3184 sint
3123 3128 3268 3183 nuda
3297 3127 3485 3192 verba,
3509 3141 3631 3197 quae
3660 3125 3729 3179 ad

495 3218 557 3283 ἐξ
586 3219 765 3274 αὐτῶν
798 3222 911 3274 ἐστι
941 3221 1049 3274 τῶν
1080 3222 1477 3294 γεγραμμένων
1506 3224 1535 3275 ὁ
1572 3221 1811 3293 ἔλεγχος.

580 3401 842 3455 Ὑπέθετό
862 3419 980 3456 τινα
1007 3400 1190 3466 τόπον,
1220 3404 1277 3455 ἐν
1305 3394 1349 3468 ᾧ
1371 3400 1459 3455 τὸν
1483 3399 1612 3471 περὶ
1642 3400 1749 3453 τῶν
1783 3398 2071 3470 δογμάτων

497 3494 684 3564 ἀγῶνα
715 3494 972 3565 συστῆναί
1000 3511 1184 3565 φησιν,
1229 3492 1507 3562 ἀνώνυμον
1536 3491 1591 3544 δὲ
1618 3490 1823 3555 τοῦτον,
1857 3491 1951 3544 καὶ
1978 3490 2067 3543 οὐ·

498 3585 609 3640 δενὶ
658 3585 915 3656 γνωρίμῳ
961 3585 1170 3656 σημείῳ
1214 3583 1536 3654 δηλούμενον
1562 3621 1576 3644 ,
1622 3582 1762 3636 ὥστε
1822 3581 2068 3650 ἀνάγκην

498 3675 636 3732 εἶναι
668 3677 746 3748 τῷ
770 3678 1007 3748 ἀκροατῇ
1045 3676 1469 3746 πεπλανημένως
1511 3675 1618 3728 τῶν
1648 3674 1857 3745 ἀδήλων
1900 3689 2068 3726 κατα-

500 3769 871 3839 στοχάζεσθαι.
932 3770 1028 3821 Ἐν
1069 3769 1260 3831 τούτῳ
1292 3768 1425 3838 φησι
1472 3769 1781 3836 σύλλογον
1827 3762 2070 3836 γεγενῆ-

501 3860 642 3913 σθαι
667 3859 784 3911 τῶν
808 3858 1184 3927 πανταχόθεν
1211 3857 1501 3927 λογάδων,
1540 3858 1632 3910 καὶ
1668 3854 1963 3927 ὲνακμάζει
1990 3854 2070 3924 τῷ

502 3949 644 4021 λόγῳ
668 3950 948 4017 νεανικῶς,
979 3951 1070 4003 ὑπ’
1092 3950 1211 4021 ὄψιν
1231 3950 1377 4019 ἄγων
1401 3949 1559 4021 δῆθεν
1577 3948 1674 4021 τὴν
1692 3950 1799 4003 τῶν
1820 3948 2072 4020 πραγμά-

502 4058 609 4098 ⁸πιιιν
635 4043 948 4114 διασκευήν.
981 4038 1115 4097 Εἶτα
1139 4044 1415 4106 δικασταῖς
1451 4058 1560 4095 τισι
1588 4042 1757 4111 λέγει,
1782 4042 1918 4113 μηδέ
1945 4040 2070 4095 τού-

501 4152 609 4190 των
664 4136 920 4206 ὀνομαστὶ
977 4135 1339 4206 μεμνημένος,
1384 4133 1475 4186 τὸν
1512 4134 1639 4204 περὶ
1681 4132 1788 4185 τῶν
1831 4132 2071 4202 ἐσχάτων

503 4226 823 4296 προκεῖσθαι
852 4226 1070 4298 δρόμον,
1099 4227 1401 4294 ὑποφωνεῖν
1426 4224 1482 4278 δὲ
1505 4225 1746 4295 παρόντα
1762 4224 1852 4277 τὸν
1882 4224 2073 4295 ἡμέτεο

507 4334 600 4390 ρον
657 4316 971 4388 καθηγητὴν
1000 4380 1004 4382 Ἴ
1057 4316 1150 4371 καὶ
1186 4318 1417 4388 πατέρα·
1461 4316 1560 4386 τῆς
1592 4316 1649 4369 δὲ
1678 4316 1909 4387 κρίσεως
1937 4314 2071 4385 πρὸς

504 4410 631 4473 τοὺς
651 4408 924 4472 ἐναντίους
954 4408 1014 4462 τὸ
1053 4411 1249 4480 κράτος
1286 4410 1684 4481 μετατιθείσης,
1721 4408 1943 4479 φεύγειν
1971 4409 2071 4461 αύ-

2168 3225 2346 3294 ipsam
2382 3223 2669 3279 veritatem
2691 3236 2799 3275 non
2829 3219 3163 3290 pertingant,
3196 3218 3576 3273 demonstrare
3602 3216 3733 3270 licet

2172 3329 2240 3368 ex
2272 3312 2511 3383 propriis
2536 3311 2696 3366 istius
2729 3309 2975 3379 scriptis.

2234 3403 2475 3459 Adducit
2514 3402 2692 3457 locum
2736 3399 3048 3471 quemdam,
3097 3399 3154 3453 in
3181 3412 3292 3468 quo
3323 3405 3599 3451 certamen
3632 3409 3729 3465 pro

2168 3497 2430 3552 doctrina:
2474 3495 2701 3550 veritate
2745 3496 2816 3549 sit
2856 3492 3161 3562 ingressus,
3202 3489 3298 3544 sed
3332 3502 3509 3557 neque
3551 3486 3733 3540 locum

2168 3591 2437 3651 nominat,
2470 3602 2647 3657 neque
2691 3586 2803 3640 ullo
2841 3594 2993 3640 certo
3033 3584 3187 3655 signo
3222 3580 3495 3650 designat,
3537 3586 3595 3632 ut
3639 3592 3735 3632 ne-

2168 3697 2324 3737 cesse
2363 3684 2434 3737 sit
2482 3681 2784 3734 auditorem
2830 3677 3054 3733 incertis
3096 3675 3432 3745 coniecturis
3469 3672 3737 3727 ﬂuctuare

2169 3783 2223 3827 et
2267 3771 2629 3829 circumferri.
2657 3761 2721 3822 In
2762 3768 2858 3822 hoc
2900 3766 3076 3836 inquit
3118 3764 3415 3819 convenisse
3455 3778 3524 3818 ea:
3564 3760 3737 3816 omni.

2171 3865 2266 3918 bus
2312 3864 2439 3919 locis
2469 3868 2732 3924 evocatos,
2768 3866 2823 3914 et
2855 3857 3134 3929 pueriliter
3169 3857 3225 3909 in
3272 3856 3456 3909 verbis
3490 3852 3736 3906 luxuria.

2173 3969 2281 4022 tur,
2335 3957 2513 4010 oculis
2561 3954 2816 4009 videlicet
2868 3951 3201 4020 subjiciens,
3233 3956 3286 4002 et
3336 3952 3737 4016 repraesentans

2170 4056 2471 4105 conventus
2520 4047 2667 4101 illius
2705 4051 3048 4115 apparatum.
3082 4039 3285 4095 Deinde
3320 4038 3418 4103 ait,
3455 4034 3736 4108 judieibus

2171 4139 2529 4212 quibusdam,
2584 4150 2760 4207 neque
2805 4134 2950 4190 enim
3002 4132 3104 4187 hos
3164 4129 3431 4195 nominat,
3482 4127 3736 4183 ultimum

2174 4230 2505 4302 supplicium
2558 4227 2731 4284 fuisse
2773 4224 3140 4301 propositum,
3187 4221 3276 4277 bis
3306 4234 3437 4276 vero
3485 4217 3734 4275 subseri-

2174 4323 2353 4395 psisse
2387 4321 2552 4377 etiam
2604 4327 2853 4376 nostrum
2890 4312 3203 4389 [Basilium]
3256 4319 3646 4384 praeceptorem
3684 4318 3739 4363 ct

2177 4424 2411 4486 patrem.
2437 4412 2653 4468 Judieio
2694 4420 2879 4466 autem
2916 4405 3253 4464 adversariis
3280 4405 3523 4476 potiores
3553 4409 3737 4472 partes

504 4500 597 4554 τὸν
644 4502 770 4563 τοὺς
807 4500 1023 4565 τόπους,
1076 4501 1439 4555 καταλιπόντα
1474 4500 1571 4572 τὴν
1607 4498 1780 4568 τάξιν,
1824 4500 1919 4553 καί
1949 4516 2060 4555 τινα

2174 4484 2474 4570 deferente,
2507 4502 2799 4572 derepente
2834 4499 2987 4554 illum
3021 4497 3248 4568 fugisse,
3279 4494 3495 4549 deserto
3521 4490 3734 4555 ordine,

504 4590 713 4645 καπνὸν
751 4591 850 4661 τῆς
892 4592 1145 4662 πατρίδος
1197 4591 1584 4663 μεταδιώκεινο
1622 4593 1717 4647 καὶ
1759 4593 1924 4657 πολύς
1955 4596 2070 4646 ἐστι

505 4680 775 4752 διασύρων
812 4683 870 4735 ἐν
894 4685 961 4752 τῇ
1019 4683 1306 4755 ὑπογραφῇ
1340 4684 1438 4755 τῆς
1476 4683 1681 4749 δειλίας
1737 4684 1830 4738 τὸν
1856 4685 2024 4758 ἄνδρα
2051 4702 2068 4718 ο

507 4773 650 4844 ἅπερ
693 4771 899 4837 ἔξεστιν
943 4775 1008 4827 ἐκ
1059 4774 1165 4828 τῶν
1201 4776 1601 4846 γεγραμμένων
1642 4775 1721 4846 τῷ
1766 4776 2071 4848 βουλομένῳ

510 4859 722 4931 μαθεῖν.
770 4863 844 4915 Ού
892 4862 998 4933 γὰρ
1055 4863 1177 4933 ἐμοὶ
1217 4864 1379 4935 σχολὴ
1427 4864 1601 4917 πάντα
1638 4864 1728 4917 τὸν
1756 4862 1948 4934 ἔμετον
1973 4864 2073 4933 τῆς

508 4950 715 5004 ἐκείνου
740 4952 928 5025 σχολῆς
941 4952 1025 5007 διὰ
1035 4952 1300 5024 τῶνξμῶν
1310 4952 1932 5023 λόγωνκατασκεδάζειν,
1960 4954 2072 5007 ἀλλ’

506 5034 568 5095 οὗ
599 5043 757 5113 χάριν
794 5043 1139 5115 ἐπεμνήσθην
1165 5044 1274 5098 τῶν
1296 5046 1615 5117 είρημένων,
1646 5045 1781 5110 πρὸς
1802 5046 1956 5100 τοῦτο
1982 5046 2075 5099 καὶ

510 5133 905 5206 μεταϐήσομαι.

576 5228 671 5291 Τίς
690 5229 891 5293 ἐκεῖνος
927 5230 956 5283 6
984 5230 1264 5302 ἀνώνυμος
1311 5231 1507 5302 χῶρος,
1539 5233 1595 5285 ἐν
1624 5222 1667 5299 ᾧ
1707 5230 1833 5302 περὶ
1854 5230 1964 5285 τῶν
1988 5231 2072 5285 δο-

505 5320 731 5391 γμάτων
784 5321 1093 5388 ἐξετάζεται
1136 5323 1319 5386 λόγοςς
1373 5323 1467 5385 Τίς
1493 5324 1520 5375 6
1546 5323 1733 5394 καιρὸς
1757 5324 1787 5376 6
1805 5323 1927 5386 τοὺς
1953 5322 2070 5394 ἀρί-

506 5426 665 5478 στους
693 5414 785 5467 ἐπὶ
810 5414 902 5468 τὸν
950 5416 1133 5484 ἀγῶνα
1156 5416 1369 5482 καλῶν;
1399 5416 1554 5479 Τίνες
1594 5418 1644 5469 οἱ
1683 5416 1971 5487 ἄνθρωποι,
2021 5417 2069 5470 οί

505 5503 595 5559 διὰ
621 5506 723 5575 γῆς
775 5504 870 5558 καλ⁸
895 5504 1158 5577 θαλάττης
1181 5507 1315 5578 πρὸς
1335 5506 1432 5577 τὴν
1462 5505 1742 5559 κοινωνίαν
1770 5506 1876 5559 τῶν
1895 5507 2071 5559 πόνων

506 5595 739 5658 ἑαυτοὺς
787 5596 1241 5663 κατεπείξαντες;
1271 5598 1402 5651 Τίνα
1439 5598 1583 5667 λέγει
1613 5598 1815 5668 κόσμον
1843 5597 1934 5650 ἐπὶ
1960 5598 2071 5660 τοῖς

511 5685 897 5757 ἐκϐησομένοις
950 5690 1241 5761 μετέωρον,
1292 5690 1623 5761 ἀναμένοντα
1648 5690 1743 5761 τῆς
1771 5689 1949 5761 ψήφου
1975 5688 2072 5760 τήν

578 5861 605 5904 ε
640 5862 829 5920 Matth.
870 5882 966 5932 Ill,
996 5867 1085 5925 55.

2171 4596 2471 4667 patriaeque
2503 4593 2710 4647 fumum
2745 4588 3037 4661 quemdam
3088 4593 3238 4641 recta
3281 4590 3533 4639 secutum
3561 4595 3687 4635 esse
3717 4597 3731 4633 :

2172 4691 2490 4759 multusque
2536 4689 2592 4743 in
2648 4684 2990 4741 traducendo
3032 4688 3086 4737 et
3119 4677 3399 4735 irridendo
3430 4675 3567 4739 viro,
3619 4688 3739 4743 pro,

2172 4789 2294 4851 pter
2332 4778 2702 4839 timiditatem,
2739 4782 2799 4829 ut
2846 4771 3028 4843 quivis
3059 4784 3123 4824 ex
3170 4767 3347 4837 ipsius
3376 4764 3519 4818 libro
3544 4774 3740 4833 cogno-

2174 4886 2327 4929 scere
2375 4870 2595 4942 poterit.
2641 4866 2760 4921 Non
2799 4867 2946 4919 enim
2995 4861 3128 4915 mihi
3168 4866 3331 4912 vacat
3371 4853 3576 4921 omnia,
3618 4868 3738 4923 quae

2176 4963 2379 5019 evomit
2439 4961 2615 5031 ipsius
2671 4958 2819 5021 bilis,
2869 4952 3053 5009 verbis
3093 4948 3371 5023 persequi,
3426 4946 3523 5002 sed
3574 4945 3640 4999 ad
3682 4945 3738 5007 id

2174 5054 2434 5120 transire,
2468 5052 2627 5121 cujus
2652 5049 2824 5121 gratia
2853 5047 3017 5102 etiam
3045 5042 3308 5115 praedicta
3342 5039 3519 5094 attuli.

2241 5234 2377 5301 Quis
2421 5239 2506 5287 est
2552 5231 2644 5285 ille
2693 5229 2813 5284 sine
2848 5226 3067 5281 nomine
3102 5224 3280 5287 locus,
3313 5223 3369 5277 in
3399 5236 3508 5291 quo
3550 5221 3617 5275 de
3647 5219 3741 5275 do-

2169 5336 2409 5400 gmatum
2440 5310 2674 5379 veritate
2715 5320 2896 5375 habita
2939 5327 3023 5373 est
3054 5315 3369 5385 disquisitio
3389 5318 3413 5367 ?
3441 5314 3560 5379 Quo
3594 5319 3736 5366 tem-

2173 5433 2328 5487 pore,
2381 5429 2557 5483 quave
2596 5413 2884 5466 occasione
2933 5405 3371 5479 praestantissimi
3422 5404 3624 5473 quique
3667 5400 3738 5455 ad

2173 5514 2458 5560 certamen
2486 5501 2695 5557 evocati
2747 5501 2914 5555 sunt?
2947 5498 3177 5565 Quinam
3226 5496 3302 5550 illi
3337 5494 3609 5555 homines,
3642 5492 3739 5560 qui

2176 5605 2321 5653 terra
2363 5597 2610 5665 marique
2648 5593 2715 5648 ad
2770 5594 3210 5649 communionem
3261 5588 3510 5643 laborum
3547 5601 3740 5655 prope-

2175 5687 2404 5745 rarunt?
2434 5688 2604 5755 Quem
2639 5686 2899 5743 mundum
2943 5691 3152 5751 narrat,
3196 5690 3421 5737 eventus
3455 5686 3738 5749 exspecta;
