4166 6372
408 442 520 509 275

1653 440 1710 497 S.
1744 438 2074 497 GREGOBII
2109 435 2400 497 NYSSENI

3562 427 3670 486 275

407 567 564 624 tione
615 576 970 634 suspensum,
1018 562 1537 633 praestolantemque
1567 561 1815 633 judicum
1853 580 1983 619 sen-

2104 565 2304 635 ιρίσιν;
2335 564 2404 616 Ἦ
2451 558 2534 624 τίς
2560 560 2605 633 εό
2630 557 2887 621 διατιθεὶς
2941 556 3066 620 τοὺς
3112 551 3365 623 ἀγῶναςε
3394 550 3466 604 Ἦ
3499 552 3670 607 ταῦτα

410 654 684 715 tentiam?
714 654 824 707 Aut
865 652 989 723 quis
1032 668 1269 723 pugnam
1311 653 1448 707 hanc
1477 654 1721 710 indixit?
1744 665 1797 710 et
1830 656 1984 710 simi-

412 750 522 804 lia.
571 746 677 802 Sed
726 745 867 801 forte
921 747 1035 800 haec
1069 754 1121 800 et
1158 746 1209 800 id
1252 762 1427 816 genus
1474 747 1578 800 alia
1624 747 1983 818 permittenda

412 850 544 897 sunt
572 838 860 901 Eunomio,
892 846 951 892 ut
981 838 1422 893 adolescentibus
1446 838 1503 893 in
1536 839 1665 893 ludo
1694 840 1983 902 litterario,

410 934 507 1001 qui
559 929 876 999 hujusmodi
920 929 1330 985 inventionibus
1381 940 1435 984 et
1486 932 1814 987 commentis
1860 947 1988 986 ora-

418 1022 556 1077 tioni
598 1021 815 1092 pondus
857 1029 912 1075 et
955 1021 1433 1091 ampliﬁcationem
1467 1021 1761 1092 quamdam
1796 1024 1986 1077 conci-

419 1115 555 1170 liare
591 1114 838 1169 student.
882 1112 1018 1167 Illud
1055 1114 1231 1168 solum
1265 1113 1434 1179 dicat,
1474 1114 1599 1184 quis
1640 1115 1711 1169 sit
1745 1114 1986 1169 invictus

418 1203 507 1258 ille
539 1202 708 1273 pugil,
744 1216 869 1255 cum
915 1216 1027 1272 quo
1067 1201 1322 1272 congredi
1356 1201 1643 1275 [Basilius]
1686 1213 1991 1274 praeceptor

420 1301 611 1349 noster
634 1292 1031 1348 formidaverit.
1067 1292 1129 1346 Si
1157 1294 1303 1348 enim
1333 1304 1386 1348 et
1416 1293 1520 1349 hoc
1556 1294 1852 1348 conﬁctum
1882 1303 1986 1358 est,

419 1396 470 1438 et
528 1384 872 1440 mendaciter
919 1386 1308 1455 excogitatum,
1365 1385 1548 1441 vincat
1592 1386 1814 1453 iterum,
1874 1387 1993 1457 pal-

421 1492 677 1547 tuamque
701 1476 967 1532 vanitatis
990 1476 1211 1541 referat,
1244 1493 1457 1548 nosque
1487 1479 1814 1534 tacehimus.
1851 1479 1991 1532 Dum

419 1571 565 1623 enim
593 1583 720 1623 cum
752 1568 962 1625 umbris
994 1569 1149 1638 quasi
1204 1578 1260 1624 et
1300 1562 1489 1625 larvis'
1513 1572 1783 1625 inutiliter
1813 1579 1991 1625 certa-

420 1670 533 1723 tur,
562 1676 690 1716 vera
726 1668 780 1715 et
825 1661 1061 1731 genuina
1101 1662 1333 1717 victoria
1365 1670 1472 1727 est,
1507 1672 1703 1733 sponte
1729 1678 1853 1718 sese
1890 1664 1991 1715 hu-

418 1751 662 1822 jusmodi
700 1751 934 1807 victoria
969 1752 1245 1808 abdicare.
1277 1752 1435 1819 Quod
1475 1755 1522 1809 si
1553 1755 1620 1810 de
1649 1756 1816 1810 rebus
1848 1754 1993 1808 Con-

423 1843 781 1914 stantinopoli
806 1844 975 1911 gestis
1006 1844 1274 1914 loquitur,
1298 1846 1539 1916 illudque
1570 1847 1989 1900 conciliabulum

2088 656 2186 727 μὲν
2224 655 2401 709 ὲάσθω
2437 653 2579 707 κατά
2636 653 2734 724 τὴν
2782 650 2891 704 τῶν
2948 649 3153 701 παίδων
3185 648 3242 699 ἐν
3267 647 3380 707 τοῖς
3416 644 3668 696 διδασκα-

2084 748 2247 808 λείοις
2301 745 2608 816 συνήθειαν,
2657 746 2715 795 ὲν
2760 744 2873 805 τοῖς
2920 739 3180 801 τοιούτοις
3220 734 3668 807 παρευρέμασιν,

2086 839 2248 907 ὖγκον
2273 836 2395 889 τινά
2471 839 2570 889 καὶ
2617 833 2845 905 μέγεθος
2897 827 3341 902 ἐπιμηχανᾶσθαι
3379 826 3457 897 τῷ
3485 826 3627 896 λόγῳ
3650 840 3665 854 '

2088 927 2264 979 ὲκείνο
2294 926 2350 978 δὲ
2378 923 2536 995 μόνον
2590 924 2815 987 εἰπάτω,
2851 922 2935 985 τίς
2983 924 3012 974 ὁ
3051 920 3262 991 ἄμαχος
3295 919 3502 979 ἐκεῖνος
3525 917 3668 984 ἀγω-

2089 1017 2293 1089 νιστὴς,
2321 1010 2365 1084 ᾧ
2387 1015 2768 1087 συμπλακῆναί
2790 1032 2922 1084 φησι
2947 1014 3213 1068 δειλιάσαι
3242 1009 3333 1064 τὸν
3351 1008 3670 1065 διδάσκαλον

2090 1110 2264 1182 ήμῶν.
2296 1110 2359 1163 Ei
2385 1110 2483 1181 μὲν
2514 1109 2622 1178 γάρ
2666 1110 2760 1161 καὶ
2792 1107 2947 1159 τοῦτο
2992 1102 3430 1175 συμπέπλασται,
3465 1100 3670 1153 νικάτω

2091 1205 2276 1265 πάλιν.
2308 1202 2477 1256 καὶτὸ
2513 1202 2695 1254 πλεῖον
2722 1202 2896 1271 ὲχέτω
2935 1202 3036 1269 τῆς
3072 1196 3433 1269 ματαιότητος
3456 1212 3472 1226 ·
3506 1196 3669 1265 ἡμεῖς

2090 1295 2149 1348 δὲ
2212 1295 2525 1365 σιγήσομεν.
2592 1292 2680 1346 Ἐν
2736 1291 2846 1363 γὰρ
2888 1290 2967 1362 τῷ
3013 1290 3338 1359 σκιαμαχεῖν
3379 1287 3465 1339 ἐπ’
3495 1285 3669 1339 οὐδενὶ

2093 1385 2348 1458 χρησίμῳ
2375 1387 2407 1455 ή
2450 1384 2655 1455 ἀληθής
2693 1384 2808 1436 ἐστι
2836 1383 2980 1453 νίκη,
3013 1378 3072 1434 τὸ
3093 1383 3192 1451 τῆς
3223 1378 3477 1448 τοιαύτης
3513 1377 3666 1447 νίκης

2095 1476 2354 1540 ἑκουσίως
2391 1475 2638 1545 ὑφίεσθαι
2658 1493 2671 1505 ο
2706 1475 2753 1527 εί
2791 1474 2848 1527 δὲ
2880 1475 3010 1547 περὶ
3036 1472 3145 1527 τῶν
3179 1472 3241 1524 ἐν
3261 1470 3669 1524 Κωνσταντίνου

2098 1570 2249 1624 πόλει
2280 1569 2577 1639 γεγονότων
2608 1568 2762 1637 φησὶ,
2801 1567 3025 1621 κάκεῖνο
3071 1564 3131 1618 τὸ
3171 1563 3444 1628 συνέδριον
3481 1562 3664 1629 λέγει’

2098 1663 2193 1716 καὶ
2226 1664 2347 1724 ταῖς
2378 1662 2493 1714 ὲκεῖ
2530 1658 2858 1731 τραγῳδίαις
2890 1655 3282 1727 ὲμφλεγμαίνει
3294 1651 3550 1723 τῷλόγῳ,
3574 1651 3670 1703 καὶ

2098 1754 2188 1808 τὸν
2217 1755 2409 1825 μέγαν,
2444 1752 2538 1806 καὶ
2568 1748 3059 1818 δυσανταγώνιστον
3084 1743 3319 1816 ἀθλητὴν
3332 1740 3523 1797 ἑαυτὸν
3556 1742 3662 1793 ὀνο·

2105 1845 2262 1917 μάζει
2286 1863 2299 1876 ·
2330 1843 2620 1915 δεξαίμεθα
2642 1842 2741 1905 τάς
2770 1842 2965 1905 αίτίας,
2997 1841 3077 1893 ὅτι
3106 1840 3372 1910 παρόντες
3398 1834 3475 1906 τῷ
3495 1834 3671 1903 καιρῷ

422 1935 720 2007 signiﬁcat,
768 1943 821 1989 et
861 1934 1146 2005 tragoediis
1186 1934 1386 1991 ibidem
1438 1937 1577 1991 actis
1620 1937 1997 1992 describendis

2104 1938 2204 1991 τῶν
2229 1936 2475 2005 ἀγώνων,
2506 1934 2619 1998 τοῖς
2666 1932 3082 2002 ἀγωνιζομένοις
3114 1930 3179 1983 οὐ
3230 1926 3663 1995 συνεπλάκημεν.

422 2029 767 2092 immoratur,
801 2041 969 2096 seque
1001 2042 1257 2098 magnum
1284 2034 1339 2081 et
1366 2026 1790 2096 insuperabilem
1849 2028 2108 2081 athletam
2145 2028 2393 2083 nominat
2437 2046 2451 2082 :

2505 2026 2698 2091 fateor,
2776 2023 2920 2094 quod
2969 2030 3213 2091 tempore
3262 2017 3412 2073 illius
3480 2031 3672 2086 pugnx

424 2134 783 2189 congressum
825 2118 1269 2174 adversariorum
1319 2119 1637 2181 vitavimus,
1696 2119 1826 2173 licet
1866 2129 2191 2189 praesentes.

496 2211 738 2277 Doceat,
815 2212 909 2281 qui
982 2210 1188 2267 Basilio
1237 2211 1587 2267 timiditatem
1662 2214 1997 2282 exprobrat,

426 2312 609 2357 utrum
656 2304 772 2373 ipse
818 2305 873 2358 in
910 2303 1148 2358 medium
1200 2305 1564 2373 processerit;
1602 2313 1783 2358 utrum
1809 2320 1997 2359 vocem

428 2411 527 2465 pro
564 2396 647 2450 sui
676 2395 997 2450 defensioue
1018 2396 1379 2465 doctrinaque
1410 2410 1508 2449 sua
1541 2396 1790 2463 ediderit,
1816 2405 1997 2450 utrum

422 2488 743 2556 iuveniliter
779 2487 1085 2541 orationem
1129 2487 1566 2557 ampliﬁcaverit,
1618 2497 1799 2543 utrum
1837 2504 2000 2559 gene-

430 2594 557 2634 rose
585 2594 710 2632 cum
758 2579 987 2635 adversa
1025 2587 1180 2649 parte
1224 2594 1421 2635 manus
1450 2581 1769 2635 contulerit.
1806 2581 1877 2635 At
1918 2582 2001 2634 ni-

427 2669 526 2734 hil,
552 2669 698 2740 quod
732 2670 898 2736 dicat,
930 2671 1189 2735 inveniet,
1228 2671 1334 2725 nisi
1362 2674 1643 2727 manileste
1667 2688 1851 2728 secum
1886 2672 2001 2741 ipse

426 2772 675 2830 pugnare
709 2761 858 2815 velit.
890 2760 1093 2817 Fassus
1124 2762 1269 2816 enim
1308 2771 1411 2827 est,
1459 2778 1518 2818 sc
1554 2764 1776 2817 silentio
1807 2777 2000 2831 appro-

429 2852 595 2907 basse
636 2854 796 2905 latam
826 2867 856 2905 a
881 2852 1164 2922 iudicibus
1192 2856 1544 2909 sententiam.
1578 2854 1634 2909 Si
1668 2863 1910 2924 tempore
1936 2855 2002 2907 il-

429 2944 539 2999 lius
572 2960 769 3014 pugnae
812 2944 961 3014 loqui
996 2946 1304 3014 Oportebat,
1354 2954 1415 2999 ut
1457 2961 1604 2999 nunc
1642 2946 1745 2999 iste
1774 2944 1873 3013 pio
1902 2960 2001 2999 sua

430 3037 760 3092 auctoritate
802 3037 1068 3103 decernit,
1100 3054 1201 3091 cur
1238 3046 1430 3093 tacens
1462 3037 1894 3091 condemnatur?
1944 3036 1999 3090 Si

430 3142 567 3185 vero
603 3139 752 3184 recte
791 3136 846 3183 et
897 3131 1290 3185 convenienter
1322 3130 1471 3194 fecit,
1514 3128 1659 3199 quod
1690 3128 1833 3198 apud
1877 3128 2001 3184 illos

427 3219 647 3290 iudices
690 3222 863 3291 magis
912 3222 1184 3292 Optaverit
1236 3222 1416 3285 silere,
1463 3235 1625 3285 quam
1679 3220 1847 3289 loqui,
1883 3234 2004 3288 quae

432 3314 651 3370 tandem
709 3314 969 3383 iniquitas
1020 3323 1125 3377 est,
1166 3314 1243 3366 illi
1301 3294 1579 3367 silentium
1628 3312 1796 3375 laudi,
1843 3311 2003 3367 nobis

434 3413 616 3458 autem
652 3403 941 3457 calumniae
970 3410 1024 3458 et
1054 3402 1271 3457 crimini
1313 3402 1473 3457 esse?
1494 3400 1633 3467 Quid
1672 3402 1774 3456 hac
1804 3402 2002 3456 absur-

2172 2212 2412 2276 Δειξάτω
2438 2209 2617 2264 τοίνυν
2647 2209 2676 2261 ό
2719 2208 2914 2278 ἐκείνῳ
2947 2204 3047 2276 τὴν
3076 2202 3279 2257 δειλίαν
3319 2198 3668 2262 emata-:th

2102 2309 2149 2359 εί
2179 2302 2439 2375 κατῆλθεν
2460 2304 2539 2366 είς
2576 2302 2773 2373 μέσους
2817 2298 2977 2361 αὑτός
3002 2314 3017 2362 ;
3048 2297 3115 2350 El
3130 2312 3250 2348 τινα
3281 2290 3509 2363 ἔρρηξεν
3535 2288 3675 2359 ὑπὲρ

2100 2399 2199 2467 τῆς
2226 2397 2347 2451 καθ’
2376 2395 2564 2451 ἑαυτὸν
2587 2391 2865 2455 εὐσεϐείας
2898 2391 3112 2460 φωνήν;
3143 2389 3205 2441 Et
3228 2384 3501 2439 κατέτεινε
3517 2382 3674 2449 λόγον

2102 2486 2390 2555 νεανικῶς;
2450 2488 2499 2540 εἰ
2547 2484 2815 2556 λαμπρῶς
2846 2482 2982 2553 πρὸς
3025 2481 3150 2543 τοὺς
3191 2474 3677 2546 ἀντιτεταγμένους

2100 2579 2483 2649 διηγωνισατο;
2514 2576 2628 2630 ἀλλ’
2648 2575 2747 2628 οὐκ
2774 2572 2839 2627 ἂν
2874 2572 3046 2625 εἰπεῖν
3074 2570 3213 2641 ἔχοιο
3239 2569 3273 2639 ἦ
3305 2565 3482 2635 ἐαυτῷ
3518 2563 3677 2635 μάχε-

2100 2689 2187 2724 ται
2222 2668 2548 2741 περιφανῶς.
2593 2664 2922 2736 Ὧμολόγησε
2965 2663 3074 2732 γὰρ
3108 2662 3282 2731 σιωπῇ
3315 2656 3557 2727 δεδέχθαι
3578 2655 3678 2726 τὴν

2103 2762 2251 2833 παρά
2294 2761 2403 2813 τῶν
2456 2755 2722 2813 δικαστῶν
2768 2754 3143 2825 ἐπενεχθεῖσαν
3168 2751 3368 2822 ψῆφον.
3410 2749 3473 2801 Et
3502 2744 3679 2798 τοίνυν

2102 2853 2206 2906 ἔδει
2234 2852 2383 2924 παρά
2406 2854 2531 2913 τοὺς
2579 2848 2796 2917 ἀγῶνας
2842 2846 3018 2913 λέγειν
3054 2842 3232 2913 (τοῦτο
3263 2838 3372 2910 γὰρ
3400 2834 3682 2907 νομοθετεῖ

2102 2948 2195 3000 νῦν
2225 2947 2301 3017 τῷ
2336 2942 2769 3015 συγγράμματι),
2804 2938 2891 2992 διὰ
2937 2937 2988 2990 τί
3016 2936 3137 2989 τότε
3169 2932 3389 2987 σιωπῶν
3415 2925 3679 2999 κατακρί-

2103 3056 2279 3103 νεται;
2309 3039 2370 3090 El
2395 3037 2451 3090 δὲ
2478 3035 2654 3097 καλῶς
2681 3033 2955 3103 ἐποίησεν,
2985 3030 3077 3082 ἐπὶ
3099 3027 3206 3082 τῶν
3226 3023 3553 3088 δικαζόντων
3580 3020 3680 3091 τὴν

2104 3130 2329 3202 ἡσυχίαν
2374 3130 2631 3198 τιμήσας,
2687 3126 2771 3187 τίς
2807 3127 2839 3195 ἡ
2868 3123 3247 3192 ἀποκλήρωσις
3270 3114 3361 3170 τὸν
3399 3114 3498 3185 μὲν
3526 3115 3681 3166 ἐπαι-

2103 3219 2306 3273 νεῖσθαι
2343 3218 2598 3287 σιγῶντα,
2642 3218 2772 3287 ήμῖν
2819 3214 2876 3267 δὲ
2936 3212 3072 3284 πρὸς
3118 3206 3368 3278 διαϐολῆς
3405 3202 3542 3258 εἶναι
3582 3202 3685 3273 τὴν

2104 3312 2370 3383 ήσυχίαν;
2400 3309 2465 3363 Τί
2494 3311 2558 3365 ἄν
2604 3325 2689 3373 τις
2734 3305 3055 3377 ἀδικώτερον
3082 3305 3181 3373 τῆς
3217 3300 3446 3360 ἀτοπίας
3476 3295 3682 3364 ταύτης

2105 3409 2457 3477 ἐπινοήσειεν,
2508 3405 2555 3457 εί
2599 3403 2708 3455 τῶν
2757 3399 2849 3453 δύο
2877 3397 3014 3470 μετά
3041 3395 3165 3458 τοὺς
3198 3394 3418 3463 ἀγῶνας
3450 3405 3682 3460 πεποιη-

433 3497 605 3550 ditate
642 3496 903 3565 injustius
950 3495 1134 3560 fuerit,
1172 3496 1218 3549 si
1255 3509 1380 3548 cum
1412 3494 1519 3549 duo
1565 3504 1685 3563 post
1728 3508 2002 3549 convoca-

2109 3498 2283 3573 μένων
2312 3497 2402 3550 τδν
2433 3495 2608 3564 λόγον,
2640 3493 2830 3547 ἑαυτὸν
2862 3490 2960 3562 μὲν
2979 3489 3118 3543 κατά
3139 3486 3327 3557 καιρὸν
3351 3483 3683 3552 ἀπολελογῆ-

436 3598 549 3643 tum
602 3589 753 3642 illum
798 3594 1151 3649 conventum,
1201 3586 1363 3641 verba
1399 3586 1649 3648 fecerint,
1693 3602 1753 3640 se
1784 3586 2004 3656 quidem

435 3688 744 3751 Opportune
792 3677 1098 3748 apologiam
1126 3676 1435 3731 instituisse
1467 3675 1641 3739 dicat,
1678 3684 1833 3729 tanto
1855 3675 2009 3729 vide-

438 3772 568 3825 licet
603 3780 728 3840 post
769 3777 1053 3839 tempore:
1088 3766 1463 3822 adversarium
1505 3779 1645 3819 vero
1666 3765 2008 3819 contumeliis

440 3863 736 3926 insectari,
799 3862 956 3932 quasi
1007 3860 1309 3930 neglexerit
1375 3869 1740 3928 Opportunum
1792 3858 2009 3913 dicendi

439 3955 694 4024 tempus?
734 3950 899 4008 Forte
948 3953 1185 4008 refutare
1214 3952 1445 4006 debebat
1493 3951 1641 4004 illam
1684 3952 2009 4018 orationem,

438 4064 561 4117 quat
592 4055 785 4118 postea
814 4047 1050 4117 primum
1105 4043 1394 4099 scribenda
1424 4043 1581 4098 erat?
1612 4041 1726 4096 Hoc
1752 4044 1918 4106 enim,
1953 4051 2012 4096 ut

440 4142 677 4206 videtur,
715 4140 937 4211 querela
975 4138 1066 4191 illa
1114 4137 1377 4205 postulat.
1424 4135 1603 4201 Quare
1630 4148 1869 4205 praesens
1904 4149 2010 4188 non

446 4234 725 4296 refutavit,
776 4244 1022 4299 tempore
1058 4228 1273 4299 iudicii,
1332 4228 1447 4292 illa,
1493 4242 1614 4296 quae
1662 4224 2012 4296 postmodum

441 4328 752 4396 scripturus
794 4322 952 4377 erat?
992 4320 1128 4374 Nam
1182 4318 1330 4389 quod
1364 4319 1416 4373 in
1464 4318 1585 4388 ipso
1616 4314 1823 4386 judicio
1868 4316 2015 4371 nulla

2109 3593 2231 3646 σθαι
2266 3589 2434 3658 λέγει,
2487 3586 2737 3640 τοσοῦτον
2764 3582 2856 3637 τοῦ
2896 3579 3089 3653 καιροῦ
3122 3578 3352 3632 κατόπιν
3374 3576 3683 3643 γενόμενον,

2106 3684 2197 3737 τὸν
2230 3682 2285 3735 δὲ
2310 3679 2632 3735 ἀντειπόντα
2670 3675 2748 3746 τῷ
2792 3674 2938 3745 λόγῳ
2974 3671 3219 3734 κακίζειν
3255 3667 3331 3730 ὡς
3368 3666 3461 3720 τοῦ
3494 3662 3686 3733 και,ροῦ

2107 3774 2216 3827 τῶν
2238 3772 2460 3841 ἀγώνων
2492 3767 3003 3838 καθυστερήσαντα;
3038 3764 3110 3816 ’Ἡ
3141 3761 3280 3830 τάχα
3312 3755 3688 3828 προδιαϐαλεῖν

2110 3864 2215 3916 ἔδει
2258 3865 2323 3932 τῇ
2367 3860 2680 3931 ἀντιρῤήσει
2710 3857 2800 3909 τὸν
2836 3854 3091 3926 μέλλοντα
3138 3848 3467 3921 ῥηθήσεσθαι
3508 3846 3690 3912 λόγον;

2110 3955 2281 4008 Τοῦτο
2301 3952 2428 4022 γὰρ,
2450 3951 2523 4013 ώς
2539 3948 2682 4001 ἔοικε
2701 3946 2779 4017 τῷ
2798 3945 3100 4015 ἐγκλήματι
3118 3941 3389 3994 λείπεται·
3415 3938 3467 3990 τί
3489 3938 3687 4007 δήποτε

2113 4046 2401 4118 προγνοὺς,
2437 4042 2473 4096 ἃ
2502 4042 2734 4111 γράφειν
2762 4038 2981 4109 ἔμελλες
3010 4034 3163 4106 παρά
3205 4032 3295 4087 τὸν
3323 4032 3423 4102 τῆς
3454 4030 3687 4100 κρίσεως

2113 4138 2326 4207 ἐκείνης
2385 4134 2576 4205 καιρὸν
2640 4133 2700 4184 οὐ
2746 4129 3019 4201 διήλεγξεν
3047 4144 3060 4192 ;
3090 4128 3210 4179 Ὅτι
3249 4123 3357 4193 γάρ
3403 4122 3503 4175 οὐκ
3532 4122 3590 4171 ὲν
3621 4121 3686 4188 τῇ

2114 4229 2291 4299 κρίσει
2323 4226 2420 4297 τὴν
2448 4223 2741 4292 ἀπολογίαν
2761 4221 2962 4291 ταύτην
2985 4218 3294 4287 πεποίηται,
3315 4213 3545 4284 φανερόν
3574 4212 3691 4263 ἐστι

2114 4319 2180 4371 δι’
2225 4308 2300 4370 ὧν
2339 4314 2673 4385 ὡμολόγησε.
2725 4311 2891 4365 Πάλιν
2929 4309 3039 4381 γὰρ
3067 4307 3175 4360 τῶν
3223 4305 3399 4360 αὐτῶν
3434 4302 3693 4373 ῥημάτων

442 4417 691 4487 apologia
746 4416 817 4469 sit
862 4430 1015 4475 usus,
1069 4427 1132 4465 ex
1183 4411 1409 4481 propria
1450 4411 1625 4480 ipsius
1672 4408 2002 4463 confessione

2118 4404 2611 4476 ἐπιμνησθήσομαι.
2652 4399 2849 4469 Ἡμεῖς
2879 4398 3006 4467 γὰρ,
3028 4396 3211 4465 φησιν,
3245 4393 3333 4446 ὅτι
3353 4387 3694 4487 σιωπῶῖτες

442 4511 662 4580 planum
708 4506 1055 4577 relinquitur.
1104 4502 1301 4558 lterum
1341 4516 1577 4572 namque
1613 4501 1800 4556 eadem
1855 4501 2002 4554 verb:

2119 4475 2405 4565 ἑάλωμεν,
2432 4490 2860 4563 ὁμολογοῦμεν,
2893 4487 2987 4539 καὶ
3013 4484 3112 4555 τὴν
3148 4482 3327 4536 αἰτίαν
3350 4475 3693 4549 προστίθησι,

444 4568 704 4669 i‘epetam.
746 4568 889 4651 Dicit
937 4595 1081 4651 enim
1118 4589 1419 4648 :Fatemur
1469 4568 1606 4662 quod
1653 4591 1792 4659 capti
1842 4606 2002 4644 summ

2121 4581 2418 4654 πονηρῶν,
2452 4584 2636 4655 φησιν,
2652 4579 2973 4648 ἀνθρώπων
2987 4576 3100 4643 τὴν
3114 4575 3220 4630 τσῦ
3240 4568 3497 4630 δικάζειν
3515 4568 3696 4631 ἀξίαν

444 4698 693 4753 lucentes,
722 4697 773 4744 et
802 4702 1021 4742 causam
1050 4684 1300 4753 adjungit
1338 4700 1352 4738 :
1384 4699 1503 4736 cum
1537 4681 1757 4751 maligni
1788 4680 2002 4733 homine;

2122 4677 2433 4745 λαχόντων
2452 4692 2468 4706 σ
2502 4675 2699 4747 μᾶλλον
2730 4670 2785 4725 δὲ
2815 4671 2891 4734 ὡς
2922 4668 3082 4732 αὐτὸς
3122 4668 3291 4734 λέγει,
3314 4666 3417 4728 Εἰς
3443 4661 3557 4727 τὴν
3578 4657 3700 4753 τῶν

444 4780 717 4846 iudicandi
765 4786 1077 4848 potestatem
1107 4749 1254 4827 nacti
1310 4782 1506 4836 essent,
1541 4772 1621 4825 vel
1672 4749 1732 4823 ut
1779 4770 1895 4838 ipse
1941 4769 2002 4820 lo-

2124 4765 2475 4828 δικαζόντων
2492 4764 2691 4835 χώραν
2702 4759 3186 4828 εισφρησάντων.
3203 4756 3329 4811 Ὀτι
3342 4755 3398 4806 δὲ
3416 4753 3578 4806 πάλιν
3605 4749 3699 4803 τὸν

443 4875 673 4943 quitur:
715 4874 768 4927 in
827 4873 999 4927 locum
1035 4869 1275 4939 judicum
1306 4865 1658 4918 insiluisseut.
1720 4860 2002 4924 Cancrum,

2122 4860 2466 4932 προσήκοντα
2494 4834 2700 4927 καιρὸν
2737 4856 2803 4925 τῇ
2854 4851 3118 4919 ἀπολογίᾳ
3165 4846 3597 4918 προσμαρτυρεῖ,
3640 4841 3700 4905 ἐξ

444 4964 589 5045 quod
632 4966 751 5017 loco
797 4970 851 5018 et
900 4969 1147 5031 tempore
1195 4970 1502 5029 opportuno
1536 4970 1657 5009 sese
1708 4952 2012 5022 apologiam

446 5039 755 5109 instituisse
798 5051 1139 5123 proﬁteatur,
1190 5065 1258 5104 cx
1313 5046 1459 5108 aliis,
1503 5052 1561 5098 ut
1605 5043 1739 5107 dixi,
1784 5039 2017 5096 manife-

448 5158 592 5204 stum
621 5146 823 5202 evadit.
860 5146 951 5199 Sic
980 5144 1125 5199 enim
1159 5142 1322 5197 habet
1348 5141 1416 5195 ad
1452 5135 1879 5202 verbum:Quod
1916 5152 2017 5187 au-

450 5251 551 5295 tem
588 5239 719 5294 nihil
746 5238 889 5292 ultro
920 5247 1263 5299 commentus,
1307 5234 1397 5288 sed
1431 5249 1463 5286 a
1488 5229 1758 5301 judicibus
1803 5237 2019 5281 coactus

451 5334 622 5388 debito
673 5342 898 5399 tempore
926 5339 976 5384 et
1024 5326 1179 5382 modo
1228 5326 1297 5380 ad
1329 5326 1627 5395 apologiam
1671 5320 2015 5391 confugerint,

450 5443 515 5482 ex
544 5428 695 5480 rebus
745 5423 898 5493 ipsis,
933 5431 981 5475 et
1016 5434 1082 5474 ea:
1130 5418 1290 5490 hujus
1336 5414 1503 5471 verbis
1544 5413 1892 5484 perspicuum
1936 5409 2019 5463 ﬁt.

452 5521 590 5585 Quid
639 5518 804 5590 igitur
838 5516 982 5571 dicet
1028 5514 1097 5577 is,
1132 5513 1225 5582 qui
1268 5512 1320 5565 in
1351 5525 1543 5565 omnes
1581 5509 1783 5578 ﬁguras
1816 5503 2021 5558 oratio—

2119 4950 2341 5021 ἑτέρων,
2371 4941 2445 5002 ὧν
2462 4944 2601 5010 εἶπε,
2634 4946 2792 5015 δῆλόν
2811 4946 2977 4997 ἐστιν.
3007 4941 3161 4995 Οὕτω
3184 4938 3295 5011 γὰρ
3322 4939 3357 5008 ἡ
3381 4937 3524 5003 λέξις
3552 4935 3663 5003 ἔχει
3681 4950 3699 4965 υ

2132 5043 2287 5099 Ἀλλ’
2309 5040 2397 5095 ὅτι
2422 5039 2555 5110 μὲν,
2579 5039 2763 5108 φησὶν,
2799 5038 2871 5090 οὐ
2898 5030 3303 5101 πλασάμενος,
3332 5029 3484 5096 ὑπὲρ
3499 5027 3567 5080 δὲ
3585 5024 3703 5078 τῶν

2119 5134 2380 5205 μεσιτῶν
2415 5127 2919 5198 ἀναγκαζόμενος,
2963 5125 3113 5178 κατὰ
3168 5124 3276 5176 τὸν
3317 5117 3705 5189 προσήκοντα

2128 5224 2335 5293 καιρὸν
2377 5224 2472 5276 καὶ
2502 5222 2723 5291 τρόπον
2747 5220 2842 5271 ἐπὶ
2866 5218 2979 5284 τὴν
3005 5214 3340 5283 ἀπολογίαν
3366 5208 3703 5279 προήχθην,

2114 5318 2183 5371 ἐκ
2209 5333 2273 5369 te
2310 5311 2429 5367 τῶν
2458 5311 2816 5382 πραγμάτιον
2836 5308 3054 5371 αὐτῶν,
3085 5303 3324 5360 καὶτῶν
3354 5302 3572 5356 τούτου
3603 5298 3707 5352 λό-

2118 5425 2238 5479 γων
2260 5407 2449 5476 γέγονε
2500 5406 2675 5475 δῆλον.
2735 5406 2799 5458 Τί
2841 5400 2933 5457 οὖν
2978 5404 3094 5473 ὲρεῖ
3122 5402 3152 5454 ὁ
3184 5392 3462 5466 πανταχοῦ
3502 5390 3705 5463 ῥαδίως

2121 5498 2461 5568 ἐπιστρέφων
2482 5497 2571 5549 τὸν
2599 5495 2786 5564 λόγον;
2809 5497 2922 5549 Οὐκ
2944 5495 3049 5547 ἔδει
3073 5493 3280 5563 σιωπᾷν
3305 5489 3400 5543 ἐπὶ
3428 5488 3541 5541 τῶν
3564 5482 3708 5553 ἀγώ-

453 5628 577 5669 nem
612 5572 979 5680 cgntorquetf
1003 5606 1120 5661 Non
1144 5604 1432 5675 oportebat
1457 5611 1640 5654 tacere
1666 5599 1721 5651 in
1758 5594 1853 5649 illo
1877 5593 2002 5662 judi

2121 5608 2228 5643 νων
2252 5605 2267 5653 ;
2306 5587 2403 5641 Διά
2421 5586 2473 5638 τί
2506 5581 2599 5639 οὖν
2628 5587 2837 5655 ἄφωνος
2880 5585 2973 5637 ἐπὶ
3004 5582 3113 5636 τῶν
3139 5580 3319 5636 αὐτῶν
3349 5576 3573 5646 ἀγώνων
3602 5572 3709 5627 Εὐ-

455 5704 545 5757 eio
583 5710 637 5753 et
664 5698 1003 5756 certamine?
1028 5697 1210 5763 Quare
1248 5708 1379 5764 ergo
1411 5693 1467 5746 in
1513 5691 1608 5745 illo
1636 5687 1888 5742 conﬂictu
1926 5685 2023 5739 ob-

2129 5683 2348 5752 νόμιος;
2388 5678 2528 5733 Ἀλλ’
2545 5676 2797 5749 εὔκαιρος
2824 5679 2858 5748 ή
2884 5677 3024 5748 μετά
3053 5676 3180 5738 τοὺς
3203 5672 3421 5742 ἀγῶνας
3443 5664 3707 5735 ἀπολογία

458 5792 659 5847 mutuit
689 5788 993 5844 Eunomius
1011 5758 1164 5843 {Sed
1208 5758 1337 5840 huic
1374 5784 1699 5853 tempestiva
1732 5788 1787 5835 et
1828 5792 2002 5848 oppor

2131 5774 2336 5845 τούτῳ.
2380 5773 2503 5836 Πῶς
2552 5766 2644 5825 οὖν
2669 5772 2892 5841 ἄκαιρος
2915 5772 2949 5841 ἡ
2991 5768 3126 5837 πρὸς
3154 5765 3225 5820 τά
3264 5762 3526 5836 εἰρημένα
3559 5758 3712 5831 μάχη

456 5892 591 5941 tua
634 5891 753 5938 erat
800 5884 1047 5952 apologia
1088 5883 1250 5934 etiam
1302 5886 1424 5949 post
1460 5877 1609 5931 illam
1658 5870 2024 5929 concertatio-

2138 5867 2327 5935 ἐκείνῳ
2356 5883 2370 5931 ;

468 5986 614 6029 nem.
646 5949 931 6037 Quomodo
966 5949 1129 6040 igitur
1162 5966 1548 6038 intempestiva
1596 5972 1681 6021 est
1716 5960 1919 6018 Basilio
1946 5972 2156 6023 eorum,
2191 5972 2311 6025 qum
2344 5954 2577 6013 adducta
2617 5963 2765 6024 sunt,
2805 5949 3159 6013 confatalia?
