4166 6372
429 351 531 405 277

1556 342 1836 414 CONTRA
1873 355 2264 424 EUNOMIUM,
2302 356 2432 412 LIB.
2472 356 2513 410 ι.

3571 348 3677 401 273

514 464 672 518 ’Δλλά
726 464 943 519 πάντων
997 466 1216 537 μᾶλλον,
1275 469 1349 531 ὡς
1403 470 1595 532 ἔοικεν,
1660 468 1866 540 ἀληθὴς
1908 468 2001 522 τοῦ

2176 469 2283 526 Sed
2309 484 2498 524 verum
2542 474 2625 522 est
2659 482 2824 537 quam
2881 466 3115 521 maxime
3150 465 3226 531 id,
3260 462 3407 535 quod
3453 473 3678 517 sanctus

433 556 578 609 ὁσίου
616 558 645 610 6
682 555 838 625 λόγος
861 572 875 585 ’
926 557 1006 610 ὅτι
1032 559 1089 611 ὲν
1122 561 1478 630 προσποιήσει
1505 560 1561 613 δὲ
1592 560 1688 631 τῆς
1717 560 2009 629 ἀπολογίας

2110 564 2200 619 ille
2240 563 2398 629 dixit,
2449 562 2595 615 hunc
2640 566 2902 630 prietextu
2956 560 3234 629 apologiae,
3270 557 3537 611 arbitratu
3576 570 3679 610 suo

436 648 776 717 κατασκευὴν
814 647 923 702 τῶν
975 648 1257 720 δογμάτων
1308 651 1501 703 ἑαυτοῦ
1540 652 1677 721 πρὸς
1722 652 1781 704 τὸ
1819 651 2009 706 δοκοῦν

2143 655 2359 710 tabilire
2404 654 2643 708 voluisse
2689 668 2789 708 sua
2827 652 3083 721 dogmata
3122 669 3132 703 :
3164 662 3457 719 germanus
3497 646 3679 701 imita-

435 743 746 811 ἐποιήσατο,
785 742 879 794 καὶ
908 743 935 794 6
974 743 1093 795 κατ’
1124 743 1379 815 ἀλήθειαν
1405 744 1500 797 τοῦ
1529 745 1712 808 Φινεὲς
1740 744 2008 815 ζηλωτής·

2110 755 2195 800 tor
2253 745 2399 800 illius
2421 743 2675 807 Phinees,
2705 743 2797 812 qui
2828 741 3141 810 rliomphaca
3197 755 3293 795 sua
3322 738 3500 809 perdit
3561 752 3681 791 om-

434 834 463 883 6
487 831 845 904 ὲξολοθρεύων
884 834 944 887 ὲν
989 837 1054 905 τῇ
1104 836 1347 907 ῥομφαίᾳ
1399 836 1491 891 τοῦ
1531 838 1689 907 λόγου
1726 839 1901 892 πάντα
1920 838 2010 891 τὸν

2137 852 2257 899 tem,
2305 836 2396 906 qui
2456 851 2487 888 a
2534 834 2762 890 Domino
2792 849 2889 903 per
2947 831 3367 887 fornicationem
3403 829 3681 898 deﬂectit;

436 921 654 974 ἀπὺτοῦ
684 922 888 995 Κυρίου
922 926 1291 997 πορνεύσαντα
1310 944 1323 956 ·
1358 927 1456 997 τὴν
1487 928 1732 999 ἰατρικὴν
1766 928 1866 1000 μὲν
1914 929 2013 998 τῆς

436 1010 634 1081 ψυχῆς,
665 1012 1013 1085 ἀναιρετικὴν
1033 1014 1089 1067 δὲ
1122 1016 1221 1085 τῆς
1250 1016 1503 1081 ἀσεϐείας
1531 1019 1784 1089 ἀπήγαγε
1812 1019 2012 1089 μάχαι-

444 1119 563 1172 ραν,
620 1102 721 1172 τὴν
763 1103 1082 1175 ἀντίρρησιν
1126 1107 1272 1174 λέγω
1309 1108 1406 1177 τῆς
1435 1108 1801 1180 βλασφημίας.
1856 1110 1918 1162 Et
1957 1109 2015 1162 δὲ

440 1192 747 1257 ἀντιτύπως
769 1189 919 1258 οὗτος
946 1195 1081 1267 ἔχει.
1115 1198 1209 1250 καὶ
1242 1198 1340 1269 τὴν
1364 1198 1658 1271 θεραπείαν
1688 1202 1748 1255 οὐ
1778 1202 2013 1272 δέχεται,

440 1288 469 1339 6
497 1288 593 1358 τὴν
616 1287 792 1359 ψυχὴν
826 1288 1019 1342 ἑαυτοῦ
1063 1288 1154 1343 διὰ
1194 1291 1290 1360 τῆς
1349 1291 1682 1355 ἀποστασίας
1717 1291 2013 1364 νεκρὼσας,

442 1377 536 1429 τοῦ
568 1378 824 1447 ἑλομένου
845 1378 905 1430 τὸ
928 1379 1147 1449 κακδνὴ
1173 1380 1340 1446 αίτία,
1372 1382 1504 1451 φησὶ
1524 1382 1680 1435 τοῦτο
1712 1384 1805 1435 καὶ
1833 1385 1861 1435 6
1886 1382 2019 1447 ἔξω·

443 1466 535 1519 θεν
559 1467 732 1537 λόγος.
756 1468 1005 1540 Τοιοῦτος
1035 1471 1133 1539 μὲν
1153 1466 1244 1523 οὖν
1264 1473 1405 1525 κατά
1420 1489 1477 1524 τε
1504 1474 1602 1541 τῆς
1624 1472 1900 1544 ἀληθείας,
1924 1474 2019 1526 καὶ

448 1559 568 1612 καθ’
602 1558 761 1629 ἡμῶν
805 1563 835 1612 ὁ
870 1561 1353 1634 Εὐνόμιος.ν-Ἡμῖν
1392 1562 1448 1615 δὲ
1480 1564 1605 1634 ἐξῆν
1635 1565 1731 1634 μὲν
1762 1566 1900 1618 κατὰ
1928 1565 2020 1618 τὸν

446 1650 796 1720 ἀρχαιότερον
816 1650 977 1719 νόμον
1000 1652 1090 1703 τὸν
1122 1652 1505 1733 συγχωροῦντα
1525 1656 1637 1717 τοῖς
1662 1654 1793 1718 ῐσοις
1821 1654 2022 1725 ἀμύνε-

450 1741 573 1794 σθαι
621 1732 745 1805 τοὺς
792 1732 1160 1813 ὑπάρξαντας,
1196 1745 1439 1813 ἀφθόνως
1486 1745 1646 1799 αὑτὸν
1686 1747 2021 1801 ἀντιϐάλλειν

2116 926 2344 979 vibravit
2389 923 2639 994 equidem
2687 923 2958 993 gladium,
3010 921 3336 976 medicinam
3389 921 3572 977 facere
3630 929 3685 977 et

2117 1020 2449 1088 impietatem
2500 1016 2823 1071 exscindere
2863 1014 3107 1078 solitum,
3164 1014 3552 1091 refutationem
3600 1014 3687 1069 in-

2119 1111 2301 1180 telligo
2348 1109 2833 1178 blasphemiarum.
2881 1105 2938 1160 Si
2992 1106 3095 1161 iste
3128 1106 3337 1161 resistit
3383 1104 3687 1161 curationis

2120 1202 2430 1271 impatiens,
2465 1200 2613 1270 quod
2654 1216 2752 1255 sua
2787 1197 3094 1253 defectione
3126 1199 3362 1252 animam
3394 1201 3689 1253 intereme-

2119 1296 2210 1357 rit,
2258 1294 2477 1363 culpam
2525 1292 2759 1346 sustinet
2799 1291 2867 1353 is,
2917 1291 3011 1359 qui
3053 1289 3253 1343 malum
3298 1289 3480 1359 elegit,
3536 1296 3596 1342 ut
3638 1297 3692 1343 et

2119 1393 2465 1439 externorum
2505 1384 2777 1454 quispiam
2824 1382 2982 1437 dixit.
3020 1380 3169 1437 Talis
3200 1383 3366 1452 igitur
3408 1390 3464 1436 et
3497 1389 3692 1435 contra

2119 1477 2425 1541 veritatem,
2459 1485 2513 1529 et
2541 1484 2728 1528 contra
2757 1489 2859 1530 nos
2893 1483 2977 1529 est
3004 1474 3330 1529 Eunomius.
3362 1472 3529 1527 Nobis
3565 1488 3692 1526 vero

2125 1569 2319 1622 licebat
2360 1582 2424 1621 ex
2456 1567 2573 1637 lege
2618 1566 2810 1631 veteri,
2842 1582 2963 1636 quae
2998 1566 3250 1621 concedit
3288 1566 3442 1635 paria
3490 1563 3695 1618 referre

2123 1657 2463 1718 auctoribus,
2519 1656 2729 1725 egregie
2786 1656 2965 1724 ipsum
3008 1654 3275 1709 conviciis
3325 1650 3604 1709 onerare:
3639 1663 3694 1707 et

2125 1750 2295 1804 multa
2328 1748 2510 1818 quiete
2557 1762 2620 1801 ac
2664 1747 2983 1814 securitate,
3029 1761 3192 1817 quam
3245 1747 3475 1801 moleste
3509 1744 3692 1807 ferret,

449 1838 560 1898 τοῖς
588 1834 834 1899 ὀνείδεσι,
866 1839 961 1891 καὶ
986 1840 1043 1890 ὲν
1067 1837 1234 1909 πολλῇ
1263 1841 1329 1909 τῇ
1361 1839 1611 1912 ῥαστώνῃ
1645 1840 1781 1913 πρὸς
1811 1841 1902 1895 τὸν
1937 1842 2022 1895 λε-

2144 1839 2430 1894 naledictis
2483 1845 2536 1891 et
2571 1836 2970 1892 scommatibus
3008 1835 3301 1905 jaciendis,
3357 1835 3601 1891 studiose
3642 1843 3697 1887 et

449 1927 731 1997 λυπηκότα
772 1928 1064 1998 φιλοτίμως
1097 1928 1215 1988 ταῖς
1237 1926 1519 1996 λοιδορίαις
1541 1928 1981 1999 ἐνδαψιλεύεσθαι
2006 1952 2019 1965 ο

452 2022 501 2072 εἰ
530 2019 638 2089 γὰρ
666 2019 931 2073 τοσούτων
977 2023 1179 2080 ἐκεῖνος
1207 2025 1287 2086 εἰς
1326 2022 1484 2095 ὓϐριν
1531 2026 1625 2079 καὶ
1652 2026 1915 2098 λοιδορίαν
1944 2028 2026 2079 εύ-

455 2111 657 2182 πόρησε
725 2111 866 2164 κατὰ
905 2112 1000 2165 τοῦ
1047 2114 1313 2184 μηδεμίαν
1363 2116 1567 2171 εἴσοδον
1609 2117 1897 2182 δεδωκότος
1948 2118 2025 2188 τῷ

457 2199 652 2272 μώμῳ,
697 2200 893 2262 πόσους
917 2202 1062 2265 εἰκὸς
1098 2204 1383 2275 εὑρεθῆναι
1402 2206 1675 2270 τοιούτους
1698 2207 1886 2276 λόγους
1914 2210 2027 2271 τοῖς

454 2293 545 2345 τὸν
573 2292 768 2362 σεμνὸν
811 2293 975 2346 αὑτοῦ
1028 2293 1438 2368 διακωμῳδοῦσι
1489 2298 1621 2369 βίον.
1664 2299 1801 2351 Ἀλλ’
1840 2298 2029 2370 ἐπειδὴ

457 2383 535 2453 τῷ
568 2382 885 2455 Εὐαγγελίῳ
902 2384 1226 2455 μαθητεύειν
1248 2390 1353 2441 ὑπὸ
1372 2388 1614 2457 μαθητοῦ
1651 2392 1749 2461 τῆς
1772 2391 2030 2463 ἀληθείας

458 2476 518 2540 ἐξ
555 2475 725 2545 ἀρχῆς
751 2474 1169 2545 ἐπαιδεύθημεν,
1200 2478 1321 2529 οὔτε
1354 2480 1625 2549 οφθαλμὸν
1665 2481 2030 2535 ἀντεκκόπτο-

463 2581 581 2634 μεν,
647 2564 769 2617 οὔτε
824 2564 1013 2618 ὀδόντα
1048 2566 1255 2631 ὀδόντος
1300 2570 1799 2641 ἀνταλλασσόμεθα,
1828 2572 2028 2635 εἰδότες

459 2658 541 2709 ὅτι
570 2656 635 2709 τά
665 2658 875 2727 πονηρὰ
913 2658 1020 2710 τῶν
1045 2659 1345 2729 γινομένων
1381 2664 1493 2724 τοῖς
1524 2663 1785 2726 ἐναντίοις
1810 2662 2030 2717 λύεσθαι

462 2746 691 2816 πέφυκε·
724 2750 818 2802 καὶ
837 2749 936 2802 οὐκ
960 2751 1025 2805 άν
1046 2768 1099 2803 τι
1120 2751 1227 2806 τῶν
1249 2753 1430 2817 κακῶς
1452 2754 1753 2826 λεγομένων
1802 2755 1835 2826 ἥ
1863 2773 2033 2827 πρατ-

461 2840 699 2908 τομένων
728 2840 807 2902 είς
851 2840 912 2893 τὸ
953 2840 1248 2911 ἀνήκεστον
1279 2845 1704 2915 προχωρήσειεν,
1747 2847 1798 2899 εί
1835 2863 1886 2898 τι
1927 2846 2033 2900 τῶν

464 2932 840 3002 χρηστοτέρων
869 2932 959 2986 διὰ
994 2934 1157 3003 μέσου
1184 2938 1556 3007 παρεμπεσὸν,
1587 2937 1648 2990 τὸ
1686 2939 1904 3009 συνεχὲς
1934 2939 2035 3008 τῆς

464 3022 569 3074 τῶν
603 3024 788 3077 κακῶν
818 3025 1133 3091 ἀκολουθίας
1169 3027 1482 3097 ἐκκόψειεν
1511 3028 1765 3101 οὖκοῦνή
1802 3029 1896 3083 τοῦ
1929 3030 2037 3084 λοι-

460 3112 753 3181 δορεῖσθαι,
782 3114 875 3167 καὶ
917 3113 1154 3185 ὑϐρίζειν
1185 3114 1498 3181 ἀκολουθία,
1538 3116 1627 3170 διὰ
1655 3117 2033 3188 μακροθυμίας

465 3204 674 3257 ἵσταται
703 3208 802 3276 τῆς
831 3207 922 3259 ἐπὶ
942 3206 1011 3259 τά
1037 3207 1222 3276 πρόσω
1245 3210 1413 3277 φορᾶς
1437 3226 1449 3238 ·
1483 3208 1558 3271 ὼς
1591 3210 1642 3261 εἴ
1668 3210 1730 3278 γέ
1762 3228 1844 3273 τις
1879 3209 2033 3282 ὕϐρει

463 3296 560 3366 τὴν
604 3296 781 3368 ὓϐριν,
846 3298 940 3350 καὶ⁸
1002 3298 1234 3370 λοιδορία
1294 3300 1392 3371 τὴν
1441 3300 1700 3370 λοιδορίαν
1757 3302 2033 3372 ἀμύνοιτο,

466 3389 747 3442 πλεονάσει
776 3391 990 3459 πάντως
1011 3391 1225 3462 τρέφων
1245 3391 1334 3445 διὰ
1369 3391 1475 3445 τῶν
1496 3394 1695 3463 ὁμοίων
1728 3393 1790 3446 τὸ
1814 3394 2034 3448 ἄτοπον.

2124 1938 2378 1984 accurate
2430 1942 2649 1999 operam
2689 1928 3035 1999 impendere;
3098 1928 3145 1983 si
3200 1929 3345 1982 enim
3391 1928 3507 1997 ipse
3560 1927 3696 1981 adeo

2125 2024 2388 2077 conviciis
2435 2031 2489 2077 et
2535 2022 3016 2077 criminationibus
3066 2022 3365 2076 abundavit
3434 2022 3697 2076 adversus

2125 2117 2297 2180 illum,
2325 2116 2417 2184 qui
2449 2114 2765 2184 bujusmodi
2799 2114 3063 2168 conviciis
3096 2114 3302 2167 nullam
3352 2114 3695 2167 occasionem

2126 2208 2308 2262 dedit:
2347 2222 2509 2276 quam
2556 2206 2777 2260 uberem
2818 2215 2872 2259 et
2920 2204 3213 2275 benignam
3265 2204 3536 2259 inveniret
3573 2204 3699 2274 quis

2128 2300 2433 2362 materiam,
2463 2299 2509 2354 si
2540 2298 2626 2352 cui
2651 2298 2869 2352 animus
2905 2304 3073 2359 esset,
3108 2311 3329 2366 gravem
3352 2296 3565 2350 scilicet
3596 2294 3701 2346 liu-

2128 2390 2297 2444 nomii
2329 2390 2495 2443 vitam
2523 2389 2827 2462 lirridcndi,
2873 2397 2927 2441 et
2961 2387 3201 2441 ludibrio
3230 2385 3559 2457 exponendi!
3598 2382 3703 2439 Ve-

2130 2495 2252 2534 rum
2287 2496 2409 2535 cum
2437 2481 2506 2535 ab
2536 2481 2697 2535 initio
2727 2496 2755 2533 a
2787 2479 3061 2548 discipulo
3086 2477 3334 2533 veritatis
3372 2478 3428 2530 in
3454 2478 3703 2545 Evange-

2132 2574 2252 2629 Iicis
2282 2573 2568 2643 prazceptis
2610 2572 2864 2626 instructi
2902 2571 3077 2625 simus
3108 2590 3120 2624 :
3159 2570 3378 2625 oculum
3412 2583 3510 2638 pro
3542 2568 3703 2621 oculo

2132 2681 2309 2735 neque
2346 2665 2739 2727 exscindimus,
2782 2681 2958 2735 neque
2987 2664 3207 2719 dentem
3235 2678 3332 2732 pro
3355 2663 3515 2716 dente
3549 2676 3705 2715 enm-

2135 2762 2443 2814 mutamus’
2484 2778 2497 2813 :
2533 2760 2699 2829 probe
2734 2767 3074 2830 compertum
3107 2759 3373 2812 habentes
3420 2754 3705 2809 maledicta

2135 2858 2190 2906 et
2230 2851 2370 2906 facta
2401 2853 2694 2907 contrariis
2737 2866 3090 2915 evanescere,
3126 2860 3180 2905 et
3210 2850 3437 2903 interire
3479 2848 3654 2903 solere
3689 2865 3703 2900 :

2137 2960 2313 3015 neque
2349 2960 2590 3014 unquam
2635 2948 2775 3002 male
2796 2946 2944 3002 dicta
2987 2952 3081 2999 aut
3132 2942 3275 2998 facta
3323 2942 3377 2995 in
3424 2940 3701 2994 infinitum

2139 3033 2516 3104 procederent,
2566 3033 2611 3087 si
2658 3032 2792 3101 quid
2849 3049 3032 3088 rerum
3089 3033 3378 3087 meliorum
3415 3030 3710 3098 interposi-

2140 3130 2280 3187 tum,
2307 3134 2621 3193 perpetuam
2659 3124 2804 3176 illam
2837 3124 3104 3177 malorum
3136 3121 3357 3182 seriem,
3387 3130 3439 3174 et
3464 3129 3709 3174 tenorem

2142 3230 2432 3284 perennem
2479 3215 2899 3283 interrumperet
2930 3234 2941 3268 :
2974 3213 3099 3283 quia
3141 3209 3471 3265 criminandi
3522 3215 3577 3263 et
3613 3221 3710 3260 ca-

2146 3305 2443 3360 lumniandi
2482 3307 2690 3374 primus
2729 3305 2965 3375 impetus
2996 3320 3152 3372 {equo
3179 3311 3231 3356 et
3259 3300 3486 3371 patienti
3528 3295 3714 3350 animo

2148 3399 2380 3461 sistitur,
2420 3414 2487 3452 ne
2525 3396 2732 3453 feratur
2764 3398 3031 3464 ulterius;
3076 3411 3246 3467 quare
3274 3394 3320 3449 si
3353 3394 3476 3463 quis
3512 3388 3713 3459 injuria

468 3487 741 3555 injuriam,
794 3496 848 3539 et
901 3488 1209 3541 convicium
1260 3490 1507 3545 convicio
1555 3491 1745 3547 ulcisci
1792 3492 1941 3557 velit,
1984 3494 2039 3546 in
2078 3494 2407 3551 immensum
2454 3496 2672 3551 tandem
2714 3502 2998 3550 excrescet
3024 3507 3239 3562 semper
3304 3489 3477 3560 magis
3550 3494 3714 3555 atque

467 3582 639 3650 magis
679 3584 933 3634 roborata
969 3582 1307 3650 improbitas.

536 3678 633 3730 Διά
656 3678 809 3731 τοῦτο
842 3680 1016 3733 πάντα
1041 3680 1130 3731 τὸν
1162 3681 1218 3732 ὲν
1238 3675 1317 3745 τῷ
1348 3675 1496 3746 μέσῳ
1528 3676 1685 3743 λόγον
1710 3676 2043 3741 καταλιπὼν,

470 3768 624 3839 ὓϐριν
656 3770 805 3833 ὄντα,
835 3772 926 3823 καὶ
949 3770 1273 3840 χλευασμὸν,
1300 3770 1395 3821 καὶ
1424 3768 1707 3839 λοιδορίαν,
1735 3769 1828 3820 καὶ
1860 3766 2045 3837 σκώμ-

474 3874 635 3926 ματα,
659 3858 793 3929 πρὸς
809 3860 908 3928 τὴν
938 3858 1033 3911 τοῦ
1054 3859 1321 3929 δόγματος
1344 3858 1591 3922 ἐξέτασιν
1622 3856 1929 3921 κατεπείξω
1956 3858 2048 3909 τὸν

469 3950 643 4016 λόγον.
698 3950 759 4001 Εἰ
808 3949 865 4001 δέ
916 3966 1000 4013 τις
1062 3949 1443 4019 παραιτεῖσθαί
1492 3966 1557 4019 με
1595 3949 1654 4000 τὸ
1700 3948 1954 4019 λοιδορεῖν
1982 3948 2046 4000 δι’

470 4039 723 4109 ἀπειρίαν
768 4040 875 4093 τῶν
917 4042 1116 4111 ὁμοίων
1159 4043 1477 4095 ἀντιδόσεων
1533 4042 1699 4109 λέγοι,
1755 4040 2044 4109 σκεψάσθω

470 4132 661 4186 ἑαυτόν
686 4147 699 4161 '
722 4133 819 4202 ὅση
850 4134 983 4203 πρὸς
1006 4135 1067 4186 τὸ
1086 4135 1262 4204 χεῖρόν
1296 4136 1443 4186 ἐστιν
1462 4136 1495 4204 ἡ
1522 4132 1740 4186 εὐκολία
1765 4134 1887 4202 δίχα
1901 4135 2043 4195 τινὸς

472 4222 848 4291 πραγματείας
874 4224 1193 4293 αὐτομάτως
1223 4224 1359 4296 πρὸς
1396 4224 1493 4295 τὴν
1522 4225 1792 4295 ἁμαρτίαν
1828 4224 2044 4277 κατολισ-

473 4311 781 4366 σθαίνουσα.
816 4313 889 4365 T6
915 4316 1023 4385 γὰρ
1062 4315 1306 4384 γίνεσθαι
1333 4317 1521 4377 κακὸν,
1550 4318 1608 4368 ἐν
1631 4316 1705 4385 τῷ
1725 4316 2045 4387 προελέσθαι

475 4402 634 4470 μόνον
657 4403 959 4466 ἀπόκειται,
986 4405 1079 4456 καὶ
1102 4406 1303 4476 ἤρκεσε
1331 4405 1586 4468 πολλάκις
1610 4406 1744 4474 πρὸς
1769 4405 2046 4457 τελείωσιν

2212 3675 2480 3739 Quocirca
2539 3674 2605 3727 ad
2654 3688 2881 3729 examen
2934 3679 2989 3727 et
3038 3670 3483 3741 disquisitionem
3538 3667 3715 3738 ipsius

2143 3766 2411 3836 dogmatis
2445 3764 2715 3819 festinabo
2761 3764 3037 3829 omnibus,
3059 3778 3179 3831 qua:
3204 3761 3260 3815 in
3292 3761 3472 3816 medio
3509 3760 3715 3815 oratio—

2146 3860 2228 3913 nis
2264 3874 2429 3913 cursu
2459 3856 2695 3920 infercit,
2720 3856 3032 3927 praeteritis,
3062 3869 3186 3908 cum
3212 3854 3351 3907 nihil
3381 3852 3527 3907 aliud
3565 3868 3713 3906 com-

2146 3949 2472 4019 plectantur,
2506 3962 2665 4017 quam
2694 3946 2971 4015 injuriam,
3008 3943 3342 4005 irrisionem,
3382 3940 3721 4005 convicium,

2146 4051 2201 4096 et
2248 4049 2566 4096 scommata.
2602 4038 2659 4093 Si
2693 4039 2817 4109 quis
2854 4044 3009 4107 putat
3048 4050 3133 4089 me
3165 4032 3509 4089 conwciandi
3549 4033 3714 4102 palae-

2148 4144 2317 4186 SIram
2370 4129 2787 4199 subterfugere,
2844 4125 2989 4197 quod
3038 4140 3135 4195 par
3179 4124 3297 4195 pari
3353 4121 3561 4178 referre
3619 4137 3715 4175 ne-

2150 4225 2317 4279 sciam
2353 4242 2366 4278 :
2402 4225 2449 4277 is
2478 4220 2789 4276 consideret
2839 4220 3079 4288 seipsum
3117 4217 3298 4281 velim,
3327 4221 3529 4285 quanta
3566 4213 3718 4268 vide-

2151 4316 2277 4369 licet
2322 4314 2387 4367 ad
2442 4315 2645 4367 malum
2696 4313 2769 4367 sit
2815 4310 3069 4373 facilitas,
3123 4323 3244 4379 quae
3288 4315 3481 4377 sponte
3522 4321 3621 4360 sua
3664 4313 3721 4360 et

2153 4408 2359 4476 absque
2384 4407 2494 4458 ullo
2528 4405 2787 4473 magistro
2822 4403 2887 4456 ad
2917 4410 3198 4472 peccatum
3238 4400 3533 4455 delabitur.
3581 4396 3720 4451 Nam

473 4492 669 4555 κακίας
714 4494 746 4563 ή
789 4492 1071 4563 βούλησις·
1140 4495 1274 4549 πολὺ
1325 4494 1382 4547 δὲ
1434 4495 1592 4549 πλέον
1632 4496 1694 4548 τὸ
1742 4494 1961 4548 εὔκολον
1991 4498 2033 4548 ἐκ

2152 4505 2213 4551 ut
2247 4497 2370 4566 quis
2402 4496 2578 4549 malus
2615 4495 2728 4557 ﬁat,
2771 4494 2826 4546 in
2874 4494 2989 4548 sola
3018 4492 3287 4547 electione
3322 4488 3619 4543 voluntatis
3646 4488 3723 4542 si-

472 4586 584 4647 τοῖς
610 4585 749 4638 κατά
774 4587 871 4655 τὴν
900 4586 1149 4654 γλῶσσάν
1182 4588 1296 4639 ἐστι
1346 4586 1799 4658 πλημμελήμασι.
1828 4588 1909 4640 Τὰ
1949 4589 2045 4658 μὲν

473 4674 582 4745 γάρ
606 4674 769 4728 λοιπά
818 4676 925 4727 τῶν
962 4677 1396 4747 ἁμαρτημάτων,
1425 4677 1518 4729 καὶ
1550 4677 1764 4747 χρόνου,
1796 4676 1889 4728 καὶ
1908 4692 2049 4745 πρα-

475 4765 722 4834 γμάτων,
762 4766 856 4819 καὶ
891 4767 990 4836 τῆς
1046 4766 1243 4831 ἔξωθεν
1264 4768 1550 4837 συνεργίας
1590 4768 1667 4829 είς
1709 4768 1769 4819 τὸ
1799 4767 2049 4834 γενέσθαι

476 4857 790 4926 προσδέεται
820 4874 836 4889 ·
867 4860 901 4927 ἡ
926 4858 983 4910 δὲ
1006 4858 1100 4911 τοῦ
1128 4859 1286 4927 λόγου
1317 4860 1619 4930 πρόσφυσις
1655 4862 1774 4913 κατ’
1804 4858 2050 4924 ἐξουσίαν

476 4948 588 5018 ἔχει
640 4950 701 5003 τὸ
748 4950 1106 5020 πλημμελεῖν.
1163 4950 1461 5016 Ἀπόδειξις
1497 4952 1553 5005 δὲ
1598 4953 1706 5005 τῶν
1745 4954 2050 5024 λεγομένων

476 5039 637 5103 αὐτὸς
657 5041 685 5092 ὁ
718 5042 775 5093 έν
799 5041 987 5113 χερσὶν
1025 5041 1180 5112 ἡμῶν
1210 5044 1304 5096 τοῦ
1334 5044 1595 5114 Εύνομίου
1625 5046 1801 5112 λόγος,
1835 5046 1892 5097 ὃν
1912 5048 1940 5097 6
1974 5045 2048 5116 μὴ

476 5132 772 5201 παρέργως
822 5135 1188 5204 κατανοήσας,
1220 5136 1442 5207 εὑρήσει
1472 5136 1532 5188 τὸ
1569 5137 1832 5201 κάταντες
1862 5138 1959 5208 τῆς
1990 5141 2047 5192 ἐν

476 5226 587 5284 τοῖς
602 5224 840 5293 ῥήμασιν
868 5225 1161 5298 ἁμαρτίας,
1183 5227 1249 5297 ἢν
1274 5228 1555 5297 μιμεῖσθαι
1576 5230 1791 5293 πάντως
1827 5230 1936 5284 τῶν
1956 5230 2050 5282 εύ-

478 5316 809 5385 πορωτόιτιυν
837 5318 952 5370 ὲστί
979 5335 991 5346 ·
1014 5317 1117 5371 κᾶν
1145 5318 1424 5383 παντελῶς
1455 5337 1539 5383 τις
1564 5321 1908 5391 ἀμελετήτως
1939 5321 2053 5391 ἔχοι

2153 4599 2266 4643 tum
2298 4597 2400 4650 est,
2437 4590 2546 4641 imo
2586 4601 2730 4656 sazpe
2759 4584 2826 4639 ad
2858 4586 3061 4639 malum
3093 4581 3586 4638 consummandam
3612 4577 3723 4633 suf-

2156 4683 2267 4736 ficit
2298 4682 2570 4736 voluntas.
2618 4679 2688 4731 At
2733 4679 2891 4747 longe
2931 4674 3107 4745 major
3135 4682 3359 4743 apparet
3397 4670 3634 4725 facilitas
3664 4672 3723 4724 in

2153 4776 2303 4830 vitiis
2336 4775 2550 4843 linguae.
2594 4770 2821 4840 Reliqua
2863 4769 3010 4824 enim
3054 4774 3275 4837 peccata
3317 4772 3376 4818 ut
3403 4771 3725 4834 perpetren-

2157 4877 2265 4929 tur,
2312 4880 2451 4934 saepe
2495 4864 2739 4931 indigent
2768 4869 3011 4930 tempore
3041 4873 3106 4912 ac
3154 4857 3360 4921 labore,
3396 4863 3449 4909 et
3492 4855 3721 4909 aliorum

2155 4957 2318 5010 etiam
2351 4955 2571 5009 auxilio.
2613 4952 2718 5006 Sed
2771 4952 2885 5005 oris
2934 4958 2987 5003 et
3040 4949 3238 5019 linguae
3278 4955 3477 5001 natura
3505 4962 3723 5017 semper

2155 5048 2314 5117 quasi
2353 5047 2498 5101 domi
2542 5046 2704 5099 habet
2736 5040 2995 5113 peccandi
3030 5038 3363 5096 facultatem.
3384 5036 3517 5105 Qus
3540 5038 3723 5092 omnia

2153 5140 2459 5198 confirmat,
2500 5136 2589 5189 ille
2636 5135 2772 5202 ipse,
2803 5146 2963 5201 quem
2990 5146 3100 5200 prae
3147 5130 3402 5183 manibus
3434 5130 3719 5189 habemus.

2148 5230 2399 5284 Eunomii
2448 5228 2620 5291 liber,
2664 5227 2716 5279 in
2752 5240 2883 5294 quo,
2935 5224 3030 5291 qui
3080 5237 3206 5275 eum
3254 5236 3362 5275 non
3408 5220 3584 5274 obiter
3637 5219 3725 5271 in-

2150 5322 2407 5391 spexerit,
2441 5321 2588 5373 clare
2632 5312 3025 5385 deprehendet,
3060 5320 3261 5381 quanta
3295 5311 3367 5364 sit
3410 5306 3726 5378 proclivitas

477 5409 576 5477 τῆς
594 5406 687 5459 τοῦ
718 5407 1058 5479 βλασφημεῖν
1108 5411 1421 5482 ἐμπειρίας.
1475 5411 1541 5463 Τί
1579 5413 1687 5483 γὰρ
1718 5413 1799 5466 δεῖ
1828 5413 2033 5482 κάμνιυ

2151 5424 2205 5468 et
2237 5413 2472 5465 facilitas
2502 5410 2555 5463 in
2586 5409 2651 5462 iis
2687 5406 2952 5476 peccatis,
2992 5420 3111 5474 qua:
3147 5405 3332 5471 lingua
3373 5398 3727 5454 committun-

480 5497 968 5567 ὀνόματαποιοῦντα
999 5501 1098 5565 τὰς
1120 5501 1325 5572 ὕϐρεις,
1348 5504 1464 5570 ἐξὸν
1482 5506 1592 5566 τοῖς
1614 5504 1853 5574 ῥηθεῖσιν
1874 5506 2055 5566 αὐτοῖς

481 5590 573 5642 ἐπὶ
610 5591 701 5644 τὸν
756 5592 1054 5661 ὑϐρίσαντα
1104 5597 1445 5671 χρήσασθαι;
1481 5598 1668 5652 Πάντα
1721 5599 1831 5672 γὰρ
1882 5600 1939 5652 ὲν
1981 5598 2057 5655 τῶ

553 5768 573 5798 ⁹
614 5767 798 5822 Matth.
836 5786 886 5832 ν,
916 5768 983 5822 58
1022 5785 1144 5840 sqq.

2156 5513 2263 5572 tur,
2289 5520 2450 5573 quam
2483 5500 2705 5563 imitari,
2731 5512 2818 5551 res
2849 5505 2932 5550 est
2961 5494 3205 5549 omnium
3243 5491 3526 5552 facillima,
3558 5488 3725 5541 etiam

2166 5599 2211 5654 si
2239 5601 2359 5668 quis
2391 5597 2445 5651 in
2477 5591 2836 5651 maledicendi
2865 5597 2982 5643 arte
3008 5587 3232 5642 minime
3264 5584 3338 5640 sit
3362 5581 3747 5639 exercitatus.-
