  <div class='ocr_page' id='page_1' title='image "/cluster/home/n/w/nwhite01/storage/ocr_20150623/45/nnc1.0046978445/149.png"; bbox 0 0 4166 6372; ppageno 0'>
   <div class='ocr_carea' id='block_1_1' title="bbox 487 372 599 437">
    <p class='ocr_par' dir='ltr' id='par_1_1' title="bbox 487 372 599 437">
     <span class='ocr_line' id='line_1_1' title="bbox 487 372 599 437; baseline -0.063 0"><span class='ocrx_word' id='word_1_1' title='bbox 487 372 599 437; x_wconf 68' lang='grc'><strong>279</strong></span> 
     </span>
    </p>
   </div>
   <div class='ocr_carea' id='block_1_2' title="bbox 1738 362 2497 432">
    <p class='ocr_par' dir='ltr' id='par_1_2' title="bbox 1738 362 2497 432">
     <span class='ocr_line' id='line_1_2' title="bbox 1738 362 2497 432; baseline -0.004 -7"><span class='ocrx_word' id='word_1_2' title='bbox 1738 369 1793 425; x_wconf 84' lang='lat' dir='ltr'><strong>S.</strong></span> <span class='ocrx_word' id='word_1_3' title='bbox 1833 366 2162 432; x_wconf 78' lang='lat' dir='ltr'><strong>GREGORII</strong></span> <span class='ocrx_word' id='word_1_4' title='bbox 2200 362 2497 424; x_wconf 73' lang='lat' dir='ltr'><strong>NYSSENI</strong></span> 
     </span>
    </p>
   </div>
   <div class='ocr_carea' id='block_1_3' title="bbox 3653 364 3761 420">
    <p class='ocr_par' dir='ltr' id='par_1_3' title="bbox 3653 364 3761 420">
     <span class='ocr_line' id='line_1_3' title="bbox 3653 364 3761 420; baseline 0.009 -1"><span class='ocrx_word' id='word_1_5' title='bbox 3653 364 3761 420; x_wconf 75' lang='grc'><strong>280</strong></span> 
     </span>
    </p>
   </div>
   <div class='ocr_carea' id='block_1_4' title="bbox 486 485 2083 564">
    <p class='ocr_par' dir='ltr' id='par_1_4' title="bbox 486 487 2067 564">
     <span class='ocr_line' id='line_1_4' title="bbox 486 487 2067 564; baseline -0.003 -17"><span class='ocrx_word' id='word_1_6' title='bbox 486 489 631 564; x_wconf 83' lang='lat' dir='ltr'><strong>Quid</strong></span> <span class='ocrx_word' id='word_1_7' title='bbox 658 489 807 549; x_wconf 83' lang='lat' dir='ltr'><strong>enim</strong></span> <span class='ocrx_word' id='word_1_8' title='bbox 832 489 1045 547; x_wconf 89' lang='lat' dir='ltr'><strong>laboret</strong></span> <span class='ocrx_word' id='word_1_9' title='bbox 1070 488 1196 560; x_wconf 87' lang='lat' dir='ltr'><strong>quis</strong></span> <span class='ocrx_word' id='word_1_10' title='bbox 1230 488 1285 543; x_wconf 91' lang='lat' dir='ltr'><strong>in</strong></span> <span class='ocrx_word' id='word_1_11' title='bbox 1316 487 1665 549; x_wconf 85' lang='lat' dir='ltr'><strong>inveniendis</strong></span> <span class='ocrx_word' id='word_1_12' title='bbox 1694 488 2067 544; x_wconf 82' lang='lat' dir='ltr'><strong>conviciorum</strong></span> 
     </span>
    </p>
   </div>
   <div class='ocr_carea' id='block_1_5' title="bbox 2183 485 3762 564">
    <p class='ocr_par' dir='ltr' id='par_1_5' title="bbox 2183 485 3762 559">
     <span class='ocr_line' id='line_1_5' title="bbox 2183 485 3762 559; baseline 0 -19"><span class='ocrx_word' id='word_1_13' title='bbox 2183 488 2432 559; x_wconf 75' lang='grc' dir='ltr'><em>μέμψεως</em></span> <span class='ocrx_word' id='word_1_14' title='bbox 2484 485 2656 559; x_wconf 81' lang='grc' dir='ltr'><em>τούτῳ</em></span> <span class='ocrx_word' id='word_1_15' title='bbox 2700 485 2795 540; x_wconf 81' lang='grc' dir='ltr'><em>τοῦ</em></span> <span class='ocrx_word' id='word_1_16' title='bbox 2843 487 3026 557; x_wconf 41' lang='grc' dir='ltr'><em>λόγου,</em></span> <span class='ocrx_word' id='word_1_17' title='bbox 3074 486 3267 559; x_wconf 76' lang='grc' dir='ltr'><em>ψευδῆ,</em></span> <span class='ocrx_word' id='word_1_18' title='bbox 3326 486 3420 541; x_wconf 84' lang='lat' dir='ltr'><strong>xui</strong></span> <span class='ocrx_word' id='word_1_19' title='bbox 3467 486 3762 559; x_wconf 77' lang='grc' dir='ltr'><strong>βλάσφημα</strong></span> 
     </span>
    </p>
   </div>
   <div class='ocr_carea' id='block_1_6' title="bbox 480 574 2066 653">
    <p class='ocr_par' dir='ltr' id='par_1_6' title="bbox 480 574 2066 653">
     <span class='ocr_line' id='line_1_6' title="bbox 480 574 2066 653; baseline -0.004 -14"><span class='ocrx_word' id='word_1_20' title='bbox 480 574 828 648; x_wconf 80' lang='lat' dir='ltr'><strong>nominibus,</strong></span> <span class='ocrx_word' id='word_1_21' title='bbox 878 596 1004 637; x_wconf 92' lang='lat' dir='ltr'><strong>cum</strong></span> <span class='ocrx_word' id='word_1_22' title='bbox 1040 581 1132 637; x_wconf 88' lang='lat' dir='ltr'><strong>illa</strong></span> <span class='ocrx_word' id='word_1_23' title='bbox 1180 582 1321 653; x_wconf 88' lang='lat' dir='ltr'><strong>ipsa,</strong></span> <span class='ocrx_word' id='word_1_24' title='bbox 1356 580 1560 651; x_wconf 87' lang='lat' dir='ltr'><strong>quibus</strong></span> <span class='ocrx_word' id='word_1_25' title='bbox 1603 581 1725 652; x_wconf 90' lang='lat' dir='ltr'><strong>ipse</strong></span> <span class='ocrx_word' id='word_1_26' title='bbox 1775 596 1910 635; x_wconf 89' lang='lat' dir='ltr'><strong>usus</strong></span> <span class='ocrx_word' id='word_1_27' title='bbox 1955 587 2066 645; x_wconf 90' lang='lat' dir='ltr'><strong>est,</strong></span> 
     </span>
    </p>
   </div>
   <div class='ocr_carea' id='block_1_7' title="bbox 484 672 2072 747">
    <p class='ocr_par' dir='ltr' id='par_1_7' title="bbox 484 672 2072 747">
     <span class='ocr_line' id='line_1_7' title="bbox 484 672 2072 747; baseline -0.003 -15"><span class='ocrx_word' id='word_1_28' title='bbox 484 690 741 747; x_wconf 73' lang='lat' dir='ltr'><strong>regerere</strong></span> <span class='ocrx_word' id='word_1_29' title='bbox 770 674 935 729; x_wconf 90' lang='lat' dir='ltr'><strong>liceat</strong></span> <span class='ocrx_word' id='word_1_30' title='bbox 982 673 1041 733; x_wconf 86' lang='lat' dir='ltr'><strong>in</strong></span> <span class='ocrx_word' id='word_1_31' title='bbox 1079 673 1529 739; x_wconf 87' lang='lat' dir='ltr'><strong>conviciatorem,</strong></span> <span class='ocrx_word' id='word_1_32' title='bbox 1565 672 1661 744; x_wconf 91' lang='lat' dir='ltr'><strong>qui</strong></span> <span class='ocrx_word' id='word_1_33' title='bbox 1691 673 1873 727; x_wconf 89' lang='lat' dir='ltr'><strong>omnia</strong></span> <span class='ocrx_word' id='word_1_34' title='bbox 1907 672 2072 728; x_wconf 89' lang='lat' dir='ltr'><strong>male-</strong></span> 
     </span>
    </p>
   </div>
   <div class='ocr_carea' id='block_1_8' title="bbox 485 764 2071 836">
    <p class='ocr_par' dir='ltr' id='par_1_8' title="bbox 485 764 2071 836">
     <span class='ocr_line' id='line_1_8' title="bbox 485 764 2071 836; baseline -0.001 -15"><span class='ocrx_word' id='word_1_35' title='bbox 485 766 789 831; x_wconf 90' lang='lat' dir='ltr'><strong>dictorum,</strong></span> <span class='ocrx_word' id='word_1_36' title='bbox 829 772 885 821; x_wconf 89' lang='lat' dir='ltr'><strong>et</strong></span> <span class='ocrx_word' id='word_1_37' title='bbox 927 764 1327 829; x_wconf 79' lang='lat' dir='ltr'><strong>calumniarum</strong></span> <span class='ocrx_word' id='word_1_38' title='bbox 1366 778 1569 836; x_wconf 78' lang='lat' dir='ltr'><strong>genera</strong></span> <span class='ocrx_word' id='word_1_39' title='bbox 1612 764 1668 818; x_wconf 89' lang='lat' dir='ltr'><strong>in</strong></span> <span class='ocrx_word' id='word_1_40' title='bbox 1723 764 1871 819; x_wconf 89' lang='lat' dir='ltr'><strong>hunc</strong></span> <span class='ocrx_word' id='word_1_41' title='bbox 1910 779 2071 819; x_wconf 89' lang='lat' dir='ltr'><strong>suum</strong></span> 
     </span>
    </p>
   </div>
   <div class='ocr_carea' id='block_1_9' title="bbox 486 854 2075 929">
    <p class='ocr_par' dir='ltr' id='par_1_9' title="bbox 486 854 2075 929">
     <span class='ocr_line' id='line_1_9' title="bbox 486 854 2075 929; baseline -0.003 -15"><span class='ocrx_word' id='word_1_42' title='bbox 486 855 686 915; x_wconf 89' lang='lat' dir='ltr'><strong>librum</strong></span> <span class='ocrx_word' id='word_1_43' title='bbox 739 854 1153 929; x_wconf 83' lang='lat' dir='ltr'><strong>comportavit?</strong></span> <span class='ocrx_word' id='word_1_44' title='bbox 1195 872 1375 929; x_wconf 86' lang='lat' dir='ltr'><strong>neque</strong></span> <span class='ocrx_word' id='word_1_45' title='bbox 1416 856 1722 928; x_wconf 82' lang='lat' dir='ltr'><strong>quidquam</strong></span> <span class='ocrx_word' id='word_1_46' title='bbox 1778 857 2075 911; x_wconf 88' lang='lat' dir='ltr'><strong>calumnia-</strong></span> 
     </span>
    </p>
   </div>
   <div class='ocr_carea' id='block_1_10' title="bbox 486 946 2073 1019">
    <p class='ocr_par' dir='ltr' id='par_1_10' title="bbox 486 946 2073 1019">
     <span class='ocr_line' id='line_1_10' title="bbox 486 946 2073 1019; baseline -0.001 -15"><span class='ocrx_word' id='word_1_47' title='bbox 486 964 610 1006; x_wconf 89' lang='lat' dir='ltr'><strong>rum</strong></span> <span class='ocrx_word' id='word_1_48' title='bbox 653 950 947 1019; x_wconf 87' lang='lat' dir='ltr'><strong>repereris,</strong></span> <span class='ocrx_word' id='word_1_49' title='bbox 988 947 1137 1019; x_wconf 92' lang='lat' dir='ltr'><strong>quod</strong></span> <span class='ocrx_word' id='word_1_50' title='bbox 1182 964 1293 1007; x_wconf 84' lang='lat' dir='ltr'><strong>non</strong></span> <span class='ocrx_word' id='word_1_51' title='bbox 1337 948 1425 1004; x_wconf 89' lang='lat' dir='ltr'><strong>bis</strong></span> <span class='ocrx_word' id='word_1_52' title='bbox 1474 949 1593 1004; x_wconf 86' lang='lat' dir='ltr'><strong>suis</strong></span> <span class='ocrx_word' id='word_1_53' title='bbox 1626 948 1840 1003; x_wconf 89' lang='lat' dir='ltr'><strong>chartis</strong></span> <span class='ocrx_word' id='word_1_54' title='bbox 1881 946 2073 1003; x_wconf 84' lang='lat' dir='ltr'><strong>illeve—</strong></span> 
     </span>
    </p>
   </div>
   <div class='ocr_carea' id='block_1_11' title="bbox 488 1038 2078 1110">
    <p class='ocr_par' dir='ltr' id='par_1_11' title="bbox 488 1038 2078 1110">
     <span class='ocr_line' id='line_1_11' title="bbox 488 1038 2078 1110; baseline -0.005 -12"><span class='ocrx_word' id='word_1_55' title='bbox 488 1042 559 1098; x_wconf 79' lang='lat' dir='ltr'><strong>rit</strong></span> <span class='ocrx_word' id='word_1_56' title='bbox 596 1057 612 1095; x_wconf 90' lang='lat'><strong>:</strong></span> <span class='ocrx_word' id='word_1_57' title='bbox 659 1038 839 1106; x_wconf 65' lang='grc' dir='ltr'><em>ναίειν,</em></span> <span class='ocrx_word' id='word_1_58' title='bbox 876 1039 1077 1110; x_wconf 85' lang='lat' dir='ltr'><strong>inquit,</strong></span> <span class='ocrx_word' id='word_1_59' title='bbox 1111 1050 1189 1102; x_wconf 85' lang='lat' dir='ltr'><strong>est</strong></span> <span class='ocrx_word' id='word_1_60' title='bbox 1216 1038 1481 1107; x_wconf 77' lang='lat' dir='ltr'><strong>Basilius,</strong></span> <span class='ocrx_word' id='word_1_61' title='bbox 1524 1039 1902 1104; x_wconf 88' lang='lat' dir='ltr'><strong>contentiosus,</strong></span> <span class='ocrx_word' id='word_1_62' title='bbox 1942 1038 2078 1091; x_wconf 80' lang='lat' dir='ltr'><strong>veri-</strong></span> 
     </span>
    </p>
   </div>
   <div class='ocr_carea' id='block_1_12' title="bbox 488 1130 2080 1201">
    <p class='ocr_par' dir='ltr' id='par_1_12' title="bbox 488 1130 2080 1201">
     <span class='ocr_line' id='line_1_12' title="bbox 488 1130 2080 1201; baseline -0.002 -15"><span class='ocrx_word' id='word_1_63' title='bbox 488 1134 615 1194; x_wconf 86' lang='lat' dir='ltr'><strong>tatis</strong></span> <span class='ocrx_word' id='word_1_64' title='bbox 656 1132 841 1196; x_wconf 86' lang='lat' dir='ltr'><strong>hostis,</strong></span> <span class='ocrx_word' id='word_1_65' title='bbox 861 1133 1119 1200; x_wconf 89' lang='lat' dir='ltr'><strong>sophista,</strong></span> <span class='ocrx_word' id='word_1_66' title='bbox 1154 1132 1444 1201; x_wconf 87' lang='lat' dir='ltr'><strong>impostor;</strong></span> <span class='ocrx_word' id='word_1_67' title='bbox 1470 1132 1770 1189; x_wconf 83' lang='lat' dir='ltr'><strong>contrarius</strong></span> <span class='ocrx_word' id='word_1_68' title='bbox 1811 1130 2080 1185; x_wconf 90' lang='lat' dir='ltr'><strong>communi</strong></span> 
     </span>
    </p>
   </div>
   <div class='ocr_carea' id='block_1_13' title="bbox 488 1221 2138 1292">
    <p class='ocr_par' dir='ltr' id='par_1_13' title="bbox 488 1221 2138 1292">
     <span class='ocr_line' id='line_1_13' title="bbox 488 1221 2138 1292; baseline -0.003 -11"><span class='ocrx_word' id='word_1_69' title='bbox 488 1225 762 1282; x_wconf 75' lang='lat' dir='ltr'><strong>hominum</strong></span> <span class='ocrx_word' id='word_1_70' title='bbox 802 1225 1036 1292; x_wconf 84' lang='lat' dir='ltr'><strong>opinioni</strong></span> <span class='ocrx_word' id='word_1_71' title='bbox 1096 1232 1146 1278; x_wconf 92' lang='lat' dir='ltr'><strong>et</strong></span> <span class='ocrx_word' id='word_1_72' title='bbox 1177 1222 1586 1285; x_wconf 73' lang='lat' dir='ltr'><strong>existimationi,</strong></span> <span class='ocrx_word' id='word_1_73' title='bbox 1615 1222 1705 1291; x_wconf 85' lang='lat' dir='ltr'><strong>qui</strong></span> <span class='ocrx_word' id='word_1_74' title='bbox 1751 1221 2079 1290; x_wconf 85' lang='lat' dir='ltr'><strong>redargutio-</strong></span> <span class='ocrx_word' id='word_1_75' title='bbox 2128 1240 2138 1247; x_wconf 92' lang='grc'><strong>·</strong></span> 
     </span>
    </p>
   </div>
   <div class='ocr_carea' id='block_1_14' title="bbox 490 1314 2080 1385">
    <p class='ocr_par' dir='ltr' id='par_1_14' title="bbox 490 1314 2080 1385">
     <span class='ocr_line' id='line_1_14' title="bbox 490 1314 2080 1385; baseline -0.004 -14"><span class='ocrx_word' id='word_1_76' title='bbox 490 1333 609 1377; x_wconf 81' lang='lat' dir='ltr'><strong>nem</strong></span> <span class='ocrx_word' id='word_1_77' title='bbox 641 1332 705 1371; x_wconf 80' lang='lat' dir='ltr'><strong>ea:</strong></span> <span class='ocrx_word' id='word_1_78' title='bbox 735 1316 887 1370; x_wconf 84' lang='lat' dir='ltr'><strong>rebus</strong></span> <span class='ocrx_word' id='word_1_79' title='bbox 918 1316 1049 1385; x_wconf 87' lang='lat' dir='ltr'><strong>ipsis</strong></span> <span class='ocrx_word' id='word_1_80' title='bbox 1091 1316 1310 1384; x_wconf 91' lang='lat' dir='ltr'><strong>petitam</strong></span> <span class='ocrx_word' id='word_1_81' title='bbox 1358 1314 1512 1370; x_wconf 84' lang='lat' dir='ltr'><strong>nihili</strong></span> <span class='ocrx_word' id='word_1_82' title='bbox 1541 1314 1741 1383; x_wconf 79' lang='lat' dir='ltr'><strong>pendit,</strong></span> <span class='ocrx_word' id='word_1_83' title='bbox 1790 1314 1881 1384; x_wconf 88' lang='lat' dir='ltr'><strong>qui</strong></span> <span class='ocrx_word' id='word_1_84' title='bbox 1920 1329 2080 1383; x_wconf 89' lang='lat' dir='ltr'><strong>neque</strong></span> 
     </span>
    </p>
   </div>
   <div class='ocr_carea' id='block_1_15' title="bbox 493 1407 2080 1480">
    <p class='ocr_par' dir='ltr' id='par_1_15' title="bbox 493 1407 2080 1480">
     <span class='ocr_line' id='line_1_15' title="bbox 493 1407 2080 1480; baseline -0.003 -16"><span class='ocrx_word' id='word_1_85' title='bbox 493 1410 668 1480; x_wconf 88' lang='lat' dir='ltr'><strong>legum</strong></span> <span class='ocrx_word' id='word_1_86' title='bbox 714 1411 959 1464; x_wconf 84' lang='lat' dir='ltr'><strong>timorem</strong></span> <span class='ocrx_word' id='word_1_87' title='bbox 1002 1408 1178 1475; x_wconf 85' lang='lat' dir='ltr'><strong>habet,</strong></span> <span class='ocrx_word' id='word_1_88' title='bbox 1217 1424 1382 1478; x_wconf 88' lang='lat' dir='ltr'><strong>neque</strong></span> <span class='ocrx_word' id='word_1_89' title='bbox 1421 1407 1873 1477; x_wconf 78' lang='lat' dir='ltr'><strong>reprehensionem</strong></span> <span class='ocrx_word' id='word_1_90' title='bbox 1907 1408 2080 1461; x_wconf 82' lang='lat' dir='ltr'><strong>homi-</strong></span> 
     </span>
    </p>
   </div>
   <div class='ocr_carea' id='block_1_16' title="bbox 494 1500 2081 1571">
    <p class='ocr_par' dir='ltr' id='par_1_16' title="bbox 494 1500 2081 1571">
     <span class='ocr_line' id='line_1_16' title="bbox 494 1500 2081 1571; baseline -0.003 -14"><span class='ocrx_word' id='word_1_91' title='bbox 494 1518 623 1557; x_wconf 86' lang='lat' dir='ltr'><strong>num</strong></span> <span class='ocrx_word' id='word_1_92' title='bbox 652 1511 954 1566; x_wconf 83' lang='lat' dir='ltr'><strong>reveretur;</strong></span> <span class='ocrx_word' id='word_1_93' title='bbox 980 1502 1255 1571; x_wconf 86' lang='lat' dir='ltr'><strong>imperitus</strong></span> <span class='ocrx_word' id='word_1_94' title='bbox 1294 1500 1593 1555; x_wconf 82' lang='lat' dir='ltr'><strong>discernere</strong></span> <span class='ocrx_word' id='word_1_95' title='bbox 1625 1500 1901 1561; x_wconf 80' lang='lat' dir='ltr'><strong>veritatem</strong></span> <span class='ocrx_word' id='word_1_96' title='bbox 1926 1517 1959 1553; x_wconf 92' lang='lat' dir='ltr'><strong>a</strong></span> <span class='ocrx_word' id='word_1_97' title='bbox 1989 1516 2081 1554; x_wconf 86' lang='lat' dir='ltr'><strong>va-</strong></span> 
     </span>
    </p>
   </div>
   <div class='ocr_carea' id='block_1_17' title="bbox 496 1591 2079 1664">
    <p class='ocr_par' dir='ltr' id='par_1_17' title="bbox 496 1591 2079 1664">
     <span class='ocr_line' id='line_1_17' title="bbox 496 1591 2079 1664; baseline -0.003 -16"><span class='ocrx_word' id='word_1_98' title='bbox 496 1594 650 1664; x_wconf 82' lang='lat' dir='ltr'><strong>fritie</strong></span> <span class='ocrx_word' id='word_1_99' title='bbox 681 1604 729 1649; x_wconf 88' lang='lat' dir='ltr'><strong>et</strong></span> <span class='ocrx_word' id='word_1_100' title='bbox 761 1593 1082 1657; x_wconf 76' lang='lat' dir='ltr'><strong>calliditate.</strong></span> <span class='ocrx_word' id='word_1_101' title='bbox 1116 1592 1215 1648; x_wconf 85' lang='lat' dir='ltr'><strong>His</strong></span> <span class='ocrx_word' id='word_1_102' title='bbox 1243 1593 1470 1663; x_wconf 83' lang='lat' dir='ltr'><strong>insuper</strong></span> <span class='ocrx_word' id='word_1_103' title='bbox 1499 1591 1653 1646; x_wconf 80' lang='lat' dir='ltr'><strong>addit</strong></span> <span class='ocrx_word' id='word_1_104' title='bbox 1677 1592 2079 1660; x_wconf 84' lang='lat' dir='ltr'><strong>impudentiam,</strong></span> 
     </span>
    </p>
   </div>
   <div class='ocr_carea' id='block_1_18' title="bbox 497 1683 2083 1757">
    <p class='ocr_par' dir='ltr' id='par_1_18' title="bbox 497 1683 2083 1757">
     <span class='ocr_line' id='line_1_18' title="bbox 497 1683 2083 1757; baseline -0.001 -18"><span class='ocrx_word' id='word_1_105' title='bbox 497 1694 556 1746; x_wconf 88' lang='lat' dir='ltr'><strong>et</strong></span> <span class='ocrx_word' id='word_1_106' title='bbox 580 1685 650 1739; x_wconf 89' lang='lat' dir='ltr'><strong>ad</strong></span> <span class='ocrx_word' id='word_1_107' title='bbox 692 1686 990 1753; x_wconf 83' lang='lat' dir='ltr'><strong>calumnias</strong></span> <span class='ocrx_word' id='word_1_108' title='bbox 1034 1684 1534 1757; x_wconf 86' lang='lat' dir='ltr'><strong>promptitudinem.</strong></span> <span class='ocrx_word' id='word_1_109' title='bbox 1594 1683 1769 1739; x_wconf 86' lang='lat' dir='ltr'><strong>Vocat</strong></span> <span class='ocrx_word' id='word_1_110' title='bbox 1822 1693 2083 1755; x_wconf 60' lang='lat' dir='ltr'><strong>praeterea</strong></span> 
     </span>
    </p>
   </div>
   <div class='ocr_carea' id='block_1_19' title="bbox 494 1777 2084 1849">
    <p class='ocr_par' dir='ltr' id='par_1_19' title="bbox 494 1777 2084 1849">
     <span class='ocr_line' id='line_1_19' title="bbox 494 1777 2084 1849; baseline -0.001 -19"><span class='ocrx_word' id='word_1_111' title='bbox 494 1777 791 1843; x_wconf 77' lang='lat' dir='ltr'><strong>socordem,</strong></span> <span class='ocrx_word' id='word_1_112' title='bbox 826 1778 1140 1849; x_wconf 87' lang='lat' dir='ltr'><strong>plenumque</strong></span> <span class='ocrx_word' id='word_1_113' title='bbox 1167 1778 1525 1849; x_wconf 84' lang='lat' dir='ltr'><strong>pugnantibus</strong></span> <span class='ocrx_word' id='word_1_114' title='bbox 1548 1778 1961 1848; x_wconf 84' lang='lat' dir='ltr'><strong>suspicionibus,</strong></span> <span class='ocrx_word' id='word_1_115' title='bbox 1990 1779 2084 1847; x_wconf 89' lang='lat' dir='ltr'><strong>qui</strong></span> 
     </span>
    </p>
   </div>
   <div class='ocr_carea' id='block_1_20' title="bbox 493 1857 2150 1931">
    <p class='ocr_par' dir='ltr' id='par_1_20' title="bbox 493 1857 2150 1931">
     <span class='ocr_line' id='line_1_20' title="bbox 493 1857 2150 1931; baseline -0.002 -8"><span class='ocrx_word' id='word_1_116' title='bbox 493 1882 562 1927; x_wconf 71' lang='lat' dir='ltr'><strong>ea:</strong></span> <span class='ocrx_word' id='word_1_117' title='bbox 620 1868 1105 1931; x_wconf 80' lang='lat' dir='ltr'><strong>inconvenientibus</strong></span> <span class='ocrx_word' id='word_1_118' title='bbox 1164 1871 1461 1929; x_wconf 83' lang='lat' dir='ltr'><strong>orationem</strong></span> <span class='ocrx_word' id='word_1_119' title='bbox 1510 1869 1804 1931; x_wconf 72' lang='lat' dir='ltr'><strong>concinnet,</strong></span> <span class='ocrx_word' id='word_1_120' title='bbox 1855 1877 1906 1922; x_wconf 88' lang='lat' dir='ltr'><strong>et</strong></span> <span class='ocrx_word' id='word_1_121' title='bbox 1955 1883 2075 1920; x_wconf 80' lang='lat' dir='ltr'><strong>cum</strong></span> <span class='ocrx_word' id='word_1_122' title='bbox 2108 1857 2150 1910; x_wconf 88' lang='grc' dir='ltr'><strong>Β</strong></span> 
     </span>
    </p>
   </div>
   <div class='ocr_carea' id='block_1_21' title="bbox 493 1959 2074 2032">
    <p class='ocr_par' dir='ltr' id='par_1_21' title="bbox 493 1959 2074 2032">
     <span class='ocr_line' id='line_1_21' title="bbox 493 1959 2074 2032; baseline 0.001 -21"><span class='ocrx_word' id='word_1_123' title='bbox 493 1960 724 2029; x_wconf 82' lang='lat' dir='ltr'><strong>propriis</strong></span> <span class='ocrx_word' id='word_1_124' title='bbox 774 1961 888 2014; x_wconf 89' lang='lat' dir='ltr'><strong>suis</strong></span> <span class='ocrx_word' id='word_1_125' title='bbox 936 1959 1093 2015; x_wconf 88' lang='lat' dir='ltr'><strong>dictis</strong></span> <span class='ocrx_word' id='word_1_126' title='bbox 1150 1971 1395 2032; x_wconf 89' lang='lat' dir='ltr'><strong>pugnet:</strong></span> <span class='ocrx_word' id='word_1_127' title='bbox 1447 1962 1654 2032; x_wconf 87' lang='lat' dir='ltr'><strong>sibique</strong></span> <span class='ocrx_word' id='word_1_128' title='bbox 1708 1960 2074 2025; x_wconf 85' lang='lat' dir='ltr'><strong>contradicat,</strong></span> 
     </span>
    </p>
   </div>
   <div class='ocr_carea' id='block_1_22' title="bbox 495 2050 2077 2124">
    <p class='ocr_par' dir='ltr' id='par_1_22' title="bbox 495 2050 2077 2124">
     <span class='ocr_line' id='line_1_22' title="bbox 495 2050 2077 2124; baseline 0 -19"><span class='ocrx_word' id='word_1_129' title='bbox 495 2053 686 2124; x_wconf 84' lang='lat' dir='ltr'><strong>quique</strong></span> <span class='ocrx_word' id='word_1_130' title='bbox 735 2052 801 2116; x_wconf 78' lang='lat' dir='ltr'><strong>de</strong></span> <span class='ocrx_word' id='word_1_131' title='bbox 844 2053 960 2120; x_wconf 87' lang='lat' dir='ltr'><strong>ipso</strong></span> <span class='ocrx_word' id='word_1_132' title='bbox 1000 2051 1171 2106; x_wconf 88' lang='lat' dir='ltr'><strong>multa</strong></span> <span class='ocrx_word' id='word_1_133' title='bbox 1209 2052 1359 2106; x_wconf 79' lang='lat' dir='ltr'><strong>mala</strong></span> <span class='ocrx_word' id='word_1_134' title='bbox 1409 2050 1584 2112; x_wconf 83' lang='lat' dir='ltr'><strong>dicere</strong></span> <span class='ocrx_word' id='word_1_135' title='bbox 1613 2062 1865 2117; x_wconf 85' lang='lat' dir='ltr'><strong>conetur;</strong></span> <span class='ocrx_word' id='word_1_136' title='bbox 1894 2062 2077 2122; x_wconf 88' lang='lat' dir='ltr'><strong>postea</strong></span> 
     </span>
    </p>
   </div>
   <div class='ocr_carea' id='block_1_23' title="bbox 495 2144 2078 2215">
    <p class='ocr_par' dir='ltr' id='par_1_23' title="bbox 495 2144 2078 2215">
     <span class='ocr_line' id='line_1_23' title="bbox 495 2144 2078 2215; baseline 0.002 -18"><span class='ocrx_word' id='word_1_137' title='bbox 495 2160 615 2204; x_wconf 69' lang='lat' dir='ltr'><strong>vero</strong></span> <span class='ocrx_word' id='word_1_138' title='bbox 651 2144 992 2213; x_wconf 77' lang='lat' dir='ltr'><strong>acerbitatem</strong></span> <span class='ocrx_word' id='word_1_139' title='bbox 1035 2145 1202 2207; x_wconf 84' lang='lat' dir='ltr'><strong>animi</strong></span> <span class='ocrx_word' id='word_1_140' title='bbox 1255 2146 1485 2202; x_wconf 83' lang='lat' dir='ltr'><strong>novitate</strong></span> <span class='ocrx_word' id='word_1_141' title='bbox 1517 2145 1839 2215; x_wconf 89' lang='lat' dir='ltr'><strong>injuriarum</strong></span> <span class='ocrx_word' id='word_1_142' title='bbox 1873 2146 2078 2214; x_wconf 75' lang='lat' dir='ltr'><strong>explere</strong></span> 
     </span>
    </p>
   </div>
   <div class='ocr_carea' id='block_1_24' title="bbox 497 2235 2077 2309">
    <p class='ocr_par' dir='ltr' id='par_1_24' title="bbox 497 2235 2077 2309">
     <span class='ocr_line' id='line_1_24' title="bbox 497 2235 2077 2309; baseline 0.001 -19"><span class='ocrx_word' id='word_1_143' title='bbox 497 2245 737 2306; x_wconf 85' lang='lat' dir='ltr'><strong>nequeat.</strong></span> <span class='ocrx_word' id='word_1_144' title='bbox 775 2235 843 2295; x_wconf 83' lang='lat' dir='ltr'><strong>Et</strong></span> <span class='ocrx_word' id='word_1_145' title='bbox 865 2252 990 2299; x_wconf 87' lang='lat' dir='ltr'><strong>cum</strong></span> <span class='ocrx_word' id='word_1_146' title='bbox 1020 2237 1157 2291; x_wconf 87' lang='lat' dir='ltr'><strong>nihil</strong></span> <span class='ocrx_word' id='word_1_147' title='bbox 1191 2238 1452 2307; x_wconf 84' lang='lat' dir='ltr'><strong>amplius,</strong></span> <span class='ocrx_word' id='word_1_148' title='bbox 1482 2237 1632 2309; x_wconf 89' lang='lat' dir='ltr'><strong>quod</strong></span> <span class='ocrx_word' id='word_1_149' title='bbox 1667 2237 1900 2303; x_wconf 72' lang='lat' dir='ltr'><strong>effutiat,</strong></span> <span class='ocrx_word' id='word_1_150' title='bbox 1946 2254 2077 2308; x_wconf 90' lang='lat' dir='ltr'><strong>sup-</strong></span> 
     </span>
    </p>
   </div>
   <div class='ocr_carea' id='block_1_25' title="bbox 495 2328 2073 2402">
    <p class='ocr_par' dir='ltr' id='par_1_25' title="bbox 495 2328 2073 2402">
     <span class='ocr_line' id='line_1_25' title="bbox 495 2328 2073 2402; baseline 0.001 -21"><span class='ocrx_word' id='word_1_151' title='bbox 495 2328 653 2401; x_wconf 81' lang='lat' dir='ltr'><strong>petit,</strong></span> <span class='ocrx_word' id='word_1_152' title='bbox 704 2328 772 2382; x_wconf 89' lang='lat' dir='ltr'><strong>ad</strong></span> <span class='ocrx_word' id='word_1_153' title='bbox 825 2330 1014 2391; x_wconf 88' lang='lat' dir='ltr'><strong>eadem</strong></span> <span class='ocrx_word' id='word_1_154' title='bbox 1070 2330 1387 2395; x_wconf 89' lang='lat' dir='ltr'><strong>revertitur,</strong></span> <span class='ocrx_word' id='word_1_155' title='bbox 1428 2338 1482 2384; x_wconf 87' lang='lat' dir='ltr'><strong>et</strong></span> <span class='ocrx_word' id='word_1_156' title='bbox 1533 2330 1600 2385; x_wconf 89' lang='lat' dir='ltr'><strong>ad</strong></span> <span class='ocrx_word' id='word_1_157' title='bbox 1652 2329 1728 2398; x_wconf 92' lang='lat' dir='ltr'><strong>id,</strong></span> <span class='ocrx_word' id='word_1_158' title='bbox 1776 2330 1923 2402; x_wconf 92' lang='lat' dir='ltr'><strong>quod</strong></span> <span class='ocrx_word' id='word_1_159' title='bbox 1960 2330 2073 2400; x_wconf 87' lang='lat' dir='ltr'><strong>jam</strong></span> 
     </span>
    </p>
   </div>
   <div class='ocr_carea' id='block_1_26' title="bbox 497 2418 2075 2492">
    <p class='ocr_par' dir='ltr' id='par_1_26' title="bbox 497 2418 2075 2492">
     <span class='ocr_line' id='line_1_26' title="bbox 497 2418 2075 2492; baseline 0.003 -19"><span class='ocrx_word' id='word_1_160' title='bbox 497 2418 659 2485; x_wconf 70' lang='lat' dir='ltr'><strong>dixit,</strong></span> <span class='ocrx_word' id='word_1_161' title='bbox 685 2421 846 2491; x_wconf 84' lang='lat' dir='ltr'><strong>quasi</strong></span> <span class='ocrx_word' id='word_1_162' title='bbox 871 2421 927 2478; x_wconf 92' lang='lat' dir='ltr'><strong>in</strong></span> <span class='ocrx_word' id='word_1_163' title='bbox 957 2421 1147 2477; x_wconf 90' lang='lat' dir='ltr'><strong>orbem</strong></span> <span class='ocrx_word' id='word_1_164' title='bbox 1171 2422 1546 2479; x_wconf 84' lang='lat' dir='ltr'><strong>circumactus</strong></span> <span class='ocrx_word' id='word_1_165' title='bbox 1578 2421 1743 2487; x_wconf 83' lang='lat' dir='ltr'><strong>redit,</strong></span> <span class='ocrx_word' id='word_1_166' title='bbox 1776 2422 2075 2492; x_wconf 89' lang='lat' dir='ltr'><strong>eademque</strong></span> 
     </span>
    </p>
   </div>
   <div class='ocr_carea' id='block_1_27' title="bbox 496 2513 2073 2585">
    <p class='ocr_par' dir='ltr' id='par_1_27' title="bbox 496 2513 2073 2585">
     <span class='ocr_line' id='line_1_27' title="bbox 496 2513 2073 2585; baseline 0.001 -17"><span class='ocrx_word' id='word_1_167' title='bbox 496 2513 668 2568; x_wconf 82' lang='lat' dir='ltr'><strong>tertio</strong></span> <span class='ocrx_word' id='word_1_168' title='bbox 720 2520 776 2568; x_wconf 88' lang='lat' dir='ltr'><strong>et</strong></span> <span class='ocrx_word' id='word_1_169' title='bbox 829 2523 1027 2583; x_wconf 83' lang='lat' dir='ltr'><strong>quarto</strong></span> <span class='ocrx_word' id='word_1_170' title='bbox 1083 2522 1138 2569; x_wconf 91' lang='lat' dir='ltr'><strong>et</strong></span> <span class='ocrx_word' id='word_1_171' title='bbox 1188 2514 1423 2584; x_wconf 63' lang='lat' dir='ltr'><strong>saepius,</strong></span> <span class='ocrx_word' id='word_1_172' title='bbox 1500 2515 1659 2585; x_wconf 90' lang='lat' dir='ltr'><strong>quasi</strong></span> <span class='ocrx_word' id='word_1_173' title='bbox 1727 2515 2073 2585; x_wconf 88' lang='lat' dir='ltr'><strong>reciprocum</strong></span> 
     </span>
    </p>
   </div>
   <div class='ocr_carea' id='block_1_28' title="bbox 496 2600 2076 2671">
    <p class='ocr_par' dir='ltr' id='par_1_28' title="bbox 496 2600 2076 2671">
     <span class='ocr_line' id='line_1_28' title="bbox 496 2600 2076 2671; baseline 0.003 -14"><span class='ocrx_word' id='word_1_174' title='bbox 496 2600 790 2671; x_wconf 79' lang='lat' dir='ltr'><strong>quemdam</strong></span> <span class='ocrx_word' id='word_1_175' title='bbox 818 2603 1219 2667; x_wconf 79' lang='lat' dir='ltr'><strong>calumniarum</strong></span> <span class='ocrx_word' id='word_1_176' title='bbox 1241 2612 1295 2659; x_wconf 91' lang='lat' dir='ltr'><strong>et</strong></span> <span class='ocrx_word' id='word_1_177' title='bbox 1322 2605 1694 2660; x_wconf 84' lang='lat' dir='ltr'><strong>conviciorum</strong></span> <span class='ocrx_word' id='word_1_178' title='bbox 1727 2620 1949 2661; x_wconf 88' lang='lat' dir='ltr'><strong>cursum</strong></span> <span class='ocrx_word' id='word_1_179' title='bbox 1981 2606 2076 2661; x_wconf 87' lang='lat' dir='ltr'><strong>de-</strong></span> 
     </span>
    </p>
   </div>
   <div class='ocr_carea' id='block_1_29' title="bbox 496 2693 2076 2764">
    <p class='ocr_par' dir='ltr' id='par_1_29' title="bbox 496 2693 2076 2764">
     <span class='ocr_line' id='line_1_29' title="bbox 496 2693 2076 2764; baseline 0.003 -19"><span class='ocrx_word' id='word_1_180' title='bbox 496 2706 756 2757; x_wconf 80' lang='lat' dir='ltr'><strong>currens,</strong></span> <span class='ocrx_word' id='word_1_181' title='bbox 802 2694 1018 2764; x_wconf 84' lang='lat' dir='ltr'><strong>repetit,</strong></span> <span class='ocrx_word' id='word_1_182' title='bbox 1047 2701 1103 2748; x_wconf 92' lang='lat' dir='ltr'><strong>et</strong></span> <span class='ocrx_word' id='word_1_183' title='bbox 1134 2693 1190 2747; x_wconf 92' lang='lat' dir='ltr'><strong>in</strong></span> <span class='ocrx_word' id='word_1_184' title='bbox 1224 2708 1417 2749; x_wconf 90' lang='lat' dir='ltr'><strong>omnes</strong></span> <span class='ocrx_word' id='word_1_185' title='bbox 1447 2703 1631 2764; x_wconf 84' lang='lat' dir='ltr'><strong>partes</strong></span> <span class='ocrx_word' id='word_1_186' title='bbox 1657 2709 1840 2749; x_wconf 90' lang='lat' dir='ltr'><strong>rerum</strong></span> <span class='ocrx_word' id='word_1_187' title='bbox 1878 2696 2076 2750; x_wconf 82' lang='lat' dir='ltr'><strong>simili-</strong></span> 
     </span>
    </p>
   </div>
   <div class='ocr_carea' id='block_1_30' title="bbox 497 2784 2077 2856">
    <p class='ocr_par' dir='ltr' id='par_1_30' title="bbox 497 2784 2077 2856">
     <span class='ocr_line' id='line_1_30' title="bbox 497 2784 2077 2856; baseline 0.003 -19"><span class='ocrx_word' id='word_1_188' title='bbox 497 2784 695 2850; x_wconf 82' lang='lat' dir='ltr'><strong>tudine</strong></span> <span class='ocrx_word' id='word_1_189' title='bbox 731 2800 796 2840; x_wconf 87' lang='lat' dir='ltr'><strong>se</strong></span> <span class='ocrx_word' id='word_1_190' title='bbox 839 2785 1135 2850; x_wconf 84' lang='lat' dir='ltr'><strong>convertit,</strong></span> <span class='ocrx_word' id='word_1_191' title='bbox 1168 2791 1230 2839; x_wconf 90' lang='lat' dir='ltr'><strong>ut</strong></span> <span class='ocrx_word' id='word_1_192' title='bbox 1267 2784 1498 2855; x_wconf 89' lang='lat' dir='ltr'><strong>proinde</strong></span> <span class='ocrx_word' id='word_1_193' title='bbox 1528 2800 1638 2839; x_wconf 92' lang='lat' dir='ltr'><strong>non</strong></span> <span class='ocrx_word' id='word_1_194' title='bbox 1663 2787 1900 2856; x_wconf 89' lang='lat' dir='ltr'><strong>amplius</strong></span> <span class='ocrx_word' id='word_1_195' title='bbox 1934 2787 2077 2841; x_wconf 89' lang='lat' dir='ltr'><strong>indi-</strong></span> 
     </span>
    </p>
   </div>
   <div class='ocr_carea' id='block_1_31' title="bbox 500 2875 2078 2947">
    <p class='ocr_par' dir='ltr' id='par_1_31' title="bbox 500 2875 2078 2947">
     <span class='ocr_line' id='line_1_31' title="bbox 500 2875 2078 2947; baseline 0 -16"><span class='ocrx_word' id='word_1_196' title='bbox 500 2891 733 2947; x_wconf 70' lang='lat' dir='ltr'><strong>gnemur</strong></span> <span class='ocrx_word' id='word_1_197' title='bbox 778 2876 957 2947; x_wconf 88' lang='lat' dir='ltr'><strong>ipsius</strong></span> <span class='ocrx_word' id='word_1_198' title='bbox 1006 2875 1314 2947; x_wconf 89' lang='lat' dir='ltr'><strong>impudenti</strong></span> <span class='ocrx_word' id='word_1_199' title='bbox 1342 2876 1711 2932; x_wconf 85' lang='lat' dir='ltr'><strong>calumniandi</strong></span> <span class='ocrx_word' id='word_1_200' title='bbox 1748 2877 1951 2941; x_wconf 76' lang='lat' dir='ltr'><strong>studio,</strong></span> <span class='ocrx_word' id='word_1_201' title='bbox 1996 2879 2078 2932; x_wconf 88' lang='lat' dir='ltr'><strong>ira</strong></span> 
     </span>
    </p>
   </div>
   <div class='ocr_carea' id='block_1_32' title="bbox 500 2968 2079 3038">
    <p class='ocr_par' dir='ltr' id='par_1_32' title="bbox 500 2968 2079 3038">
     <span class='ocr_line' id='line_1_32' title="bbox 500 2968 2079 3038; baseline 0.001 -16"><span class='ocrx_word' id='word_1_202' title='bbox 500 2968 907 3038; x_wconf 84' lang='lat' dir='ltr'><strong>quodammodo</strong></span> <span class='ocrx_word' id='word_1_203' title='bbox 946 2976 1312 3031; x_wconf 85' lang='lat' dir='ltr'><strong>evanescente</strong></span> <span class='ocrx_word' id='word_1_204' title='bbox 1337 2984 1433 3038; x_wconf 90' lang='lat' dir='ltr'><strong>per</strong></span> <span class='ocrx_word' id='word_1_205' title='bbox 1474 2970 1781 3035; x_wconf 82' lang='lat' dir='ltr'><strong>satietatem</strong></span> <span class='ocrx_word' id='word_1_206' title='bbox 1821 2977 1876 3024; x_wconf 93' lang='lat' dir='ltr'><strong>et</strong></span> <span class='ocrx_word' id='word_1_207' title='bbox 1920 2970 2079 3025; x_wconf 84' lang='lat' dir='ltr'><strong>fasti-</strong></span> 
     </span>
    </p>
   </div>
   <div class='ocr_carea' id='block_1_33' title="bbox 500 3059 2077 3133">
    <p class='ocr_par' dir='ltr' id='par_1_33' title="bbox 500 3059 2077 3133">
     <span class='ocr_line' id='line_1_33' title="bbox 500 3059 2077 3133; baseline -0.001 -14"><span class='ocrx_word' id='word_1_208' title='bbox 500 3061 653 3119; x_wconf 88' lang='lat' dir='ltr'><strong>dium</strong></span> <span class='ocrx_word' id='word_1_209' title='bbox 705 3061 1123 3127; x_wconf 84' lang='lat' dir='ltr'><strong>conviciorum.</strong></span> <span class='ocrx_word' id='word_1_210' title='bbox 1184 3059 1631 3119; x_wconf 80' lang='lat' dir='ltr'><strong>Exsecrationem</strong></span> <span class='ocrx_word' id='word_1_211' title='bbox 1677 3062 1862 3133; x_wconf 78' lang='lat' dir='ltr'><strong>potius</strong></span> <span class='ocrx_word' id='word_1_212' title='bbox 1911 3078 2077 3133; x_wconf 90' lang='lat' dir='ltr'><strong>quam</strong></span> 
     </span>
    </p>
   </div>
   <div class='ocr_carea' id='block_1_34' title="bbox 2172 580 3763 655">
    <p class='ocr_par' dir='ltr' id='par_1_34' title="bbox 2172 580 3763 655">
     <span class='ocr_line' id='line_1_34' title="bbox 2172 580 3763 655; baseline 0.001 -21"><span class='ocrx_word' id='word_1_213' title='bbox 2172 580 2308 652; x_wconf 82' lang='grc' dir='ltr'><em>πρὸς</em></span> <span class='ocrx_word' id='word_1_214' title='bbox 2325 581 2394 635; x_wconf 83' lang='grc' dir='ltr'><em>τὰ</em></span> <span class='ocrx_word' id='word_1_215' title='bbox 2408 581 2467 634; x_wconf 77' lang='grc' dir='ltr'><em>ἐν</em></span> <span class='ocrx_word' id='word_1_216' title='bbox 2490 581 2639 652; x_wconf 86' lang='grc' dir='ltr'><em>αύτῷ</em></span> <span class='ocrx_word' id='word_1_217' title='bbox 2662 581 3083 653; x_wconf 84' lang='grc' dir='ltr'><em>παραδείγματα</em></span> <span class='ocrx_word' id='word_1_218' title='bbox 3114 581 3593 653; x_wconf 86' lang='grc' dir='ltr'><em>συμπεπλασμένα</em></span> <span class='ocrx_word' id='word_1_219' title='bbox 3617 582 3763 655; x_wconf 82' lang='grc' dir='ltr'><em>διερ-</em></span> 
     </span>
    </p>
   </div>
   <div class='ocr_carea' id='block_1_35' title="bbox 2176 669 3762 744">
    <p class='ocr_par' dir='ltr' id='par_1_35' title="bbox 2176 669 3762 744">
     <span class='ocr_line' id='line_1_35' title="bbox 2176 669 3762 744; baseline 0.003 -21"><span class='ocrx_word' id='word_1_220' title='bbox 2176 669 2487 742; x_wconf 81' lang='grc' dir='ltr'><em>ραψῴδησε·</em></span> <span class='ocrx_word' id='word_1_221' title='bbox 2525 676 2623 728; x_wconf 72' lang='grc' dir='ltr'><em>καὶ</em></span> <span class='ocrx_word' id='word_1_222' title='bbox 2645 672 2746 725; x_wconf 83' lang='grc' dir='ltr'><em>οὐκ</em></span> <span class='ocrx_word' id='word_1_223' title='bbox 2798 671 2946 725; x_wconf 80' lang='grc' dir='ltr'><em>ἔστιν</em></span> <span class='ocrx_word' id='word_1_224' title='bbox 2972 674 3067 727; x_wconf 86' lang='grc' dir='ltr'><em>ὅτι</em></span> <span class='ocrx_word' id='word_1_225' title='bbox 3095 673 3194 725; x_wconf 82' lang='grc' dir='ltr'><em>οὐκ</em></span> <span class='ocrx_word' id='word_1_226' title='bbox 3232 674 3607 744; x_wconf 72' lang='grc' dir='ltr'><strong>ἐγγέγραπται</strong></span> <span class='ocrx_word' id='word_1_227' title='bbox 3653 675 3762 729; x_wconf 86' lang='grc' dir='ltr'><strong>τῶν</strong></span> 
     </span>
    </p>
   </div>
   <div class='ocr_carea' id='block_1_36' title="bbox 2173 762 3759 835">
    <p class='ocr_par' dir='ltr' id='par_1_36' title="bbox 2173 762 3759 835">
     <span class='ocr_line' id='line_1_36' title="bbox 2173 762 3759 835; baseline 0.004 -20"><span class='ocrx_word' id='word_1_228' title='bbox 2173 762 2410 816; x_wconf 80' lang='grc' dir='ltr'><em>ἀτόπων.</em></span> <span class='ocrx_word' id='word_1_229' title='bbox 2429 765 2651 830; x_wconf 86' lang='grc' dir='ltr'><em>Δεινός,</em></span> <span class='ocrx_word' id='word_1_230' title='bbox 2670 763 2856 834; x_wconf 81' lang='grc' dir='ltr'><em>φησὶν,</em></span> <span class='ocrx_word' id='word_1_231' title='bbox 2879 763 3200 831; x_wconf 84' lang='grc' dir='ltr'><em>ἐριστικός,</em></span> <span class='ocrx_word' id='word_1_232' title='bbox 3227 765 3512 832; x_wconf 76' lang='grc' dir='ltr'><strong>ἀληθείας</strong></span> <span class='ocrx_word' id='word_1_233' title='bbox 3527 766 3759 835; x_wconf 84' lang='grc' dir='ltr'><em>ἐχθρός,</em></span> 
     </span>
    </p>
   </div>
   <div class='ocr_carea' id='block_1_37' title="bbox 2174 853 3763 923">
    <p class='ocr_par' dir='ltr' id='par_1_37' title="bbox 2174 853 3763 923">
     <span class='ocr_line' id='line_1_37' title="bbox 2174 853 3763 923; baseline 0.003 -16"><span class='ocrx_word' id='word_1_234' title='bbox 2174 853 2497 923; x_wconf 71' lang='grc' dir='ltr'><em>σοφιστὴς,</em></span> <span class='ocrx_word' id='word_1_235' title='bbox 2528 853 2824 919; x_wconf 78' lang='grc' dir='ltr'><strong>ἀπατεὼν,</strong></span> <span class='ocrx_word' id='word_1_236' title='bbox 2851 854 2982 920; x_wconf 87' lang='grc' dir='ltr'><em>ταῖς</em></span> <span class='ocrx_word' id='word_1_237' title='bbox 3006 853 3125 909; x_wconf 89' lang='grc' dir='ltr'><strong>τῶν</strong></span> <span class='ocrx_word' id='word_1_238' title='bbox 3150 855 3397 910; x_wconf 77' lang='grc' dir='ltr'><em>πολλῶν</em></span> <span class='ocrx_word' id='word_1_239' title='bbox 3415 856 3623 923; x_wconf 82' lang='grc' dir='ltr'><strong>δόξαις</strong></span> <span class='ocrx_word' id='word_1_240' title='bbox 3661 859 3763 911; x_wconf 81' lang='grc' dir='ltr'><em>καὶ</em></span> 
     </span>
    </p>
   </div>
   <div class='ocr_carea' id='block_1_38' title="bbox 2170 947 3764 1018">
    <p class='ocr_par' dir='ltr' id='par_1_38' title="bbox 2170 947 3764 1018">
     <span class='ocr_line' id='line_1_38' title="bbox 2170 947 3764 1018; baseline 0.003 -18"><span class='ocrx_word' id='word_1_241' title='bbox 2170 947 2436 1018; x_wconf 81' lang='grc' dir='ltr'><strong>μνήμαις</strong></span> <span class='ocrx_word' id='word_1_242' title='bbox 2475 948 2986 1017; x_wconf 79' lang='grc' dir='ltr'><strong>ἀντιταττόμενος,</strong></span> <span class='ocrx_word' id='word_1_243' title='bbox 3021 948 3129 1002; x_wconf 85' lang='grc' dir='ltr'><em>τὸν</em></span> <span class='ocrx_word' id='word_1_244' title='bbox 3155 949 3224 1002; x_wconf 82' lang='grc' dir='ltr'><em>ἐκ</em></span> <span class='ocrx_word' id='word_1_245' title='bbox 3253 949 3370 1003; x_wconf 90' lang='grc' dir='ltr'><strong>τῶν</strong></span> <span class='ocrx_word' id='word_1_246' title='bbox 3407 950 3764 1018; x_wconf 75' lang='grc' dir='ltr'><strong>πραγμάτων</strong></span> 
     </span>
    </p>
   </div>
   <div class='ocr_carea' id='block_1_39' title="bbox 2127 1040 3765 1110">
    <p class='ocr_par' dir='ltr' id='par_1_39' title="bbox 2127 1040 3765 1110">
     <span class='ocr_line' id='line_1_39' title="bbox 2127 1040 3765 1110; baseline 0.001 -17"><span class='ocrx_word' id='word_1_247' title='bbox 2127 1082 2133 1093; x_wconf 94' lang='grc'><em>.</em></span> <span class='ocrx_word' id='word_1_248' title='bbox 2176 1042 2289 1095; x_wconf 84' lang='grc' dir='ltr'><em>οὐκ</em></span> <span class='ocrx_word' id='word_1_249' title='bbox 2321 1041 2760 1109; x_wconf 72' lang='grc' dir='ltr'><em>αἰσχυνόμενος</em></span> <span class='ocrx_word' id='word_1_250' title='bbox 2786 1040 3058 1110; x_wconf 79' lang='grc' dir='ltr'><em>ἔλεγχον,</em></span> <span class='ocrx_word' id='word_1_251' title='bbox 3102 1042 3174 1094; x_wconf 88' lang='grc' dir='ltr'><em>οὐ</em></span> <span class='ocrx_word' id='word_1_252' title='bbox 3207 1042 3395 1109; x_wconf 72' lang='grc' dir='ltr'><em>φόϐον</em></span> <span class='ocrx_word' id='word_1_253' title='bbox 3422 1041 3529 1093; x_wconf 83' lang='grc' dir='ltr'><strong>τόν</strong></span> <span class='ocrx_word' id='word_1_254' title='bbox 3548 1041 3615 1094; x_wconf 78' lang='grc' dir='ltr'><em>ὲκ</em></span> <span class='ocrx_word' id='word_1_255' title='bbox 3645 1040 3765 1094; x_wconf 90' lang='grc' dir='ltr'><strong>τῶν</strong></span> 
     </span>
    </p>
   </div>
   <div class='ocr_carea' id='block_1_40' title="bbox 2177 1131 3761 1203">
    <p class='ocr_par' dir='ltr' id='par_1_40' title="bbox 2177 1131 3761 1203">
     <span class='ocr_line' id='line_1_40' title="bbox 2177 1131 3761 1203; baseline -0.001 -16"><span class='ocrx_word' id='word_1_256' title='bbox 2177 1134 2396 1202; x_wconf 88' lang='grc' dir='ltr'><em>νόμων,</em></span> <span class='ocrx_word' id='word_1_257' title='bbox 2430 1135 2501 1187; x_wconf 85' lang='grc' dir='ltr'><em>οὐ</em></span> <span class='ocrx_word' id='word_1_258' title='bbox 2524 1134 2718 1203; x_wconf 58' lang='grc' dir='ltr'><em>ψόγον</em></span> <span class='ocrx_word' id='word_1_259' title='bbox 2740 1132 2846 1186; x_wconf 86' lang='grc' dir='ltr'><strong>τόν</strong></span> <span class='ocrx_word' id='word_1_260' title='bbox 2871 1132 2938 1197; x_wconf 80' lang='grc' dir='ltr'><strong>ἐξ</strong></span> <span class='ocrx_word' id='word_1_261' title='bbox 2965 1131 3761 1202; x_wconf 72' lang='grc' dir='ltr'><em>ἁνθμῦπωνεύλαϐούμενος,</em></span> 
     </span>
    </p>
   </div>
   <div class='ocr_carea' id='block_1_41' title="bbox 2178 1223 3757 1294">
    <p class='ocr_par' dir='ltr' id='par_1_41' title="bbox 2178 1223 3757 1294">
     <span class='ocr_line' id='line_1_41' title="bbox 2178 1223 3757 1294; baseline -0.001 -14"><span class='ocrx_word' id='word_1_262' title='bbox 2178 1224 2465 1292; x_wconf 73' lang='grc' dir='ltr'><em>ἀλήθειαν</em></span> <span class='ocrx_word' id='word_1_263' title='bbox 2486 1224 2829 1293; x_wconf 85' lang='grc' dir='ltr'><em>δεινότητος</em></span> <span class='ocrx_word' id='word_1_264' title='bbox 2851 1223 3176 1294; x_wconf 74' lang='grc' dir='ltr'><strong>διακρίνειν</strong></span> <span class='ocrx_word' id='word_1_265' title='bbox 3205 1227 3317 1279; x_wconf 80' lang='grc' dir='ltr'><em>οὐκ</em></span> <span class='ocrx_word' id='word_1_266' title='bbox 3344 1225 3757 1294; x_wconf 54' lang='grc' dir='ltr'><em>ἐπιστάμενος,</em></span> 
     </span>
    </p>
   </div>
   <div class='ocr_carea' id='block_1_42' title="bbox 2182 1315 3763 1389">
    <p class='ocr_par' dir='ltr' id='par_1_42' title="bbox 2182 1315 3763 1389">
     <span class='ocr_line' id='line_1_42' title="bbox 2182 1315 3763 1389; baseline 0.001 -19"><span class='ocrx_word' id='word_1_267' title='bbox 2182 1317 2514 1389; x_wconf 77' lang='grc' dir='ltr'><em>Προστίθησι</em></span> <span class='ocrx_word' id='word_1_268' title='bbox 2570 1316 2781 1381; x_wconf 85' lang='grc' dir='ltr'><em>τούτοις</em></span> <span class='ocrx_word' id='word_1_269' title='bbox 2849 1316 2945 1369; x_wconf 74' lang='grc' dir='ltr'><em>καὶ</em></span> <span class='ocrx_word' id='word_1_270' title='bbox 3004 1315 3332 1380; x_wconf 78' lang='grc' dir='ltr'><em>ἀναίδειαν,</em></span> <span class='ocrx_word' id='word_1_271' title='bbox 3382 1315 3663 1383; x_wconf 76' lang='grc' dir='ltr'><em>καὶπρὸς</em></span> <span class='ocrx_word' id='word_1_272' title='bbox 3695 1316 3763 1371; x_wconf 88' lang='grc' dir='ltr'><em>τὸ</em></span> 
     </span>
    </p>
   </div>
   <div class='ocr_carea' id='block_1_43' title="bbox 2180 1403 3764 1478">
    <p class='ocr_par' dir='ltr' id='par_1_43' title="bbox 2180 1403 3764 1478">
     <span class='ocr_line' id='line_1_43' title="bbox 2180 1403 3764 1478; baseline -0.004 -15"><span class='ocrx_word' id='word_1_273' title='bbox 2180 1408 2476 1475; x_wconf 73' lang='grc' dir='ltr'><em>λοιδορεῖν</em></span> <span class='ocrx_word' id='word_1_274' title='bbox 2494 1408 2841 1478; x_wconf 83' lang='grc' dir='ltr'><em>ἑτοιμότητα</em></span> <span class='ocrx_word' id='word_1_275' title='bbox 2860 1426 2873 1438; x_wconf 91' lang='grc'><strong>·</strong></span> <span class='ocrx_word' id='word_1_276' title='bbox 2904 1403 3024 1461; x_wconf 75' lang='grc' dir='ltr'><em>εἶτα</em></span> <span class='ocrx_word' id='word_1_277' title='bbox 3082 1405 3308 1476; x_wconf 78' lang='grc' dir='ltr'><em>ἐκμελῆ</em></span> <span class='ocrx_word' id='word_1_278' title='bbox 3355 1422 3508 1477; x_wconf 86' lang='grc' dir='ltr'><em>φησι,</em></span> <span class='ocrx_word' id='word_1_279' title='bbox 3535 1405 3629 1459; x_wconf 77' lang='grc' dir='ltr'><strong>καί</strong></span> <span class='ocrx_word' id='word_1_280' title='bbox 3649 1421 3764 1474; x_wconf 78' lang='grc' dir='ltr'><em>μα-</em></span> 
     </span>
    </p>
   </div>
   <div class='ocr_carea' id='block_1_44' title="bbox 2182 1496 3765 1571">
    <p class='ocr_par' dir='ltr' id='par_1_44' title="bbox 2182 1496 3765 1571">
     <span class='ocr_line' id='line_1_44' title="bbox 2182 1496 3765 1571; baseline -0.003 -17"><span class='ocrx_word' id='word_1_281' title='bbox 2182 1501 2453 1571; x_wconf 80' lang='grc' dir='ltr'><em>χομένων</em></span> <span class='ocrx_word' id='word_1_282' title='bbox 2490 1500 2791 1556; x_wconf 86' lang='grc' dir='ltr'><em>ὑπονοιῶν</em></span> <span class='ocrx_word' id='word_1_283' title='bbox 2846 1499 3068 1568; x_wconf 76' lang='grc' dir='ltr'><em>πλήρη,</em></span> <span class='ocrx_word' id='word_1_284' title='bbox 3118 1498 3216 1552; x_wconf 83' lang='grc' dir='ltr'><strong>καί</strong></span> <span class='ocrx_word' id='word_1_285' title='bbox 3244 1498 3637 1566; x_wconf 81' lang='grc' dir='ltr'><em>ἀναρμόστων</em></span> <span class='ocrx_word' id='word_1_286' title='bbox 3658 1496 3765 1550; x_wconf 87' lang='grc' dir='ltr'><em>τὸν</em></span> 
     </span>
    </p>
   </div>
   <div class='ocr_carea' id='block_1_45' title="bbox 2181 1588 3761 1665">
    <p class='ocr_par' dir='ltr' id='par_1_45' title="bbox 2181 1588 3761 1665">
     <span class='ocr_line' id='line_1_45' title="bbox 2181 1588 3761 1665; baseline -0.005 -16"><span class='ocrx_word' id='word_1_287' title='bbox 2181 1595 2369 1665; x_wconf 75' lang='grc' dir='ltr'><em>λόγον</em></span> <span class='ocrx_word' id='word_1_288' title='bbox 2420 1590 2766 1663; x_wconf 78' lang='grc' dir='ltr'><em>ἁρμόζοντα,</em></span> <span class='ocrx_word' id='word_1_289' title='bbox 2807 1593 2905 1647; x_wconf 77' lang='grc' dir='ltr'><strong>καί</strong></span> <span class='ocrx_word' id='word_1_290' title='bbox 2938 1591 3069 1657; x_wconf 84' lang='grc' dir='ltr'><em>ταῖς</em></span> <span class='ocrx_word' id='word_1_291' title='bbox 3102 1591 3276 1656; x_wconf 76' lang='grc' dir='ltr'><em>ἰδίαις</em></span> <span class='ocrx_word' id='word_1_292' title='bbox 3320 1588 3546 1658; x_wconf 78' lang='grc' dir='ltr'><em>φωναῖς</em></span> <span class='ocrx_word' id='word_1_293' title='bbox 3575 1589 3761 1658; x_wconf 80' lang='grc' dir='ltr'><em>μαχό-</em></span> 
     </span>
    </p>
   </div>
   <div class='ocr_carea' id='block_1_46' title="bbox 2177 1677 3766 1757">
    <p class='ocr_par' dir='ltr' id='par_1_46' title="bbox 2177 1677 3766 1757">
     <span class='ocr_line' id='line_1_46' title="bbox 2177 1677 3766 1757; baseline -0.006 -15"><span class='ocrx_word' id='word_1_294' title='bbox 2177 1704 2386 1757; x_wconf 83' lang='grc' dir='ltr'><em>μενον,</em></span> <span class='ocrx_word' id='word_1_295' title='bbox 2426 1686 2524 1740; x_wconf 76' lang='grc' dir='ltr'><em>καὶ</em></span> <span class='ocrx_word' id='word_1_296' title='bbox 2566 1687 2639 1741; x_wconf 87' lang='grc' dir='ltr'><em>τὰ</em></span> <span class='ocrx_word' id='word_1_297' title='bbox 2680 1686 2925 1740; x_wconf 78' lang='grc' dir='ltr'><em>ἐναντία</em></span> <span class='ocrx_word' id='word_1_298' title='bbox 2964 1684 3369 1755; x_wconf 70' lang='grc' dir='ltr'><em>φθεγγόμενον</em></span> <span class='ocrx_word' id='word_1_299' title='bbox 3392 1699 3405 1712; x_wconf 73' lang='grc'><strong>⁸</strong></span> <span class='ocrx_word' id='word_1_300' title='bbox 3440 1677 3766 1735; x_wconf 77' lang='grc' dir='ltr'><em>καὶπολλὰ</em></span> 
     </span>
    </p>
   </div>
   <div class='ocr_carea' id='block_1_47' title="bbox 2184 1771 3767 1848">
    <p class='ocr_par' dir='ltr' id='par_1_47' title="bbox 2184 1771 3767 1848">
     <span class='ocr_line' id='line_1_47' title="bbox 2184 1771 3767 1848; baseline -0.006 -15"><span class='ocrx_word' id='word_1_301' title='bbox 2184 1779 2374 1834; x_wconf 85' lang='grc' dir='ltr'><em>είπεῖν</em></span> <span class='ocrx_word' id='word_1_302' title='bbox 2397 1779 2530 1848; x_wconf 80' lang='grc' dir='ltr'><em>περὶ</em></span> <span class='ocrx_word' id='word_1_303' title='bbox 2562 1777 2750 1832; x_wconf 84' lang='grc' dir='ltr'><em>αὑτοῦ</em></span> <span class='ocrx_word' id='word_1_304' title='bbox 2778 1777 2934 1831; x_wconf 85' lang='grc' dir='ltr'><em>κακὰ</em></span> <span class='ocrx_word' id='word_1_305' title='bbox 2969 1775 3178 1841; x_wconf 80' lang='grc' dir='ltr'><strong>θέλων,</strong></span> <span class='ocrx_word' id='word_1_306' title='bbox 3224 1771 3352 1829; x_wconf 81' lang='grc' dir='ltr'><em>εἶτα</em></span> <span class='ocrx_word' id='word_1_307' title='bbox 3377 1772 3493 1841; x_wconf 84' lang='grc' dir='ltr'><em>τὴν</em></span> <span class='ocrx_word' id='word_1_308' title='bbox 3524 1773 3767 1841; x_wconf 78' lang='grc' dir='ltr'><em>πικρίαν</em></span> 
     </span>
    </p>
   </div>
   <div class='ocr_carea' id='block_1_48' title="bbox 2178 1864 3767 1940">
    <p class='ocr_par' dir='ltr' id='par_1_48' title="bbox 2178 1864 3767 1940">
     <span class='ocr_line' id='line_1_48' title="bbox 2178 1864 3767 1940; baseline -0.004 -16"><span class='ocrx_word' id='word_1_309' title='bbox 2178 1870 2290 1940; x_wconf 85' lang='grc' dir='ltr'><em>τῆς</em></span> <span class='ocrx_word' id='word_1_310' title='bbox 2310 1870 2520 1940; x_wconf 72' lang='grc' dir='ltr'><em>ψυχῆς</em></span> <span class='ocrx_word' id='word_1_311' title='bbox 2545 1869 2854 1939; x_wconf 78' lang='grc' dir='ltr'><em>ἐμπλῆσαι</em></span> <span class='ocrx_word' id='word_1_312' title='bbox 2875 1868 2945 1923; x_wconf 84' lang='grc' dir='ltr'><em>ἐν</em></span> <span class='ocrx_word' id='word_1_313' title='bbox 2964 1866 3036 1936; x_wconf 78' lang='grc' dir='ltr'><em>τῇ</em></span> <span class='ocrx_word' id='word_1_314' title='bbox 3064 1867 3371 1933; x_wconf 81' lang='grc' dir='ltr'><em>καινότητι</em></span> <span class='ocrx_word' id='word_1_315' title='bbox 3396 1864 3516 1919; x_wconf 88' lang='grc' dir='ltr'><strong>τῶν</strong></span> <span class='ocrx_word' id='word_1_316' title='bbox 3540 1865 3767 1932; x_wconf 82' lang='grc' dir='ltr'><em>ὕϐρεων</em></span> 
     </span>
    </p>
   </div>
   <div class='ocr_carea' id='block_1_49' title="bbox 2179 1956 3766 2032">
    <p class='ocr_par' dir='ltr' id='par_1_49' title="bbox 2179 1956 3766 2032">
     <span class='ocr_line' id='line_1_49' title="bbox 2179 1956 3766 2032; baseline -0.004 -17"><span class='ocrx_word' id='word_1_317' title='bbox 2179 1964 2251 2017; x_wconf 87' lang='grc' dir='ltr'><em>οὐ</em></span> <span class='ocrx_word' id='word_1_318' title='bbox 2277 1961 2641 2031; x_wconf 72' lang='grc' dir='ltr'><em>δυναμενος’</em></span> <span class='ocrx_word' id='word_1_319' title='bbox 2673 1960 2860 2032; x_wconf 79' lang='grc' dir='ltr'><em>ἐπειδὴ</em></span> <span class='ocrx_word' id='word_1_320' title='bbox 2898 1961 2998 2014; x_wconf 81' lang='grc' dir='ltr'><em>οὐκ</em></span> <span class='ocrx_word' id='word_1_321' title='bbox 3027 1958 3141 2030; x_wconf 72' lang='grc' dir='ltr'><em>ἔχει</em></span> <span class='ocrx_word' id='word_1_322' title='bbox 3170 1959 3200 2012; x_wconf 81' lang='grc' dir='ltr'><strong><em>ὃ</em></strong></span> <span class='ocrx_word' id='word_1_323' title='bbox 3220 1970 3275 2006; x_wconf 84' lang='grc' dir='ltr'><strong>τι</strong></span> <span class='ocrx_word' id='word_1_324' title='bbox 3302 1959 3397 2011; x_wconf 72' lang='grc' dir='ltr'><em>καὶ</em></span> <span class='ocrx_word' id='word_1_325' title='bbox 3437 1959 3603 2021; x_wconf 86' lang='grc' dir='ltr'><em>εἴποι,</em></span> <span class='ocrx_word' id='word_1_326' title='bbox 3639 1956 3766 2010; x_wconf 88' lang='grc' dir='ltr'><em>πολ-</em></span> 
     </span>
    </p>
   </div>
   <div class='ocr_carea' id='block_1_50' title="bbox 2177 2046 3761 2122">
    <p class='ocr_par' dir='ltr' id='par_1_50' title="bbox 2177 2046 3761 2122">
     <span class='ocr_line' id='line_1_50' title="bbox 2177 2046 3761 2122; baseline -0.005 -14"><span class='ocrx_word' id='word_1_327' title='bbox 2177 2055 2335 2118; x_wconf 85' lang='grc' dir='ltr'><em>λάκις</em></span> <span class='ocrx_word' id='word_1_328' title='bbox 2391 2054 2483 2108; x_wconf 73' lang='grc' dir='ltr'><strong>ἐπὶ</strong></span> <span class='ocrx_word' id='word_1_329' title='bbox 2517 2053 2585 2110; x_wconf 86' lang='grc' dir='ltr'><em>τὰ</em></span> <span class='ocrx_word' id='word_1_330' title='bbox 2638 2053 2779 2108; x_wconf 82' lang='grc' dir='ltr'><em>αὐτὰ</em></span> <span class='ocrx_word' id='word_1_331' title='bbox 2805 2053 3166 2122; x_wconf 77' lang='grc' dir='ltr'><em>ἐπανέρχεται</em></span> <span class='ocrx_word' id='word_1_332' title='bbox 3189 2069 3203 2081; x_wconf 92' lang='grc'><strong>·</strong></span> <span class='ocrx_word' id='word_1_333' title='bbox 3247 2050 3345 2104; x_wconf 96' lang='lat' dir='ltr'><strong>xui</strong></span> <span class='ocrx_word' id='word_1_334' title='bbox 3375 2049 3521 2116; x_wconf 78' lang='grc' dir='ltr'><em>ἅπαξ</em></span> <span class='ocrx_word' id='word_1_335' title='bbox 3560 2046 3761 2109; x_wconf 77' lang='grc' dir='ltr'><em>εἰπὼν,</em></span> 
     </span>
    </p>
   </div>
   <div class='ocr_carea' id='block_1_51' title="bbox 2179 2140 3765 2215">
    <p class='ocr_par' dir='ltr' id='par_1_51' title="bbox 2179 2140 3765 2215">
     <span class='ocr_line' id='line_1_51' title="bbox 2179 2140 3765 2215; baseline -0.008 -10"><span class='ocrx_word' id='word_1_336' title='bbox 2179 2147 2545 2205; x_wconf 78' lang='grc' dir='ltr'><em>ὲπσνακυκλοῖ</em></span> <span class='ocrx_word' id='word_1_337' title='bbox 2573 2147 2735 2201; x_wconf 82' lang='grc' dir='ltr'><em>πάλιν</em></span> <span class='ocrx_word' id='word_1_338' title='bbox 2756 2146 2849 2200; x_wconf 84' lang='lat' dir='ltr'><strong>xui</strong></span> <span class='ocrx_word' id='word_1_339' title='bbox 2874 2149 2938 2199; x_wconf 81' lang='grc' dir='ltr'><em>ὲκ</em></span> <span class='ocrx_word' id='word_1_340' title='bbox 2962 2145 3144 2215; x_wconf 83' lang='grc' dir='ltr'><em>τρίτου</em></span> <span class='ocrx_word' id='word_1_341' title='bbox 3174 2143 3242 2197; x_wconf 87' lang='grc' dir='ltr'><em>τὰ</em></span> <span class='ocrx_word' id='word_1_342' title='bbox 3269 2140 3433 2204; x_wconf 79' lang='grc' dir='ltr'><em>αὐτὰ,</em></span> <span class='ocrx_word' id='word_1_343' title='bbox 3461 2142 3554 2195; x_wconf 82' lang='lat' dir='ltr'><strong>xui</strong></span> <span class='ocrx_word' id='word_1_344' title='bbox 3579 2143 3645 2195; x_wconf 82' lang='grc' dir='ltr'><em>ὲκ</em></span> <span class='ocrx_word' id='word_1_345' title='bbox 3674 2159 3765 2195; x_wconf 86' lang='grc' dir='ltr'><em>τε-</em></span> 
     </span>
    </p>
   </div>
   <div class='ocr_carea' id='block_1_52' title="bbox 2179 2236 3767 2311">
    <p class='ocr_par' dir='ltr' id='par_1_52' title="bbox 2179 2236 3767 2311">
     <span class='ocr_line' id='line_1_52' title="bbox 2179 2236 3767 2311; baseline -0.004 -16"><span class='ocrx_word' id='word_1_346' title='bbox 2179 2242 2378 2311; x_wconf 85' lang='grc' dir='ltr'><em>τάρτου</em></span> <span class='ocrx_word' id='word_1_347' title='bbox 2394 2256 2411 2273; x_wconf 75' lang='grc' dir='ltr'><strong><em>ο</em></strong></span> <span class='ocrx_word' id='word_1_348' title='bbox 2440 2240 2535 2294; x_wconf 85' lang='lat' dir='ltr'><strong>xui</strong></span> <span class='ocrx_word' id='word_1_349' title='bbox 2554 2240 2691 2310; x_wconf 79' lang='grc' dir='ltr'><em>ὑπὲρ</em></span> <span class='ocrx_word' id='word_1_350' title='bbox 2721 2239 2897 2303; x_wconf 82' lang='grc' dir='ltr'><em>τοῦτο,</em></span> <span class='ocrx_word' id='word_1_351' title='bbox 2920 2238 3109 2307; x_wconf 84' lang='grc' dir='ltr'><em>ὥσπερ</em></span> <span class='ocrx_word' id='word_1_352' title='bbox 3133 2238 3258 2292; x_wconf 82' lang='grc' dir='ltr'><em>τινὰ</em></span> <span class='ocrx_word' id='word_1_353' title='bbox 3279 2237 3495 2291; x_wconf 81' lang='grc' dir='ltr'><em>δίαυλον</em></span> <span class='ocrx_word' id='word_1_354' title='bbox 3514 2236 3767 2307; x_wconf 82' lang='grc' dir='ltr'><em>ἀνακάμ-</em></span> 
     </span>
    </p>
   </div>
   <div class='ocr_carea' id='block_1_53' title="bbox 2182 2327 3764 2400">
    <p class='ocr_par' dir='ltr' id='par_1_53' title="bbox 2182 2327 3764 2400">
     <span class='ocr_line' id='line_1_53' title="bbox 2182 2327 3764 2400; baseline -0.001 -18"><span class='ocrx_word' id='word_1_355' title='bbox 2182 2346 2335 2383; x_wconf 86' lang='grc' dir='ltr'><em>πτων</em></span> <span class='ocrx_word' id='word_1_356' title='bbox 2357 2328 2435 2400; x_wconf 81' lang='grc' dir='ltr'><em>τῷ</em></span> <span class='ocrx_word' id='word_1_357' title='bbox 2472 2329 2636 2399; x_wconf 84' lang='grc' dir='ltr'><em>λόγῳ,</em></span> <span class='ocrx_word' id='word_1_358' title='bbox 2671 2329 2759 2382; x_wconf 77' lang='grc' dir='ltr'><em>διὰ</em></span> <span class='ocrx_word' id='word_1_359' title='bbox 2788 2330 2896 2383; x_wconf 85' lang='grc' dir='ltr'><strong>τῶν</strong></span> <span class='ocrx_word' id='word_1_360' title='bbox 2917 2328 3095 2382; x_wconf 82' lang='grc' dir='ltr'><em>αὐτῶν</em></span> <span class='ocrx_word' id='word_1_361' title='bbox 3129 2327 3361 2399; x_wconf 77' lang='grc' dir='ltr'><em>ὕϐρεων,</em></span> <span class='ocrx_word' id='word_1_362' title='bbox 3391 2329 3485 2382; x_wconf 85' lang='lat' dir='ltr'><strong>xui</strong></span> <span class='ocrx_word' id='word_1_363' title='bbox 3516 2331 3616 2399; x_wconf 81' lang='grc' dir='ltr'><em>τῆς</em></span> <span class='ocrx_word' id='word_1_364' title='bbox 3653 2328 3764 2380; x_wconf 83' lang='grc' dir='ltr'><em>λοι-</em></span> 
     </span>
    </p>
   </div>
   <div class='ocr_carea' id='block_1_54' title="bbox 2181 2420 3768 2493">
    <p class='ocr_par' dir='ltr' id='par_1_54' title="bbox 2181 2420 3768 2493">
     <span class='ocr_line' id='line_1_54' title="bbox 2181 2420 3768 2493; baseline 0 -19"><span class='ocrx_word' id='word_1_365' title='bbox 2181 2421 2367 2493; x_wconf 88' lang='grc' dir='ltr'><em>δορίας</em></span> <span class='ocrx_word' id='word_1_366' title='bbox 2421 2422 2773 2493; x_wconf 81' lang='grc' dir='ltr'><em>ληρημάτων,</em></span> <span class='ocrx_word' id='word_1_367' title='bbox 2832 2424 2944 2476; x_wconf 85' lang='grc' dir='ltr'><em>ἄνω</em></span> <span class='ocrx_word' id='word_1_368' title='bbox 2992 2422 3088 2476; x_wconf 79' lang='grc' dir='ltr'><em>καὶ</em></span> <span class='ocrx_word' id='word_1_369' title='bbox 3126 2420 3278 2474; x_wconf 85' lang='grc' dir='ltr'><em>κάτω</em></span> <span class='ocrx_word' id='word_1_370' title='bbox 3318 2421 3407 2475; x_wconf 82' lang='grc' dir='ltr'><em>διὰ</em></span> <span class='ocrx_word' id='word_1_371' title='bbox 3433 2421 3542 2475; x_wconf 85' lang='grc' dir='ltr'><strong>τῶν</strong></span> <span class='ocrx_word' id='word_1_372' title='bbox 3566 2422 3768 2492; x_wconf 83' lang='grc' dir='ltr'><em>ὁμοίων</em></span> 
     </span>
    </p>
   </div>
   <div class='ocr_carea' id='block_1_55' title="bbox 2181 2513 3766 2585">
    <p class='ocr_par' dir='ltr' id='par_1_55' title="bbox 2181 2513 3766 2585">
     <span class='ocr_line' id='line_1_55' title="bbox 2181 2513 3766 2585; baseline 0 -19"><span class='ocrx_word' id='word_1_373' title='bbox 2181 2513 2505 2585; x_wconf 84' lang='grc' dir='ltr'><em>περιχωρῶν</em></span> <span class='ocrx_word' id='word_1_374' title='bbox 2522 2530 2536 2543; x_wconf 85' lang='grc'><strong>·</strong></span> <span class='ocrx_word' id='word_1_375' title='bbox 2560 2513 2700 2567; x_wconf 84' lang='grc' dir='ltr'><em>ὥστε</em></span> <span class='ocrx_word' id='word_1_376' title='bbox 2727 2514 2922 2585; x_wconf 82' lang='grc' dir='ltr'><em>μηκέτι</em></span> <span class='ocrx_word' id='word_1_377' title='bbox 2943 2513 3288 2585; x_wconf 77' lang='grc' dir='ltr'><em>χαλεπαίνειν</em></span> <span class='ocrx_word' id='word_1_378' title='bbox 3310 2513 3475 2567; x_wconf 75' lang='grc' dir='ltr'><em>αὐτοῦ</em></span> <span class='ocrx_word' id='word_1_379' title='bbox 3500 2516 3567 2584; x_wconf 79' lang='grc' dir='ltr'><em>τῇ</em></span> <span class='ocrx_word' id='word_1_380' title='bbox 3607 2515 3766 2566; x_wconf 69' lang='lat' dir='ltr'><strong>auat.-</strong></span> 
     </span>
    </p>
   </div>
   <div class='ocr_carea' id='block_1_56' title="bbox 2184 2605 3769 2680">
    <p class='ocr_par' dir='ltr' id='par_1_56' title="bbox 2184 2605 3769 2680">
     <span class='ocr_line' id='line_1_56' title="bbox 2184 2605 3769 2680; baseline -0.001 -20"><span class='ocrx_word' id='word_1_381' title='bbox 2184 2607 2409 2678; x_wconf 74' lang='grc' dir='ltr'><em>σχυντίᾳ</em></span> <span class='ocrx_word' id='word_1_382' title='bbox 2439 2607 2548 2661; x_wconf 86' lang='grc' dir='ltr'><strong>τῶν</strong></span> <span class='ocrx_word' id='word_1_383' title='bbox 2586 2607 2817 2680; x_wconf 76' lang='grc' dir='ltr'><em>ὕϐρεων,</em></span> <span class='ocrx_word' id='word_1_384' title='bbox 2872 2609 2928 2659; x_wconf 79' lang='grc' dir='ltr'><em>ὲν</em></span> <span class='ocrx_word' id='word_1_385' title='bbox 2956 2607 3035 2679; x_wconf 83' lang='grc' dir='ltr'><em>τῷ</em></span> <span class='ocrx_word' id='word_1_386' title='bbox 3074 2609 3370 2679; x_wconf 84' lang='grc' dir='ltr'><em>προσκορεῖ</em></span> <span class='ocrx_word' id='word_1_387' title='bbox 3409 2606 3517 2660; x_wconf 85' lang='grc' dir='ltr'><strong>τῶν</strong></span> <span class='ocrx_word' id='word_1_388' title='bbox 3543 2605 3769 2675; x_wconf 74' lang='grc' dir='ltr'><em>λεγομέο</em></span> 
     </span>
    </p>
   </div>
   <div class='ocr_carea' id='block_1_57' title="bbox 2182 2698 3768 2769">
    <p class='ocr_par' dir='ltr' id='par_1_57' title="bbox 2182 2698 3768 2769">
     <span class='ocr_line' id='line_1_57' title="bbox 2182 2698 3768 2769; baseline -0.003 -16"><span class='ocrx_word' id='word_1_389' title='bbox 2182 2716 2289 2753; x_wconf 91' lang='grc' dir='ltr'><strong>νων</strong></span> <span class='ocrx_word' id='word_1_390' title='bbox 2318 2699 2409 2752; x_wconf 86' lang='grc' dir='ltr'><em>τὸν</em></span> <span class='ocrx_word' id='word_1_391' title='bbox 2459 2698 2626 2769; x_wconf 78' lang='grc' dir='ltr'><em>θυμὸν</em></span> <span class='ocrx_word' id='word_1_392' title='bbox 2658 2698 3016 2754; x_wconf 88' lang='grc' dir='ltr'><em>ὑπεκλύοντα.</em></span> <span class='ocrx_word' id='word_1_393' title='bbox 3055 2699 3374 2763; x_wconf 81' lang='grc' dir='ltr'><em>Βδελύξαιτο</em></span> <span class='ocrx_word' id='word_1_394' title='bbox 3406 2699 3471 2753; x_wconf 84' lang='grc' dir='ltr'><em>ἄν</em></span> <span class='ocrx_word' id='word_1_395' title='bbox 3498 2716 3579 2760; x_wconf 85' lang='grc' dir='ltr'><strong>τις</strong></span> <span class='ocrx_word' id='word_1_396' title='bbox 3618 2698 3768 2768; x_wconf 81' lang='grc' dir='ltr'><em>μᾶλ-</em></span> 
     </span>
    </p>
   </div>
   <div class='ocr_carea' id='block_1_58' title="bbox 2183 2788 3768 2862">
    <p class='ocr_par' dir='ltr' id='par_1_58' title="bbox 2183 2788 3768 2862">
     <span class='ocr_line' id='line_1_58' title="bbox 2183 2788 3768 2862; baseline -0.001 -20"><span class='ocrx_word' id='word_1_397' title='bbox 2183 2790 2295 2857; x_wconf 88' lang='grc' dir='ltr'><em>λον,</em></span> <span class='ocrx_word' id='word_1_398' title='bbox 2326 2790 2359 2860; x_wconf 85' lang='grc' dir='ltr'>ἢ</span> <span class='ocrx_word' id='word_1_399' title='bbox 2385 2792 2464 2853; x_wconf 83' lang='grc' dir='ltr'><em>εἰς</em></span> <span class='ocrx_word' id='word_1_400' title='bbox 2492 2791 2662 2862; x_wconf 83' lang='grc' dir='ltr'><em>ὀργὴν</em></span> <span class='ocrx_word' id='word_1_401' title='bbox 2697 2790 2875 2843; x_wconf 83' lang='grc' dir='ltr'><em>ἔλθοι·</em></span> <span class='ocrx_word' id='word_1_402' title='bbox 2909 2789 3081 2854; x_wconf 76' lang='grc' dir='ltr'><em>οὕτως</em></span> <span class='ocrx_word' id='word_1_403' title='bbox 3113 2788 3518 2862; x_wconf 76' lang='grc' dir='ltr'><em>ἀνδραποδώδη.</em></span> <span class='ocrx_word' id='word_1_404' title='bbox 3550 2788 3643 2842; x_wconf 88' lang='lat' dir='ltr'><strong>xui</strong></span> <span class='ocrx_word' id='word_1_405' title='bbox 3670 2806 3768 2859; x_wconf 88' lang='grc' dir='ltr'><em>χα-</em></span> 
     </span>
    </p>
   </div>
   <div class='ocr_carea' id='block_1_59' title="bbox 2187 2878 3766 2953">
    <p class='ocr_par' dir='ltr' id='par_1_59' title="bbox 2187 2878 3766 2953">
     <span class='ocr_line' id='line_1_59' title="bbox 2187 2878 3766 2953; baseline -0.001 -19"><span class='ocrx_word' id='word_1_406' title='bbox 2187 2883 2350 2953; x_wconf 86' lang='grc' dir='ltr'><em>ρίτων</em></span> <span class='ocrx_word' id='word_1_407' title='bbox 2383 2881 2606 2953; x_wconf 82' lang='grc' dir='ltr'><em>ἄμοιρα,</em></span> <span class='ocrx_word' id='word_1_408' title='bbox 2661 2883 2755 2933; x_wconf 70' lang='grc' dir='ltr'><em>καὶ</em></span> <span class='ocrx_word' id='word_1_409' title='bbox 2788 2881 2895 2934; x_wconf 81' lang='grc' dir='ltr'><strong>ἀπὸ</strong></span> <span class='ocrx_word' id='word_1_410' title='bbox 2940 2884 3042 2950; x_wconf 80' lang='grc' dir='ltr'><em>τῆς</em></span> <span class='ocrx_word' id='word_1_411' title='bbox 3086 2881 3300 2953; x_wconf 82' lang='grc' dir='ltr'><em>τριόδου</em></span> <span class='ocrx_word' id='word_1_412' title='bbox 3330 2880 3398 2932; x_wconf 83' lang='grc' dir='ltr'><em>τὰ</em></span> <span class='ocrx_word' id='word_1_413' title='bbox 3433 2878 3766 2950; x_wconf 80' lang='grc' dir='ltr'><em>σκώμματα..</em></span> 
     </span>
    </p>
   </div>
   <div class='ocr_carea' id='block_1_60' title="bbox 2185 2972 3768 3044">
    <p class='ocr_par' dir='ltr' id='par_1_60' title="bbox 2185 2972 3768 3044">
     <span class='ocr_line' id='line_1_60' title="bbox 2185 2972 3768 3044; baseline -0.003 -18"><span class='ocrx_word' id='word_1_414' title='bbox 2185 2974 2352 3044; x_wconf 88' lang='grc' dir='ltr'><em>γραός</em></span> <span class='ocrx_word' id='word_1_415' title='bbox 2380 2991 2523 3037; x_wconf 89' lang='grc' dir='ltr'><em>τινος</em></span> <span class='ocrx_word' id='word_1_416' title='bbox 2568 2972 3126 3043; x_wconf 80' lang='grc' dir='ltr'><em>διακωθωνιζομένης,</em></span> <span class='ocrx_word' id='word_1_417' title='bbox 3164 2974 3259 3027; x_wconf 86' lang='lat' dir='ltr'><strong>xui</strong></span> <span class='ocrx_word' id='word_1_418' title='bbox 3291 2974 3381 3027; x_wconf 76' lang='grc' dir='ltr'><strong>ὑπ’</strong></span> <span class='ocrx_word' id='word_1_419' title='bbox 3410 2972 3597 3024; x_wconf 80' lang='grc' dir='ltr'><em>ὀδόντα</em></span> <span class='ocrx_word' id='word_1_420' title='bbox 3630 2987 3768 3042; x_wconf 82' lang='grc' dir='ltr'><em>γρυ-</em></span> 
     </span>
    </p>
   </div>
   <div class='ocr_carea' id='block_1_61' title="bbox 2185 3065 3115 3136">
    <p class='ocr_par' dir='ltr' id='par_1_61' title="bbox 2185 3065 3115 3136">
     <span class='ocr_line' id='line_1_61' title="bbox 2185 3065 3115 3136; baseline 0.001 -18"><span class='ocrx_word' id='word_1_421' title='bbox 2185 3065 2404 3135; x_wconf 77' lang='grc' dir='ltr'><em>ζούσης,</em></span> <span class='ocrx_word' id='word_1_422' title='bbox 2431 3066 2537 3120; x_wconf 78' lang='grc' dir='ltr'><em>οὐδ’</em></span> <span class='ocrx_word' id='word_1_423' title='bbox 2568 3066 2745 3120; x_wconf 75' lang='grc' dir='ltr'><em>ὁτιοῦν</em></span> <span class='ocrx_word' id='word_1_424' title='bbox 2773 3065 3115 3136; x_wconf 86' lang='grc' dir='ltr'><em>διαφέροντα.</em></span> 
     </span>
    </p>
   </div>
   <div class='ocr_carea' id='block_1_62' title="bbox 503 3153 3770 3230">
    <p class='ocr_par' dir='ltr' id='par_1_62' title="bbox 503 3153 3770 3230">
     <span class='ocr_line' id='line_1_62' title="bbox 503 3153 3770 3230; baseline 0.001 -22"><span class='ocrx_word' id='word_1_425' title='bbox 503 3156 644 3220; x_wconf 83' lang='lat' dir='ltr'><strong>iram</strong></span> <span class='ocrx_word' id='word_1_426' title='bbox 670 3154 835 3214; x_wconf 86' lang='lat' dir='ltr'><strong>alicui</strong></span> <span class='ocrx_word' id='word_1_427' title='bbox 864 3154 1154 3217; x_wconf 84' lang='lat' dir='ltr'><strong>moverint,</strong></span> <span class='ocrx_word' id='word_1_428' title='bbox 1191 3153 1330 3209; x_wconf 88' lang='lat' dir='ltr'><strong>adeo</strong></span> <span class='ocrx_word' id='word_1_429' title='bbox 1363 3153 1583 3209; x_wconf 84' lang='lat' dir='ltr'><strong>servilia</strong></span> <span class='ocrx_word' id='word_1_430' title='bbox 1613 3161 1742 3209; x_wconf 91' lang='lat' dir='ltr'><strong>sunt</strong></span> <span class='ocrx_word' id='word_1_431' title='bbox 1776 3155 2067 3225; x_wconf 90' lang='lat' dir='ltr'><strong>omnisque</strong></span> <span class='ocrx_word' id='word_1_432' title='bbox 2107 3157 2310 3228; x_wconf 89' lang='lat' dir='ltr'><strong>leporis</strong></span> <span class='ocrx_word' id='word_1_433' title='bbox 2348 3160 2617 3228; x_wconf 76' lang='lat' dir='ltr'><strong>expertia,</strong></span> <span class='ocrx_word' id='word_1_434' title='bbox 2653 3166 2709 3213; x_wconf 90' lang='lat' dir='ltr'><strong>et</strong></span> <span class='ocrx_word' id='word_1_435' title='bbox 2741 3174 2808 3215; x_wconf 77' lang='lat' dir='ltr'><strong>ex</strong></span> <span class='ocrx_word' id='word_1_436' title='bbox 2848 3159 3013 3213; x_wconf 88' lang='lat' dir='ltr'><strong>trivio</strong></span> <span class='ocrx_word' id='word_1_437' title='bbox 3043 3166 3260 3230; x_wconf 71' lang='lat' dir='ltr'><strong>arrepta</strong></span> <span class='ocrx_word' id='word_1_438' title='bbox 3294 3156 3770 3222; x_wconf 86' lang='lat' dir='ltr'><strong>scommata,nihil</strong></span> 
     </span>
    </p>
   </div>
   <div class='ocr_carea' id='block_1_63' title="bbox 503 3244 2752 3322">
    <p class='ocr_par' dir='ltr' id='par_1_63' title="bbox 503 3244 2752 3322">
     <span class='ocr_line' id='line_1_63' title="bbox 503 3244 2752 3322; baseline 0.003 -23"><span class='ocrx_word' id='word_1_439' title='bbox 503 3260 536 3308; x_wconf 78' lang='lat' dir='ltr'><strong>a</strong></span> <span class='ocrx_word' id='word_1_440' title='bbox 559 3245 756 3302; x_wconf 69' lang='lat' dir='ltr'><strong>vetulae</strong></span> <span class='ocrx_word' id='word_1_441' title='bbox 784 3244 1069 3302; x_wconf 89' lang='lat' dir='ltr'><strong>frementis</strong></span> <span class='ocrx_word' id='word_1_442' title='bbox 1101 3245 1469 3318; x_wconf 87' lang='lat' dir='ltr'><strong>dentibusque</strong></span> <span class='ocrx_word' id='word_1_443' title='bbox 1494 3245 1799 3302; x_wconf 89' lang='lat' dir='ltr'><strong>frendentis</strong></span> <span class='ocrx_word' id='word_1_444' title='bbox 1836 3249 2321 3307; x_wconf 86' lang='lat' dir='ltr'><strong>criminationibus</strong></span> <span class='ocrx_word' id='word_1_445' title='bbox 2355 3252 2752 3322; x_wconf 84' lang='lat' dir='ltr'><strong>discrepantia.</strong></span> 
     </span>
    </p>
   </div>
   <div class='ocr_carea' id='block_1_64' title="bbox 575 3332 2083 3417">
    <p class='ocr_par' dir='ltr' id='par_1_64' title="bbox 575 3332 2077 3412">
     <span class='ocr_line' id='line_1_64' title="bbox 575 3332 2077 3412; baseline 0.004 -23"><span class='ocrx_word' id='word_1_446' title='bbox 575 3332 717 3402; x_wconf 87' lang='lat' dir='ltr'><strong>Quid</strong></span> <span class='ocrx_word' id='word_1_447' title='bbox 751 3336 963 3408; x_wconf 76' lang='lat' dir='ltr'><strong>igitur?</strong></span> <span class='ocrx_word' id='word_1_448' title='bbox 991 3336 1132 3399; x_wconf 79' lang='lat' dir='ltr'><strong>Num</strong></span> <span class='ocrx_word' id='word_1_449' title='bbox 1164 3339 1380 3412; x_wconf 77' lang='lat' dir='ltr'><strong>singula</strong></span> <span class='ocrx_word' id='word_1_450' title='bbox 1434 3340 1691 3410; x_wconf 89' lang='lat' dir='ltr'><strong>persequi</strong></span> <span class='ocrx_word' id='word_1_451' title='bbox 1746 3351 1986 3411; x_wconf 86' lang='lat' dir='ltr'><strong>oportet,</strong></span> <span class='ocrx_word' id='word_1_452' title='bbox 2022 3350 2077 3397; x_wconf 90' lang='lat' dir='ltr'><strong>et</strong></span> 
     </span>
    </p>
   </div>
   <div class='ocr_carea' id='block_1_65' title="bbox 2183 3332 3772 3417">
    <p class='ocr_par' dir='ltr' id='par_1_65' title="bbox 2251 3341 3772 3417">
     <span class='ocr_line' id='line_1_65' title="bbox 2251 3341 3772 3417; baseline -0.001 -18"><span class='ocrx_word' id='word_1_453' title='bbox 2251 3345 2315 3400; x_wconf 85' lang='grc' dir='ltr'><em>Τί</em></span> <span class='ocrx_word' id='word_1_454' title='bbox 2348 3342 2473 3411; x_wconf 78' lang='grc' dir='ltr'><em>οὗν;</em></span> <span class='ocrx_word' id='word_1_455' title='bbox 2512 3341 2660 3417; x_wconf 74' lang='lat' dir='ltr'><strong>1rApu</strong></span> <span class='ocrx_word' id='word_1_456' title='bbox 2690 3345 2997 3411; x_wconf 76' lang='grc' dir='ltr'><strong>ἐπεξελθεῖν</strong></span> <span class='ocrx_word' id='word_1_457' title='bbox 3024 3346 3105 3399; x_wconf 84' lang='grc' dir='ltr'><em>δεῖ</em></span> <span class='ocrx_word' id='word_1_458' title='bbox 3138 3348 3250 3409; x_wconf 86' lang='grc' dir='ltr'><em>τοῖς</em></span> <span class='ocrx_word' id='word_1_459' title='bbox 3281 3346 3640 3409; x_wconf 86' lang='grc' dir='ltr'><em>καθέκαστον,</em></span> <span class='ocrx_word' id='word_1_460' title='bbox 3676 3343 3772 3397; x_wconf 85' lang='lat' dir='ltr'><strong>xui</strong></span> 
     </span>
    </p>
   </div>
   <div class='ocr_carea' id='block_1_66' title="bbox 503 3427 2085 3497">
    <p class='ocr_par' dir='ltr' id='par_1_66' title="bbox 503 3427 2085 3497">
     <span class='ocr_line' id='line_1_66' title="bbox 503 3427 2085 3497; baseline 0.004 -16"><span class='ocrx_word' id='word_1_461' title='bbox 503 3427 689 3497; x_wconf 76' lang='lat' dir='ltr'><strong>omnia</strong></span> <span class='ocrx_word' id='word_1_462' title='bbox 723 3427 995 3497; x_wconf 74' lang='lat' dir='ltr'><strong>iniuriose</strong></span> <span class='ocrx_word' id='word_1_463' title='bbox 1027 3436 1083 3489; x_wconf 86' lang='lat' dir='ltr'><strong>et</strong></span> <span class='ocrx_word' id='word_1_464' title='bbox 1129 3430 1469 3486; x_wconf 90' lang='lat' dir='ltr'><strong>calunmiose</strong></span> <span class='ocrx_word' id='word_1_465' title='bbox 1512 3429 1657 3485; x_wconf 92' lang='lat' dir='ltr'><strong>dicta</strong></span> <span class='ocrx_word' id='word_1_466' title='bbox 1691 3440 1948 3487; x_wconf 89' lang='lat' dir='ltr'><strong>accurate</strong></span> <span class='ocrx_word' id='word_1_467' title='bbox 1993 3447 2085 3487; x_wconf 91' lang='lat' dir='ltr'><strong>re-</strong></span> 
     </span>
    </p>
   </div>
   <div class='ocr_carea' id='block_1_67' title="bbox 505 3519 2086 3593">
    <p class='ocr_par' dir='ltr' id='par_1_67' title="bbox 505 3519 2086 3593">
     <span class='ocr_line' id='line_1_67' title="bbox 505 3519 2086 3593; baseline 0.003 -19"><span class='ocrx_word' id='word_1_468' title='bbox 505 3519 715 3584; x_wconf 90' lang='lat' dir='ltr'><strong>fellere,</strong></span> <span class='ocrx_word' id='word_1_469' title='bbox 739 3525 795 3574; x_wconf 89' lang='lat' dir='ltr'><strong>et</strong></span> <span class='ocrx_word' id='word_1_470' title='bbox 828 3519 1211 3576; x_wconf 88' lang='lat' dir='ltr'><strong>demonstrare</strong></span> <span class='ocrx_word' id='word_1_471' title='bbox 1263 3521 1424 3576; x_wconf 88' lang='lat' dir='ltr'><strong>talem</strong></span> <span class='ocrx_word' id='word_1_472' title='bbox 1456 3520 1881 3593; x_wconf 87' lang='lat' dir='ltr'><strong>haudquaquam</strong></span> <span class='ocrx_word' id='word_1_473' title='bbox 1918 3523 2086 3579; x_wconf 90' lang='lat' dir='ltr'><strong>fuisse</strong></span> 
     </span>
    </p>
   </div>
   <div class='ocr_carea' id='block_1_68' title="bbox 506 3616 2087 3690">
    <p class='ocr_par' dir='ltr' id='par_1_68' title="bbox 506 3616 2087 3690">
     <span class='ocr_line' id='line_1_68' title="bbox 506 3616 2087 3690; baseline 0.005 -20"><span class='ocrx_word' id='word_1_474' title='bbox 506 3616 685 3684; x_wconf 78' lang='lat' dir='ltr'><strong>illum,</strong></span> <span class='ocrx_word' id='word_1_475' title='bbox 720 3616 776 3671; x_wconf 91' lang='lat' dir='ltr'><strong>in</strong></span> <span class='ocrx_word' id='word_1_476' title='bbox 815 3631 978 3686; x_wconf 88' lang='lat' dir='ltr'><strong>quem</strong></span> <span class='ocrx_word' id='word_1_477' title='bbox 1015 3617 1131 3673; x_wconf 67' lang='lat' dir='ltr'><strong>haec</strong></span> <span class='ocrx_word' id='word_1_478' title='bbox 1194 3617 1429 3673; x_wconf 85' lang='lat' dir='ltr'><strong>conficta</strong></span> <span class='ocrx_word' id='word_1_479' title='bbox 1460 3619 1635 3674; x_wconf 89' lang='lat' dir='ltr'><strong>sunt?</strong></span> <span class='ocrx_word' id='word_1_480' title='bbox 1685 3620 1851 3690; x_wconf 89' lang='lat' dir='ltr'><strong>Atqui</strong></span> <span class='ocrx_word' id='word_1_481' title='bbox 1898 3628 1953 3675; x_wconf 90' lang='lat' dir='ltr'><strong>et</strong></span> <span class='ocrx_word' id='word_1_482' title='bbox 1986 3636 2087 3678; x_wconf 88' lang='lat' dir='ltr'><strong>nos</strong></span> 
     </span>
    </p>
   </div>
   <div class='ocr_carea' id='block_1_69' title="bbox 507 3707 2083 3780">
    <p class='ocr_par' dir='ltr' id='par_1_69' title="bbox 507 3707 2083 3780">
     <span class='ocr_line' id='line_1_69' title="bbox 507 3707 2083 3780; baseline 0.001 -17"><span class='ocrx_word' id='word_1_483' title='bbox 507 3707 675 3775; x_wconf 72' lang='lat' dir='ltr'><strong>simul</strong></span> <span class='ocrx_word' id='word_1_484' title='bbox 707 3707 911 3778; x_wconf 82' lang='lat' dir='ltr'><strong>injuria</strong></span> <span class='ocrx_word' id='word_1_485' title='bbox 949 3708 1288 3769; x_wconf 67' lang='lat' dir='ltr'><strong>adliceremus</strong></span> <span class='ocrx_word' id='word_1_486' title='bbox 1339 3709 1513 3777; x_wconf 91' lang='lat' dir='ltr'><strong>illum,</strong></span> <span class='ocrx_word' id='word_1_487' title='bbox 1569 3714 1662 3780; x_wconf 90' lang='lat' dir='ltr'><strong>qui</strong></span> <span class='ocrx_word' id='word_1_488' title='bbox 1717 3710 1853 3766; x_wconf 90' lang='lat' dir='ltr'><strong>solis</strong></span> <span class='ocrx_word' id='word_1_489' title='bbox 1888 3712 2083 3778; x_wconf 88' lang='lat' dir='ltr'><strong>instar,</strong></span> 
     </span>
    </p>
   </div>
   <div class='ocr_carea' id='block_1_70' title="bbox 510 3799 2084 3875">
    <p class='ocr_par' dir='ltr' id='par_1_70' title="bbox 510 3799 2084 3875">
     <span class='ocr_line' id='line_1_70' title="bbox 510 3799 2084 3875; baseline 0.005 -22"><span class='ocrx_word' id='word_1_490' title='bbox 510 3799 611 3855; x_wconf 89' lang='lat' dir='ltr'><strong>toti</strong></span> <span class='ocrx_word' id='word_1_491' title='bbox 646 3800 853 3855; x_wconf 91' lang='lat' dir='ltr'><strong>mundo</strong></span> <span class='ocrx_word' id='word_1_492' title='bbox 883 3803 1053 3866; x_wconf 88' lang='lat' dir='ltr'><strong>lucet,</strong></span> <span class='ocrx_word' id='word_1_493' title='bbox 1083 3801 1130 3857; x_wconf 91' lang='lat' dir='ltr'><strong>si</strong></span> <span class='ocrx_word' id='word_1_494' title='bbox 1155 3817 1388 3873; x_wconf 88' lang='lat' dir='ltr'><strong>operose</strong></span> <span class='ocrx_word' id='word_1_495' title='bbox 1444 3816 1772 3858; x_wconf 87' lang='lat' dir='ltr'><strong>conaremur</strong></span> <span class='ocrx_word' id='word_1_496' title='bbox 1829 3805 2084 3875; x_wconf 90' lang='lat' dir='ltr'><strong>probare,</strong></span> 
     </span>
    </p>
   </div>
   <div class='ocr_carea' id='block_1_71' title="bbox 520 3890 2085 3958">
    <p class='ocr_par' dir='ltr' id='par_1_71' title="bbox 520 3890 2085 3958">
     <span class='ocr_line' id='line_1_71' title="bbox 520 3890 2085 3958; baseline 0.003 -11"><span class='ocrx_word' id='word_1_497' title='bbox 520 3906 647 3947; x_wconf 90' lang='lat' dir='ltr'><strong>eum</strong></span> <span class='ocrx_word' id='word_1_498' title='bbox 677 3907 787 3945; x_wconf 90' lang='lat' dir='ltr'><strong>non</strong></span> <span class='ocrx_word' id='word_1_499' title='bbox 813 3890 984 3951; x_wconf 87' lang='lat' dir='ltr'><strong>fuisse</strong></span> <span class='ocrx_word' id='word_1_500' title='bbox 1018 3894 1346 3958; x_wconf 87' lang='lat' dir='ltr'><strong>maleficum,</strong></span> <span class='ocrx_word' id='word_1_501' title='bbox 1391 3902 1446 3950; x_wconf 91' lang='lat' dir='ltr'><strong>et</strong></span> <span class='ocrx_word' id='word_1_502' title='bbox 1496 3896 1844 3951; x_wconf 86' lang='lat' dir='ltr'><strong>sceleratum.</strong></span> <span class='ocrx_word' id='word_1_503' title='bbox 1879 3896 2085 3952; x_wconf 88' lang='lat' dir='ltr'><strong>Memor</strong></span> 
     </span>
    </p>
   </div>
   <div class='ocr_carea' id='block_1_72' title="bbox 506 3983 2085 4060">
    <p class='ocr_par' dir='ltr' id='par_1_72' title="bbox 506 3983 2085 4060">
     <span class='ocr_line' id='line_1_72' title="bbox 506 3983 2085 4060; baseline 0.001 -19"><span class='ocrx_word' id='word_1_504' title='bbox 506 3983 656 4041; x_wconf 86' lang='lat' dir='ltr'><strong>enim</strong></span> <span class='ocrx_word' id='word_1_505' title='bbox 685 3998 806 4043; x_wconf 83' lang='lat' dir='ltr'><strong>sum</strong></span> <span class='ocrx_word' id='word_1_506' title='bbox 841 3983 1040 4039; x_wconf 71' lang='lat' dir='ltr'><strong>divinae</strong></span> <span class='ocrx_word' id='word_1_507' title='bbox 1079 3984 1228 4041; x_wconf 91' lang='lat' dir='ltr'><strong>illius</strong></span> <span class='ocrx_word' id='word_1_508' title='bbox 1269 3988 1442 4051; x_wconf 83' lang='lat' dir='ltr'><strong>vocis,</strong></span> <span class='ocrx_word' id='word_1_509' title='bbox 1472 4002 1597 4043; x_wconf 92' lang='lat' dir='ltr'><strong>cum</strong></span> <span class='ocrx_word' id='word_1_510' title='bbox 1631 3989 1949 4059; x_wconf 87' lang='lat' dir='ltr'><strong>prophetice</strong></span> <span class='ocrx_word' id='word_1_511' title='bbox 1982 3991 2085 4060; x_wconf 92' lang='lat' dir='ltr'><strong>ipsi</strong></span> 
     </span>
    </p>
   </div>
   <div class='ocr_carea' id='block_1_73' title="bbox 510 4075 2085 4151">
    <p class='ocr_par' dir='ltr' id='par_1_73' title="bbox 510 4075 2085 4151">
     <span class='ocr_line' id='line_1_73' title="bbox 510 4075 2085 4151; baseline 0.004 -24"><span class='ocrx_word' id='word_1_512' title='bbox 510 4075 603 4128; x_wconf 92' lang='lat' dir='ltr'><strong>illa</strong></span> <span class='ocrx_word' id='word_1_513' title='bbox 635 4089 699 4130; x_wconf 77' lang='lat' dir='ltr'><strong>ex</strong></span> <span class='ocrx_word' id='word_1_514' title='bbox 730 4076 1017 4145; x_wconf 75' lang='lat' dir='ltr'><strong>prophetia</strong></span> <span class='ocrx_word' id='word_1_515' title='bbox 1042 4077 1506 4143; x_wconf 77' lang='lat' dir='ltr'><strong>accommodaret,</strong></span> <span class='ocrx_word' id='word_1_516' title='bbox 1548 4079 1640 4133; x_wconf 90' lang='lat' dir='ltr'><strong>ubi</strong></span> <span class='ocrx_word' id='word_1_517' title='bbox 1672 4081 1826 4136; x_wconf 90' lang='lat' dir='ltr'><strong>illum</strong></span> <span class='ocrx_word' id='word_1_518' title='bbox 1881 4082 2085 4151; x_wconf 84' lang='lat' dir='ltr'><strong>prosti-</strong></span> 
     </span>
    </p>
   </div>
   <div class='ocr_carea' id='block_1_74' title="bbox 508 4166 2083 4239">
    <p class='ocr_par' dir='ltr' id='par_1_74' title="bbox 508 4166 2083 4239">
     <span class='ocr_line' id='line_1_74' title="bbox 508 4166 2083 4239; baseline 0.004 -18"><span class='ocrx_word' id='word_1_519' title='bbox 508 4172 644 4230; x_wconf 73' lang='lat' dir='ltr'><strong>tutze</strong></span> <span class='ocrx_word' id='word_1_520' title='bbox 684 4166 885 4221; x_wconf 85' lang='lat' dir='ltr'><strong>frontis</strong></span> <span class='ocrx_word' id='word_1_521' title='bbox 913 4175 968 4227; x_wconf 91' lang='lat' dir='ltr'><strong>et,</strong></span> <span class='ocrx_word' id='word_1_522' title='bbox 999 4166 1277 4237; x_wconf 79' lang='lat' dir='ltr'><strong>pudicitiae</strong></span> <span class='ocrx_word' id='word_1_523' title='bbox 1321 4170 1662 4230; x_wconf 88' lang='lat' dir='ltr'><strong>mulierculis</strong></span> <span class='ocrx_word' id='word_1_524' title='bbox 1717 4173 1993 4227; x_wconf 88' lang='lat' dir='ltr'><strong>assimilat</strong></span> <span class='ocrx_word' id='word_1_525' title='bbox 2018 4175 2083 4239; x_wconf 71' lang='grc' dir='ltr'><em>ιο,</em></span> 
     </span>
    </p>
   </div>
   <div class='ocr_carea' id='block_1_75' title="bbox 509 4257 2085 4337">
    <p class='ocr_par' dir='ltr' id='par_1_75' title="bbox 509 4257 2085 4337">
     <span class='ocr_line' id='line_1_75' title="bbox 509 4257 2085 4337; baseline 0.006 -25"><span class='ocrx_word' id='word_1_526' title='bbox 509 4272 636 4327; x_wconf 66' lang='lat' dir='ltr'><strong>quae</strong></span> <span class='ocrx_word' id='word_1_527' title='bbox 669 4272 770 4321; x_wconf 83' lang='lat' dir='ltr'><strong>sua</strong></span> <span class='ocrx_word' id='word_1_528' title='bbox 801 4257 933 4313; x_wconf 88' lang='lat' dir='ltr'><strong>vitia</strong></span> <span class='ocrx_word' id='word_1_529' title='bbox 962 4267 1017 4315; x_wconf 91' lang='lat' dir='ltr'><strong>et</strong></span> <span class='ocrx_word' id='word_1_530' title='bbox 1050 4260 1283 4319; x_wconf 79' lang='lat' dir='ltr'><strong>crimina</strong></span> <span class='ocrx_word' id='word_1_531' title='bbox 1311 4262 1367 4316; x_wconf 93' lang='lat' dir='ltr'><strong>in</strong></span> <span class='ocrx_word' id='word_1_532' title='bbox 1399 4270 1792 4333; x_wconf 77' lang='lat' dir='ltr'><strong>temperantes,</strong></span> <span class='ocrx_word' id='word_1_533' title='bbox 1820 4265 2085 4337; x_wconf 68' lang='lat' dir='ltr'><strong>boumque</strong></span> 
     </span>
    </p>
   </div>
   <div class='ocr_carea' id='block_1_76' title="bbox 508 4348 2089 4425">
    <p class='ocr_par' dir='ltr' id='par_1_76' title="bbox 508 4348 2089 4425">
     <span class='ocr_line' id='line_1_76' title="bbox 508 4348 2089 4425; baseline 0.006 -21"><span class='ocrx_word' id='word_1_534' title='bbox 508 4348 686 4420; x_wconf 70' lang='lat' dir='ltr'><strong>(rugis</strong></span> <span class='ocrx_word' id='word_1_535' title='bbox 713 4349 1014 4410; x_wconf 82' lang='lat' dir='ltr'><strong>transferre</strong></span> <span class='ocrx_word' id='word_1_536' title='bbox 1049 4353 1248 4408; x_wconf 91' lang='lat' dir='ltr'><strong>solent.</strong></span> <span class='ocrx_word' id='word_1_537' title='bbox 1299 4351 1434 4413; x_wconf 82' lang='lat' dir='ltr'><strong>Nam</strong></span> <span class='ocrx_word' id='word_1_538' title='bbox 1466 4371 1629 4425; x_wconf 89' lang='lat' dir='ltr'><strong>quem</strong></span> <span class='ocrx_word' id='word_1_539' title='bbox 1688 4358 1941 4413; x_wconf 87' lang='lat' dir='ltr'><strong>veritatis</strong></span> <span class='ocrx_word' id='word_1_540' title='bbox 1987 4360 2089 4413; x_wconf 88' lang='lat' dir='ltr'><strong>ho-</strong></span> 
     </span>
    </p>
   </div>
   <div class='ocr_carea' id='block_1_77' title="bbox 510 4442 2083 4515">
    <p class='ocr_par' dir='ltr' id='par_1_77' title="bbox 510 4442 2083 4515">
     <span class='ocr_line' id='line_1_77' title="bbox 510 4442 2083 4515; baseline 0.004 -17"><span class='ocrx_word' id='word_1_541' title='bbox 510 4451 646 4498; x_wconf 86' lang='lat' dir='ltr'><strong>stem</strong></span> <span class='ocrx_word' id='word_1_542' title='bbox 674 4456 800 4498; x_wconf 89' lang='lat' dir='ltr'><strong>esse</strong></span> <span class='ocrx_word' id='word_1_543' title='bbox 860 4442 1213 4499; x_wconf 85' lang='lat' dir='ltr'><strong>deblaterat?</strong></span> <span class='ocrx_word' id='word_1_544' title='bbox 1268 4461 1429 4515; x_wconf 91' lang='lat' dir='ltr'><strong>quem</strong></span> <span class='ocrx_word' id='word_1_545' title='bbox 1480 4448 1760 4503; x_wconf 90' lang='lat' dir='ltr'><strong>communi</strong></span> <span class='ocrx_word' id='word_1_546' title='bbox 1801 4449 2083 4505; x_wconf 88' lang='lat' dir='ltr'><strong>hominum</strong></span> 
     </span>
    </p>
   </div>
   <div class='ocr_carea' id='block_1_78' title="bbox 508 4534 2085 4610">
    <p class='ocr_par' dir='ltr' id='par_1_78' title="bbox 508 4534 2085 4610">
     <span class='ocr_line' id='line_1_78' title="bbox 508 4534 2085 4610; baseline 0.007 -24"><span class='ocrx_word' id='word_1_547' title='bbox 508 4534 906 4593; x_wconf 73' lang='lat' dir='ltr'><strong>existimationi</strong></span> <span class='ocrx_word' id='word_1_548' title='bbox 950 4537 1400 4607; x_wconf 80' lang='lat' dir='ltr'><strong>repugnantem?</strong></span> <span class='ocrx_word' id='word_1_549' title='bbox 1450 4536 1586 4604; x_wconf 88' lang='lat' dir='ltr'><strong>Quis</strong></span> <span class='ocrx_word' id='word_1_550' title='bbox 1645 4548 1800 4610; x_wconf 79' lang='lat' dir='ltr'><strong>rogat</strong></span> <span class='ocrx_word' id='word_1_551' title='bbox 1856 4542 2085 4597; x_wconf 87' lang='lat' dir='ltr'><strong>lectores</strong></span> 
     </span>
    </p>
   </div>
   <div class='ocr_carea' id='block_1_79' title="bbox 509 4624 2083 4697">
    <p class='ocr_par' dir='ltr' id='par_1_79' title="bbox 509 4624 2083 4697">
     <span class='ocr_line' id='line_1_79' title="bbox 509 4624 2083 4697; baseline 0.007 -19"><span class='ocrx_word' id='word_1_552' title='bbox 509 4624 636 4680; x_wconf 91' lang='lat' dir='ltr'><strong>libri</strong></span> <span class='ocrx_word' id='word_1_553' title='bbox 667 4625 775 4691; x_wconf 88' lang='lat' dir='ltr'><strong>sui,</strong></span> <span class='ocrx_word' id='word_1_554' title='bbox 813 4633 873 4680; x_wconf 89' lang='lat' dir='ltr'><strong>ut</strong></span> <span class='ocrx_word' id='word_1_555' title='bbox 923 4640 1033 4681; x_wconf 94' lang='lat' dir='ltr'><strong>non</strong></span> <span class='ocrx_word' id='word_1_556' title='bbox 1069 4627 1370 4697; x_wconf 87' lang='lat' dir='ltr'><strong>respiciant</strong></span> <span class='ocrx_word' id='word_1_557' title='bbox 1428 4630 1496 4683; x_wconf 88' lang='lat' dir='ltr'><strong>ad</strong></span> <span class='ocrx_word' id='word_1_558' title='bbox 1554 4630 1959 4689; x_wconf 78' lang='lat' dir='ltr'><strong>multitudinem</strong></span> <span class='ocrx_word' id='word_1_559' title='bbox 2001 4641 2083 4689; x_wconf 88' lang='lat' dir='ltr'><strong>te-</strong></span> 
     </span>
    </p>
   </div>
   <div class='ocr_carea' id='block_1_80' title="bbox 2187 3436 3769 3509">
    <p class='ocr_par' dir='ltr' id='par_1_80' title="bbox 2187 3436 3769 3509">
     <span class='ocr_line' id='line_1_80' title="bbox 2187 3436 3769 3509; baseline -0.001 -18"><span class='ocrx_word' id='word_1_560' title='bbox 2187 3438 2318 3508; x_wconf 75' lang='grc' dir='ltr'><em>περὶ</em></span> <span class='ocrx_word' id='word_1_561' title='bbox 2346 3438 2561 3492; x_wconf 83' lang='grc' dir='ltr'><em>πάντων</em></span> <span class='ocrx_word' id='word_1_562' title='bbox 2578 3437 2687 3491; x_wconf 88' lang='grc' dir='ltr'><strong>τῶν</strong></span> <span class='ocrx_word' id='word_1_563' title='bbox 2712 3439 2796 3507; x_wconf 75' lang='grc' dir='ltr'><strong>ἐφ’</strong></span> <span class='ocrx_word' id='word_1_564' title='bbox 2822 3436 2977 3509; x_wconf 82' lang='grc' dir='ltr'><em>ὓὸρει</em></span> <span class='ocrx_word' id='word_1_565' title='bbox 3006 3438 3277 3509; x_wconf 79' lang='grc' dir='ltr'><em>ῥηθέντων</em></span> <span class='ocrx_word' id='word_1_566' title='bbox 3304 3437 3606 3505; x_wconf 85' lang='grc' dir='ltr'><em>φιλοπόνως</em></span> <span class='ocrx_word' id='word_1_567' title='bbox 3631 3438 3769 3490; x_wconf 84' lang='grc' dir='ltr'><em>ἁπο-</em></span> 
     </span>
    </p>
   </div>
   <div class='ocr_carea' id='block_1_81' title="bbox 2187 3524 3774 3601">
    <p class='ocr_par' dir='ltr' id='par_1_81' title="bbox 2187 3524 3774 3601">
     <span class='ocr_line' id='line_1_81' title="bbox 2187 3524 3774 3601; baseline -0.001 -18"><span class='ocrx_word' id='word_1_568' title='bbox 2187 3529 2516 3601; x_wconf 82' lang='grc' dir='ltr'><em>λογήσασθαι</em></span> <span class='ocrx_word' id='word_1_569' title='bbox 2541 3546 2555 3560; x_wconf 92' lang='grc'><strong>·</strong></span> <span class='ocrx_word' id='word_1_570' title='bbox 2587 3530 2669 3583; x_wconf 87' lang='grc' dir='ltr'><em>ὃτι</em></span> <span class='ocrx_word' id='word_1_571' title='bbox 2698 3530 2797 3583; x_wconf 87' lang='grc' dir='ltr'><strong>ούκ</strong></span> <span class='ocrx_word' id='word_1_572' title='bbox 2830 3525 2897 3601; x_wconf 79' lang='grc' dir='ltr'><em>ἦν</em></span> <span class='ocrx_word' id='word_1_573' title='bbox 2926 3529 3165 3593; x_wconf 76' lang='grc' dir='ltr'><em>τοιοῦτος</em></span> <span class='ocrx_word' id='word_1_574' title='bbox 3193 3529 3315 3583; x_wconf 80' lang='grc' dir='ltr'><em>καθ’</em></span> <span class='ocrx_word' id='word_1_575' title='bbox 3341 3524 3401 3583; x_wconf 78' lang='grc' dir='ltr'><em>οὗ</em></span> <span class='ocrx_word' id='word_1_576' title='bbox 3427 3528 3599 3583; x_wconf 84' lang='grc' dir='ltr'><em>ταῦτα</em></span> <span class='ocrx_word' id='word_1_577' title='bbox 3634 3546 3774 3599; x_wconf 85' lang='grc' dir='ltr'><em>συμ-</em></span> 
     </span>
    </p>
   </div>
   <div class='ocr_carea' id='block_1_82' title="bbox 2188 3616 3772 3692">
    <p class='ocr_par' dir='ltr' id='par_1_82' title="bbox 2188 3616 3772 3692">
     <span class='ocr_line' id='line_1_82' title="bbox 2188 3616 3772 3692; baseline -0.003 -16"><span class='ocrx_word' id='word_1_578' title='bbox 2188 3616 2526 3687; x_wconf 77' lang='grc' dir='ltr'><em>πέπλασταις</em></span> <span class='ocrx_word' id='word_1_579' title='bbox 2573 3621 2711 3674; x_wconf 81' lang='grc' dir='ltr'><em>Ἀλλ’</em></span> <span class='ocrx_word' id='word_1_580' title='bbox 2741 3620 2881 3674; x_wconf 79' lang='grc' dir='ltr'><em>οὕτω</em></span> <span class='ocrx_word' id='word_1_581' title='bbox 2908 3623 2957 3688; x_wconf 87' lang='grc' dir='ltr'><strong>γ’</strong></span> <span class='ocrx_word' id='word_1_582' title='bbox 2992 3620 3057 3674; x_wconf 78' lang='grc' dir='ltr'><em>ἂν</em></span> <span class='ocrx_word' id='word_1_583' title='bbox 3087 3621 3181 3674; x_wconf 78' lang='grc' dir='ltr'><em>καὶ</em></span> <span class='ocrx_word' id='word_1_584' title='bbox 3210 3622 3371 3691; x_wconf 80' lang='grc' dir='ltr'><em>ἡμεῖς</em></span> <span class='ocrx_word' id='word_1_585' title='bbox 3404 3619 3772 3692; x_wconf 82' lang='grc' dir='ltr'><em>συγκαθυ6ρί-</em></span> 
     </span>
    </p>
   </div>
   <div class='ocr_carea' id='block_1_83' title="bbox 2187 3709 3771 3787">
    <p class='ocr_par' dir='ltr' id='par_1_83' title="bbox 2187 3709 3771 3787">
     <span class='ocr_line' id='line_1_83' title="bbox 2187 3709 3771 3787; baseline -0.01 -19"><span class='ocrx_word' id='word_1_586' title='bbox 2187 3714 2299 3779; x_wconf 77' lang='grc' dir='ltr'><em>ζειν</em></span> <span class='ocrx_word' id='word_1_587' title='bbox 2321 3709 2648 3787; x_wconf 84' lang='grc' dir='ltr'><em>δοκήσαιμεν</em></span> <span class='ocrx_word' id='word_1_588' title='bbox 2682 3714 2773 3766; x_wconf 88' lang='grc' dir='ltr'><em>τὸν</em></span> <span class='ocrx_word' id='word_1_589' title='bbox 2799 3712 2921 3766; x_wconf 82' lang='grc' dir='ltr'><em>ἀντὶ</em></span> <span class='ocrx_word' id='word_1_590' title='bbox 2946 3713 3232 3783; x_wconf 83' lang='grc' dir='ltr'><em>φωστῆρος</em></span> <span class='ocrx_word' id='word_1_591' title='bbox 3258 3714 3322 3783; x_wconf 85' lang='grc' dir='ltr'><em>τῇ</em></span> <span class='ocrx_word' id='word_1_592' title='bbox 3354 3713 3520 3783; x_wconf 82' lang='grc' dir='ltr'><em>γενεᾷ</em></span> <span class='ocrx_word' id='word_1_593' title='bbox 3546 3711 3771 3781; x_wconf 82' lang='grc' dir='ltr'><em>διαλάμ-</em></span> 
     </span>
    </p>
   </div>
   <div class='ocr_carea' id='block_1_84' title="bbox 2185 3801 3773 3876">
    <p class='ocr_par' dir='ltr' id='par_1_84' title="bbox 2185 3801 3773 3876">
     <span class='ocr_line' id='line_1_84' title="bbox 2185 3801 3773 3876; baseline -0.003 -16"><span class='ocrx_word' id='word_1_594' title='bbox 2185 3807 2383 3876; x_wconf 76' lang='grc' dir='ltr'><em>ψαντα,</em></span> <span class='ocrx_word' id='word_1_595' title='bbox 2410 3806 2705 3876; x_wconf 85' lang='grc' dir='ltr'><em>ἀγαπητῶς</em></span> <span class='ocrx_word' id='word_1_596' title='bbox 2728 3805 2788 3858; x_wconf 80' lang='grc' dir='ltr'><em>τὸ</em></span> <span class='ocrx_word' id='word_1_597' title='bbox 2817 3804 2889 3876; x_wconf 82' lang='grc' dir='ltr'><em>μὴ</em></span> <span class='ocrx_word' id='word_1_598' title='bbox 2912 3803 3241 3875; x_wconf 79' lang='grc' dir='ltr'><em>κακοῦργον,</em></span> <span class='ocrx_word' id='word_1_599' title='bbox 3270 3803 3364 3857; x_wconf 77' lang='grc' dir='ltr'><em>καὶ</em></span> <span class='ocrx_word' id='word_1_600' title='bbox 3386 3801 3773 3872; x_wconf 78' lang='grc' dir='ltr'><em>κατεγνωσμέ-</em></span> 
     </span>
    </p>
   </div>
   <div class='ocr_carea' id='block_1_85' title="bbox 2186 3893 3771 3967">
    <p class='ocr_par' dir='ltr' id='par_1_85' title="bbox 2186 3893 3771 3967">
     <span class='ocr_line' id='line_1_85' title="bbox 2186 3893 3771 3967; baseline -0.005 -11"><span class='ocrx_word' id='word_1_601' title='bbox 2186 3920 2277 3956; x_wconf 91' lang='grc' dir='ltr'><strong>νον</strong></span> <span class='ocrx_word' id='word_1_602' title='bbox 2331 3897 2489 3966; x_wconf 73' lang='grc' dir='ltr'><em>εἷναι,</em></span> <span class='ocrx_word' id='word_1_603' title='bbox 2537 3899 2627 3953; x_wconf 81' lang='grc' dir='ltr'><em>διὰ</em></span> <span class='ocrx_word' id='word_1_604' title='bbox 2683 3898 2792 3953; x_wconf 86' lang='grc' dir='ltr'><strong>τῶν</strong></span> <span class='ocrx_word' id='word_1_605' title='bbox 2853 3897 3027 3967; x_wconf 91' lang='grc' dir='ltr'><em>λόγων</em></span> <span class='ocrx_word' id='word_1_606' title='bbox 3088 3896 3551 3960; x_wconf 62' lang='grc' dir='ltr'><em>ἀποδὲικνύοντες.</em></span> <span class='ocrx_word' id='word_1_607' title='bbox 3614 3893 3771 3948; x_wconf 77' lang='grc' dir='ltr'><em>Ἀλλὰ</em></span> 
     </span>
    </p>
   </div>
   <div class='ocr_carea' id='block_1_86' title="bbox 2191 3985 3771 4066">
    <p class='ocr_par' dir='ltr' id='par_1_86' title="bbox 2191 3985 3771 4066">
     <span class='ocr_line' id='line_1_86' title="bbox 2191 3985 3771 4066; baseline -0.006 -19"><span class='ocrx_word' id='word_1_608' title='bbox 2191 3994 2473 4066; x_wconf 86' lang='grc' dir='ltr'><em>μέμνημαι</em></span> <span class='ocrx_word' id='word_1_609' title='bbox 2500 3993 2598 4062; x_wconf 85' lang='grc' dir='ltr'><em>τῆς</em></span> <span class='ocrx_word' id='word_1_610' title='bbox 2630 3991 2781 4053; x_wconf 85' lang='grc' dir='ltr'><em>θείας</em></span> <span class='ocrx_word' id='word_1_611' title='bbox 2818 3990 3033 4059; x_wconf 80' lang='grc' dir='ltr'><em>ἐκείνης</em></span> <span class='ocrx_word' id='word_1_612' title='bbox 3067 3989 3269 4058; x_wconf 82' lang='grc' dir='ltr'><em>φωνῆς,</em></span> <span class='ocrx_word' id='word_1_613' title='bbox 3303 3987 3379 4051; x_wconf 84' lang='grc' dir='ltr'><em>ὡς</em></span> <span class='ocrx_word' id='word_1_614' title='bbox 3418 3985 3771 4057; x_wconf 83' lang='grc' dir='ltr'><em>προφητικῶς</em></span> 
     </span>
    </p>
   </div>
   <div class='ocr_carea' id='block_1_87' title="bbox 2188 4078 3769 4155">
    <p class='ocr_par' dir='ltr' id='par_1_87' title="bbox 2188 4078 3769 4155">
     <span class='ocr_line' id='line_1_87' title="bbox 2188 4078 3769 4155; baseline -0.004 -18"><span class='ocrx_word' id='word_1_615' title='bbox 2188 4085 2316 4155; x_wconf 74' lang='grc' dir='ltr'><em>περὶ</em></span> <span class='ocrx_word' id='word_1_616' title='bbox 2345 4081 2511 4136; x_wconf 79' lang='grc' dir='ltr'><em>αὐτοῦ</em></span> <span class='ocrx_word' id='word_1_617' title='bbox 2547 4082 2615 4135; x_wconf 78' lang='grc' dir='ltr'><em>τὰ</em></span> <span class='ocrx_word' id='word_1_618' title='bbox 2660 4083 2724 4135; x_wconf 82' lang='grc' dir='ltr'><em>ὲκ</em></span> <span class='ocrx_word' id='word_1_619' title='bbox 2765 4082 2862 4151; x_wconf 80' lang='grc' dir='ltr'><em>τῆς</em></span> <span class='ocrx_word' id='word_1_620' title='bbox 2909 4080 3242 4152; x_wconf 84' lang='grc' dir='ltr'><em>προφητείας</em></span> <span class='ocrx_word' id='word_1_621' title='bbox 3272 4078 3593 4147; x_wconf 80' lang='grc' dir='ltr'><em>ἐφθέγξατο,</em></span> <span class='ocrx_word' id='word_1_622' title='bbox 3634 4079 3769 4132; x_wconf 82' lang='grc' dir='ltr'><em>ὅπου</em></span> 
     </span>
    </p>
   </div>
   <div class='ocr_carea' id='block_1_88' title="bbox 2188 4171 3767 4246">
    <p class='ocr_par' dir='ltr' id='par_1_88' title="bbox 2188 4171 3767 4246">
     <span class='ocr_line' id='line_1_88' title="bbox 2188 4171 3767 4246; baseline -0.004 -16"><span class='ocrx_word' id='word_1_623' title='bbox 2188 4180 2306 4240; x_wconf 83' lang='grc' dir='ltr'><em>ταῖς</em></span> <span class='ocrx_word' id='word_1_624' title='bbox 2344 4174 2718 4246; x_wconf 81' lang='grc' dir='ltr'><em>ἀναισχύντοις</em></span> <span class='ocrx_word' id='word_1_625' title='bbox 2750 4173 2913 4227; x_wconf 75' lang='grc' dir='ltr'><em>αὐτὸν</em></span> <span class='ocrx_word' id='word_1_626' title='bbox 2946 4173 3054 4227; x_wconf 89' lang='grc' dir='ltr'><strong>τῶν</strong></span> <span class='ocrx_word' id='word_1_627' title='bbox 3097 4172 3372 4241; x_wconf 85' lang='grc' dir='ltr'><em>γυναικῶν</em></span> <span class='ocrx_word' id='word_1_628' title='bbox 3408 4171 3767 4243; x_wconf 71' lang='grc' dir='ltr'><em>παρεικάζειο</em></span> 
     </span>
    </p>
   </div>
   <div class='ocr_carea' id='block_1_89' title="bbox 2188 4262 3767 4335">
    <p class='ocr_par' dir='ltr' id='par_1_89' title="bbox 2188 4262 3767 4335">
     <span class='ocr_line' id='line_1_89' title="bbox 2188 4262 3767 4335; baseline -0.003 -14"><span class='ocrx_word' id='word_1_629' title='bbox 2188 4267 2241 4321; x_wconf 79' lang='grc' dir='ltr'><em>αἳ</em></span> <span class='ocrx_word' id='word_1_630' title='bbox 2281 4267 2353 4321; x_wconf 77' lang='grc' dir='ltr'><em>τὰ</em></span> <span class='ocrx_word' id='word_1_631' title='bbox 2397 4266 2506 4319; x_wconf 83' lang='grc' dir='ltr'><em>ἴδια</em></span> <span class='ocrx_word' id='word_1_632' title='bbox 2556 4265 2729 4335; x_wconf 81' lang='grc' dir='ltr'><em>ὀνείδη</em></span> <span class='ocrx_word' id='word_1_633' title='bbox 2784 4268 2903 4327; x_wconf 81' lang='grc' dir='ltr'><em>ταῖς</em></span> <span class='ocrx_word' id='word_1_634' title='bbox 2954 4263 3358 4334; x_wconf 87' lang='grc' dir='ltr'><em>σωφρονούσαις</em></span> <span class='ocrx_word' id='word_1_635' title='bbox 3413 4262 3767 4333; x_wconf 82' lang='grc' dir='ltr'><em>προφέρουσι.</em></span> 
     </span>
    </p>
   </div>
   <div class='ocr_carea' id='block_1_90' title="bbox 2189 4354 3768 4427">
    <p class='ocr_par' dir='ltr' id='par_1_90' title="bbox 2189 4354 3768 4427">
     <span class='ocr_line' id='line_1_90' title="bbox 2189 4354 3768 4427; baseline -0.003 -16"><span class='ocrx_word' id='word_1_636' title='bbox 2189 4358 2322 4412; x_wconf 76' lang='grc' dir='ltr'><em>Τίνα</em></span> <span class='ocrx_word' id='word_1_637' title='bbox 2354 4356 2462 4427; x_wconf 85' lang='grc' dir='ltr'><em>γὰρ</em></span> <span class='ocrx_word' id='word_1_638' title='bbox 2500 4356 2691 4426; x_wconf 76' lang='grc' dir='ltr'><em>ἐχθρὸν</em></span> <span class='ocrx_word' id='word_1_639' title='bbox 2728 4356 2825 4425; x_wconf 86' lang='grc' dir='ltr'><em>τῆς</em></span> <span class='ocrx_word' id='word_1_640' title='bbox 2854 4354 3108 4426; x_wconf 73' lang='grc' dir='ltr'><em>ἀληθείας</em></span> <span class='ocrx_word' id='word_1_641' title='bbox 3140 4356 3189 4407; x_wconf 81' lang='grc' dir='ltr'><em>οἱ</em></span> <span class='ocrx_word' id='word_1_642' title='bbox 3218 4355 3366 4423; x_wconf 88' lang='grc' dir='ltr'><em>λόγοι</em></span> <span class='ocrx_word' id='word_1_643' title='bbox 3409 4354 3768 4426; x_wconf 87' lang='grc' dir='ltr'><em>κηρύττουσι;</em></span> 
     </span>
    </p>
   </div>
   <div class='ocr_carea' id='block_1_91' title="bbox 2189 4446 3771 4516">
    <p class='ocr_par' dir='ltr' id='par_1_91' title="bbox 2189 4446 3771 4516">
     <span class='ocr_line' id='line_1_91' title="bbox 2189 4446 3771 4516; baseline -0.003 -15"><span class='ocrx_word' id='word_1_644' title='bbox 2189 4448 2323 4502; x_wconf 85' lang='grc' dir='ltr'><em>Τίνα</em></span> <span class='ocrx_word' id='word_1_645' title='bbox 2366 4451 2483 4510; x_wconf 84' lang='grc' dir='ltr'><em>ταῖς</em></span> <span class='ocrx_word' id='word_1_646' title='bbox 2529 4448 2637 4501; x_wconf 88' lang='grc' dir='ltr'><strong>τῶν</strong></span> <span class='ocrx_word' id='word_1_647' title='bbox 2683 4447 2891 4501; x_wconf 84' lang='grc' dir='ltr'><em>πολλῶν</em></span> <span class='ocrx_word' id='word_1_648' title='bbox 2936 4446 3116 4512; x_wconf 81' lang='grc' dir='ltr'><em>δόξαις</em></span> <span class='ocrx_word' id='word_1_649' title='bbox 3162 4446 3641 4516; x_wconf 75' lang='grc' dir='ltr'><em>ἀντιτασσόμενονς</em></span> <span class='ocrx_word' id='word_1_650' title='bbox 3675 4446 3771 4508; x_wconf 83' lang='grc' dir='ltr'><em>Τίς</em></span> 
     </span>
    </p>
   </div>
   <div class='ocr_carea' id='block_1_92' title="bbox 2188 4537 3773 4612">
    <p class='ocr_par' dir='ltr' id='par_1_92' title="bbox 2188 4537 3773 4612">
     <span class='ocr_line' id='line_1_92' title="bbox 2188 4537 3773 4612; baseline -0.003 -18"><span class='ocrx_word' id='word_1_651' title='bbox 2188 4544 2416 4594; x_wconf 83' lang='grc' dir='ltr'><em>αἰτεῖται</em></span> <span class='ocrx_word' id='word_1_652' title='bbox 2448 4540 2576 4612; x_wconf 82' lang='grc' dir='ltr'><em>περὶ</em></span> <span class='ocrx_word' id='word_1_653' title='bbox 2601 4540 2708 4592; x_wconf 83' lang='grc' dir='ltr'><strong>τῶν</strong></span> <span class='ocrx_word' id='word_1_654' title='bbox 2737 4538 3172 4609; x_wconf 80' lang='grc' dir='ltr'><em>ἐντυγχανόντων</em></span> <span class='ocrx_word' id='word_1_655' title='bbox 3202 4537 3365 4591; x_wconf 79' lang='grc' dir='ltr'><em>αὑτοῦ</em></span> <span class='ocrx_word' id='word_1_656' title='bbox 3395 4537 3472 4607; x_wconf 81' lang='grc' dir='ltr'><em>τῷ</em></span> <span class='ocrx_word' id='word_1_657' title='bbox 3497 4537 3773 4606; x_wconf 81' lang='grc' dir='ltr'><em>συγγράμ-</em></span> 
     </span>
    </p>
   </div>
   <div class='ocr_carea' id='block_1_93' title="bbox 2197 4630 3769 4705">
    <p class='ocr_par' dir='ltr' id='par_1_93' title="bbox 2197 4630 3769 4705">
     <span class='ocr_line' id='line_1_93' title="bbox 2197 4630 3769 4705; baseline -0.004 -18"><span class='ocrx_word' id='word_1_658' title='bbox 2197 4652 2350 4705; x_wconf 83' lang='grc' dir='ltr'><em>ματι,</em></span> <span class='ocrx_word' id='word_1_659' title='bbox 2385 4634 2459 4705; x_wconf 84' lang='grc' dir='ltr'><em>μὴ</em></span> <span class='ocrx_word' id='word_1_660' title='bbox 2496 4634 2632 4704; x_wconf 84' lang='grc' dir='ltr'><em>πρὸς</em></span> <span class='ocrx_word' id='word_1_661' title='bbox 2678 4638 2739 4685; x_wconf 89' lang='grc' dir='ltr'><em>τὸ</em></span> <span class='ocrx_word' id='word_1_662' title='bbox 2780 4630 2982 4701; x_wconf 79' lang='grc' dir='ltr'><em>πλῆθος</em></span> <span class='ocrx_word' id='word_1_663' title='bbox 3009 4631 3117 4683; x_wconf 86' lang='grc' dir='ltr'><strong>τῶν</strong></span> <span class='ocrx_word' id='word_1_664' title='bbox 3154 4630 3572 4703; x_wconf 71' lang='grc' dir='ltr'><em>μαρτυρούντων</em></span> <span class='ocrx_word' id='word_1_665' title='bbox 3615 4631 3769 4700; x_wconf 81' lang='grc' dir='ltr'><em>όρᾷν,</em></span> 
     </span>
    </p>
   </div>
   <div class='ocr_carea' id='block_1_94' title="bbox 513 4710 2083 4799">
    <p class='ocr_par' dir='ltr' id='par_1_94' title="bbox 513 4718 2083 4792">
     <span class='ocr_line' id='line_1_94' title="bbox 513 4718 2083 4792; baseline 0.006 -22"><span class='ocrx_word' id='word_1_666' title='bbox 513 4718 709 4784; x_wconf 74' lang='lat' dir='ltr'><strong>stium,</strong></span> <span class='ocrx_word' id='word_1_667' title='bbox 739 4733 920 4789; x_wconf 89' lang='lat' dir='ltr'><strong>neque</strong></span> <span class='ocrx_word' id='word_1_668' title='bbox 957 4719 1024 4774; x_wconf 90' lang='lat' dir='ltr'><strong>ad</strong></span> <span class='ocrx_word' id='word_1_669' title='bbox 1055 4720 1465 4791; x_wconf 90' lang='lat' dir='ltr'><strong>antiquitatem,</strong></span> <span class='ocrx_word' id='word_1_670' title='bbox 1499 4738 1675 4792; x_wconf 86' lang='lat' dir='ltr'><strong>neque</strong></span> <span class='ocrx_word' id='word_1_671' title='bbox 1716 4725 2083 4783; x_wconf 77' lang='lat' dir='ltr'><strong>assentiamur</strong></span> 
     </span>
    </p>
   </div>
   <div class='ocr_carea' id='block_1_95' title="bbox 2183 4710 3771 4799">
    <p class='ocr_par' dir='ltr' id='par_1_95' title="bbox 2199 4721 3771 4799">
     <span class='ocr_line' id='line_1_95' title="bbox 2199 4721 3771 4799; baseline -0.006 -18"><span class='ocrx_word' id='word_1_672' title='bbox 2199 4727 2335 4799; x_wconf 85' lang='grc' dir='ltr'><em>μηδὲ</em></span> <span class='ocrx_word' id='word_1_673' title='bbox 2382 4726 2518 4798; x_wconf 79' lang='grc' dir='ltr'><em>πρὸς</em></span> <span class='ocrx_word' id='word_1_674' title='bbox 2551 4724 2648 4795; x_wconf 76' lang='grc' dir='ltr'><em>τὴν</em></span> <span class='ocrx_word' id='word_1_675' title='bbox 2689 4725 3024 4796; x_wconf 86' lang='grc' dir='ltr'><em>ἀρχαιότητα</em></span> <span class='ocrx_word' id='word_1_676' title='bbox 3070 4723 3307 4793; x_wconf 86' lang='grc' dir='ltr'><em>βλέπειν,</em></span> <span class='ocrx_word' id='word_1_677' title='bbox 3361 4722 3493 4793; x_wconf 80' lang='grc' dir='ltr'><em>μηδὲ</em></span> <span class='ocrx_word' id='word_1_678' title='bbox 3528 4722 3664 4790; x_wconf 82' lang='grc' dir='ltr'><em>πρὸς</em></span> <span class='ocrx_word' id='word_1_679' title='bbox 3708 4721 3771 4773; x_wconf 87' lang='grc' dir='ltr'><em>τὸ</em></span> 
     </span>
    </p>
   </div>
   <div class='ocr_carea' id='block_1_96' title="bbox 512 4804 2094 4887">
    <p class='ocr_par' dir='ltr' id='par_1_96' title="bbox 512 4804 2094 4887">
     <span class='ocr_line' id='line_1_96' title="bbox 512 4804 2094 4887; baseline 0.006 -22"><span class='ocrx_word' id='word_1_680' title='bbox 512 4810 645 4874; x_wconf 83' lang='lat' dir='ltr'><strong>illis,</strong></span> <span class='ocrx_word' id='word_1_681' title='bbox 680 4811 839 4881; x_wconf 86' lang='lat' dir='ltr'><strong>quasi</strong></span> <span class='ocrx_word' id='word_1_682' title='bbox 863 4810 970 4866; x_wconf 84' lang='lat' dir='ltr'><strong>ﬁde</strong></span> <span class='ocrx_word' id='word_1_683' title='bbox 998 4818 1054 4869; x_wconf 89' lang='lat' dir='ltr'><strong>et</strong></span> <span class='ocrx_word' id='word_1_684' title='bbox 1087 4825 1321 4881; x_wconf 83' lang='lat' dir='ltr'><strong>assensu</strong></span> <span class='ocrx_word' id='word_1_685' title='bbox 1354 4813 1512 4884; x_wconf 80' lang='lat' dir='ltr'><strong>longe</strong></span> <span class='ocrx_word' id='word_1_686' title='bbox 1541 4804 2094 4887; x_wconf 75' lang='lat' dir='ltr'><strong>dignioribus?Ejus-</strong></span> 
     </span>
    </p>
   </div>
   <div class='ocr_carea' id='block_1_97' title="bbox 509 4902 2090 4979">
    <p class='ocr_par' dir='ltr' id='par_1_97' title="bbox 509 4902 2090 4979">
     <span class='ocr_line' id='line_1_97' title="bbox 509 4902 2090 4979; baseline 0.003 -20"><span class='ocrx_word' id='word_1_687' title='bbox 509 4903 639 4975; x_wconf 75' lang='lat' dir='ltr'><strong>dem</strong></span> <span class='ocrx_word' id='word_1_688' title='bbox 661 4902 914 4960; x_wconf 86' lang='lat' dir='ltr'><strong>videlicet</strong></span> <span class='ocrx_word' id='word_1_689' title='bbox 939 4911 1025 4962; x_wconf 86' lang='lat' dir='ltr'><strong>est</strong></span> <span class='ocrx_word' id='word_1_690' title='bbox 1052 4911 1109 4960; x_wconf 87' lang='lat' dir='ltr'><strong>et</strong></span> <span class='ocrx_word' id='word_1_691' title='bbox 1138 4904 1256 4961; x_wconf 73' lang='lat' dir='ltr'><strong>haec</strong></span> <span class='ocrx_word' id='word_1_692' title='bbox 1296 4906 1563 4973; x_wconf 84' lang='lat' dir='ltr'><strong>scribere,</strong></span> <span class='ocrx_word' id='word_1_693' title='bbox 1603 4916 1658 4961; x_wconf 87' lang='lat' dir='ltr'><strong>et</strong></span> <span class='ocrx_word' id='word_1_694' title='bbox 1711 4908 1810 4963; x_wconf 90' lang='lat' dir='ltr'><strong>illa</strong></span> <span class='ocrx_word' id='word_1_695' title='bbox 1840 4908 2090 4979; x_wconf 88' lang='lat' dir='ltr'><strong>proferre</strong></span> 
     </span>
    </p>
   </div>
   <div class='ocr_carea' id='block_1_98' title="bbox 511 4995 2093 5067">
    <p class='ocr_par' dir='ltr' id='par_1_98' title="bbox 511 4995 2093 5067">
     <span class='ocr_line' id='line_1_98' title="bbox 511 4995 2093 5067; baseline 0.004 -16"><span class='ocrx_word' id='word_1_696' title='bbox 511 4995 867 5067; x_wconf 82' lang='lat' dir='ltr'><strong>studereque,</strong></span> <span class='ocrx_word' id='word_1_697' title='bbox 899 5005 961 5052; x_wconf 84' lang='lat' dir='ltr'><strong>ut.</strong></span> <span class='ocrx_word' id='word_1_698' title='bbox 993 4997 1111 5057; x_wconf 86' lang='lat' dir='ltr'><strong>suis</strong></span> <span class='ocrx_word' id='word_1_699' title='bbox 1163 4999 1501 5056; x_wconf 90' lang='lat' dir='ltr'><strong>novitatibus</strong></span> <span class='ocrx_word' id='word_1_700' title='bbox 1539 5000 1846 5057; x_wconf 89' lang='lat' dir='ltr'><strong>auditorum</strong></span> <span class='ocrx_word' id='word_1_701' title='bbox 1880 5003 2093 5058; x_wconf 88' lang='lat' dir='ltr'><strong>animos</strong></span> 
     </span>
    </p>
   </div>
   <div class='ocr_carea' id='block_1_99' title="bbox 512 5088 2091 5164">
    <p class='ocr_par' dir='ltr' id='par_1_99' title="bbox 512 5088 2091 5164">
     <span class='ocr_line' id='line_1_99' title="bbox 512 5088 2091 5164; baseline 0.003 -19"><span class='ocrx_word' id='word_1_702' title='bbox 512 5088 772 5145; x_wconf 88' lang='lat' dir='ltr'><strong>conciliet</strong></span> <span class='ocrx_word' id='word_1_703' title='bbox 802 5090 989 5147; x_wconf 85' lang='lat' dir='ltr'><strong>:alios</strong></span> <span class='ocrx_word' id='word_1_704' title='bbox 1045 5097 1227 5150; x_wconf 86' lang='lat' dir='ltr'><strong>autem</strong></span> <span class='ocrx_word' id='word_1_705' title='bbox 1288 5094 1557 5148; x_wconf 86' lang='lat' dir='ltr'><strong>conviciis</strong></span> <span class='ocrx_word' id='word_1_706' title='bbox 1613 5094 1912 5164; x_wconf 88' lang='lat' dir='ltr'><strong>incessere,</strong></span> <span class='ocrx_word' id='word_1_707' title='bbox 1965 5103 2091 5150; x_wconf 89' lang='lat' dir='ltr'><strong>tan-</strong></span> 
     </span>
    </p>
   </div>
   <div class='ocr_carea' id='block_1_100' title="bbox 510 5183 2084 5255">
    <p class='ocr_par' dir='ltr' id='par_1_100' title="bbox 510 5183 2084 5255">
     <span class='ocr_line' id='line_1_100' title="bbox 510 5183 2084 5255; baseline 0.006 -21"><span class='ocrx_word' id='word_1_708' title='bbox 510 5194 678 5250; x_wconf 87' lang='lat' dir='ltr'><strong>quam</strong></span> <span class='ocrx_word' id='word_1_709' title='bbox 740 5183 1017 5237; x_wconf 89' lang='lat' dir='ltr'><strong>communi</strong></span> <span class='ocrx_word' id='word_1_710' title='bbox 1080 5184 1361 5239; x_wconf 88' lang='lat' dir='ltr'><strong>hominum</strong></span> <span class='ocrx_word' id='word_1_711' title='bbox 1436 5187 1677 5255; x_wconf 91' lang='lat' dir='ltr'><strong>opinioni</strong></span> <span class='ocrx_word' id='word_1_712' title='bbox 1756 5189 2084 5243; x_wconf 85' lang='lat' dir='ltr'><strong>contrarios.</strong></span> 
     </span>
    </p>
   </div>
   <div class='ocr_carea' id='block_1_101' title="bbox 513 5270 2088 5351">
    <p class='ocr_par' dir='ltr' id='par_1_101' title="bbox 513 5270 2088 5351">
     <span class='ocr_line' id='line_1_101' title="bbox 513 5270 2088 5351; baseline 0.008 -26"><span class='ocrx_word' id='word_1_713' title='bbox 513 5270 649 5326; x_wconf 76' lang='lat' dir='ltr'><strong>Illud</strong></span> <span class='ocrx_word' id='word_1_714' title='bbox 680 5288 831 5337; x_wconf 85' lang='lat' dir='ltr'><strong>vero,</strong></span> <span class='ocrx_word' id='word_1_715' title='bbox 852 5292 955 5329; x_wconf 84' lang='lat' dir='ltr'><strong>non</strong></span> <span class='ocrx_word' id='word_1_716' title='bbox 980 5278 1201 5333; x_wconf 83' lang='lat' dir='ltr'><strong>revereri</strong></span> <span class='ocrx_word' id='word_1_717' title='bbox 1229 5279 1653 5348; x_wconf 85' lang='lat' dir='ltr'><strong>redargutionem</strong></span> <span class='ocrx_word' id='word_1_718' title='bbox 1679 5296 1745 5335; x_wconf 76' lang='lat' dir='ltr'><strong>ea;</strong></span> <span class='ocrx_word' id='word_1_719' title='bbox 1780 5282 1934 5337; x_wconf 89' lang='lat' dir='ltr'><strong>rebus</strong></span> <span class='ocrx_word' id='word_1_720' title='bbox 1957 5282 2088 5351; x_wconf 86' lang='lat' dir='ltr'><strong>ipsis</strong></span> 
     </span>
    </p>
   </div>
   <div class='ocr_carea' id='block_1_102' title="bbox 512 5364 2089 5445">
    <p class='ocr_par' dir='ltr' id='par_1_102' title="bbox 512 5364 2089 5445">
     <span class='ocr_line' id='line_1_102' title="bbox 512 5364 2089 5445; baseline 0.01 -31"><span class='ocrx_word' id='word_1_721' title='bbox 512 5364 753 5431; x_wconf 80' lang='lat' dir='ltr'><strong>petitam,</strong></span> <span class='ocrx_word' id='word_1_722' title='bbox 774 5381 937 5435; x_wconf 88' lang='lat' dir='ltr'><strong>neque</strong></span> <span class='ocrx_word' id='word_1_723' title='bbox 960 5367 1411 5437; x_wconf 84' lang='lat' dir='ltr'><strong>reprehensionem</strong></span> <span class='ocrx_word' id='word_1_724' title='bbox 1431 5370 1727 5438; x_wconf 88' lang='lat' dir='ltr'><strong>hominum,</strong></span> <span class='ocrx_word' id='word_1_725' title='bbox 1754 5379 1810 5427; x_wconf 85' lang='lat' dir='ltr'><strong>et.</strong></span> <span class='ocrx_word' id='word_1_726' title='bbox 1835 5373 1887 5427; x_wconf 90' lang='lat' dir='ltr'><strong>id</strong></span> <span class='ocrx_word' id='word_1_727' title='bbox 1917 5390 2089 5445; x_wconf 78' lang='lat' dir='ltr'><strong>genus</strong></span> 
     </span>
    </p>
   </div>
   <div class='ocr_carea' id='block_1_103' title="bbox 513 5455 2087 5535">
    <p class='ocr_par' dir='ltr' id='par_1_103' title="bbox 513 5455 2087 5535">
     <span class='ocr_line' id='line_1_103' title="bbox 513 5455 2087 5535; baseline 0.008 -27"><span class='ocrx_word' id='word_1_728' title='bbox 513 5455 644 5519; x_wconf 76' lang='lat' dir='ltr'><strong>alia,</strong></span> <span class='ocrx_word' id='word_1_729' title='bbox 675 5472 797 5525; x_wconf 69' lang='lat' dir='ltr'><strong>qua:</strong></span> <span class='ocrx_word' id='word_1_730' title='bbox 821 5457 1153 5528; x_wconf 89' lang='lat' dir='ltr'><strong>impotenter</strong></span> <span class='ocrx_word' id='word_1_731' title='bbox 1179 5461 1396 5529; x_wconf 71' lang='lat' dir='ltr'><strong>elfutiit,</strong></span> <span class='ocrx_word' id='word_1_732' title='bbox 1433 5464 1656 5522; x_wconf 83' lang='lat' dir='ltr'><strong>lectoris</strong></span> <span class='ocrx_word' id='word_1_733' title='bbox 1679 5466 1889 5535; x_wconf 84' lang='lat' dir='ltr'><strong>judicio</strong></span> <span class='ocrx_word' id='word_1_734' title='bbox 1917 5468 2087 5523; x_wconf 88' lang='lat' dir='ltr'><strong>relin—</strong></span> 
     </span>
    </p>
   </div>
   <div class='ocr_carea' id='block_1_104' title="bbox 514 5550 2088 5631">
    <p class='ocr_par' dir='ltr' id='par_1_104' title="bbox 514 5550 2088 5631">
     <span class='ocr_line' id='line_1_104' title="bbox 514 5550 2088 5631; baseline 0.009 -29"><span class='ocrx_word' id='word_1_735' title='bbox 514 5560 628 5617; x_wconf 82' lang='lat' dir='ltr'><strong>quo</strong></span> <span class='ocrx_word' id='word_1_736' title='bbox 656 5566 675 5601; x_wconf 73' lang='grc' dir='ltr'><strong>ι</strong></span> <span class='ocrx_word' id='word_1_737' title='bbox 704 5550 924 5605; x_wconf 88' lang='lat' dir='ltr'><strong>cuinam</strong></span> <span class='ocrx_word' id='word_1_738' title='bbox 960 5567 1095 5609; x_wconf 86' lang='lat' dir='ltr'><strong>vero</strong></span> <span class='ocrx_word' id='word_1_739' title='bbox 1122 5563 1456 5625; x_wconf 86' lang='lat' dir='ltr'><strong>competant,</strong></span> <span class='ocrx_word' id='word_1_740' title='bbox 1506 5574 1642 5613; x_wconf 91' lang='lat' dir='ltr'><strong>num</strong></span> <span class='ocrx_word' id='word_1_741' title='bbox 1689 5559 1791 5626; x_wconf 89' lang='lat' dir='ltr'><strong>illi,</strong></span> <span class='ocrx_word' id='word_1_742' title='bbox 1824 5560 1923 5631; x_wconf 89' lang='lat' dir='ltr'><strong>qui</strong></span> <span class='ocrx_word' id='word_1_743' title='bbox 1954 5569 2088 5616; x_wconf 89' lang='lat' dir='ltr'><strong>tem-</strong></span> 
     </span>
    </p>
   </div>
   <div class='ocr_carea' id='block_1_105' title="bbox 515 5640 2087 5730">
    <p class='ocr_par' dir='ltr' id='par_1_105' title="bbox 515 5640 2087 5730">
     <span class='ocr_line' id='line_1_105' title="bbox 515 5640 2087 5730; baseline 0.011 -39"><span class='ocrx_word' id='word_1_744' title='bbox 515 5640 840 5711; x_wconf 75' lang='lat' dir='ltr'><strong>perantiam,</strong></span> <span class='ocrx_word' id='word_1_745' title='bbox 890 5647 1294 5719; x_wconf 85' lang='lat' dir='ltr'><strong>verecundiam,</strong></span> <span class='ocrx_word' id='word_1_746' title='bbox 1358 5651 1705 5727; x_wconf 82' lang='lat' dir='ltr'><strong>modestiam,</strong></span> <span class='ocrx_word' id='word_1_747' title='bbox 1761 5668 2087 5730; x_wconf 84' lang='lat' dir='ltr'><strong>omnemque</strong></span> 
     </span>
    </p>
   </div>
   <div class='ocr_carea' id='block_1_106' title="bbox 590 5818 1023 5899">
    <p class='ocr_par' dir='ltr' id='par_1_106' title="bbox 590 5818 1023 5899">
     <span class='ocr_line' id='line_1_106' title="bbox 590 5818 1023 5899; baseline 0.009 -21"><span class='ocrx_word' id='word_1_748' title='bbox 590 5818 637 5870; x_wconf 52' lang='lat' dir='ltr'><strong>ll</strong></span> <span class='ocrx_word' id='word_1_749' title='bbox 672 5819 783 5895; x_wconf 63' lang='lat' dir='ltr'><strong>{et}.</strong></span> <span class='ocrx_word' id='word_1_750' title='bbox 845 5840 927 5899; x_wconf 36' lang='lat' dir='ltr'><strong>Il‘l,</strong></span> <span class='ocrx_word' id='word_1_751' title='bbox 968 5826 1023 5898; x_wconf 27' lang='lat'><strong>5..</strong></span> 
     </span>
    </p>
   </div>
   <div class='ocr_carea' id='block_1_107' title="bbox 2195 4811 3772 4886">
    <p class='ocr_par' dir='ltr' id='par_1_107' title="bbox 2195 4811 3772 4886">
     <span class='ocr_line' id='line_1_107' title="bbox 2195 4811 3772 4886; baseline -0.006 -15"><span class='ocrx_word' id='word_1_752' title='bbox 2195 4816 2503 4883; x_wconf 76' lang='grc' dir='ltr'><em>ἀξιόπιστον</em></span> <span class='ocrx_word' id='word_1_753' title='bbox 2542 4815 2648 4869; x_wconf 86' lang='grc' dir='ltr'><strong>τῶν</strong></span> <span class='ocrx_word' id='word_1_754' title='bbox 2682 4814 2815 4886; x_wconf 84' lang='grc' dir='ltr'><em>πρὸς</em></span> <span class='ocrx_word' id='word_1_755' title='bbox 2852 4814 2912 4867; x_wconf 87' lang='grc' dir='ltr'><em>τὸ</em></span> <span class='ocrx_word' id='word_1_756' title='bbox 2950 4815 3194 4885; x_wconf 85' lang='grc' dir='ltr'><em>κρεῖττον</em></span> <span class='ocrx_word' id='word_1_757' title='bbox 3223 4811 3642 4883; x_wconf 68' lang='grc' dir='ltr'><em>ὑπειλημμένων</em></span> <span class='ocrx_word' id='word_1_758' title='bbox 3679 4811 3772 4882; x_wconf 75' lang='grc' dir='ltr'><strong>ῥέ-</strong></span> 
     </span>
    </p>
   </div>
   <div class='ocr_carea' id='block_1_108' title="bbox 2195 4902 3773 4979">
    <p class='ocr_par' dir='ltr' id='par_1_108' title="bbox 2195 4902 3773 4979">
     <span class='ocr_line' id='line_1_108' title="bbox 2195 4902 3773 4979; baseline -0.005 -15"><span class='ocrx_word' id='word_1_759' title='bbox 2195 4928 2318 4964; x_wconf 88' lang='grc' dir='ltr'><em>πειν</em></span> <span class='ocrx_word' id='word_1_760' title='bbox 2348 4914 2467 4972; x_wconf 78' lang='grc' dir='ltr'><em>ταῖς</em></span> <span class='ocrx_word' id='word_1_761' title='bbox 2493 4907 2767 4979; x_wconf 83' lang='grc' dir='ltr'><em>γνὼμαις;</em></span> <span class='ocrx_word' id='word_1_762' title='bbox 2800 4909 2942 4978; x_wconf 77' lang='grc' dir='ltr'><em>Ἀρα</em></span> <span class='ocrx_word' id='word_1_763' title='bbox 2970 4904 3065 4959; x_wconf 79' lang='grc' dir='ltr'><em>τοῦ</em></span> <span class='ocrx_word' id='word_1_764' title='bbox 3103 4905 3266 4958; x_wconf 80' lang='grc' dir='ltr'><em>αὐτοῦ</em></span> <span class='ocrx_word' id='word_1_765' title='bbox 3309 4906 3427 4957; x_wconf 79' lang='grc' dir='ltr'><em>ἐστι</em></span> <span class='ocrx_word' id='word_1_766' title='bbox 3465 4904 3559 4957; x_wconf 81' lang='grc' dir='ltr'><em>καὶ</em></span> <span class='ocrx_word' id='word_1_767' title='bbox 3598 4902 3773 4956; x_wconf 78' lang='grc' dir='ltr'><em>ταῦτα</em></span> 
     </span>
    </p>
   </div>
   <div class='ocr_carea' id='block_1_109' title="bbox 2194 4994 3771 5074">
    <p class='ocr_par' dir='ltr' id='par_1_109' title="bbox 2194 4994 3771 5074">
     <span class='ocr_line' id='line_1_109' title="bbox 2194 4994 3771 5074; baseline -0.006 -18"><span class='ocrx_word' id='word_1_768' title='bbox 2194 5003 2447 5074; x_wconf 77' lang='grc' dir='ltr'><em>γράφειν,</em></span> <span class='ocrx_word' id='word_1_769' title='bbox 2478 5002 2571 5054; x_wconf 82' lang='lat' dir='ltr'><strong>xui</strong></span> <span class='ocrx_word' id='word_1_770' title='bbox 2604 5002 2788 5053; x_wconf 80' lang='grc' dir='ltr'><em>ἐκεῖνα</em></span> <span class='ocrx_word' id='word_1_771' title='bbox 2811 4997 3129 5069; x_wconf 83' lang='grc' dir='ltr'><em>προφέρειν,</em></span> <span class='ocrx_word' id='word_1_772' title='bbox 3170 4996 3265 5051; x_wconf 74' lang='grc' dir='ltr'><em>καὶ</em></span> <span class='ocrx_word' id='word_1_773' title='bbox 3293 4998 3411 5059; x_wconf 85' lang='grc' dir='ltr'><em>ταῖς</em></span> <span class='ocrx_word' id='word_1_774' title='bbox 3442 4997 3539 5067; x_wconf 80' lang='grc' dir='ltr'><em>μὲν</em></span> <span class='ocrx_word' id='word_1_775' title='bbox 3576 4994 3771 5049; x_wconf 76' lang='grc' dir='ltr'><em>ἑαυτοῦ</em></span> 
     </span>
    </p>
   </div>
   <div class='ocr_carea' id='block_1_110' title="bbox 2193 5084 3771 5165">
    <p class='ocr_par' dir='ltr' id='par_1_110' title="bbox 2193 5084 3771 5165">
     <span class='ocr_line' id='line_1_110' title="bbox 2193 5084 3771 5165; baseline -0.007 -16"><span class='ocrx_word' id='word_1_776' title='bbox 2193 5095 2563 5165; x_wconf 87' lang='grc' dir='ltr'><em>καινοτομίαις</em></span> <span class='ocrx_word' id='word_1_777' title='bbox 2593 5093 2774 5163; x_wconf 80' lang='grc' dir='ltr'><em>ζητεῖν</em></span> <span class='ocrx_word' id='word_1_778' title='bbox 2800 5084 2925 5155; x_wconf 73' lang='grc' dir='ltr'><em>τούς</em></span> <span class='ocrx_word' id='word_1_779' title='bbox 2960 5090 3254 5153; x_wconf 85' lang='grc' dir='ltr'><em>ἀκούοντας</em></span> <span class='ocrx_word' id='word_1_780' title='bbox 3281 5088 3510 5142; x_wconf 71' lang='grc' dir='ltr'><em>ἕπεσθαι</em></span> <span class='ocrx_word' id='word_1_781' title='bbox 3533 5103 3546 5117; x_wconf 88' lang='grc'><strong>·</strong></span> <span class='ocrx_word' id='word_1_782' title='bbox 3579 5087 3771 5157; x_wconf 79' lang='grc' dir='ltr'><em>φαυλί-</em></span> 
     </span>
    </p>
   </div>
   <div class='ocr_carea' id='block_1_111' title="bbox 2192 5180 3769 5255">
    <p class='ocr_par' dir='ltr' id='par_1_111' title="bbox 2192 5180 3769 5255">
     <span class='ocr_line' id='line_1_111' title="bbox 2192 5180 3769 5255; baseline -0.006 -14"><span class='ocrx_word' id='word_1_783' title='bbox 2192 5187 2305 5251; x_wconf 80' lang='grc' dir='ltr'><em>ζειν</em></span> <span class='ocrx_word' id='word_1_784' title='bbox 2328 5187 2385 5240; x_wconf 81' lang='grc' dir='ltr'><em>δὲ</em></span> <span class='ocrx_word' id='word_1_785' title='bbox 2411 5186 2571 5240; x_wconf 82' lang='grc' dir='ltr'><em>πάλιν</em></span> <span class='ocrx_word' id='word_1_786' title='bbox 2592 5184 2677 5238; x_wconf 83' lang='grc' dir='ltr'><strong>ὲτέ</strong></span> <span class='ocrx_word' id='word_1_787' title='bbox 2688 5202 2811 5255; x_wconf 84' lang='grc' dir='ltr'><em>ρους</em></span> <span class='ocrx_word' id='word_1_788' title='bbox 2836 5184 2912 5248; x_wconf 81' lang='grc' dir='ltr'><em>ὡς</em></span> <span class='ocrx_word' id='word_1_789' title='bbox 2940 5185 3057 5246; x_wconf 80' lang='grc' dir='ltr'><em>ταῖς</em></span> <span class='ocrx_word' id='word_1_790' title='bbox 3089 5185 3295 5245; x_wconf 85' lang='grc' dir='ltr'><em>κοιναῖς</em></span> <span class='ocrx_word' id='word_1_791' title='bbox 3322 5180 3652 5251; x_wconf 78' lang='grc' dir='ltr'><em>ὑπολήψεσιν</em></span> <span class='ocrx_word' id='word_1_792' title='bbox 3672 5181 3769 5232; x_wconf 85' lang='grc' dir='ltr'><strong>ἀν-</strong></span> 
     </span>
    </p>
   </div>
   <div class='ocr_carea' id='block_1_112' title="bbox 2190 5271 3771 5347">
    <p class='ocr_par' dir='ltr' id='par_1_112' title="bbox 2190 5271 3771 5347">
     <span class='ocr_line' id='line_1_112' title="bbox 2190 5271 3771 5347; baseline -0.004 -15"><span class='ocrx_word' id='word_1_793' title='bbox 2190 5279 2557 5343; x_wconf 78' lang='grc' dir='ltr'><em>τιϐαίνοντας·</em></span> <span class='ocrx_word' id='word_1_794' title='bbox 2598 5278 2658 5331; x_wconf 86' lang='grc' dir='ltr'><em>τὸ</em></span> <span class='ocrx_word' id='word_1_795' title='bbox 2698 5278 2777 5342; x_wconf 85' lang='grc' dir='ltr'><em>δὲ,</em></span> <span class='ocrx_word' id='word_1_796' title='bbox 2810 5276 2892 5347; x_wconf 78' lang='grc' dir='ltr'><em>μὴ</em></span> <span class='ocrx_word' id='word_1_797' title='bbox 2944 5276 3342 5344; x_wconf 74' lang='grc' dir='ltr'><em>αἰσχύνεσθαι</em></span> <span class='ocrx_word' id='word_1_798' title='bbox 3386 5274 3493 5327; x_wconf 82' lang='grc' dir='ltr'><em>τὸν</em></span> <span class='ocrx_word' id='word_1_799' title='bbox 3539 5274 3608 5326; x_wconf 83' lang='grc' dir='ltr'><em>ἐκ</em></span> <span class='ocrx_word' id='word_1_800' title='bbox 3653 5271 3771 5327; x_wconf 89' lang='grc' dir='ltr'><strong>τῶν</strong></span> 
     </span>
    </p>
   </div>
   <div class='ocr_carea' id='block_1_113' title="bbox 2192 5364 3767 5438">
    <p class='ocr_par' dir='ltr' id='par_1_113' title="bbox 2192 5364 3767 5438">
     <span class='ocr_line' id='line_1_113' title="bbox 2192 5364 3767 5438; baseline -0.004 -16"><span class='ocrx_word' id='word_1_801' title='bbox 2192 5367 2550 5438; x_wconf 79' lang='grc' dir='ltr'><em>πραγμάτων</em></span> <span class='ocrx_word' id='word_1_802' title='bbox 2572 5368 2843 5437; x_wconf 72' lang='grc' dir='ltr'><em>ἔλεγχον,</em></span> <span class='ocrx_word' id='word_1_803' title='bbox 2878 5365 2977 5419; x_wconf 75' lang='grc' dir='ltr'><strong>καί</strong></span> <span class='ocrx_word' id='word_1_804' title='bbox 3009 5366 3116 5419; x_wconf 84' lang='grc' dir='ltr'><em>τὸν</em></span> <span class='ocrx_word' id='word_1_805' title='bbox 3148 5364 3522 5432; x_wconf 83' lang='grc' dir='ltr'><em>ἀνθρώπινον</em></span> <span class='ocrx_word' id='word_1_806' title='bbox 3550 5365 3767 5434; x_wconf 69' lang='grc' dir='ltr'><em>ψόγον,</em></span> 
     </span>
    </p>
   </div>
   <div class='ocr_carea' id='block_1_114' title="bbox 2198 5453 3771 5528">
    <p class='ocr_par' dir='ltr' id='par_1_114' title="bbox 2198 5453 3771 5528">
     <span class='ocr_line' id='line_1_114' title="bbox 2198 5453 3771 5528; baseline -0.006 -13"><span class='ocrx_word' id='word_1_807' title='bbox 2198 5464 2292 5516; x_wconf 72' lang='grc' dir='ltr'><em>καὶ</em></span> <span class='ocrx_word' id='word_1_808' title='bbox 2325 5463 2424 5515; x_wconf 85' lang='grc' dir='ltr'><em>ὅσα</em></span> <span class='ocrx_word' id='word_1_809' title='bbox 2470 5459 2693 5514; x_wconf 79' lang='grc' dir='ltr'><em>τοιαῦτα</em></span> <span class='ocrx_word' id='word_1_810' title='bbox 2736 5459 2876 5512; x_wconf 81' lang='grc' dir='ltr'><em>κατὰ</em></span> <span class='ocrx_word' id='word_1_811' title='bbox 2918 5457 3081 5511; x_wconf 80' lang='grc' dir='ltr'><strong>ταύτὸ</strong></span> <span class='ocrx_word' id='word_1_812' title='bbox 3111 5457 3464 5528; x_wconf 84' lang='grc' dir='ltr'><em>διεξέρχεται,</em></span> <span class='ocrx_word' id='word_1_813' title='bbox 3506 5456 3627 5517; x_wconf 78' lang='grc' dir='ltr'><em>ταῖς</em></span> <span class='ocrx_word' id='word_1_814' title='bbox 3659 5453 3771 5506; x_wconf 84' lang='grc' dir='ltr'><strong>τῶν</strong></span> 
     </span>
    </p>
   </div>
   <div class='ocr_carea' id='block_1_115' title="bbox 2195 5544 3770 5621">
    <p class='ocr_par' dir='ltr' id='par_1_115' title="bbox 2195 5544 3770 5621">
     <span class='ocr_line' id='line_1_115' title="bbox 2195 5544 3770 5621; baseline -0.006 -12"><span class='ocrx_word' id='word_1_815' title='bbox 2195 5553 2499 5620; x_wconf 87' lang='grc' dir='ltr'><em>ἀκουόντων</em></span> <span class='ocrx_word' id='word_1_816' title='bbox 2554 5550 2798 5621; x_wconf 82' lang='grc' dir='ltr'><em>γνώμαις</em></span> <span class='ocrx_word' id='word_1_817' title='bbox 2842 5549 3158 5605; x_wconf 83' lang='grc' dir='ltr'><em>καταλείπω</em></span> <span class='ocrx_word' id='word_1_818' title='bbox 3210 5549 3431 5600; x_wconf 84' lang='grc' dir='ltr'><em>σκοπεῖν</em></span> <span class='ocrx_word' id='word_1_819' title='bbox 3481 5547 3573 5598; x_wconf 71' lang='grc' dir='ltr'><strong>ὲπὶ</strong></span> <span class='ocrx_word' id='word_1_820' title='bbox 3623 5544 3770 5607; x_wconf 86' lang='grc' dir='ltr'><em>τίνος</em></span> 
     </span>
    </p>
   </div>
   <div class='ocr_carea' id='block_1_116' title="bbox 2195 5638 3775 5720">
    <p class='ocr_par' dir='ltr' id='par_1_116' title="bbox 2195 5638 3775 5720">
     <span class='ocr_line' id='line_1_116' title="bbox 2195 5638 3775 5720; baseline -0.006 -19"><span class='ocrx_word' id='word_1_821' title='bbox 2195 5646 2391 5720; x_wconf 84' lang='grc' dir='ltr'><em>ἀληθές</em></span> <span class='ocrx_word' id='word_1_822' title='bbox 2419 5648 2533 5701; x_wconf 76' lang='grc' dir='ltr'><em>ἐστι</em></span> <span class='ocrx_word' id='word_1_823' title='bbox 2560 5645 2756 5714; x_wconf 83' lang='grc' dir='ltr'><em>λέγειν.</em></span> <span class='ocrx_word' id='word_1_824' title='bbox 2793 5640 2937 5716; x_wconf 72' lang='grc' dir='ltr'><strong>τΑρα</strong></span> <span class='ocrx_word' id='word_1_825' title='bbox 2965 5643 3060 5699; x_wconf 82' lang='grc' dir='ltr'><em>τοῦ</em></span> <span class='ocrx_word' id='word_1_826' title='bbox 3091 5639 3466 5715; x_wconf 85' lang='grc' dir='ltr'><em>σωφροσύνην,</em></span> <span class='ocrx_word' id='word_1_827' title='bbox 3505 5638 3601 5693; x_wconf 88' lang='lat' dir='ltr'><strong>xui</strong></span> <span class='ocrx_word' id='word_1_828' title='bbox 3639 5652 3775 5711; x_wconf 57' lang='grc' dir='ltr'><em>κοσε</em></span> 
     </span>
    </p>
   </div>
  </div>
