4166 6372
431 412 544 470 281

1581 412 1861 471 CONTRA
1902 408 2293 477 EUNOMIUM,
2328 410 2459 467 LIB.
2502 412 2545 469 1.

3606 403 3718 455 sie

452 530 702 604 μιότητα,
727 533 823 587 καὶ
847 516 1027 589 πᾶσαν
1052 534 1400 606 καθαρότητα
1426 532 1602 603 ψυχῆς
1627 548 1687 585 τε
1715 531 1811 584 καὶ
1840 526 2018 599 σώμα-

2121 529 2410 598 puritatem
2440 527 2643 583 mentis
2671 533 2727 582 et
2763 525 3017 599 corporis
3063 524 3490 582 accuratissimo
3523 524 3717 606 studio

446 641 539 687 τος
572 622 659 676 διὰ
692 623 791 695 τῆς
835 624 1235 697 ἀκριϐεστάτης
1262 623 1586 695 ἐγκρατείας
1610 618 2026 691 νομοθετοῦντος

446 715 646 785 ὁμοίως
675 715 873 787 ἐαυτῷ,
900 717 933 787 ἢ
959 719 1068 781 τοῖς
1099 716 1511 787 πλησιάζουσιν,
1534 716 1567 786 ἢ
1598 713 1693 768 τοῦ
1716 711 2029 774 κελεύοντος

453 808 527 878 μὴ
553 808 809 879 παρέχειν
841 810 1141 879 πράγματα
1172 812 1236 880 τῇ
1271 809 1429 876 φύσει
1454 806 1591 877 πρὸς
1626 806 1687 859 τὸ
1725 804 1913 858 δοκοῦν
1940 803 2030 857 διὰ

449 894 553 949 τῶν
575 896 667 949 τοῦ
696 896 945 968 σώματος
969 897 1199 969 ὀρέξεων
1221 897 1504 970 προιούσῃ,
1538 895 1671 966 μηδὲ
1698 895 2028 949 ἀντιϐαίνειν

448 988 569 1049 ταῖς
596 986 828 1057 ἡδοναῖς,
855 989 989 1056 μηδὲ
1008 989 1481 1060 ἀκριϐολογεῖσθαι
1505 989 1632 1058 περὶ
1655 988 1753 1059 τὴν
1774 986 2030 1057 τοιαύτην

447 1076 541 1130 τοῦ
570 1077 687 1147 βίου
719 1077 974 1147 σπουδήνο
1019 1081 1137 1135 οὐδὲ
1159 1079 1266 1153 γὰρ
1290 1078 1427 1134 εἷναί
1455 1098 1576 1134 τινα
1606 1080 1808 1151 βλάϐην
1829 1079 2026 1151 ψυχῆς,

448 1167 535 1220 διὰ
564 1166 672 1220 τῶν
704 1168 957 1223 τοιούτων
992 1171 1415 1241 συνισταμένην’
1456 1171 1592 1224 ἀλλὰ
1622 1171 1791 1241 μόνην
1838 1172 2029 1242 ἀρκεῖν

448 1259 527 1330 τῷ
558 1260 831 1333 ἀνθρώπῳ
865 1262 963 1333 τὴν
997 1263 1277 1333 αἱρετικὴν
1308 1264 1489 1316 πίστιν
1532 1262 1666 1334 πρὸς
1687 1262 2028 1334 τελειότητα;

449 1349 513 1401 Εἰ
536 1350 593 1403 δὲ
613 1351 858 1421 ἀρνεῖται
879 1351 939 1403 τὸ
962 1352 1036 1422 μὴ
1058 1350 1229 1415 οὕτως
1252 1351 1395 1423 ἔχειν
1414 1353 1596 1413 αὐτοῖς
1616 1351 1684 1404 τὰ
1698 1351 1847 1418 διδάγ
1860 1366 2025 1421 ματα,

449 1441 714 1512 εὐξαίμην
751 1442 816 1496 ἂν
852 1442 1027 1511 ἔγωγε
1071 1445 1166 1497 καὶ
1196 1444 1303 1497 τῶν
1354 1442 1759 1515 εὐφρονούντων
1801 1442 2030 1505 ἕκαστος

450 1532 732 1601 ἀληθεύειν
760 1535 921 1587 αὐτὸν
950 1535 1008 1588 ὲν
1043 1538 1157 1598 τοῖς
1186 1534 1444 1598 τοιούτοις
1486 1534 1839 1605 ἀρνούμενον.
1888 1533 2028 1585 Ἀλλ’

446 1625 548 1677 οὐκ
568 1627 816 1680 ἐάσουσιν
847 1627 993 1697 αὐτῷ
1030 1629 1384 1699 προχωρῆσαι
1416 1627 1515 1699 τὴν
1548 1628 1805 1699 ἀρνησιν,
1831 1626 1878 1679 oi
1901 1625 2030 1695 γνή-

449 1733 553 1769 σιοι
588 1718 857 1789 μαθηταί·
895 1719 928 1788 ἢ
958 1719 1019 1772 τὸ
1052 1719 1306 1790 μέγιστον
1340 1718 1505 1773 αὐτοῦ
1540 1717 1803 1789 θεώρημα
1846 1718 2030 1770 πεσεῖ-

446 1825 558 1875 ται,
602 1811 696 1863 καὶ
723 1810 1013 1883 λυθήσεται
1058 1813 1093 1882 ἡ
1135 1812 1307 1883 σκηνὴ
1332 1811 1440 1863 τῶν
1468 1811 1556 1865 διά
1581 1809 1738 1863 τοῦτο
1793 1808 2027 1880 μάλιστα

2130 596 2379 676 sectatur
2431 629 2487 674 et
2511 620 2691 675 sancit
2720 596 2882 691 aeque
2910 620 3013 676 sibi
3065 632 3131 674 ac
3161 618 3327 674 aliis:
3379 632 3449 671 an
3483 616 3584 682 illi,
3616 596 3718 687 qui

2128 713 2290 768 docet
2320 714 2455 767 nihil
2483 714 2751 769 molestiae
2802 712 3149 768 inferendum
3200 721 3433 776 naturae,
3489 711 3713 782 quando

2130 804 2508 861 immoderatis
2565 806 2817 876 corporis
2865 804 3257 875 cupiditatibus
3310 804 3377 858 ad
3438 803 3525 868 id,
3565 804 3710 873 quod

2128 898 2434 953 collibitum
2483 908 2589 960 est,
2651 900 2861 953 fertur:
2897 913 3075 968 neque
3135 898 3503 952 resistendum
3554 897 3712 951 volu-

2128 990 2373 1058 ptatibus
2398 1008 2413 1057 ;
2446 1006 2628 1061 neque
2658 991 2821 1045 etiam
2850 991 3185 1061 asperiorem
3208 990 3332 1043 vitae
3359 988 3708 1058 disciplinam

2129 1081 2502 1152 sequendam;
2569 1098 2747 1153 neque
2828 1084 2975 1138 enim
3044 1082 3324 1152 quidpiam
3393 1080 3710 1135 detrimenti

2128 1176 2364 1228 animam
2405 1189 2601 1245 capere
2631 1191 2698 1230 ex
2728 1175 3071 1245 voluptatum
3108 1190 3234 1237 usu,
3276 1173 3371 1229 sed
3415 1174 3481 1228 ad
3532 1173 3712 1244 perfe-

2128 1267 2365 1321 ctionem
2406 1267 2656 1323 snflicere
2703 1268 2909 1339 homini
2942 1269 3115 1322 solam
3166 1267 3476 1321 haereticam
3526 1266 3717 1320 fidem?

2127 1356 2281 1422 Quod
2315 1357 2361 1410 si
2398 1365 2557 1425 neget
2590 1357 2730 1411 hanc
2762 1373 2887 1413 esse
2926 1373 3081 1413 suam
3115 1364 3169 1413 et
3225 1372 3453 1412 suorum
3503 1356 3711 1412 doctri-

2128 1461 2276 1508 nam,
2308 1454 2552 1515 optarem
2580 1462 2682 1515 ego
2713 1455 2768 1501 et
2798 1463 2906 1501 una
2933 1464 3125 1503 omnes
3150 1446 3279 1501 boni
3317 1462 3552 1511 mecum,
3582 1462 3712 1503 vero

2128 1534 2319 1589 islhaec
2350 1535 2562 1603 negari.
2595 1536 2699 1590 Sed
2746 1536 2973 1606 legitimi
3024 1536 3199 1606 ipsius
3254 1536 3511 1606 discipuli
3567 1552 3709 1590 nunc

2127 1640 2292 1695 quam
2357 1626 2697 1696 negationem
2734 1626 2873 1682 hanc
2905 1626 3175 1696 patienter
3208 1627 3405 1689 ferent,
3462 1626 3707 1696 alioquin

2127 1718 2424 1771 maximum
2458 1716 2725 1772 doctrinae
2775 1718 2943 1788 hujus
2980 1718 3396 1773 fundamentum
3452 1717 3712 1773 concide-

2128 1819 2232 1875 ret,
2264 1809 2770 1882 dissolvereturque
2817 1811 2975 1881 quasi
3025 1812 3439 1866 tabernaculum
3479 1819 3534 1866 et
3582 1818 3705 1865 ten-

447 1904 917 1975 προσεδρευόντων
944 1903 1021 1974 τῷ
1050 1904 1299 1974 δόγματι.
1338 1903 1586 1975 Ἀναιδὴς
1612 1902 1669 1956 δέ
1689 1919 1796 1966 τις,
1818 1903 1911 1955 xai.
1935 1901 2019 1955 τὸν

2128 1904 2329 1959 torium
2364 1903 2607 1969 illorum,
2644 1902 2737 1973 qui
2771 1902 2857 1957 vel
2908 1912 3132 1973 pr0pter
3159 1902 3266 1959 hoc
3320 1917 3489 1957 unum
3522 1903 3709 1957 Euno-

447 1995 784 2065 ἀνθρώπινον
809 1996 978 2066 ψόγον
1015 1997 1115 2049 οὐκ
1142 1995 1557 2066 εὐλαϐούμενος,
1585 1996 1651 2049 ὲκ
1676 1994 1786 2047 τῶν
1816 1996 1875 2047 έν
1912 1996 2029 2049 νεό-

446 2103 568 2157 τητι
598 2086 965 2159 βεϐιωμένων,
1008 2088 1042 2159 ἦ
1083 2089 1148 2142 ὲκ
1173 2088 1282 2143 τῶν
1309 2087 1447 2159 μετὰ
1473 2087 1645 2140 ταῦτα
1676 2086 1854 2157 βούλει
1902 2104 2027 2141 σκο-

449 2179 745 2249 πήσωμεν;
787 2180 923 2233 ἀλλὰ
961 2180 1028 2233 δι’
1071 2180 1415 2251 ἀμφοτέρων,
1441 2180 1527 2232 ἐπ’
1562 2178 1723 2234 αὐτὸν
1753 2179 1819 2233 ἂν
1845 2178 2026 2251 εὕροις

446 2269 775 2325 ἐπανιοῦσαν
808 2271 907 2342 τῆς
948 2272 1221 2336 ἀναιδείας
1260 2271 1357 2344 τὴν
1405 2272 1632 2344 μέμψιν.
1666 2272 1739 2326 Οὐ
1772 2273 1840 2328 τὰ
1885 2274 2025 2328 αύτά

447 2362 558 2433 γὰρ
596 2364 905 2435 ἑκατέροις,
938 2363 1061 2419 οὐτε
1112 2367 1145 2438 ή
1189 2367 1396 2437 νεότης,
1437 2366 1563 2421 οὐτε
1609 2366 1638 2419 6
1689 2367 1827 2438 μετά
1849 2366 2024 2423 ταῦτα

450 2458 718 2527 μαρτυρεῖ
742 2456 869 2527 βίος.

2127 1995 2223 2050 mii
2256 1995 2600 2066 dogmatibus
2649 2009 2773 2050 sese
2833 1994 3184 2049 addixerunt.
3240 1992 3361 2049 Jam
3396 2010 3527 2049 vero
3578 1994 3708 2063 quis

2126 2084 2417 2158 impudens
2476 2086 2570 2151 sit,
2607 2083 2876 2155 famaeque
2922 2084 3079 2157 apud
3115 2084 3366 2140 homines
3401 2084 3706 2156 prodigus:

2127 2191 2196 2233 an
2235 2178 2321 2234 vis
2355 2186 2414 2232 ut
2444 2186 2754 2234 statuamus
2786 2192 2855 2232 ex
2895 2176 3028 2244 illis,
3089 2193 3211 2248 qua:
3265 2177 3323 2232 in
3377 2177 3705 2247 juventute:

2128 2288 2199 2328 an
2237 2289 2304 2329 ex
2336 2273 2429 2339 iis,
2467 2288 2590 2343 quae
2617 2280 2808 2343 postea
2844 2279 2997 2343 gesta
3030 2280 3188 2328 sunt:
3225 2287 3292 2326 an
3321 2287 3387 2328 ex
3422 2274 3712 2345 utrisque?

2132 2364 2238 2421 Sed
2291 2364 2406 2421 sive
2462 2380 2528 2419 ex
2572 2364 2695 2426 his,
2744 2364 2859 2421 sive
2891 2380 2954 2419 ex
2992 2364 3103 2419 illis
3159 2364 3427 2434 judicium
3463 2365 3578 2431 ﬁat,
3635 2366 3707 2424 ad

2128 2460 2309 2527 ipsum
2338 2456 2522 2511 redire
2554 2456 2766 2510 videbis
2794 2454 3146 2524 impudentiae
3193 2456 3548 2512 calumniam.
3597 2457 3708 2514 Ne-

447 2563 553 2617 que
589 2550 735 2603 enim
759 2550 947 2606 eadem
975 2559 1205 2622 uterque
1233 2552 1401 2624 gessit
1428 2560 1521 2607 aut
1544 2552 1786 2623 juvenis,
1822 2563 1914 2607 aut
1943 2567 2006 2608 ea
2039 2556 2220 2611 atate,
2248 2564 2371 2619 quae
2398 2547 2539 2601 hanc
2573 2546 2848 2617 sequitur.

528 2642 925 2711 ’Υπομνησάτω
952 2643 1184 2697 έαυτδνό
1202 2643 1539 2716 λογογράφος
1567 2643 1676 2697 τῶν
1704 2661 1765 2697 τε
1804 2645 1896 2696 ἐπὶ
1923 2644 2022 2713 τῆς

446 2734 701 2805 πατρίδος
730 2735 868 2787 κατὰ
897 2734 985 2787 τὸν
1024 2736 1122 2805 τῆς
1154 2736 1404 2808 νεότητος
1441 2736 1650 2807 καιρὸν,
1681 2738 1775 2790 καὶ
1811 2736 1921 2790 τῶν
1964 2738 2021 2790 ὲν

446 2827 856 2880 Κωνσταντίνου
884 2827 1034 2879 πόλει
1058 2826 1402 2898 βεϐιωμένων
1424 2827 1593 2898 αὐτῷ·
1624 2828 1715 2882 καὶ
1734 2829 2021 2883 ἀκουσάτω

448 2918 597 2989 παρά
624 2919 731 2971 τῶν
757 2918 970 2972 εἰδότων
990 2913 1077 2973 οἶα
1104 2918 1181 2987 τῷ
1208 2920 1692 2991 συκοφαντουμένῳ
1721 2920 2017 2975 συνίσασιν.

446 3012 510 3065 EE
542 3011 599 3065 δὲ
638 3012 700 3063 ὲκ
729 3010 836 3063 τῶν
869 3010 1067 3080 ἐφεξῆς
1096 3011 1538 3082 ἐπιτηδευμάτων
1570 3029 1655 3076 τις
1686 3012 1857 3065 ἐθέλοι
1891 3029 2019 3065 σκοο

2198 2638 2439 2695 Revocet
2468 2637 2838 2709 logodaedalus
2872 2638 2979 2693 sibi
3014 2638 3069 2691 in
3126 2638 3447 2693 memoriam
3486 2654 3550 2693 ea
3580 2656 3707 2710 qua:

2131 2731 2185 2785 in
2216 2731 2392 2802 patria
2425 2745 2525 2785 sua
2552 2730 2774 2800 juvenis
2801 2730 3151 2800 perpetravit,
3182 2739 3238 2785 et
3269 2746 3391 2801 quae
3434 2730 3708 2787 Constan-

2127 2824 2401 2895 tinopoli,
2463 2822 2834 2892 intelligatque
2884 2821 3053 2876 exiis
3115 2822 3211 2891 qui
3265 2829 3488 2887 norunt,
3544 2838 3707 2893 quam

2128 2918 2297 2987 longe
2324 2916 2531 2971 fuerint
2557 2915 2773 2969 diversa
2812 2914 2994 2969 studia
3033 2914 3178 2983 ejus,
3208 2929 3370 2983 quem
3404 2915 3520 2984 ipse
3569 2930 3700 2985 pro-

2128 3010 2241 3065 bris
2270 3009 2596 3064 insectatur.
2635 3005 2791 3072 Quod
2818 3007 2864 3061 si
2892 3006 3018 3075 quis
3047 3006 3176 3060 velit
3218 3005 3324 3060 hoc
3354 3006 3583 3061 definire
3637 3022 3706 3062 ex

446 3099 589 3164 πεῖν,
620 3098 780 3161 αὐτὸς
814 3099 1041 3162 εἰπάτω,
1070 3098 1153 3162 τίς
1188 3099 1336 3164 ἄξιος
1369 3100 1608 3154 τοιούτου
1649 3101 1907 3172 ὀνόματος
1930 3116 1945 3131 ⁸
1992 3102 2019 3154 6

2125 3100 2194 3156 iis
2221 3116 2342 3171 quae
2386 3107 2574 3169 postea
2626 3108 2756 3154 sunt
2788 3100 3103 3162 subsecuta,
3161 3099 3277 3167 ipse
3304 3098 3453 3153 dicat
3516 3099 3706 3165 velim,

445 3188 543 3259 τὴν
572 3188 829 3260 πατρῴαν
859 3189 1045 3243 οὐσίαν
1072 3191 1164 3244 καὶ
1192 3191 1296 3262 πρὸ
1330 3191 1430 3261 τῆς
1456 3192 1754 3264 ἱερωσύνης
1782 3194 2021 3263 ἀφειδῶς

446 3279 728 3345 ἀναλώσας
761 3283 871 3345 τοῖς
902 3281 1129 3351 πένησι,
1162 3283 1257 3336 καὶ
1288 3283 1519 3353 μάλιστα
1551 3286 1608 3337 ἐν
1640 3284 1716 3355 τῷ
1748 3286 1847 3355 τῆς
1878 3303 2019 3338 σιτοο

446 3371 592 3436 δείας
627 3372 822 3443 καιρῷ,
854 3373 975 3426 καθ’
1008 3374 1067 3427 ὃν
1099 3376 1383 3430 ἐπεστάτει
1408 3377 1508 3445 τῆς
1561 3377 1906 3449 Ἐκκλησίας,
1939 3380 2019 3433 ἔτι

446 3467 504 3518 έν
534 3464 612 3534 τῷ
642 3465 824 3536 κλήρῳ
850 3466 959 3519 τῶν
991 3466 1375 3539 πρεσϐυτέρων
1407 3469 1719 3539 ἱερατεύων,
1755 3472 1849 3523 καὶ
1882 3472 2020 3542 μετά

445 3559 636 3623 ταῦτα,
672 3559 805 3629 μηδὲ
842 3560 951 3611 τῶν
984 3560 1417 3629 ὑπολειφθέντων
1451 3563 1805 3634 φεισάμενος,
1837 3565 1913 3623 ὡς
1952 3565 2019 3619 ἂν

443 3650 539 3703 καὶ
564 3649 724 3712 αὐτὸς
759 3650 817 3702 τὸ
841 3649 935 3702 τοῦ
988 3650 1310 3704 ’Δποστόλου
1350 3652 1713 3723 καυχήσαιτο·
1751 3654 1880 3707 Ὅτι
1910 3653 2019 3707 δω-

436 3743 587 3809 ρεὰν
624 3741 805 3807 ἄρτον
840 3744 951 3795 οὐκ
985 3741 1244 3813 Esca-rer;
1282 3745 1353 3796 Ἢ
1401 3745 1430 3797 6
1459 3744 1732 3815 προσόδων
1765 3746 2018 3817 ἀφορμὴν

443 3832 543 3902 τὴν
574 3832 665 3884 τοῦ
707 3833 976 3901 δόγματος
1006 3834 1340 3903 προστασίαν
1390 3835 1795 3907 ποιησάμενοςς
1823 3838 1880 3891 '0
1907 3838 2019 3890 είσ-

444 3922 614 3976 δύνων
646 3926 723 3986 είς
764 3924 861 3987 τὰς
889 3924 1064 3988 οίκίας
1117 3925 1447 3995 αὐτόκλητος
1471 3966 1485 3990 ,
1519 3926 1637 3980 οὐδὲ
1679 3928 1778 3998 τὴν
1824 3928 1890 3981 ἐκ
1920 3927 2016 3982 τοῦ

443 4013 650 4078 πάθους
682 4015 869 4087 ἀηδίαν
896 4018 961 4087 τῇ
997 4015 1116 4069 καθ’
1141 4015 1329 4069 ἑαυτὸν
1355 4016 1593 4088 διαγωγῇ
1630 4019 2014 4090 περιστέλλων·

441 4105 563 4157 οὐδὲ
600 4105 695 4175 τὴν
740 4106 972 4176 φυσικὴν
1008 4107 1115 4159 τῶν
1152 4106 1505 4174 ὑγιαινόντων
1532 4108 1667 4178 πρὸς
1694 4109 1821 4171 τοὺς
1845 4108 2018 4162 τοιού-

441 4212 567 4259 τους
609 4197 956 4268 ἀποστροφὴν
987 4197 1363 4268 λογιζόμενος,
1401 4201 1430 4253 6
1479 4198 1619 4253 κατὰ
1652 4199 1743 4253 τὸν
1790 4199 2017 4255 παλαιὸν

442 4289 604 4359 νόμον
634 4288 719 4342 διὰ
742 4290 841 4359 τὴν
878 4290 1019 4358 ἁφὴν
1046 4292 1143 4361 τῆς
1177 4292 1449 4362 σημασίας
1477 4292 1581 4357 ἔξω
1607 4292 1705 4364 τῆς
1740 4293 2017 4364 παρεμϐο-

439 4378 538 4448 λῆς
567 4379 673 4432 τῶν
697 4381 984 4433 οἰκούντων
1012 4380 1421 4453 ἀφοριζόμενος.

2120 3194 2247 3265 quis
2278 3190 2630 3262 impudentia:
2664 3206 2863 3246 nomen
2892 3198 3168 3244 mereatur
3203 3208 3217 3245 :
3261 3190 3444 3256 illene;
3487 3190 3579 3261 qui
3611 3206 3708 3259 pa-

2121 3294 2305 3341 ternas
2337 3284 2626 3338 facultates
2649 3283 2815 3338 etiam
2840 3292 3133 3352 antequam
3168 3282 3486 3337 sacerdotio
3518 3283 3707 3337 initia-

2120 3384 2294 3438 retur,
2333 3376 2636 3430 liberaliter
2696 3376 2885 3445 egenis
2918 3373 3242 3441 distribuit;
3302 3375 3539 3431 maxime
3572 3382 3708 3431 tunc

2118 3466 2336 3537 quando
2396 3482 2590 3536 magna
2626 3480 2855 3520 annona:
2913 3465 3142 3536 penuria
3205 3467 3553 3522 exsistebat:
3586 3483 3699 3538 quo

2120 3568 2367 3629 tempore
2400 3558 2663 3614 Ecclesia:
2691 3567 2947 3628 praeerat,
2997 3572 3229 3612 numero
3259 3558 3705 3629 presbyterorum

2120 3655 2299 3710 adhuc
2331 3654 2667 3718 accensitus,
2698 3656 2901 3726 quippe
2955 3655 3196 3725 posthaec
3233 3654 3401 3708 etiam
3440 3654 3577 3709 nihil
3618 3670 3707 3710 re-

2119 3748 2327 3818 liquum
2358 3746 2458 3800 sibi
2496 3745 2643 3808 fecit,
2677 3754 2737 3801 ut
2782 3755 2837 3801 et
2875 3748 3016 3816 -ipse
3068 3746 3293 3818 gloriari
3361 3753 3547 3815 posset
3576 3761 3702 3802 cum

2118 3841 2379 3909 Apostolo
2412 3857 2426 3895 :
2460 3839 2723 3906 Quoniam
2765 3841 2933 3911 gratis
2995 3854 3183 3907 panem
3244 3854 3348 3891 non
3379 3836 3581 3893 comedi
3609 3838 3650 3870 ¹¹
3672 3832 3698 3885 ?

2117 3934 2200 3988 An
2233 3934 2322 3988 ille
2358 3934 2543 4004 potius
2574 3931 2930 4002 impudentiae
2956 3946 3154 3986 nomen
3195 3930 3426 3994 subibit,
3457 3932 3550 4000 qui
3602 3931 3703 3985 do-

2117 4021 2310 4076 ctrina:
2354 4036 2467 4077 suae
2520 4019 2916 4090 professionem
2960 4036 3059 4091 pro
3116 4031 3329 4090 qureslu
3379 4020 3573 4075 habet?
3595 4020 3700 4086 Qui

2116 4129 2225 4168 non
2260 4121 2491 4169 vocatus
2525 4113 2583 4167 in
2621 4113 2767 4169 aades
2815 4114 3025 4169 alienas
3058 4128 3181 4168 sese
3219 4112 3507 4180 insinuat;
3548 4113 3700 4168 inso-

2118 4205 2337 4260 lentiam
2369 4204 2499 4259 facti
2529 4204 2696 4274 hujus
2739 4218 2843 4259 suo
2890 4205 3110 4259 vivendi
3143 4206 3305 4259 modo
3343 4205 3565 4260 minime
3612 4213 3698 4261 te-

2116 4313 2270 4368 gens,
2306 4311 2483 4366 neque
2520 4296 2682 4349 etiam
2711 4310 2876 4365 quam
2912 4296 2980 4349 ab
3010 4294 3325 4364 hujusmodi
3382 4295 3698 4352 hominibus

2118 4406 2147 4443 a
2200 4396 2395 4442 natura
2433 4385 2613 4442 aversi
2648 4387 2802 4453 sint;
2841 4386 3047 4457 quibus
3099 4402 3254 4442 mens
3309 4394 3363 4441 et
3419 4388 3559 4442 ratio
3614 4399 3699 4444 est

441 4471 648 4535 sanior,
679 4473 881 4541 cogitat
904 4470 1016 4537 ille,
1041 4472 1133 4543 qui
1165 4474 1390 4544 antiqua
1437 4475 1556 4545 lege
1586 4483 1811 4546 propter
1858 4476 2274 4533 similitudinem
2307 4476 2728 4548 significationis
2791 4491 2857 4531 ex
2932 4476 3216 4530 hominum
3283 4478 3545 4532 societate
3601 4493 3699 4532 ex-

439 4566 764 4619 terminatus
795 4575 898 4621 est.

509 4654 818 4723 Προπετὴς
866 4655 920 4709 δὲ
998 4657 1182 4728 πάλιν,
1238 4658 1325 4714 καὶ
1368 4658 1690 4727 ὑϐριστὴς,
1741 4662 1835 4714 καὶ
1888 4665 2009 4717 καθ’

2185 4657 2397 4713 Rursus
2433 4658 2743 4711 temerarius
2774 4664 2829 4711 et
2858 4657 3151 4726 injuriosus
3184 4666 3238 4713 et
3270 4657 3500 4714 subinde
3527 4660 3692 4714 etiam

436 4744 695 4814 ἑκάτερον
735 4744 1012 4812 ψεύστης
1050 4745 1370 4815 ὀνομάζεται
1411 4749 1561 4818 παρά
1599 4749 1692 4802 τοῦ
1738 4752 2011 4823 μακροθύ-

440 4850 554 4901 μως
576 4834 631 4884 ὲν
657 4833 925 4903 πραΰτητι
954 4834 1077 4897 τοὺς
1101 4835 1621 4906 ἀντιδιατιθεμένους
1644 4840 2007 4905 παιδεύοντος.

436 4922 593 4976 Οὕτω
635 4922 743 4993 γὰρ
769 4926 825 4975 έν
851 4922 927 4993 τῷ
961 4927 1352 4995 συγγράμματι
1376 4931 1486 4992 τοῖς
1508 4929 1595 4981 ἐπ’
1638 4931 1801 4985 αὐτοῦ
1832 4933 2010 5002 λόγοις

436 5013 878 5084 ἐνδιαθρύπτεται
917 5018 945 5068 6
964 5016 1235 5086 μηδεμίαν
1252 5019 1475 5088 πικρίας
1492 5021 1793 5094 ὑπερϐολὴν
1809 5026 2009 5093 ἀφιεὶς,

436 5106 491 5157 έν
534 5100 615 5168 οἷς
663 5106 728 5158 ἄν
778 5123 829 5157 τι
869 5111 1253 5177 προσενεγκεῖν
1298 5110 1575 5183 ἐξισχύσῃ.
1618 5114 1788 5169 Πόθεν
1827 5118 2007 5171 τοίνυν

432 5196 525 5249 καὶ
561 5198 623 5248 ὲκ
661 5197 829 5250 ποίων
877 5200 1221 5270 πραγμάτων
1262 5205 1360 5274 τὴν
1406 5204 1562 5276 ὓϐριν
1591 5207 1754 5260 αὐτοῦ
1821 5214 1915 5264 καὶ
1947 5212 2005 5265 τὸ

432 5287 700 5353 προπετὲς
730 5287 993 5360 διελέγχει
1020 5307 1034 5355 ;
1071 5291 1210 5355 Ὅτι,
1244 5294 1395 5363 φησὶ,
1428 5298 1835 5366 Καππαδόκην
1861 5302 2005 5355 ὄντα

426 5391 522 5442 με,
548 5376 829 5445 Γαλάτην
854 5379 1167 5447 ὠνόμασεν
1193 5399 1206 5413 ·
1238 5379 1355 5437 εἶτα
1386 5385 1462 5455 τῷ
1497 5387 1733 5459 μεθορίῳ
1765 5391 1873 5445 τῶν
1897 5411 2002 5446 πα-

429 5465 623 5534 τρίδων
661 5469 761 5540 τὴν
797 5472 1009 5541 οἴκησιν
1038 5472 1265 5543 ἔχοντα,
1304 5477 1364 5528 έν
1398 5477 1668 5551 ἀνωνύμῳ
1706 5483 1814 5535 τινὶ
1860 5487 2004 5552 Κσρ·

430 5557 756 5625 νιιισπινῆς
780 5560 1027 5631 ἐσχατιᾷο
1049 5564 1095 5615 εἰ
1120 5565 1239 5617 ἀντὶ
1263 5565 1356 5619 τοῦ
1398 5566 1791 5639 Ὀλτισήρεως
1810 5573 2007 5628 Γαλά-

429 5655 543 5709 την
571 5642 851 5711 ὠνόμασεν
874 5666 887 5679 σ
921 5649 1077 5721 ενττερ
1100 5652 1167 5725 δὴ
1194 5653 1332 5719 ὅλως
1362 5658 1456 5711 καὶ
1489 5658 1645 5713 τοῦτο
1692 5667 2004 5732 προσειπεῖν

502 5820 618 5894 9,1,1
646 5822 840 5883 Thess.
862 5844 972 5907 ιιι,
1000 5830 1061 5902 8η

2115 4749 2340 4805 mendax
2374 4749 2682 4818 appellatur
2715 4747 2949 4802 Basilius
2978 4749 3049 4802 ah
3078 4749 3194 4811 illo,
3224 4751 3316 4819 qui
3340 4752 3612 4819 patienter
3638 4760 3695 4807 et

2108 4855 2393 4900 mansuete
2423 4844 2773 4900 adversarios
2805 4860 2937 4900 suos
2967 4846 3162 4899 erudit.
3191 4846 3270 4899 lta
3300 4848 3444 4902 enim
3499 4849 3552 4902 in
3590 4865 3693 4904 suo

2108 4932 2250 4987 libro
2280 4933 2348 4987 de
2378 4948 2437 4987 se
2464 4932 2726 5001 praedicat
2755 4934 2858 4987 iste
2877 4974 2891 4995 ,
2921 4934 3013 5003 qui
3045 4935 3251 4989 nullam
3282 4939 3507 4992 omnino
3534 4954 3690 4994 acer-

2111 5024 2302 5081 bitatis
2339 5026 2686 5081 occasionem
2741 5027 3150 5095 praetermittit,
3205 5029 3518 5101 ubicunque
3586 5034 3690 5087 ali-

2113 5132 2275 5187 quam
2310 5117 2553 5187 arripere
2603 5126 2806 5187 potest.
2846 5117 2999 5173 Unde
3060 5119 3227 5189 igitur
3260 5132 3313 5176 et
3367 5124 3568 5192 quibus
3619 5142 3689 5181 ex

2112 5206 2274 5262 rebus
2308 5210 2671 5262 temeritatem
2722 5216 2774 5261 et
2843 5207 3057 5276 injuriae
3091 5209 3394 5280 irrogandaa
3445 5214 3687 5269 studium

2110 5298 2345 5368 probat?
2373 5298 2537 5365 Quia.
2568 5298 2763 5368 inquit,
2796 5314 2895 5360 me,
2915 5317 3034 5353 cum
3069 5302 3167 5354 sim
3198 5303 3509 5373 Cappadox,
3534 5322 3689 5360 voca-

2111 5390 2181 5443 vit
2205 5388 2472 5446 Galatam.
2500 5389 2695 5444 Mirum
2724 5406 2883 5461 vero,
2919 5391 2964 5446 si
2996 5408 3143 5460 eum,
3172 5396 3268 5464 qui
3321 5396 3375 5450 in
3431 5400 3687 5457 confiniis

2110 5480 2340 5535 duarum
2366 5481 2650 5552 regionum
2699 5481 2998 5547 habitabat,
3057 5486 3112 5538 in
3146 5486 3383 5542 obscuro
3443 5490 3681 5558 quodam

2114 5573 2480 5644 Corniaspinw
2511 5575 2733 5645 angulo,
2769 5592 2879 5631 non
2916 5576 3244 5649 Olliserium,
3286 5585 3380 5638 sed
3430 5583 3682 5642 Galalam

2114 5667 2458 5739 nominavit;
2499 5668 2544 5723 si
2614 5675 2796 5724 tamen
2849 5670 3165 5741 nominasse
3217 5675 3429 5733 ostendi
3479 5687 3677 5755 potest.

2306 5858 2309 5861 .
2334 5832 2353 5903 ξ
2488 5834 2577 5867 {147"-
