4166 6372
372 411 479 467 285

1503 406 1783 464 CONTRA
1822 405 2209 473 EUNOMIUM,
2252 407 2381 462 LIB.
2424 408 2463 462 Ι.

3513 409 3622 464 286

370 541 479 577 των
525 522 947 592 καταστροφῆς,
998 513 1151 585 οὗτος
1202 515 1364 575 ἆθλον
1410 522 1509 592 τῆς
1553 524 1807 586 ἀσεϐείας
1850 524 1936 594 rip

2051 533 2200 587 sunt,
2227 523 2329 579 iste
2354 522 2611 594 Cyzicum
2655 522 2937 592 praemium
2980 521 3275 593 impietatis
3304 532 3622 591 reportave-

372 614 609 679 Κύζικον
635 614 1004 684 ἀπηνέγκατο.
1035 614 1100 666 Τί
1125 611 1218 668 οὖν
1250 615 1277 667 6
1308 617 1431 678 τοὺς
1460 616 1715 684 σοφιστὰς
1745 617 1949 685 διελέγ-

369 722 480 775 χων
514 708 689 769 ποιεῖς
726 704 899 767 Εὑθὺς
929 704 1216 775 ἐπιφύεται
1238 706 1317 776 τῷ
1346 707 1450 761 τοῦ
1479 708 1667 761 ἄθλου
1703 709 1944 778 ὀνόματι,

369 796 463 848 καὶ
497 794 967 865 συνομολογεῖσθαι
998 798 1129 867 παρ’
1154 795 1310 866 ἡμῶν
1339 814 1493 867 φησι,
1515 797 1576 850 τὸ
1607 796 1706 850 καὶ
1733 798 1948 851 ἀπολε-

368 887 681 955 ⁵ιογῆονθαι,
717 886 817 939 καὶ
862 885 1112 955 νικῆσαι
1146 886 1242 940 διὰ
1274 885 1383 955 τῆς
1417 889 1803 958 αὐτολογίας,
1846 890 1945 943 καὶ

366 979 433 1031 τὸ
458 978 531 1030 ἐκ
563 976 675 1044 τῆς
707 978 885 1043 νίκης
914 970 1105 1031 ἆθλον
1138 977 1235 1032 διὰ
1270 978 1389 1032 τῶν
1424 980 1669 1049 ἀγώνων
1699 982 1946 1050 κομίσα-

366 1077 534 1125 σθαι·
568 1073 664 1123 καὶ
689 1069 968 1140 συντίθησι
992 1069 1345 1140 συλλογισμὸν
1377 1072 1464 1124 διὰ
1487 1072 1594 1125 τῶν
1618 1074 1944 1144 ἀναντιῤῥή-

366 1181 497 1227 των,
519 1161 595 1226 ὡς
620 1163 811 1229 οἴεται,
845 1163 1232 1233 συμπεραίνων
1257 1162 1348 1215 τὸν
1369 1162 1543 1230 λόγον.
1574 1164 1865 1234 Εἰρήσεται
1888 1165 1945 1217 δὲ

367 1254 507 1308 αὑτά
536 1255 603 1308 τὰ
624 1254 987 1327 γεγραμμένα
1016 1256 1147 1321 παρ’
1178 1252 1341 1307 αὑτοῦ
1371 1255 1462 1308 ἐπί
1486 1255 1701 1320 λέξεως.
1734 1259 1804 1310 El
1833 1256 1944 1325 γὰρ

368 1347 432 1401 τὸ
466 1339 674 1411 ἆθλον,
703 1346 887 1416 φησὶν,
913 1346 1088 1414 νίκης
1109 1346 1239 1400 ἐστὶ
1276 1346 1584 1417 γνώρισμα
1617 1347 1715 1401 καὶ
1748 1347 1940 1413 τέλος·

361 1437 577 1506 μηνύει
601 1434 668 1488 δὲ
685 1434 801 1503 τὴν
821 1435 1002 1503 νίκην
1057 1428 1094 1498 ἡ
1138 1435 1275 1503 δίκη
1300 1453 1314 1467 ·
1338 1436 1685 1505 συνεισάγει
1704 1436 1772 1490 δὲ
1790 1437 1944 1490 πάν-

363 1545 478 1593 τως
499 1526 683 1594 ἑαυτῇ
711 1525 825 1594 τὴν
844 1526 1206 1595 κατηγορίαν
1233 1528 1270 1595 ή
1295 1526 1431 1594 δίκη
1455 1545 1468 1557 ·
1497 1530 1529 1581 ὁ
1550 1527 1619 1581 τὸ
1646 1520 1834 1582 ἆθλον
1854 1526 1942 1581 δι-

364 1615 529 1681 δοὺς,
558 1617 894 1684 ἀναγκαίαν
919 1612 1071 1669 εῖναι
1096 1615 1279 1685 φήσει
1309 1616 1408 1669 καὶ
1441 1617 1556 1683 τὴν
1580 1618 1936 1687 ἀπολογίαν.

365 1710 429 1762 Τί
455 1704 545 1761 οὖν
577 1711 765 1778 ὴμεῖςς
804 1705 1129 1775 Ἠγωνίσθαι
1159 1708 1258 1777 μὲν
1290 1708 1473 1772 αὐτὸν,
1505 1708 1598 1762 καὶ
1631 1710 1769 1763 πάνυ
1808 1726 1941 1779 atpo-

363 1799 505 1871 δρῶς
541 1817 599 1852 τε
629 1800 720 1851 καὶ
761 1800 1083 1869 ἐρρωμένως
1125 1800 1217 1852 τὸν
1249 1800 1481 1871 πονηρὸν
1521 1800 1707 1854 τοῦτον
1752 1801 1938 1868 ἀγῶνα

362 1892 461 1960 τῆς
493 1891 764 1953 ἀσεϐείας,
790 1891 888 1943 οὑκ
911 1890 1279 1962 ἀντιλέγομεν,
1304 1892 1397 1945 καὶ¹
1424 1892 1486 1945 οὑ
1518 1892 1699 1963 μικρῷ
1728 1892 1804 1963 τῷ
1836 1893 1933 1965 μέ-

363 1999 475 2051 τρῳ
508 1982 633 2044 τοὺς
677 1981 893 2050 ὁμοίους
942 1981 1373 2052 ὑπερϐεϐηκέναι
1417 1984 1511 2038 κα)⁵
1555 1985 1839 2056 ὑπερέχειν
1877 1989 1934 2039 ἐν

364 2074 474 2135 τοῖς
510 2072 647 2124 κατά
678 2072 775 2142 τῆς
807 2071 1061 2143 ἀληθείας
1094 2072 1340 2144 ἱδρῶσιν·
1372 2073 1486 2127 ἀλλ’
1519 2075 1637 2144 οὑχὶ
1664 2075 1803 2129 κατά
1828 2076 1936 2129 τῶν

364 2161 830 2232 ἀντιτεταγμένων
867 2162 1156 2233 ἐσχηκέναι
1193 2162 1261 2216 τὰ
1293 2165 1619 2237 νικητήριαο
1656 2166 1936 2237 συγκρίσει

363 2251 419 2305 δὲ
442 2250 551 2304 τῶν
576 2250 985 2323 συνδραμόντων
1013 2252 1161 2323 αὑτῷ
1188 2253 1255 2306 δι’
1278 2254 1532 2319 ἀσεϐείας
1555 2256 1646 2308 ἐπὶ
1677 2256 1774 2327 τὴν
1804 2257 1938 2311 πλά-

364 2358 480 2412 νην,
519 2343 868 2413 προτερεύειν
900 2344 1116 2399 πάντων
1150 2347 1207 2399 ἐν
1248 2348 1315 2416 τῇ
1362 2346 1650 2418 περιουσίᾳ.
1680 2347 1777 2401 τοῦ
1805 2347 1938 2417 ψεύο

364 2434 515 2499 δους,
563 2434 657 2488 καὶ
696 2433 838 2488 οὑτω
866 2436 1049 2489 λαϐεῖν
1077 2437 1197 2490 ἀντὶ
1224 2437 1326 2507 τῆς
1363 2439 1442 2501 είς
1474 2438 1535 2490 τὸ
1577 2439 1741 2491 κακὸν
1771 2441 1938 2511 ὑπερ-

364 2525 525 2596 ϐολῆς
558 2523 717 2580 ἆθλον
757 2528 855 2598 τὴν
885 2527 1120 2591 Κύζικον
1141 2546 1152 2559 ·
1197 2528 1275 2591 ὡς
1313 2530 1528 2583 πάντων
1564 2530 1672 2583 τῶν
1709 2532 1800 2583 ἐπὶ
1826 2533 1937 2595 τοῖς

364 2618 565 2688 ὁμοίοις
612 2618 754 2671 κατά
798 2617 898 2688 τῆς
946 2619 1203 2689 ἀληθείας
1254 2622 1651 2691 κονισαμένων,
1682 2622 1743 2674 τὸ
1777 2622 1937 2675 πλέον

363 2710 578 2783 ἔχοντα,
606 2711 700 2764 καὶ
730 2712 821 2765 ἐπί
848 2714 913 2782 τῇ
939 2711 1066 2784 νίκῃ
1096 2712 1236 2766 κατὰ
1266 2713 1365 2784 τὴν
1393 2712 1737 2783 βλασφημίαν
1772 2716 1938 2785 ἀναῤ-

367 2804 596 2874 ρηθῆναι
625 2803 860 2875 λαμπρῷ
890 2804 983 2858 καὶ
1009 2806 1296 2875 περιφανεῖ
1316 2804 1394 2874 τῷ
1417 2806 1749 2875 κηρύγματι,
1773 2806 1829 2856 ἐν
1860 2804 1936 2874 τῷ

368 2894 557 2965 μισθὸν
587 2895 689 2965 τῆς
720 2896 949 2958 ἀτοπίας
977 2896 1123 2965 αὑτῷ
1154 2895 1305 2966 παρὰ
1329 2897 1436 2949 τῶν
1467 2896 1637 2959 οὕτως
1673 2896 1939 2963 ἀγωνοθε-

366 2986 599 3040 τούντων
621 2986 964 3056 ἐξαιρεθῆναι
993 2985 1090 3058 τὴν
1115 2985 1374 3050 Κύζικον·
1392 2985 1482 3037 καὶ
1496 2984 1577 3036 ὅτι
1599 2985 1768 3037 ταῦτα
1796 2984 1936 3038 κατὰ

364 3076 465 3145 τὴν
510 3074 764 3147 ῥηθεῖσαν
793 3074 1030 3129 διάνοιαν
1066 3078 1195 3148 παρ’
1226 3075 1383 3143 ἡμῶν
1416 3074 1793 3145 ὡμολόγηται,
1826 3074 1936 3127 δεί-

366 3182 551 3219 κνυσιν
578 3167 605 3218 6
634 3164 899 3236 ἡμέτερος
924 3166 1080 3235 λόγος
1100 3183 1114 3196 ·
1138 3168 1220 3220 ὅτι
1275 3165 1555 3230 ἀσεϐείας
1587 3159 1795 3230 ἆθλον,
1818 3167 1937 3237 οὐχὶ

365 3256 660 3325 ἀπολογίας
701 3256 1032 3328 κατόρθωμά
1070 3275 1249 3328 φαμεν
1288 3256 1435 3327 αὑτῷ
1475 3257 1799 3327 γεγενῆσθαι
1837 3257 1937 3325 τὴν

366 3349 619 3411 Κύζικον.
654 3349 718 3401 Τί
747 3344 839 3401 οὖν
871 3348 1047 3402 κοινὸν
1076 3349 1187 3419 ἔχει
1220 3349 1286 3402 τὰ
1320 3346 1630 3419 παρ’ήμῶν
1645 3346 1935 3417 εἰρημένα*

364 3437 700 3509 παιδαριώδη
730 3438 933 3510 ταύτην
972 3439 1080 3492 τῶν
1113 3439 1459 3510 σοφισμάτων
1488 3438 1720 3509 πλοκήν
1750 3439 1823 3502 ὡς
1850 3439 1936 3491 διὰ

363 3526 521 3581 τοῦτο
553 3529 810 3598 συστῆναι
848 3528 994 3598 αὐτῷ
1033 3530 1125 3581 καὶ
1153 3529 1251 3599 τὴν
1278 3529 1432 3599 δίκην
1451 3569 1465 3591 ,
1496 3529 1587 3582 καὶ
1616 3528 1715 3600 τὴν
1744 3528 1936 3581 απολο-

364 3620 484 3687 γίαν
508 3620 937 3674 κατεσκευάσθαι
960 3638 975 3685 ;
1003 3619 1228 3689 Ὅμοιον
1248 3619 1356 3691 γὰρ
1379 3620 1439 3672 τὸ
1466 3621 1723 3684 τοιοῦτον,
1750 3620 1936 3692 ὥσπερ

362 3711 428 3765 ἄν
463 3726 544 3772 τις
586 3710 644 3761 ἐν
685 3710 966 3781 συμποσίῳ
1013 3711 1181 3763 πλείω
1217 3710 1325 3763 τῶν
1358 3710 1532 3763 ἄλλων
1572 3712 1662 3764 τὸν
1702 3712 1935 3782 ἄκρατον

365 3801 722 3873 ἐγχεάμενος,
769 3802 863 3855 καὶ
905 3800 993 3854 διὰ
1032 3801 1191 3854 τοῦτο
1237 3800 1414 3871 γέρως
1461 3802 1602 3864 τινὸς
1647 3801 1785 3854 κατά
1826 3801 1936 3855 τῶν

365 3893 781 3964 συμμεθυόντων
821 3893 1100 3957 ἀξιωθεὶς,
1124 3894 1223 3964 τὴν
1259 3897 1316 3948 ἐν
1347 3894 1424 3963 τῷ
1456 3894 1740 3963 συμποσίῳ
1779 3894 1938 3964 νίκην

360 3985 658 4055 τεκμήριον
686 3988 887 4037 ποιοῖτο
905 3984 995 4037 τοῦ
1021 3984 1113 4037 καὶ
1135 3986 1192 4038 ὲν
1216 3986 1584 4056 δικαστηρίοις
1604 3986 1933 4053 δεδικάσθαι,

362 4077 457 4130 καὶ
500 4078 781 4148 ὑπερέχειν
827 4077 1203 4146 δικασάμενον.
1256 4078 1499 4144 Ἐξέσται
1544 4079 1652 4147 γὰρ
1700 4079 1935 4148 κάκείνῳ

360 4166 458 4237 τὴν
516 4166 720 4237 πλοκὴν
768 4165 861 4219 τοῦ
914 4167 1273 4238 συλλογισμοῦ
1337 4169 1704 4240 μιμήσασθαιο
1757 4170 1817 4222 Εἰ
1875 4170 1934 4223 τὸ

362 4251 520 4310 ἆθλον
551 4257 705 4326 νίκης
732 4257 846 4310 ἐστὶ
879 4258 1163 4329 γνωρίσμα
1196 4260 1289 4312 καὶ⁴
1318 4259 1469 4323 τέλος
1488 4276 1502 4292 ο
1534 4259 1726 4331 μηνύει
1748 4259 1802 4311 δὲ
1833 4260 1932 4330 τὴν

368 4350 515 4419 ὠιην
541 4351 573 4419 ἡ
600 4349 720 4419 δίκη
741 4365 754 4379 ο
788 4349 1094 4418 συνεισάγει
1117 4350 1172 4403 δὲ
1201 4350 1415 4414 πάντως
1444 4353 1609 4421 ἐαυτῇ
1640 4351 1738 4421 τὴν
1766 4367 1932 4421 κατη-

362 4439 550 4510 γορίαν
572 4442 605 4510 ἡ
634 4440 754 4511 δίκη
780 4457 795 4471 ο
824 4441 1047 4511 ἐνίκησα
1071 4443 1169 4510 τὴν
1201 4441 1354 4512 δίκην
1383 4440 1514 4510 ἐγὼ,
1548 4442 1733 4512 ἐπειδὴ
1764 4442 1933 4496 πίνων

363 4530 627 4602 ἐστὲφθην
660 4533 716 4585 ἐν
748 4532 826 4603 τῷ
862 4535 959 4604 τῆς
990 4534 1320 4596 πολυποσίας
1350 4534 1542 4602 ἀγῶνι.

722 4679 750 4691 ρ

430 4810 569 4864 Ἀλλ’
604 4811 717 4880 ἐρεῖ
748 4826 833 4873 τις
866 4809 1081 4872 πάντως
1119 4808 1254 4878 πρὸς
1290 4808 1380 4861 τὸν
1417 4805 1559 4859 οὕτω
1600 4807 1932 4871 καλλωπιζό-

366 4918 545 4972 μενον,
593 4903 674 4955 ὃτι
720 4900 868 4955 ἄλλοι
917 4898 1126 4966 ἀγῶνες
1165 4900 1223 4951 ὲν
1267 4898 1618 4969 δικαστηρίῳ,
1654 4898 1747 4951 καὶ
1773 4897 1930 4961 ἄλλος

357 4994 554 5063 τρόπος
577 4993 673 5062 τῆς
707 4994 763 5044 ἐν
800 4991 1123 5061 συμποσίοις
1147 4990 1426 5059 ἀθλήσεως
1455 5005 1467 5019 ·
1514 4991 1608 5042 καὶ
1646 4991 1674 5041 6
1702 4990 1931 5058 νικήσας

358 5086 447 5139 διά
474 5086 573 5154 τῆς
601 5084 839 5147 κύλικος,
871 5084 1024 5137 οὐδὲν
1072 5083 1184 5153 ἔχει
1231 5081 1391 5135 πλέον
1424 5082 1488 5133 ἐκ
1542 5081 1636 5150 τῆς
1679 5079 1934 5148 τοιαύτης

358 5176 511 5245 νίκης
539 5175 649 5227 τῶν
679 5176 735 5227 ἐν
760 5173 1129 5245 δικαστηρίοις
1156 5171 1625 5241 ἀντιτεταγμένων
1646 5170 1814 5240 αὐτῷ·
1833 5170 1934 5223 κάν

354 5284 439 5328 τις
465 5269 697 5330 ἀνθίνοις
734 5267 1015 5336 στεφάνοις,
1055 5265 1478 5333 ἐπαγλαῖσηται.
1511 5261 1718 5315 Οὐκοῦν
1764 5260 1882 5313 οὑδὲ
1907 5261 1936 5312 ὁ

356 5360 432 5430 τῷ
459 5360 601 5431 λόγῳ
626 5360 726 5428 τῆς
768 5358 1019 5420 ἀσεϐείας
1070 5357 1176 5410 τῶν
1224 5356 1425 5426 ὁμοίων
1473 5353 1932 5425 προτεταγμένος,

356 5452 454 5522 ἤδη
482 5454 575 5505 καὶ
603 5451 696 5505 τοῦ
724 5454 781 5504 ἐν
809 5454 874 5521 τῇ
900 5450 1077 5521 κρίσει
1107 5447 1453 5519 νενικηκέναι
1493 5440 1580 5498 sit
1625 5444 1717 5498 τοῦ
1767 5443 1929 5497 ἄθλου

356 5543 606 5605 ἀσεϐείας
628 5545 726 5613 τὴν
758 5540 1060 5613 μαρτυρίαν
1089 5540 1404 5611 παρέχεται.
1428 5536 1494 5589 Τί
1523 5531 1615 5590 οὖν
1644 5538 1931 5605 συνηγορεῖ

355 5640 423 5707 τῇ
458 5637 532 5708 μὴ
582 5638 805 5708 ῥηθείσῃ
853 5635 1121 5704 ἀπολογίᾳ
1165 5636 1197 5704 ἡ
1232 5632 1326 5685 τοῦ
1366 5630 1617 5702 προέχειν
1667 5628 1827 5681 αὑτὸν
1870 5628 1928 5679 ἐν

355 5728 581 5800 ἀσεϐείᾳ
613 5731 741 5800 παρ’
768 5727 923 5797 ἡμῶν
959 5724 1268 5796 μαρτυρίαξ
1333 5724 1396 5775 Εἰ
1440 5722 1538 5791 μὲν
1579 5719 1687 5788 γὰρ
1731 5717 1927 5769 ἀπολο-

354 5819 663 5890 γησάμενος
685 5818 818 5889 πρὸς
844 5817 969 5880 τοὺς
1001 5815 1294 5877 δικαστὰς,
1326 5812 1418 5866 καὶ
1450 5810 1558 5865 τῶν
1604 5811 1920 5874 ἀντιτεταγ-

2048 617 2137 669 rit.
2168 616 2307 682 Quid
2344 616 2508 684 igitur
2539 615 2667 685 agit,
2703 616 2796 684 qui
2843 616 2964 669 aliis
2997 615 3370 684 sophistarum
3420 630 3621 669 nomen

2055 708 2289 776 objicit?
2322 706 2518 759 Statim
2547 717 2764 776 arrepto
2790 708 2996 775 prazmit'
3038 706 3328 771 vocabulo,
3360 708 3623 762 tenaciter

2046 800 2098 853 ei
2128 799 2379 859 inhaeret,
2410 809 2464 853 et
2488 815 2590 853 nos
2621 797 2868 853 conﬁteri
2901 800 2997 861 ait,
3034 800 3172 868 quod
3215 814 3309 864 pro
3348 814 3402 851 se
3431 798 3618 866 apolo-

2046 892 2193 960 giam
2224 890 2554 954 instituerit,
2579 899 2628 944 et
2654 906 2745 959 per
2787 890 3085 958 apologiam
3130 887 3411 943 obtinuerit
3459 889 3622 941 victo-

2045 980 2210 1042 riam,
2246 981 2521 1049 prwmium
2555 980 2695 1033 enim
2728 980 2961 1033 victoria:
2990 980 3251 1047 reportari
3272 994 3336 1032 ea:
3374 980 3622 1032 certami-

2044 1068 2200 1129 nibus
2227 1085 2246 1123 :
2282 1078 2337 1124 et
2365 1085 2488 1124 mox
2521 1069 2893 1140 syllogismum
2924 1070 3162 1133 conﬁcit,
3190 1076 3245 1124 et
3274 1078 3334 1123 ut
3365 1070 3483 1140 ipse
3512 1069 3619 1123 sibi

2044 1159 2360 1229 persuadet,
2395 1177 2461 1214 ex
2492 1160 2819 1216 certissimis
2839 1170 2892 1215 et
2913 1160 3259 1216 evidentibus
3308 1162 3620 1217 conclusio-

2044 1266 2169 1305 nem
2197 1250 2379 1305 infert.
2415 1250 2679 1306 Recitabo
2713 1259 2895 1305 autem
2933 1251 3003 1305 ad
3055 1251 3286 1306 verbum
3320 1268 3440 1321 qurc
3475 1253 3617 1307 scri-

2044 1342 2191 1411 psit:
2231 1340 2292 1397 Si
2313 1341 2475 1405 enim,
2516 1342 2715 1411 inquit,
2750 1342 3027 1409 prtemium
3046 1352 3123 1395 est
3158 1342 3368 1412 signum
3395 1351 3445 1396 et
3490 1342 3615 1410 ﬁnis

2042 1434 2300 1499 victoria,
2318 1432 2583 1501 judicium
2609 1449 2727 1486 vero
2752 1433 3038 1487 victoriam
3084 1433 3279 1497 innuit,
3313 1434 3611 1487 necessario

2042 1534 2219 1577 autem
2268 1524 2533 1594 judicium
2591 1525 2927 1593 conjunctam
2979 1523 3132 1577 habet
3181 1525 3615 1577 accusationem:
3672 1528 3677 1539 '

2042 1618 2299 1684 sequitur,
2340 1618 2508 1686 utqui
2538 1617 2774 1671 concedit
2823 1618 2987 1670 alicui
3018 1618 3319 1685 praemium,
3357 1618 3402 1670 is
3449 1618 3613 1670 etiam

2041 1709 2276 1777 fateatur
2318 1711 2624 1763 institutam
2665 1725 2779 1763 esse
2814 1708 3113 1779 apologiam
3151 1718 3200 1762 et
3234 1709 3610 1775 defensionem.

2041 1800 2180 1865 Quid
2208 1800 2373 1871 igitur
2392 1799 2458 1853 ad
2482 1800 2596 1853 haec
2620 1797 2763 1854 nos?
2788 1815 3065 1869 pugnasse
3097 1799 3282 1864 istum,
3315 1798 3613 1868 etquidem

1969 1867 2011 1925 Β
2038 1892 2193 1947 valde
2231 1867 2483 1957 viriliter,
2521 1900 2575 1946 et
2622 1867 2885 1962 generose
2932 1892 3072 1945 hanc
3099 1867 3477 1946 detestandam
3511 1890 3613 1943 im-

2037 1987 2257 2057 pietatis
2286 2000 2542 2056 pugnam,
2572 2000 2682 2038 non
2710 1984 2853 2039 imus
2878 1984 3111 2047 inﬁcias,
3144 1998 3243 2036 nec
3296 1982 3610 2044 abnuimus.

2037 2092 2164 2132 eum
2198 2074 2392 2146 grandi
2420 2073 2709 2128 intervallo
2747 2088 3039 2142 superasse
3064 2073 3202 2125 alios
3226 2071 3281 2125 in
3308 2072 3613 2126 certamine

2039 2175 2237 2222 contra
2268 2165 2577 2229 veritatem,
2606 2162 2702 2219 sed
2726 2162 3001 2225 addimus,
3028 2170 3143 2216 tum
3174 2177 3282 2216 non
3307 2161 3614 2217 obtinuisse

2038 2259 2272 2314 devictis
2320 2256 2653 2312 adversariis
2701 2257 2815 2311 suis
2871 2255 3146 2324 palmam:
3197 2252 3433 2307 fatemur
3477 2254 3609 2309 item

2038 2350 2453 2421 comparatione
2505 2348 2786 2403 sociorum
2856 2348 2910 2400 in
2948 2346 3241 2415 impietatis
3291 2345 3473 2399 studio
3502 2346 3617 2417 pal-

2037 2457 2182 2496 mam
2249 2440 2599 2510 pra'ripuisse
2649 2437 2931 2498 omnibus,
2981 2445 3171 2505 utpote
3225 2435 3282 2490 in
3312 2437 3613 2492 mendaciis

2037 2531 2593 2589 exercitatissimum:
2623 2537 2677 2583 et
2705 2529 2785 2585 sic
2824 2529 2894 2582 ob
2920 2528 3213 2598 impietatis
3266 2528 3613 2582 immensita-

2037 2628 2148 2675 tem
2192 2621 2568 2690 episcopatum
2628 2619 2982 2690 Cyzicensem
3032 2618 3236 2687 prtemii
3286 2618 3409 2671 loco
3455 2632 3615 2673 accc--

2036 2710 2228 2779 pisse:
2263 2715 2524 2778 tanquam
2560 2708 2737 2770 illum,
2789 2708 2884 2778 qui
2932 2722 3145 2771 omnes,
3181 2708 3235 2761 in
3271 2708 3461 2761 eodem
3511 2707 3613 2762 ad-

2036 2816 2229 2856 versus
2257 2802 2540 2856 veritatem
2572 2802 2797 2871 pulvere
2827 2800 3184 2864 desudantes,
3212 2800 3371 2870 longe
3399 2812 3522 2869 post
3553 2815 3614 2855 se

2036 2891 2342 2959 reliquerit,
2390 2891 2704 2959 illustrique
2761 2902 2813 2944 et
2855 2889 3138 2959 splendido
3171 2891 3442 2959 praeconio
3486 2905 3614 2959 pro-

2038 2983 2353 3048 clamatum,
2391 2983 2634 3037 muneris
2696 2982 2841 3046 loco,
2897 2983 2969 3036 ob
3032 2982 3295 3051 impietati
3354 2993 3611 3035 navatam

2038 3088 2284 3142 operam,
2330 3088 2359 3125 a
2388 3073 2668 3143 judicibus
2732 3074 2991 3127 donatum
3022 3087 3143 3127 esse
3201 3072 3422 3144 Cyzico.
3455 3073 3613 3139 Quod

2040 3162 2143 3216 hac
2175 3172 2354 3216 mente
2380 3170 2435 3216 et
2464 3161 2737 3216 sententia
2785 3162 2902 3216 haec
2935 3160 3228 3226 fateamur,
3282 3179 3348 3216 ex
3404 3163 3615 3219 nostris

2036 3253 2221 3309 verbis
2247 3253 2437 3322 liquet,
2465 3268 2591 3306 cum
2621 3254 2977 3317 allirmamus,
3023 3252 3282 3323 Cyzicum
3334 3252 3413 3307 illi
3447 3255 3615 3308 obve-

2038 3348 2210 3412 nisse,
2245 3356 2303 3402 ut
2326 3350 2606 3417 prtemium
2631 3348 2946 3416 impietatis,
3002 3363 3111 3402 non
3162 3355 3222 3401 ut
3255 3348 3517 3417 apologiaa
3560 3358 3614 3403 et

2037 3439 2373 3495 defensionis
2430 3440 2929 3494 bonestamcntum.
2984 3437 3126 3505 Quid
3184 3439 3349 3509 igitur
3421 3448 3613 3495 nostra

2036 3533 2213 3586 oratio
2259 3548 2547 3586 commune
2582 3532 2747 3586 habet
2794 3548 2916 3586 cum
2952 3532 3254 3601 puerilibus
3306 3533 3467 3589 istius
3514 3548 3611 3588 so-

2038 3626 2366 3695 pbismatum
2414 3625 2691 3689 vcrsutiis,
2747 3624 2906 3693 quasi
2967 3624 3092 3677 inde
3153 3633 3434 3693 sequatur,
3484 3640 3611 3680 eum

2038 3716 2270 3771 subiisse
2294 3715 2581 3785 judicium,
2612 3725 2663 3771 et
2688 3730 2808 3770 sese
2832 3714 3176 3770 defendisse?
3205 3716 3436 3770 Perinde
3459 3718 3608 3771 enim

2038 3807 2139 3861 hoc
2166 3818 2266 3868 est.
2299 3823 2361 3861 ac
2393 3806 2438 3861 si
2480 3808 2604 3875 quis
2649 3808 2702 3860 in
2746 3808 2997 3861 convivio
3048 3808 3170 3877 plus
3208 3810 3317 3861 viui
3378 3809 3598 3863 caeteris

2040 3902 2318 3966 baut-iens,
2356 3909 2410 3955 et
2451 3902 2523 3956 ob
2553 3901 2656 3954 hoc
2701 3902 2845 3955 dono
2897 3900 3081 3969 aliquo
3125 3916 3154 3954 a
3197 3902 3613 3970 compotoribus

2036 3992 2357 4054 honoratus,
2394 3992 2677 4045 victoriam
2721 3992 2868 4045 illam
2916 3992 2971 4045 in
3025 3993 3276 4047 convivio
3319 3993 3607 4059 proferret,

2037 4093 2293 4153 tanquam
2319 4090 2701 4154 argumentum
2754 4084 2998 4138 victorias
3056 4084 3112 4138 in
3152 4084 3271 4139 foro
3304 4094 3357 4139 et
3401 4084 3610 4153 judicio

2035 4176 2106 4231 ab
2135 4176 2467 4231 adversariis
2490 4176 2694 4229 relatae.
2729 4172 3029 4231 Possumus
3052 4191 3287 4244 namque
3310 4176 3610 4247 syllogismi

2034 4264 2205 4334 ipsius
2243 4271 2581 4318 structuram
2615 4262 2846 4316 imitari:
2870 4260 2927 4316 Si
2953 4263 3236 4332 praemium
3263 4273 3345 4317 est
3373 4264 3608 4319 victoriae

2034 4356 2246 4425 signum
2279 4366 2334 4409 et
2361 4354 2485 4409 linis
2506 4393 2523 4417 ,
2558 4355 2845 4410 victoriam
2880 4362 3061 4409 autem
3098 4354 3605 4423 innuitjudicium;

2032 4455 2085 4498 et
2118 4446 2163 4500 si
2196 4445 2467 4514 judicium
2500 4446 2818 4503 necessario
2861 4444 3216 4513 conjunctam
3249 4445 3410 4500 liabet
3444 4461 3607 4500 accu-

1960 4559 2005 4615 D
2036 4538 2324 4600 sationem,
2351 4538 2561 4593 obtinui
2593 4554 2727 4594 sane
2782 4554 2884 4608 ego
2928 4540 3233 4604 victoriam,
3284 4556 3407 4593 cum
3462 4540 3608 4594 inter

2036 4629 2354 4698 potandum,
2382 4637 2436 4685 et
2474 4631 2529 4684 in
2564 4632 2886 4699 poculorum
2918 4633 3215 4686 certamine
3260 4646 3465 4687 corona
3523 4648 3604 4687 re-

2035 4719 2261 4773 dimitus
2288 4718 2413 4773 sim.

2107 4808 2213 4863 Sed
2243 4809 2317 4863 ita
2339 4809 2595 4879 glorianti
2615 4816 2870 4864 occurret
2896 4808 3188 4878 derepente
3209 4808 3433 4877 aliquis,
3464 4809 3603 4867 alias

2034 4914 2155 4953 esse
2194 4915 2403 4969 pugnas
2465 4899 2521 4953 in
2566 4899 2685 4953 foro
2725 4906 2780 4953 et
2830 4899 3019 4966 curia;
3075 4901 3350 4969 aliumque
3378 4914 3605 4956 concer-

2032 4990 2181 5044 tandi
2235 4990 2456 5045 modum
2484 4998 2541 5046 et
2575 5007 2780 5045 morem
2808 4991 2860 5045 in
2895 4992 3198 5057 conviviis;
3226 5007 3403 5061 neque
3432 4992 3604 5048 victo-

2029 5099 2143 5139 rem
2194 5084 2248 5137 in
2302 5084 2598 5154 symposiis
2644 5085 2713 5138 ob
2769 5084 2821 5138 id
2882 5084 3092 5139 meliori
3147 5084 3269 5138 loco
3322 5101 3445 5140 esse
3488 5085 3603 5141 suis

2030 5175 2360 5231 adversariis
2385 5176 2441 5230 in
2483 5176 2633 5239 foro;
2665 5177 2881 5232 etiamsi
2915 5193 3085 5247 supra
3110 5177 3328 5232 modum
3369 5193 3605 5234 suaveo-

2030 5267 2258 5321 lentium
2299 5266 2492 5321 florum
2554 5268 2715 5322 sertis
2757 5269 2993 5323 exsultet
3042 5276 3095 5323 et
3144 5271 3359 5339 gestiat.
3402 5269 3606 5335 Quam.

2032 5356 2219 5410 obrem
2261 5372 2437 5424 neque
2486 5358 2556 5422 is,
2607 5357 2700 5426 qui
2745 5357 3020 5426 impietate
3062 5357 3278 5412 caneris
3328 5357 3601 5426 praestitit,

2029 5448 2236 5502 idcirco
2288 5448 2419 5501 illud
2455 5447 2750 5518 impietatis
2783 5449 3066 5517 praemium
3098 5457 3376 5504 ostentare
3401 5456 3602 5517 potest,

2026 5545 2287 5608 tanquam
2326 5540 2537 5609 signum
2575 5540 2817 5595 victoriae
2862 5541 2918 5593 in
2960 5539 3168 5608 judicio
3219 5539 3460 5609 legitimo
3507 5539 3604 5593 ob-

2028 5638 2212 5683 lentae.
2268 5628 2407 5695 Quid
2457 5631 2622 5699 igitur
2675 5631 3062 5685 commentitiae
3125 5630 3296 5699 ipsius
3338 5628 3604 5698 apologia:

2027 5718 2323 5785 adjumeuti
2357 5718 2437 5772 vel
2468 5720 2718 5773 utilitatis
2743 5719 2897 5774 uﬂ'erl
2915 5719 3283 5774 testimonium
3319 5727 3597 5775 nostrum,

2032 5826 2138 5877 quo
2187 5808 2437 5875 fatemur,
2480 5810 2654 5880 ipsum
2717 5812 2955 5883 reliquos
3009 5809 3305 5867 sceleribus
3347 5815 3601 5865 antcccs~
