4166 6372
444 392 549 446 935

1682 379 1739 434 S.
1772 378 2108 435 CREGORII
2144 378 2440 439 NYSSENI

3597 385 3705 433 284

447 510 567 567 Non
595 508 741 564 enim
774 507 880 563 hoc
912 506 1092 577 reperi
1126 507 1181 559 in
1210 504 1415 561 nostris
1447 501 1751 567 codicibus,
1785 504 1881 558 sed
1901 513 2021 559 esto

2130 505 2509 559 ἐπιδείκνυται.
2554 504 2628 558 Οὑ
2673 502 2782 575 γὰρ
2825 494 2980 571 εῦρον
3024 500 3080 552 ὲν
3119 499 3232 562 τοῖς
3273 498 3558 572 ἡμετέροις
3614 499 3702 570 βι-

447 601 781 658 dixerit.hoc
805 599 1064 655 Basilius.
1098 596 1239 651 Num
1274 603 1563 666 propterea
1590 594 1916 650 temerarius
1966 600 2022 648 et

449 694 753 761 iniuriosus
793 690 1079 762 appellari,
1120 698 1175 743 et
1220 686 1507 758 quibusvis
1553 685 1677 739 aliis
1738 683 2022 755 probrosis

448 782 832 855 eognomentis
870 780 1009 835 allici
1038 780 1242 835 debet?
1268 777 1454 848 Neque
1506 775 1758 846 intelligit
1803 774 2022 844 sapiens

448 879 569 939 iste,
604 874 750 945 quod
784 889 911 929 cum
970 872 1323 945 sycophanta:
1368 870 1422 924 in
1452 870 1618 924 rebus
1648 869 1865 938 exiguis
1924 868 2025 921 ali-

449 982 612 1037 quem
668 972 953 1027 accusant,
1006 976 1262 1032 magnum
1328 960 1453 1014 inde
1488 957 1851 1028 patrocinium
1904 967 2025 1012 tan-

449 1074 614 1130 quam
646 1055 851 1111 insonti
873 1054 1105 1110 exsistat
1153 1053 1255 1119 illi,
1283 1051 1374 1122 qui
1402 1052 1732 1106 accusatur?
1755 1047 1890 1103 Nam
1928 1049 2022 1119 qui

452 1154 519 1206 ad
555 1150 929 1206 accusandum
957 1145 1218 1218 prosiliit,
1270 1145 1319 1199 is
1349 1158 1630 1214 nunquam
1677 1141 1866 1210 utique
1900 1156 2028 1211 gra-

449 1244 698 1298 vioribus
726 1239 1132 1311 praetermissis,
1170 1237 1462 1306 malignam
1499 1249 1656 1289 suam
1709 1246 1926 1303 operam
1967 1233 2025 1286 in

451 1336 748 1393 levioribus
774 1336 1096 1394 insumeret,
1135 1331 1191 1385 in
1223 1328 1422 1399 quibus
1472 1327 1576 1383 iste
1629 1323 2025 1397 exaggerandis

452 1430 659 1483 multus
693 1434 797 1493 est,
859 1422 1200 1493 ampliﬁcans
1249 1420 1455 1473 illatam
1492 1418 1748 1488 injuriam
1778 1457 1792 1482 ,
1850 1423 1904 1468 et
1956 1414 2025 1471 de

450 1516 738 1573 mendacio
759 1514 989 1571 miriﬁce
1014 1510 1427 1583 phi1030phans,
1451 1517 1602 1563 ratus
1624 1506 1870 1562 eamdem
1901 1520 2025 1561 esse

450 1608 868 1672 absurditatem,
892 1606 1007 1661 sive
1027 1603 1095 1659 de
1113 1599 1479 1675 gravioribus,
1500 1599 1615 1655 sive
1633 1600 1702 1655 de
1729 1597 2024 1653 levioribus

452 1716 635 1757 sermo
662 1701 752 1757 sit.
791 1698 951 1754 Novit
978 1696 1123 1752 enim
1171 1693 1457 1749 institutus
1509 1708 1540 1747 a
1582 1691 1833 1761 patribus
1885 1692 2021 1756 suis,

453 1793 687 1858 Scribis,
724 1792 968 1855 iunuam,
1003 1797 1057 1844 et
1091 1786 1407 1847 Pharisaeis,
1468 1792 1727 1840 accurate
1781 1785 2026 1838 excofare

449 1885 693 1949 culicem,
736 1900 794 1944 et
828 1882 985 1937 avide
1030 1881 1293 1936 devorare
1334 1878 1619 1950 gibbosam
1671 1877 1927 1931 camelum
1952 1877 2022 1941 η,
2056 1871 2099 1926 Β

449 1976 689 2045 pondere
718 1973 937 2026 malitiae
979 1980 1256 2026 onustam.
1288 1968 1461 2035 Quem
1497 1968 1637 2023 forte
1668 1969 1766 2024 abs
1819 1984 1879 2023 re
1913 1983 2024 2023 non

452 2065 621 2119 fuerit
648 2063 964 2126 admonere,
1006 2071 1065 2116 ut
1092 2061 1148 2115 in
1196 2071 1385 2116 nostra
1416 2061 1694 2132 republica
1724 2060 1793 2113 ab
1829 2059 2024 2129 hujus-

447 2157 594 2209 modt
650 2154 859 2224 legibus
915 2153 1154 2207 ferendis
1204 2151 1496 2217 abstineat,
1533 2168 1602 2206 ne
1634 2151 1842 2207 scilicet
1871 2166 2025 2204 man-

447 2247 559 2312 det,
595 2255 654 2301 ut
707 2245 971 2300 tenuitate
1018 2244 1102 2298 vel
1145 2244 1519 2315 magnitudine
1569 2260 1749 2299 rerum
1799 2243 2027 2299 menda-

448 2338 518 2392 cii
579 2336 908 2391 calumniam
955 2352 1063 2389 non
1113 2334 1493 2390 discernamus
1537 2354 1550 2389 :
1602 2350 1708 2390 non
1752 2338 1897 2391 enim
1951 2352 2025 2391 a3—

455 2430 694 2500 qualiter
719 2436 908 2498 peccat
934 2427 1136 2482 Paulus
1164 2428 1452 2492 mentiens,
1489 2428 1618 2482 dum
1647 2426 1876 2483 Iudaico
1913 2430 2025 2483 ritu

453 2523 840 2593 puriﬁcaretur
869 2536 934 2575 eo
972 2530 1235 2590 tempore,
1287 2536 1396 2591 quo
1449 2522 1579 2575 utile
1611 2529 1729 2576 erat
1759 2523 2025 2592 quosdam

448 2612 552 2666 hac
587 2610 769 2681 specie
807 2611 1027 2680 decipi;
1067 2618 1118 2665 et
1152 2609 1322 2665 Judas
1372 2611 1493 2680 ipso
1527 2612 1855 2681 proditionis
1887 2613 2024 2667 arti-

448 2707 594 2770 culo,
629 2719 753 2758 cum
782 2702 945 2756 amici
980 2710 1035 2756 et
1071 2702 1315 2757 benevoli
1348 2703 1589 2760 hominis
1619 2718 1912 2773 personam
1942 2708 2027 2760 in-

449 2794 568 2847 aluit
596 2790 952 2847 “.Mentitus
984 2801 1069 2847 est
1101 2800 1155 2846 et
1193 2790 1391 2863 Josepu
1433 2794 1696 2850 fratribus
1744 2798 1884 2858 suis,
1933 2797 2029 2852 be-

453 2885 761 2942 nevolentia
786 2883 1019 2952 quadam
1056 2884 1136 2939 eis
1160 2885 1418 2950 illudens,
1482 2885 1619 2941 adeo
1672 2887 1915 2956 quidem,
1966 2896 2027 2942 ut

450 2977 613 3031 etiam
651 2993 745 3045 per
774 2974 1079 3030 Pharaonis
1105 2976 1392 3031 sanitatem
1409 2976 1622 3045 juraret
1645 2977 1711 3030 ³⁵.
1738 2976 1843 3033 Sed
1868 2994 2027 3033 men-

452 3071 537 3122 titi
561 3078 689 3122 sunt
715 3078 905 3123 contra
938 3068 1087 3122 illum
1121 3078 1178 3123 et
1213 3068 1410 3124 fratres
1434 3071 1510 3123 “’:
1547 3070 1782 3140 primum
1804 3071 2025 3141 quidem

455 3168 650 3223 morte,
686 3168 877 3229 postea
912 3159 1178 3215 servitute
1239 3162 1287 3213 ei
1324 3159 1562 3227 decreta,
1596 3170 1655 3215 ut
1710 3162 1815 3216 alia
1861 3163 2026 3233 hujus

2122 601 2291 663 ὅλίοις
2314 598 2474 653 τοῦτο
2500 598 2914 670 προσκείμενον,
2939 590 3167 645 δεδόσθω
3188 590 3245 643 δὲ
3268 590 3404 653 ὅλως
3424 590 3699 662 εἰρῆσθαι.

2134 691 2303 761 Ὑπὲρ
2332 690 2535 744 τούτων
2582 687 2879 761 προπετὴς.
2920 685 3014 739 καὶ
3060 683 3339 755 ὑϐριστὴς,
3385 683 3480 737 καὶ
3522 683 3701 738 πάντα

2122 786 2447 856 ὀνομάζεται
2470 785 2539 839 τὰ
2567 784 2878 846 δεινότατα;
2930 780 3037 833 Καὶ
3073 779 3134 832 οὑ
3165 777 3409 848 συνίησιν
3446 778 3473 829 6
3516 777 3700 846 σοφὸς,

2122 881 2203 934 ὅτι
2230 882 2263 949 ἡ
2291 879 2383 933 ἐπὶ
2428 880 2642 949 μικροῖς
2671 874 2823 946 παρὰ
2853 873 2947 927 τοῦ
2987 870 3324 939 συκοφάντου
3369 869 3695 939 κατηγορία,

2127 971 2369 1043 μεγάλην
2399 969 2723 1042 συνηγορίαν
2750 967 2848 1037 τῆς
2892 964 3198 1035 δεξιότητος
3233 962 3327 1016 τοῦ
3363 979 3695 1033 κατηγορουο

2127 1062 2291 1132 μένου
2321 1060 2683 1131 παρίστησιν,
2706 1058 2780 1109 Οὑ
2822 1054 2928 1125 γὰρ
2965 1053 3034 1107 ἂν
3067 1052 3201 1123 πρὸς
3236 1051 3568 1121 κατηγορίαν
3608 1067 3702 1102 κε-

2124 1153 2434 1225 κινημένος,
2460 1152 2567 1204 τῶν
2599 1148 2857 1221 μειζόνων
2881 1145 3210 1215 φειδόμενος,
3237 1145 3293 1197 ἐν
3315 1145 3425 1205 τοῖς
3454 1140 3704 1212 μικροτέ-

2128 1263 2240 1317 ροις
2291 1242 2585 1313 ἀπησχόλει
2638 1242 2736 1310 τὴν
2770 1237 3069 1309 πονηρίαν·
3112 1235 3252 1306 ὑπὲρ
3294 1226 3367 1287 ὧν
3397 1233 3491 1286 καὶ
3536 1230 3703 1295 πολύς

2125 1337 2290 1401 ἔστιν,
2325 1335 2566 1405 ἐπαίρων
2597 1332 2690 1386 καὶ
2713 1330 2897 1385 δεινῶν
2925 1331 2987 1382 τὸ
3031 1323 3273 1397 ἀδίκημα
3293 1366 3307 1389 ,
3347 1327 3441 1379 καὶ
3491 1324 3702 1395 σεμνῶς

2126 1427 2254 1499 περὶ
2288 1425 2380 1479 τοῦ
2421 1425 2651 1495 ψεύδους
2684 1420 3019 1492 φιλοσοφῶν,
3049 1414 3165 1473 ἴσον
3195 1421 3272 1481 εἰς
3314 1415 3542 1470 ἀτοπίαν
3576 1415 3701 1486 κρί-

2125 1538 2253 1582 νων,
2284 1519 2377 1572 ὲάν
2408 1534 2468 1570 τε
2508 1517 2636 1587 περὶ
2672 1513 2952 1586 μειζόνων,
2989 1512 3082 1566 ὲάν
3110 1528 3168 1563 τε
3196 1510 3325 1579 περὶ
3361 1508 3701 1579 μικροτέρων

2125 1612 2154 1665 ὁ
2176 1611 2353 1679 λόγος.
2388 1604 2509 1662 Οἵδε
2534 1606 2642 1679 γὰρ
2666 1604 2805 1660 κατὰ
2830 1604 2954 1667 τοὺς
2978 1601 3221 1672 πατέρας
3245 1596 3409 1654 αὑτοῦ
3432 1598 3528 1669 τῆς
3550 1596 3702 1666 αἰρέ-

2129 1720 2285 1765 σεως,
2318 1701 2443 1763 τοὺς
2470 1699 2811 1769 γραμματεῖς
2842 1695 3003 1761 λέγω,
3036 1693 3129 1745 καὶ
3155 1689 3480 1762 Φαρισαίους
3500 1727 3515 1751 ,
3545 1689 3702 1758 ἀκρι-

2127 1793 2237 1857 ϐῶς
2259 1792 2356 1863 μὲν
2371 1788 2653 1851 διυλίζειν
2667 1789 2771 1841 τόν
2785 1786 3057 1849 κώνωπα,
3073 1782 3302 1863 άφειδῶς
3318 1780 3374 1834 δὲ
3386 1780 3704 1834 καταπίνειν

2130 1883 2230 1952 τὴν
2260 1860 2495 1934 *σκολιὰν
2532 1878 2824 1951 κάμηεὶον,
2853 1877 2951 1945 τὴν
2977 1874 3055 1944 τῷ
3101 1860 3256 1945 βάρει
3302 1872 3402 1941 τῆς
3441 1871 3704 1941 πονηρίας

2131 1972 2564 2043 πεφορτισμένην
2586 1988 2600 2003 ο
2637 1971 2771 2041 πρὸς
2804 1969 2862 2022 ὃν
2888 1971 2988 2022 οὑκ
3016 1966 3213 2020 ἄτοπον
3242 1954 3309 2036 ἦν
3337 1967 3466 2027 ἴσως
3503 1966 3703 2027 εἰπεῖν,

2130 2069 2210 2120 ὅτι
2240 2066 2425 2118 Φείδου
2463 2065 2561 2136 τῆς
2586 2062 2840 2133 τοιαύτης
2879 2060 3196 2131 νομοθεσίας
3226 2062 3283 2112 ὲν
3312 2061 3379 2129 τῇ
3407 2055 3524 2111 καθ’
3553 2057 3701 2127 ἡμᾶς

2130 2156 2395 2227 πολιτείᾳ,
2430 2155 2491 2210 τὸ
2522 2156 2652 2225 παρ’
2679 2138 2829 2207 οὐδὲν
2855 2150 3100 2223 ἡγεῖσθαι
3132 2150 3374 2203 κελεύειν
3406 2147 3703 2218 βραχύτητι

2130 2250 2472 2321 πραγμάτων
2490 2289 2504 2313 ,
2534 2249 2626 2302 καὶ
2659 2246 2875 2318 μεγέθει
2897 2244 3187 2316 διακρίνειν
3216 2244 3313 2314 τὴν
3339 2242 3475 2313 πρὸς
3495 2240 3554 2294 τὸ
3576 2239 3704 2310 ψεῦ-

2130 2344 2218 2404 δος
2249 2341 2527 2409 διαϐολήνο
2558 2340 2618 2393 ού
2647 2340 2754 2409 γὰρ
2782 2337 2978 2409 ὁμοίως
3010 2335 3310 2407 ἁμαρτάνει
3338 2334 3547 2396 Παῦλος
3572 2333 3706 2401 ψευ-

2131 2434 2370 2503 δόμενος.
2402 2432 2496 2485 καὶ⁸
2537 2428 2839 2492 Ἰουδαικῶς
2870 2426 3218 2497 ἁγνιζόμενος
3249 2426 3341 2478 ἐπὶ
3375 2423 3565 2495 καιροῦ
3594 2422 3704 2476 τῶν

2131 2526 2415 2597 χρησίμως
2451 2522 2854 2592 ἀπατωμένων,
2884 2521 2977 2574 καὶ
3018 2518 3217 2582 Ἰούδας
3247 2520 3303 2570 ὲν
3332 2517 3409 2588 τῷ
3440 2517 3540 2588 τῆς
3568 2533 3703 2585 προ-

2131 2618 2308 2679 δοσίας
2331 2616 2506 2687 καιρῷ
2534 2615 2682 2683 φίλον
2707 2613 2799 2666 καὶ
2821 2611 3160 2683 προσήγορον
3191 2611 3374 2681 σχῆμα
3404 2608 3703 2679 ὑποδυόμε-

2133 2726 2240 2770 νος.
2274 2705 2569 2775 Ἐψεύσατο
2590 2703 2685 2756 καί
2718 2702 2912 2772 Ἰωσὴφ
2935 2702 2992 2752 ὲν
3010 2699 3389 2770 φιλανθρωπίᾳ
3409 2699 3532 2760 τοὺς
3553 2697 3704 2750 ἁδελ-

2134 2801 2265 2868 φοὺς
2309 2798 2640 2860 διαπαίζων,
2678 2795 2772 2848 καὶ
2819 2792 2993 2846 ταῦτα
3018 2791 3113 2862 τὴν
3156 2791 3342 2860 ὑγείαν
3378 2790 3472 2843 τοῦ
3506 2789 3707 2861 Φαραὼ

2132 2892 2524 2963 ἐπομνύμενος.
2594 2888 2732 2942 Ἀλλ’
2772 2887 3068 2958 ἐψεύσαντο
3106 2885 3201 2939 καὶ
3244 2887 3292 2937 οἱ
3331 2884 3549 2953 ἀδελφοὶ⁹
3582 2884 3705 2937 κατ’

2132 2983 2295 3039 αὑτοῦ
2319 3002 2330 3012 ·
2370 2984 2432 3037 τὸ
2474 2982 2734 3053 πρότερον
2770 2981 2903 3051 μὲν,
2942 2978 3190 3045 θάνατον,
3245 2976 3383 3049 μετὰ
3430 2977 3600 3029 ταῦτα
3649 2974 3707 3028 δὲ

2132 3077 2373 3130 δουλείαν
2414 3075 2501 3129 διὰ
2550 3074 2642 3126 τὸν
2690 3072 2881 3141 φθόνον
2928 3069 3344 3139 βουλεύσαντες·
3396 3070 3489 3121 καὶ
3536 3066 3705 3120 πολλὰ

2132 3169 2357 3223 τοιαῦτα
2399 3167 2541 3221 ἔστιν
2579 3167 2783 3218 εἰπεῖν·
2828 3164 3079 3234 ψεύδεται
3112 3162 3298 3234 Σάρρα
3327 3160 3707 3231 ὲπερυθριῶσα

452 3252 672 3321 generis
702 3250 968 3304 omittam.
1010 3249 1267 3303 Mentitur
1297 3266 1515 3320 quoque
1544 3251 1730 3317 Sarra,
1759 3252 1830 3308 ob
1859 3229 2028 3308 risum

2132 3260 2210 3331 τῷ
2234 3260 2450 3327 γέλωτι.
2478 3257 2743 3311 Ψεύδεται
2769 3229 2863 3310 καί
2883 3258 2910 3309 6
2934 3256 3058 3325 δφις
3082 3255 3161 3318 είς
3188 3229 3336 3307 θείαν
3364 3229 3708 3323 μεταϐαίνειν

454 3342 665 3413 pudore
703 3341 912 3397 suti‘usa
939 3342 1004 3394 ¹⁶.
1043 3340 1304 3395 Mentitur
1327 3343 1471 3397 enim
1521 3358 1767 3414 serpens,
1798 3344 1915 3400 fore
1970 3354 2032 3401 ut

456 3435 622 3488 homo
666 3432 868 3486 violato
914 3431 1006 3485 Dei
1062 3440 1331 3502 praecepto
1388 3434 1443 3487 in
1476 3434 1715 3488 divinam
1776 3446 2027 3489 naturam

452 3532 825 3581 convertatur.
875 3524 946 3577 At
998 3526 1142 3579 inter
1200 3525 1313 3579 haec
1366 3524 1647 3579 mendacia
1701 3526 1892 3595 ingens
1938 3535 2025 3580 est

451 3614 772 3677 discrimen,
830 3628 932 3667 nec
989 3612 1097 3667 dici
1138 3621 1337 3682 potest,
1377 3626 1677 3683 quantum,
1742 3617 1857 3669 sive
1905 3616 2031 3684 quis

455 3707 586 3761 huic
617 3708 697 3761 rei
729 3706 1014 3760 veritatem
1046 3713 1297 3761 astruere
1343 3706 1475 3759 velit
1506 3721 1571 3760 ex
1603 3708 2029 3776 antiquioribus,

460 3800 579 3854 sive
605 3813 671 3853 ex
704 3797 1088 3867 praesentibus.
1146 3796 1511 3863 Quamobrem
1544 3806 1597 3852 et
1626 3813 1726 3854 nos
1773 3796 2057 3863 fatemur,'

454 3890 757 3948 secundum
818 3905 1161 3945 communem
1210 3889 1355 3943 illam
1417 3889 1484 3945 de
1543 3891 1855 3946 hominibus
1899 3891 2034 3946 Pro-

454 3984 630 4053 phetae
674 3983 999 4037 sententiam
1027 3997 1041 4035 :
1077 3981 1261 4034 Omnis
1294 3981 1445 4034 homo
1502 3983 1728 4036 mendum
1751 3983 1793 4013 ¹⁸
1816 4025 1833 4049 ,
1893 3984 2034 4038 divi-

454 4090 584 4129 num
617 4075 890 4129 hominem
940 4073 1205 4127 Basilium
1256 4074 1312 4127 in
1343 4074 1688 4129 mendacium
1748 4075 2031 4140 incidisse,

450 4182 578 4221 cum
608 4167 894 4220 finitimam
939 4167 1214 4235 regionem
1241 4166 1482 4231 nomine,
1512 4169 1659 4237 quod
1687 4166 1825 4223 forte
1849 4167 2029 4222 fortu-

456 4273 525 4312 na
566 4266 698 4311 tune
732 4257 997 4321 occurrit,
1028 4256 1358 4326 indigitavit,
1388 4257 1697 4326 ignorantia
1746 4259 1831 4312 vel
1870 4258 2031 4312 incu-

456 4347 537 4402 ria
568 4347 803 4416 propria:
857 4346 1258 4415 appellationis.
1314 4350 1384 4401 At
1414 4349 1677 4401 mentitur
1715 4350 1877 4403 etiam
1917 4349 2031 4403 Eu-

453 4440 675 4495 nomius
704 4456 716 4493 :
748 4446 803 4494 et
836 4438 1109 4509 quodnam
1162 4439 1337 4509 ipsius
1378 4450 1465 4497 est
1493 4441 1881 4497 mendacium?
1912 4444 2029 4513 ipsa

2135 3351 2294 3421 φύσιν
2329 3350 2420 3403 τὸν
2444 3349 2729 3420 ἄνθρωπον
2762 3351 2825 3401 ἐκ
2853 3348 2951 3416 τῆς
2981 3346 3265 3417 παρακοῆς
3297 3343 3703 3414 εἰσηγούμενος.

2132 3444 2308 3513 Πολλὴ
2340 3442 2434 3496 τοῦ
2465 3441 2693 3512 ψεύδους
2737 3443 2770 3511 ἡ
2813 3441 2948 3511 πρὸς
2986 3438 3085 3500 τὰς
3118 3436 3403 3499 ὑποθέσεις
3442 3433 3703 3504 διαφοράο

2133 3538 2226 3591 καὶ
2255 3536 2378 3591 οὑδὲ
2407 3536 2551 3590 ἔστιν
2588 3537 2759 3587 εἰπεῖν
2789 3536 2910 3603 ὅση,
2940 3532 3047 3586 εἴτε
3079 3534 3141 3585 ὲκ
3169 3530 3277 3599 τῶν
3307 3529 3547 3600 ἀρχαίων
3589 3527 3706 3597 διη-

2132 3627 2413 3697 γημάτων,
2439 3624 2547 3677 εἴτε
2573 3626 2638 3676 ὲκ
2664 3622 2759 3676 τοῦ
2788 3623 2881 3676 νῦν
2919 3622 3032 3692 βίου
3062 3620 3376 3690 δοκιμάζοις
3405 3617 3494 3671 τὸν
3525 3615 3702 3682 λόγον.

2133 3714 2340 3769 Οὐκοῦν
2370 3713 2463 3767 καὶ
2486 3715 2641 3783 ἡμεῖς
2668 3711 2951 3782 δεξόμεθα,
2970 3712 3051 3764 ὅτι
3077 3708 3218 3763 κατὰ
3244 3708 3341 3779 τὴν
3366 3707 3549 3775 κοινὴν
3578 3722 3642 3758 πε
3653 3704 3706 3775 pl.

2132 3808 2239 3861 τῶν
2286 3803 2585 3875 ἀνθρώπων
2621 3803 2915 3871 ἀπόφασιν,
2940 3803 3006 3873 ἣν
3048 3801 3137 3853 διὰ
3176 3799 3269 3853 τοῦ
3314 3799 3599 3872 Προφήτου
3642 3796 3706 3848 τὸ

2132 3898 2356 3970 Πνεῦμα
2415 3898 2475 3951 τὸ
2525 3897 2678 3965 ἆγιον
2725 3897 3060 3965 ἀπεφήνατο,
3109 3894 3191 3946 ὅτι
3234 3890 3357 3958 Πᾶς
3397 3890 3706 3959 ἅνθρωπος

2131 3991 2427 4059 ψεύστης,
2470 3988 2564 4041 καὶ
2602 3990 2629 4040 6
2660 3987 2750 4040 τοῦ
2785 3986 2920 4039 Θεοῦ
2968 3985 3252 4056 ἄνθρωπος
3291 3981 3589 4052 συνηνέχθη
3627 3977 3706 4050 τῷ

2130 4083 2342 4153 ψεύδει,
2376 4084 2472 4151 τὴν
2504 4080 2699 4152 ὅμορόν
2740 4097 2846 4132 τινι
2897 4078 3078 4149 χώραν
3110 4077 3319 4147 ἀγνοίᾳ.
3370 4076 3404 4145 ἣ
3436 4072 3706 4144 ὑπεροψίᾳ

2130 4178 2229 4246 τῆς
2267 4176 2362 4233 τοῦ
2385 4174 2550 4227 τόπου
2584 4171 2949 4243 προσηγορίας
2979 4170 3120 4223 κατὰ
3146 4170 3208 4223 τὸ
3252 4166 3462 4238 συμϐὰν
3503 4168 3705 4234 ἐπιφη-

2136 4268 2295 4338 μίσας
2313 4280 2330 4298 ⁶
2355 4265 2467 4318 ἀλλ’
2489 4262 2754 4333 ἐψεύσατο
2780 4263 2873 4315 καὶ
2895 4262 3179 4332 Εὑνόμιος,
3207 4261 3301 4314 καὶ
3328 4260 3377 4312 τί
3406 4258 3465 4310 τὸ
3489 4257 3703 4326 ψεῦδοςς

2131 4356 2311 4425 Αὐτῆς
2334 4354 2433 4423 τῆς
2470 4351 2725 4422 ἀληθείας
2759 4349 3116 4422 παραγραφὴ,
3145 4349 3234 4401 τὸν
3272 4346 3357 4401 ἀεὶ
3385 4346 3534 4408 ὄντα,
3577 4343 3706 4396 ποτὲ

2134 4446 2210 4517 μὴ
2243 4442 2381 4499 εἶναι
2416 4445 2595 4514 λέγει·
2633 4443 2723 4497 τὸν
2758 4441 2970 4514 ἀληθῶς
2995 4441 3139 4504 Υἰδν,
3174 4438 3521 4510 ψευδώνυμον
3562 4436 3705 4507 ἔχειν

452 4530 709 4586 videlicet
738 4531 988 4586 veritatis
1014 4533 1320 4602 corruptio,
1348 4532 1479 4587 dum
1512 4550 1661 4597 eum,
1686 4535 1779 4605 qui
1809 4550 2026 4603 semper

2130 4537 2228 4608 τὴν
2258 4535 2629 4608 προσηγορίαν
2650 4534 3067 4597 κατασκευάζει,
3096 4532 3187 4585 τὸν
3213 4531 3436 4600 κτίστην
3464 4528 3704 4593 πάντων,

454 4631 562 4687 est,
596 4624 893 4694 aliquando
934 4639 1045 4678 non
1102 4624 1275 4680 fuisse
1320 4623 1475 4689 dicit,
1503 4639 1803 4695 verumque
1827 4622 2023 4679 Filium

459 4713 598 4770 falso
642 4715 861 4769 nomine
894 4714 1156 4784 appellari
1217 4715 1502 4769 contendit
1540 4732 1556 4770 :
1587 4698 2027 4787 'creatoremque

460 4809 704 4860 omnium
755 4814 1062 4861 creaturam
1123 4813 1178 4861 et
1207 4807 1472 4861 facturam
1530 4822 1653 4864 esse
1710 4807 1934 4874 definit;
1974 4819 2030 4864 et

451 4898 697 4952 omnium
743 4898 1037 4953 Dominum
1090 4914 1312 4955 servum
1366 4899 1533 4955 facit:
1567 4916 1805 4971 eumque
1859 4902 1948 4955 cui
1999 4915 2029 4953 a

455 4991 763 5058 naturajus
792 4990 1114 5045 dominandi
1145 4992 1427 5060 competit,
1459 4994 1517 5047 in
1562 5008 1848 5048 servorum
1875 4992 2026 5047 ordi-

451 5096 576 5135 nem
607 5081 804 5151 redigit
831 5098 846 5135 :
870 5096 999 5135 num
1029 5080 1145 5136 haec
1170 5082 1296 5137 talis
1327 5092 1380 5137 et
1423 5091 1533 5138 tam
1579 5085 1739 5139 exilis
1765 5094 1848 5139 est
1873 5099 2025 5138 men-

2131 4625 2292 4680 αὑτὸν
2321 4625 2524 4692 κτίσμα
2556 4620 2713 4687 εἶναι,
2744 4623 2840 4677 καὶ
2868 4623 3092 4693 ⁸ποίημα
3130 4621 3450 4692 διορίζεται’
3486 4619 3575 4672 τὸν
3604 4635 3705 4670 κυ-

2136 4719 2383 4790 ριεύοντα
2406 4718 2511 4769 τῶν
2531 4715 2687 4778 ὅλων,
2717 4715 2901 4768 δοῦλον
2930 4714 3324 4785 προσαγορεύει
3345 4728 3357 4740 ·
3388 4711 3477 4765 τὸν
3512 4712 3575 4763 ἐκ
3602 4709 3705 4779 φύ-

2136 4827 2272 4873 σεως
2305 4808 2366 4860 τὺ
2395 4808 2581 4879 ἄρχειν
2609 4808 2795 4878 ἔχοντα
2814 4849 2827 4870 ,
2858 4809 2925 4879 τῇ
2958 4806 3279 4879 δουλευούσῃ
3312 4804 3469 4873 φύσει
3501 4820 3705 4872 συγκα-

2135 4900 2413 4954 τατάσσει.
2447 4895 2593 4970 Ἀρα
2625 4899 2797 4969 μικρὰ
2832 4897 2924 4951 τοῦ
2955 4897 3182 4966 ψεύδους
3227 4899 3260 4967 ἡ
3292 4896 3557 4968 διαφορά;
3598 4896 3706 4949 Καὶ

2135 4991 2392 5060 τοσαύτη,
2434 4990 2509 5052 ὼς
2555 4988 2670 5042 ἀντ’
2701 4987 2914 5049 οὐδενὸς
2938 4985 3142 5040 οἴεσθαί
3173 5001 3326 5050 τινα,
3360 4984 3422 5037 τὸ
3449 4982 3640 5047 οὑτως,
3671 4982 3704 5053 ἢ

2130 5082 2206 5146 ὡς
2234 5082 2433 5153 ἑτέρως
2463 5079 2719 5150 ἐψεῦσθαι
2743 5078 2915 5132 δοκεῖν
2937 5093 2953 5143 ;

452 5179 597 5233 dacii
632 5178 962 5243 dillerentia,
993 5190 1054 5235 ut
1086 5195 1187 5249 pro
1214 5180 1386 5234 nihilo
1414 5180 1723 5237 ducendum
1778 5182 1870 5247 sit,
1904 5180 2020 5237 sive
2057 5181 2181 5250 quis
2204 5181 2329 5246 hoc,
2365 5181 2483 5235 sive
2513 5178 2607 5233 illo
2631 5177 2797 5233 modo
2828 5172 3173 5230 mentiatur?

524 5270 1013 5327 Verumenimvero
1064 5273 1243 5327 videte
1288 5289 1474 5337 nunc,
1528 5290 1693 5344 quam
1765 5289 1911 5328 cura:
1955 5275 2026 5329 sit

449 5365 655 5418 veritas
685 5364 756 5426 ei,
798 5366 892 5434 qui
920 5365 1058 5420 alios
1106 5374 1167 5418 ut
1199 5365 1463 5433 sophistas
1514 5366 1712 5421 crebro
1759 5365 2024 5421 conviciis

450 5456 684 5524 Impetit.
714 5454 938 5509 Dixerat
962 5453 1018 5507 in
1061 5470 1163 5509 suo
1187 5456 1449 5511 adversus
1479 5473 1603 5512 eum
1659 5458 1800 5512 libro
1852 5458 2025 5527 magi-

449 5553 565 5599 ster
614 5552 827 5610 noster,
881 5544 1028 5613 quod
1080 5557 1146 5597 eo
1181 5552 1459 5613 tempore,
1513 5560 1623 5614 quo
1680 5560 1768 5600 res
1804 5552 2026 5598 mutata:

527 5717 569 5747 ³³
608 5717 795 5772 Matth.
830 5732 987 5780 χχιιι,
1022 5717 1113 5771 ει.
1192 5718 1233 5747 ¹³
1259 5720 1485 5785 Luc.xx,
1526 5721 1613 5775 47.

449 5794 539 5850 Ιιι,
564 5785 614 5842 4.
676 5788 719 5819 ⁸⁸
750 5787 893 5843 Psal.
919 5804 1044 5857 ων,
1088 5787 1170 5841 Η.

2214 5272 2373 5328 Ἀλλὰ
2397 5273 2489 5324 καὶ
2521 5271 2611 5324 τὸν
2636 5266 2994 5338 σοφιστικὸν
3020 5266 3176 5335 λόγον
3207 5262 3547 5328 ὲπονειδίζων
3590 5262 3704 5315 ἑτέ·

2137 5382 2265 5435 ροις,
2296 5364 2546 5435 θεωρεῖτε
2582 5362 2697 5414 οἵαν
2724 5360 2825 5430 τῆς
2853 5356 3085 5428 ἀληθοῦς
3126 5355 3449 5421 ἀποδείξεως
3474 5356 3702 5407 ποιεῖται

2131 5456 2230 5525 τὴν
2262 5456 2596 5525 ἐπιμέλειαν.
2636 5449 2802 5509 Εἶπεν
2831 5456 2889 5507 ὲν
2926 5452 3004 5523 τῷ
3031 5452 3172 5522 λόγῳ
3201 5451 3279 5521 τῷ
3314 5450 3449 5519 πρὸς
3490 5449 3646 5503 αὑτὸν
3675 5451 3703 5502 6

2131 5547 2443 5610 διδάσκαλος
2470 5546 2645 5617 ἡμῶν,
2677 5546 2757 5599 ὅτι
2786 5546 2845 5599 ἐν
2872 5544 2948 5618 τῷ
2978 5543 3156 5615 καιρῷ
3182 5544 3279 5614 τῆς
3312 5542 3417 5596 τῶν
3448 5541 3705 5613 πραγμά-

1694 5723 1735 5753 ¹⁵
1764 5722 1898 5777 Gen.
1928 5737 2028 5775 xu:

2130 5720 2181 5777 6.
2254 5722 2294 5754 "
2321 5721 2456 5777 Gen.
2496 5738 2703 5789 xxxvii,
2733 5720 2826 5777 59..
2901 5720 2943 5752 "
2976 5721 3111 5778 Gen.
3145 5737 3297 5787 xviii,
3332 5720 3417 5776 15.
3482 5722 3525 5756 "
3561 5722 3700 5784 Gen.
