4166 6372
370 431 476 488 285

1502 426 1781 483 CONTRA
1820 425 2207 493 EUNOMIUM,
2250 426 2379 481 LIB.
2423 428 2460 481 Ι.

3511 428 3620 484 288

370 561 477 598 των
524 542 907 613 καταστροφῆς
931 580 946 605 ,
996 533 1150 604 οὗτος
1201 535 1362 594 ἆθλον
1409 542 1508 612 τῆς
1551 543 1805 605 ἀσεϐείας
1849 544 1937 614 τὴν

2049 553 2198 607 sunt,
2225 543 2328 599 iste
2352 542 2609 613 Cyzicum
2653 541 2936 612 praemium
2979 540 3275 612 impietatis
3302 551 3621 610 reportave~

370 634 609 699 Κύζικον
633 634 1003 704 ἀπηνέγκατο.
1033 634 1098 686 Τί
1123 632 1216 688 οὖν
1248 636 1276 686 ὁ
1306 636 1430 698 τοὺς
1459 637 1713 703 σοφιστὰς
1743 636 1947 704 διελέγ-

367 741 479 795 κων
512 728 688 789 ποιεῖς
724 724 897 787 Εὐθὺς
928 724 1214 794 ἐπιφύεται
1237 726 1315 797 τῷ
1344 726 1448 780 τοῦ
1478 728 1665 781 ἄθλου
1701 728 1942 798 ὀνόματι,

367 817 462 869 καὶ
495 814 965 885 συνομολογεῖσθαι
996 818 1127 887 παρ’
1153 815 1309 886 ἡμῶν
1338 833 1491 888 φησι,
1514 816 1575 869 τὸ
1606 816 1704 870 καὶ
1732 817 1947 871 ἀπολε-

366 907 679 975 λογῆσθαι,
716 905 815 959 καὶ
860 904 1111 975 νικῆσαι
1144 906 1241 960 διὰ
1273 906 1382 976 τῆς
1416 909 1802 978 αὐτολογίας,
1844 910 1943 963 καὶ

366 1000 432 1052 τὸ
457 998 528 1051 ἐκ
562 997 673 1065 τῆς
706 998 884 1063 νίκης
912 990 1103 1051 ἆθλον
1136 998 1234 1052 διὰ
1268 998 1388 1051 τῶν
1423 1000 1667 1069 ἀγώνων
1698 1002 1945 1070 κομίσα-

365 1097 532 1146 σθαι·
566 1092 662 1143 καὶ
688 1089 967 1161 συντίθησι
990 1089 1343 1161 συλλογισμὸν
1375 1091 1463 1144 διὰ
1485 1091 1593 1145 τῶν
1617 1094 1942 1164 ἀναπιρῤή-

365 1201 495 1247 των,
517 1181 593 1245 ὠς
618 1183 810 1248 οἴεται,
843 1183 1232 1253 συμπεραίνων
1255 1182 1346 1234 τὸν
1367 1182 1542 1250 λόγον.
1573 1184 1863 1254 Εἰρήσεται
1887 1184 1944 1237 δὲ

366 1274 505 1328 αύτά
535 1274 601 1328 τὰ
622 1274 986 1347 γεγραμμένα
1016 1276 1146 1341 παρ’
1176 1272 1339 1328 αὑτοῦ
1369 1275 1461 1327 ἐπὶ
1484 1274 1699 1340 λέξεως.
1732 1279 1803 1329 El
1832 1276 1944 1344 γὰρ

367 1367 431 1421 τὸ
464 1360 672 1433 ἆθλον,
702 1366 885 1436 φησιν,
911 1367 1086 1435 νίκης
1107 1367 1238 1420 ἐστὶ
1275 1365 1583 1437 γνώρισμα
1615 1367 1713 1421 καί
1747 1367 1939 1433 τέλος·

360 1457 575 1526 μηνύει
600 1454 667 1508 δὲ
684 1454 800 1523 τὴν
820 1455 1000 1523 νίκην
1056 1449 1092 1518 ἠ
1136 1455 1274 1523 δίκη
1298 1474 1312 1487 ·
1338 1456 1685 1525 συνεισάγει
1703 1456 1771 1510 δὲ
1789 1456 1943 1510 πάν-

363 1565 477 1613 τως
497 1546 682 1614 ἑαυτῇ
709 1546 824 1614 τὴν
843 1547 1205 1615 κατηγορίαν
1231 1548 1269 1615 ή
1293 1546 1429 1614 δίκη
1454 1565 1467 1576 ·
1496 1551 1527 1601 ό
1549 1547 1617 1601 τὸ
1645 1540 1833 1602 ἆθλον
1852 1546 1940 1601 δι-

363 1636 527 1701 δοὺς,
557 1637 892 1704 ἀναγκαίαν
918 1632 1070 1689 εἶναι
1096 1635 1278 1704 φήσει
1308 1636 1407 1689 καί
1440 1637 1555 1703 τὴν
1579 1638 1935 1706 ἀπολογίαν.

364 1730 428 1782 Τί
453 1724 544 1781 οὖν
575 1730 765 1798 ἡμεῖς
802 1725 1128 1796 Ἦγωνίσθαι
1158 1728 1257 1797 μὲν
1288 1728 1470 1792 αὑτὸν,
1504 1728 1597 1782 καὶ
1630 1730 1768 1783 πάνυ
1806 1746 1939 1798 σφο-

362 1820 503 1891 δρῶς
540 1837 597 1872 τε
628 1820 720 1872 καὶ
759 1820 1082 1889 ἐρρωμένως
1124 1820 1215 1872 τὸν
1248 1820 1479 1891 πονηρὸν
1520 1820 1706 1873 τοῦτον
1750 1821 1937 1888 ἀγῶνα

361 1886 460 1981 ei;
492 1912 762 1973 ἀσεϐείας,
788 1886 887 1963 aiax
910 1886 1277 1981 ἀντιλέγομεν,
1302 1886 1401 1964 καί
1423 1912 1485 1964 οὐ
1517 1912 1698 1983 μικρῷ
1726 1886 1809 1983 τῷῗ
1835 1913 1931 1984 μέ·
1968 1886 2009 1944 Β

362 2020 475 2071 τρῳ
507 2002 631 2064 τοὺς
675 2002 891 2070 ὁμοίους
940 2002 1372 2072 ὑπερϐεϐηκέναι
1416 2004 1510 2057 καὶ
1554 2005 1837 2075 ὑπερέχειν
1876 2008 1934 2059 ὲν

362 2094 473 2155 τοῖς
508 2092 646 2145 κατά
676 2093 775 2162 τῆς
806 2091 1060 2163 ἀληθείας
1093 2092 1339 2164 ἱδρῶσιν·
1371 2093 1485 2148 ἀλλ’
1518 2094 1635 2164 οὐχὶ
1663 2095 1802 2149 κατά
1826 2095 1934 2149 τῶν

363 2181 828 2253 ἀντιτεταγμένων
866 2182 1155 2253 ἐσχηκέναι
1192 2182 1259 2236 τά
1292 2185 1618 2256 νικητήρια·
1655 2186 1936 2256 συγκρίσει

363 2271 418 2325 δὲ
441 2271 550 2324 τῶν
575 2271 984 2343 συνδραμόντων
1012 2272 1161 2343 αὑτῷ
1186 2272 1253 2325 δι’
1277 2273 1530 2339 ἀσεϐείας
1554 2277 1646 2328 ἐπὶ
1676 2276 1772 2348 τὴν
1802 2277 1938 2330 πλά-

363 2378 479 2433 νην,
518 2362 866 2433 προτερεύειν
898 2364 1115 2419 πάντων
1148 2367 1205 2419 ὲν
1248 2368 1313 2435 τῇ
1361 2367 1649 2437 περιουσίᾳ.
1680 2366 1774 2420 τοῦ
1804 2367 1937 2438 dasiro

363 2454 513 2519 δους,
563 2454 656 2508 καὶ
695 2453 837 2508 οὕτω
865 2455 1048 2509 λαϐεῖν
1075 2457 1196 2509 ἀντὶ⁵
1222 2456 1324 2527 τῆς
1362 2458 1441 2521 είς
1473 2458 1534 2510 τὸ
1576 2459 1741 2511 κακὸν
1770 2460 1937 2530 ὑπερ-

363 2546 523 2617 ϐολῆς
556 2543 715 2601 ἆθλον
756 2548 854 2618 τὴν
884 2547 1151 2611 Κύζικον·
1196 2548 1275 2611 ὡς
1312 2549 1527 2603 πάντων
1564 2550 1671 2603 τῶν
1708 2551 1799 2603 ἐπὶ
1824 2553 1936 2615 τοῖς

363 2638 563 2708 ὁμοίοις
611 2638 753 2691 κατά
797 2636 897 2709 τῆς
945 2639 1202 2709 ἀληθείας
1253 2642 1651 2710 κονισαμένων,
1681 2642 1742 2694 τὸ
1775 2642 1935 2694 πλέον

362 2731 577 2803 έχοντα,
604 2731 699 2784 καὶ
728 2732 820 2785 ἐπὶ
847 2734 912 2803 τῇ
938 2731 1065 2805 νίκῃ
1095 2732 1235 2786 κατὰ
1265 2733 1364 2804 τὴν
1392 2732 1736 2803 βλασφημίαν
1771 2735 1937 2805 ἀναῤ-

366 2824 595 2895 ῥηθῆναι
624 2823 859 2895 λαμπρῷ
889 2824 981 2878 καλ⁵
1007 2826 1295 2895 περιφανεῖ
1315 2825 1393 2894 τῷ
1417 2825 1748 2895 κηρύγματι,
1772 2825 1829 2876 ὲν
1859 2823 1936 2894 τῷ

368 2915 556 2985 μισθὸν
586 2916 687 2985 τῆς
720 2916 947 2978 ἀτοπίας
976 2916 1122 2985 αὐτῷ
1153 2915 1304 2987 παρὰ
1328 2916 1435 2969 τῶν
1466 2916 1636 2979 οὕτως
1672 2916 1938 2983 ἀγωνοθε-

365 3007 598 3060 τούντων
619 3006 964 3076 ἐξαιρεθῆναι
992 3006 1089 3079 τὴν
1114 3006 1373 3070 Κύζικον·
1391 3006 1482 3057 καὶ
1496 3004 1576 3056 ὃτι
1598 3006 1768 3058 ταῦτα
1796 3004 1935 3058 κατὰ

364 3096 464 3166 τὴν
508 3094 763 3167 ῥηθεῖσαν
792 3094 1029 3149 διάνοιαν
1065 3098 1194 3169 παρ’
1225 3095 1381 3163 ἡμῶν
1415 3094 1792 3165 ὡμολόγηται,
1825 3094 1935 3147 δεί-

364 3202 550 3239 κνυσιν
576 3188 605 3239 ὁ
632 3186 898 3257 ἡμέτερος
923 3186 1079 3255 λόγος
1099 3203 1113 3216 ·
1137 3189 1218 3240 ὅτι
1274 3186 1554 3251 ἀσεϐείας
1586 3180 1794 3251 ἆθλον,
1817 3187 1936 3257 οὐχὶ

364 3277 659 3345 ἀπολογίας
700 3278 1031 3349 κατόρθωμά
1069 3296 1249 3349 φαμεν
1287 3276 1434 3347 αὐτῷ
1474 3277 1797 3347 γεγενῆσθαι
1836 3277 1936 3345 τὴν

365 3369 617 3431 Κύζικον.
653 3370 717 3421 Τί
746 3365 839 3422 οὖν
871 3369 1045 3423 κοινὸν
1076 3369 1187 3439 ἔχει
1219 3369 1285 3421 τὰ
1319 3366 1934 3439 παρ’ἡμῶνείρημένα¹

364 3457 700 3530 παιδαριώδη
729 3459 932 3530 ταύτην
971 3459 1079 3513 τῶν
1112 3460 1457 3531 σοφισμάτων
1487 3459 1719 3529 πλοκήν·
1750 3460 1822 3522 ὡς
1849 3458 1935 3512 διὰ

363 3547 520 3601 τοῦτο
552 3549 809 3617 συστῆναι
848 3548 993 3619 αὐτῷ
1032 3550 1124 3602 καὶ
1152 3549 1250 3619 τὴν
1276 3550 1432 3620 δίκην
1450 3589 1464 3613 ,
1494 3550 1587 3602 καὶ
1615 3549 1715 3620 τὴν
1744 3548 1935 3601 απολο-

363 3640 484 3708 γίαν
507 3640 937 3694 κατεσκευάσθαι
960 3658 974 3705 ;
1003 3640 1227 3710 Ὅμοιον
1247 3640 1355 3711 γὰρ
1378 3640 1438 3693 τὸ
1466 3642 1723 3704 τοιοῦτον,
1749 3640 1935 3712 ὥσπερ

362 3732 428 3786 ἄν
462 3747 544 3792 τις
586 3730 644 3782 ἐν
685 3731 966 3801 συμποσίῳ
1012 3732 1180 3783 πλείω
1216 3731 1324 3783 τῶν
1356 3730 1530 3784 ἄλλων
1571 3731 1661 3784 τὸν
1702 3732 1934 3802 ἄκρατον

364 3822 722 3893 ἐγχεάμενος,
768 3822 862 3875 καὶ
904 3820 991 3874 διὰ
1031 3821 1190 3874 τοῦτο
1236 3820 1413 3892 γέρως
1460 3823 1601 3885 τινὸς
1645 3821 1785 3875 κατά
1826 3821 1935 3875 τῶν

365 3914 780 3984 συμμεθυόντων
820 3913 1099 3978 ἀξιωθεὶς,
1124 3915 1223 3984 τὴν
1258 3918 1315 3968 ὲν
1346 3914 1423 3984 τῷ
1455 3914 1740 3983 συμποσίῳ
1778 3915 1937 3985 νίκην

361 4006 657 4076 τεκμήριον
685 4008 887 4057 ποιοῖτο
904 4005 995 4057 τοῦ
1019 4004 1112 4057 καὶ
1134 4007 1191 4059 ὲν
1216 4006 1583 4077 δικαστηρίοις
1604 4006 1933 4073 δεδικάσθαι,

362 4098 457 4150 καὶ
500 4098 781 4169 ὑπερέχειν
826 4098 1203 4167 δικασάμενον.
1255 4098 1498 4165 Ἐξέσται
1542 4099 1651 4168 γὰρ
1698 4100 1934 4168 κάκείνῳ

360 4186 458 4257 τὴν
516 4187 720 4258 πλοκὴν
768 4186 860 4239 τοῦ
914 4187 1272 4259 συλλογισμοῦ
1337 4190 1703 4261 μιμήσασθαι·
1756 4191 1817 4242 Ei
1875 4190 1933 4244 τὸ

362 4272 521 4330 ἆθλον
551 4278 705 4347 νίκης
732 4278 845 4330 ἐστὶ
879 4279 1162 4349 γνωρίσμα
1195 4280 1288 4332 καὶ
1318 4280 1501 4343 τέλος·
1534 4279 1725 4351 μηνύει
1747 4280 1801 4331 δὲ
1833 4280 1932 4351 τὴν

368 4370 515 4440 μ’νόιην
541 4372 573 4439 ἡ
599 4370 720 4439 δίκη
741 4386 754 4398 ·
788 4370 1093 4438 συνεισάγει
1116 4371 1172 4423 δὲ
1200 4371 1415 4434 πάντως
1444 4373 1609 4441 ἑαυτῇ
1639 4372 1737 4441 τὴν
1765 4387 1932 4441 κατη-

362 4460 550 4530 γορίαν
572 4463 605 4530 ἡ
634 4461 754 4531 δίκη
779 4477 795 4490 ·
823 4462 1047 4531 ἐνίκησα
1071 4464 1169 4531 τὴν
1200 4462 1353 4531 δίκην
1382 4460 1514 4530 ἐγὼ,
1548 4462 1732 4531 ἐπειδὴ
1764 4462 1933 4516 πίνων

362 4551 627 4623 ἑστέφθην
661 4554 716 4605 ἐν
747 4552 825 4623 τῷ
862 4555 958 4624 τῆς
990 4554 1320 4617 πολυποσίας
1350 4555 1542 4622 ἀγῶνι.

722 4699 749 4711 ,ρο

430 4830 568 4884 Ἀλλ’
602 4831 717 4901 έρεῖ
748 4847 831 4893 τις
866 4829 1080 4892 πάντως
1118 4828 1253 4898 πρὸς
1289 4828 1380 4881 τὸν
1418 4826 1558 4879 οὕτω
1600 4827 1931 4891 καλλωπιζό-

366 4939 545 4993 μενον,
593 4923 673 4974 ὃτι
720 4920 867 4975 ἄλλοι
916 4919 1126 4987 ἀγῶνες
1165 4921 1223 4971 έν
1267 4918 1618 4989 δικαστηρίῳ,
1654 4918 1747 4971 καὶ
1773 4917 1930 4981 ἀλλος

357 5014 554 5083 τρόπος
576 5013 673 5082 τῆς
707 5014 762 5064 ὲν
799 5011 1123 5081 συμποσίοις
1147 5010 1425 5079 ἀθλήσεως
1454 5025 1467 5039 ·
1514 5011 1607 5062 καὶ
1646 5012 1674 5062 ὁ
1702 5010 1930 5078 νικήσας

359 5106 447 5159 διά
474 5107 572 5175 τῆς
600 5105 839 5168 κύλικος,
871 5104 1023 5157 οὐδὲν
1071 5103 1184 5173 ἔχει
1231 5101 1391 5155 πλέον
1424 5102 1488 5153 ὲκ
1542 5101 1636 5170 τῆς
1679 5099 1934 5168 τοιαύτης

358 5197 511 5265 νίκης
539 5196 649 5248 τῶν
679 5197 735 5247 ὲν
759 5194 1129 5265 δικαστηρίοις
1156 5191 1625 5262 ἀντιτεταγμένων
1646 5190 1814 5260 αὐτῷ·
1833 5190 1934 5243 κάν

353 5305 438 5349 τις
465 5289 697 5350 ἀνθίνοις
734 5288 1015 5356 στεφάνοις
1055 5285 1478 5353 ὲπαγλαῖσηται.
1511 5282 1718 5335 Οὐκοῦν
1764 5280 1882 5333 οὐδὲ
1906 5281 1936 5332 ὁ

355 5381 432 5450 τῷ
459 5381 601 5451 λόγῳ
626 5381 727 5448 τῆς
767 5378 1019 5441 ἀσεϐείας
1070 5376 1176 5430 τῶν
1223 5376 1424 5447 ὁμοίων
1473 5373 1932 5445 προτεταγμένος,

355 5473 454 5542 ἤδη
482 5474 575 5525 καὶ¹
603 5472 696 5525 τοῦ
725 5474 782 5525 ὲν
809 5474 875 5541 τῇ
900 5470 1077 5541 κρίσει
1108 5467 1452 5538 νενικηκέναι
1492 5460 1580 5519 διά
1625 5464 1718 5518 τοῦ
1767 5464 1929 5517 ἄθλου

356 5563 605 5626 ἀσεϐείας
628 5565 725 5633 τὴν
758 5560 1060 5633 μαρτυρίαν
1090 5560 1404 5631 παρέχεται.
1428 5556 1493 5609 Τί
1522 5551 1615 5611 οὖν
1644 5558 1931 5625 συνηγορεῖ

354 5661 421 5727 τῇ
458 5658 532 5729 μὴ
582 5658 805 5729 ῥηθείσῃ
854 5655 1120 5725 ἀπολογίᾳ
1166 5656 1197 5724 ἡ
1233 5652 1326 5705 τοῦ
1366 5651 1617 5723 προέχειν
1667 5648 1827 5701 αὑτὸν
1870 5648 1929 5700 ὲν

355 5749 581 5821 ἀσεϐείᾳ
613 5751 741 5820 παρ’
769 5748 923 5819 ἡμῶν
959 5745 1269 5817 μαρτυρίας
1333 5744 1396 5795 Ei
1440 5742 1539 5811 μὲν
1579 5740 1687 5809 γὰρ
1731 5737 1927 5790 ἀπολοε-

353 5840 662 5911 ησάμενος
686 5838 817 5909 πρὸς
845 5837 969 5900 τοὺς
1001 5836 1294 5897 δικαστὰς,
1326 5832 1418 5887 καὶ
1450 5831 1558 5886 τῶν
1604 5832 1920 5895 ἀντιτεταγ-

2048 637 2136 689 rit.
2166 636 2305 701 Quid
2342 635 2507 704 igitur
2536 634 2665 704 agit,
2701 636 2795 703 qui
2841 636 2963 688 aliis
2996 634 3369 703 s0pltistarum
3419 649 3619 688 nomen

2053 728 2287 795 objicit?
2320 725 2517 779 Statim
2545 736 2763 795 arrepto
2789 727 2995 795 prwmii
3036 726 3326 790 vocabulo,
3359 727 3621 781 tenaciter

2045 819 2096 873 ei
2127 818 2377 879 inlueret.
2408 828 2462 873 et
2488 834 2589 873 nos
2620 817 2867 872 conﬁteri
2900 819 2996 880 ait,
3033 820 3171 887 quod
3214 833 3307 883 pro
3347 833 3401 870 se
3431 817 3617 885 apolo-

2045 912 2191 980 giam
2222 910 2553 973 instituerit,
2577 918 2627 963 et
2653 925 2744 978 per
2786 909 3084 977 apologiam
3129 907 3409 962 obtinuerit
3458 908 3621 960 victo—

2044 1001 2207 1062 riam,
2244 1001 2520 1069 praemium
2554 1000 2694 1052 enim
2726 999 2960 1052 victoria:
2988 999 3249 1066 reportari
3271 1014 3335 1051 ea:
3373 1000 3621 1052 certami-

2043 1088 2198 1149 nibus
2225 1105 2245 1142 :
2280 1099 2334 1144 et
2363 1104 2486 1144 mox
2519 1089 2892 1159 syllogismum
2922 1088 3161 1152 conficit,
3189 1096 3245 1144 et
3273 1097 3332 1143 ut
3364 1089 3482 1159 ipse
3510 1088 3618 1143 sibi

2042 1178 2358 1249 persuadet,
2393 1196 2460 1234 ex
2491 1180 2818 1235 certissimis
2837 1188 2890 1234 et
2912 1179 3257 1235 evidentibus
3306 1181 3619 1235 conclusio-

2043 1286 2167 1325 nem
2195 1270 2377 1325 infert.
2414 1269 2677 1326 Recitabo
2712 1279 2895 1325 autem
2932 1270 3001 1325 ad
3055 1271 3286 1325 verbum
3319 1287 3439 1341 qua:
3474 1273 3616 1327 scri-

2043 1362 2189 1431 psit:
2228 1360 2290 1416 Si
2311 1361 2473 1425 enim,
2514 1361 2713 1430 inquit,
2748 1362 3026 1429 proemium
3045 1372 3123 1413 est
3157 1361 3366 1432 signum
3394 1370 3444 1415 et
3489 1361 3614 1429 ﬁnis

2040 1454 2298 1519 victoria’,
2316 1451 2582 1521 judicium
2607 1469 2725 1506 vero
2752 1453 3037 1507 victoriam
3084 1453 3278 1515 innuit,
3312 1453 3610 1506 necessario

2041 1553 2217 1597 autem
2266 1544 2533 1613 judicium
2590 1545 2926 1612 conjunctam
2978 1543 3132 1597 habet
3180 1544 3613 1596 accusationem:
3670 1546 3675 1559 '

2040 1637 2297 1704 sequitur,
2338 1638 2506 1705 utqui
2537 1637 2773 1691 concedit
2822 1637 2986 1689 alicui
3017 1638 3319 1705 praemium,
3356 1637 3401 1689 is
3448 1637 3612 1689 etiam

2039 1729 2275 1797 fateatur
2316 1730 2623 1783 institutam
2664 1745 2778 1783 esse
2813 1728 3111 1798 apologiam
3150 1738 3199 1781 et
3232 1728 3609 1793 defensionem.

2040 1820 2179 1885 Quid
2207 1819 2371 1891 igitur
2390 1820 2457 1873 ad
2480 1820 2595 1873 haec
2619 1817 2762 1874 nos?
2787 1834 3063 1889 pugnasse
3097 1818 3281 1883 istum,
3314 1826 3367 1872 et
3389 1817 3612 1887 quidem

2037 1912 2192 1967 valde
2233 1913 2483 1976 viriliter,
2520 1920 2574 1966 et
2620 1926 2884 1982 generose
2931 1912 3071 1965 hanc
3097 1909 3476 1965 detestandam
3510 1909 3611 1962 im-

2036 2007 2256 2077 pietatis
2285 2019 2541 2076 pugnam,
2571 2020 2680 2058 non
2709 2004 2852 2059 imus
2876 2004 3110 2066 inﬁcias,
3143 2017 3243 2056 nec
3295 2002 3609 2064 abnuimus,

2036 2111 2163 2151 eum
2197 2093 2391 2165 grandi
2419 2093 2708 2147 intervallo
2746 2108 3038 2162 superasse
3063 2092 3201 2145 alios
3225 2091 3280 2145 in
3307 2092 3613 2145 certamine

2038 2194 2236 2242 contra
2267 2185 2576 2249 veritatem,
2606 2182 2701 2238 sed
2725 2182 3001 2245 addimus,
3025 2190 3141 2235 tum
3174 2196 3281 2235 non
3306 2181 3614 2237 obtinuisse

2037 2278 2272 2334 devictis
2319 2276 2652 2332 adversariis
2700 2277 2814 2330 suis
2870 2276 3144 2344 palmam:
3197 2272 3432 2327 fatemur
3477 2274 3609 2328 item

2037 2370 2451 2440 comparatione
2504 2368 2785 2422 sociorum
2854 2368 2908 2420 in
2946 2365 3239 2435 impietatis
3291 2364 3472 2419 studio
3502 2365 3616 2436 pal-

2036 2476 2181 2516 mam
2248 2460 2597 2529 przcripuisse
2648 2457 2930 2518 omnibus.
2981 2464 3169 2525 utpote
3224 2455 3281 2509 in
3311 2456 3612 2512 mendaciis

2036 2551 2555 2608 exercitatissimum
2581 2568 2593 2603 :
2622 2557 2676 2603 et
2704 2549 2784 2604 sic
2823 2549 2893 2602 ob
2919 2548 3213 2617 impietatis
3265 2548 3612 2601 immensita-

2036 2648 2147 2695 tem
2191 2641 2567 2709 episcopatum
2628 2639 2981 2710 Cyzicensem
3030 2638 3235 2706 prazmii
3285 2638 3408 2690 loco
3454 2652 3614 2692 accc--

2035 2730 2227 2799 pisse:
2262 2735 2524 2798 tanquam
2560 2728 2736 2790 illum,
2788 2728 2883 2797 qui
2931 2742 3144 2790 omnes,
3180 2728 3234 2780 in
3270 2728 3461 2780 eodem
3510 2726 3612 2781 ad-

2035 2836 2228 2876 versus
2257 2821 2539 2876 veritatem
2571 2822 2795 2890 pulvere
2826 2820 3183 2884 desudantes,
3210 2819 3370 2890 longe
3397 2830 3521 2888 post
3552 2834 3613 2875 se

2036 2911 2341 2979 reliquerit,
2389 2911 2703 2979 illustrique
2761 2922 2811 2964 et
2854 2909 3137 2979 splendido
3170 2910 3442 2978 praeconio
3486 2924 3613 2978 pro-

2037 3003 2352 3067 clamatum,
2390 3003 2633 3057 muneris
2695 3002 2839 3065 loco,
2897 3002 2968 3056 ob
3032 3001 3295 3070 impietati
3354 3013 3610 3055 navatam

2038 3108 2282 3162 operam,
2330 3108 2358 3145 a
2387 3093 2667 3162 judicibus
2731 3093 2990 3147 donatum
3022 3106 3142 3147 esse
3200 3091 3421 3163 Cyzico.
3454 3092 3613 3159 Quod

2039 3182 2143 3236 hac
2174 3192 2353 3236 mente
2380 3190 2434 3235 et
2463 3181 2735 3236 sententia
2784 3181 2901 3235 base
2936 3180 3227 3246 fateamur,
3281 3198 3347 3236 ex
3403 3182 3614 3239 nostris

2036 3273 2221 3328 verbis
2246 3273 2436 3341 liquet,
2464 3287 2590 3325 cum
2620 3274 2976 3336 allirmamus,
3022 3272 3281 3343 Cyzicum
3334 3272 3412 3326 illi
3446 3274 3614 3328 obve-

2037 3369 2210 3432 nisse,
2245 3377 2303 3422 ut
2326 3370 2606 3436 prwmium
2631 3368 2945 3435 impietatis,
3001 3383 3110 3422 non
3162 3375 3221 3421 ut
3254 3367 3517 3437 apologia:
3560 3378 3613 3423 et

2037 3460 2372 3515 defensionis
2429 3460 2929 3514 ltoncstamentum.
2984 3458 3125 3525 Quid
3183 3460 3349 3529 igitur
3420 3468 3612 3515 nostra

2036 3553 2212 3606 oratio
2258 3568 2547 3607 commune
2581 3552 2746 3606 habet
2793 3568 2916 3606 cum
2951 3552 3253 3621 puerilibus
3306 3552 3466 3609 istius
3514 3568 3610 3607 so-

2038 3646 2365 3716 pbismatum
2414 3645 2690 3709 versutiis,
2747 3645 2905 3713 quasi
2967 3644 3091 3697 inde
3152 3653 3433 3713 sequatur,
3484 3660 3610 3700 eum

2037 3736 2269 3790 subiisse
2294 3735 2581 3805 judicium,
2611 3745 2662 3791 et
2687 3750 2808 3789 sese
2831 3735 3176 3791 defendisse?
3205 3735 3436 3790 Perinde
3459 3737 3609 3791 enim

2038 3822 2139 3881 huc
2166 3838 2266 3887 est.
2298 3842 2361 3881 ac
2393 3827 2438 3881 si
2479 3828 2603 3895 quis
2648 3828 2701 3880 in
2746 3827 2996 3881 convivio
3048 3827 3170 3897 plus
3207 3829 3316 3881 viui
3378 3828 3597 3883 caeteris

2040 3922 2318 3985 baut-iens,
2356 3929 2410 3975 et
2450 3922 2522 3976 ob
2552 3921 2655 3974 hoc
2700 3922 2845 3975 dono
2896 3920 3080 3990 aliquo
3125 3936 3154 3974 a
3197 3922 3611 3990 compotoribus

2036 4012 2356 4074 honoratus,
2394 4012 2677 4065 victoriam
2720 4012 2867 4065 illam
2916 4012 2971 4066 in
3025 4013 3276 4067 convivio
3320 4012 3606 4078 proferret,

2037 4114 2293 4174 tanquam
2320 4110 2700 4173 argumentum
2754 4104 2998 4159 victoria:
3056 4105 3112 4159 in
3152 4103 3271 4158 foro
3304 4114 3356 4159 et
3401 4104 3609 4173 judicio

2035 4196 2105 4251 ab
2135 4196 2467 4251 adversariis
2490 4196 2694 4249 relatae.
2728 4193 3029 4251 Possumus
3051 4211 3286 4264 namque
3309 4196 3609 4267 syllogismi

2034 4284 2205 4354 ipsius
2243 4291 2581 4338 structuram
2614 4282 2845 4336 imitari:
2870 4280 2927 4336 Si
2953 4283 3236 4352 praemium
3263 4293 3344 4337 est
3372 4284 3607 4339 victoria:

2033 4376 2246 4445 signum
2279 4386 2334 4429 et
2360 4375 2485 4429 finis
2506 4414 2522 4437 ,
2558 4375 2845 4430 victoriam
2880 4383 3061 4429 autem
3097 4374 3605 4443 innuitjudiciunt;

2032 4475 2085 4519 et
2118 4466 2163 4520 si
2196 4466 2467 4534 judicium
2500 4465 2817 4523 necessario
2861 4464 3215 4533 conjunctam
3249 4465 3409 4520 habet
3443 4481 3606 4520 accu-

1959 4579 2004 4635 ι)
2035 4558 2324 4620 sationem,
2350 4558 2561 4613 obtinui
2593 4574 2727 4614 sane
2782 4574 2884 4628 ego
2928 4560 3233 4624 victoriam,
3283 4575 3406 4612 cum
3461 4560 3608 4614 inter

2036 4650 2355 4719 potandum,
2382 4658 2437 4705 et
2474 4651 2529 4704 in
2565 4652 2886 4719 poculorum
2918 4653 3215 4706 certamine
3259 4666 3465 4707 corona
3522 4668 3603 4707 re-

2034 4739 2261 4793 dimitus
2288 4738 2413 4793 sim.

2107 4828 2213 4883 Sed
2243 4829 2317 4882 ita
2338 4829 2595 4899 glorianti
2615 4836 2870 4883 occurret
2897 4828 3188 4898 derepente
3210 4828 3432 4897 aliquis,
3464 4829 3602 4886 alias

2033 4934 2155 4973 esse
2194 4934 2403 4989 pugnas
2466 4919 2522 4973 in
2567 4918 2684 4972 foro
2725 4926 2779 4973 et
2830 4918 3020 4986 curia;
3075 4920 3350 4989 aliumque
3378 4935 3605 4975 concer-

2032 5010 2181 5064 tandi
2235 5010 2456 5065 modum
2484 5018 2540 5065 et
2575 5027 2780 5065 morem
2808 5012 2861 5065 in
2895 5012 3198 5077 conviviis;
3225 5027 3403 5080 neque
3432 5011 3604 5067 victo-

2029 5118 2143 5158 rem
2194 5104 2248 5157 in
2303 5104 2599 5173 symposiis
2644 5104 2713 5158 ob
2769 5104 2821 5157 id
2882 5104 3093 5159 meliori
3148 5104 3269 5158 loco
3322 5120 3445 5159 esse
3488 5104 3603 5161 suis

2030 5195 2360 5250 adversariis
2385 5196 2441 5250 in
2483 5196 2633 5259 foro;
2665 5197 2881 5252 etiamsi
2915 5212 3085 5267 supra
3110 5197 3329 5252 modum
3369 5213 3604 5253 suaveo-

2030 5287 2258 5341 lentium
2299 5286 2491 5341 florum
2554 5288 2715 5342 sertis
2757 5289 2994 5342 exsultet
3043 5296 3096 5343 et
3144 5291 3360 5358 gestiat.
3402 5289 3606 5354 Quam-

2032 5376 2219 5430 obrem
2261 5392 2437 5444 neque
2487 5378 2555 5441 is,
2608 5377 2700 5446 qui
2745 5376 3020 5445 impietate
3062 5377 3279 5432 caeteris
3328 5376 3601 5445 praestitit,

2029 5468 2236 5522 idcirco
2288 5467 2419 5520 illud
2455 5468 2749 5537 impietatis
2784 5469 3067 5537 praemium
3098 5477 3376 5523 ostentare
3401 5475 3602 5537 potest,

2027 5565 2287 5628 tanquam
2326 5560 2537 5629 signum
2576 5560 2817 5615 victoria:
2862 5561 2919 5613 in
2960 5559 3169 5628 judicio
3220 5559 3461 5628 legitimo
3507 5558 3604 5612 ob-

2028 5658 2212 5703 tentaa.
2268 5649 2407 5715 Quid
2457 5651 2623 5719 igitur
2675 5651 3062 5705 commentitim
3126 5650 3296 5718 ipsius
3338 5648 3604 5718 apologiae

2026 5738 2324 5805 adjumeuti
2358 5738 2437 5792 vel
2469 5740 2718 5794 utilitatis
2743 5739 2897 5794 affert
2914 5739 3283 5794 testimonium
3319 5746 3598 5794 nostrum.

2031 5846 2138 5897 quo
2186 5828 2437 5896 fatemur,
2481 5830 2655 5900 ipsum
2716 5831 2955 5903 reliquos
3009 5829 3305 5886 sceleribus
3347 5834 3601 5884 anteces-
