4166 6372
571 426 675 481 287

1744 382 1745 385 Ἴ
1790 434 1849 491 S.
1888 432 2214 492 GREGORII
2252 433 2538 495 NYSSENI

3717 445 3824 501 238

570 539 751 595 cisse?
782 538 839 595 Si
874 540 1017 594 eiiim
1052 549 1173 612 post
1223 558 1308 598 sui
1335 544 1476 615 apud
1515 544 1728 615 iudices
1775 547 2136 604 defensionem

2236 552 2718 625 μένωνκρατήσας,
2763 553 2934 619 οὕτως
2959 554 3172 621 ἐδέξατο
3206 556 3305 629 τὴν
3331 559 3422 613 ἐπὶ
3468 538 3691 634 Κύζίκῳ
3740 580 3821 618 τι-

569 642 626 688 et
658 635 1087 702 excusationem,
1125 635 1339 691 devicta
1368 646 1523 709 parte
1559 640 1806 708 adversa,
1857 641 2145 713 Cyzicensi

570 723 780 779 honore
827 725 1118 782 decoratus
1169 727 1385 791 fuisset,
1436 738 1567 784 tunc
1619 729 1759 787 forte
1796 747 1905 787 non
1954 734 2152 789 intem-

569 817 777 886 pestive
837 820 1039 874 nostris
1092 820 1272 876 verbis
1325 829 1517 876 contra
1578 839 1679 879 nos
1733 833 1978 880 uteretur
2028 846 2041 881 :
2102 826 2148 883 si

569 916 749 961 autem
802 908 855 962 in
916 917 1032 965 toto
1086 927 1189 966 suo
1244 896 1382 967 libro
1437 929 1652 985 semper
1697 910 1955 981 inculcat,
2004 919 2148 987 quod

568 997 753 1052 odium
772 999 1019 1069 judicum
1061 1002 1116 1056 in
1161 1018 1220 1059 se
1241 1005 1546 1071 declinans,
1582 1008 1803 1063 silentio
1828 1010 1993 1064 latam
2012 1025 2145 1065 con-

568 1098 652 1144 tra
688 1106 748 1147 se
791 1095 1120 1147 sententiam
1167 1098 1462 1166 exceperit,
1514 1114 1623 1154 non
1673 1099 1856 1156 ferens
1896 1102 2145 1159 hostibus

567 1201 835 1241 summam
878 1187 1070 1258 judicii
1116 1189 1288 1247 fuisse
1345 1191 1581 1247 delatam
1640 1211 1655 1249 :
1708 1195 1837 1265 quid
1887 1196 1991 1251 sibi
2041 1197 2142 1266 ipsi

566 1278 782 1348 illudit,
825 1289 878 1335 et
931 1282 1199 1336 vocabulo
1257 1285 1465 1348 prwmii
1516 1292 1777 1355 tanquam
1827 1287 2144 1343 testimonio

565 1370 905 1427 defensionis
934 1382 988 1427 et
1030 1374 1294 1443 apologiae
1344 1392 1457 1432 suae
1495 1379 1711 1433 utitur?
1742 1378 1954 1449 ignorat
1992 1380 2145 1434 vide-

565 1462 695 1518 licet
746 1464 831 1518 vir
883 1465 1073 1525 solers,
1123 1466 1379 1538 Cyzicum
1432 1468 1537 1523 sibi
1586 1470 1822 1525 delatam
1882 1478 2140 1541 tanquam

562 1568 766 1609 munus
820 1555 1134 1624 impietatis.
1165 1563 1296 1628 ;qua
1351 1567 1547 1630 praeter
1582 1570 1819 1616 caeteros
1863 1562 2137 1628 excelluit,

563 1653 619 1700 et
657 1648 705 1701 si
762 1647 1032 1701 arbitratu
1071 1664 1170 1704 suo
1208 1661 1387 1721 auget,
1420 1661 1473 1707 et
1522 1652 1720 1722 accipit
1746 1667 1935 1707 vocem
1967 1653 2135 1718 illam,

562 1737 868 1804 prasmium,
909 1739 1056 1794 velut
1108 1755 1306 1795 munus
1348 1741 1594 1796 victoria:
1628 1759 1642 1797 :
1689 1744 1925 1815 accipiat
1958 1754 2011 1799 et
2061 1744 2135 1809 id,

562 1825 707 1897 quod
730 1827 1068 1898 adjungitur,
1110 1831 1254 1900 quod
1298 1832 1509 1887 scilicet
1532 1835 1588 1887 in
1621 1834 1988 1905 improbitatis
2018 1844 2137 1893 stu-

2253 642 2379 715 μὴν,
2402 644 2594 715 καιρὸν
2616 644 2683 700 ἂν
2708 641 2821 717 εἶχε
2845 647 2913 701 τὰ
2936 649 3180 720 ἡμέτερα
3206 649 3329 704 καθ’
3353 651 3509 723 ἡμῶν
3540 659 3819 727 προχειρίο

2249 733 2454 798 ξεσθαυ
2500 737 2549 788 εί
2591 735 2648 790 δὲ
2694 737 2933 809 συνεχῶς
2982 740 3080 793 ἐπὶ
3115 739 3210 795 τοῦ
3249 741 3409 811 λόγου
3460 747 3816 819 μαρτύρεται,

2247 826 2328 879 ὅτι
2382 826 2598 895 φεύγων
2649 828 2711 881 τὺ
2758 829 3018 901 δυσμενὲς
3061 832 3171 886 τῶν
3217 835 3422 907 κυρίων
3473 830 3567 909 τῆς
3613 840 3815 912 ψήφου,

2248 921 2424 989 σιωπῇ
2478 918 2691 989 δέχεται
2726 919 2825 992 τὴν
2870 922 3203 993 ἐπαχθεῖσαν
3235 927 3384 998 αὐτῷ
3416 932 3713 999 τιμωρίαν,
3757 934 3817 985 ὲν

2245 1008 2458 1080 ἐχθροῖς
2487 1009 2760 1064 διαθέσθαι
2786 1012 2910 1077 τοὺς
2939 1015 3156 1083 ἀγῶνας
3183 1017 3282 1070 οὐκ
3321 1018 3687 1091 ἀνασχόμενος
3706 1039 3720 1053 ·
3764 1025 3817 1078 τί

2244 1100 2434 1155 ἑαυτὸν
2467 1102 2764 1171 φενακίζει,
2804 1106 2897 1158 καὶ
2928 1108 2993 1177 τῇ
3035 1110 3184 1180 φωνῇ
3222 1109 3317 1162 τοῦ
3347 1110 3509 1165 ἄθλου
3552 1115 3632 1177 είς
3672 1132 3816 1187 μαρ-

2243 1191 2433 1263 τυρίαν
2474 1192 2569 1246 τοῦ
2607 1194 3036 1266 ἀπολελογῆσθαι
3070 1198 3473 1271 συγκέχρηται;
3509 1203 3599 1275 Μὴ
3637 1209 3816 1272 συνεὶς

2241 1284 2270 1335 ὁ
2296 1282 2595 1353 θαυμάσιος
2620 1285 2715 1339 τοῦ
2742 1285 2906 1341 ἄθλου
2932 1289 3030 1359 τὴν
3058 1288 3296 1359 ἔμφασιν
3318 1330 3332 1354 ,
3369 1293 3451 1346 ὅτι
3482 1295 3733 1368 καθάπερ
3761 1316 3815 1352 τι

2241 1375 2411 1447 γέρας
2438 1376 2533 1430 καὶ
2565 1379 2835 1450 ἀριστεῖον
2869 1381 3017 1451 αὐτῷ
3048 1382 3148 1451 τῆς
3188 1386 3327 1437 κατά
3365 1386 3619 1441 ἀσέϐειαν
3650 1392 3817 1462 ὑπερ-

2242 1468 2376 1539 οχῆς
2405 1471 2439 1540 ἡ
2466 1468 2703 1535 Κύζικος
2754 1471 3018 1544 προεδόθη
3038 1491 3051 1505 ·
3089 1473 3205 1529 ἀλλ’
3252 1478 3436 1547 ἐπειδὴ
3472 1480 3607 1550 πρὸς
3639 1482 3699 1535 τὸ
3730 1484 3816 1536 δο-

2240 1559 2369 1613 κοῦν
2397 1560 2610 1633 δέχεται
2645 1563 2706 1617 τὸ
2738 1558 2921 1629 ἆθλον,
2961 1566 3054 1618 καὶ
3081 1566 3156 1631 ώς
3182 1568 3387 1639 δωρεὰν
3421 1572 3704 1637 ἐπινίκιον,
3731 1574 3815 1628 δε-

2240 1651 2421 1716 ξάσθω
2455 1654 2551 1708 καὶ
2589 1654 2651 1708 τὸ
2683 1656 3023 1728 συνημμένον
3054 1657 3132 1727 τῷ
3167 1659 3311 1732 λόγῳ
3332 1677 3347 1691 ο
3386 1663 3469 1715 ὅτι
3500 1665 3558 1717 ὲν
3587 1666 3810 1738 ἀσεϐείᾳ

2237 1743 2297 1796 τὺ
2355 1743 2516 1798 πλέον
2566 1744 2656 1800 διὰ
2703 1747 2802 1818 τῆς
2854 1747 3010 1819 νίκης
3046 1749 3222 1821 ἔσχεν.
3281 1751 3497 1823 Ἐπειδὴ
3550 1754 3659 1826 γὰρ
3700 1760 3809 1821 τοῖς

2237 1837 2524 1908 ἡμετέροις
2554 1838 2675 1892 καθ’
2720 1838 2877 1910 ἡμῶν
2913 1842 3265 1912 ἰσχυρίζεται,
3307 1844 3340 1915 ἢ
3378 1846 3728 1920 ἀμφοτέροις,
3771 1849 3805 1919 ἢ

563 1917 653 1971 dio
700 1919 940 1988 reliquos
965 1920 1255 1990 fsuperarit
1284 1940 1302 1976 ι
1354 1923 1400 1978 si
1441 1924 1647 1979 nostris
1696 1934 1886 1980 contra
1920 1941 2022 1985 nos
2052 1928 2133 1982 uti

2236 1928 2535 2002 οὐδετέροις
2564 1932 2864 2004 κεχρῆσθαι
2894 1933 3117 1990 δίκαιον.

563 2011 728 2075 volet,
758 2019 852 2065 aut
880 2012 1126 2081 utrisque
1165 2021 1259 2067 aut
1298 2016 1511 2070 neutris
1540 2016 1616 2069 uti
1639 2031 1853 2087 aequum
1888 2026 1991 2074 est.

638 2101 741 2157 Sed
780 2103 836 2157 in
887 2105 1090 2159 nostris
1135 2105 1355 2174 quidem
1401 2108 1703 2164 tractandis
1748 2110 2018 2179 ejusmodi
2052 2118 2138 2167 est

561 2191 863 2250 Eunomius
900 2214 912 2250 :
948 2203 1201 2251 caeterum
1246 2212 1313 2251 an
1343 2198 1395 2252 in
1432 2199 1554 2254 aliis
1585 2215 1704 2269 qua:
1750 2216 1846 2271 per
1878 2201 2135 2270 injuriam

560 2284 759 2340 eliutiit
800 2286 1047 2343 veritatis
1089 2288 1360 2343 amantior
1403 2292 1545 2345 erit?
1577 2291 1714 2347 Cum
1759 2293 2040 2357 Basiliam,
2073 2299 2137 2347 ut

563 2375 807 2430 timidum
841 2386 894 2432 et
944 2378 1217 2449 pavidum,
1269 2381 1734 2456 difﬁciliorumque
1768 2385 2008 2441 laborum
2046 2388 2135 2457 fu-

560 2469 807 2538 gientem,
838 2478 893 2524 et
920 2470 972 2524 id
1007 2486 1180 2542 genus
1210 2473 1331 2528 aliis
1364 2473 1542 2529 modis
1567 2476 1824 2542 traducit,
1849 2479 2136 2548 explicatis

560 2574 791 2630 operose
815 2560 1026 2616 timoris
1052 2568 1106 2616 et
1134 2563 1353 2632 pavoris
1375 2563 1773 2629 affectionibus,
1804 2582 2138 2622 commemo~

560 2650 894 2706 rans‘etiam
949 2654 1136 2707 nescio
1179 2670 1341 2724 quam
1400 2656 1674 2710 occultam
1728 2656 2133 2724 domunculam,

561 2740 809 2793 vectibus
844 2747 901 2795 et
942 2741 1083 2795 seris
1115 2741 1343 2797 firmiter
1387 2751 1444 2799 et
1491 2743 1671 2799 valide
1709 2745 2040 2810 obseratam,
2082 2758 2137 2802 et

560 2831 974 2902 trepidationem
1026 2848 1090 2888 ex
1143 2833 1432 2889 formidine
1483 2835 1902 2905 ingredientium
1938 2853 2137 2893 conce-

564 2931 732 2993 ptam,
761 2939 1059 2994 vocemque
1087 2934 1139 2979 et
1171 2926 1379 2990 oculos,
1404 2933 1458 2981 et
1495 2935 1655 2981 notas
1700 2926 1878 2995 faciei,
1930 2936 1985 2983 et
2017 2944 2135 2984 om-

563 3018 652 3070 nia
694 3017 855 3087 hujus
885 3018 1121 3088 generis,
1157 3019 1356 3088 quibus
1384 3020 1547 3074 timor
1576 3028 1630 3075 et
1661 3036 1830 3091 pavor
1856 3023 2130 3092 proditur.

562 3106 763 3162 Verum
819 3116 878 3162 ut
922 3108 1223 3165 Eunomius
1254 3109 1387 3163 nihil
1417 3110 1678 3166 mentitus
1720 3111 1916 3167 fuisset
1944 3114 1998 3167 in
2032 3129 2135 3168 suo

563 3197 729 3262 libro,
780 3198 884 3253 hoc
915 3208 1096 3255 tamen
1128 3199 1351 3255 unicum
1382 3200 1517 3254 satis
1545 3200 1707 3265 foret,
1756 3209 1815 3255 ut
1864 3202 2131 3257 mendacii

450 3354 453 3355 ν
564 3298 886 3359 argueretur
928 3297 982 3342 et
1038 3289 1515 3346 condemnaretur.
1563 3290 1699 3357 Quis
1743 3292 1889 3347 enim
1932 3294 2130 3356 nescit,

563 3396 726 3451 quam
785 3396 1013 3450 magnus
1065 3381 1155 3436 ille
1202 3382 1350 3450 pugil
1401 3380 1706 3455 [Basilius]
1745 3398 1811 3437 eo
1869 3392 2132 3454 tempore,

563 3486 675 3541 quo
714 3468 909 3525 Valens
938 3471 1233 3541 imperator
1262 3471 1559 3526 Ecclesiam
1585 3470 1793 3529 Christi
1822 3474 2133 3540 divexabat,

564 3563 769 3617 invicto
803 3562 986 3616 animo
1017 3563 1230 3617 steterit
1276 3577 1376 3633 pro
1400 3561 1564 3617 domo
1591 3562 1709 3627 Dei,
1743 3565 1998 3619 omnibus
2027 3563 2137 3619 illis

568 3654 745 3709 turbis
783 3662 836 3708 et
874 3653 1333 3709 terriculamentis
1375 3654 1646 3725 superior,
1680 3655 1935 3711 omnibus
1970 3655 2135 3711 minis

564 3748 889 3817 excogitatis
938 3745 1133 3801 mentis
1176 3746 1489 3801 excelsitate
1535 3746 1917 3816 major?Quis
1958 3748 2136 3803 homi-

568 3852 699 3892 num
736 3836 799 3889 ad
852 3835 1141 3903 orientem,
1187 3834 1312 3905 quis
1361 3835 1415 3888 in
1462 3836 1723 3892 extremis
1774 3835 1949 3891 nostri
1984 3837 2136 3892 orbis

564 3928 681 3983 oris
725 3927 998 3992 habitans,
1027 3925 1299 3997 egregiam
1336 3926 1483 3981 illam
1520 3942 1618 3997 pro
1646 3929 1875 3983 veritate
1905 3928 2138 3983 dimica-

565 4018 767 4072 tionem
800 4026 995 4071 contra
1019 4017 1386 4087 potentiorum
1408 4026 1640 4072 conatus
1668 4017 1977 4089 ignoravit?
2001 4018 2135 4085 Quis

566 4127 674 4165 non
700 4110 984 4180 obstupuit
1013 4110 1311 4180 respiciens
1341 4109 1410 4163 ad
1447 4109 1845 4175 adversarium,
1894 4110 1986 4180 qui
2023 4126 2134 4166 non

564 4211 685 4260 erat
732 4218 874 4257 unus
899 4218 966 4257 ex
997 4203 1181 4274 vulgo,
1222 4210 1314 4255 aut
1355 4202 1446 4272 qui
1479 4201 1722 4257 victoriae
1759 4203 1869 4256 vim
1900 4211 1956 4257 et
1984 4217 2136 4273 spem

566 4296 726 4349 sitam
773 4294 998 4350 haberet
1030 4293 1085 4348 in
1130 4293 1488 4363 sophismatis
1524 4292 1833 4364 fucatisque
1869 4294 2138 4349 sermoni-

567 4388 692 4451 bus,
748 4387 800 4440 iu
848 4386 1047 4457 quibus
1094 4385 1359 4441 excellere
1407 4385 1720 4456 inglorium,
1760 4394 1815 4441 et
1851 4386 2134 4441 victoriam

566 4480 817 4533 amittere
872 4478 1074 4533 damno
1122 4484 1292 4537 caret,
1348 4476 1444 4533 scd
1500 4478 1547 4532 is
1598 4485 1734 4541 erat,
1770 4477 1862 4548 qui
1911 4478 2014 4533 sub
2048 4478 2135 4532 di-

565 4570 718 4622 tionc
762 4582 862 4621 sua
905 4567 1120 4621 tenebat
1157 4574 1330 4619 totum
1366 4565 1671 4620 Romanum
1714 4567 2037 4636 imperium;
2081 4575 2135 4621 et

565 4675 690 4713 cum
747 4667 896 4713 tanto
933 4673 1100 4728 regno
1142 4666 1421 4727 praeesset,
1448 4659 1772 4728 dcpravatus
1805 4667 1889 4714 est
1923 4660 2133 4715 calum-

566 4751 675 4805 niis
727 4758 919 4805 contra
964 4749 1267 4804 doctrinam
1302 4756 1584 4814 nostram,
1622 4748 1870 4804 Eudoxio
1906 4749 2134 4805 Germa-

566 4842 726 4896 nicize
764 4843 1020 4911 episcopo
1072 4855 1167 4910 per
1209 4840 1455 4895 fraudem
1512 4841 1576 4895 ad
1624 4857 1753 4897 suas
1785 4850 1968 4912 partes
2010 4858 2133 4898 eum

565 4933 883 4989 traducentc
918 4953 931 4987 :
964 4949 1154 4988 omnes
1204 4941 1406 4995 autem,
1438 4934 1533 5003 qui
1577 4934 1811 5003 alicujus
1858 4943 2016 4990 erant
2051 4937 2136 4991 di-

566 5025 809 5098 gnitatis,
834 5033 887 5077 et
908 5025 1136 5085 aulicos.
1170 5032 1223 5079 et
1252 5025 1345 5095 qtti
1384 5025 1546 5080 rebus
1569 5027 1820 5096 gerendis
1846 5037 2133 5097 praeerant,

563 5114 923 5184 opitulatores
953 5115 1140 5169 habuit
1161 5116 1395 5186 propriae
1430 5117 1714 5184 libidinis;
1753 5134 1985 5188 quorum
2042 5120 2132 5174 alii

565 5214 788 5276 propter
828 5207 1242 5261 consensionem
1283 5208 1625 5263 voluntatum
1670 5220 1865 5279 sponte
1916 5226 2037 5266 sese
2068 5213 2136 5268 ad

566 5297 721 5351 illum
773 5295 1179 5367 adjungcbant;
1226 5300 1317 5353 alii
1362 5316 1489 5355 vero
1531 5302 1687 5356 multi
1734 5308 1928 5358 timore
1962 5307 2136 5375 impe-

561 5390 788 5455 ratoris,
837 5399 1087 5461 prompte
1125 5398 1180 5446 et
1229 5393 1503 5458 alacriter,
1537 5394 1613 5460 id,
1659 5397 1805 5466 quod
1839 5398 1914 5451 illi
1942 5398 2138 5465 jucun-

564 5481 693 5536 dum
740 5489 879 5546 erat,
918 5480 1212 5549 faciebant,
1264 5492 1319 5539 et
1358 5494 1580 5555 propter
1632 5485 2031 5544 dissensionem
2067 5490 2135 5546 ab

562 5574 880 5629 orthodoxa:
928 5572 1052 5629 fidei
1104 5574 1533 5645 professoribus,
1585 5579 1735 5634 omni
1786 5580 2135 5636 observantia

565 5665 717 5719 illum
772 5665 1050 5731 colebant,
1099 5674 1215 5722 tum
1250 5667 1461 5724 scilicet
1489 5670 1713 5739 quando
1754 5671 1932 5742 fugas,
1966 5673 2138 5729 fortu-

565 5771 759 5811 narum
788 5757 1209 5826 publicatiOnes,
1231 5760 1444 5825 exsilia,
1474 5762 1674 5825 minas,
1715 5772 1767 5818 et
1795 5764 2131 5832 exactiones,

565 5846 830 5919 pericula,
873 5865 1149 5919 carceres,
1180 5851 1422 5918 vincula,
1461 5853 1691 5926 flagella,
1718 5862 1776 5911 et
1810 5857 2134 5928 gravissima

2318 2108 2454 2162 Ἀλλ’
2494 2110 2551 2165 ὲν
2591 2111 2691 2181 μὲν
2733 2115 2843 2177 τοῖς
2874 2114 3163 2186 ἡμετέροις
3191 2114 3452 2182 τοιοῦτος.
3496 2118 3585 2172 Ἐν
3612 2118 3667 2172 δὲ
3695 2124 3808 2181 τοῖς

2233 2198 2439 2266 λοιποῖς
2484 2203 2593 2257 τῶν
2641 2204 2726 2275 ἐφ’
2761 2205 2915 2277 ὕϐρει
2971 2207 3262 2278 ῥηθέντων,
3304 2205 3414 2280 ἆρά
3443 2228 3495 2263 τι
3528 2210 3806 2281 ἀληθεύων

2235 2292 2698 2367 ὲπιδειχθήσεται;
2753 2297 2842 2350 Ἐν
2886 2292 3181 2361 οἷςδειλόν
3196 2316 3255 2352 τε
3298 2301 3392 2353 καὶ
3409 2297 3695 2365 ἄτολμον,
3712 2302 3806 2354 καὶ

2244 2377 2385 2443 τοὺς
2398 2375 2772 2446 παχυτέρους
2783 2373 2900 2426 τῶν
2914 2377 3119 2433 πόνων
3130 2380 3670 2451 ἀποδιδράσκοντα,
3710 2390 3807 2443 καὶ

2236 2470 2413 2526 πάντα
2455 2470 2523 2526 τὰ
2565 2472 2791 2527 τοιαῦτα
2834 2476 2960 2527 κατ’
2994 2472 3158 2528 αὑτοῦ
3190 2473 3549 2545 διεξέρχεται,
3582 2478 3805 2547 φιλοπό-

2236 2581 2340 2628 νως
2368 2562 2735 2629 διασκευάζων
2779 2565 2879 2634 τῆς
2924 2564 3124 2628 δειλίας
3150 2564 3220 2619 τὰ
3250 2566 3415 2641 πάθη,
3436 2568 3525 2622 καὶ
3567 2571 3810 2625 οἰκίσκον

2236 2655 2585 2719 λανθάνοντα,
2628 2655 2722 2709 καὶ
2769 2654 2936 2727 θύραν
2990 2656 3245 2725 ἀσφαλῶς
3293 2659 3665 2733 ἐπικειμένην,
3713 2664 3809 2717 καὶ

2236 2746 2462 2817 πτόησιν
2500 2746 2635 2817 πρὸς
2662 2746 2754 2800 τὸν
2791 2746 2954 2816 φόϐον
2984 2746 3094 2800 τῶν
3128 2749 3434 2818 εἰσιόντων,
3484 2755 3575 2806 καὶ
3604 2756 3805 2828 φωνὴν,

2236 2837 2331 2889 καὶ
2362 2836 2579 2907 βλέμμα
2599 2878 2612 2902 ,
2642 2837 2737 2892 καὶ
2758 2837 2828 2891 τά
2855 2838 2947 2892 ἐπὶ
2980 2838 3074 2892 τοῦ
3106 2841 3396 2911 προσώπου
3431 2848 3805 2917 γνωρίσματα,

2237 2929 2331 2981 καὶ
2375 2928 2552 2981 πάντα
2596 2927 2664 2981 τὰ
2706 2928 2948 2995 τοιαῦτα,
2989 2930 3056 2984 δι’
3083 2925 3160 2985 ὧν
3186 2933 3286 3003 τῆς
3317 2935 3517 3000 δειλίας
3548 2938 3608 2991 τὸ
3637 2939 3808 3005 πάθος

2237 3019 2668 3089 διασημαίνεται.
2712 3021 2851 3075 Ἀλλ’
2896 3025 2943 3076 εί
2983 3024 3078 3078 καὶ
3112 3026 3277 3095 μηδὲν
3320 3028 3503 3099 ἕτερον
3545 3032 3810 3102 κατεψευ-

2240 3109 2433 3178 σμένος
2465 3110 2741 3181 ἠλέγχετο,
2788 3113 2966 3167 ίκανὸν
3007 3110 3074 3187 ἧν
3109 3116 3265 3171 τοῦτο
3301 3119 3460 3189 μόνον
3504 3123 3668 3175 αὐτοῦ
3701 3124 3810 3177 διε-

2238 3199 2421 3268 λέγξαι
2448 3203 2538 3255 τὸν
2570 3204 2789 3273 τρόπον.
2823 3206 2918 3269 Τίς
2951 3207 3060 3278 γὰρ
3087 3208 3188 3261 οὐκ
3215 3204 3322 3263 οἶδε
3352 3211 3441 3265 τὸν
3469 3214 3640 3284 μέγαν
3668 3218 3809 3270 ἐκεί-

2238 3309 2326 3345 νον
2348 3294 2653 3365 ἀγωνιστὴν
2675 3295 2821 3366 αὐτῷ
2840 3296 3015 3366 καιρῷ
3036 3297 3133 3368 τῆς
3149 3298 3240 3352 τοῦ
3260 3298 3522 3369 βασιλέως
3575 3302 3804 3359 Οὐάλενο

2203 3401 2325 3447 ,τος
2367 3386 2507 3439 κατὰ
2549 3388 2658 3441 τῶν
2714 3392 3046 3464 Ἐκκλησιῶν
3083 3396 3177 3450 τοῦ
3212 3398 3415 3471 Κυρίου
3459 3402 3807 3471 φιλονεικίας,

2236 3478 2382 3540 ὅπως
2411 3479 2748 3553 ὑπερανέστη
2773 3487 2838 3556 τῇ
2873 3487 3208 3561 μεγαλοφυῒᾳ
3230 3492 3326 3562 τῆς
3352 3492 3575 3565 γνώμης
3604 3496 3693 3549 τοῦ
3718 3515 3807 3550 το·

2239 3569 2424 3622 σούτου
2476 3572 2581 3625 τῶν
2628 3576 2966 3646 πραγμάτων
3011 3579 3312 3652 ὅγκου,,καὶ
3356 3585 3464 3639 τών
3502 3587 3808 3655 φοϐούντων

2237 3661 2563 3735 ὑψηλότερος
2606 3660 2694 3736 ἦν,
2746 3668 2924 3738 πάσης
2962 3671 3060 3741 τῆς
3110 3674 3612 3749 ὲπιμηχανηθείσης
3658 3680 3809 3750 αύτῷ

2238 3754 2626 3826 καταπλήξεως
2678 3758 3006 3831 ὑπεραρθεὶς
3048 3762 3127 3832 τῷ
3181 3767 3509 3837 φρονήματι.
3563 3770 3659 3834 Τίς
3698 3771 3809 3826 τῶν

2236 3846 2376 3900 κατά
2402 3848 2501 3919 τὴν
2529 3849 2666 3902 έώαν
2698 3851 2997 3922 ἀνθρώπων
3017 3869 3032 3885 ο
3058 3854 3140 3919 τίς
3171 3857 3279 3911 τῶν
3312 3859 3379 3911 τά
3402 3860 3683 3917 τελευταῖα
3707 3864 3808 3935 τῆς

2236 3938 2360 3992 καθ’
2385 3942 2534 4011 ἡμᾶς
2553 3942 2876 4014 οἰκουμένης
2907 3944 3220 4012 οίκούντων,
3249 3949 3348 4020 τὴν
3376 3950 3515 4024 ὑπὲρ
3550 3953 3648 4024 τῆς
3677 3955 3809 4027 ἀλη-

2236 4030 2383 4094 θείας
2427 4031 2586 4085 αύτοῦ
2618 4032 2795 4103 μάχην
2827 4034 2963 4106 πρὸς
3006 4037 3133 4100 τοὺς
3170 4040 3504 4109 κρατοῦντας
3539 4044 3803 4118 ἠγνόησες

2236 4121 2332 4184 Τίς
2371 4122 2431 4174 ού
2469 4123 2787 4195 κατεπλάγη
2824 4125 2961 4198 πρὸς
3009 4128 3100 4182 τὸν
3144 4130 3436 4186 ἀντίπαλον
3469 4135 3699 4205 ὲπιδών;
3730 4140 3806 4193 ού

2236 4215 2343 4287 γὰρ
2374 4214 2482 4269 τῶν
2516 4218 2876 4287 ἐπιτυχόντων
2911 4216 2992 4283 εἷς
3028 4216 3096 4293 ἦν
3120 4238 3133 4251 ο
3167 4223 3286 4276 οὐδὲ
3334 4227 3393 4278 ὲν
3438 4230 3808 4297 σοφισματίοις

2237 4307 2507 4377 κιϐδήλοις
2540 4308 2640 4379 τὴν
2669 4308 2763 4361 τοῦ
2799 4312 2954 4382 νικᾷν
2986 4311 3245 4383 ἐκέκτητο
3265 4314 3511 4387 δύναμιν,
3539 4316 3599 4373 οὗ
3626 4322 3720 4375 καὶ
3746 4323 3808 4376 τὸ

2238 4400 2525 4471 ὑπερέχειν
2556 4399 2775 4466 ἄδοξον,
2810 4403 2905 4455 καὶ
2943 4403 3003 4457 τὸ
3043 4404 3337 4476 ἡττηθῆναι
3374 4408 3635 4481 ἀζήμιον·
3672 4413 3810 4469 ἀλλὰ

2239 4489 2416 4541 πᾶσαν
2458 4489 2556 4559 μὲν
2590 4489 2679 4558 ὑφ’
2730 4490 2918 4544 ἑαυτὸν
2957 4488 3101 4562 εἶχεν
3144 4496 3504 4570 εύθυνομένην
3548 4501 3668 4555 τότε
3711 4505 3808 4576 τὴν

2167 4604 2209 4659 D
2250 4581 2536 4651 Ῥωμαίων
2594 4583 2803 4653 ἀρχήν
2861 4584 2954 4639 καὶ
3010 4586 3244 4660 τοσαύτῃ
3300 4590 3546 4665 βασιλεία
3599 4596 3804 4666 κομῶν,

2238 4671 2565 4745 προείληπτο
2589 4676 2653 4744 τῇ
2674 4672 2813 4725 κατὰ
2844 4673 2937 4728 τοῦ
2970 4676 3237 4747 δόγματος
3259 4681 3414 4752 ἡμῶν
3439 4684 3677 4758 διαϐολῇ,
3703 4688 3808 4741 Eu-

2234 4765 2407 4833 δοξίου
2450 4764 2545 4819 τοῦ
2595 4765 3024 4836 Γερμανικείας,
3074 4770 3140 4823 δι’
3178 4773 3413 4843 ἀπάτης,
3460 4776 3620 4829 αὑτὸν
3673 4779 3808 4850 πρὸς

2235 4857 2423 4908 ἑαυτὸν
2453 4856 2919 4925 μεταστήσαντοςο
2952 4858 3159 4922 πάντας
3194 4861 3251 4914 δὲ
3282 4863 3409 4927 τοὺς
3434 4865 3493 4921 ὲν
3517 4865 3679 4933 τέλει,
3715 4870 3808 4922 καί⁵

2234 4947 2361 5011 τοὺς
2392 4946 2518 5017 περὶ
2547 4946 2709 4999 αὑτὸν
2741 4947 3078 5018 θεραπευτάς
3118 4951 3214 5005 καὶ
3240 4954 3367 5018 τοὺς
3396 4957 3487 5010 ἐπὶ
3525 4958 3635 5011 τῶν
3664 4976 3808 5029 πρα-

2235 5039 2459 5111 γμάτων
2500 5039 3067 5110 παραδυναστεύοντας
3118 5049 3519 5116 συναγωνιστὰς
3558 5046 3670 5121 εἶχε
3708 5051 3809 5122 τῆς

2240 5134 2374 5197 ἰδίας
2400 5134 2607 5205 ὁρμῆςο
2646 5133 2772 5197 τοὺς
2816 5135 2916 5205 μὲν
2957 5136 3219 5202 ἑκουσίως
3256 5138 3343 5193 διὰ
3389 5141 3488 5213 τὴν
3533 5144 3809 5216 ὁμοιοτρο⁴

2238 5224 2367 5279 πίαν
2400 5227 2499 5295 τῆς
2528 5223 2753 5296 γνώμης
2801 5229 3297 5297 προσκεκλικότας’
3328 5235 3455 5298 τοὺς
3485 5234 3542 5287 δὲ
3584 5236 3809 5300 πολλοὺς

2235 5313 2314 5384 τῷ
2360 5315 2509 5385 φόϐῳ
2547 5315 2648 5385 τῆς
2700 5316 3017 5382 δυναστείας
3063 5319 3132 5373 τὰ
3172 5322 3308 5392 πρὸς
3351 5325 3544 5396 ἡδονὴν
3580 5328 3809 5398 ἑτοίμως

2237 5407 2647 5477 χαριζομένους,
2681 5409 2893 5463 καὶδιὰ
2927 5410 3025 5481 τῆς
3062 5412 3365 5485 ἀποτομίας
3396 5417 3498 5485 τῆς
3532 5419 3671 5472 κατά
3701 5419 3808 5472 τῶν

2236 5496 2611 5566 ἀντεχομένων
2645 5499 2742 5569 τῆς
2791 5498 3048 5565 πίστεως,
3089 5502 3225 5573 πρὸς
3272 5504 3433 5557 αὐτὸν
3471 5506 3810 5578 ἐνδεικνυμέ-

2237 5602 2359 5647 νους
2390 5585 2625 5657 σπουδήν
2642 5605 2654 5618 ·
2678 5590 2767 5642 ὅτε
2794 5590 2983 5659 φυγαὶ,
3008 5592 3101 5644 καὶ
3127 5592 3438 5663 δημεύσεις,
3468 5598 3560 5649 καὶ
3584 5598 3806 5670 ὲξορίαι,

2237 5676 2457 5731 ἀπειλαί
2494 5696 2554 5731 τε
2601 5680 2694 5733 καὶ
2749 5683 3193 5752 προστιμήματα,
3239 5684 3495 5753 κίνδυνοι,
3546 5690 3805 5757 φυλακαὶ,

2236 5771 2607 5843 δεσμωτήρια,
2649 5774 2935 5843 μάστιγεςο
2958 5775 3051 5828 καὶ
3081 5776 3133 5829 τί
3161 5776 3268 5847 γὰρ
3295 5777 3414 5849 οὐχὶ
3442 5780 3551 5835 τῶν
3579 5781 3809 5847 δεινοτάη

2238 5880 2345 5919 των
2374 5866 2657 5938 ἐνηργεῖτο
2686 5866 2827 5921 κατὰ
2848 5867 2956 5922 τῶν
2980 5867 3056 5940 μὴ
3079 5870 3472 5947 συντιθεμένων
3498 5876 3563 5948 τῇ
3590 5876 3684 5931 τοῦ
