4166 6372
363 310 467 366 289

1525 307 1805 365 CONTRA
1837 301 2229 370 EUNOMIUM,
2271 301 2401 358 LIB.
2434 301 2476 359 1.

3520 306 3626 365 290

365 429 557 491 σιλέως
585 428 755 499 ὁρμῆς
778 427 865 482 ὅτε
887 426 1262 499 χαλεπώτερον
1282 422 1349 499 ἦν
1377 426 1435 481 ἐν
1458 427 1591 498 οἴκῳ
1615 426 1751 479 Θεοῦ
1782 441 1940 479 κατα-

2044 438 2274 493 qumque
2296 420 2565 493 supplicia
2599 419 2934 477 decernebat
2964 420 3056 486 iis,
3086 422 3179 494 qui
3212 422 3358 495 regis
3389 423 3628 497 libidini,

357 518 634 595 ληφθῆναι
664 523 790 585 τοὺς
814 519 1193 587 εὑσεϐοὖντας,
1230 518 1264 590 ἢ
1297 520 1390 573 ἐπὶ
1417 520 1528 583 τοῖς
1556 517 1939 590 πονηροτάτοις

362 617 472 670 τῶν
495 614 857 686 ἐγκλημάτων
884 612 1109 668 ἁλῶναι.

445 798 606 852 Ἀλλά
630 797 691 851 τὸ
722 797 819 867 μὲν
856 796 1067 860 τούτοις
1091 797 1226 849 πᾶσι
1254 794 1375 849 καθ’
1406 794 1633 848 ἕκαστον
1666 794 1939 863 ἐπεξιέναι

365 892 605 962 μεγάλης
626 888 768 951 τινὸς
788 888 854 941 ἂν
884 888 1053 941 δέοιτο
1084 886 1428 957 συγγραφῆς,
1461 885 1555 938 καὶ
1590 885 1781 957 χρόνου
1812 886 1941 938 πολ-

363 982 473 1048 λοῦ,
506 985 599 1036 καὶ
631 980 1012 1052 πραγματείας
1044 979 1198 1043 ἰδίας.
1243 978 1451 1042 ’Ἄλλως
1476 994 1537 1030 τε
1570 978 1663 1030 καὶ
1691 976 1940 1049 φανερῶν

343 1075 565 1162 δάπασιν
600 1072 768 1125 ὄντων
801 1070 910 1125 τῶν
954 1069 1257 1142 τηνικαῦτα
1306 1068 1515 1135 κακῶν,
1548 1069 1698 1122 οὐδὲν
1745 1068 1812 1122 ἂν
1842 1069 1937 1137 γέ-

362 1181 505 1218 νοιτο
534 1164 694 1216 πλέον
718 1163 854 1235 πρὸς
878 1162 971 1215 τὸν
1002 1161 1245 1232 παρόντα
1267 1161 1423 1230 λόγον
1448 1162 1512 1213 ὲκ
1531 1160 1625 1213 τοῦ
1650 1161 1939 1232 μετ’ἀκρι-

360 1256 510 1319 ϐείας
524 1256 621 1318 τάς
645 1254 926 1325 συμφοράς
960 1254 1170 1316 ὲκείνας
1208 1254 1300 1307 ἐπὶ
1327 1253 1670 1325 γραμμάτων
1725 1252 1939 1306 ἐκτίθε-

363 1346 507 1401 σθαι.
547 1346 782 1397 Ὓπεστι
806 1344 864 1398 δὲ
886 1344 981 1397 καὶ
1007 1343 1264 1415 φορτικὸν
1287 1342 1474 1415 ἕτερον
1503 1346 1561 1397 ὲν
1589 1343 1667 1415 τῷ
1697 1345 1826 1414 περὶ
1849 1344 1940 1398 αὑ-

359 1438 465 1492 τῶν
499 1437 817 1507 διηγήματι,
852 1437 980 1500 τοὺς
1007 1435 1117 1489 τῶν
1142 1436 1427 1507 ἡμετέρων
1453 1435 1513 1500 ἐξ
1537 1435 1782 1507 ἀνάγκης
1816 1434 1939 1489 τινά

363 1530 584 1600 μνήμην
632 1529 963 1607 ποιήσασθαι
991 1526 1229 1597 καθεξῆς
1260 1527 1524 1594 διεξιόντα
1548 1528 1646 1600 τὴν
1666 1527 1774 1582 τῶν
1811 1544 1940 1581 σκυ-

361 1620 593 1693 θρωπῶν
630 1620 889 1689 ἱστορίαν.
924 1620 988 1673 El
1032 1618 1142 1690 γάρ
1172 1635 1225 1672 τι
1247 1618 1339 1672 καὶ
1365 1618 1677 1692 πέπρακται
1702 1619 1939 1673 τοιοῦτον

358 1718 491 1787 ἡμῖν
520 1713 607 1768 διὰ
633 1715 760 1778 τοὺς
794 1713 933 1785 ὑπὲρ
960 1712 1061 1783 τῆς
1089 1712 1366 1777 εὐσεϐείας
1398 1706 1757 1781 ἀγῶνας,οίον
1792 1711 1940 1782 φιλο-

2046 524 2100 570 et
2132 516 2417 570 effrenata:
2449 514 2740 584 cupiditati
2772 531 2885 570 non
2921 516 3363 583 subscriberent,
3401 521 3628 591 quando

2045 608 2409 678 periculosius
2440 615 2560 661 erat
2593 608 2713 677 pios
2742 616 2795 663 et
2823 608 3141 665 Catholicos
3187 611 3242 665 in
3305 611 3469 668 domo
3506 614 3627 683 Dei,

2045 711 2209 768 quam
2240 697 2294 751 in
2325 698 2662 768 turpissimis
2713 696 2938 769 ﬂagitiis
2983 700 3339 771 deprehendi.

2118 786 2321 843 Verum
2360 790 2476 844 haec
2511 800 2564 846 et
2585 790 2788 846 similia
2825 791 3106 862 sigillatim
3138 796 3394 865 persequi
3431 799 3627 866 grandi

2046 890 2231 951 egeret
2272 882 2434 945 libro,
2476 890 2531 937 et
2581 882 2747 953 longo
2775 892 3022 953 tempore
3061 893 3115 940 et
3164 890 3386 959 proprio
3419 893 3623 946 studio.

2043 974 2113 1029 Et
2171 990 2297 1031 cum
2344 975 2493 1031 illius
2536 977 2801 1047 temporis
2860 985 3010 1049 gesta
3060 979 3115 1033 in
3159 982 3403 1035 omnium
3446 984 3627 1038 adhuc

2044 1068 2311 1122 memoria
2353 1074 2407 1123 et
2450 1083 2546 1123 ore
2590 1078 2903 1133 versentur,
2954 1070 3207 1127 fortassis
3240 1072 3433 1129 inutile
3477 1086 3627 1128 esset

2046 1158 2115 1214 ad
2153 1174 2396 1230 praesens
2439 1167 2690 1215 nostrum
2738 1161 3075 1228 institutum,
3123 1164 3469 1222 calamitates
3501 1168 3623 1222 illas

2046 1249 2350 1305 Studiosius
2372 1250 2574 1305 litteris
2594 1251 2735 1306 velle
2761 1254 3112 1323 consignare,
3148 1265 3208 1309 ut
3236 1263 3445 1312 taceam
3468 1259 3625 1329 quid-

2044 1339 2170 1394 dam
2213 1342 2375 1396 etiam
2419 1342 2669 1398 odiosum
2713 1343 3029 1414 huiusmodi
3079 1362 3263 1402 rerum
3317 1350 3620 1405 narrationi

2046 1434 2301 1499 subesse,
2336 1435 2482 1506 quod
2512 1439 2836 1493 necessario
2866 1440 3069 1494 mentio
3101 1439 3351 1496 facienda
3387 1444 3459 1497 sit
3490 1458 3625 1514 qua-

2046 1524 2297 1579 rumdam
2355 1541 2541 1582 rerum
2578 1542 2619 1599 .a
2672 1528 2837 1584 nobis
2871 1538 3171 1601 gestarum,
3221 1533 3268 1587 si
3301 1532 3495 1589 ordine
3527 1550 3627 1590 ex-

2046 1629 2252 1685 ponere
2279 1618 2539 1684 velimus,
2570 1634 2692 1689 quaz
2727 1621 2871 1676 tristi
2902 1622 2994 1677 illo
3028 1629 3271 1694 tempore
3298 1636 3622 1682 evenerunt.

2044 1704 2276 1764 Etiamsi
2327 1710 2475 1765 enim
2518 1709 2726 1782 aliquid
2762 1721 2987 1784 propter
3019 1714 3279 1785 pietatem
3326 1718 3622 1788 gessimus,

358 1806 542 1877 τιμίαν
570 1805 756 1876 φέρειν
778 1804 858 1875 τῷ
885 1805 1203 1875 διηγήματι,
1225 1807 1341 1868 τοῖς
1370 1804 1597 1875 πλησίον
1617 1805 1937 1859 καταλιπεῖν

2042 1799 2189 1869 quod
2223 1808 2507 1856 narratum
2539 1801 2757 1858 laudem
2789 1809 2843 1859 et
2878 1804 3047 1861 decus
3084 1806 3384 1863 conciliare
3415 1822 3621 1880 posset,

359 1900 395 1967 ἡ
426 1898 595 1967 Σοφία
633 1897 880 1965 κελεύει,
924 1896 1347 1968 Ἐγκωμιαζέτω
1392 1915 1468 1953 σε
1504 1896 1633 1970 γάρ,
1672 1897 1858 1970 φησὶν,
1903 1900 1937 1953 ὁ

359 1992 569 2060 πέλας,
604 1992 703 2046 καὶ
722 1992 809 2063 μὴ
842 1992 914 2047 τὰ
948 1992 1033 2047 σὰ
1053 1992 1249 2062 χείλη.
1282 1992 1461 2064 Ὅπερ
1483 1994 1512 2045 ὁ
1538 1992 1605 2045 τά
1634 1995 1811 2046 πάντα
1836 2009 1937 2045 πε-

363 2086 817 2157 ριεσκευασμένος
848 2086 922 2156 μὴ
977 2083 1255 2149 συνειδὼς,
1285 2084 1348 2137 τὸ
1392 2084 1643 2138 πλεῖστον
1675 2086 1776 2157 τῆς
1809 2102 1940 2154 συγ-

358 2179 573 2250 γραφῆς
629 2180 688 2232 ὲν
732 2180 854 2243 ταῖς
912 2177 1041 2249 περὶ
1092 2177 1257 2231 αὑτοῦ
1300 2177 1726 2252 μεγαληγορίαις
1777 2178 1941 2250 ἠσχό-

358 2281 511 2335 λησε.

430 2448 617 2503 Πάντα
657 2447 834 2502 τοίνυν
861 2447 972 2518 ἐγὼ
1007 2448 1075 2503 τά
1112 2446 1338 2504 τοιαῦτα
1371 2448 1815 2523 περιδραμὼν,τά
1840 2451 1943 2526 τῆς

357 2541 557 2606 δειλίας
596 2542 688 2596 τοῦ
710 2542 1029 2596 διδασκάλου
1052 2543 1209 2614 ἡμῶν
1232 2543 1368 2614 ἔργα
1397 2546 1514 2614 μετ’
1541 2543 1827 2615 ἀκριϐείας
1845 2546 1941 2600 ὲκε-

361 2635 616 2706 θήσομαι.
672 2630 781 2688 Ἦν
828 2634 1004 2688 τοίνυν
1036 2636 1065 2686 6
1105 2636 1559 2706 ἀντιτεταγμένος
1608 2635 1756 2707 αὑτῷ
1806 2637 1943 2707 πρὸς

358 2726 654 2779 ἀντίπαλον
691 2724 865 2791 τάξιν,
914 2725 1167 2797 βασιλεὺς
1213 2726 1395 2791 αὑτός.
1434 2724 1493 2778 ’0
1542 2726 1599 2779 δὲ
1656 2726 1944 2798 ὑπηρετῶν

361 2818 525 2872 αὑτοῦ
554 2822 675 2882 ταῖς
727 2820 941 2893 ὁρμαῖς,
967 2820 996 2872 6
1031 2819 1210 2889 πάσης
1242 2819 1426 2889 ἄρχων
1458 2819 1575 2889 μετ’
1611 2820 1815 2871 ἐκεῖνον
1846 2821 1945 2889 τῆς

361 2911 661 2982 βασιλείας*
710 2913 758 2964 οί
795 2910 1185 2980 συνεργοῦντες
1239 2910 1295 2963 δὲ
1350 2911 1485 2982 πρὸς
1541 2910 1639 2981 τὴν
1690 2911 1945 2981 τοιαύτην

359 3005 677 3076 ἐπιθυμίαν,
696 3006 745 3058 oi
769 3007 898 3075 περὶ
922 3003 1083 3058 αὑτὸν
1116 3004 1336 3068 πάντες.
1356 3003 1709 3077 Προσκείσθω
1736 3004 1945 3068 τούτοις

360 3099 454 3152 καὶ
485 3100 514 3151 ὁ
545 3097 735 3168 καιρὸς
768 3098 847 3161 είς
873 3096 1272 3169 ἀκριϐεστέραν
1295 3096 1527 3167 βάσανον
1565 3098 1660 3151 καὶ
1686 3096 1943 3162 ἐπίδειξιν

359 3191 459 3261 τῆς
484 3190 733 3259 γενναίας
765 3190 859 3245 τοῦ
889 3189 1121 3260 ἀθλητοῦ
1146 3189 1545 3261 πεποιθήσεως.
1570 3188 1667 3253 Τίς
1693 3186 1787 3244 οὑν
1819 3186 1888 3261 ἦν
1914 3190 1943 3243 6

360 3284 579 3353 καιρός;
611 3282 870 3355 ἐξήλαυνε
897 3282 995 3352 μὲν
1018 3282 1120 3353 τῆς
1158 3282 1571 3338 Κωνσταντίνου
1602 3282 1809 3347 πόλεως
1849 3282 1945 3336 ἐπὶ

358 3377 457 3449 τὴν
493 3378 635 3446 ἑῴαν
664 3378 693 3429 6
734 3375 1007 3445 βασιλεὺς,
1036 3374 1161 3446 άρτι
1189 3376 1305 3439 τοῖς
1336 3374 1476 3428 κατά
1513 3374 1623 3428 τῶν
1655 3373 1945 3447 βαρϐάρων

360 3467 509 3538 αὑτῷ
535 3466 959 3539 κατορθωθεῖσιν
994 3466 1309 3538 ἐπῃρμένος
1330 3464 1390 3518 τδ
1427 3464 1700 3537 φρόνημα,
1722 3467 1817 3519 καὶ
1852 3465 1944 3518 οὑ-

358 3560 448 3613 δὲν
469 3560 798 3614 ἀντιϐαίνειν
836 3558 1003 3611 αὑτοῦ
1027 3560 1147 3618 ταῖς
1187 3558 1386 3630 ὁρμαῖς
1415 3557 1583 3623 ἀξιῶν
1604 3575 1619 3591 ·
1646 3560 1944 3631 προηγεῖτο

357 3652 418 3707 δὲ
446 3652 611 3706 αὑτοῦ
633 3652 733 3722 τῆς
764 3650 991 3723 πορείας
1026 3651 1055 3703 6
1081 3649 1474 3722 ὑπαρχος,ἀντ’
1487 3649 1648 3704 ἄλλου
1662 3650 1804 3716 τινὸς
1834 3650 1944 3705 τῶν

358 3746 440 3808 είς
463 3745 564 3816 τὴν
613 3746 788 3817 ἀρχὴν
834 3743 1150 3812 ἀναγκαίων
1178 3744 1333 3797 τοῦτο
1355 3743 1853 3816 προδιοικούμενοςθ
1883 3743 1944 3798 τὸ

361 3836 498 3908 μηδέ
516 3854 638 3891 τινα
658 3837 750 3890 τὸν
779 3838 870 3889 ἐπὶ
899 3835 1132 3898 πίστεως
1159 3835 1286 3889 ὄντα
1310 3836 1491 3906 μένειν
1512 3836 1778 3905 ἐφέστιον,
1807 3836 1943 3891 ἀλλά

355 3929 452 3983 τοῦ
504 3931 635 3994 τοὺς
692 3929 790 4000 μὲν
840 3925 1242 3983 ἀπελαύνεσθαι
1298 3928 1507 3990 πάντας
1558 3926 1935 3997 πανταχόθεν,

358 4024 576 4095 ἐτέρους
607 4024 664 4078 δὲ
707 4025 821 4077 ἀντ’
850 4023 1073 4076 ἐκείνων
1099 4022 1637 4093 αὑτοχειροτονήτους
1670 4022 1821 4083 τινὰς
1850 4022 1943 4075 ἐπὶ

359 4117 517 4189 ὕϐρει
549 4117 649 4187 τῆς
679 4116 830 4179 θείας
857 4116 1167 4187 οἰκονομίας
1218 4114 1551 4183 εἰσάγεσθαι.
1586 4114 1740 4170 Μετὰ
1770 4118 1945 4169 τοιαύ-

357 4226 460 4280 της
492 4206 586 4263 οὑν
623 4207 849 4280 γνώμης
893 4208 1144 4279 καθάπερ
1183 4208 1335 4277 νέφει
1366 4208 1511 4271 τινὸς
1552 4207 1810 4278 χαλεποῦ,
1843 4208 1943 4278 τῆς

358 4302 674 4365 δυναστείας
707 4304 772 4355 ἐκ
803 4304 904 4372 τῆς
954 4300 1316 4374 Προποντίδος
1363 4299 1508 4354 κατά
1553 4301 1663 4355 τῶν
1710 4300 1943 4371 Ἐκκλη-

360 4395 495 4449 σιῶν
532 4393 873 4464 κινηθείσης·
906 4393 1127 4464 καὶτῆς
1157 4393 1257 4464 μὲν
1291 4392 1545 4455 Βιθυνίας
1573 4392 1783 4466 ἀθρόως
1814 4395 1944 4465 ἐρη-

2038 1890 2093 1946 id
2134 1898 2195 1945 ut
2234 1892 2505 1962 proximis
2537 1894 2746 1950 nostris
2774 1898 3317 1954 commemorandum
3352 1901 3627 1973 relinqua-

2039 2000 2186 2048 mus,
2241 1993 2429 2042 monet
2474 1986 2661 2040 divina
2704 1988 2969 2058 sapientia
3002 2008 3015 2043 :
3048 1988 3248 2046 Laudat
3296 2002 3364 2058 te,
3423 1994 3622 2065 inquit,

2037 2077 2334 2144 proximus,
2380 2087 2428 2132 et
2477 2095 2583 2132 non
2637 2078 2783 2132 labia
2833 2088 2924 2133 tua
2971 2081 3035 2135 ι’,
3104 2080 3257 2148 Quod
3319 2082 3623 2142 Eunomius

2040 2169 2458 2225 oculatissimus
2499 2185 2610 2225 non
2653 2170 3040 2241 considerans,
3087 2174 3381 2232 maximam
3416 2187 3625 2247 partem

2040 2262 2126 2318 sui
2166 2262 2293 2315 libri
2334 2262 2573 2333 gloriose
2610 2276 2734 2318 sese
2757 2261 3053 2330 efferendo,
3076 2278 3128 2320 et
3154 2266 3456 2323 insolenter
3485 2286 3625 2340 prae-

2041 2355 2286 2410 dicando
2331 2354 2699 2425 consumpsit.

2113 2446 2382 2503 Omnibus
2421 2447 2587 2517 igitur
2636 2446 2792 2502 hisce
2828 2446 3069 2513 relictis,
3121 2450 3311 2507 sedulo
3355 2467 3625 2522 exponam

2042 2553 2207 2608 opera
2232 2538 2589 2611 praeceptoris
2618 2538 2817 2604 nostri,
2843 2542 3058 2595 timoris
3078 2549 3132 2596 et
3153 2544 3373 2613 pavoris
3395 2544 3623 2601 indicia.

2042 2630 2176 2685 Erat
2210 2631 2376 2699 igitur
2412 2633 2478 2697 is,
2530 2647 2657 2686 cum
2694 2646 2804 2702 quo
2832 2633 3040 2688 Basilio
3080 2634 3456 2691 dimicandum
3482 2632 3625 2703 erat,

2043 2725 2274 2794 ipsemet
2329 2725 2651 2794 imperator.
2696 2722 2972 2780 Libidinis
3026 2740 3158 2781 vero
3213 2735 3268 2783 et
3330 2729 3628 2799 impietatis

2042 2818 2165 2888 ejus
2222 2817 2553 2872 administer
2600 2817 2711 2884 ille,
2743 2816 2839 2888 qui
2874 2824 3000 2886 post
3036 2818 3419 2888 imperatorem
3449 2829 3626 2877 totum

2044 2909 2334 2979 imperium
2401 2910 2646 2979 regebat.
2709 2910 3004 2979 Adjutores
3072 2920 3254 2967 autem
3306 2913 3626 2981 cupiditatis

2044 3000 2193 3056 illius
2232 3016 2424 3057 omnes
2464 3002 2692 3057 omnino
2717 3003 2905 3058 aulici.
2940 3004 3182 3060 Accedat
3225 3014 3280 3061 et
3328 3005 3414 3062 bis
3447 3007 3624 3076 ipsutn

2047 3099 2285 3164 tempus,
2340 3101 2400 3148 ut
2449 3108 2515 3149 eo
2545 3096 2859 3151 accuratius
2891 3102 2945 3151 et
2969 3096 3187 3167 planius
3219 3097 3627 3155 demonstretur

2044 3186 2285 3243 invictus
2320 3196 2375 3244 et
2404 3188 2660 3245 excelsus
2712 3190 2930 3246 animus
2982 3192 3231 3261 generosi
3263 3192 3411 3249 illius
3446 3193 3626 3248 athle-

2042 3289 2132 3337 tae.
2152 3278 2306 3345 Quod
2334 3280 2502 3351 igitur
2524 3291 2739 3352 tempus
2760 3281 3132 3338 erat?Aberat
3146 3283 3623 3356 Constantinopoli

2042 3370 2342 3443 imperator
2386 3374 2438 3427 in
2484 3372 2727 3438 Oriente,
2764 3375 2942 3429 elatus
2987 3383 3169 3432 mente
3214 3377 3384 3434 rebus
3429 3387 3625 3435 contra

2043 3460 2312 3518 barbaros
2354 3479 2464 3518 non
2516 3463 2593 3519 ita
2645 3464 2857 3535 pridem
2911 3464 3147 3522 feliciter
3188 3469 3381 3539 gestis,
3435 3470 3626 3525 existi-

2044 3567 2315 3623 mansque
2366 3552 2761 3624 cupiditatibus
2810 3553 2929 3610 suis
2968 3554 3106 3609 nihil
3147 3557 3371 3611 omnino
3431 3557 3625 3615 adver-

2044 3645 2155 3702 sari
2210 3644 2448 3712 debere;
2498 3644 2843 3716 praecedebat
2892 3662 3016 3701 eutn
3064 3646 3382 3716 prazl‘ectus,
3443 3650 3626 3720 specie

2042 3737 2265 3809 quidem
2305 3737 2462 3808 quasi
2487 3737 2795 3793 necessaria
2832 3736 3181 3807 imperatoris
3206 3738 3461 3794 adventui
3494 3757 3626 3810 prte-

2044 3843 2241 3899 parare
2294 3827 2536 3890 deberet,
2568 3842 2759 3881 revera
2788 3834 2994 3894 autem,
3024 3836 3083 3881 ut
3110 3827 3457 3886 Orthodoxos
3492 3847 3623 3901 pro-

2043 3920 2182 3990 priis
2211 3919 2436 3975 sedibus
2470 3920 2876 3983 exterminaret,
2917 3918 2972 3972 in
3004 3921 3413 3992 ejectorumque
3444 3925 3623 3979 locum

2043 4013 2186 4068 alios
2228 4028 2340 4067 non
2388 4012 2629 4084 legitime
2677 4019 2901 4067 vocatos
2953 4020 3009 4066 et
3059 4014 3365 4081 ordinatos,
3394 4017 3448 4072 in
3489 4034 3623 4073 con-

2044 4114 2311 4177 temptum
2353 4114 2408 4161 et
2445 4106 2704 4176 injuriam
2743 4103 3024 4171 Ecclesia),
3080 4106 3456 4164 substitueret.
3511 4109 3623 4165 llac

2043 4198 2211 4270 igitur
2257 4208 2461 4262 mente,
2511 4198 2664 4253 velut
2705 4198 2851 4253 nube
2895 4197 3128 4267 quadam
3171 4201 3460 4264 malorum,
3494 4217 3621 4258 cum

2042 4292 2306 4347 violentia
2340 4290 2706 4361 etexagitatio
2738 4297 2928 4344 contra
2977 4288 3255 4347 Ecclesias
3288 4309 3355 4347 ex
3382 4292 3625 4364 Propon-

2045 4383 2160 4439 tide
2216 4398 2509 4455 progressa
2556 4392 2723 4447 esset,
2774 4390 2830 4438 et
2893 4382 3204 4455 Bithyniam
3266 4386 3487 4456 quidem
3553 4404 3622 4443 ex

363 4485 657 4558 μωθείσης,
688 4484 957 4548 Γαλατίας
988 4484 1045 4538 δὲ
1070 4486 1169 4538 σὺν
1195 4484 1362 4555 πολλῇ
1393 4486 1459 4555 τῇ
1493 4484 1745 4557 ῥᾳστώνῃ
1764 4502 1940 4556 παρα-

2045 4478 2345 4548 improviso
2411 4477 2749 4545 desolasset,
2819 4477 3201 4551 Galatiamque
3264 4483 3383 4537 sine
3439 4485 3623 4541 labore

362 4578 619 4649 συρείσης
646 4592 660 4605 ·
694 4577 787 4629 καὶ
819 4575 1036 4629 πάντων
1086 4575 1271 4638 αὑτοῖς
1314 4573 1457 4628 κατά
1494 4573 1618 4627 νοῦν
1652 4574 1739 4628 διὰ
1777 4575 1942 4646 μέσου

360 4668 778 4740 κεχωρηκότων,
799 4666 1091 4739 προῦκειτο
1116 4667 1217 4738 ἥδη
1244 4668 1311 4738 τῇ
1340 4665 1633 4737 ἀκολουθία
1652 4666 1746 4718 τοῦ
1770 4667 1943 4721 κακοῦ

359 4759 421 4811 τὸ
448 4744 715 4829 ήμέτερον
734 4774 750 4790 ⁸
784 4758 835 4811 τί
864 4754 957 4812 οὑν
983 4758 1011 4810 6
1042 4759 1215 4829 μέγας
1237 4758 1356 4810 τότε
1384 4756 1723 4820 Βασίλειος,ό
1752 4756 1943 4821 δειλὸς,

358 4848 435 4911 ῶς
484 4865 648 4919 φησιν
696 4841 870 4915 οὗτος,
905 4847 998 4900 καὶ
1050 4846 1282 4915 ἄτολμος
1303 4885 1318 4908 ,
1348 4845 1442 4899 καὶ
1475 4846 1840 4917 ὑποπτήσσων
1875 4846 1944 4901 τά

359 4934 601 5006 φοϐερὰ,
642 4936 736 4988 καὶ
790 4934 1014 5005 οἰκίσκῳ
1059 4934 1372 4988 λανθάνοντι
1409 4935 1508 5005 τήν
1542 4935 1814 5007 σωτηρίαν
1847 4954 1936 4989 πι-

361 5027 565 5081 στεύων
599 5045 613 5091 ;
642 5023 789 5100 ’Ἄρα
824 5027 1142 5099 κατεπλάγη
1184 5027 1283 5097 τὴν
1331 5026 1426 5081 τοῦ
1483 5026 1655 5081 κακοῦ
1699 5029 1934 5099 προσϐο-

358 5116 458 5187 λήν
481 5135 495 5183 ;
518 5114 665 5189 'Apa.
700 5119 763 5171 τὸ
807 5118 977 5183 πάθος
1020 5118 1128 5172 τῶν
1168 5118 1594 5190 προεαλωκότων
1632 5118 1935 5190 σύμϐουλον

359 5205 498 5275 πρὸς
521 5206 620 5277 τὴν
643 5206 939 5275 ἀσφάλειαν
957 5208 1064 5262 τῶν
1090 5208 1211 5261 καθ’
1228 5208 1419 5262 ἑαυτὸν
1444 5208 1736 5279 ἐποιήσατο
1756 5204 1934 5279 ςτΑρα

360 5296 681 5361 κατεδέξατο
698 5298 792 5351 τοῦ
814 5295 953 5365 εἶξαι
982 5299 1117 5373 πρὸς
1146 5299 1323 5368 ὀλίγον
1347 5302 1413 5371 τῇ
1461 5299 1605 5374 ῥύμῃ
1640 5299 1732 5353 τοῦ
1761 5300 1933 5353 κακοῦ

362 5387 844 5458 συμϐουλεύοντος,
868 5392 1001 5462 μηδὲ
1042 5394 1121 5456 είς
1156 5388 1428 5463 προῦπτον
1470 5391 1712 5445 κίνδυνον
1746 5392 1935 5446 ἑαυτὸν

360 5477 651 5549 δμϐάλλειν
705 5481 798 5534 ἐπὶ
854 5482 1157 5555 ἀνθρώπων
1216 5481 1777 5554 καταγυμνασθέντων
1824 5485 1937 5547 τοῖς

360 5573 614 5645 «ludant;
642 5572 844 5645 ῆπᾶσα
871 5575 1040 5645 λόγων
1081 5576 1372 5650 ὑπερϐολὴ,
1401 5577 1495 5631 καὶ
1521 5577 1627 5630 πᾶν
1656 5575 1786 5646 ὕψος
1811 5594 1933 5632 vor-

475 5776 519 5809 "
543 5776 703 5834 Prov.
724 5792 896 5844 xxvii,
931 5778 988 5835 2.

2043 4578 2337 4633 vastasset,
2369 4578 2423 4623 et
2451 4584 2575 4623 cum
2611 4568 2797 4623 omnia
2827 4568 2935 4623 illis
2965 4568 3033 4622 ad
3065 4570 3398 4625 voluntatem
3428 4570 3620 4627 ﬂuxis-

2042 4667 2194 4727 sent;
2228 4659 2341 4730 jam
2372 4659 2611 4729 serpenti
2646 4658 2792 4713 malo
2820 4657 3189 4728 objiciebatur
3216 4670 3406 4715 nostra
3439 4664 3615 4734 regio,

2042 4758 2102 4806 ut
2144 4750 2411 4820 proxima.
2443 4748 2586 4815 Quid
2630 4748 2797 4820 igitur
2825 4763 3057 4818 magnus
3090 4748 3351 4815 Basilius,
3392 4752 3621 4810 timidus

2041 4844 2155 4909 ille,
2201 4850 2260 4896 ut
2306 4842 2409 4897 iste
2449 4841 2707 4911 appellat,
2754 4848 2810 4897 et
2848 4841 3100 4912 pavidus,
3137 4849 3193 4896 et
3232 4843 3287 4897 in
3330 4847 3494 4900 rebus
3522 4862 3615 4899 ar-

2042 4933 2165 4988 duis
2203 4931 2501 4987 formidare
2544 4932 2766 4997 solitus,
2805 4939 2859 4987 et
2898 4932 3136 4987 obscuro
3172 4934 3389 4988 cuidam
3436 4936 3617 4993 domi-

2042 5026 2170 5080 cilio
2218 5040 2373 5080 suam
2418 5024 2651 5081 salutem
2701 5023 2970 5079 credens?
3013 5025 3095 5079 An
3145 5026 3327 5081 animo
3381 5028 3622 5085 concidit

2043 5117 2115 5172 ob
2159 5116 2487 5172 calamitatis
2534 5116 2684 5171 illius
2732 5116 3033 5185 impetum?
3078 5116 3162 5171 An
3216 5133 3278 5173 ea
3333 5135 3455 5189 quae
3496 5122 3621 5177 aliis

2041 5218 2339 5268 evenerunt
2382 5210 2634 5278 exemplo
2663 5218 2715 5261 et
2748 5210 3081 5264 documento
3122 5212 3226 5266 sibi
3272 5214 3466 5269 salutis
3495 5230 3622 5272 esse

2039 5304 2263 5359 voluit?
2305 5302 2445 5358 Num
2492 5302 2768 5372 acquievit
2817 5302 3035 5357 illorum
3077 5306 3326 5370 monitis,
3390 5309 3483 5378 qui
3528 5326 3624 5379 pu-

2040 5398 2229 5453 tabant
2262 5396 2330 5450 ad
2376 5396 2648 5450 modicum
2688 5403 2901 5465 tempus
2946 5394 3115 5451 furori
3172 5398 3387 5454 illorum
3422 5400 3622 5455 ceden-

2041 5489 2169 5544 dum
2215 5502 2374 5552 esse,
2430 5494 2485 5542 et
2534 5494 2593 5540 ut
2647 5502 2707 5542 se
2763 5502 2875 5542 non
2923 5489 3224 5559 cunjiceret
3267 5490 3320 5544 in
3372 5497 3622 5561 apertum

2040 5580 2343 5652 periculum
2375 5578 2695 5635 obsistendo
2717 5578 3035 5636 hominibus
3063 5580 3133 5636 ad
3167 5580 3369 5638 caedem
3402 5591 3457 5639 et
3489 5598 3621 5641 san.-
