4166 6372
570 357 671 415 29!

1810 350 1869 406 S.
1911 348 2237 409 GBEGOBII
2273 348 2571 405 NYSSENI

3730 352 3837 406 299..

569 472 784 545 guinem
827 466 1104 523 assuetis?
1146 466 1227 520 An
1275 464 1455 519 onmis
1497 464 1764 519 orationis
1810 465 1988 535 capia,
2016 482 2140 519 ver-

2250 464 2434 535 μάτων
2460 481 2517 517 τε
2538 463 2631 516 καὶ
2654 462 2912 533 ῥημάτων
2942 463 3090 516 κάτω
3119 481 3221 517 που
3265 465 3364 535 τῆς
3392 464 3650 534 ἀληθείας
3683 465 3833 530 ἐλέγ-

566 565 873 632 borumque
926 560 1143 630 pondus
1180 560 1280 611 hac
1330 558 1384 611 in
1432 573 1489 611 re
1524 558 1682 627 longe
1720 558 1898 611 minor
1952 566 2036 612 est
2096 566 2151 611 et

566 656 816 721 inferior,
872 668 1035 723 quam
1078 653 1154 707 rei
1201 659 1367 721 gesta:
1410 651 1654 703 veritas?
1698 649 1813 715 Qua
1849 650 1994 704 enim
2026 664 2150 703 Ora-

564 749 713 802 tione
762 744 1121 815 explicaverit
1147 743 1274 814 quis
1306 744 1455 796 illam
1488 742 1733 795 omnium
1775 741 2145 811 periculorum

564 840 983 913 despicientiam
1007 839 1030 891 ?
1058 836 1348 905 Quomodo
1391 836 1517 905 quis
1562 834 1738 888 oculis
1776 833 2052 902 subjiciat,
2093 841 2146 886 et

564 938 924 1004 repraesentet
990 944 1185 984 novam
1236 928 1406 990 illam,
1454 936 1507 983 et
1566 926 1839 980 insolitam
1880 940 2137 994 pugnam,

564 1042 726 1097 quam
773 1038 953 1094 neque
1000 1022 1069 1076 ab
1096 1020 1433 1083 hominibus,
1460 1034 1633 1089 neque
1663 1026 1852 1072 contra
1890 1017 2141 1069 homines

2248 572 2435 627 χεται;
2462 555 2586 618 Πῶς
2612 555 2720 626 ἀρα
2757 571 2839 617 τις
2885 555 3140 619 διεξέλθοι
3172 555 3249 625 τῷ
3273 556 3416 626 λόγῳ
3440 557 3537 625 τὴν
3566 557 3834 628 τοσαύτην

2246 647 2355 700 τῶν
2411 646 2655 717 φοϐερῶν
2696 647 3097 715 καταφρόνησιν
3128 664 3144 713 ς
3178 646 3304 711 [Ιῶς
3336 648 3401 701 άν
3450 666 3537 711 τις
3585 649 3678 702 ὑπ’
3714 650 3834 719 ὄψιν

2247 739 2441 807 ἀγάγοι
2490 738 2579 790 τὸν
2629 737 2813 791 καινὸν
2846 739 3053 791 ἐκεῖνον
3103 739 3310 807 ἀγῶνα,
3338 739 3397 792 ὃν
3421 739 3544 794 οὔτε
3574 741 3704 813 παρ’
3742 743 3809 795 ἀν

2245 830 2499 901 θρώπων,
2522 828 2644 882 οὔτε
2675 830 2811 899 πρὸς
2833 830 3154 904 ἀνθρώπους
3180 832 3405 892 εἰκότως
3437 834 3503 887 ἄν
3526 851 3612 897 τις
3635 836 3834 905 συστῆ-

2244 940 2333 975 ναι
2368 923 2614 992 φήσειεν,
2649 922 2762 975 ἀλλ’
2792 922 2993 993 ἀρετὴν
3025 922 3119 975 καὶ
3164 924 3475 994 παρρησίαν
3507 924 3833 997 Χριστιανοῦ

2246 1015 2381 1085 πρὸς
2418 1013 2733 1066 δυναστείαν
2754 1014 3000 1083 φονῶσαν
3028 1012 3507 1084 ἀνταγωνίζεσθαι.

564 1126 874 1186 susceptam
910 1114 1106 1169 merito
1131 1113 1256 1183 quis
1318 1112 1669 1171 aiiirmaverit
1729 1109 1825 1165 sed
1892 1108 2073 1179 potius
2144 1108 2402 1162 virtutem
2445 1116 2502 1163 et
2569 1108 2880 1163 libertatem
2933 1108 3244 1164 Christiani
3309 1118 3507 1165 contra
3570 1111 3834 1182 principis

560 1212 911 1273 violentiam,
958 1208 1126 1263 caedis
1178 1215 1232 1262 et
1289 1207 1577 1275 sanguinis
1633 1212 1999 1274 appetentem,
2044 1213 2288 1260 certasse
2339 1204 2573 1273 quilibet
2611 1204 2834 1259 dixerit.

636 1302 876 1356 Vocabat
905 1301 1056 1354 illum
1090 1298 1160 1353 ad
1200 1315 1259 1354 se
1290 1298 1601 1369 praefectus,
1646 1306 1998 1351 antevertens
2044 1296 2148 1349 im-

576 1395 851 1465 peratoris
899 1393 1245 1463 praesentiam
1300 1401 1353 1445 et
1404 1390 1717 1450 adventum,
1784 1389 2150 1457 imperatoris-

562 1506 671 1560 que
704 1489 1001 1559 potentiam
1040 1502 1137 1558 per
1172 1502 1231 1539 se
1264 1485 1692 1544 formidandam,
1731 1483 1997 1537 eﬂiciebat
2034 1482 2145 1535 for-

562 1581 967 1636 midabiliorem
1032 1579 1428 1650 suppliciorum
1480 1577 1865 1631 multitudine:
1927 1581 1980 1629 et
2024 1582 2146 1644 post

559 1672 683 1727 illas
734 1673 789 1725 in
839 1669 1091 1741 Bithynia
1164 1668 1481 1739 tragtedias,
1557 1668 1913 1738 devictosque
1985 1670 2143 1723 solita

558 1762 824 1817 facilitate
903 1759 1146 1821 Galatas,
1215 1760 1420 1813 nullius
1501 1760 1704 1828 negotii
1772 1761 2142 1823 existimabat,

2336 1295 2548 1349 Ἐκάλει
2584 1295 2682 1365 μὲν
2715 1295 2825 1366 γάρ
2873 1297 3008 1364 πρὸς
3053 1297 3241 1351 ἑαυτὸν
3280 1296 3567 1368 προλαϐών
3598 1293 3694 1364 τὴν
3736 1298 3831 1352 τοῦ

2254 1387 2518 1458 βασιλέως
2571 1388 2893 1441 ἐπιστασίαν
2925 1390 2953 1441 6
2998 1387 3246 1459 ὕπαρχος
3279 1405 3295 1421 ο
3322 1390 3415 1442 καὶ
3458 1390 3633 1453 ἄλλως
3669 1381 3832 1444 οὖσαν

2253 1480 2488 1551 φοϐερὰν
2518 1480 2605 1534 διὰ
2639 1482 2699 1534 τὸ
2732 1480 2961 1551 μέγεθος
2986 1480 3085 1551 τὴν
3125 1482 3322 1552 ἀρχὴν,
3354 1481 3735 1553 φοϐερωτέραν
3766 1488 3833 1557 τῇ

2252 1574 2466 1644 ἀφειδίᾳ
2507 1572 2616 1627 τῶν
2664 1572 2945 1645 τιμωριῶν
2996 1577 3361 1646 καταστήσας,
3412 1576 3505 1628 καὶ
3555 1575 3693 1647 μετά
3736 1577 3835 1639 τάς

2250 1666 2555 1738 τραγῳδίας
2604 1666 2836 1732 ὲκείνας,
2881 1665 2951 1729 ἃς
2983 1667 3124 1719 κατὰ
3158 1666 3407 1721 Βιθυνίαν
3445 1668 3825 1740 ἐξειργάσατο.

2250 1757 2507 1812 Γαλατῶν
2563 1758 2668 1811 ὑπὸ
2713 1758 2810 1829 τῆς
2844 1758 3105 1826 συνήθους
3125 1758 3373 1821 εὐκολίας
3418 1760 3627 1813 ἀκονιτὶ
3659 1779 3836 1831 παρα-

554 1856 722 1909 etiam
748 1852 890 1923 apud
925 1868 1025 1907 nos
1056 1852 1321 1906 arbitratu
1356 1865 1456 1906 suo
1501 1850 1769 1905 insanire.
1810 1852 1994 1907 Rebus
2025 1870 2145 1908 vero

2256 1851 2516 1915 στάντων,
2536 1850 2753 1920 ἕτοιμον
2787 1849 2941 1920 ᾠετο,
2980 1851 3073 1904 καὶ
3102 1851 3162 1904 τὸ
3196 1851 3317 1904 καθ’
3347 1853 3497 1923 ἡμᾶς
3526 1852 3673 1923 αὑτῷ
3699 1854 3835 1924 πρὸς

568 1947 773 2001 futuris
802 1945 1086 2000 exordium
1129 1945 1275 1999 dedit
1310 1944 1486 1998 oratio
1524 1945 1690 1998 minis
1750 1945 1911 1999 simul
1935 1956 1988 2001 et
2021 1962 2147 2016 pro-

557 2040 745 2094 missis
780 2039 971 2093 mista:
1007 2046 1063 2092 et
1096 2040 1140 2092 si
1173 2036 1392 2107 quidem
1430 2038 1836 2107 obtemperaret
1881 2039 2141 2104 Basilius,

559 2128 915 2197 promittebat
964 2128 1202 2181 honores
1235 2142 1423 2182 omnes
1447 2127 1514 2179 ab
1550 2128 1897 2198 imperatore,
1928 2136 1981 2182 et
2010 2145 2146 2199 prae-

560 2232 702 2276 terea
740 2220 996 2275 Ecclesiae
1036 2220 1467 2289 gubernaculum
1519 2228 1575 2275 et
1632 2222 1880 2287 clavum;
1916 2222 1959 2276 si
2006 2223 2146 2276 relu-

557 2322 823 2377 ctaretur,
866 2315 1207 2383 proponebat
1257 2313 1460 2373 omnia,
1508 2327 1628 2381 quze
1666 2313 1935 2367 acerbitas
1979 2312 2144 2365 animi

555 2421 681 2460 cum
712 2415 982 2475 potestate
1020 2404 1237 2475 quidvis
1266 2404 1459 2475 agendi
1498 2405 1797 2472 conjuncta
1828 2406 2145 2472 excogitare

556 2508 760 2570 potest.
790 2499 853 2553 Et
886 2501 977 2555 illa
1008 2502 1228 2571 quidem
1256 2497 1380 2569 qua:
1428 2499 1518 2552 isti
1550 2507 1780 2568 egerunt
1830 2497 2141 2566 hujusmodi

558 2593 735 2647 fuere.

630 2685 696 2738 At
724 2692 912 2738 noster
949 2690 1162 2737 tantum
1198 2681 1403 2743 abfuit,
1435 2688 1494 2734 ut
1534 2681 1604 2735 ob
1633 2696 1718 2743 ea,
1753 2696 1873 2749 qua:
1904 2679 2139 2744 videbat,

555 2776 642 2830 vel
678 2776 955 2838 audiebat,
988 2775 1185 2830 timore
1223 2773 1632 2844 percelleretur,
1668 2782 1725 2826 ut
1771 2773 1912 2828 sicut
1948 2773 2145 2842 aliquis

557 2867 824 2932 medicus,
852 2867 937 2920 vel
973 2865 1113 2920 (idus
1127 2864 1475 2919 consiliarius
1497 2865 1819 2927 accersitus,
1848 2878 1957 2933 quo
1982 2864 2145 2919 rebus

557 2958 863 3029 deploratis
896 2965 951 3012 et
985 2956 1250 3026 depositis
1278 2971 1434 3026 opem
1466 2954 1622 3021 ferat,
1661 2955 1932 3009 monuerit
1957 2955 2142 3009 etiam.

554 3060 612 3101 ut
649 3048 719 3102 ob
741 3063 804 3102 ea
831 3062 951 3117 quae
989 3053 1456 3118 perpetravcrant,
1489 3046 1859 3115 pamitentiam
1900 3050 2142 3114 agerent,

563 3146 617 3192 et
655 3137 724 3192 de
766 3147 964 3192 caalero
994 3143 1275 3191 cessarent
1309 3134 1375 3188 ad
1410 3134 1608 3189 caedem
1659 3148 1903 3204 qua-rere
1956 3148 2146 3188 servos

558 3229 689 3297 Dei;
719 3230 857 3284 nihil
896 3230 1043 3284 enim
1076 3227 1294 3284 efﬁcere
1336 3242 1431 3281 eos
1466 3240 1626 3295 posse
1657 3236 1847 3280 contra
1875 3226 2019 3288 illos,
2050 3226 2143 3293 qui

556 3321 734 3376 solum
768 3320 860 3374 Dei
908 3334 1135 3389 regnum
1181 3324 1461 3388 appetant,
1499 3326 1553 3371 et
1586 3316 1950 3371 immortalem
1997 3314 2142 3368 illaut

558 3411 669 3465 vim
710 3418 764 3463 et
826 3410 1123 3480 potentiam
1183 3409 1402 3462 colant:
1458 3423 1636 3477 neque
1686 3406 1831 3460 enim
1879 3420 1997 3468 eos,
2052 3405 2143 3474 qui

555 3503 773 3558 damnis
806 3502 906 3555 hos
938 3500 1159 3555 afficere
1192 3500 1379 3560 velint,
1409 3498 1687 3568 quidpiam
1716 3512 1878 3566 posse
1906 3497 2146 3566 reperire

554 3612 657 3651 seu
695 3596 902 3650 dictum
949 3610 1045 3647 seu
1098 3592 1324 3653 factum,
1370 3590 1515 3661 quod
1562 3590 1934 3644 Christianum
1988 3586 2145 3642 laedat

556 3689 645 3743 vel
693 3686 1015 3741 contristet.
1076 3684 1418 3749 Publicatio,
1471 3683 1668 3752 inquit,
1716 3682 1983 3735 bonorum
2033 3695 2142 3733 non

559 3781 716 3835 obest
743 3778 920 3848 ei,qui
940 3776 1110 3831 solam
1130 3775 1283 3830 [idem
1305 3775 1567 3845 possidet.
1594 3775 1856 3828 Exsilium
1891 3788 1995 3826 non
2031 3782 2143 3827 ter-

564 3871 729 3934 rebit,
755 3870 1039 3939 quitotum
1075 3874 1341 3920 terrarum
1373 3866 1561 3919 orbem
1606 3864 1791 3917 animo
1825 3878 1924 3916 suo
1954 3879 2145 3931 super-

557 3963 837 4035 greditur;
872 3968 925 4015 et
968 3960 1059 4029 qui
1092 3975 1307 4013 omnem
1338 3958 1610 4013 civitatem
1641 3963 1701 4008 ut
1728 3955 1980 4015 alienam,
2017 3969 2146 4023 pro—

559 4062 682 4126 pter
712 4062 926 4123 tempus
962 4052 1231 4106 incolatus
1255 4051 1361 4116 sui;
1379 4061 1429 4106 et
1470 4065 1663 4105 rursus
1687 4064 1923 4112 omnem,
1955 4056 2147 4117 utpro-

562 4149 737 4218 priam
761 4155 983 4217 propter
1014 4145 1380 4199 conditionem
1404 4143 1647 4212 ejusdem
1674 4151 1883 4197 natura:
1901 4152 1951 4196 et
1970 4150 2146 4196 status

562 4239 881 4293 arbitratur.
906 4236 1036 4291 Illud
1064 4244 1245 4289 autem
1262 4236 1467 4305 plagas,
1491 4235 1726 4297 labores,
1747 4240 1981 4289 mortem
2009 4233 2147 4286 tole-

562 4345 709 4393 rare,
749 4328 971 4399 quando
1008 4327 1061 4382 id
1116 4341 1215 4397 pro
1253 4326 1498 4380 veritatis
1543 4325 1862 4381 defensione
1889 4325 2143 4395 exigitur,

561 4439 632 4479 ne
658 4422 981 4477 mulieribus
1001 4420 1219 4490 quidem
1241 4426 1505 4473 terrorem
1530 4419 1772 4473 incutere
1795 4418 1965 4473 solet:
2000 4417 2143 4487 quod

2248 1942 2307 1993 τὸ
2342 1940 2534 1995 δοκοῦν
2567 1941 2993 2012 ἀπαντήσεσθαι.
3041 1941 3153 2011 Τῆς
3210 1942 3265 1994 δὲ
3310 1943 3418 1995 τῶν
3465 1943 3641 2015 ἔργων
3690 1947 3828 1997 ἀπο-

2249 2034 2449 2103 τομίας
2480 2033 2764 2106 προοίμιον
2789 2037 2817 2088 ό
2841 2034 2996 2102 λόγος
3030 2036 3237 2104 ἐγίνετο
3257 2075 3270 2098 ,
3302 2017 3550 2098 ἀπειλαῖς
3570 2034 3703 2107 όμοῦ
3740 2056 3835 2107 με-

2251 2125 2512 2195 μιγμένος
2536 2125 2629 2178 καὶ
2661 2125 3004 2196 ὑποσχέσεσιν
3038 2125 3311 2179 πεισθέντι
3349 2127 3446 2197 μὲν
3476 2128 3540 2181 ὲκ
3571 2127 3835 2197 βασιλέως

2247 2218 2433 2288 τιμὴν,
2465 2218 2557 2271 καὶ
2586 2218 2757 2289 ἀρχὴν
2784 2218 2881 2288 τῆς
2922 2217 3246 2287 Ἐκκλησίας
3272 2219 3597 2288 προτείνωνο
3622 2220 3833 2272 ἐνιστα-

2251 2311 2398 2381 μένῳ
2446 2310 2521 2373 δὲ,
2557 2312 2732 2364 πάντα
2776 2310 2877 2362 ὅσα
2912 2310 3110 2381 πικρία
3134 2309 3313 2380 ψυχῆς
3359 2311 3737 2381 προσλαϐοῦσα
3772 2312 3833 2363 τδ

2250 2402 2511 2456 δύνασθαι
2539 2405 2660 2455 κατ’
2689 2403 2938 2469 ἐξουσίαν
2970 2402 3303 2472 βουλεύεται.
3328 2403 3411 2456 Τά
3454 2404 3551 2475 μὲν
3576 2400 3669 2457 οῦν
3701 2406 3829 2475 παρ’

2249 2495 2471 2548 ἐκείνων
2502 2494 2750 2549 τοιαῦτα.

2328 2676 2387 2728 '0
2420 2675 2475 2729 δὲ
2502 2675 2769 2747 ἡμέτερος
2814 2674 3068 2730 τοσοῦτον
3107 2676 3344 2748 ἀπέσχεν
3376 2681 3457 2743 είς
3491 2680 3831 2751 κατάπληξίν

2248 2787 2366 2823 τινα
2392 2769 2481 2823 διὰ
2504 2769 2614 2822 τῶν
2657 2769 2949 2839 δρωμένων
2974 2810 2990 2835 ,
3022 2769 3055 2840 ἢ
3093 2771 3401 2841 λεγομένων
3452 2773 3653 2837 ὲλθεῖν,
3690 2774 3833 2826 ὥστε

2248 2862 2498 2933 καθάπερ
2525 2879 2608 2926 τις
2648 2862 2849 2933 ίατρὸς,
2880 2863 2911 2934 ἢ
2945 2863 3245 2934 σύμϐουλος
3280 2865 3480 2935 ἀγαθός
3504 2870 3583 2931 είς
3612 2867 3836 2939 διόρθω-

2251 2970 2335 3005 σιν
2392 2950 2883 3023 πλημμελημάτων
2940 2956 3349 3027 παρακληθεὶς,
3396 2960 3489 3012 καὶ
3537 2960 3676 3029 ὑπὲρ
3722 2958 3835 3011 τῶν

2248 3045 2585 3116 προτετολμη
2596 3045 2772 3116 μένων
2803 3047 2985 3109 αὐτοῖς
3012 3049 3439 3119 μεταγινώσκειν
3473 3051 3830 3115 ἐνεκελεύετο,

2249 3135 2343 3186 καὶ
2369 3132 2462 3186 τοῦ
2497 3132 2684 3186 λοιποῦ
2720 3134 3029 3189 παύσασθαι
3055 3140 3193 3190 κατά
3226 3140 3335 3191 τῶν
3366 3140 3566 3193 δούλων
3598 3140 3692 3193 τοῦ
3720 3143 3834 3194 Κυ-

2256 3226 2367 3297 ρίου
2408 3226 2684 3295 φονῶντας
2704 3244 2719 3259 ο
2744 3223 2881 3281 εἶναι
2908 3228 3016 3300 γάρ
3047 3214 3228 3295 αὑτοῖς
3254 3233 3355 3302 τῆς
3385 3232 3626 3295 ἐπινοίας
3673 3233 3832 3285 πλέον

2249 3318 2402 3373 οὐδὲν
2439 3318 2531 3372 ἐπὶ
2558 3320 2667 3373 τῶν
2697 3320 2863 3393 μόνην
2894 3321 2992 3389 τὴν
3023 3322 3114 3375 τοῦ
3150 3322 3284 3377 Θεοῦ
3324 3324 3619 3393 βασιλείαν,
3656 3326 3747 3378 καὶ
3772 3323 3834 3378 τδ

2250 3410 2517 3465 ἀθάνατον
2549 3412 2749 3483 κράτος
2790 3412 3212 3485 θεραπευόντων.
3255 3418 3408 3487 Μηδὲ
3436 3417 3545 3488 γὰρ
3575 3418 3830 3473 δύνασθαι

2249 3504 2376 3566 τοὺς
2432 3506 2749 3557 κακοποιεῖν
2801 3504 3154 3576 βουλομένους
3204 3508 3384 3579 εὑρεῖν
3431 3526 3483 3562 τι
3512 3509 3766 3567 τοιοῦτον.
3804 3510 3833 3563 δ

2248 3593 2478 3666 λυπήσει
2506 3596 2596 3649 τὸν
2630 3594 2993 3668 Χριστιανὸν,
3026 3599 3057 3668 ἢ
3090 3592 3288 3670 ρηθὲν,
3320 3599 3352 3670 ἢ
3409 3603 3832 3671 γινόμενον.Δή-

2253 3702 2444 3756 μευσις
2472 3686 2568 3756 οὐχ
2602 3686 2823 3756 ἅψεται,
2852 3688 3008 3758 φησὶ,
3036 3688 3130 3742 τοῦ
3165 3690 3330 3761 μόνην
3373 3692 3705 3761 κεκτημένου
3734 3693 3833 3762 τήν

2250 3778 2431 3830 πίστιν
2452 3793 2467 3809 ο
2504 3779 2873 3850 ὑπερορισμδς
2904 3780 2965 3833 οὑ
3017 3780 3241 3853 φοϐήσει
3271 3782 3362 3834 τὸν
3393 3781 3574 3853 πάσης
3598 3783 3696 3845 τῆς
3727 3783 3831 3853 γῆς

2254 3868 2391 3940 μετά
2439 3869 2538 3939 τῆς
2590 3870 2759 3941 αὐτῆς
2786 3871 3010 3943 γνώμης
3056 3872 3484 3926 ἐπιϐατεύοντα⁸
3524 3873 3616 3926 καὶ
3651 3877 3831 3928 πᾶσαν

2254 3960 2354 4032 μὲν
2378 3960 2453 4023 ὼς
2477 3960 2766 4032 ἀλλοτρίαν
2794 3963 2882 4016 διά
2903 3963 2964 4015 τὸ
3000 3962 3329 4035 πρόσκαιρον
3358 3963 3457 4033 τῆς
3484 3965 3829 4035 ἐνοικήσεως,

2249 4054 2433 4106 πᾶσαν
2465 4053 2523 4106 δὲ
2564 4053 2720 4106 πόλιν
2778 4054 2854 4118 ὡς
2903 4055 3141 4119 οἰκείαν,
3175 4055 3261 4109 διὰ
3306 4054 3368 4107 τὸ
3414 4055 3697 4126 ὁμόδουλον
3732 4057 3834 4126 τῆς

2250 4145 2502 4210 κτίσεως,
2527 4145 2809 4216 βλέποντα.
2835 4147 2907 4199 Τὸ
2928 4147 3000 4206 δὲ,
3027 4147 3260 4218 πληγὰς,
3290 4148 3323 4218 ἢ
3356 4148 3568 4212 πόνους,
3598 4148 3630 4218 ἢ
3670 4147 3835 4201 θάνα-

2249 4254 2341 4292 τον
2380 4238 2700 4308 ὑποστῆναι,
2735 4239 2861 4291 ὅταν
2915 4238 3054 4310 ὑπὲρ
3086 4239 3188 4309 τῆς
3237 4239 3493 4311 ἀληθείας
3534 4242 3663 4310 ἐξῇ,
3694 4241 3832 4311 μηδὲ

2249 4328 2463 4398 γυναιξὶ
2490 4330 2647 4383 τοῦτο
2685 4330 2848 4399 φόϐον
2878 4330 3154 4402 παρέχειν.
3204 4331 3341 4383 Ἀλλ’
3366 4328 3504 4385 εἶναι
3538 4334 3669 4384 πᾶσι
3698 4332 3833 4401 Χρι-

2251 4424 2487 4485 στιανοῖς
2534 4421 2625 4475 τὸν
2673 4423 2931 4476 ἀνωτάτω
2983 4422 3080 4493 τῆς
3114 4422 3405 4494 εὑκληρίας
3433 4424 3577 4495 ὅρον,
3605 4423 3666 4475 τὸ
3689 4424 3831 4495 ὑπὲρ

560 4528 753 4567 omnes
795 4512 1092 4567 Christiani
1149 4525 1376 4566 summa}
1426 4509 1704 4566 felicitatis
1751 4511 1870 4567 loco
1916 4512 2140 4575 ducant,

2250 4514 2346 4582 τῆς
2367 4511 2581 4575 ἐλπίδος
2609 4530 2661 4565 τι
2686 4512 2889 4583 ταύτης
2909 4510 3016 4564 τῶν
3055 4514 3368 4585 ἀνηκέστων
3398 4514 3589 4569 παθεῖν
3608 4531 3621 4543 ·
3645 4514 3833 4567 λυπεῖ-

563 4605 928 4660 intolcrabilia
961 4605 1124 4659 etiam
1157 4603 1345 4658 subire
1374 4611 1667 4665 tormenta.
1697 4620 1800 4674 pro
1848 4620 1944 4677 spe
1991 4605 2143 4659 illius

561 4700 705 4754 vitae.
771 4698 1005 4752 Tantum
1050 4712 1145 4752 eos
1190 4698 1378 4751 dolere
1428 4697 1679 4763 dicebat,
1746 4699 1891 4767 quod
1951 4707 2146 4752 natura

562 4805 726 4844 unam
765 4796 974 4842 tantum
1026 4796 1255 4842 mortem
1295 4787 1530 4857 singulis
1570 4789 1928 4851 decrevisset,
1970 4805 2147 4859 neque

563 4881 766 4950 saepius
797 4878 1077 4933 moriendo
1107 4879 1296 4933 liceret
1328 4894 1425 4947 pro
1458 4878 1687 4933 veritate
1707 4880 1990 4935 dimicare.

634 4971 771 5025 Cum
802 4986 963 5040 porro
983 4969 1217 5025 Basilius
1236 4970 1381 5024 hunc
1408 4970 1459 5023 iu
1486 4971 1704 5025 modum
1719 4973 1958 5025 animum
1988 4988 2146 5027 suum

565 5071 757 5117 contra
804 5062 982 5117 minas
1014 5063 1341 5125 intenderet,
1389 5073 1445 5117 et
1474 5078 1688 5117 omnem
1728 5062 1925 5118 fastum
1967 5076 2150 5134 poten-

566 5157 656 5209 tia:
686 5162 741 5210 et
775 5155 984 5223 imperii
1019 5155 1173 5208 nihili
1210 5154 1509 5224 penderet:
1544 5169 1671 5208 mox
1706 5163 1764 5208 ut
1806 5156 1859 5208 in
1886 5159 2146 5215 scena.iu

568 5248 873 5315 repentinis
913 5258 1273 5316 personarum
1315 5246 1732 5308 mutationibus,
1764 5248 1867 5300 alia
1914 5264 2013 5317 pro
2042 5250 2147 5302 alia

568 5339 923 5411 producitur:
956 5339 1147 5393 eodem
1188 5339 1348 5393 modo
1376 5349 1429 5393 et
1472 5339 1559 5392 hic
1600 5339 1867 5409 asperitas
1902 5341 2146 5396 inimico-

567 5447 689 5485 rum
732 5432 787 5485 in
840 5430 1139 5486 blanditias
1188 5446 1454 5486 conversa
1490 5441 1605 5486 est:
1660 5440 1979 5503 mutataque
2024 5450 2152 5489 ora-

569 5525 719 5579 tione
766 5525 833 5587 is,
885 5525 978 5596 qui
1020 5538 1085 5578 eo
1136 5540 1311 5594 usque
1349 5524 1623 5580 terrificus
1674 5533 1731 5581 et
1780 5528 2149 5585 minabundus

571 5615 770 5679 fuerat,
832 5615 897 5668 ad
941 5614 1169 5668 blandos
1228 5622 1281 5669 et
1337 5617 1644 5671 moderatos
1694 5631 1979 5673 sermones
2029 5634 2149 5674 sese

573 5707 855 5760 transfert.
887 5703 966 5759 Ne
1000 5712 1079 5769 tu,
1119 5704 1316 5773 inquit,
1349 5692 1501 5759 nihili
1537 5706 1706 5761 facias
1737 5707 1882 5776 quod
1908 5722 2149 5779 ntagnus

576 5793 871 5866 iritperator
899 5804 992 5852 tuo
1031 5796 1232 5868 populo
1268 5797 1431 5854 inseri
1458 5798 1638 5868 cupit:
1670 5797 1803 5870 quin
1834 5799 2015 5869 potius
2048 5813 2149 5870 pa-

2251 4603 2377 4657 σθαι
2414 4604 2574 4676 μόνον
2633 4605 2837 4673 ἔλεγεν,
2867 4605 2947 4657 ὅτι
2995 4599 3075 4669 είς
3106 4606 3252 4659 ἐστιν
3293 4607 3350 4659 ὲν
3376 4608 3441 4677 τῇ
3482 4606 3640 4674 φύσει
3681 4607 3709 4658 ὁ
3739 4605 3829 4671 θάτ

2249 4713 2443 4759 νατος,
2500 4697 2593 4750 καὶ
2649 4696 2907 4767 οὐδεμίαν
2962 4695 3210 4767 μηχανὴν
3262 4696 3563 4768 ἐξευρίσκει
3619 4696 3833 4760 πολλοῖς

2247 4789 2540 4861 δυνηθῆναι
2565 4789 2815 4854 θανάτοις
2841 4790 2938 4860 τῆς
2965 4788 3219 4861 ἀληθείας
3258 4789 3754 4862 προαγωνίσασθαι.

2320 4969 2478 5023 Οὕτω
2515 4969 2573 5023 δὲ
2611 4968 2775 5023 αὑτοῦ
2827 4970 2962 5043 πρὸς
2994 4970 3094 5034 τάς
3135 4969 3362 5034 ἀπειλὰς
3399 4971 3614 5033 ὲκείνας
3645 4971 3833 5024 ἑαυτὸν

2250 5062 2583 5131 ἐπαίροντος,
2602 5063 2899 5116 καὶ-πάντα
2927 5064 3017 5116 τὸν
3044 5064 3206 5129 δγκον
3229 5066 3328 5135 τῆς
3354 5064 3668 5127 δυναστείας
3686 5065 3830 5117 ὲκεί-

2249 5172 2348 5225 νης
2377 5156 2492 5207 ἀντ’
2525 5154 2737 5217 οὐδενὸς
2776 5154 3214 5225 παραϐλέποντος
3237 5170 3251 5184 '
3274 5154 3461 5226 ῶσπερ
3495 5156 3588 5208 ért't
3629 5156 3832 5224 σκηνῆς

2251 5245 2463 5314 ἀθρόως
2502 5247 2560 5297 ἐν
2604 5248 2724 5309 ταῖς
2779 5245 2888 5298 τῶν
2944 5245 3249 5317 προσώπων
3296 5248 3666 5317 ὑπαλλαγαῖς,
3715 5248 3830 5302 ἀνθ’

2252 5337 2453 5406 ἑτέρων
2481 5338 2641 5408 ἕτερα
2669 5337 2944 5393 δείκνυται
2962 5355 2976 5369 ³
3009 5337 3099 5391 τὸν
3118 5339 3279 5392 αὑτὸν
3303 5340 3523 5412 τρόπον,
3559 5340 3653 5393 καὶ
3682 5342 3715 5411 ἡ
3740 5358 3833 5393 πι-

2252 5428 2382 5500 κρία
2412 5428 2517 5481 τῶν
2554 5428 2791 5481 ἀπειλῶν
2818 5431 2897 5493 είς
2936 5429 3222 5484 κολακείαν
3254 5433 3705 5501 μετεσκευάζετο·
3739 5432 3834 5487 καὶ

2255 5521 2603 5591 μεταϐάλλων
2650 5523 2677 5574 6
2729 5520 2865 5584 τέως
2900 5520 3102 5592 βαρὺς,
3136 5524 3230 5575 καὶ
3280 5523 3718 5593 καταπληκτικὸς
3754 5522 3834 5594 τῷ

2253 5612 2579 5683 φρονήματι,
2606 5613 2730 5675 τοὺς
2754 5614 3017 5676 ἐπιεικεῖς
3053 5630 3113 5666 τε
3145 5615 3238 5667 καὶ
3259 5615 3582 5685 ὑφειμένους
3610 5616 3718 5667 τῶν
3740 5614 3829 5668 λό-

2251 5706 2502 5773 γων-Σὺ
2559 5707 2636 5769 δὲ,
2688 5708 2845 5777 φησὶ,
2898 5706 2971 5778 μὴ
3021 5708 3214 5779 μικρὸν
3260 5709 3413 5763 ποιοῦ
3468 5708 3689 5779 βασιλέα
3739 5706 3832 5763 τὸν

2255 5797 2430 5869 μέγαν
2461 5797 2539 5870 τῷ
2573 5798 2651 5871 σῷ
2671 5801 3073 5873 καταμιχθῆναι
3114 5802 3250 5876 λαῷ.
3270 5802 3429 5857 Ἀλλὰ
3458 5800 3607 5868 δέξαι
3637 5800 3828 5856 κάκεί-
