  <div class='ocr_page' id='page_1' title='image "/cluster/home/n/w/nwhite01/storage/ocr_20150623/45/nnc1.0046978445/158.png"; bbox 0 0 4166 6372; ppageno 0'>
   <div class='ocr_carea' id='block_1_1' title="bbox 461 330 568 385">
    <p class='ocr_par' dir='ltr' id='par_1_1' title="bbox 461 330 568 385">
     <span class='ocr_line' id='line_1_1' title="bbox 461 330 568 385; baseline -0.019 0"><span class='ocrx_word' id='word_1_1' title='bbox 461 330 568 385; x_wconf 65' lang='lat'><strong>295</strong></span> 
     </span>
    </p>
   </div>
   <div class='ocr_carea' id='block_1_2' title="bbox 1615 333 2533 404">
    <p class='ocr_par' dir='ltr' id='par_1_2' title="bbox 1615 333 2533 404">
     <span class='ocr_line' id='line_1_2' title="bbox 1615 333 2533 404; baseline 0 -9"><span class='ocrx_word' id='word_1_2' title='bbox 1615 336 1898 395; x_wconf 77' lang='lat' dir='ltr'><strong>CONTRA</strong></span> <span class='ocrx_word' id='word_1_3' title='bbox 1922 333 2309 404; x_wconf 80' lang='lat' dir='ltr'><strong>EUNOMIUM,</strong></span> <span class='ocrx_word' id='word_1_4' title='bbox 2340 339 2467 395; x_wconf 87' lang='lat' dir='ltr'><strong>LIB.</strong></span> <span class='ocrx_word' id='word_1_5' title='bbox 2497 341 2533 395; x_wconf 91' lang='grc'><strong>1.</strong></span> 
     </span>
    </p>
   </div>
   <div class='ocr_carea' id='block_1_3' title="bbox 3624 333 3727 386">
    <p class='ocr_par' dir='ltr' id='par_1_3' title="bbox 3624 333 3727 386">
     <span class='ocr_line' id='line_1_3' title="bbox 3624 333 3727 386; baseline 0 0"><span class='ocrx_word' id='word_1_6' title='bbox 3624 333 3727 386; x_wconf 63' lang='grc'><strong>231</strong></span> 
     </span>
    </p>
   </div>
   <div class='ocr_carea' id='block_1_4' title="bbox 465 455 2061 531">
    <p class='ocr_par' dir='ltr' id='par_1_4' title="bbox 465 455 2050 529">
     <span class='ocr_line' id='line_1_4' title="bbox 465 455 2050 529; baseline -0.003 -16"><span class='ocrx_word' id='word_1_7' title='bbox 465 476 561 514; x_wconf 87' lang='grc' dir='ltr'><strong>νου</strong></span> <span class='ocrx_word' id='word_1_8' title='bbox 611 458 878 529; x_wconf 84' lang='grc' dir='ltr'><strong>κληθῆναι</strong></span> <span class='ocrx_word' id='word_1_9' title='bbox 912 456 1250 521; x_wconf 82' lang='grc' dir='ltr'><strong>διδάσκαλος,</strong></span> <span class='ocrx_word' id='word_1_10' title='bbox 1286 457 1421 528; x_wconf 80' lang='grc' dir='ltr'><strong>μηδὲ</strong></span> <span class='ocrx_word' id='word_1_11' title='bbox 1468 457 1693 527; x_wconf 82' lang='grc' dir='ltr'><strong>ἀντιϐῇς</strong></span> <span class='ocrx_word' id='word_1_12' title='bbox 1734 457 1813 529; x_wconf 82' lang='grc' dir='ltr'><strong>τῷ</strong></span> <span class='ocrx_word' id='word_1_13' title='bbox 1856 455 2050 526; x_wconf 85' lang='grc' dir='ltr'><strong>βουλή-</strong></span> 
     </span>
    </p>
   </div>
   <div class='ocr_carea' id='block_1_5' title="bbox 2163 455 3730 531">
    <p class='ocr_par' dir='ltr' id='par_1_5' title="bbox 2163 456 3730 531">
     <span class='ocr_line' id='line_1_5' title="bbox 2163 456 3730 531; baseline 0.003 -23"><span class='ocrx_word' id='word_1_14' title='bbox 2163 456 2293 513; x_wconf 78' lang='lat' dir='ltr'><strong>tiare</strong></span> <span class='ocrx_word' id='word_1_15' title='bbox 2333 459 2507 529; x_wconf 86' lang='lat' dir='ltr'><strong>ipsius</strong></span> <span class='ocrx_word' id='word_1_16' title='bbox 2549 472 2767 528; x_wconf 91' lang='lat' dir='ltr'><strong>quoque</strong></span> <span class='ocrx_word' id='word_1_17' title='bbox 2800 457 3057 531; x_wconf 90' lang='lat' dir='ltr'><strong>magister</strong></span> <span class='ocrx_word' id='word_1_18' title='bbox 3096 459 3389 523; x_wconf 89' lang='lat' dir='ltr'><strong>nominari,</strong></span> <span class='ocrx_word' id='word_1_19' title='bbox 3422 475 3599 530; x_wconf 87' lang='lat' dir='ltr'><strong>nequc</strong></span> <span class='ocrx_word' id='word_1_20' title='bbox 3640 474 3730 512; x_wconf 79' lang='lat' dir='ltr'><strong>re-</strong></span> 
     </span>
    </p>
   </div>
   <div class='ocr_carea' id='block_1_6' title="bbox 470 548 2048 623">
    <p class='ocr_par' dir='ltr' id='par_1_6' title="bbox 470 548 2048 623">
     <span class='ocr_line' id='line_1_6' title="bbox 470 548 2048 623; baseline -0.002 -19"><span class='ocrx_word' id='word_1_21' title='bbox 470 567 634 623; x_wconf 84' lang='grc' dir='ltr'><strong>ματι·</strong></span> <span class='ocrx_word' id='word_1_22' title='bbox 684 550 932 621; x_wconf 82' lang='grc' dir='ltr'><strong>βούλεται</strong></span> <span class='ocrx_word' id='word_1_23' title='bbox 981 549 1038 601; x_wconf 82' lang='grc' dir='ltr'><strong>δὲ</strong></span> <span class='ocrx_word' id='word_1_24' title='bbox 1085 548 1283 620; x_wconf 80' lang='grc' dir='ltr'><strong>μικροῦ</strong></span> <span class='ocrx_word' id='word_1_25' title='bbox 1326 566 1470 612; x_wconf 87' lang='grc' dir='ltr'><strong>τινος</strong></span> <span class='ocrx_word' id='word_1_26' title='bbox 1515 548 1624 602; x_wconf 85' lang='grc' dir='ltr'><strong>τῶν</strong></span> <span class='ocrx_word' id='word_1_27' title='bbox 1664 549 1723 603; x_wconf 81' lang='grc' dir='ltr'><strong>ἐν</strong></span> <span class='ocrx_word' id='word_1_28' title='bbox 1760 552 1824 620; x_wconf 83' lang='grc' dir='ltr'><strong>τῇ</strong></span> <span class='ocrx_word' id='word_1_29' title='bbox 1869 550 2048 603; x_wconf 81' lang='grc' dir='ltr'>πίστει</span> 
     </span>
    </p>
   </div>
   <div class='ocr_carea' id='block_1_7' title="bbox 467 640 2051 715">
    <p class='ocr_par' dir='ltr' id='par_1_7' title="bbox 467 640 2051 715">
     <span class='ocr_line' id='line_1_7' title="bbox 467 640 2051 715; baseline -0.002 -18"><span class='ocrx_word' id='word_1_30' title='bbox 467 643 869 715; x_wconf 79' lang='grc' dir='ltr'><strong>γεγραμμένων</strong></span> <span class='ocrx_word' id='word_1_31' title='bbox 939 640 1327 711; x_wconf 84' lang='grc' dir='ltr'><strong>ύφαιρεθέντος</strong></span> <span class='ocrx_word' id='word_1_32' title='bbox 1385 641 1488 710; x_wconf 85' lang='grc' dir='ltr'><strong>τῆς</strong></span> <span class='ocrx_word' id='word_1_33' title='bbox 1558 640 1655 694; x_wconf 89' lang='grc' dir='ltr'><strong>τοῦ</strong></span> <span class='ocrx_word' id='word_1_34' title='bbox 1722 641 2051 710; x_wconf 82' lang='grc' dir='ltr'><strong>όμοουσίου</strong></span> 
     </span>
    </p>
   </div>
   <div class='ocr_carea' id='block_1_8' title="bbox 468 733 2051 805">
    <p class='ocr_par' dir='ltr' id='par_1_8' title="bbox 468 733 2051 805">
     <span class='ocr_line' id='line_1_8' title="bbox 468 733 2051 805; baseline -0.003 -14"><span class='ocrx_word' id='word_1_35' title='bbox 468 736 668 801; x_wconf 81' lang='grc' dir='ltr'><strong>λέξεως</strong></span> <span class='ocrx_word' id='word_1_36' title='bbox 686 774 701 800; x_wconf 88' lang='grc'><strong>,</strong></span> <span class='ocrx_word' id='word_1_37' title='bbox 735 733 895 789; x_wconf 89' lang='grc' dir='ltr'><strong>τοῦτο</strong></span> <span class='ocrx_word' id='word_1_38' title='bbox 926 733 1201 803; x_wconf 85' lang='grc' dir='ltr'><strong>γενέσθαι.</strong></span> <span class='ocrx_word' id='word_1_39' title='bbox 1245 734 1405 787; x_wconf 79' lang='grc' dir='ltr'><strong>Ἀλλά</strong></span> <span class='ocrx_word' id='word_1_40' title='bbox 1427 734 1488 787; x_wconf 83' lang='grc' dir='ltr'><strong>τὸ</strong></span> <span class='ocrx_word' id='word_1_41' title='bbox 1511 736 1608 804; x_wconf 84' lang='grc' dir='ltr'><strong>μὲν</strong></span> <span class='ocrx_word' id='word_1_42' title='bbox 1640 736 1927 805; x_wconf 80' lang='grc' dir='ltr'><strong>μετασχεῖν</strong></span> <span class='ocrx_word' id='word_1_43' title='bbox 1952 734 2051 805; x_wconf 82' lang='grc' dir='ltr'><strong>τῆς</strong></span> 
     </span>
    </p>
   </div>
   <div class='ocr_carea' id='block_1_9' title="bbox 482 823 2053 899">
    <p class='ocr_par' dir='ltr' id='par_1_9' title="bbox 482 823 2053 899">
     <span class='ocr_line' id='line_1_9' title="bbox 482 823 2053 899; baseline -0.003 -17"><span class='ocrx_word' id='word_1_44' title='bbox 482 827 806 899; x_wconf 82' lang='grc' dir='ltr'><strong>Ἐκκλησίας</strong></span> <span class='ocrx_word' id='word_1_45' title='bbox 837 827 929 879; x_wconf 81' lang='grc' dir='ltr'><strong>τὸν</strong></span> <span class='ocrx_word' id='word_1_46' title='bbox 965 826 1209 897; x_wconf 81' lang='grc' dir='ltr'><strong>βασιλέα,</strong></span> <span class='ocrx_word' id='word_1_47' title='bbox 1228 826 1335 879; x_wconf 91' lang='grc' dir='ltr'><strong>τῶν</strong></span> <span class='ocrx_word' id='word_1_48' title='bbox 1354 828 1626 898; x_wconf 82' lang='grc' dir='ltr'><strong>μεγίστων</strong></span> <span class='ocrx_word' id='word_1_49' title='bbox 1658 823 1798 881; x_wconf 78' lang='grc' dir='ltr'><strong>εἶναι</strong></span> <span class='ocrx_word' id='word_1_50' title='bbox 1838 826 1998 881; x_wconf 83' lang='grc' dir='ltr'><strong>πάλιν</strong></span> <span class='ocrx_word' id='word_1_51' title='bbox 2024 828 2053 879; x_wconf 90' lang='lat'><strong>6</strong></span> 
     </span>
    </p>
   </div>
   <div class='ocr_carea' id='block_1_10' title="bbox 470 916 2053 989">
    <p class='ocr_par' dir='ltr' id='par_1_10' title="bbox 470 916 2053 989">
     <span class='ocr_line' id='line_1_10' title="bbox 470 916 2053 989; baseline -0.001 -17"><span class='ocrx_word' id='word_1_52' title='bbox 470 917 790 981; x_wconf 83' lang='grc' dir='ltr'><strong>διδάσκαλος</strong></span> <span class='ocrx_word' id='word_1_53' title='bbox 819 917 1198 987; x_wconf 84' lang='grc' dir='ltr'><strong>ἀποκρίνεται.</strong></span> <span class='ocrx_word' id='word_1_54' title='bbox 1233 917 1395 986; x_wconf 85' lang='grc' dir='ltr'><strong>Μέγα</strong></span> <span class='ocrx_word' id='word_1_55' title='bbox 1422 918 1551 989; x_wconf 86' lang='grc' dir='ltr'><strong>γὰρ,</strong></span> <span class='ocrx_word' id='word_1_56' title='bbox 1592 919 1746 988; x_wconf 70' lang='grc' dir='ltr'><strong>φησι,</strong></span> <span class='ocrx_word' id='word_1_57' title='bbox 1781 918 1840 971; x_wconf 83' lang='grc' dir='ltr'><strong>τὸ</strong></span> <span class='ocrx_word' id='word_1_58' title='bbox 1873 916 2053 987; x_wconf 82' lang='grc' dir='ltr'><strong>ψυχὴν</strong></span> 
     </span>
    </p>
   </div>
   <div class='ocr_carea' id='block_1_11' title="bbox 472 1009 2054 1082">
    <p class='ocr_par' dir='ltr' id='par_1_11' title="bbox 472 1009 2054 1082">
     <span class='ocr_line' id='line_1_11' title="bbox 472 1009 2054 1082; baseline -0.001 -19"><span class='ocrx_word' id='word_1_59' title='bbox 472 1010 881 1082; x_wconf 82' lang='grc' dir='ltr'><strong>περισώσασθαι</strong></span> <span class='ocrx_word' id='word_1_60' title='bbox 908 1027 922 1041; x_wconf 74' lang='grc' dir='ltr'><strong>ο</strong></span> <span class='ocrx_word' id='word_1_61' title='bbox 959 1010 1059 1080; x_wconf 83' lang='grc' dir='ltr'><strong>οὐχ</strong></span> <span class='ocrx_word' id='word_1_62' title='bbox 1106 1010 1187 1063; x_wconf 81' lang='grc' dir='ltr'><strong>ὅτι</strong></span> <span class='ocrx_word' id='word_1_63' title='bbox 1218 1009 1508 1080; x_wconf 88' lang='grc' dir='ltr'><strong>βασιλέως,</strong></span> <span class='ocrx_word' id='word_1_64' title='bbox 1536 1010 1649 1065; x_wconf 85' lang='grc' dir='ltr'><strong>ἀλλ’</strong></span> <span class='ocrx_word' id='word_1_65' title='bbox 1671 1012 1754 1064; x_wconf 85' lang='grc' dir='ltr'><strong>ὅτι</strong></span> <span class='ocrx_word' id='word_1_66' title='bbox 1788 1009 1923 1074; x_wconf 83' lang='grc' dir='ltr'><strong>ὅλως</strong></span> <span class='ocrx_word' id='word_1_67' title='bbox 1967 1010 2054 1063; x_wconf 82' lang='grc' dir='ltr'><strong>ἀν·</strong></span> 
     </span>
    </p>
   </div>
   <div class='ocr_carea' id='block_1_12' title="bbox 471 1100 2054 1175">
    <p class='ocr_par' dir='ltr' id='par_1_12' title="bbox 471 1100 2054 1175">
     <span class='ocr_line' id='line_1_12' title="bbox 471 1100 2054 1175; baseline 0 -20"><span class='ocrx_word' id='word_1_68' title='bbox 471 1101 710 1173; x_wconf 87' lang='grc' dir='ltr'><strong>θρώπου.</strong></span> <span class='ocrx_word' id='word_1_69' title='bbox 744 1102 853 1173; x_wconf 87' lang='grc' dir='ltr'><strong>Τῆς</strong></span> <span class='ocrx_word' id='word_1_70' title='bbox 879 1100 936 1154; x_wconf 80' lang='grc' dir='ltr'><strong>δὲ</strong></span> <span class='ocrx_word' id='word_1_71' title='bbox 968 1101 1205 1165; x_wconf 90' lang='grc' dir='ltr'><strong>πίστεως</strong></span> <span class='ocrx_word' id='word_1_72' title='bbox 1237 1100 1488 1156; x_wconf 89' lang='grc' dir='ltr'><strong>τοσοῦτον</strong></span> <span class='ocrx_word' id='word_1_73' title='bbox 1535 1103 1793 1173; x_wconf 74' lang='grc' dir='ltr'><strong>ἀποσχεῖν</strong></span> <span class='ocrx_word' id='word_1_74' title='bbox 1828 1103 2054 1175; x_wconf 84' lang='grc' dir='ltr'><strong>ὑφαίρε-</strong></span> 
     </span>
    </p>
   </div>
   <div class='ocr_carea' id='block_1_13' title="bbox 474 1193 2052 1266">
    <p class='ocr_par' dir='ltr' id='par_1_13' title="bbox 474 1193 2052 1266">
     <span class='ocr_line' id='line_1_13' title="bbox 474 1193 2052 1266; baseline 0 -19"><span class='ocrx_word' id='word_1_75' title='bbox 474 1209 584 1259; x_wconf 88' lang='grc' dir='ltr'><strong>σιν,</strong></span> <span class='ocrx_word' id='word_1_76' title='bbox 611 1194 644 1264; x_wconf 80' lang='grc' dir='ltr'><strong>ἢ</strong></span> <span class='ocrx_word' id='word_1_77' title='bbox 682 1194 999 1266; x_wconf 84' lang='grc' dir='ltr'><strong>προσθήκην</strong></span> <span class='ocrx_word' id='word_1_78' title='bbox 1020 1194 1373 1264; x_wconf 83' lang='grc' dir='ltr'><strong>ποιήσασθαι,</strong></span> <span class='ocrx_word' id='word_1_79' title='bbox 1410 1193 1487 1257; x_wconf 88' lang='grc' dir='ltr'><strong>ὼς</strong></span> <span class='ocrx_word' id='word_1_80' title='bbox 1520 1194 1655 1265; x_wconf 87' lang='grc' dir='ltr'><strong>μηδὲ</strong></span> <span class='ocrx_word' id='word_1_81' title='bbox 1684 1194 1781 1265; x_wconf 81' lang='grc' dir='ltr'><strong>τὴν</strong></span> <span class='ocrx_word' id='word_1_82' title='bbox 1807 1194 1959 1259; x_wconf 81' lang='grc' dir='ltr'><strong>τάξιν</strong></span> <span class='ocrx_word' id='word_1_83' title='bbox 1986 1194 2052 1247; x_wconf 83' lang='grc' dir='ltr'><strong>ἂν</strong></span> 
     </span>
    </p>
   </div>
   <div class='ocr_carea' id='block_1_14' title="bbox 472 1283 2053 1355">
    <p class='ocr_par' dir='ltr' id='par_1_14' title="bbox 472 1283 2053 1355">
     <span class='ocr_line' id='line_1_14' title="bbox 472 1283 2053 1355; baseline 0.001 -17"><span class='ocrx_word' id='word_1_84' title='bbox 472 1284 772 1348; x_wconf 78' lang='grc' dir='ltr'><strong>ὑπαλλάξαι</strong></span> <span class='ocrx_word' id='word_1_85' title='bbox 810 1283 917 1337; x_wconf 89' lang='grc' dir='ltr'><strong>τῶν</strong></span> <span class='ocrx_word' id='word_1_86' title='bbox 964 1284 1381 1355; x_wconf 81' lang='grc' dir='ltr'><strong>γεγραμμένων.</strong></span> <span class='ocrx_word' id='word_1_87' title='bbox 1414 1286 1599 1339; x_wconf 87' lang='grc' dir='ltr'><strong>Ταῦτα</strong></span> <span class='ocrx_word' id='word_1_88' title='bbox 1628 1288 1656 1339; x_wconf 93' lang='lat'><strong>6</strong></span> <span class='ocrx_word' id='word_1_89' title='bbox 1684 1286 1854 1350; x_wconf 85' lang='grc' dir='ltr'><strong>δειλός</strong></span> <span class='ocrx_word' id='word_1_90' title='bbox 1876 1304 1934 1339; x_wconf 90' lang='grc' dir='ltr'><strong>τε</strong></span> <span class='ocrx_word' id='word_1_91' title='bbox 1961 1286 2053 1339; x_wconf 76' lang='grc' dir='ltr'><strong>καὶ</strong></span> 
     </span>
    </p>
   </div>
   <div class='ocr_carea' id='block_1_15' title="bbox 472 1374 2050 1448">
    <p class='ocr_par' dir='ltr' id='par_1_15' title="bbox 472 1374 2050 1448">
     <span class='ocr_line' id='line_1_15' title="bbox 472 1374 2050 1448; baseline 0.002 -21"><span class='ocrx_word' id='word_1_92' title='bbox 472 1374 753 1445; x_wconf 79' lang='grc' dir='ltr'><strong>ἄνανδρος,</strong></span> <span class='ocrx_word' id='word_1_93' title='bbox 785 1375 879 1427; x_wconf 77' lang='grc' dir='ltr'><strong>καὶ</strong></span> <span class='ocrx_word' id='word_1_94' title='bbox 913 1374 1048 1445; x_wconf 83' lang='grc' dir='ltr'><strong>πρὸς</strong></span> <span class='ocrx_word' id='word_1_95' title='bbox 1072 1374 1164 1428; x_wconf 85' lang='grc' dir='ltr'><strong>τὸν</strong></span> <span class='ocrx_word' id='word_1_96' title='bbox 1192 1374 1361 1445; x_wconf 69' lang='grc' dir='ltr'><strong>ψόφον</strong></span> <span class='ocrx_word' id='word_1_97' title='bbox 1384 1376 1484 1446; x_wconf 78' lang='grc' dir='ltr'><strong>τῆς</strong></span> <span class='ocrx_word' id='word_1_98' title='bbox 1510 1376 1678 1447; x_wconf 90' lang='grc' dir='ltr'><strong>θύρας</strong></span> <span class='ocrx_word' id='word_1_99' title='bbox 1697 1378 2050 1448; x_wconf 69' lang='grc' dir='ltr'><strong>ἐπτοημένος,</strong></span> 
     </span>
    </p>
   </div>
   <div class='ocr_carea' id='block_1_16' title="bbox 473 1463 2053 1537">
    <p class='ocr_par' dir='ltr' id='par_1_16' title="bbox 473 1463 2053 1537">
     <span class='ocr_line' id='line_1_16' title="bbox 473 1463 2053 1537; baseline 0.001 -20"><span class='ocrx_word' id='word_1_100' title='bbox 473 1466 610 1536; x_wconf 81' lang='grc' dir='ltr'><strong>πρὸς</strong></span> <span class='ocrx_word' id='word_1_101' title='bbox 648 1464 738 1518; x_wconf 83' lang='grc' dir='ltr'><strong>τὸν</strong></span> <span class='ocrx_word' id='word_1_102' title='bbox 781 1463 1033 1517; x_wconf 89' lang='grc' dir='ltr'><strong>τοσοῦτον</strong></span> <span class='ocrx_word' id='word_1_103' title='bbox 1064 1464 1335 1535; x_wconf 81' lang='grc' dir='ltr'><strong>ἀξιώματι</strong></span> <span class='ocrx_word' id='word_1_104' title='bbox 1378 1466 1476 1519; x_wconf 61' lang='grc' dir='ltr'><strong>καὶ⁸</strong></span> <span class='ocrx_word' id='word_1_105' title='bbox 1509 1463 1629 1521; x_wconf 74' lang='grc' dir='ltr'><strong>εἶπε</strong></span> <span class='ocrx_word' id='word_1_106' title='bbox 1654 1467 1732 1537; x_wconf 77' lang='grc' dir='ltr'><strong>τῷ</strong></span> <span class='ocrx_word' id='word_1_107' title='bbox 1760 1468 1923 1537; x_wconf 85' lang='grc' dir='ltr'><strong>λόγῳ,</strong></span> <span class='ocrx_word' id='word_1_108' title='bbox 1960 1467 2053 1520; x_wconf 75' lang='grc' dir='ltr'><strong>καὶ</strong></span> 
     </span>
    </p>
   </div>
   <div class='ocr_carea' id='block_1_17' title="bbox 471 1554 2054 1631">
    <p class='ocr_par' dir='ltr' id='par_1_17' title="bbox 471 1554 2054 1631">
     <span class='ocr_line' id='line_1_17' title="bbox 471 1554 2054 1631; baseline 0.001 -20"><span class='ocrx_word' id='word_1_109' title='bbox 471 1557 561 1611; x_wconf 83' lang='grc' dir='ltr'><strong>διὰ</strong></span> <span class='ocrx_word' id='word_1_110' title='bbox 596 1557 707 1610; x_wconf 90' lang='grc' dir='ltr'><strong>τῶν</strong></span> <span class='ocrx_word' id='word_1_111' title='bbox 738 1556 916 1626; x_wconf 80' lang='grc' dir='ltr'>ἔργων</span> <span class='ocrx_word' id='word_1_112' title='bbox 959 1554 1019 1609; x_wconf 82' lang='grc' dir='ltr'><strong>τὸ</strong></span> <span class='ocrx_word' id='word_1_113' title='bbox 1070 1557 1234 1627; x_wconf 80' lang='grc' dir='ltr'><strong>ῥηθὲν</strong></span> <span class='ocrx_word' id='word_1_114' title='bbox 1276 1557 1614 1611; x_wconf 80' lang='grc' dir='ltr'><strong>ἐπιστώσατο</strong></span> <span class='ocrx_word' id='word_1_115' title='bbox 1644 1574 1657 1588; x_wconf 92' lang='grc'><strong>·</strong></span> <span class='ocrx_word' id='word_1_116' title='bbox 1693 1558 1752 1621; x_wconf 87' lang='grc' dir='ltr'><strong>ὃς</strong></span> <span class='ocrx_word' id='word_1_117' title='bbox 1801 1560 1900 1631; x_wconf 82' lang='grc' dir='ltr'><strong>τὴν</strong></span> <span class='ocrx_word' id='word_1_118' title='bbox 1946 1559 2054 1612; x_wconf 91' lang='grc' dir='ltr'><strong>τῶν</strong></span> 
     </span>
    </p>
   </div>
   <div class='ocr_carea' id='block_1_18' title="bbox 485 1647 2054 1725">
    <p class='ocr_par' dir='ltr' id='par_1_18' title="bbox 485 1647 2054 1725">
     <span class='ocr_line' id='line_1_18' title="bbox 485 1647 2054 1725; baseline 0.003 -24"><span class='ocrx_word' id='word_1_119' title='bbox 485 1648 820 1718; x_wconf 85' lang='grc' dir='ltr'><strong>Ἐκκλησιῶν</strong></span> <span class='ocrx_word' id='word_1_120' title='bbox 850 1648 973 1701; x_wconf 86' lang='grc' dir='ltr'><strong>τότε</strong></span> <span class='ocrx_word' id='word_1_121' title='bbox 1027 1650 1441 1720; x_wconf 81' lang='grc' dir='ltr'><strong>καταστροφὴν,</strong></span> <span class='ocrx_word' id='word_1_122' title='bbox 1482 1647 1594 1706; x_wconf 75' lang='grc' dir='ltr'><strong>οἷόν</strong></span> <span class='ocrx_word' id='word_1_123' title='bbox 1649 1670 1771 1706; x_wconf 89' lang='grc' dir='ltr'><strong>τινα</strong></span> <span class='ocrx_word' id='word_1_124' title='bbox 1822 1653 2054 1725; x_wconf 77' lang='grc' dir='ltr'><strong>χειμάρο</strong></span> 
     </span>
    </p>
   </div>
   <div class='ocr_carea' id='block_1_19' title="bbox 474 1739 2052 1816">
    <p class='ocr_par' dir='ltr' id='par_1_19' title="bbox 474 1739 2052 1816">
     <span class='ocr_line' id='line_1_19' title="bbox 474 1739 2052 1816; baseline 0.004 -25"><span class='ocrx_word' id='word_1_125' title='bbox 474 1742 601 1811; x_wconf 78' lang='grc' dir='ltr'><strong>ρουν</strong></span> <span class='ocrx_word' id='word_1_126' title='bbox 630 1740 719 1793; x_wconf 81' lang='grc' dir='ltr'><strong>διὰ</strong></span> <span class='ocrx_word' id='word_1_127' title='bbox 751 1740 859 1792; x_wconf 88' lang='grc' dir='ltr'><strong>τῶν</strong></span> <span class='ocrx_word' id='word_1_128' title='bbox 885 1739 1211 1794; x_wconf 84' lang='grc' dir='ltr'><strong>δυναστειῶν</strong></span> <span class='ocrx_word' id='word_1_129' title='bbox 1242 1741 1491 1810; x_wconf 79' lang='grc' dir='ltr'><strong>ῥέουσαν,</strong></span> <span class='ocrx_word' id='word_1_130' title='bbox 1525 1742 1749 1815; x_wconf 70' lang='grc' dir='ltr'><strong>ἔστησεν</strong></span> <span class='ocrx_word' id='word_1_131' title='bbox 1772 1747 1829 1797; x_wconf 78' lang='grc' dir='ltr'><strong>έν</strong></span> <span class='ocrx_word' id='word_1_132' title='bbox 1855 1744 2052 1816; x_wconf 80' lang='grc' dir='ltr'><strong>ἐαυτῷ,</strong></span> 
     </span>
    </p>
   </div>
   <div class='ocr_carea' id='block_1_20' title="bbox 2152 548 3729 619">
    <p class='ocr_par' dir='ltr' id='par_1_20' title="bbox 2152 548 3729 619">
     <span class='ocr_line' id='line_1_20' title="bbox 2152 548 3729 619; baseline 0.002 -18"><span class='ocrx_word' id='word_1_133' title='bbox 2152 562 2331 619; x_wconf 87' lang='lat' dir='ltr'><strong>pugna</strong></span> <span class='ocrx_word' id='word_1_134' title='bbox 2361 549 2745 619; x_wconf 75' lang='lat' dir='ltr'><strong>pertinaciter:</strong></span> <span class='ocrx_word' id='word_1_135' title='bbox 2778 549 2892 603; x_wconf 91' lang='lat' dir='ltr'><strong>vult</strong></span> <span class='ocrx_word' id='word_1_136' title='bbox 2925 563 3055 604; x_wconf 91' lang='lat' dir='ltr'><strong>vero</strong></span> <span class='ocrx_word' id='word_1_137' title='bbox 3095 548 3202 603; x_wconf 89' lang='lat' dir='ltr'><strong>hoc</strong></span> <span class='ocrx_word' id='word_1_138' title='bbox 3226 549 3340 605; x_wconf 89' lang='lat' dir='ltr'><strong>ﬁeri</strong></span> <span class='ocrx_word' id='word_1_139' title='bbox 3379 550 3596 605; x_wconf 87' lang='lat' dir='ltr'><strong>sublato</strong></span> <span class='ocrx_word' id='word_1_140' title='bbox 3621 550 3729 604; x_wconf 60' lang='lat' dir='ltr'><strong>exi.</strong></span> 
     </span>
    </p>
   </div>
   <div class='ocr_carea' id='block_1_21' title="bbox 2151 638 3729 710">
    <p class='ocr_par' dir='ltr' id='par_1_21' title="bbox 2151 638 3729 710">
     <span class='ocr_line' id='line_1_21' title="bbox 2151 638 3729 710; baseline 0.003 -19"><span class='ocrx_word' id='word_1_141' title='bbox 2151 652 2258 707; x_wconf 90' lang='lat' dir='ltr'><strong>guo</strong></span> <span class='ocrx_word' id='word_1_142' title='bbox 2284 638 2541 708; x_wconf 91' lang='lat' dir='ltr'><strong>quodam,</strong></span> <span class='ocrx_word' id='word_1_143' title='bbox 2581 639 2726 708; x_wconf 93' lang='lat' dir='ltr'><strong>quod</strong></span> <span class='ocrx_word' id='word_1_144' title='bbox 2762 638 2819 693; x_wconf 93' lang='lat' dir='ltr'><strong>in</strong></span> <span class='ocrx_word' id='word_1_145' title='bbox 2855 638 2979 695; x_wconf 87' lang='lat' dir='ltr'><strong>ﬁdei</strong></span> <span class='ocrx_word' id='word_1_146' title='bbox 3028 639 3286 710; x_wconf 84' lang='lat' dir='ltr'><strong>Symbolo</strong></span> <span class='ocrx_word' id='word_1_147' title='bbox 3331 641 3595 710; x_wconf 89' lang='lat' dir='ltr'><strong>scriptum</strong></span> <span class='ocrx_word' id='word_1_148' title='bbox 3625 653 3729 706; x_wconf 91' lang='lat' dir='ltr'><strong>est,</strong></span> 
     </span>
    </p>
   </div>
   <div class='ocr_carea' id='block_1_22' title="bbox 2151 730 3731 801">
    <p class='ocr_par' dir='ltr' id='par_1_22' title="bbox 2151 730 3731 801">
     <span class='ocr_line' id='line_1_22' title="bbox 2151 730 3731 801; baseline 0.001 -18"><span class='ocrx_word' id='word_1_149' title='bbox 2151 744 2349 801; x_wconf 85' lang='lat' dir='ltr'><strong>nempe</strong></span> <span class='ocrx_word' id='word_1_150' title='bbox 2378 730 2673 785; x_wconf 76' lang='lat' dir='ltr'><strong>homoousii</strong></span> <span class='ocrx_word' id='word_1_151' title='bbox 2708 746 2804 786; x_wconf 88' lang='lat' dir='ltr'><strong>seu</strong></span> <span class='ocrx_word' id='word_1_152' title='bbox 2835 730 3305 786; x_wconf 77' lang='lat' dir='ltr'><strong>consubstantialis</strong></span> <span class='ocrx_word' id='word_1_153' title='bbox 3341 734 3627 788; x_wconf 88' lang='lat' dir='ltr'><strong>vocabulo.</strong></span> <span class='ocrx_word' id='word_1_154' title='bbox 3663 735 3731 785; x_wconf 83' lang='lat' dir='ltr'><strong>At</strong></span> 
     </span>
    </p>
   </div>
   <div class='ocr_carea' id='block_1_23' title="bbox 2154 819 3732 893">
    <p class='ocr_par' dir='ltr' id='par_1_23' title="bbox 2154 819 3732 893">
     <span class='ocr_line' id='line_1_23' title="bbox 2154 819 3732 893; baseline 0.001 -22"><span class='ocrx_word' id='word_1_155' title='bbox 2154 819 2539 889; x_wconf 79' lang='lat' dir='ltr'><strong>imperatorem</strong></span> <span class='ocrx_word' id='word_1_156' title='bbox 2568 821 2623 874; x_wconf 92' lang='lat' dir='ltr'><strong>in</strong></span> <span class='ocrx_word' id='word_1_157' title='bbox 2654 820 2957 876; x_wconf 89' lang='lat' dir='ltr'><strong>Ecclesiam</strong></span> <span class='ocrx_word' id='word_1_158' title='bbox 3000 821 3192 892; x_wconf 84' lang='lat' dir='ltr'><strong>recipi,</strong></span> <span class='ocrx_word' id='word_1_159' title='bbox 3224 823 3595 893; x_wconf 76' lang='lat' dir='ltr'><strong>respondebat</strong></span> <span class='ocrx_word' id='word_1_160' title='bbox 3615 838 3732 874; x_wconf 85' lang='lat' dir='ltr'><strong>ma-</strong></span> 
     </span>
    </p>
   </div>
   <div class='ocr_carea' id='block_1_24' title="bbox 2151 908 3733 982">
    <p class='ocr_par' dir='ltr' id='par_1_24' title="bbox 2151 908 3733 982">
     <span class='ocr_line' id='line_1_24' title="bbox 2151 908 3733 982; baseline 0 -19"><span class='ocrx_word' id='word_1_161' title='bbox 2151 910 2323 980; x_wconf 88' lang='lat' dir='ltr'><strong>gister</strong></span> <span class='ocrx_word' id='word_1_162' title='bbox 2349 920 2557 977; x_wconf 87' lang='lat' dir='ltr'><strong>noster,</strong></span> <span class='ocrx_word' id='word_1_163' title='bbox 2587 927 2701 966; x_wconf 85' lang='lat' dir='ltr'><strong>rem</strong></span> <span class='ocrx_word' id='word_1_164' title='bbox 2729 926 2855 967; x_wconf 88' lang='lat' dir='ltr'><strong>esse</strong></span> <span class='ocrx_word' id='word_1_165' title='bbox 2893 912 3137 966; x_wconf 89' lang='lat' dir='ltr'><strong>omnium</strong></span> <span class='ocrx_word' id='word_1_166' title='bbox 3171 913 3575 982; x_wconf 80' lang='lat' dir='ltr'><strong>gravissimam.</strong></span> <span class='ocrx_word' id='word_1_167' title='bbox 3617 908 3733 963; x_wconf 78' lang='lat' dir='ltr'><strong>Ma-</strong></span> 
     </span>
    </p>
   </div>
   <div class='ocr_carea' id='block_1_25' title="bbox 2152 1003 3728 1076">
    <p class='ocr_par' dir='ltr' id='par_1_25' title="bbox 2152 1003 3728 1076">
     <span class='ocr_line' id='line_1_25' title="bbox 2152 1003 3728 1076; baseline -0.002 -18"><span class='ocrx_word' id='word_1_168' title='bbox 2152 1019 2319 1074; x_wconf 90' lang='lat' dir='ltr'><strong>gnum</strong></span> <span class='ocrx_word' id='word_1_169' title='bbox 2344 1004 2511 1067; x_wconf 91' lang='lat' dir='ltr'><strong>enim,</strong></span> <span class='ocrx_word' id='word_1_170' title='bbox 2548 1004 2745 1075; x_wconf 81' lang='lat' dir='ltr'><strong>inquit,</strong></span> <span class='ocrx_word' id='word_1_171' title='bbox 2780 1003 3041 1076; x_wconf 89' lang='lat' dir='ltr'><strong>quiddam</strong></span> <span class='ocrx_word' id='word_1_172' title='bbox 3079 1012 3165 1059; x_wconf 89' lang='lat' dir='ltr'><strong>est</strong></span> <span class='ocrx_word' id='word_1_173' title='bbox 3203 1005 3440 1058; x_wconf 91' lang='lat' dir='ltr'><strong>animam</strong></span> <span class='ocrx_word' id='word_1_174' title='bbox 3494 1005 3728 1064; x_wconf 79' lang='lat' dir='ltr'><strong>salvere,</strong></span> 
     </span>
    </p>
   </div>
   <div class='ocr_carea' id='block_1_26' title="bbox 2153 1095 3731 1166">
    <p class='ocr_par' dir='ltr' id='par_1_26' title="bbox 2153 1095 3731 1166">
     <span class='ocr_line' id='line_1_26' title="bbox 2153 1095 3731 1166; baseline -0.002 -16"><span class='ocrx_word' id='word_1_175' title='bbox 2153 1111 2265 1150; x_wconf 91' lang='lat' dir='ltr'><strong>non</strong></span> <span class='ocrx_word' id='word_1_176' title='bbox 2298 1097 2428 1166; x_wconf 91' lang='lat' dir='ltr'><strong>quia</strong></span> <span class='ocrx_word' id='word_1_177' title='bbox 2454 1096 2801 1166; x_wconf 88' lang='lat' dir='ltr'><strong>imperatoris</strong></span> <span class='ocrx_word' id='word_1_178' title='bbox 2826 1104 2931 1159; x_wconf 86' lang='lat' dir='ltr'><strong>est,</strong></span> <span class='ocrx_word' id='word_1_179' title='bbox 2964 1095 3060 1152; x_wconf 87' lang='lat' dir='ltr'><strong>sed</strong></span> <span class='ocrx_word' id='word_1_180' title='bbox 3086 1097 3215 1165; x_wconf 91' lang='lat' dir='ltr'><strong>quia</strong></span> <span class='ocrx_word' id='word_1_181' title='bbox 3232 1096 3490 1150; x_wconf 85' lang='lat' dir='ltr'><strong>hominis.</strong></span> <span class='ocrx_word' id='word_1_182' title='bbox 3516 1095 3585 1148; x_wconf 80' lang='lat' dir='ltr'><strong>At</strong></span> <span class='ocrx_word' id='word_1_183' title='bbox 3600 1109 3731 1148; x_wconf 90' lang='lat' dir='ltr'><strong>vero</strong></span> 
     </span>
    </p>
   </div>
   <div class='ocr_carea' id='block_1_27' title="bbox 2153 1188 3731 1259">
    <p class='ocr_par' dir='ltr' id='par_1_27' title="bbox 2153 1188 3731 1259">
     <span class='ocr_line' id='line_1_27' title="bbox 2153 1188 3731 1259; baseline -0.001 -16"><span class='ocrx_word' id='word_1_184' title='bbox 2153 1196 2365 1243; x_wconf 89' lang='lat' dir='ltr'><strong>tantum</strong></span> <span class='ocrx_word' id='word_1_185' title='bbox 2411 1189 2606 1245; x_wconf 88' lang='lat' dir='ltr'><strong>abesse</strong></span> <span class='ocrx_word' id='word_1_186' title='bbox 2652 1189 2852 1253; x_wconf 86' lang='lat' dir='ltr'><strong>aiebat,</strong></span> <span class='ocrx_word' id='word_1_187' title='bbox 2897 1198 2957 1244; x_wconf 91' lang='lat' dir='ltr'><strong>ut</strong></span> <span class='ocrx_word' id='word_1_188' title='bbox 3003 1188 3211 1259; x_wconf 90' lang='lat' dir='ltr'><strong>aliquid</strong></span> <span class='ocrx_word' id='word_1_189' title='bbox 3242 1190 3328 1245; x_wconf 86' lang='lat' dir='ltr'><strong>vel</strong></span> <span class='ocrx_word' id='word_1_190' title='bbox 3373 1189 3617 1244; x_wconf 86' lang='lat' dir='ltr'><strong>demeret</strong></span> <span class='ocrx_word' id='word_1_191' title='bbox 3648 1189 3731 1243; x_wconf 77' lang='lat' dir='ltr'><strong>vel</strong></span> 
     </span>
    </p>
   </div>
   <div class='ocr_carea' id='block_1_28' title="bbox 2154 1280 3731 1351">
    <p class='ocr_par' dir='ltr' id='par_1_28' title="bbox 2154 1280 3731 1351">
     <span class='ocr_line' id='line_1_28' title="bbox 2154 1280 3731 1351; baseline 0.001 -16"><span class='ocrx_word' id='word_1_192' title='bbox 2154 1280 2377 1336; x_wconf 83' lang='lat' dir='ltr'><strong>adderet</strong></span> <span class='ocrx_word' id='word_1_193' title='bbox 2409 1280 2557 1345; x_wconf 88' lang='lat' dir='ltr'><strong>ﬁdei,</strong></span> <span class='ocrx_word' id='word_1_194' title='bbox 2589 1290 2648 1335; x_wconf 93' lang='lat' dir='ltr'><strong>ut</strong></span> <span class='ocrx_word' id='word_1_195' title='bbox 2691 1296 2761 1335; x_wconf 92' lang='lat' dir='ltr'><strong>ne</strong></span> <span class='ocrx_word' id='word_1_196' title='bbox 2786 1281 3031 1336; x_wconf 87' lang='lat' dir='ltr'><strong>ordinem</strong></span> <span class='ocrx_word' id='word_1_197' title='bbox 3072 1281 3289 1351; x_wconf 88' lang='lat' dir='ltr'><strong>quidem</strong></span> <span class='ocrx_word' id='word_1_198' title='bbox 3329 1280 3577 1336; x_wconf 70' lang='lat' dir='ltr'><strong>formula:</strong></span> <span class='ocrx_word' id='word_1_199' title='bbox 3608 1282 3731 1336; x_wconf 80' lang='lat' dir='ltr'><strong>ﬁdei</strong></span> 
     </span>
    </p>
   </div>
   <div class='ocr_carea' id='block_1_29' title="bbox 2154 1368 3735 1439">
    <p class='ocr_par' dir='ltr' id='par_1_29' title="bbox 2154 1368 3735 1439">
     <span class='ocr_line' id='line_1_29' title="bbox 2154 1368 3735 1439; baseline -0.001 -15"><span class='ocrx_word' id='word_1_200' title='bbox 2154 1378 2368 1424; x_wconf 89' lang='lat' dir='ltr'><strong>mutare</strong></span> <span class='ocrx_word' id='word_1_201' title='bbox 2400 1371 2689 1439; x_wconf 78' lang='lat' dir='ltr'><strong>cogitaret.</strong></span> <span class='ocrx_word' id='word_1_202' title='bbox 2740 1368 2867 1425; x_wconf 73' lang='lat' dir='ltr'><strong>llaec</strong></span> <span class='ocrx_word' id='word_1_203' title='bbox 2901 1370 3127 1425; x_wconf 92' lang='lat' dir='ltr'><strong>timidus</strong></span> <span class='ocrx_word' id='word_1_204' title='bbox 3177 1371 3268 1425; x_wconf 91' lang='lat' dir='ltr'><strong>ille</strong></span> <span class='ocrx_word' id='word_1_205' title='bbox 3299 1379 3354 1426; x_wconf 89' lang='lat' dir='ltr'><strong>et</strong></span> <span class='ocrx_word' id='word_1_206' title='bbox 3384 1371 3642 1433; x_wconf 85' lang='lat' dir='ltr'><strong>imbellis,</strong></span> <span class='ocrx_word' id='word_1_207' title='bbox 3679 1379 3735 1426; x_wconf 91' lang='lat' dir='ltr'><strong>et</strong></span> 
     </span>
    </p>
   </div>
   <div class='ocr_carea' id='block_1_30' title="bbox 2156 1462 3734 1534">
    <p class='ocr_par' dir='ltr' id='par_1_30' title="bbox 2156 1462 3734 1534">
     <span class='ocr_line' id='line_1_30' title="bbox 2156 1462 3734 1534; baseline 0.001 -19"><span class='ocrx_word' id='word_1_208' title='bbox 2156 1462 2220 1516; x_wconf 94' lang='lat' dir='ltr'><strong>ad</strong></span> <span class='ocrx_word' id='word_1_209' title='bbox 2252 1462 2380 1517; x_wconf 90' lang='lat' dir='ltr'><strong>ostii</strong></span> <span class='ocrx_word' id='word_1_210' title='bbox 2413 1462 2701 1532; x_wconf 89' lang='lat' dir='ltr'><strong>strepitum</strong></span> <span class='ocrx_word' id='word_1_211' title='bbox 2732 1476 3123 1533; x_wconf 78' lang='lat' dir='ltr'><strong>expavescens,</strong></span> <span class='ocrx_word' id='word_1_212' title='bbox 3153 1462 3219 1516; x_wconf 92' lang='lat' dir='ltr'><strong>ad</strong></span> <span class='ocrx_word' id='word_1_213' title='bbox 3252 1463 3425 1527; x_wconf 91' lang='lat' dir='ltr'><strong>illum,</strong></span> <span class='ocrx_word' id='word_1_214' title='bbox 3455 1465 3548 1534; x_wconf 88' lang='lat' dir='ltr'><strong>qui</strong></span> <span class='ocrx_word' id='word_1_215' title='bbox 3581 1471 3734 1517; x_wconf 90' lang='lat' dir='ltr'><strong>tanta</strong></span> 
     </span>
    </p>
   </div>
   <div class='ocr_carea' id='block_1_31' title="bbox 2155 1552 3734 1624">
    <p class='ocr_par' dir='ltr' id='par_1_31' title="bbox 2155 1552 3734 1624">
     <span class='ocr_line' id='line_1_31' title="bbox 2155 1552 3734 1624; baseline -0.001 -17"><span class='ocrx_word' id='word_1_216' title='bbox 2155 1553 2423 1624; x_wconf 84' lang='lat' dir='ltr'><strong>dignitate</strong></span> <span class='ocrx_word' id='word_1_217' title='bbox 2459 1553 2778 1609; x_wconf 87' lang='lat' dir='ltr'><strong>eminebat:</strong></span> <span class='ocrx_word' id='word_1_218' title='bbox 2825 1560 2880 1608; x_wconf 86' lang='lat' dir='ltr'><strong>et</strong></span> <span class='ocrx_word' id='word_1_219' title='bbox 2916 1554 3062 1623; x_wconf 90' lang='lat' dir='ltr'><strong>quod</strong></span> <span class='ocrx_word' id='word_1_220' title='bbox 3112 1552 3295 1608; x_wconf 79' lang='lat' dir='ltr'><strong>verbis</strong></span> <span class='ocrx_word' id='word_1_221' title='bbox 3344 1554 3505 1617; x_wconf 81' lang='lat' dir='ltr'><strong>dixit,</strong></span> <span class='ocrx_word' id='word_1_222' title='bbox 3553 1554 3734 1624; x_wconf 86' lang='lat' dir='ltr'><strong>reipsa</strong></span> 
     </span>
    </p>
   </div>
   <div class='ocr_carea' id='block_1_32' title="bbox 2157 1644 3737 1716">
    <p class='ocr_par' dir='ltr' id='par_1_32' title="bbox 2157 1644 3737 1716">
     <span class='ocr_line' id='line_1_32' title="bbox 2157 1644 3737 1716; baseline -0.001 -15"><span class='ocrx_word' id='word_1_223' title='bbox 2157 1653 2346 1715; x_wconf 88' lang='lat' dir='ltr'><strong>postea</strong></span> <span class='ocrx_word' id='word_1_224' title='bbox 2379 1645 2654 1716; x_wconf 67' lang='lat' dir='ltr'><strong>praestitit,</strong></span> <span class='ocrx_word' id='word_1_225' title='bbox 2673 1653 2729 1700; x_wconf 92' lang='lat' dir='ltr'><strong>et</strong></span> <span class='ocrx_word' id='word_1_226' title='bbox 2756 1644 3020 1699; x_wconf 90' lang='lat' dir='ltr'><strong>ﬁrmavit:</strong></span> <span class='ocrx_word' id='word_1_227' title='bbox 3051 1645 3144 1715; x_wconf 91' lang='lat' dir='ltr'><strong>qui</strong></span> <span class='ocrx_word' id='word_1_228' title='bbox 3179 1646 3520 1701; x_wconf 90' lang='lat' dir='ltr'><strong>eversionem</strong></span> <span class='ocrx_word' id='word_1_229' title='bbox 3547 1644 3737 1699; x_wconf 84' lang='lat' dir='ltr'><strong>Eccle-</strong></span> 
     </span>
    </p>
   </div>
   <div class='ocr_carea' id='block_1_33' title="bbox 2159 1736 3734 1809">
    <p class='ocr_par' dir='ltr' id='par_1_33' title="bbox 2159 1736 3734 1809">
     <span class='ocr_line' id='line_1_33' title="bbox 2159 1736 3734 1809; baseline 0 -18"><span class='ocrx_word' id='word_1_230' title='bbox 2159 1736 2389 1803; x_wconf 90' lang='lat' dir='ltr'><strong>siarum,</strong></span> <span class='ocrx_word' id='word_1_231' title='bbox 2430 1738 2579 1793; x_wconf 87' lang='lat' dir='ltr'><strong>velut</strong></span> <span class='ocrx_word' id='word_1_232' title='bbox 2608 1745 2905 1792; x_wconf 91' lang='lat' dir='ltr'><strong>torrentem</strong></span> <span class='ocrx_word' id='word_1_233' title='bbox 2935 1737 3248 1807; x_wconf 88' lang='lat' dir='ltr'><strong>quemdam,</strong></span> <span class='ocrx_word' id='word_1_234' title='bbox 3290 1754 3488 1809; x_wconf 90' lang='lat' dir='ltr'><strong>magno</strong></span> <span class='ocrx_word' id='word_1_235' title='bbox 3527 1739 3734 1808; x_wconf 77' lang='lat' dir='ltr'><strong>impetu</strong></span> 
     </span>
    </p>
   </div>
   <div class='ocr_carea' id='block_1_34' title="bbox 473 1807 2061 1909">
    <p class='ocr_par' dir='ltr' id='par_1_34' title="bbox 473 1807 2055 1909">
     <span class='ocr_line' id='line_1_34' title="bbox 473 1807 2055 1909; baseline 0.003 -23"><span class='ocrx_word' id='word_1_236' title='bbox 473 1807 569 1886; x_wconf 72' lang='grc' dir='ltr'><strong>καὶ</strong></span> <span class='ocrx_word' id='word_1_237' title='bbox 613 1832 950 1903; x_wconf 71' lang='grc' dir='ltr'><strong>ἀπέστρεψε*</strong></span> <span class='ocrx_word' id='word_1_238' title='bbox 990 1834 1146 1904; x_wconf 85' lang='grc' dir='ltr'><strong>μόνος</strong></span> <span class='ocrx_word' id='word_1_239' title='bbox 1177 1807 1417 1904; x_wconf 81' lang='grc' dir='ltr'><strong>ἀρκέσας</strong></span> <span class='ocrx_word' id='word_1_240' title='bbox 1448 1838 1513 1906; x_wconf 82' lang='grc' dir='ltr'><strong>τῇ</strong></span> <span class='ocrx_word' id='word_1_241' title='bbox 1543 1807 1651 1889; x_wconf 38' lang='grc' dir='ltr'><strong>τοῦ,</strong></span> <span class='ocrx_word' id='word_1_242' title='bbox 1674 1838 1845 1892; x_wconf 88' lang='grc' dir='ltr'><strong>κακοῦ</strong></span> <span class='ocrx_word' id='word_1_243' title='bbox 1886 1807 2055 1909; x_wconf 43' lang='grc' dir='ltr'><strong>προσέ</strong></span> 
     </span>
    </p>
   </div>
   <div class='ocr_carea' id='block_1_35' title="bbox 2163 1807 3737 1909">
    <p class='ocr_par' dir='ltr' id='par_1_35' title="bbox 2163 1807 3737 1899">
     <span class='ocr_line' id='line_1_35' title="bbox 2163 1807 3737 1899; baseline 0.003 -20"><span class='ocrx_word' id='word_1_244' title='bbox 2163 1842 2258 1896; x_wconf 89' lang='lat' dir='ltr'><strong>per</strong></span> <span class='ocrx_word' id='word_1_245' title='bbox 2310 1827 2623 1895; x_wconf 88' lang='lat' dir='ltr'><strong>provincias</strong></span> <span class='ocrx_word' id='word_1_246' title='bbox 2667 1836 3031 1897; x_wconf 83' lang='lat' dir='ltr'><strong>grassantem,</strong></span> <span class='ocrx_word' id='word_1_247' title='bbox 3076 1827 3295 1896; x_wconf 87' lang='lat' dir='ltr'><strong>objectu</strong></span> <span class='ocrx_word' id='word_1_248' title='bbox 3350 1807 3434 1883; x_wconf 83' lang='lat' dir='ltr'><strong>sui</strong></span> <span class='ocrx_word' id='word_1_249' title='bbox 3487 1807 3737 1899; x_wconf 88' lang='lat' dir='ltr'><strong>corporis</strong></span> 
     </span>
    </p>
   </div>
   <div class='ocr_carea' id='block_1_36' title="bbox 473 1924 2057 2001">
    <p class='ocr_par' dir='ltr' id='par_1_36' title="bbox 473 1924 2057 2001">
     <span class='ocr_line' id='line_1_36' title="bbox 473 1924 2057 2001; baseline 0.004 -24"><span class='ocrx_word' id='word_1_250' title='bbox 473 1924 602 1995; x_wconf 87' lang='grc' dir='ltr'><strong>ϐολῇ</strong></span> <span class='ocrx_word' id='word_1_251' title='bbox 628 1943 641 1957; x_wconf 77' lang='grc' dir='ltr'><strong>ο</strong></span> <span class='ocrx_word' id='word_1_252' title='bbox 674 1926 927 1997; x_wconf 87' lang='grc' dir='ltr'><strong>καθάπερ</strong></span> <span class='ocrx_word' id='word_1_253' title='bbox 968 1944 1052 1990; x_wconf 90' lang='grc' dir='ltr'><strong>τις</strong></span> <span class='ocrx_word' id='word_1_254' title='bbox 1094 1928 1152 1980; x_wconf 81' lang='grc' dir='ltr'><strong>ὲν</strong></span> <span class='ocrx_word' id='word_1_255' title='bbox 1204 1926 1446 1998; x_wconf 82' lang='grc' dir='ltr'><strong>θαλάσσῃ</strong></span> <span class='ocrx_word' id='word_1_256' title='bbox 1481 1928 1656 1999; x_wconf 89' lang='grc' dir='ltr'><strong>πέτρα</strong></span> <span class='ocrx_word' id='word_1_257' title='bbox 1687 1930 1916 2001; x_wconf 82' lang='grc' dir='ltr'><strong>μεγάλη,</strong></span> <span class='ocrx_word' id='word_1_258' title='bbox 1961 1931 2057 1983; x_wconf 74' lang='grc' dir='ltr'><strong>καὶ</strong></span> 
     </span>
    </p>
   </div>
   <div class='ocr_carea' id='block_1_37' title="bbox 472 2018 2057 2093">
    <p class='ocr_par' dir='ltr' id='par_1_37' title="bbox 472 2018 2057 2093">
     <span class='ocr_line' id='line_1_37' title="bbox 472 2018 2057 2093; baseline 0.004 -23"><span class='ocrx_word' id='word_1_259' title='bbox 472 2018 742 2081; x_wconf 79' lang='grc' dir='ltr'><strong>ἀσειστος,</strong></span> <span class='ocrx_word' id='word_1_260' title='bbox 768 2019 887 2071; x_wconf 76' lang='grc' dir='ltr'><strong>ἀντὶ</strong></span> <span class='ocrx_word' id='word_1_261' title='bbox 917 2019 1161 2088; x_wconf 81' lang='grc' dir='ltr'><strong>κύματος</strong></span> <span class='ocrx_word' id='word_1_262' title='bbox 1192 2018 1410 2079; x_wconf 88' lang='grc' dir='ltr'><strong>πολλοῦ,</strong></span> <span class='ocrx_word' id='word_1_263' title='bbox 1445 2021 1537 2072; x_wconf 69' lang='grc' dir='ltr'><strong>καὶ</strong></span> <span class='ocrx_word' id='word_1_264' title='bbox 1560 2021 1796 2089; x_wconf 62' lang='grc' dir='ltr'><strong>μεγάλου</strong></span> <span class='ocrx_word' id='word_1_265' title='bbox 1826 2022 1925 2093; x_wconf 84' lang='grc' dir='ltr'><strong>τὴν</strong></span> <span class='ocrx_word' id='word_1_266' title='bbox 1951 2023 2057 2076; x_wconf 87' lang='grc' dir='ltr'><strong>τῶν</strong></span> 
     </span>
    </p>
   </div>
   <div class='ocr_carea' id='block_1_38' title="bbox 471 2110 1699 2183">
    <p class='ocr_par' dir='ltr' id='par_1_38' title="bbox 471 2110 1699 2183">
     <span class='ocr_line' id='line_1_38' title="bbox 471 2110 1699 2183; baseline 0.003 -21"><span class='ocrx_word' id='word_1_267' title='bbox 471 2110 660 2164; x_wconf 88' lang='grc' dir='ltr'><strong>δεινῶν</strong></span> <span class='ocrx_word' id='word_1_268' title='bbox 695 2110 1000 2182; x_wconf 86' lang='grc' dir='ltr'><strong>προσϐολὴν</strong></span> <span class='ocrx_word' id='word_1_269' title='bbox 1038 2112 1099 2164; x_wconf 83' lang='grc' dir='ltr'><strong>ὲν</strong></span> <span class='ocrx_word' id='word_1_270' title='bbox 1131 2110 1307 2182; x_wconf 81' lang='grc' dir='ltr'><strong>ἑαυτῷ</strong></span> <span class='ocrx_word' id='word_1_271' title='bbox 1337 2111 1699 2183; x_wconf 78' lang='grc' dir='ltr'><strong>περιθρύψας.</strong></span> 
     </span>
    </p>
   </div>
   <div class='ocr_carea' id='block_1_39' title="bbox 545 2291 2053 2367">
    <p class='ocr_par' dir='ltr' id='par_1_39' title="bbox 545 2291 2053 2367">
     <span class='ocr_line' id='line_1_39' title="bbox 545 2291 2053 2367; baseline 0.005 -24"><span class='ocrx_word' id='word_1_272' title='bbox 545 2292 654 2345; x_wconf 73' lang='grc' dir='ltr'><strong>Καὶ</strong></span> <span class='ocrx_word' id='word_1_273' title='bbox 684 2292 744 2344; x_wconf 81' lang='grc' dir='ltr'><strong>οὐ</strong></span> <span class='ocrx_word' id='word_1_274' title='bbox 798 2292 957 2363; x_wconf 88' lang='grc' dir='ltr'><strong>μέχρι</strong></span> <span class='ocrx_word' id='word_1_275' title='bbox 996 2291 1203 2345; x_wconf 87' lang='grc' dir='ltr'><strong>τούτων</strong></span> <span class='ocrx_word' id='word_1_276' title='bbox 1238 2292 1369 2362; x_wconf 80' lang='grc' dir='ltr'><strong>ἔστη</strong></span> <span class='ocrx_word' id='word_1_277' title='bbox 1402 2292 1473 2346; x_wconf 82' lang='grc' dir='ltr'><strong>τά</strong></span> <span class='ocrx_word' id='word_1_278' title='bbox 1501 2294 1598 2364; x_wconf 82' lang='grc' dir='ltr'><strong>τῆς</strong></span> <span class='ocrx_word' id='word_1_279' title='bbox 1624 2294 1860 2363; x_wconf 81' lang='grc' dir='ltr'><strong>ἀγωνίας</strong></span> <span class='ocrx_word' id='word_1_280' title='bbox 1886 2295 2053 2367; x_wconf 81' lang='grc' dir='ltr'><strong>αὐτῷ.</strong></span> 
     </span>
    </p>
   </div>
   <div class='ocr_carea' id='block_1_40' title="bbox 486 2381 2055 2456">
    <p class='ocr_par' dir='ltr' id='par_1_40' title="bbox 486 2381 2055 2456">
     <span class='ocr_line' id='line_1_40' title="bbox 486 2381 2055 2456; baseline 0.003 -20"><span class='ocrx_word' id='word_1_281' title='bbox 486 2381 625 2436; x_wconf 82' lang='grc' dir='ltr'><strong>Ἀλλ’</strong></span> <span class='ocrx_word' id='word_1_282' title='bbox 659 2382 938 2451; x_wconf 79' lang='grc' dir='ltr'><strong>ἐκδέχεται</strong></span> <span class='ocrx_word' id='word_1_283' title='bbox 989 2381 1150 2435; x_wconf 90' lang='grc' dir='ltr'><strong>πάλιν</strong></span> <span class='ocrx_word' id='word_1_284' title='bbox 1180 2383 1209 2435; x_wconf 98' lang='lat'><strong>6</strong></span> <span class='ocrx_word' id='word_1_285' title='bbox 1236 2382 1484 2453; x_wconf 81' lang='grc' dir='ltr'><strong>βασιλεὺς</strong></span> <span class='ocrx_word' id='word_1_286' title='bbox 1516 2384 1616 2454; x_wconf 86' lang='grc' dir='ltr'><strong>τὴν</strong></span> <span class='ocrx_word' id='word_1_287' title='bbox 1643 2386 1839 2456; x_wconf 87' lang='grc' dir='ltr'><strong>πεῖραν</strong></span> <span class='ocrx_word' id='word_1_288' title='bbox 1873 2387 2055 2451; x_wconf 81' lang='grc' dir='ltr'><strong>αὐτὸς,</strong></span> 
     </span>
    </p>
   </div>
   <div class='ocr_carea' id='block_1_41' title="bbox 473 2473 2058 2550">
    <p class='ocr_par' dir='ltr' id='par_1_41' title="bbox 473 2473 2058 2550">
     <span class='ocr_line' id='line_1_41' title="bbox 473 2473 2058 2550; baseline 0.003 -22"><span class='ocrx_word' id='word_1_289' title='bbox 473 2474 799 2543; x_wconf 79' lang='grc' dir='ltr'><strong>ἀγανακτῶν</strong></span> <span class='ocrx_word' id='word_1_290' title='bbox 850 2474 932 2527; x_wconf 86' lang='grc' dir='ltr'><strong>ὅτι</strong></span> <span class='ocrx_word' id='word_1_291' title='bbox 968 2473 1042 2545; x_wconf 85' lang='grc' dir='ltr'><strong>μὴ</strong></span> <span class='ocrx_word' id='word_1_292' title='bbox 1078 2474 1219 2528; x_wconf 83' lang='grc' dir='ltr'><strong>κατὰ</strong></span> <span class='ocrx_word' id='word_1_293' title='bbox 1258 2475 1357 2546; x_wconf 84' lang='grc' dir='ltr'><strong>τὴν</strong></span> <span class='ocrx_word' id='word_1_294' title='bbox 1391 2474 1614 2547; x_wconf 84' lang='grc' dir='ltr'><strong>πρώτην</strong></span> <span class='ocrx_word' id='word_1_295' title='bbox 1657 2478 1961 2550; x_wconf 83' lang='grc' dir='ltr'><strong>προσϐολὴν</strong></span> <span class='ocrx_word' id='word_1_296' title='bbox 1990 2480 2058 2533; x_wconf 72' lang='grc' dir='ltr'><strong>τὰ</strong></span> 
     </span>
    </p>
   </div>
   <div class='ocr_carea' id='block_1_42' title="bbox 474 2564 2057 2637">
    <p class='ocr_par' dir='ltr' id='par_1_42' title="bbox 474 2564 2057 2637">
     <span class='ocr_line' id='line_1_42' title="bbox 474 2564 2057 2637; baseline 0.004 -19"><span class='ocrx_word' id='word_1_297' title='bbox 474 2564 595 2619; x_wconf 89' lang='grc' dir='ltr'><strong>καθ’</strong></span> <span class='ocrx_word' id='word_1_298' title='bbox 641 2564 834 2634; x_wconf 76' lang='grc' dir='ltr'><strong>ἡδονὴν</strong></span> <span class='ocrx_word' id='word_1_299' title='bbox 870 2564 1289 2636; x_wconf 85' lang='grc' dir='ltr'><strong>κατειργάσατο.</strong></span> <span class='ocrx_word' id='word_1_300' title='bbox 1324 2566 1537 2637; x_wconf 82' lang='grc' dir='ltr'><strong>Ὠσπερ</strong></span> <span class='ocrx_word' id='word_1_301' title='bbox 1589 2568 1771 2621; x_wconf 79' lang='grc' dir='ltr'><strong>τοίνυν</strong></span> <span class='ocrx_word' id='word_1_302' title='bbox 1823 2569 1911 2623; x_wconf 86' lang='grc' dir='ltr'><strong>διά</strong></span> <span class='ocrx_word' id='word_1_303' title='bbox 1962 2573 2057 2623; x_wconf 82' lang='grc' dir='ltr'><strong>τοῦ</strong></span> 
     </span>
    </p>
   </div>
   <div class='ocr_carea' id='block_1_43' title="bbox 476 2653 2059 2730">
    <p class='ocr_par' dir='ltr' id='par_1_43' title="bbox 476 2653 2059 2730">
     <span class='ocr_line' id='line_1_43' title="bbox 476 2653 2059 2730; baseline 0.003 -21"><span class='ocrx_word' id='word_1_304' title='bbox 476 2656 743 2727; x_wconf 84' lang='grc' dir='ltr'><strong>μαγείρου</strong></span> <span class='ocrx_word' id='word_1_305' title='bbox 775 2653 1166 2726; x_wconf 75' lang='grc' dir='ltr'><strong>Ναϐουζάρδαν</strong></span> <span class='ocrx_word' id='word_1_306' title='bbox 1200 2656 1292 2707; x_wconf 80' lang='grc' dir='ltr'><strong>ἐπὶ</strong></span> <span class='ocrx_word' id='word_1_307' title='bbox 1338 2655 1446 2710; x_wconf 89' lang='grc' dir='ltr'><strong>τῶν</strong></span> <span class='ocrx_word' id='word_1_308' title='bbox 1484 2656 1872 2730; x_wconf 83' lang='grc' dir='ltr'><strong>Ἱεροσολύμων</strong></span> <span class='ocrx_word' id='word_1_309' title='bbox 1928 2662 2059 2714; x_wconf 85' lang='grc' dir='ltr'><strong>ποτὲ</strong></span> 
     </span>
    </p>
   </div>
   <div class='ocr_carea' id='block_1_44' title="bbox 475 2745 2060 2822">
    <p class='ocr_par' dir='ltr' id='par_1_44' title="bbox 475 2745 2060 2822">
     <span class='ocr_line' id='line_1_44' title="bbox 475 2745 2060 2822; baseline 0.001 -19"><span class='ocrx_word' id='word_1_310' title='bbox 475 2752 504 2803; x_wconf 95' lang='lat'><strong>6</strong></span> <span class='ocrx_word' id='word_1_311' title='bbox 536 2746 815 2815; x_wconf 81' lang='grc' dir='ltr'><strong>Ἀσσύριος</strong></span> <span class='ocrx_word' id='word_1_312' title='bbox 836 2745 934 2817; x_wconf 84' lang='grc' dir='ltr'><strong>τὴν</strong></span> <span class='ocrx_word' id='word_1_313' title='bbox 957 2745 1050 2798; x_wconf 91' lang='grc' dir='ltr'><strong>τοῦ</strong></span> <span class='ocrx_word' id='word_1_314' title='bbox 1077 2745 1206 2799; x_wconf 83' lang='grc' dir='ltr'><strong>ναοῦ</strong></span> <span class='ocrx_word' id='word_1_315' title='bbox 1236 2745 1556 2816; x_wconf 86' lang='grc' dir='ltr'><strong>καθαίρεσιν</strong></span> <span class='ocrx_word' id='word_1_316' title='bbox 1572 2746 1680 2800; x_wconf 88' lang='grc' dir='ltr'><strong>τῶν</strong></span> <span class='ocrx_word' id='word_1_317' title='bbox 1708 2749 2060 2822; x_wconf 86' lang='grc' dir='ltr'><strong>Ἰσραηλιτῶν</strong></span> 
     </span>
    </p>
   </div>
   <div class='ocr_carea' id='block_1_45' title="bbox 475 2830 2060 2913">
    <p class='ocr_par' dir='ltr' id='par_1_45' title="bbox 475 2830 2060 2913">
     <span class='ocr_line' id='line_1_45' title="bbox 475 2830 2060 2913; baseline 0.003 -22"><span class='ocrx_word' id='word_1_318' title='bbox 475 2837 876 2907; x_wconf 85' lang='grc' dir='ltr'><strong>κατειργάσατο</strong></span> <span class='ocrx_word' id='word_1_319' title='bbox 914 2852 927 2865; x_wconf 82' lang='lat'><strong><em>°</em></strong></span> <span class='ocrx_word' id='word_1_320' title='bbox 962 2834 1106 2889; x_wconf 77' lang='grc' dir='ltr'><strong>οὕτω</strong></span> <span class='ocrx_word' id='word_1_321' title='bbox 1150 2836 1244 2889; x_wconf 77' lang='grc' dir='ltr'><strong>καὶ</strong></span> <span class='ocrx_word' id='word_1_322' title='bbox 1279 2830 1431 2899; x_wconf 76' lang='grc' dir='ltr'><strong>οὗτος</strong></span> <span class='ocrx_word' id='word_1_323' title='bbox 1454 2838 1784 2907; x_wconf 76' lang='grc' dir='ltr'><strong>Δημοσθένει</strong></span> <span class='ocrx_word' id='word_1_324' title='bbox 1815 2842 1941 2907; x_wconf 79' lang='grc' dir='ltr'><strong>τινὶ,</strong></span> <span class='ocrx_word' id='word_1_325' title='bbox 1982 2842 2060 2913; x_wconf 81' lang='grc' dir='ltr'><strong>τῷ</strong></span> 
     </span>
    </p>
   </div>
   <div class='ocr_carea' id='block_1_46' title="bbox 477 2925 2057 3001">
    <p class='ocr_par' dir='ltr' id='par_1_46' title="bbox 477 2925 2057 3001">
     <span class='ocr_line' id='line_1_46' title="bbox 477 2925 2057 3001; baseline 0.001 -18"><span class='ocrx_word' id='word_1_326' title='bbox 477 2928 694 2983; x_wconf 74' lang='grc' dir='ltr'><strong>ἐπὶτῶν</strong></span> <span class='ocrx_word' id='word_1_327' title='bbox 717 2928 861 2998; x_wconf 69' lang='grc' dir='ltr'><strong>ὄψων</strong></span> <span class='ocrx_word' id='word_1_328' title='bbox 894 2925 1212 2996; x_wconf 85' lang='grc' dir='ltr'><strong>τεταγμένῳ</strong></span> <span class='ocrx_word' id='word_1_329' title='bbox 1246 2927 1340 2979; x_wconf 75' lang='grc' dir='ltr'><strong>καὶ</strong></span> <span class='ocrx_word' id='word_1_330' title='bbox 1375 2926 1484 2980; x_wconf 89' lang='grc' dir='ltr'><strong>τῶν</strong></span> <span class='ocrx_word' id='word_1_331' title='bbox 1517 2928 1794 2999; x_wconf 84' lang='grc' dir='ltr'><strong>μαγείρων</strong></span> <span class='ocrx_word' id='word_1_332' title='bbox 1816 2932 2057 3001; x_wconf 77' lang='grc' dir='ltr'><strong>ἄρχοντι,</strong></span> 
     </span>
    </p>
   </div>
   <div class='ocr_carea' id='block_1_47' title="bbox 476 3016 2060 3094">
    <p class='ocr_par' dir='ltr' id='par_1_47' title="bbox 476 3016 2060 3094">
     <span class='ocr_line' id='line_1_47' title="bbox 476 3016 2060 3094; baseline 0.003 -21"><span class='ocrx_word' id='word_1_333' title='bbox 476 3020 551 3084; x_wconf 83' lang='grc' dir='ltr'><strong>ὡς</strong></span> <span class='ocrx_word' id='word_1_334' title='bbox 601 3018 918 3090; x_wconf 86' lang='grc' dir='ltr'><strong>ίταμωτέρῳ</strong></span> <span class='ocrx_word' id='word_1_335' title='bbox 949 3017 1058 3071; x_wconf 88' lang='grc' dir='ltr'><strong>τῶν</strong></span> <span class='ocrx_word' id='word_1_336' title='bbox 1099 3016 1273 3072; x_wconf 78' lang='grc' dir='ltr'><strong>ἄλλων</strong></span> <span class='ocrx_word' id='word_1_337' title='bbox 1315 3018 1414 3088; x_wconf 86' lang='grc' dir='ltr'><strong>τὴν</strong></span> <span class='ocrx_word' id='word_1_338' title='bbox 1457 3018 1711 3091; x_wconf 84' lang='grc' dir='ltr'><strong>τοιαύτην</strong></span> <span class='ocrx_word' id='word_1_339' title='bbox 1758 3022 2060 3094; x_wconf 80' lang='grc' dir='ltr'><strong>ὑπηρεσίαν</strong></span> 
     </span>
    </p>
   </div>
   <div class='ocr_carea' id='block_1_48' title="bbox 2160 1917 3737 1979">
    <p class='ocr_par' dir='ltr' id='par_1_48' title="bbox 2160 1917 3737 1979">
     <span class='ocr_line' id='line_1_48' title="bbox 2160 1917 3737 1979; baseline 0 -7"><span class='ocrx_word' id='word_1_340' title='bbox 2160 1918 2408 1973; x_wconf 76' lang='lat' dir='ltr'><strong>cohibuit</strong></span> <span class='ocrx_word' id='word_1_341' title='bbox 2458 1927 2513 1973; x_wconf 94' lang='lat' dir='ltr'><strong>et</strong></span> <span class='ocrx_word' id='word_1_342' title='bbox 2565 1918 2783 1979; x_wconf 87' lang='lat' dir='ltr'><strong>avertit,</strong></span> <span class='ocrx_word' id='word_1_343' title='bbox 2840 1918 2994 1974; x_wconf 88' lang='lat' dir='ltr'><strong>solus</strong></span> <span class='ocrx_word' id='word_1_344' title='bbox 3043 1917 3373 1973; x_wconf 87' lang='lat' dir='ltr'><strong>calamitatis</strong></span> <span class='ocrx_word' id='word_1_345' title='bbox 3432 1918 3737 1972; x_wconf 89' lang='lat' dir='ltr'><strong>incursioni</strong></span> 
     </span>
    </p>
   </div>
   <div class='ocr_carea' id='block_1_49' title="bbox 2161 2009 3739 2081">
    <p class='ocr_par' dir='ltr' id='par_1_49' title="bbox 2161 2009 3739 2081">
     <span class='ocr_line' id='line_1_49' title="bbox 2161 2009 3739 2081; baseline 0.001 -17"><span class='ocrx_word' id='word_1_346' title='bbox 2161 2010 2572 2079; x_wconf 64' lang='lat' dir='ltr'><strong>compescenda</strong></span> <span class='ocrx_word' id='word_1_347' title='bbox 2630 2009 2906 2065; x_wconf 79' lang='lat' dir='ltr'><strong>suﬁicicns</strong></span> <span class='ocrx_word' id='word_1_348' title='bbox 2958 2018 3015 2064; x_wconf 93' lang='lat' dir='ltr'><strong>et</strong></span> <span class='ocrx_word' id='word_1_349' title='bbox 3072 2020 3255 2079; x_wconf 91' lang='lat' dir='ltr'><strong>aptus,</strong></span> <span class='ocrx_word' id='word_1_350' title='bbox 3307 2011 3479 2065; x_wconf 89' lang='lat' dir='ltr'><strong>instar</strong></span> <span class='ocrx_word' id='word_1_351' title='bbox 3531 2026 3739 2081; x_wconf 62' lang='lat' dir='ltr'><strong>magna:</strong></span> 
     </span>
    </p>
   </div>
   <div class='ocr_carea' id='block_1_50' title="bbox 2159 2101 3740 2175">
    <p class='ocr_par' dir='ltr' id='par_1_50' title="bbox 2159 2101 3740 2175">
     <span class='ocr_line' id='line_1_50' title="bbox 2159 2101 3740 2175; baseline 0.004 -21"><span class='ocrx_word' id='word_1_352' title='bbox 2159 2101 2449 2171; x_wconf 86' lang='lat' dir='ltr'><strong>cujusdam</strong></span> <span class='ocrx_word' id='word_1_353' title='bbox 2494 2110 2548 2156; x_wconf 91' lang='lat' dir='ltr'><strong>et</strong></span> <span class='ocrx_word' id='word_1_354' title='bbox 2579 2102 2874 2158; x_wconf 89' lang='lat' dir='ltr'><strong>immobilis</strong></span> <span class='ocrx_word' id='word_1_355' title='bbox 2905 2110 3073 2171; x_wconf 71' lang='lat' dir='ltr'><strong>petras</strong></span> <span class='ocrx_word' id='word_1_356' title='bbox 3111 2102 3359 2169; x_wconf 60' lang='lat' dir='ltr'><strong>marinae,</strong></span> <span class='ocrx_word' id='word_1_357' title='bbox 3392 2120 3514 2175; x_wconf 71' lang='lat' dir='ltr'><strong>qua:</strong></span> <span class='ocrx_word' id='word_1_358' title='bbox 3550 2114 3740 2161; x_wconf 87' lang='lat' dir='ltr'><strong>vastos</strong></span> 
     </span>
    </p>
   </div>
   <div class='ocr_carea' id='block_1_51' title="bbox 2161 2177 3363 2264">
    <p class='ocr_par' dir='ltr' id='par_1_51' title="bbox 2161 2177 3363 2264">
     <span class='ocr_line' id='line_1_51' title="bbox 2161 2177 3363 2264; baseline 0.001 -18"><span class='ocrx_word' id='word_1_359' title='bbox 2161 2194 2332 2247; x_wconf 92' lang='lat' dir='ltr'><strong>maris</strong></span> <span class='ocrx_word' id='word_1_360' title='bbox 2360 2177 2561 2248; x_wconf 74' lang='lat' dir='ltr'><strong>tinctus</strong></span> <span class='ocrx_word' id='word_1_361' title='bbox 2588 2195 2730 2249; x_wconf 89' lang='lat' dir='ltr'><strong>mole</strong></span> <span class='ocrx_word' id='word_1_362' title='bbox 2759 2209 2856 2248; x_wconf 93' lang='lat' dir='ltr'><strong>sua</strong></span> <span class='ocrx_word' id='word_1_363' title='bbox 2890 2193 3088 2264; x_wconf 82' lang='lat' dir='ltr'><strong>frangit</strong></span> <span class='ocrx_word' id='word_1_364' title='bbox 3117 2202 3170 2248; x_wconf 90' lang='lat' dir='ltr'><strong>et</strong></span> <span class='ocrx_word' id='word_1_365' title='bbox 3191 2194 3363 2249; x_wconf 90' lang='lat' dir='ltr'><strong>elidit.</strong></span> 
     </span>
    </p>
   </div>
   <div class='ocr_carea' id='block_1_52' title="bbox 2231 2284 3741 2357">
    <p class='ocr_par' dir='ltr' id='par_1_52' title="bbox 2231 2284 3741 2357">
     <span class='ocr_line' id='line_1_52' title="bbox 2231 2284 3741 2357; baseline 0.002 -19"><span class='ocrx_word' id='word_1_366' title='bbox 2231 2284 2420 2355; x_wconf 83' lang='lat' dir='ltr'><strong>Neque</strong></span> <span class='ocrx_word' id='word_1_367' title='bbox 2457 2285 2549 2340; x_wconf 89' lang='lat' dir='ltr'><strong>hic</strong></span> <span class='ocrx_word' id='word_1_368' title='bbox 2593 2285 2911 2341; x_wconf 84' lang='lat' dir='ltr'><strong>certaminis</strong></span> <span class='ocrx_word' id='word_1_369' title='bbox 2954 2287 3078 2339; x_wconf 87' lang='lat' dir='ltr'><strong>ﬁnis</strong></span> <span class='ocrx_word' id='word_1_370' title='bbox 3112 2285 3233 2340; x_wconf 78' lang='lat' dir='ltr'><strong>fuit.</strong></span> <span class='ocrx_word' id='word_1_371' title='bbox 3278 2284 3395 2356; x_wconf 91' lang='lat' dir='ltr'><strong>Ipse</strong></span> <span class='ocrx_word' id='word_1_372' title='bbox 3443 2296 3741 2357; x_wconf 78' lang='lat' dir='ltr'><strong>imperator</strong></span> 
     </span>
    </p>
   </div>
   <div class='ocr_carea' id='block_1_53' title="bbox 2162 2375 3742 2449">
    <p class='ocr_par' dir='ltr' id='par_1_53' title="bbox 2162 2375 3742 2449">
     <span class='ocr_line' id='line_1_53' title="bbox 2162 2375 3742 2449; baseline 0.003 -20"><span class='ocrx_word' id='word_1_373' title='bbox 2162 2375 2440 2430; x_wconf 82' lang='lat' dir='ltr'><strong>fortunam</strong></span> <span class='ocrx_word' id='word_1_374' title='bbox 2470 2378 2773 2447; x_wconf 87' lang='lat' dir='ltr'><strong>experitur,</strong></span> <span class='ocrx_word' id='word_1_375' title='bbox 2801 2379 2881 2431; x_wconf 88' lang='lat' dir='ltr'><strong>ira</strong></span> <span class='ocrx_word' id='word_1_376' title='bbox 2902 2376 3295 2442; x_wconf 83' lang='lat' dir='ltr'><strong>inﬂammatus,</strong></span> <span class='ocrx_word' id='word_1_377' title='bbox 3327 2378 3469 2448; x_wconf 91' lang='lat' dir='ltr'><strong>quod</strong></span> <span class='ocrx_word' id='word_1_378' title='bbox 3502 2380 3742 2449; x_wconf 85' lang='lat' dir='ltr'><strong>primum</strong></span> 
     </span>
    </p>
   </div>
   <div class='ocr_carea' id='block_1_54' title="bbox 2161 2468 3744 2539">
    <p class='ocr_par' dir='ltr' id='par_1_54' title="bbox 2161 2468 3744 2539">
     <span class='ocr_line' id='line_1_54' title="bbox 2161 2468 3744 2539; baseline 0.002 -18"><span class='ocrx_word' id='word_1_379' title='bbox 2161 2476 2419 2521; x_wconf 91' lang='lat' dir='ltr'><strong>conatum</strong></span> <span class='ocrx_word' id='word_1_380' title='bbox 2443 2484 2511 2522; x_wconf 85' lang='lat' dir='ltr'><strong>ex</strong></span> <span class='ocrx_word' id='word_1_381' title='bbox 2526 2476 2655 2522; x_wconf 90' lang='lat' dir='ltr'><strong>voto</strong></span> <span class='ocrx_word' id='word_1_382' title='bbox 2684 2483 2796 2523; x_wconf 93' lang='lat' dir='ltr'><strong>non</strong></span> <span class='ocrx_word' id='word_1_383' title='bbox 2842 2469 3181 2524; x_wconf 89' lang='lat' dir='ltr'><strong>successisse</strong></span> <span class='ocrx_word' id='word_1_384' title='bbox 3198 2469 3429 2525; x_wconf 88' lang='lat' dir='ltr'><strong>videret.</strong></span> <span class='ocrx_word' id='word_1_385' title='bbox 3465 2468 3532 2522; x_wconf 88' lang='lat' dir='ltr'><strong>Et</strong></span> <span class='ocrx_word' id='word_1_386' title='bbox 3551 2487 3744 2539; x_wconf 88' lang='lat' dir='ltr'><strong>quem-</strong></span> 
     </span>
    </p>
   </div>
   <div class='ocr_carea' id='block_1_55' title="bbox 2162 2559 3741 2632">
    <p class='ocr_par' dir='ltr' id='par_1_55' title="bbox 2162 2559 3741 2632">
     <span class='ocr_line' id='line_1_55' title="bbox 2162 2559 3741 2632; baseline 0.003 -20"><span class='ocrx_word' id='word_1_387' title='bbox 2162 2559 2455 2614; x_wconf 88' lang='lat' dir='ltr'><strong>admodum</strong></span> <span class='ocrx_word' id='word_1_388' title='bbox 2544 2560 2676 2614; x_wconf 91' lang='lat' dir='ltr'><strong>olim</strong></span> <span class='ocrx_word' id='word_1_389' title='bbox 2758 2576 2855 2615; x_wconf 79' lang='lat' dir='ltr'><strong>rex</strong></span> <span class='ocrx_word' id='word_1_390' title='bbox 2946 2561 3297 2631; x_wconf 83' lang='lat' dir='ltr'><strong>Assyriorum</strong></span> <span class='ocrx_word' id='word_1_391' title='bbox 3380 2577 3547 2632; x_wconf 84' lang='lat' dir='ltr'><strong>Opera</strong></span> <span class='ocrx_word' id='word_1_392' title='bbox 3620 2564 3741 2617; x_wconf 91' lang='lat' dir='ltr'><strong>coci</strong></span> 
     </span>
    </p>
   </div>
   <div class='ocr_carea' id='block_1_56' title="bbox 2161 2650 3741 2726">
    <p class='ocr_par' dir='ltr' id='par_1_56' title="bbox 2161 2650 3741 2726">
     <span class='ocr_line' id='line_1_56' title="bbox 2161 2650 3741 2726; baseline 0.004 -23"><span class='ocrx_word' id='word_1_393' title='bbox 2161 2651 2448 2721; x_wconf 87' lang='lat' dir='ltr'><strong>cujusdam</strong></span> <span class='ocrx_word' id='word_1_394' title='bbox 2483 2650 2865 2717; x_wconf 81' lang='lat' dir='ltr'><strong>Nebuzardan,</strong></span> <span class='ocrx_word' id='word_1_395' title='bbox 2900 2653 3164 2722; x_wconf 88' lang='lat' dir='ltr'><strong>templum</strong></span> <span class='ocrx_word' id='word_1_396' title='bbox 3186 2652 3741 2726; x_wconf 85' lang='lat' dir='ltr'><strong>Hierosolymitanum</strong></span> 
     </span>
    </p>
   </div>
   <div class='ocr_carea' id='block_1_57' title="bbox 2160 2745 3745 2817">
    <p class='ocr_par' dir='ltr' id='par_1_57' title="bbox 2160 2745 3745 2817">
     <span class='ocr_line' id='line_1_57' title="bbox 2160 2745 3745 2817; baseline 0.002 -18"><span class='ocrx_word' id='word_1_397' title='bbox 2160 2746 2356 2800; x_wconf 87' lang='lat' dir='ltr'><strong>evertit</strong></span> <span class='ocrx_word' id='word_1_398' title='bbox 2386 2746 2465 2799; x_wconf 75' lang='grc' dir='ltr'><strong>ὀε</strong></span> <span class='ocrx_word' id='word_1_399' title='bbox 2497 2746 2574 2800; x_wconf 87' lang='lat' dir='ltr'><strong>ita</strong></span> <span class='ocrx_word' id='word_1_400' title='bbox 2612 2754 2667 2801; x_wconf 92' lang='lat' dir='ltr'><strong>et</strong></span> <span class='ocrx_word' id='word_1_401' title='bbox 2706 2747 2811 2801; x_wconf 92' lang='lat' dir='ltr'><strong>iste</strong></span> <span class='ocrx_word' id='word_1_402' title='bbox 2859 2745 3208 2801; x_wconf 88' lang='lat' dir='ltr'><strong>Demostheni</strong></span> <span class='ocrx_word' id='word_1_403' title='bbox 3244 2748 3465 2802; x_wconf 86' lang='lat' dir='ltr'><strong>cuidam</strong></span> <span class='ocrx_word' id='word_1_404' title='bbox 3519 2763 3745 2817; x_wconf 85' lang='lat' dir='ltr'><strong>promo-</strong></span> 
     </span>
    </p>
   </div>
   <div class='ocr_carea' id='block_1_58' title="bbox 2160 2837 3742 2910">
    <p class='ocr_par' dir='ltr' id='par_1_58' title="bbox 2160 2837 3742 2910">
     <span class='ocr_line' id='line_1_58' title="bbox 2160 2837 3742 2910; baseline 0.004 -19"><span class='ocrx_word' id='word_1_405' title='bbox 2160 2837 2363 2900; x_wconf 90' lang='lat' dir='ltr'><strong>condo,</strong></span> <span class='ocrx_word' id='word_1_406' title='bbox 2418 2844 2474 2892; x_wconf 89' lang='lat' dir='ltr'><strong>et</strong></span> <span class='ocrx_word' id='word_1_407' title='bbox 2516 2838 2665 2893; x_wconf 92' lang='lat' dir='ltr'><strong>cocis</strong></span> <span class='ocrx_word' id='word_1_408' title='bbox 2715 2838 2991 2908; x_wconf 56' lang='lat' dir='ltr'><strong>praefecto,</strong></span> <span class='ocrx_word' id='word_1_409' title='bbox 3030 2839 3267 2910; x_wconf 88' lang='lat' dir='ltr'><strong>aliisque</strong></span> <span class='ocrx_word' id='word_1_410' title='bbox 3323 2841 3742 2910; x_wconf 87' lang='lat' dir='ltr'><strong>impudentiori,</strong></span> 
     </span>
    </p>
   </div>
   <div class='ocr_carea' id='block_1_59' title="bbox 2162 2928 3745 2999">
    <p class='ocr_par' dir='ltr' id='par_1_59' title="bbox 2162 2928 3745 2999">
     <span class='ocr_line' id='line_1_59' title="bbox 2162 2928 3745 2999; baseline 0.003 -18"><span class='ocrx_word' id='word_1_411' title='bbox 2162 2928 2265 2983; x_wconf 89' lang='lat' dir='ltr'><strong>hac</strong></span> <span class='ocrx_word' id='word_1_412' title='bbox 2302 2928 2587 2999; x_wconf 78' lang='lat' dir='ltr'><strong>provincia</strong></span> <span class='ocrx_word' id='word_1_413' title='bbox 2621 2928 2969 2993; x_wconf 88' lang='lat' dir='ltr'><strong>demandata,</strong></span> <span class='ocrx_word' id='word_1_414' title='bbox 3018 2930 3276 2998; x_wconf 86' lang='lat' dir='ltr'><strong>sperabat</strong></span> <span class='ocrx_word' id='word_1_415' title='bbox 3319 2946 3379 2985; x_wconf 90' lang='lat' dir='ltr'><strong>se</strong></span> <span class='ocrx_word' id='word_1_416' title='bbox 3412 2937 3745 2985; x_wconf 85' lang='lat' dir='ltr'><strong>consecutu-</strong></span> 
     </span>
    </p>
   </div>
   <div class='ocr_carea' id='block_1_60' title="bbox 2163 3018 3746 3090">
    <p class='ocr_par' dir='ltr' id='par_1_60' title="bbox 2163 3018 3746 3090">
     <span class='ocr_line' id='line_1_60' title="bbox 2163 3018 3746 3090; baseline 0.003 -18"><span class='ocrx_word' id='word_1_417' title='bbox 2163 3035 2283 3073; x_wconf 90' lang='lat' dir='ltr'><strong>rum</strong></span> <span class='ocrx_word' id='word_1_418' title='bbox 2316 3020 2623 3074; x_wconf 88' lang='lat' dir='ltr'><strong>victoriam.</strong></span> <span class='ocrx_word' id='word_1_419' title='bbox 2654 3018 2851 3073; x_wconf 89' lang='lat' dir='ltr'><strong>Omnia</strong></span> <span class='ocrx_word' id='word_1_420' title='bbox 2876 3020 3041 3089; x_wconf 85' lang='lat' dir='ltr'><strong>igitur</strong></span> <span class='ocrx_word' id='word_1_421' title='bbox 3069 3020 3163 3074; x_wconf 90' lang='lat' dir='ltr'><strong>illo</strong></span> <span class='ocrx_word' id='word_1_422' title='bbox 3194 3019 3481 3083; x_wconf 85' lang='lat' dir='ltr'><strong>miscente,</strong></span> <span class='ocrx_word' id='word_1_423' title='bbox 3505 3021 3746 3090; x_wconf 89' lang='lat' dir='ltr'><strong>etimpio</strong></span> 
     </span>
    </p>
   </div>
   <div class='ocr_carea' id='block_1_61' title="bbox 477 3110 2061 3204">
    <p class='ocr_par' dir='ltr' id='par_1_61' title="bbox 477 3110 2055 3189">
     <span class='ocr_line' id='line_1_61' title="bbox 477 3110 2055 3189; baseline 0.002 -23"><span class='ocrx_word' id='word_1_424' title='bbox 477 3111 808 3183; x_wconf 80' lang='grc' dir='ltr'><strong>προστάξας,</strong></span> <span class='ocrx_word' id='word_1_425' title='bbox 844 3112 1138 3183; x_wconf 82' lang='grc' dir='ltr'><strong>κρατήσειν</strong></span> <span class='ocrx_word' id='word_1_426' title='bbox 1188 3110 1325 3180; x_wconf 78' lang='grc' dir='ltr'><strong>ᾤετο</strong></span> <span class='ocrx_word' id='word_1_427' title='bbox 1371 3110 1466 3165; x_wconf 93' lang='grc' dir='ltr'><strong>τοῦ</strong></span> <span class='ocrx_word' id='word_1_428' title='bbox 1500 3112 1701 3177; x_wconf 86' lang='grc' dir='ltr'><strong>παντὸς</strong></span> <span class='ocrx_word' id='word_1_429' title='bbox 1729 3114 2055 3189; x_wconf 79' lang='grc' dir='ltr'><strong>ἐγχειρήμα-</strong></span> 
     </span>
    </p>
   </div>
   <div class='ocr_carea' id='block_1_62' title="bbox 2163 3110 3748 3204">
    <p class='ocr_par' dir='ltr' id='par_1_62' title="bbox 2163 3110 3748 3181">
     <span class='ocr_line' id='line_1_62' title="bbox 2163 3110 3748 3181; baseline 0.003 -18"><span class='ocrx_word' id='word_1_430' title='bbox 2163 3110 2397 3181; x_wconf 84' lang='lat' dir='ltr'><strong>quodam</strong></span> <span class='ocrx_word' id='word_1_431' title='bbox 2429 3127 2496 3165; x_wconf 84' lang='lat' dir='ltr'><strong>ex</strong></span> <span class='ocrx_word' id='word_1_432' title='bbox 2530 3110 2763 3180; x_wconf 80' lang='lat' dir='ltr'><strong>Illyrico,</strong></span> <span class='ocrx_word' id='word_1_433' title='bbox 2795 3111 2889 3180; x_wconf 90' lang='lat' dir='ltr'><strong>qui</strong></span> <span class='ocrx_word' id='word_1_434' title='bbox 2917 3111 3145 3167; x_wconf 84' lang='lat' dir='ltr'><strong>tabellas</strong></span> <span class='ocrx_word' id='word_1_435' title='bbox 3174 3128 3341 3167; x_wconf 88' lang='lat' dir='ltr'><strong>manu</strong></span> <span class='ocrx_word' id='word_1_436' title='bbox 3373 3112 3602 3177; x_wconf 82' lang='lat' dir='ltr'><strong>ferebat,</strong></span> <span class='ocrx_word' id='word_1_437' title='bbox 3626 3129 3748 3168; x_wconf 87' lang='lat' dir='ltr'><strong>om-</strong></span> 
     </span>
    </p>
   </div>
   <div class='ocr_carea' id='block_1_63' title="bbox 475 3203 2061 3273">
    <p class='ocr_par' dir='ltr' id='par_1_63' title="bbox 475 3203 2061 3273">
     <span class='ocr_line' id='line_1_63' title="bbox 475 3203 2061 3273; baseline 0.002 -15"><span class='ocrx_word' id='word_1_438' title='bbox 475 3220 591 3269; x_wconf 87' lang='grc' dir='ltr'><strong>τος.</strong></span> <span class='ocrx_word' id='word_1_439' title='bbox 644 3206 831 3258; x_wconf 88' lang='grc' dir='ltr'><strong>Πάντα</strong></span> <span class='ocrx_word' id='word_1_440' title='bbox 875 3203 1054 3257; x_wconf 87' lang='grc' dir='ltr'><strong>τοίνυν</strong></span> <span class='ocrx_word' id='word_1_441' title='bbox 1104 3203 1312 3256; x_wconf 76' lang='grc' dir='ltr'><strong>ἐκείνου</strong></span> <span class='ocrx_word' id='word_1_442' title='bbox 1345 3203 1733 3273; x_wconf 90' lang='grc' dir='ltr'><strong>διακυκῶντος,</strong></span> <span class='ocrx_word' id='word_1_443' title='bbox 1771 3207 1864 3260; x_wconf 90' lang='grc' dir='ltr'><strong>καί</strong></span> <span class='ocrx_word' id='word_1_444' title='bbox 1916 3225 2061 3271; x_wconf 84' lang='grc' dir='ltr'><strong>τινος</strong></span> 
     </span>
    </p>
   </div>
   <div class='ocr_carea' id='block_1_64' title="bbox 476 3296 2061 3370">
    <p class='ocr_par' dir='ltr' id='par_1_64' title="bbox 476 3296 2061 3370">
     <span class='ocr_line' id='line_1_64' title="bbox 476 3296 2061 3370; baseline 0.001 -18"><span class='ocrx_word' id='word_1_445' title='bbox 476 3298 585 3352; x_wconf 89' lang='grc' dir='ltr'><strong>τῶν</strong></span> <span class='ocrx_word' id='word_1_446' title='bbox 614 3299 679 3351; x_wconf 82' lang='grc' dir='ltr'><strong>ὲκ</strong></span> <span class='ocrx_word' id='word_1_447' title='bbox 711 3297 805 3351; x_wconf 91' lang='grc' dir='ltr'><strong>τοῦ</strong></span> <span class='ocrx_word' id='word_1_448' title='bbox 853 3296 1145 3368; x_wconf 86' lang='grc' dir='ltr'><strong>Ἰλλυρικοῦ</strong></span> <span class='ocrx_word' id='word_1_449' title='bbox 1179 3296 1459 3367; x_wconf 84' lang='grc' dir='ltr'><strong>θεομάχων</strong></span> <span class='ocrx_word' id='word_1_450' title='bbox 1491 3299 1716 3353; x_wconf 88' lang='grc' dir='ltr'><strong>πυκτίον</strong></span> <span class='ocrx_word' id='word_1_451' title='bbox 1760 3300 1974 3370; x_wconf 83' lang='grc' dir='ltr'><strong>ἔχοντος</strong></span> <span class='ocrx_word' id='word_1_452' title='bbox 2004 3305 2061 3355; x_wconf 85' lang='grc' dir='ltr'><strong>ὲν</strong></span> 
     </span>
    </p>
   </div>
   <div class='ocr_carea' id='block_1_65' title="bbox 476 3388 2063 3465">
    <p class='ocr_par' dir='ltr' id='par_1_65' title="bbox 476 3388 2063 3465">
     <span class='ocr_line' id='line_1_65' title="bbox 476 3388 2063 3465; baseline 0.001 -21"><span class='ocrx_word' id='word_1_453' title='bbox 476 3393 653 3464; x_wconf 72' lang='grc' dir='ltr'><strong>χερσὶ,</strong></span> <span class='ocrx_word' id='word_1_454' title='bbox 684 3391 778 3443; x_wconf 73' lang='grc' dir='ltr'><strong>καὶ</strong></span> <span class='ocrx_word' id='word_1_455' title='bbox 813 3390 939 3452; x_wconf 83' lang='grc' dir='ltr'><strong>τοὺς</strong></span> <span class='ocrx_word' id='word_1_456' title='bbox 964 3390 1023 3441; x_wconf 87' lang='grc' dir='ltr'><strong>ὲν</strong></span> <span class='ocrx_word' id='word_1_457' title='bbox 1054 3388 1199 3443; x_wconf 88' lang='grc' dir='ltr'><strong>τέλει</strong></span> <span class='ocrx_word' id='word_1_458' title='bbox 1247 3389 1456 3454; x_wconf 83' lang='grc' dir='ltr'><strong>πάντας</strong></span> <span class='ocrx_word' id='word_1_459' title='bbox 1490 3390 1627 3460; x_wconf 81' lang='grc' dir='ltr'><strong>πρὸς</strong></span> <span class='ocrx_word' id='word_1_460' title='bbox 1678 3392 1838 3445; x_wconf 90' lang='grc' dir='ltr'><strong>τοῦτο</strong></span> <span class='ocrx_word' id='word_1_461' title='bbox 1884 3393 2063 3465; x_wconf 84' lang='grc' dir='ltr'><strong>ἀθροί-</strong></span> 
     </span>
    </p>
   </div>
   <div class='ocr_carea' id='block_1_66' title="bbox 479 3479 2060 3553">
    <p class='ocr_par' dir='ltr' id='par_1_66' title="bbox 479 3479 2060 3553">
     <span class='ocr_line' id='line_1_66' title="bbox 479 3479 2060 3553; baseline 0 -17"><span class='ocrx_word' id='word_1_462' title='bbox 479 3484 680 3548; x_wconf 79' lang='grc' dir='ltr'><strong>ζοντος,</strong></span> <span class='ocrx_word' id='word_1_463' title='bbox 700 3481 795 3535; x_wconf 74' lang='grc' dir='ltr'><strong>καὶ</strong></span> <span class='ocrx_word' id='word_1_464' title='bbox 826 3479 1205 3553; x_wconf 87' lang='grc' dir='ltr'><strong>χαλεπώτερον</strong></span> <span class='ocrx_word' id='word_1_465' title='bbox 1234 3481 1331 3551; x_wconf 86' lang='grc' dir='ltr'><strong>τῆς</strong></span> <span class='ocrx_word' id='word_1_466' title='bbox 1357 3480 1735 3553; x_wconf 89' lang='grc' dir='ltr'><strong>προλαϐούσης</strong></span> <span class='ocrx_word' id='word_1_467' title='bbox 1763 3483 1941 3553; x_wconf 86' lang='grc' dir='ltr'><strong>ὁρμῆς</strong></span> <span class='ocrx_word' id='word_1_468' title='bbox 1965 3484 2060 3536; x_wconf 83' lang='grc' dir='ltr'><strong>τοῦ</strong></span> 
     </span>
    </p>
   </div>
   <div class='ocr_carea' id='block_1_67' title="bbox 477 3569 2063 3641">
    <p class='ocr_par' dir='ltr' id='par_1_67' title="bbox 477 3569 2063 3641">
     <span class='ocr_line' id='line_1_67' title="bbox 477 3569 2063 3641; baseline -0.003 -14"><span class='ocrx_word' id='word_1_469' title='bbox 477 3573 753 3627; x_wconf 79' lang='grc' dir='ltr'><strong>Μοδέστου</strong></span> <span class='ocrx_word' id='word_1_470' title='bbox 802 3570 962 3625; x_wconf 86' lang='grc' dir='ltr'><strong>πάλιν</strong></span> <span class='ocrx_word' id='word_1_471' title='bbox 1004 3569 1108 3640; x_wconf 77' lang='grc' dir='ltr'><strong>τὴν</strong></span> <span class='ocrx_word' id='word_1_472' title='bbox 1158 3569 1328 3641; x_wconf 81' lang='grc' dir='ltr'><strong>ὀργὴν</strong></span> <span class='ocrx_word' id='word_1_473' title='bbox 1384 3570 1782 3640; x_wconf 81' lang='grc' dir='ltr'><strong>ἀναφλέξαντος</strong></span> <span class='ocrx_word' id='word_1_474' title='bbox 1810 3588 1825 3601; x_wconf 68' lang='grc' dir='ltr'><strong>θ</strong></span> <span class='ocrx_word' id='word_1_475' title='bbox 1860 3572 2063 3634; x_wconf 88' lang='grc' dir='ltr'><strong>πάντες</strong></span> 
     </span>
    </p>
   </div>
   <div class='ocr_carea' id='block_1_68' title="bbox 486 3661 2064 3737">
    <p class='ocr_par' dir='ltr' id='par_1_68' title="bbox 486 3661 2064 3737">
     <span class='ocr_line' id='line_1_68' title="bbox 486 3661 2064 3737; baseline -0.004 -18"><span class='ocrx_word' id='word_1_476' title='bbox 486 3666 585 3737; x_wconf 76' lang='grc' dir='ltr'><strong>μὲν</strong></span> <span class='ocrx_word' id='word_1_477' title='bbox 622 3664 995 3718; x_wconf 83' lang='grc' dir='ltr'><strong>συνεκινοῦντο</strong></span> <span class='ocrx_word' id='word_1_478' title='bbox 1020 3662 1156 3734; x_wconf 86' lang='grc' dir='ltr'><strong>πρὸς</strong></span> <span class='ocrx_word' id='word_1_479' title='bbox 1189 3662 1288 3733; x_wconf 85' lang='grc' dir='ltr'><strong>τὴν</strong></span> <span class='ocrx_word' id='word_1_480' title='bbox 1309 3661 1401 3714; x_wconf 86' lang='grc' dir='ltr'><strong>τοῦ</strong></span> <span class='ocrx_word' id='word_1_481' title='bbox 1426 3661 1687 3731; x_wconf 87' lang='grc' dir='ltr'><strong>βασιλέως</strong></span> <span class='ocrx_word' id='word_1_482' title='bbox 1715 3662 1904 3735; x_wconf 79' lang='grc' dir='ltr'><strong>ὀργὴν,</strong></span> <span class='ocrx_word' id='word_1_483' title='bbox 1939 3680 2064 3716; x_wconf 89' lang='grc' dir='ltr'><strong>συν-</strong></span> 
     </span>
    </p>
   </div>
   <div class='ocr_carea' id='block_1_69' title="bbox 482 3754 2062 3827">
    <p class='ocr_par' dir='ltr' id='par_1_69' title="bbox 482 3754 2062 3827">
     <span class='ocr_line' id='line_1_69' title="bbox 482 3754 2062 3827; baseline 0 -17"><span class='ocrx_word' id='word_1_484' title='bbox 482 3756 912 3825; x_wconf 87' lang='grc' dir='ltr'><strong>αγανακτοῦντες</strong></span> <span class='ocrx_word' id='word_1_485' title='bbox 927 3754 1078 3825; x_wconf 77' lang='grc' dir='ltr'><strong>αὐτῷ</strong></span> <span class='ocrx_word' id='word_1_486' title='bbox 1100 3754 1496 3824; x_wconf 83' lang='grc' dir='ltr'><strong>χαλεπαίνοντι,</strong></span> <span class='ocrx_word' id='word_1_487' title='bbox 1517 3757 1608 3811; x_wconf 75' lang='grc' dir='ltr'><strong>καὶ</strong></span> <span class='ocrx_word' id='word_1_488' title='bbox 1627 3756 1775 3826; x_wconf 88' lang='grc' dir='ltr'><strong>αύτῷ</strong></span> <span class='ocrx_word' id='word_1_489' title='bbox 1788 3757 1889 3827; x_wconf 79' lang='grc' dir='ltr'><strong>τῆς</strong></span> <span class='ocrx_word' id='word_1_490' title='bbox 1908 3754 2062 3822; x_wconf 75' lang='grc' dir='ltr'><strong>ἐξου-</strong></span> 
     </span>
    </p>
   </div>
   <div class='ocr_carea' id='block_1_70' title="bbox 486 3846 2061 3921">
    <p class='ocr_par' dir='ltr' id='par_1_70' title="bbox 486 3846 2061 3921">
     <span class='ocr_line' id='line_1_70' title="bbox 486 3846 2061 3921; baseline 0.001 -20"><span class='ocrx_word' id='word_1_491' title='bbox 486 3849 606 3912; x_wconf 90' lang='grc' dir='ltr'><strong>σίας</strong></span> <span class='ocrx_word' id='word_1_492' title='bbox 626 3847 781 3919; x_wconf 83' lang='grc' dir='ltr'><strong>θυμῷ</strong></span> <span class='ocrx_word' id='word_1_493' title='bbox 799 3846 1165 3918; x_wconf 77' lang='grc' dir='ltr'><strong>χαριζόμενοι·</strong></span> <span class='ocrx_word' id='word_1_494' title='bbox 1184 3846 1389 3909; x_wconf 85' lang='grc' dir='ltr'><strong>πάντες</strong></span> <span class='ocrx_word' id='word_1_495' title='bbox 1409 3846 1465 3899; x_wconf 86' lang='grc' dir='ltr'><strong>δὲ</strong></span> <span class='ocrx_word' id='word_1_496' title='bbox 1483 3846 1559 3917; x_wconf 82' lang='grc' dir='ltr'><strong>τῷ</strong></span> <span class='ocrx_word' id='word_1_497' title='bbox 1589 3846 1745 3917; x_wconf 83' lang='grc' dir='ltr'><strong>θυμῷ</strong></span> <span class='ocrx_word' id='word_1_498' title='bbox 1759 3848 1866 3901; x_wconf 91' lang='grc' dir='ltr'><strong>τῶν</strong></span> <span class='ocrx_word' id='word_1_499' title='bbox 1890 3866 2061 3921; x_wconf 89' lang='grc' dir='ltr'><strong>προσ-</strong></span> 
     </span>
    </p>
   </div>
   <div class='ocr_carea' id='block_1_71' title="bbox 483 3939 2064 4015">
    <p class='ocr_par' dir='ltr' id='par_1_71' title="bbox 483 3939 2064 4015">
     <span class='ocr_line' id='line_1_71' title="bbox 483 3939 2064 4015; baseline 0.002 -22"><span class='ocrx_word' id='word_1_500' title='bbox 483 3940 803 4011; x_wconf 86' lang='grc' dir='ltr'><strong>δοκωμένων</strong></span> <span class='ocrx_word' id='word_1_501' title='bbox 829 3939 1284 4012; x_wconf 84' lang='grc' dir='ltr'><strong>προκατέϐληντο.</strong></span> <span class='ocrx_word' id='word_1_502' title='bbox 1304 3939 1472 3996; x_wconf 88' lang='grc' dir='ltr'><strong>Πάλιν</strong></span> <span class='ocrx_word' id='word_1_503' title='bbox 1495 3939 1602 4013; x_wconf 82' lang='grc' dir='ltr'><strong>γάρ</strong></span> <span class='ocrx_word' id='word_1_504' title='bbox 1619 3943 1823 4006; x_wconf 75' lang='grc' dir='ltr'><strong>ἐκεῖνος</strong></span> <span class='ocrx_word' id='word_1_505' title='bbox 1837 3942 1865 3994; x_wconf 91' lang='lat'><strong>6</strong></span> <span class='ocrx_word' id='word_1_506' title='bbox 1892 3940 2064 4015; x_wconf 84' lang='grc' dir='ltr'><strong>ῦπαρ-</strong></span> 
     </span>
    </p>
   </div>
   <div class='ocr_carea' id='block_1_72' title="bbox 483 4032 2065 4105">
    <p class='ocr_par' dir='ltr' id='par_1_72' title="bbox 483 4032 2065 4105">
     <span class='ocr_line' id='line_1_72' title="bbox 483 4032 2065 4105; baseline 0.002 -19"><span class='ocrx_word' id='word_1_507' title='bbox 483 4049 603 4104; x_wconf 86' lang='grc' dir='ltr'><strong>χος·</strong></span> <span class='ocrx_word' id='word_1_508' title='bbox 640 4033 801 4087; x_wconf 89' lang='grc' dir='ltr'><strong>πάλιν</strong></span> <span class='ocrx_word' id='word_1_509' title='bbox 832 4032 1011 4102; x_wconf 82' lang='grc' dir='ltr'><strong>φόϐων</strong></span> <span class='ocrx_word' id='word_1_510' title='bbox 1037 4033 1453 4097; x_wconf 83' lang='grc' dir='ltr'><strong>ἐπαναστάσεις,</strong></span> <span class='ocrx_word' id='word_1_511' title='bbox 1481 4033 1590 4087; x_wconf 88' lang='grc' dir='ltr'><strong>τῶν</strong></span> <span class='ocrx_word' id='word_1_512' title='bbox 1620 4035 1903 4105; x_wconf 86' lang='grc' dir='ltr'><strong>προτέρων</strong></span> <span class='ocrx_word' id='word_1_513' title='bbox 1935 4053 2065 4105; x_wconf 80' lang='grc' dir='ltr'><strong>σφο-</strong></span> 
     </span>
    </p>
   </div>
   <div class='ocr_carea' id='block_1_73' title="bbox 482 4124 2063 4198">
    <p class='ocr_par' dir='ltr' id='par_1_73' title="bbox 482 4124 2063 4198">
     <span class='ocr_line' id='line_1_73' title="bbox 482 4124 2063 4198; baseline 0.001 -20"><span class='ocrx_word' id='word_1_514' title='bbox 482 4124 757 4197; x_wconf 80' lang='grc' dir='ltr'><strong>δρότεραι,</strong></span> <span class='ocrx_word' id='word_1_515' title='bbox 804 4126 899 4178; x_wconf 79' lang='grc' dir='ltr'><strong>καὶ</strong></span> <span class='ocrx_word' id='word_1_516' title='bbox 940 4124 1048 4178; x_wconf 90' lang='grc' dir='ltr'><strong>τῶν</strong></span> <span class='ocrx_word' id='word_1_517' title='bbox 1078 4124 1319 4177; x_wconf 85' lang='grc' dir='ltr'><strong>ἀπειλῶν</strong></span> <span class='ocrx_word' id='word_1_518' title='bbox 1356 4125 1663 4195; x_wconf 85' lang='grc' dir='ltr'><strong>προσθῆκαι</strong></span> <span class='ocrx_word' id='word_1_519' title='bbox 1700 4126 1795 4180; x_wconf 77' lang='grc' dir='ltr'><strong>καὶ</strong></span> <span class='ocrx_word' id='word_1_520' title='bbox 1826 4128 1855 4180; x_wconf 89' lang='grc' dir='ltr'><strong>ό</strong></span> <span class='ocrx_word' id='word_1_521' title='bbox 1892 4126 2063 4198; x_wconf 82' lang='grc' dir='ltr'><strong>θυμὸς</strong></span> 
     </span>
    </p>
   </div>
   <div class='ocr_carea' id='block_1_74' title="bbox 483 4217 2061 4291">
    <p class='ocr_par' dir='ltr' id='par_1_74' title="bbox 483 4217 2061 4291">
     <span class='ocr_line' id='line_1_74' title="bbox 483 4217 2061 4291; baseline 0.001 -20"><span class='ocrx_word' id='word_1_522' title='bbox 483 4218 864 4288; x_wconf 82' lang='grc' dir='ltr'><strong>ἀκμαιότερος,</strong></span> <span class='ocrx_word' id='word_1_523' title='bbox 893 4217 988 4269; x_wconf 67' lang='grc' dir='ltr'><strong>καὶ</strong></span> <span class='ocrx_word' id='word_1_524' title='bbox 1020 4219 1054 4288; x_wconf 84' lang='grc' dir='ltr'>ἡ</span> <span class='ocrx_word' id='word_1_525' title='bbox 1101 4217 1229 4287; x_wconf 79' lang='grc' dir='ltr'><strong>περὶ</strong></span> <span class='ocrx_word' id='word_1_526' title='bbox 1282 4217 1344 4270; x_wconf 77' lang='grc' dir='ltr'><strong>τὸ</strong></span> <span class='ocrx_word' id='word_1_527' title='bbox 1388 4218 1738 4289; x_wconf 87' lang='grc' dir='ltr'><strong>δικαστήριον</strong></span> <span class='ocrx_word' id='word_1_528' title='bbox 1764 4220 2061 4291; x_wconf 85' lang='grc' dir='ltr'><strong>τραγῳδία,</strong></span> 
     </span>
    </p>
   </div>
   <div class='ocr_carea' id='block_1_75' title="bbox 486 4308 2064 4382">
    <p class='ocr_par' dir='ltr' id='par_1_75' title="bbox 486 4308 2064 4382">
     <span class='ocr_line' id='line_1_75' title="bbox 486 4308 2064 4382; baseline 0.002 -20"><span class='ocrx_word' id='word_1_529' title='bbox 486 4310 746 4381; x_wconf 80' lang='grc' dir='ltr'><strong>κήρυκες,</strong></span> <span class='ocrx_word' id='word_1_530' title='bbox 788 4310 1107 4377; x_wconf 78' lang='grc' dir='ltr'><strong>εἰσαγωγεῖς</strong></span> <span class='ocrx_word' id='word_1_531' title='bbox 1131 4351 1146 4375; x_wconf 88' lang='grc'><strong>,</strong></span> <span class='ocrx_word' id='word_1_532' title='bbox 1185 4308 1468 4381; x_wconf 77' lang='grc' dir='ltr'><strong>ῥαϐδοῦχοι</strong></span> <span class='ocrx_word' id='word_1_533' title='bbox 1488 4350 1502 4369; x_wconf 86' lang='grc'><strong>.</strong></span> <span class='ocrx_word' id='word_1_534' title='bbox 1534 4310 1807 4377; x_wconf 86' lang='grc' dir='ltr'><strong>κιγκλίδες</strong></span> <span class='ocrx_word' id='word_1_535' title='bbox 1833 4350 1849 4375; x_wconf 89' lang='grc'><strong>,</strong></span> <span class='ocrx_word' id='word_1_536' title='bbox 1882 4329 2064 4382; x_wconf 90' lang='grc' dir='ltr'><strong>παρα-</strong></span> 
     </span>
    </p>
   </div>
   <div class='ocr_carea' id='block_1_76' title="bbox 486 4396 2065 4475">
    <p class='ocr_par' dir='ltr' id='par_1_76' title="bbox 486 4396 2065 4475">
     <span class='ocr_line' id='line_1_76' title="bbox 486 4396 2065 4475; baseline 0.002 -20"><span class='ocrx_word' id='word_1_537' title='bbox 486 4403 828 4473; x_wconf 85' lang='grc' dir='ltr'><strong>πετάσματα,</strong></span> <span class='ocrx_word' id='word_1_538' title='bbox 853 4402 920 4455; x_wconf 82' lang='grc' dir='ltr'><strong>δι’</strong></span> <span class='ocrx_word' id='word_1_539' title='bbox 949 4396 1025 4456; x_wconf 83' lang='grc' dir='ltr'><strong>ὧν</strong></span> <span class='ocrx_word' id='word_1_540' title='bbox 1062 4402 1301 4466; x_wconf 79' lang='grc' dir='ltr'><strong>εὐκόλως</strong></span> <span class='ocrx_word' id='word_1_541' title='bbox 1347 4403 1439 4455; x_wconf 75' lang='grc' dir='ltr'><strong>καὶ</strong></span> <span class='ocrx_word' id='word_1_542' title='bbox 1465 4404 1534 4456; x_wconf 84' lang='grc' dir='ltr'><strong>τά</strong></span> <span class='ocrx_word' id='word_1_543' title='bbox 1562 4403 1669 4456; x_wconf 91' lang='grc' dir='ltr'><strong>τῶν</strong></span> <span class='ocrx_word' id='word_1_544' title='bbox 1692 4404 1897 4475; x_wconf 79' lang='grc' dir='ltr'><strong>σφόδρα</strong></span> <span class='ocrx_word' id='word_1_545' title='bbox 1924 4421 2065 4475; x_wconf 87' lang='grc' dir='ltr'><strong>παρ-</strong></span> 
     </span>
    </p>
   </div>
   <div class='ocr_carea' id='block_1_77' title="bbox 2162 3202 3747 3279">
    <p class='ocr_par' dir='ltr' id='par_1_77' title="bbox 2162 3202 3747 3279">
     <span class='ocr_line' id='line_1_77' title="bbox 2162 3202 3747 3279; baseline 0.004 -23"><span class='ocrx_word' id='word_1_546' title='bbox 2162 3218 2260 3257; x_wconf 90' lang='lat' dir='ltr'><strong>nes</strong></span> <span class='ocrx_word' id='word_1_547' title='bbox 2300 3216 2558 3272; x_wconf 88' lang='lat' dir='ltr'><strong>proceres</strong></span> <span class='ocrx_word' id='word_1_548' title='bbox 2599 3202 2666 3256; x_wconf 90' lang='lat' dir='ltr'><strong>ad</strong></span> <span class='ocrx_word' id='word_1_549' title='bbox 2695 3217 2833 3272; x_wconf 89' lang='lat' dir='ltr'><strong>opus</strong></span> <span class='ocrx_word' id='word_1_550' title='bbox 2870 3204 2975 3259; x_wconf 91' lang='lat' dir='ltr'><strong>hoc</strong></span> <span class='ocrx_word' id='word_1_551' title='bbox 3000 3216 3366 3271; x_wconf 89' lang='lat' dir='ltr'><strong>convocante,</strong></span> <span class='ocrx_word' id='word_1_552' title='bbox 3393 3207 3747 3279; x_wconf 79' lang='lat' dir='ltr'><strong>Modestoque</strong></span> 
     </span>
    </p>
   </div>
   <div class='ocr_carea' id='block_1_78' title="bbox 2164 3295 3747 3370">
    <p class='ocr_par' dir='ltr' id='par_1_78' title="bbox 2164 3295 3747 3370">
     <span class='ocr_line' id='line_1_78' title="bbox 2164 3295 3747 3370; baseline 0.005 -22"><span class='ocrx_word' id='word_1_553' title='bbox 2164 3295 2244 3348; x_wconf 91' lang='lat' dir='ltr'><strong>ira</strong></span> <span class='ocrx_word' id='word_1_554' title='bbox 2285 3295 2458 3349; x_wconf 90' lang='lat' dir='ltr'><strong>multo</strong></span> <span class='ocrx_word' id='word_1_555' title='bbox 2496 3296 2901 3361; x_wconf 84' lang='lat' dir='ltr'><strong>vehementius,</strong></span> <span class='ocrx_word' id='word_1_556' title='bbox 2948 3312 3114 3367; x_wconf 92' lang='lat' dir='ltr'><strong>quam</strong></span> <span class='ocrx_word' id='word_1_557' title='bbox 3167 3299 3345 3369; x_wconf 89' lang='lat' dir='ltr'><strong>prima</strong></span> <span class='ocrx_word' id='word_1_558' title='bbox 3381 3300 3747 3370; x_wconf 90' lang='lat' dir='ltr'><strong>impressione</strong></span> 
     </span>
    </p>
   </div>
   <div class='ocr_carea' id='block_1_79' title="bbox 2164 3390 3750 3464">
    <p class='ocr_par' dir='ltr' id='par_1_79' title="bbox 2164 3390 3750 3464">
     <span class='ocr_line' id='line_1_79' title="bbox 2164 3390 3750 3464; baseline 0.004 -22"><span class='ocrx_word' id='word_1_559' title='bbox 2164 3402 2437 3443; x_wconf 90' lang='lat' dir='ltr'><strong>accenso:</strong></span> <span class='ocrx_word' id='word_1_560' title='bbox 2474 3402 2666 3443; x_wconf 89' lang='lat' dir='ltr'><strong>omnes</strong></span> <span class='ocrx_word' id='word_1_561' title='bbox 2699 3390 2919 3458; x_wconf 88' lang='lat' dir='ltr'><strong>quidem</strong></span> <span class='ocrx_word' id='word_1_562' title='bbox 2959 3392 3445 3446; x_wconf 84' lang='lat' dir='ltr'><strong>commovebantur</strong></span> <span class='ocrx_word' id='word_1_563' title='bbox 3465 3395 3535 3448; x_wconf 90' lang='lat' dir='ltr'><strong>ob</strong></span> <span class='ocrx_word' id='word_1_564' title='bbox 3572 3394 3750 3464; x_wconf 92' lang='lat' dir='ltr'><strong>impe-</strong></span> 
     </span>
    </p>
   </div>
   <div class='ocr_carea' id='block_1_80' title="bbox 2163 3479 3748 3557">
    <p class='ocr_par' dir='ltr' id='par_1_80' title="bbox 2163 3479 3748 3557">
     <span class='ocr_line' id='line_1_80' title="bbox 2163 3479 3748 3557; baseline 0.005 -25"><span class='ocrx_word' id='word_1_565' title='bbox 2163 3479 2538 3545; x_wconf 85' lang='lat' dir='ltr'><strong>ratorisiram,</strong></span> <span class='ocrx_word' id='word_1_566' title='bbox 2568 3490 2621 3534; x_wconf 90' lang='lat' dir='ltr'><strong>et</strong></span> <span class='ocrx_word' id='word_1_567' title='bbox 2646 3495 2770 3534; x_wconf 92' lang='lat' dir='ltr'><strong>cum</strong></span> <span class='ocrx_word' id='word_1_568' title='bbox 2798 3481 2938 3535; x_wconf 91' lang='lat' dir='ltr'><strong>irato</strong></span> <span class='ocrx_word' id='word_1_569' title='bbox 2957 3482 3359 3548; x_wconf 87' lang='lat' dir='ltr'><strong>irascebantur,</strong></span> <span class='ocrx_word' id='word_1_570' title='bbox 3380 3486 3748 3557; x_wconf 82' lang='lat' dir='ltr'><strong>indignationi</strong></span> 
     </span>
    </p>
   </div>
   <div class='ocr_carea' id='block_1_81' title="bbox 2166 3571 3750 3646">
    <p class='ocr_par' dir='ltr' id='par_1_81' title="bbox 2166 3571 3750 3646">
     <span class='ocr_line' id='line_1_81' title="bbox 2166 3571 3750 3646; baseline 0.007 -22"><span class='ocrx_word' id='word_1_571' title='bbox 2166 3572 2418 3627; x_wconf 88' lang='lat' dir='ltr'><strong>videlicet</strong></span> <span class='ocrx_word' id='word_1_572' title='bbox 2446 3571 2596 3626; x_wconf 88' lang='lat' dir='ltr'><strong>illius</strong></span> <span class='ocrx_word' id='word_1_573' title='bbox 2619 3573 3029 3630; x_wconf 88' lang='lat' dir='ltr'><strong>subservientes</strong></span> <span class='ocrx_word' id='word_1_574' title='bbox 3045 3584 3098 3630; x_wconf 90' lang='lat' dir='ltr'><strong>et</strong></span> <span class='ocrx_word' id='word_1_575' title='bbox 3117 3579 3491 3646; x_wconf 88' lang='lat' dir='ltr'><strong>gratiﬁcantes</strong></span> <span class='ocrx_word' id='word_1_576' title='bbox 3516 3600 3527 3633; x_wconf 90' lang='lat'><strong>:</strong></span> <span class='ocrx_word' id='word_1_577' title='bbox 3555 3595 3750 3635; x_wconf 85' lang='lat' dir='ltr'><strong>omnes</strong></span> 
     </span>
    </p>
   </div>
   <div class='ocr_carea' id='block_1_82' title="bbox 2163 3663 3752 3744">
    <p class='ocr_par' dir='ltr' id='par_1_82' title="bbox 2163 3663 3752 3744">
     <span class='ocr_line' id='line_1_82' title="bbox 2163 3663 3752 3744; baseline 0.005 -26"><span class='ocrx_word' id='word_1_578' title='bbox 2163 3663 2573 3734; x_wconf 78' lang='lat' dir='ltr'><strong>exspectatione</strong></span> <span class='ocrx_word' id='word_1_579' title='bbox 2601 3663 2911 3721; x_wconf 81' lang='lat' dir='ltr'><strong>futurorum</strong></span> <span class='ocrx_word' id='word_1_580' title='bbox 2930 3673 3182 3737; x_wconf 84' lang='lat' dir='ltr'><strong>suspensi</strong></span> <span class='ocrx_word' id='word_1_581' title='bbox 3207 3669 3752 3744; x_wconf 75' lang='lat' dir='ltr'><strong>erantJtursusergo</strong></span> 
     </span>
    </p>
   </div>
   <div class='ocr_carea' id='block_1_83' title="bbox 2165 3753 3750 3827">
    <p class='ocr_par' dir='ltr' id='par_1_83' title="bbox 2165 3753 3750 3827">
     <span class='ocr_line' id='line_1_83' title="bbox 2165 3753 3750 3827; baseline 0.008 -21"><span class='ocrx_word' id='word_1_582' title='bbox 2165 3753 2322 3808; x_wconf 89' lang='lat' dir='ltr'><strong>adest</strong></span> <span class='ocrx_word' id='word_1_583' title='bbox 2354 3754 2688 3823; x_wconf 65' lang='lat' dir='ltr'><strong>praefectus;</strong></span> <span class='ocrx_word' id='word_1_584' title='bbox 2730 3772 2927 3813; x_wconf 90' lang='lat' dir='ltr'><strong>rursus</strong></span> <span class='ocrx_word' id='word_1_585' title='bbox 2978 3767 3218 3815; x_wconf 91' lang='lat' dir='ltr'><strong>terrores</strong></span> <span class='ocrx_word' id='word_1_586' title='bbox 3270 3762 3637 3827; x_wconf 88' lang='lat' dir='ltr'><strong>incutiuntur,</strong></span> <span class='ocrx_word' id='word_1_587' title='bbox 3693 3774 3750 3819; x_wconf 90' lang='lat' dir='ltr'><strong>et</strong></span> 
     </span>
    </p>
   </div>
   <div class='ocr_carea' id='block_1_84' title="bbox 2166 3844 3751 3917">
    <p class='ocr_par' dir='ltr' id='par_1_84' title="bbox 2166 3844 3751 3917">
     <span class='ocr_line' id='line_1_84' title="bbox 2166 3844 3751 3917; baseline 0.008 -20"><span class='ocrx_word' id='word_1_588' title='bbox 2166 3844 2441 3914; x_wconf 87' lang='lat' dir='ltr'><strong>prioribus</strong></span> <span class='ocrx_word' id='word_1_589' title='bbox 2470 3845 2689 3915; x_wconf 91' lang='lat' dir='ltr'><strong>quidem</strong></span> <span class='ocrx_word' id='word_1_590' title='bbox 2717 3848 3019 3917; x_wconf 89' lang='lat' dir='ltr'><strong>graviores;</strong></span> <span class='ocrx_word' id='word_1_591' title='bbox 3062 3851 3262 3904; x_wconf 90' lang='lat' dir='ltr'><strong>iterum</strong></span> <span class='ocrx_word' id='word_1_592' title='bbox 3286 3854 3447 3907; x_wconf 70' lang='lat' dir='ltr'><strong>minae</strong></span> <span class='ocrx_word' id='word_1_593' title='bbox 3477 3856 3751 3909; x_wconf 90' lang='lat' dir='ltr'><strong>intentan-</strong></span> 
     </span>
    </p>
   </div>
   <div class='ocr_carea' id='block_1_85' title="bbox 2166 3937 3751 4002">
    <p class='ocr_par' dir='ltr' id='par_1_85' title="bbox 2166 3937 3751 4002">
     <span class='ocr_line' id='line_1_85' title="bbox 2166 3937 3751 4002; baseline 0.008 -14"><span class='ocrx_word' id='word_1_594' title='bbox 2166 3943 2277 3999; x_wconf 92' lang='lat' dir='ltr'><strong>tur,</strong></span> <span class='ocrx_word' id='word_1_595' title='bbox 2309 3944 2363 3990; x_wconf 91' lang='lat' dir='ltr'><strong>et</strong></span> <span class='ocrx_word' id='word_1_596' title='bbox 2406 3937 2487 3989; x_wconf 83' lang='lat' dir='ltr'><strong>ira</strong></span> <span class='ocrx_word' id='word_1_597' title='bbox 2534 3937 2688 3992; x_wconf 67' lang='lat' dir='ltr'><strong>saevit</strong></span> <span class='ocrx_word' id='word_1_598' title='bbox 2717 3938 2999 3993; x_wconf 88' lang='lat' dir='ltr'><strong>acerbior:</strong></span> <span class='ocrx_word' id='word_1_599' title='bbox 3036 3942 3192 3996; x_wconf 89' lang='lat' dir='ltr'><strong>adest</strong></span> <span class='ocrx_word' id='word_1_600' title='bbox 3234 3944 3450 3998; x_wconf 79' lang='lat' dir='ltr'><strong>forense</strong></span> <span class='ocrx_word' id='word_1_601' title='bbox 3498 3946 3751 4002; x_wconf 88' lang='lat' dir='ltr'><strong>ministe-</strong></span> 
     </span>
    </p>
   </div>
   <div class='ocr_carea' id='block_1_86' title="bbox 2165 4028 3749 4102">
    <p class='ocr_par' dir='ltr' id='par_1_86' title="bbox 2165 4028 3749 4102">
     <span class='ocr_line' id='line_1_86' title="bbox 2165 4028 3749 4102; baseline 0.007 -22"><span class='ocrx_word' id='word_1_602' title='bbox 2165 4028 2332 4091; x_wconf 90' lang='lat' dir='ltr'><strong>rium,</strong></span> <span class='ocrx_word' id='word_1_603' title='bbox 2388 4043 2689 4097; x_wconf 82' lang='lat' dir='ltr'><strong>pracconcs,</strong></span> <span class='ocrx_word' id='word_1_604' title='bbox 2754 4034 3119 4100; x_wconf 71' lang='lat' dir='ltr'><strong>apparitores,</strong></span> <span class='ocrx_word' id='word_1_605' title='bbox 3194 4033 3435 4097; x_wconf 87' lang='lat' dir='ltr'><strong>lictores,</strong></span> <span class='ocrx_word' id='word_1_606' title='bbox 3496 4038 3749 4102; x_wconf 87' lang='lat' dir='ltr'><strong>cancelli,</strong></span> 
     </span>
    </p>
   </div>
   <div class='ocr_carea' id='block_1_87' title="bbox 2166 4120 3749 4201">
    <p class='ocr_par' dir='ltr' id='par_1_87' title="bbox 2166 4120 3749 4201">
     <span class='ocr_line' id='line_1_87' title="bbox 2166 4120 3749 4201; baseline 0.008 -27"><span class='ocrx_word' id='word_1_607' title='bbox 2166 4120 2413 4186; x_wconf 61' lang='lat' dir='ltr'><strong>cortinae,</strong></span> <span class='ocrx_word' id='word_1_608' title='bbox 2444 4120 2646 4189; x_wconf 91' lang='lat' dir='ltr'><strong>quibus</strong></span> <span class='ocrx_word' id='word_1_609' title='bbox 2692 4124 2953 4179; x_wconf 91' lang='lat' dir='ltr'><strong>omnibus</strong></span> <span class='ocrx_word' id='word_1_610' title='bbox 2999 4123 3161 4179; x_wconf 80' lang='lat' dir='ltr'><strong>facile</strong></span> <span class='ocrx_word' id='word_1_611' title='bbox 3208 4127 3375 4181; x_wconf 90' lang='lat' dir='ltr'><strong>etiam</strong></span> <span class='ocrx_word' id='word_1_612' title='bbox 3410 4144 3623 4196; x_wconf 90' lang='lat' dir='ltr'><strong>eorum,</strong></span> <span class='ocrx_word' id='word_1_613' title='bbox 3653 4133 3749 4201; x_wconf 91' lang='lat' dir='ltr'><strong>qui</strong></span> 
     </span>
    </p>
   </div>
   <div class='ocr_carea' id='block_1_88' title="bbox 2166 4208 3753 4292">
    <p class='ocr_par' dir='ltr' id='par_1_88' title="bbox 2166 4208 3753 4292">
     <span class='ocr_line' id='line_1_88' title="bbox 2166 4208 3753 4292; baseline 0.01 -31"><span class='ocrx_word' id='word_1_614' title='bbox 2166 4209 2235 4263; x_wconf 89' lang='lat' dir='ltr'><strong>ad</strong></span> <span class='ocrx_word' id='word_1_615' title='bbox 2269 4209 2453 4262; x_wconf 89' lang='lat' dir='ltr'><strong>omnia</strong></span> <span class='ocrx_word' id='word_1_616' title='bbox 2476 4208 2633 4265; x_wconf 89' lang='lat' dir='ltr'><strong>valde</strong></span> <span class='ocrx_word' id='word_1_617' title='bbox 2658 4212 2837 4280; x_wconf 84' lang='lat' dir='ltr'><strong>parati</strong></span> <span class='ocrx_word' id='word_1_618' title='bbox 2876 4214 3162 4280; x_wconf 89' lang='lat' dir='ltr'><strong>accedunt,</strong></span> <span class='ocrx_word' id='word_1_619' title='bbox 3189 4216 3355 4271; x_wconf 89' lang='lat' dir='ltr'><strong>animi</strong></span> <span class='ocrx_word' id='word_1_620' title='bbox 3381 4220 3598 4286; x_wconf 89' lang='lat' dir='ltr'><strong>percelli</strong></span> <span class='ocrx_word' id='word_1_621' title='bbox 3630 4237 3753 4292; x_wconf 79' lang='lat' dir='ltr'><strong>pos-</strong></span> 
     </span>
    </p>
   </div>
   <div class='ocr_carea' id='block_1_89' title="bbox 2168 4299 3752 4371">
    <p class='ocr_par' dir='ltr' id='par_1_89' title="bbox 2168 4299 3752 4371">
     <span class='ocr_line' id='line_1_89' title="bbox 2168 4299 3752 4371; baseline 0.008 -17"><span class='ocrx_word' id='word_1_622' title='bbox 2168 4310 2317 4355; x_wconf 90' lang='lat' dir='ltr'><strong>sunt.</strong></span> <span class='ocrx_word' id='word_1_623' title='bbox 2341 4299 2543 4355; x_wconf 91' lang='lat' dir='ltr'><strong>lterum</strong></span> <span class='ocrx_word' id='word_1_624' title='bbox 2568 4317 2871 4371; x_wconf 86' lang='lat' dir='ltr'><strong>generosus</strong></span> <span class='ocrx_word' id='word_1_625' title='bbox 2902 4312 3092 4359; x_wconf 90' lang='lat' dir='ltr'><strong>noster</strong></span> <span class='ocrx_word' id='word_1_626' title='bbox 3124 4306 3331 4361; x_wconf 87' lang='lat' dir='ltr'><strong>athleta</strong></span> <span class='ocrx_word' id='word_1_627' title='bbox 3358 4309 3414 4363; x_wconf 92' lang='lat' dir='ltr'><strong>in</strong></span> <span class='ocrx_word' id='word_1_628' title='bbox 3446 4315 3752 4367; x_wconf 85' lang='lat' dir='ltr'><strong>certamine</strong></span> 
     </span>
    </p>
   </div>
   <div class='ocr_carea' id='block_1_90' title="bbox 2167 4392 3752 4477">
    <p class='ocr_par' dir='ltr' id='par_1_90' title="bbox 2167 4392 3752 4477">
     <span class='ocr_line' id='line_1_90' title="bbox 2167 4392 3752 4477; baseline 0.007 -31"><span class='ocrx_word' id='word_1_629' title='bbox 2167 4392 2526 4462; x_wconf 90' lang='lat' dir='ltr'><strong>conspicitur,</strong></span> <span class='ocrx_word' id='word_1_630' title='bbox 2561 4393 2793 4464; x_wconf 87' lang='lat' dir='ltr'><strong>gloriam</strong></span> <span class='ocrx_word' id='word_1_631' title='bbox 2833 4396 3034 4465; x_wconf 87' lang='lat' dir='ltr'><strong>prioris</strong></span> <span class='ocrx_word' id='word_1_632' title='bbox 3074 4414 3267 4470; x_wconf 74' lang='lat' dir='ltr'><strong>pugnae</strong></span> <span class='ocrx_word' id='word_1_633' title='bbox 3315 4400 3475 4472; x_wconf 88' lang='lat' dir='ltr'><strong>longe</strong></span> <span class='ocrx_word' id='word_1_634' title='bbox 3516 4420 3752 4477; x_wconf 84' lang='lat' dir='ltr'><strong>exsupe-</strong></span> 
     </span>
    </p>
   </div>
   <div class='ocr_carea' id='block_1_91' title="bbox 486 4484 3754 4569">
    <p class='ocr_par' dir='ltr' id='par_1_91' title="bbox 486 4484 3754 4569">
     <span class='ocr_line' id='line_1_91' title="bbox 486 4484 3754 4569; baseline 0.005 -23"><span class='ocrx_word' id='word_1_635' title='bbox 486 4494 903 4564; x_wconf 83' lang='grc' dir='ltr'><strong>εσκευασμένων</strong></span> <span class='ocrx_word' id='word_1_636' title='bbox 927 4497 1312 4549; x_wconf 67' lang='grc' dir='ltr'><strong>καταπτοεῦται</strong></span> <span class='ocrx_word' id='word_1_637' title='bbox 1342 4496 1681 4566; x_wconf 84' lang='grc' dir='ltr'><strong>φρονήματα.</strong></span> <span class='ocrx_word' id='word_1_638' title='bbox 1710 4497 1821 4549; x_wconf 80' lang='grc' dir='ltr'><strong>Καὶ</strong></span> <span class='ocrx_word' id='word_1_639' title='bbox 1849 4497 2010 4551; x_wconf 89' lang='grc' dir='ltr'><strong>πάλιν</strong></span> <span class='ocrx_word' id='word_1_640' title='bbox 2035 4500 2065 4552; x_wconf 83' lang='lat'><strong>6</strong></span> <span class='ocrx_word' id='word_1_641' title='bbox 2096 4496 2140 4550; x_wconf 89' lang='lat' dir='ltr'><strong>D</strong></span> <span class='ocrx_word' id='word_1_642' title='bbox 2170 4500 2321 4539; x_wconf 66' lang='grc'><strong>1⁵³⁸18·</strong></span> <span class='ocrx_word' id='word_1_643' title='bbox 2352 4484 2508 4550; x_wconf 71' lang='grc' dir='ltr'><strong>Ωιιοά</strong></span> <span class='ocrx_word' id='word_1_644' title='bbox 2542 4487 2588 4541; x_wconf 75' lang='grc' dir='ltr'><strong>εί</strong></span> <span class='ocrx_word' id='word_1_645' title='bbox 2632 4487 2863 4556; x_wconf 63' lang='grc' dir='ltr'><strong>Ῑιιιίυεεθ</strong></span> <span class='ocrx_word' id='word_1_646' title='bbox 2918 4490 2997 4545; x_wconf 64' lang='lat' dir='ltr'><strong>rei</strong></span> <span class='ocrx_word' id='word_1_647' title='bbox 3045 4493 3187 4561; x_wconf 74' lang='grc' dir='ltr'><strong>Ρθιίε</strong></span> <span class='ocrx_word' id='word_1_648' title='bbox 3220 4500 3411 4561; x_wconf 66' lang='grc' dir='ltr'><strong>ῑθδῑθει</strong></span> <span class='ocrx_word' id='word_1_649' title='bbox 3460 4512 3550 4553; x_wconf 71' lang='grc' dir='ltr'><strong>τεε</strong></span> <span class='ocrx_word' id='word_1_650' title='bbox 3602 4499 3754 4569; x_wconf 65' lang='grc' dir='ltr'><strong>ἱρείη</strong></span> 
     </span>
    </p>
   </div>
   <div class='ocr_carea' id='block_1_92' title="bbox 488 4586 2066 4658">
    <p class='ocr_par' dir='ltr' id='par_1_92' title="bbox 488 4586 2066 4658">
     <span class='ocr_line' id='line_1_92' title="bbox 488 4586 2066 4658; baseline 0.003 -19"><span class='ocrx_word' id='word_1_651' title='bbox 488 4586 725 4658; x_wconf 75' lang='grc' dir='ltr'><strong>ἀθλητὴς</strong></span> <span class='ocrx_word' id='word_1_652' title='bbox 756 4586 849 4639; x_wconf 92' lang='grc' dir='ltr'><strong>τοῦ</strong></span> <span class='ocrx_word' id='word_1_653' title='bbox 902 4586 1036 4640; x_wconf 88' lang='grc' dir='ltr'><strong>Θεοῦ</strong></span> <span class='ocrx_word' id='word_1_654' title='bbox 1069 4589 1183 4650; x_wconf 85' lang='grc' dir='ltr'><strong>τοῖς</strong></span> <span class='ocrx_word' id='word_1_655' title='bbox 1225 4587 1498 4658; x_wconf 85' lang='grc' dir='ltr'><strong>δευτέροις</strong></span> <span class='ocrx_word' id='word_1_656' title='bbox 1549 4588 1658 4642; x_wconf 90' lang='grc' dir='ltr'><strong>τῶν</strong></span> <span class='ocrx_word' id='word_1_657' title='bbox 1692 4587 1939 4656; x_wconf 83' lang='grc' dir='ltr'><strong>ἀγώνων,</strong></span> <span class='ocrx_word' id='word_1_658' title='bbox 1971 4590 2066 4643; x_wconf 80' lang='grc' dir='ltr'><strong>καὶ</strong></span> 
     </span>
    </p>
   </div>
   <div class='ocr_carea' id='block_1_93' title="bbox 488 4675 2066 4749">
    <p class='ocr_par' dir='ltr' id='par_1_93' title="bbox 488 4675 2066 4749">
     <span class='ocr_line' id='line_1_93' title="bbox 488 4675 2066 4749; baseline 0.004 -22"><span class='ocrx_word' id='word_1_659' title='bbox 488 4675 585 4746; x_wconf 80' lang='grc' dir='ltr'><strong>τὴν</strong></span> <span class='ocrx_word' id='word_1_660' title='bbox 618 4677 710 4728; x_wconf 75' lang='grc' dir='ltr'><strong>ἐπὶ</strong></span> <span class='ocrx_word' id='word_1_661' title='bbox 758 4678 871 4738; x_wconf 90' lang='grc' dir='ltr'><strong>τοῖς</strong></span> <span class='ocrx_word' id='word_1_662' title='bbox 917 4675 1245 4747; x_wconf 89' lang='grc' dir='ltr'><strong>προλαϐοῦσι</strong></span> <span class='ocrx_word' id='word_1_663' title='bbox 1274 4677 1430 4741; x_wconf 81' lang='grc' dir='ltr'><strong>δόξαν</strong></span> <span class='ocrx_word' id='word_1_664' title='bbox 1482 4677 1972 4749; x_wconf 84' lang='grc' dir='ltr'><strong>ὑπερϐαλλόμενος.</strong></span> <span class='ocrx_word' id='word_1_665' title='bbox 2004 4680 2066 4733; x_wconf 82' lang='lat' dir='ltr'><strong>Ei</strong></span> 
     </span>
    </p>
   </div>
   <div class='ocr_carea' id='block_1_94' title="bbox 489 4766 2069 4840">
    <p class='ocr_par' dir='ltr' id='par_1_94' title="bbox 489 4766 2069 4840">
     <span class='ocr_line' id='line_1_94' title="bbox 489 4766 2069 4840; baseline 0.003 -20"><span class='ocrx_word' id='word_1_666' title='bbox 489 4768 548 4820; x_wconf 75' lang='grc' dir='ltr'><strong>δὲ</strong></span> <span class='ocrx_word' id='word_1_667' title='bbox 580 4767 762 4836; x_wconf 82' lang='grc' dir='ltr'><strong>ζητεῖς</strong></span> <span class='ocrx_word' id='word_1_668' title='bbox 792 4766 997 4821; x_wconf 91' lang='grc' dir='ltr'><strong>τούτων</strong></span> <span class='ocrx_word' id='word_1_669' title='bbox 1023 4767 1121 4831; x_wconf 86' lang='grc' dir='ltr'><strong>τάς</strong></span> <span class='ocrx_word' id='word_1_670' title='bbox 1148 4768 1467 4833; x_wconf 77' lang='grc' dir='ltr'><strong>ἀποδείξεις,</strong></span> <span class='ocrx_word' id='word_1_671' title='bbox 1502 4771 1582 4832; x_wconf 82' lang='grc' dir='ltr'><strong>εἰς</strong></span> <span class='ocrx_word' id='word_1_672' title='bbox 1607 4769 1747 4823; x_wconf 83' lang='grc' dir='ltr'><strong>αὑτά</strong></span> <span class='ocrx_word' id='word_1_673' title='bbox 1780 4769 1972 4840; x_wconf 84' lang='grc' dir='ltr'><strong>βλέψον</strong></span> <span class='ocrx_word' id='word_1_674' title='bbox 2001 4771 2069 4825; x_wconf 84' lang='grc' dir='ltr'><strong>τά</strong></span> 
     </span>
    </p>
   </div>
   <div class='ocr_carea' id='block_1_95' title="bbox 492 4860 2071 4933">
    <p class='ocr_par' dir='ltr' id='par_1_95' title="bbox 492 4860 2071 4933">
     <span class='ocr_line' id='line_1_95' title="bbox 492 4860 2071 4933; baseline 0.001 -20"><span class='ocrx_word' id='word_1_675' title='bbox 492 4861 812 4931; x_wconf 85' lang='grc' dir='ltr'><strong>πράγματα.</strong></span> <span class='ocrx_word' id='word_1_676' title='bbox 836 4860 993 4913; x_wconf 81' lang='grc' dir='ltr'><strong>Ποῖον</strong></span> <span class='ocrx_word' id='word_1_677' title='bbox 1026 4860 1125 4912; x_wconf 81' lang='grc' dir='ltr'><strong>οὐκ</strong></span> <span class='ocrx_word' id='word_1_678' title='bbox 1149 4860 1471 4931; x_wconf 79' lang='grc' dir='ltr'><strong>ἐπενείματο</strong></span> <span class='ocrx_word' id='word_1_679' title='bbox 1505 4861 1669 4914; x_wconf 89' lang='grc' dir='ltr'><strong>τόπον</strong></span> <span class='ocrx_word' id='word_1_680' title='bbox 1700 4862 1808 4915; x_wconf 90' lang='grc' dir='ltr'><strong>τῶν</strong></span> <span class='ocrx_word' id='word_1_681' title='bbox 1845 4862 2071 4933; x_wconf 84' lang='grc' dir='ltr'><strong>Ἐκκλη-</strong></span> 
     </span>
    </p>
   </div>
   <div class='ocr_carea' id='block_1_96' title="bbox 493 4950 2071 5023">
    <p class='ocr_par' dir='ltr' id='par_1_96' title="bbox 493 4950 2071 5023">
     <span class='ocr_line' id='line_1_96' title="bbox 493 4950 2071 5023; baseline 0.003 -20"><span class='ocrx_word' id='word_1_682' title='bbox 493 4951 624 5005; x_wconf 88' lang='grc' dir='ltr'><strong>σιῶν</strong></span> <span class='ocrx_word' id='word_1_683' title='bbox 654 4954 686 5020; x_wconf 81' lang='grc' dir='ltr'>ἡ</span> <span class='ocrx_word' id='word_1_684' title='bbox 718 4950 1017 5021; x_wconf 88' lang='grc' dir='ltr'><strong>τηνικαῦτα</strong></span> <span class='ocrx_word' id='word_1_685' title='bbox 1043 4956 1388 5023; x_wconf 82' lang='grc' dir='ltr'><strong>καταστροφή</strong></span> <span class='ocrx_word' id='word_1_686' title='bbox 1422 4968 1436 5016; x_wconf 91' lang='lat'><strong>;</strong></span> <span class='ocrx_word' id='word_1_687' title='bbox 1473 4955 1629 5007; x_wconf 85' lang='grc' dir='ltr'><strong>Ποῖον</strong></span> <span class='ocrx_word' id='word_1_688' title='bbox 1662 4953 1875 5023; x_wconf 80' lang='grc' dir='ltr'><strong>ἔμεινεν</strong></span> <span class='ocrx_word' id='word_1_689' title='bbox 1921 4955 2071 5018; x_wconf 76' lang='grc' dir='ltr'><strong>ἔθνος</strong></span> 
     </span>
    </p>
   </div>
   <div class='ocr_carea' id='block_1_97' title="bbox 493 5041 2071 5116">
    <p class='ocr_par' dir='ltr' id='par_1_97' title="bbox 493 5041 2071 5116">
     <span class='ocr_line' id='line_1_97' title="bbox 493 5041 2071 5116; baseline 0.005 -22"><span class='ocrx_word' id='word_1_690' title='bbox 493 5044 592 5113; x_wconf 73' lang='grc' dir='ltr'><strong>τῆς</strong></span> <span class='ocrx_word' id='word_1_691' title='bbox 620 5042 726 5095; x_wconf 91' lang='grc' dir='ltr'><strong>τῶν</strong></span> <span class='ocrx_word' id='word_1_692' title='bbox 764 5041 1055 5113; x_wconf 89' lang='grc' dir='ltr'><strong>αίρετικῶν</strong></span> <span class='ocrx_word' id='word_1_693' title='bbox 1100 5042 1419 5106; x_wconf 76' lang='grc' dir='ltr'><strong>ἐπιστασίας</strong></span> <span class='ocrx_word' id='word_1_694' title='bbox 1460 5044 1788 5116; x_wconf 85' lang='grc' dir='ltr'><strong>ἀπείρατον;</strong></span> <span class='ocrx_word' id='word_1_695' title='bbox 1828 5047 1925 5110; x_wconf 93' lang='grc' dir='ltr'><strong>Τίς</strong></span> <span class='ocrx_word' id='word_1_696' title='bbox 1960 5048 2071 5101; x_wconf 90' lang='grc' dir='ltr'><strong>τῶν</strong></span> 
     </span>
    </p>
   </div>
   <div class='ocr_carea' id='block_1_98' title="bbox 494 5133 2070 5212">
    <p class='ocr_par' dir='ltr' id='par_1_98' title="bbox 494 5133 2070 5212">
     <span class='ocr_line' id='line_1_98' title="bbox 494 5133 2070 5212; baseline 0.003 -23"><span class='ocrx_word' id='word_1_697' title='bbox 494 5134 635 5189; x_wconf 80' lang='grc' dir='ltr'><strong>κατὰ</strong></span> <span class='ocrx_word' id='word_1_698' title='bbox 682 5134 780 5198; x_wconf 87' lang='grc' dir='ltr'><strong>τὰς</strong></span> <span class='ocrx_word' id='word_1_699' title='bbox 826 5133 1151 5205; x_wconf 82' lang='grc' dir='ltr'><strong>Ἐκκλησίας</strong></span> <span class='ocrx_word' id='word_1_700' title='bbox 1188 5134 1615 5205; x_wconf 85' lang='grc' dir='ltr'><strong>εὐδοκιμούντων</strong></span> <span class='ocrx_word' id='word_1_701' title='bbox 1642 5138 1742 5191; x_wconf 88' lang='grc' dir='ltr'><strong>ούκ</strong></span> <span class='ocrx_word' id='word_1_702' title='bbox 1771 5140 2070 5212; x_wconf 84' lang='grc' dir='ltr'><strong>ἁπεσείσθη</strong></span> 
     </span>
    </p>
   </div>
   <div class='ocr_carea' id='block_1_99' title="bbox 494 5226 2071 5303">
    <p class='ocr_par' dir='ltr' id='par_1_99' title="bbox 494 5226 2071 5303">
     <span class='ocr_line' id='line_1_99' title="bbox 494 5226 2071 5303; baseline 0.003 -24"><span class='ocrx_word' id='word_1_703' title='bbox 494 5226 601 5279; x_wconf 88' lang='grc' dir='ltr'><strong>τῶν</strong></span> <span class='ocrx_word' id='word_1_704' title='bbox 619 5226 795 5279; x_wconf 87' lang='grc' dir='ltr'><strong>πόνων</strong></span> <span class='ocrx_word' id='word_1_705' title='bbox 812 5242 826 5291; x_wconf 91' lang='grc'>;</span> <span class='ocrx_word' id='word_1_706' title='bbox 842 5227 1001 5289; x_wconf 88' lang='grc' dir='ltr'><strong>Ποῖος</strong></span> <span class='ocrx_word' id='word_1_707' title='bbox 1016 5226 1236 5296; x_wconf 80' lang='grc' dir='ltr'><strong>διέφυγε</strong></span> <span class='ocrx_word' id='word_1_708' title='bbox 1252 5227 1379 5290; x_wconf 81' lang='grc' dir='ltr'><strong>λαὸς</strong></span> <span class='ocrx_word' id='word_1_709' title='bbox 1400 5226 1496 5298; x_wconf 85' lang='grc' dir='ltr'><strong>τὴν</strong></span> <span class='ocrx_word' id='word_1_710' title='bbox 1511 5227 1764 5300; x_wconf 86' lang='grc' dir='ltr'><strong>τοιαύτην</strong></span> <span class='ocrx_word' id='word_1_711' title='bbox 1780 5231 2042 5303; x_wconf 80' lang='grc' dir='ltr'><strong>ἐπήρειαν</strong></span> <span class='ocrx_word' id='word_1_712' title='bbox 2056 5249 2071 5299; x_wconf 89' lang='lat'><strong>;</strong></span> 
     </span>
    </p>
   </div>
   <div class='ocr_carea' id='block_1_100' title="bbox 496 5316 2073 5393">
    <p class='ocr_par' dir='ltr' id='par_1_100' title="bbox 496 5316 2073 5393">
     <span class='ocr_line' id='line_1_100' title="bbox 496 5316 2073 5393; baseline 0.003 -24"><span class='ocrx_word' id='word_1_713' title='bbox 496 5318 569 5370; x_wconf 83' lang='grc' dir='ltr'><strong>Ού</strong></span> <span class='ocrx_word' id='word_1_714' title='bbox 620 5316 788 5387; x_wconf 84' lang='grc' dir='ltr'><strong>Συρία</strong></span> <span class='ocrx_word' id='word_1_715' title='bbox 827 5319 996 5381; x_wconf 84' lang='grc' dir='ltr'><strong>πᾶσα,</strong></span> <span class='ocrx_word' id='word_1_716' title='bbox 1040 5319 1136 5371; x_wconf 74' lang='grc' dir='ltr'><strong>καὶ</strong></span> <span class='ocrx_word' id='word_1_717' title='bbox 1171 5317 1278 5371; x_wconf 91' lang='grc' dir='ltr'><strong>τῶν</strong></span> <span class='ocrx_word' id='word_1_718' title='bbox 1322 5318 1584 5389; x_wconf 87' lang='grc' dir='ltr'><strong>ποταμῶν</strong></span> <span class='ocrx_word' id='word_1_719' title='bbox 1624 5321 1656 5389; x_wconf 85' lang='grc' dir='ltr'>ἠ</span> <span class='ocrx_word' id='word_1_720' title='bbox 1702 5320 1874 5392; x_wconf 89' lang='grc' dir='ltr'><strong>μέση,</strong></span> <span class='ocrx_word' id='word_1_721' title='bbox 1914 5322 2073 5393; x_wconf 84' lang='grc' dir='ltr'><strong>μέχρι</strong></span> 
     </span>
    </p>
   </div>
   <div class='ocr_carea' id='block_1_101' title="bbox 494 5407 2074 5482">
    <p class='ocr_par' dir='ltr' id='par_1_101' title="bbox 494 5407 2074 5482">
     <span class='ocr_line' id='line_1_101' title="bbox 494 5407 2074 5482; baseline 0.004 -23"><span class='ocrx_word' id='word_1_722' title='bbox 494 5407 603 5461; x_wconf 88' lang='grc' dir='ltr'><strong>τῶν</strong></span> <span class='ocrx_word' id='word_1_723' title='bbox 624 5408 759 5478; x_wconf 83' lang='grc' dir='ltr'><strong>πρὸς</strong></span> <span class='ocrx_word' id='word_1_724' title='bbox 791 5409 914 5471; x_wconf 79' lang='grc' dir='ltr'><strong>τοὺς</strong></span> <span class='ocrx_word' id='word_1_725' title='bbox 941 5407 1248 5479; x_wconf 84' lang='grc' dir='ltr'><strong>βαρϐάρους</strong></span> <span class='ocrx_word' id='word_1_726' title='bbox 1274 5409 1414 5482; x_wconf 86' lang='grc' dir='ltr'><strong>ὅρων</strong></span> <span class='ocrx_word' id='word_1_727' title='bbox 1433 5423 1448 5439; x_wconf 88' lang='grc'><strong>·</strong></span> <span class='ocrx_word' id='word_1_728' title='bbox 1481 5409 1542 5461; x_wconf 83' lang='grc' dir='ltr'><strong>ού</strong></span> <span class='ocrx_word' id='word_1_729' title='bbox 1566 5410 1784 5479; x_wconf 82' lang='grc' dir='ltr'><strong>Φοινίκη</strong></span> <span class='ocrx_word' id='word_1_730' title='bbox 1809 5453 1825 5476; x_wconf 94' lang='grc'><strong>,</strong></span> <span class='ocrx_word' id='word_1_731' title='bbox 1842 5413 1935 5464; x_wconf 76' lang='grc' dir='ltr'><strong>καὶ</strong></span> <span class='ocrx_word' id='word_1_732' title='bbox 1960 5414 2074 5465; x_wconf 89' lang='grc' dir='ltr'><strong>Πα-</strong></span> 
     </span>
    </p>
   </div>
   <div class='ocr_carea' id='block_1_102' title="bbox 497 5500 2074 5576">
    <p class='ocr_par' dir='ltr' id='par_1_102' title="bbox 497 5500 2074 5576">
     <span class='ocr_line' id='line_1_102' title="bbox 497 5500 2074 5576; baseline 0.003 -24"><span class='ocrx_word' id='word_1_733' title='bbox 497 5500 770 5571; x_wconf 86' lang='grc' dir='ltr'><strong>λαιστίνη,</strong></span> <span class='ocrx_word' id='word_1_734' title='bbox 805 5501 899 5554; x_wconf 75' lang='grc' dir='ltr'><strong>καὶ</strong></span> <span class='ocrx_word' id='word_1_735' title='bbox 936 5500 1216 5572; x_wconf 81' lang='grc' dir='ltr'><strong>Ἀρῤαϐία,</strong></span> <span class='ocrx_word' id='word_1_736' title='bbox 1246 5500 1339 5553; x_wconf 78' lang='grc' dir='ltr'><strong>καὶ</strong></span> <span class='ocrx_word' id='word_1_737' title='bbox 1387 5500 1681 5569; x_wconf 74' lang='grc' dir='ltr'><strong>Αἴγυπτος,</strong></span> <span class='ocrx_word' id='word_1_738' title='bbox 1705 5502 1800 5555; x_wconf 73' lang='grc' dir='ltr'><strong>καὶ</strong></span> <span class='ocrx_word' id='word_1_739' title='bbox 1832 5503 1901 5557; x_wconf 84' lang='grc' dir='ltr'><strong>τὰ</strong></span> <span class='ocrx_word' id='word_1_740' title='bbox 1947 5504 2074 5576; x_wconf 81' lang='grc' dir='ltr'><strong>ἔθνη</strong></span> 
     </span>
    </p>
   </div>
   <div class='ocr_carea' id='block_1_103' title="bbox 498 5591 2075 5665">
    <p class='ocr_par' dir='ltr' id='par_1_103' title="bbox 498 5591 2075 5665">
     <span class='ocr_line' id='line_1_103' title="bbox 498 5591 2075 5665; baseline 0.004 -21"><span class='ocrx_word' id='word_1_741' title='bbox 498 5592 597 5663; x_wconf 87' lang='grc' dir='ltr'><strong>τῆς</strong></span> <span class='ocrx_word' id='word_1_742' title='bbox 628 5592 855 5663; x_wconf 85' lang='grc' dir='ltr'><strong>Λιϐύης,</strong></span> <span class='ocrx_word' id='word_1_743' title='bbox 879 5592 984 5656; x_wconf 67' lang='grc' dir='ltr'><strong>ἕως</strong></span> <span class='ocrx_word' id='word_1_744' title='bbox 1015 5591 1110 5645; x_wconf 89' lang='grc' dir='ltr'><strong>τοῦ</strong></span> <span class='ocrx_word' id='word_1_745' title='bbox 1139 5593 1410 5664; x_wconf 85' lang='grc' dir='ltr'><strong>τέρματος</strong></span> <span class='ocrx_word' id='word_1_746' title='bbox 1436 5593 1536 5663; x_wconf 86' lang='grc' dir='ltr'><strong>τῆς</strong></span> <span class='ocrx_word' id='word_1_747' title='bbox 1564 5594 1686 5647; x_wconf 89' lang='grc' dir='ltr'><strong>καθ’</strong></span> <span class='ocrx_word' id='word_1_748' title='bbox 1722 5596 1868 5665; x_wconf 84' lang='grc' dir='ltr'><strong>ἡμᾶς</strong></span> <span class='ocrx_word' id='word_1_749' title='bbox 1897 5598 2075 5650; x_wconf 84' lang='grc' dir='ltr'><strong>οἰκου-</strong></span> 
     </span>
    </p>
   </div>
   <div class='ocr_carea' id='block_1_104' title="bbox 503 5682 2073 5753">
    <p class='ocr_par' dir='ltr' id='par_1_104' title="bbox 503 5682 2073 5753">
     <span class='ocr_line' id='line_1_104' title="bbox 503 5682 2073 5753; baseline 0.003 -18"><span class='ocrx_word' id='word_1_750' title='bbox 503 5682 691 5753; x_wconf 87' lang='grc' dir='ltr'><strong>μένης,</strong></span> <span class='ocrx_word' id='word_1_751' title='bbox 720 5683 781 5736; x_wconf 87' lang='grc' dir='ltr'><strong>οὑ</strong></span> <span class='ocrx_word' id='word_1_752' title='bbox 804 5683 872 5736; x_wconf 78' lang='grc' dir='ltr'><strong>τὰ</strong></span> <span class='ocrx_word' id='word_1_753' title='bbox 902 5683 997 5735; x_wconf 60' lang='grc' dir='ltr'><strong>ἐπὶ¹</strong></span> <span class='ocrx_word' id='word_1_754' title='bbox 1021 5682 1147 5736; x_wconf 85' lang='grc' dir='ltr'><strong>τάδε</strong></span> <span class='ocrx_word' id='word_1_755' title='bbox 1182 5682 1379 5747; x_wconf 87' lang='grc' dir='ltr'><strong>πάντα,</strong></span> <span class='ocrx_word' id='word_1_756' title='bbox 1411 5684 1659 5737; x_wconf 67' lang='grc' dir='ltr'><strong>Ποντικοί</strong></span> <span class='ocrx_word' id='word_1_757' title='bbox 1701 5685 1795 5737; x_wconf 75' lang='grc' dir='ltr'><strong>καὶ</strong></span> <span class='ocrx_word' id='word_1_758' title='bbox 1830 5684 2073 5750; x_wconf 84' lang='grc' dir='ltr'><strong>Κίλικες,</strong></span> 
     </span>
    </p>
   </div>
   <div class='ocr_carea' id='block_1_105' title="bbox 498 5771 2076 5848">
    <p class='ocr_par' dir='ltr' id='par_1_105' title="bbox 498 5771 2076 5848">
     <span class='ocr_line' id='line_1_105' title="bbox 498 5771 2076 5848; baseline 0.002 -22"><span class='ocrx_word' id='word_1_759' title='bbox 498 5772 725 5836; x_wconf 82' lang='grc' dir='ltr'><strong>Λύκιοι,</strong></span> <span class='ocrx_word' id='word_1_760' title='bbox 755 5771 947 5837; x_wconf 81' lang='grc' dir='ltr'><strong>Λυδοὶ,</strong></span> <span class='ocrx_word' id='word_1_761' title='bbox 978 5772 1223 5839; x_wconf 85' lang='grc' dir='ltr'><strong>Πισίδαι,</strong></span> <span class='ocrx_word' id='word_1_762' title='bbox 1274 5772 1581 5845; x_wconf 81' lang='grc' dir='ltr'><strong>Πάμφυλοι,</strong></span> <span class='ocrx_word' id='word_1_763' title='bbox 1629 5774 1834 5846; x_wconf 77' lang='grc' dir='ltr'><strong>Κᾶρες,</strong></span> <span class='ocrx_word' id='word_1_764' title='bbox 1885 5774 2076 5848; x_wconf 84' lang='grc' dir='ltr'><strong>Ἐλλη-</strong></span> 
     </span>
    </p>
   </div>
   <div class='ocr_carea' id='block_1_106' title="bbox 572 5894 1117 5973">
    <p class='ocr_par' dir='ltr' id='par_1_106' title="bbox 572 5894 1117 5973">
     <span class='ocr_line' id='line_1_106' title="bbox 572 5894 1117 5973; baseline -0.004 -22"><span class='ocrx_word' id='word_1_765' title='bbox 572 5896 619 5929; x_wconf 84' lang='grc'><strong>¹⁶</strong></span> <span class='ocrx_word' id='word_1_766' title='bbox 645 5894 713 5951; x_wconf 74' lang='grc' dir='ltr'><strong>ιν</strong></span> <span class='ocrx_word' id='word_1_767' title='bbox 741 5896 871 5973; x_wconf 84' lang='lat' dir='ltr'><strong>Reg.</strong></span> <span class='ocrx_word' id='word_1_768' title='bbox 905 5913 1032 5964; x_wconf 85' lang='lat' dir='ltr'><strong>xxv,</strong></span> <span class='ocrx_word' id='word_1_769' title='bbox 1066 5896 1117 5952; x_wconf 88' lang='lat'><strong>9.</strong></span> 
     </span>
    </p>
   </div>
   <div class='ocr_carea' id='block_1_107' title="bbox 2166 4577 3754 4659">
    <p class='ocr_par' dir='ltr' id='par_1_107' title="bbox 2166 4577 3754 4659">
     <span class='ocr_line' id='line_1_107' title="bbox 2166 4577 3754 4659; baseline 0.009 -29"><span class='ocrx_word' id='word_1_770' title='bbox 2166 4577 2401 4633; x_wconf 88' lang='lat' dir='ltr'><strong>intuere.</strong></span> <span class='ocrx_word' id='word_1_771' title='bbox 2438 4577 2610 4643; x_wconf 86' lang='lat' dir='ltr'><strong>Quem</strong></span> <span class='ocrx_word' id='word_1_772' title='bbox 2640 4581 2785 4634; x_wconf 91' lang='lat' dir='ltr'><strong>enim</strong></span> <span class='ocrx_word' id='word_1_773' title='bbox 2830 4581 3009 4637; x_wconf 94' lang='lat' dir='ltr'><strong>locum</strong></span> <span class='ocrx_word' id='word_1_774' title='bbox 3053 4583 3321 4639; x_wconf 88' lang='lat' dir='ltr'><strong>intactmn</strong></span> <span class='ocrx_word' id='word_1_775' title='bbox 3360 4588 3582 4659; x_wconf 90' lang='lat' dir='ltr'><strong>reliquit</strong></span> <span class='ocrx_word' id='word_1_776' title='bbox 3611 4600 3754 4647; x_wconf 88' lang='lat' dir='ltr'><strong>tem-</strong></span> 
     </span>
    </p>
   </div>
   <div class='ocr_carea' id='block_1_108' title="bbox 2169 4670 3754 4747">
    <p class='ocr_par' dir='ltr' id='par_1_108' title="bbox 2169 4670 3754 4747">
     <span class='ocr_line' id='line_1_108' title="bbox 2169 4670 3754 4747; baseline 0.01 -25"><span class='ocrx_word' id='word_1_777' title='bbox 2169 4670 2320 4739; x_wconf 81' lang='lat' dir='ltr'><strong>poris</strong></span> <span class='ocrx_word' id='word_1_778' title='bbox 2351 4670 2497 4726; x_wconf 93' lang='lat' dir='ltr'><strong>illius</strong></span> <span class='ocrx_word' id='word_1_779' title='bbox 2524 4670 2851 4728; x_wconf 86' lang='lat' dir='ltr'><strong>calamitas?</strong></span> <span class='ocrx_word' id='word_1_780' title='bbox 2882 4674 3143 4740; x_wconf 66' lang='lat' dir='ltr'><strong>Quaenam</strong></span> <span class='ocrx_word' id='word_1_781' title='bbox 3175 4693 3309 4747; x_wconf 90' lang='lat' dir='ltr'><strong>gens</strong></span> <span class='ocrx_word' id='word_1_782' title='bbox 3353 4679 3623 4737; x_wconf 63' lang='lat' dir='ltr'><strong>haeretica:</strong></span> <span class='ocrx_word' id='word_1_783' title='bbox 3658 4700 3754 4737; x_wconf 86' lang='lat' dir='ltr'><strong>va-</strong></span> 
     </span>
    </p>
   </div>
   <div class='ocr_carea' id='block_1_109' title="bbox 2169 4761 3752 4836">
    <p class='ocr_par' dir='ltr' id='par_1_109' title="bbox 2169 4761 3752 4836">
     <span class='ocr_line' id='line_1_109' title="bbox 2169 4761 3752 4836; baseline 0.008 -20"><span class='ocrx_word' id='word_1_784' title='bbox 2169 4761 2425 4816; x_wconf 89' lang='lat' dir='ltr'><strong>stationis</strong></span> <span class='ocrx_word' id='word_1_785' title='bbox 2448 4769 2503 4815; x_wconf 91' lang='lat' dir='ltr'><strong>et</strong></span> <span class='ocrx_word' id='word_1_786' title='bbox 2530 4764 2894 4833; x_wconf 86' lang='lat' dir='ltr'><strong>grassationis</strong></span> <span class='ocrx_word' id='word_1_787' title='bbox 2910 4781 3107 4835; x_wconf 78' lang='lat' dir='ltr'><strong>expers</strong></span> <span class='ocrx_word' id='word_1_788' title='bbox 3124 4767 3364 4822; x_wconf 89' lang='lat' dir='ltr'><strong>mansit?</strong></span> <span class='ocrx_word' id='word_1_789' title='bbox 3397 4769 3531 4836; x_wconf 87' lang='lat' dir='ltr'><strong>Quis</strong></span> <span class='ocrx_word' id='word_1_790' title='bbox 3558 4788 3752 4829; x_wconf 86' lang='lat' dir='ltr'><strong>eorum</strong></span> 
     </span>
    </p>
   </div>
   <div class='ocr_carea' id='block_1_110' title="bbox 2169 4852 3756 4937">
    <p class='ocr_par' dir='ltr' id='par_1_110' title="bbox 2169 4852 3756 4937">
     <span class='ocr_line' id='line_1_110' title="bbox 2169 4852 3756 4937; baseline 0.011 -32"><span class='ocrx_word' id='word_1_791' title='bbox 2169 4853 2263 4922; x_wconf 92' lang='lat' dir='ltr'><strong>qui</strong></span> <span class='ocrx_word' id='word_1_792' title='bbox 2294 4853 2349 4907; x_wconf 90' lang='lat' dir='ltr'><strong>in</strong></span> <span class='ocrx_word' id='word_1_793' title='bbox 2383 4852 2629 4910; x_wconf 83' lang='lat' dir='ltr'><strong>Ecclesia</strong></span> <span class='ocrx_word' id='word_1_794' title='bbox 2653 4854 2938 4922; x_wconf 84' lang='lat' dir='ltr'><strong>ﬂorebant,</strong></span> <span class='ocrx_word' id='word_1_795' title='bbox 2970 4873 3080 4912; x_wconf 91' lang='lat' dir='ltr'><strong>non</strong></span> <span class='ocrx_word' id='word_1_796' title='bbox 3116 4859 3366 4929; x_wconf 86' lang='lat' dir='ltr'><strong>dejectus</strong></span> <span class='ocrx_word' id='word_1_797' title='bbox 3388 4874 3473 4919; x_wconf 90' lang='lat' dir='ltr'><strong>est</strong></span> <span class='ocrx_word' id='word_1_798' title='bbox 3498 4880 3529 4919; x_wconf 91' lang='lat' dir='ltr'><strong>a</strong></span> <span class='ocrx_word' id='word_1_799' title='bbox 3558 4868 3756 4937; x_wconf 75' lang='lat' dir='ltr'><strong>emptis</strong></span> 
     </span>
    </p>
   </div>
   <div class='ocr_carea' id='block_1_111' title="bbox 2171 4948 3755 5023">
    <p class='ocr_par' dir='ltr' id='par_1_111' title="bbox 2171 4948 3755 5023">
     <span class='ocr_line' id='line_1_111' title="bbox 2171 4948 3755 5023; baseline 0.006 -20"><span class='ocrx_word' id='word_1_800' title='bbox 2171 4957 2226 5003; x_wconf 91' lang='lat' dir='ltr'><strong>et</strong></span> <span class='ocrx_word' id='word_1_801' title='bbox 2260 4948 2544 5006; x_wconf 89' lang='lat' dir='ltr'><strong>laboribus</strong></span> <span class='ocrx_word' id='word_1_802' title='bbox 2593 4950 2752 5006; x_wconf 90' lang='lat' dir='ltr'><strong>suis?</strong></span> <span class='ocrx_word' id='word_1_803' title='bbox 2796 4950 2930 5017; x_wconf 86' lang='lat' dir='ltr'><strong>Quis</strong></span> <span class='ocrx_word' id='word_1_804' title='bbox 2965 4954 3202 5023; x_wconf 89' lang='lat' dir='ltr'><strong>populus</strong></span> <span class='ocrx_word' id='word_1_805' title='bbox 3243 4955 3657 5013; x_wconf 83' lang='lat' dir='ltr'><strong>insultationem</strong></span> <span class='ocrx_word' id='word_1_806' title='bbox 3691 4963 3755 5013; x_wconf 86' lang='lat' dir='ltr'><strong>il-</strong></span> 
     </span>
    </p>
   </div>
   <div class='ocr_carea' id='block_1_112' title="bbox 2175 5040 3754 5121">
    <p class='ocr_par' dir='ltr' id='par_1_112' title="bbox 2175 5040 3754 5121">
     <span class='ocr_line' id='line_1_112' title="bbox 2175 5040 3754 5121; baseline 0.01 -29"><span class='ocrx_word' id='word_1_807' title='bbox 2175 5040 2282 5093; x_wconf 92' lang='lat' dir='ltr'><strong>lam</strong></span> <span class='ocrx_word' id='word_1_808' title='bbox 2312 5040 2676 5111; x_wconf 75' lang='lat' dir='ltr'><strong>ell‘ugit?Non</strong></span> <span class='ocrx_word' id='word_1_809' title='bbox 2708 5042 2866 5114; x_wconf 83' lang='lat' dir='ltr'><strong>Syria</strong></span> <span class='ocrx_word' id='word_1_810' title='bbox 2900 5046 3177 5110; x_wconf 88' lang='lat' dir='ltr'><strong>universa,</strong></span> <span class='ocrx_word' id='word_1_811' title='bbox 3220 5064 3329 5102; x_wconf 91' lang='lat' dir='ltr'><strong>non</strong></span> <span class='ocrx_word' id='word_1_812' title='bbox 3364 5050 3754 5121; x_wconf 78' lang='lat' dir='ltr'><strong>Mesopotamia</strong></span> 
     </span>
    </p>
   </div>
   <div class='ocr_carea' id='block_1_113' title="bbox 2174 5133 3753 5208">
    <p class='ocr_par' dir='ltr' id='par_1_113' title="bbox 2174 5133 3753 5208">
     <span class='ocr_line' id='line_1_113' title="bbox 2174 5133 3753 5208; baseline 0.009 -23"><span class='ocrx_word' id='word_1_813' title='bbox 2174 5146 2350 5200; x_wconf 89' lang='lat' dir='ltr'><strong>usque</strong></span> <span class='ocrx_word' id='word_1_814' title='bbox 2390 5133 2458 5187; x_wconf 87' lang='lat' dir='ltr'><strong>ad</strong></span> <span class='ocrx_word' id='word_1_815' title='bbox 2492 5133 2631 5189; x_wconf 87' lang='lat' dir='ltr'><strong>ﬁnes</strong></span> <span class='ocrx_word' id='word_1_816' title='bbox 2665 5134 3061 5191; x_wconf 89' lang='lat' dir='ltr'><strong>barbarorum:</strong></span> <span class='ocrx_word' id='word_1_817' title='bbox 3110 5154 3219 5193; x_wconf 89' lang='lat' dir='ltr'><strong>non</strong></span> <span class='ocrx_word' id='word_1_818' title='bbox 3284 5140 3590 5208; x_wconf 74' lang='lat' dir='ltr'><strong>Phienicia,</strong></span> <span class='ocrx_word' id='word_1_819' title='bbox 3648 5161 3753 5199; x_wconf 87' lang='lat' dir='ltr'><strong>non</strong></span> 
     </span>
    </p>
   </div>
   <div class='ocr_carea' id='block_1_114' title="bbox 2175 5222 3759 5302">
    <p class='ocr_par' dir='ltr' id='par_1_114' title="bbox 2175 5222 3759 5302">
     <span class='ocr_line' id='line_1_114' title="bbox 2175 5222 3759 5302; baseline 0.009 -27"><span class='ocrx_word' id='word_1_820' title='bbox 2175 5222 2493 5287; x_wconf 64' lang='lat' dir='ltr'><strong>Palaestina,</strong></span> <span class='ocrx_word' id='word_1_821' title='bbox 2527 5240 2637 5278; x_wconf 91' lang='lat' dir='ltr'><strong>non</strong></span> <span class='ocrx_word' id='word_1_822' title='bbox 2674 5226 2898 5291; x_wconf 87' lang='lat' dir='ltr'><strong>Arabia,</strong></span> <span class='ocrx_word' id='word_1_823' title='bbox 2942 5244 3051 5283; x_wconf 91' lang='lat' dir='ltr'><strong>non</strong></span> <span class='ocrx_word' id='word_1_824' title='bbox 3089 5230 3383 5302; x_wconf 64' lang='lat' dir='ltr'><strong>IEgyptus,</strong></span> <span class='ocrx_word' id='word_1_825' title='bbox 3420 5250 3527 5287; x_wconf 85' lang='lat' dir='ltr'><strong>nun</strong></span> <span class='ocrx_word' id='word_1_826' title='bbox 3566 5236 3759 5291; x_wconf 71' lang='lat' dir='ltr'><strong>incola:</strong></span> 
     </span>
    </p>
   </div>
   <div class='ocr_carea' id='block_1_115' title="bbox 2176 5312 3755 5397">
    <p class='ocr_par' dir='ltr' id='par_1_115' title="bbox 2176 5312 3755 5397">
     <span class='ocr_line' id='line_1_115' title="bbox 2176 5312 3755 5397; baseline 0.01 -31"><span class='ocrx_word' id='word_1_827' title='bbox 2176 5312 2360 5384; x_wconf 68' lang='lat' dir='ltr'><strong>Libya:</strong></span> <span class='ocrx_word' id='word_1_828' title='bbox 2390 5332 2567 5385; x_wconf 89' lang='lat' dir='ltr'><strong>usque</strong></span> <span class='ocrx_word' id='word_1_829' title='bbox 2593 5316 2659 5370; x_wconf 86' lang='lat' dir='ltr'><strong>ad</strong></span> <span class='ocrx_word' id='word_1_830' title='bbox 2689 5320 2956 5375; x_wconf 88' lang='lat' dir='ltr'><strong>terminos</strong></span> <span class='ocrx_word' id='word_1_831' title='bbox 2981 5325 3158 5378; x_wconf 89' lang='lat' dir='ltr'><strong>nostri</strong></span> <span class='ocrx_word' id='word_1_832' title='bbox 3199 5326 3381 5393; x_wconf 92' lang='lat' dir='ltr'><strong>orbis;</strong></span> <span class='ocrx_word' id='word_1_833' title='bbox 3422 5343 3603 5397; x_wconf 87' lang='lat' dir='ltr'><strong>neque</strong></span> <span class='ocrx_word' id='word_1_834' title='bbox 3636 5330 3755 5393; x_wconf 89' lang='lat' dir='ltr'><strong>alii,</strong></span> 
     </span>
    </p>
   </div>
   <div class='ocr_carea' id='block_1_116' title="bbox 2176 5407 3758 5489">
    <p class='ocr_par' dir='ltr' id='par_1_116' title="bbox 2176 5407 3758 5489">
     <span class='ocr_line' id='line_1_116' title="bbox 2176 5407 3758 5489; baseline 0.009 -30"><span class='ocrx_word' id='word_1_835' title='bbox 2176 5407 2268 5476; x_wconf 93' lang='lat' dir='ltr'><strong>qui</strong></span> <span class='ocrx_word' id='word_1_836' title='bbox 2305 5408 2361 5461; x_wconf 91' lang='lat' dir='ltr'><strong>in</strong></span> <span class='ocrx_word' id='word_1_837' title='bbox 2390 5423 2456 5463; x_wconf 91' lang='lat' dir='ltr'><strong>eo</strong></span> <span class='ocrx_word' id='word_1_838' title='bbox 2475 5407 2679 5479; x_wconf 85' lang='lat' dir='ltr'><strong>degunt</strong></span> <span class='ocrx_word' id='word_1_839' title='bbox 2716 5408 2950 5472; x_wconf 83' lang='lat' dir='ltr'><strong>Pontici,</strong></span> <span class='ocrx_word' id='word_1_840' title='bbox 2976 5415 3196 5477; x_wconf 75' lang='lat' dir='ltr'><strong>Cilices,</strong></span> <span class='ocrx_word' id='word_1_841' title='bbox 3217 5415 3389 5488; x_wconf 80' lang='lat' dir='ltr'><strong>Lycii,</strong></span> <span class='ocrx_word' id='word_1_842' title='bbox 3426 5417 3581 5489; x_wconf 75' lang='lat' dir='ltr'><strong>Lydi,</strong></span> <span class='ocrx_word' id='word_1_843' title='bbox 3612 5418 3758 5475; x_wconf 86' lang='lat' dir='ltr'><strong>Pisi-</strong></span> 
     </span>
    </p>
   </div>
   <div class='ocr_carea' id='block_1_117' title="bbox 2177 5499 3759 5584">
    <p class='ocr_par' dir='ltr' id='par_1_117' title="bbox 2177 5499 3759 5584">
     <span class='ocr_line' id='line_1_117' title="bbox 2177 5499 3759 5584; baseline 0.009 -30"><span class='ocrx_word' id='word_1_844' title='bbox 2177 5500 2277 5567; x_wconf 88' lang='lat' dir='ltr'><strong>dii,</strong></span> <span class='ocrx_word' id='word_1_845' title='bbox 2308 5499 2637 5573; x_wconf 84' lang='lat' dir='ltr'><strong>Pamphylii,</strong></span> <span class='ocrx_word' id='word_1_846' title='bbox 2669 5502 2858 5567; x_wconf 88' lang='lat' dir='ltr'><strong>Cares,</strong></span> <span class='ocrx_word' id='word_1_847' title='bbox 2885 5504 3263 5577; x_wconf 83' lang='lat' dir='ltr'><strong>Hellespontii,</strong></span> <span class='ocrx_word' id='word_1_848' title='bbox 3296 5512 3538 5566; x_wconf 86' lang='lat' dir='ltr'><strong>insulani</strong></span> <span class='ocrx_word' id='word_1_849' title='bbox 3583 5530 3759 5584; x_wconf 87' lang='lat' dir='ltr'><strong>usque</strong></span> 
     </span>
    </p>
   </div>
   <div class='ocr_carea' id='block_1_118' title="bbox 2179 5592 3756 5678">
    <p class='ocr_par' dir='ltr' id='par_1_118' title="bbox 2179 5592 3756 5678">
     <span class='ocr_line' id='line_1_118' title="bbox 2179 5592 3756 5678; baseline 0.012 -34"><span class='ocrx_word' id='word_1_850' title='bbox 2179 5592 2245 5644; x_wconf 88' lang='lat' dir='ltr'><strong>ad</strong></span> <span class='ocrx_word' id='word_1_851' title='bbox 2274 5592 2449 5661; x_wconf 89' lang='lat' dir='ltr'><strong>ipsam</strong></span> <span class='ocrx_word' id='word_1_852' title='bbox 2470 5592 2899 5665; x_wconf 81' lang='lat' dir='ltr'><strong>Propontidem:</strong></span> <span class='ocrx_word' id='word_1_853' title='bbox 2947 5614 3055 5654; x_wconf 93' lang='lat' dir='ltr'><strong>non</strong></span> <span class='ocrx_word' id='word_1_854' title='bbox 3107 5611 3299 5672; x_wconf 90' lang='lat' dir='ltr'><strong>gentes</strong></span> <span class='ocrx_word' id='word_1_855' title='bbox 3346 5602 3614 5671; x_wconf 65' lang='lat' dir='ltr'><strong>Thraciae,</strong></span> <span class='ocrx_word' id='word_1_856' title='bbox 3647 5622 3756 5678; x_wconf 87' lang='lat' dir='ltr'><strong>qua</strong></span> 
     </span>
    </p>
   </div>
   <div class='ocr_carea' id='block_1_119' title="bbox 2178 5684 3755 5769">
    <p class='ocr_par' dir='ltr' id='par_1_119' title="bbox 2178 5684 3755 5769">
     <span class='ocr_line' id='line_1_119' title="bbox 2178 5684 3755 5769; baseline 0.013 -33"><span class='ocrx_word' id='word_1_857' title='bbox 2178 5692 2327 5752; x_wconf 87' lang='lat' dir='ltr'><strong>patet</strong></span> <span class='ocrx_word' id='word_1_858' title='bbox 2358 5684 2613 5752; x_wconf 90' lang='lat' dir='ltr'><strong>Thracia,</strong></span> <span class='ocrx_word' id='word_1_859' title='bbox 2656 5698 2712 5744; x_wconf 89' lang='lat' dir='ltr'><strong>et</strong></span> <span class='ocrx_word' id='word_1_860' title='bbox 2756 5689 2976 5745; x_wconf 87' lang='lat' dir='ltr'><strong>ﬁnitimi</strong></span> <span class='ocrx_word' id='word_1_861' title='bbox 3014 5695 3225 5765; x_wconf 89' lang='lat' dir='ltr'><strong>quique</strong></span> <span class='ocrx_word' id='word_1_862' title='bbox 3256 5710 3434 5766; x_wconf 88' lang='lat' dir='ltr'><strong>usque</strong></span> <span class='ocrx_word' id='word_1_863' title='bbox 3467 5697 3536 5752; x_wconf 90' lang='lat' dir='ltr'><strong>ad</strong></span> <span class='ocrx_word' id='word_1_864' title='bbox 3574 5699 3755 5769; x_wconf 90' lang='lat' dir='ltr'><strong>ipsum</strong></span> 
     </span>
    </p>
   </div>
   <div class='ocr_carea' id='block_1_120' title="bbox 2181 5776 3760 5861">
    <p class='ocr_par' dir='ltr' id='par_1_120' title="bbox 2181 5776 3760 5861">
     <span class='ocr_line' id='line_1_120' title="bbox 2181 5776 3760 5861; baseline 0.01 -29"><span class='ocrx_word' id='word_1_865' title='bbox 2181 5776 2488 5836; x_wconf 86' lang='lat' dir='ltr'><strong>Danubium</strong></span> <span class='ocrx_word' id='word_1_866' title='bbox 2507 5792 2525 5839; x_wconf 77' lang='lat'><strong>.‘</strong></span> <span class='ocrx_word' id='word_1_867' title='bbox 2550 5780 2683 5850; x_wconf 77' lang='lat' dir='ltr'><strong>Qua:</strong></span> <span class='ocrx_word' id='word_1_868' title='bbox 2710 5798 2776 5840; x_wconf 87' lang='lat' dir='ltr'><strong>ex</strong></span> <span class='ocrx_word' id='word_1_869' title='bbox 2808 5783 2895 5839; x_wconf 92' lang='lat' dir='ltr'><strong>his</strong></span> <span class='ocrx_word' id='word_1_870' title='bbox 2926 5786 3181 5843; x_wconf 85' lang='lat' dir='ltr'><strong>omnibus</strong></span> <span class='ocrx_word' id='word_1_871' title='bbox 3204 5789 3506 5861; x_wconf 88' lang='lat' dir='ltr'><strong>provinciis</strong></span> <span class='ocrx_word' id='word_1_872' title='bbox 3532 5792 3760 5850; x_wconf 84' lang='lat' dir='ltr'><strong>calami-</strong></span> 
     </span>
    </p>
   </div>
  </div>
