4166 6372
395 299 507 355 τηε

1649 287 1708 342 S.
1752 284 2083 343 GREGORII
2118 286 2408 344 NYSSENI

3563 287 3672 343 29a

396 417 531 473 tatis
559 411 724 483 lmjus
768 425 967 481 expers
1004 408 1139 480 fuit,
1183 406 1293 463 nisi
1329 406 1471 461 forte
1500 406 1616 469 illa,
1662 421 1785 475 quae
1830 412 1991 460 antea

2106 407 2338 461 σπόντιοι
2359 446 2374 469 ,
2402 407 2694 477 νησιῶται,
2728 406 2889 477 μέχρι
2920 406 3019 476 τῆς
3062 400 3419 478 Προποντίδος
3464 406 3668 476 αὐτῆς.

398 504 506 562 hoc
555 505 700 557 malo
732 500 1059 557 tenebatur?
1112 497 1279 553 Solus
1333 513 1401 553 ex
1445 498 1702 551 omnibus
1753 495 1987 566 p0pulus

397 594 697 667 Cappadox
740 606 1091 647 communem
1143 589 1357 644 cladem
1419 597 1474 642 et
1523 604 1826 643 aerumnam
1876 603 1989 642 non

2088 499 2163 551 Οὐ
2191 498 2259 551 τὰ
2287 499 2382 550 ἐπὶ
2408 497 2630 568 Θρᾴκης
2678 498 2877 560 πάντα,
2912 497 3017 560 ἕως
3043 492 3112 567 ἦν
3143 498 3176 567 ἡ
3208 496 3397 567 Θρᾴκη
3418 530 3433 557 ,
3467 497 3563 549 καὶ
3600 495 3670 547 τὰ

2091 589 2219 658 περὶ
2244 587 2413 658 αὐτὴν
2444 586 2591 658 ἔθνη,
2611 589 2715 651 ἕως
2742 588 2877 658 πρὸς
2898 587 2988 640 τὸν
3021 589 3231 657 Ἴστρον
3253 587 3412 639 αὐτόν
3429 627 3443 639 .
3472 586 3537 638 Τί
3565 586 3645 638 τῶ

400 690 595 753 sensit,
641 702 802 757 quem
834 699 1066 754 magnus
1110 693 1297 739 noster
1333 689 1726 753 propugnator,
1756 697 1824 736 ex
1870 694 1992 735 om-

2106 679 2311 731 ττάντων
2336 678 2429 731 ἐπὶ
2460 681 2735 750 σχήματος
2766 680 2969 750 ἔμεινε,
2989 678 3127 750 πλὴν
3153 681 3199 732 εί
3226 680 3355 749 μήτι
3387 676 3678 748 προκατεί-

399 779 565 833 nibus
600 775 1000 832 tentalionibus
1032 774 1253 843 eripuit.

2093 788 2218 841 χετο
2239 772 2318 842 τῷ
2346 773 2570 843 τοιούτῳ
2601 772 2783 841 κακῷς
2807 772 2942 825 ἀλλὰ
2966 772 3125 843 μόνος
3146 773 3209 824 ὲκ
3236 771 3451 824 πάντων
3471 769 3498 820 6
3522 770 3651 820 Καπ

403 874 691 935 παδὸκειος
738 871 884 935 λαὸς,
922 871 1022 941 τῆς
1055 869 1242 938 κοινῆς
1272 869 1379 922 τῶν
1421 866 1755 938 Ἐκκλησιῶν
1783 866 2067 938 συμφορᾶς
2115 868 2214 920 οὐκ
2266 868 2559 939 ὲπῄσθετου
2586 868 2645 921 ὃν
2704 870 2733 921 6
2798 867 2971 938 μέγας
3016 866 3295 937 πρόμαχος
3359 863 3515 935 ἡμῶν
3584 857 3678 913 ἐπὶ

401 968 511 1020 τῶν
544 965 860 1036 πειρασμῶν
893 962 1208 1016 διεσώσατο.

474 1057 599 1109 Haec
619 1055 825 1110 scilicet
852 1052 1159 1107 timiditatis
1182 1051 1511 1106 documenta
1539 1049 1709 1105 edidit
1736 1048 1995 1120 magister

402 1156 629 1204 noster:
689 1148 803 1201 haec
853 1153 982 1200 sunt
1028 1146 1311 1215 paventis,
1352 1152 1405 1199 et
1436 1144 1758 1214 trepidantis
1798 1142 1865 1194 ad
1912 1142 1992 1193 la-

403 1242 566 1297 bores
598 1240 800 1294 arduos
849 1239 1108 1307 praeclara
1159 1237 1445 1301 facinora;
1479 1237 1573 1305 qui
1608 1250 1713 1288 non
1751 1234 1805 1287 in
1844 1241 1992 1286 coetu

404 1333 731 1389 miserarum
761 1332 1099 1384 anicularum
1131 1328 1356 1398 gloriam
1386 1328 1491 1383 sibi
1531 1326 1769 1396 peperit.
1813 1340 1991 1395 neque

407 1423 765 1479 mulierculas
790 1423 938 1476 omni
969 1420 1145 1474 fraudi
1177 1428 1232 1474 et
1255 1420 1563 1490 deceptioni
1594 1419 1861 1474 obnoxias
1886 1418 1995 1469 cir-

407 1514 721 1570 cumvenire
753 1512 963 1568 studuit
985 1552 1000 1575 ,
1038 1527 1212 1581 neque
1246 1526 1277 1565 a
1305 1511 1607 1581 desperatis
1634 1519 1688 1566 et
1721 1520 1996 1578 covrupta:

408 1606 609 1661 mentis
632 1604 947 1659 hominibus
970 1604 1149 1674 magni
1180 1602 1299 1657 fieri
1328 1601 1485 1656 valde
1511 1600 1875 1671 expetendqu
1901 1599 1996 1652 du-

407 1699 489 1753 xit
518 1716 533 1766 ;
559 1697 652 1753 sed
684 1696 864 1767 reipsa
894 1694 1291 1751 demonstravit
1317 1695 1424 1747 vim
1454 1694 1627 1747 animi
1654 1693 1775 1757 sui,
1810 1698 1863 1745 et
1893 1691 1997 1744 im-

406 1791 793 1862 perterritum,
821 1789 1086 1843 invictum
1109 1797 1165 1842 et
1188 1801 1511 1857 generosum
1539 1786 1691 1840 illum
1717 1784 1991 1852 spiritum,

2162 1041 2348 1095 Ταῦτα
2394 1043 2461 1096 τά
2492 1044 2590 1109 τῆς
2618 1041 2821 1105 δειλίας
2847 1041 2942 1094 τοῦ
2983 1038 3303 1095 διδασκάλου
3347 1043 3504 1113 ἡμῶν
3534 1047 3664 1099 ἀποι

2090 1136 2399 1206 τελέσματα
2434 1153 2448 1168 ο
2475 1136 2647 1190 ταῦτα
2678 1134 2770 1188 τοῦ
2806 1135 3211 1204 κατεπτηχότπ
3252 1137 3375 1199 τοὺς
3411 1138 3674 1207 τραχυτέο

2094 1243 2220 1295 ρους
2252 1226 2367 1299 τῶν
2393 1226 2569 1279 πόνων
2617 1226 2683 1279 τὰ
2731 1224 3128 1297 κατορθώματα
3151 1243 3164 1256 ·
3189 1228 3289 1279 οὐκ
3334 1228 3391 1279 ἐν
3415 1228 3677 1298 γραϊδίοις

2090 1315 2371 1385 δυστήνοις
2428 1314 2838 1385 εὐδοκιμοῦντος
2864 1356 2878 1379 ,
2921 1316 3040 1368 οὐδὲ
3084 1317 3297 1387 ἀπατᾷν
3344 1319 3678 1390 γυναικάρια

2092 1405 2227 1475 πρὸς
2254 1407 2432 1458 πᾶσαν
2458 1405 2674 1475 ἀπάτην
2704 1406 2940 1469 εὐκόλως
2980 1406 3168 1476 ἔχοντα
3199 1407 3529 1477 μελετῶντος
3550 1454 3565 1475 ,
3593 1413 3679 1464 οὐ·

2094 1496 2150 1549 δὲ
2204 1497 2309 1549 ὐπὸ
2360 1497 2468 1549 τῶν
2530 1498 2993 1568 κατεγνωσμένων
3061 1500 3156 1551 καὶ¹
3216 1502 3677 1572 κατεφθαρμένων

2095 1587 2466 1658 θαυμάζεσθαι
2527 1588 2669 1658 μέγα
2717 1588 3012 1659 κρίνοντος.
3058 1590 3218 1644 Ἀλλὰ
3248 1591 3336 1645 διὰ
3364 1592 3469 1645 τῶν
3501 1592 3677 1665 ἔργων

2092 1682 2362 1746 δείξαντος
2395 1681 2491 1752 τὴν
2527 1682 2678 1751 ἰσχὺν
2700 1681 2801 1750 τῆς
2821 1682 3017 1753 ψυχῆς,
3042 1682 3136 1736 καὶ
3164 1683 3223 1736 τὸ
3257 1685 3527 1755 ἄτρεπτον
3548 1729 3562 1751 ,
3586 1689 3679 1740 καὶ

2094 1773 2359 1845 ἀνδρεῖον,
2391 1773 2484 1825 καὶ
2507 1771 2725 1839 γενικὺν
2755 1772 2847 1824 τοῦ
2900 1774 3247 1844 φρονήματος
3267 1792 3280 1806 ·
3310 1768 3370 1827 οὗ
3398 1776 3459 1829 τὸ
3492 1779 3681 1848 κατόρι

408 1882 569 1952 cujus
603 1882 864 1951 praeclare
899 1879 1104 1934 factum
1143 1879 1293 1935 salus
1326 1877 1428 1932 fuit
1461 1878 1731 1931 universae
1765 1875 1991 1946 patriae,

2106 1866 2277 1937 θωμα,
2309 1864 2552 1935 σωτηρία
2576 1863 2675 1934 μὲν
2712 1866 2810 1935 τῆς
2840 1864 3093 1934 πατρίδος
3122 1865 3362 1937 ἁπάσης,
3390 1870 3579 1940 είρήνη

408 1992 515 2048 pax
545 1983 747 2031 nostrae
778 1974 1034 2029 Ecclesiae
1054 2014 1069 2039 ,
1095 1974 1377 2044 exemplar
1406 1972 1587 2028 onmis
1615 1970 1861 2031 honesti,
1891 1969 1957 2023 iis
1976 2006 1993 2032 ,

408 2068 502 2138 qui
550 2064 854 2125 secundum
902 2064 1160 2118 virtutem
1206 2063 1438 2129 vivunt;
1487 2060 1700 2116 eversio
1735 2059 1994 2114 adversa-

410 2160 618 2213 riorum
637 2200 652 2224 ,
677 2155 1042 2228 patrocinium
1070 2154 1192 2210 fidei
1216 2194 1231 2219 ,
1258 2156 1528 2211 securitas
1554 2152 1994 2215 imbecilliorum,

410 2252 847 2308 stabilimeutum
880 2249 1256 2305 robustiorum
1283 2288 1298 2314 ,
1328 2256 1383 2302 et
1411 2255 1469 2301 ut
1498 2261 1608 2301 uno
1635 2244 1803 2300 verbo
1829 2258 1998 2313 expe-

411 2344 559 2398 diam
580 2382 595 2407 ,
631 2339 899 2412 quidquid
928 2340 1061 2395 boni
1091 2339 1391 2410 excogitari
1439 2345 1657 2409 potest,
1710 2335 1763 2390 id
1808 2336 1862 2389 in
1894 2335 2000 2389 hoc

411 2434 559 2490 facto
594 2431 1104 2504 comprehenditur,
1143 2432 1199 2486 in
1230 2446 1339 2503 qua
1373 2430 1642 2484 duntaxat
1674 2427 2000 2482 narratione

412 2524 675 2581 audiendi
721 2533 774 2580 et
824 2523 1044 2579 videndi
1097 2538 1296 2579 sensus
1341 2537 1401 2577 re
1449 2522 1567 2591 ipsa
1613 2520 1996 2574 conveniunt:

412 2618 557 2674 idem
587 2618 732 2673 enim
766 2628 850 2671 est
882 2616 1133 2670 oratione
1169 2615 1432 2684 praeclara
1474 2627 1707 2683 quaeque
1751 2609 1998 2665 facinora

415 2714 703 2785 persequi,
737 2722 789 2768 et
820 2728 984 2782 opere
1020 2712 1141 2782 ipso
1171 2709 1404 2764 orationi
1446 2709 1817 2762 testimonium
1867 2718 1993 2774 per-

414 2807 639 2873 bibere,
671 2814 727 2861 et
774 2812 1008 2875 utraque
1038 2803 1245 2856 mutuis
1283 2800 1442 2871 quasi
1480 2799 1839 2853 firmamentis
1872 2811 2000 2850 cor-

412 2899 677 2955 roborare
698 2941 712 2965 ,
742 2895 1062 2952 memoriam
1098 2895 1320 2966 quidem
1349 2909 1417 2949 ex
1451 2893 1518 2946 iis
1539 2934 1553 2957 ,
1585 2906 1707 2961 qua:
1741 2889 1999 2945 sensibus

414 2992 777 3062 objiciuntur,
809 3006 901 3045 res
929 3003 1062 3045 vero
1088 3004 1155 3043 ex
1190 2988 1293 3051 iis,
1329 3002 1451 3057 qua:
1483 2984 1765 3040 dicuntur.

489 3081 978 3137 Verumenimvero
1011 3079 1198 3134 nescio
1224 3091 1331 3147 qua
1364 3076 1575 3129 ratione
1602 3074 1818 3145 longius
1851 3084 1999 3129 extra

2096 1958 2196 2026 τῆς
2219 1957 2340 2011 καθ’
2363 1958 2509 2027 ἡμᾶς
2545 1955 2890 2025 Ἐκκλησίας,
2917 1958 3217 2028 ὑπόδειγμα
3240 1958 3295 2012 δὲ
3317 1967 3515 2023 παντὸς
3545 1962 3680 2029 ἀγα·

2098 2048 2214 2111 θοῦ,
2244 2052 2354 2112 τοῖς
2379 2050 2712 2121 κατ’ἀρετὴν
2741 2048 2927 2113 ζῶσιν,
2961 2050 3241 2120 ἀνατροπὴ
3262 2049 3370 2102 τῶν
3394 2054 3677 2117 ἐναντίων,

2100 2141 2397 2212 συνηγορία
2418 2140 2515 2211 τῆς
2539 2140 2795 2202 πίστεως,
2820 2139 3087 2209 ἀσφάλεια
3125 2140 3232 2194 τῶν
3256 2141 3679 2214 ἀσθενεστέρων,

2101 2232 2388 2302 βεϐαίωσις
2422 2231 2528 2285 τῶν
2564 2232 3010 2304 προθυμοτέρων,
3046 2233 3222 2286 πάντα
3251 2234 3350 2287 ὅσα
3378 2235 3475 2304 τῆς
3504 2237 3684 2305 κρείτ-

2099 2338 2248 2384 τονος
2294 2321 2487 2391 μοίρας
2532 2318 2669 2373 εἶναι
2702 2322 3057 2375 πεπίστευται
3088 2336 3102 2351 ⁸
3128 2324 3218 2376 ἐπὶ
3252 2324 3456 2378 τούτων
3508 2326 3682 2395 μόνων

2099 2413 2208 2467 τῶν
2230 2413 2603 2485 διηγημάτων,
2636 2415 2774 2485 ἀκοή
2806 2432 2865 2467 τε
2900 2416 2990 2468 καὶ
3022 2416 3143 2486 ὄψις
3171 2418 3262 2469 ἐπὶ
3294 2417 3400 2469 τῶν
3426 2419 3684 2488 πραγμάδ

2103 2524 2208 2559 των
2241 2508 2629 2578 συμϐαίνουσι·
2665 2509 2859 2562 ταυτὸν
2888 2509 2996 2579 γάρ
3033 2512 3148 2563 ἐστι
3202 2510 3345 2581 λόγῳ
3390 2511 3459 2565 τὰ
3497 2514 3683 2567 xant-

2105 2617 2205 2653 στα
2260 2600 2646 2672 διηγήσασθαι,
2675 2600 2770 2655 καὶ
2825 2601 2971 2672 ἔργῳ
3018 2602 3187 2669 δεῖξαι
3232 2605 3330 2675 τὴν
3379 2607 3685 2677 μαρτυρίαν

2100 2691 2209 2744 τῶν
2233 2691 2436 2761 λόγων,
2460 2694 2555 2749 καὶ
2584 2693 2869 2765 ἀμφότερα
2906 2694 2969 2747 δι’
2995 2695 3240 2767 ἀλλήλων
3280 2698 3683 2761 πιστώσασθαι,

2101 2785 2200 2855 τήν
2216 2802 2276 2837 τε
2305 2787 2524 2857 μνήμην
2540 2786 2646 2839 ἀπὸ
2661 2786 2766 2840 τῶν
2797 2787 3155 2857 φαινομένων,
3180 2789 3271 2842 καὶ
3295 2789 3362 2843 τὰ
3386 2792 3687 2863 πράγματα

2102 2875 2189 2929 διὰ
2228 2876 2336 2930 τῶν
2368 2877 2697 2948 λεγομένων.

2189 3059 2349 3114 Ἀλλὰ
2377 3059 2485 3133 γὰρ
2527 3066 2626 3114 οὐκ
2674 3059 2769 3116 οἷδ’
2796 3063 2947 3128 ὅπως
2991 3063 3243 3118 τοσοῦτον
3285 3065 3388 3132 ἔξω
3417 3066 3524 3119 τῶν
3550 3085 3685 3141 προι-

416 3173 759 3245 propositam
792 3172 1079 3226 materiam
1110 3167 1442 3239 processerit
1476 3166 1651 3219 oratio
1674 3206 1687 3221 .
1736 3181 1998 3220 conversa

2106 3153 2375 3223 κειμένων
2410 3154 2723 3225 παρηνέχθη
2751 3156 2779 3207 6
2814 3155 2989 3224 λόγος,
3018 3157 3156 3229 πρὸς
3197 3158 3424 3211 ἕκαστον
3462 3159 3569 3212 τῶν
3603 3160 3687 3227 ἐφ’

417 3266 488 3321 ad
519 3265 731 3336 singula
753 3305 769 3330 ,
798 3279 921 3333 quae
951 3261 1293 3334 sycophanta
1322 3274 1420 3329 per
1447 3258 1835 3313 contumeliam
1862 3256 2009 3327 obje-

418 3358 516 3413 cit.
547 3356 713 3427 Atqui
745 3355 1040 3410 admodum
1071 3354 1222 3408 utilis
1253 3351 1507 3407 fortassis
1536 3349 1804 3404 Eunomio
1841 3348 2008 3405 fuerit

419 3465 577 3506 mora
612 3449 727 3504 haec
759 3446 1067 3509 orationis,
1102 3446 1157 3498 in
1192 3443 1282 3498 his
1315 3443 1611 3498 calumniis
1654 3440 1966 3496 refellendis
1988 3480 2004 3505 ,

422 3548 613 3611 utpote
669 3554 791 3610 quae
855 3544 1125 3607 occupata
1188 3534 1467 3590 diluendis
1527 3534 2009 3589 criminationibus

420 3642 613 3688 contra
649 3632 900 3686 homines
940 3630 1171 3698 ejectis,
1206 3627 1273 3681 ad
1322 3642 1385 3682 ea
1435 3642 1557 3697 qua:
1603 3625 1829 3695 majoris
1883 3632 2010 3680 sunt

421 3724 688 3780 momenti
736 3738 858 3779 sese
904 3721 1159 3776 conferre
1210 3727 1469 3791 nequeat.
1530 3717 2007 3784 Quemadmodum

422 3819 593 3890 igitur
620 3831 777 3880 eum,
808 3814 901 3884 qui
932 3813 1000 3869 de
1036 3812 1337 3867 homicidio
1383 3819 1698 3870 accusatur,
1743 3824 2009 3879 superva-

423 3926 655 3965 caneum
684 3916 769 3963 est
802 3921 1067 3962 accusare
1110 3906 1178 3960 de
1232 3905 1525 3959 verborum
1577 3902 1914 3973 procacitate
1956 3909 2012 3955 ct

423 4001 645 4059 levitate
669 4019 680 4053 :
713 3998 911 4055 sullicit
939 3998 1088 4053 enim
1112 3996 1288 4052 solum
1321 3995 1673 4051 homicidiqu
1700 3993 1766 4047 ad
1791 3994 1894 4048 hoc
1912 4034 1927 4058 ,
1953 4002 2011 4048 ut

425 4103 622 4150 contra
651 4108 774 4146 eum
813 4090 1007 4145 mortis
1038 4090 1313 4143 sententia
1352 4087 1581 4153 feratur,
1614 4085 1828 4140 etiamsi
1860 4085 2011 4140 nulla

427 4187 720 4242 verborum
757 4182 1071 4237 temeritate
1125 4196 1245 4235 sese
1294 4178 1564 4234 homicida
1613 4176 2009 4232 obstrinxerit:

428 4281 505 4334 ita
538 4276 671 4332 mihi
701 4289 879 4345 Operae
896 4273 1130 4343 pretium
1162 4271 1397 4334 videtur,
1428 4279 1488 4324 ut
1520 4268 1689 4324 solam
1720 4268 1880 4322 istius
1907 4267 2013 4320 im-

430 4366 687 4437 pietatem
718 4362 1073 4418 refellendam
1104 4360 1400 4430 suscipiam
1423 4399 1438 4423 ,
1472 4359 1663 4413 relicta
1691 4358 1783 4411 illa
1808 4397 1823 4421 ,
1851 4373 2015 4427 quam

433 4457 491 4510 in
517 4469 620 4510 nos
646 4461 864 4508 exercet
892 4450 1253 4505 maledicendi
1302 4449 1523 4504 licentia
1554 4465 1567 4501 :
1616 4449 1827 4503 clarum
1868 4449 2013 4503 enim

2110 3246 2265 3318 ὕϐρει
2296 3246 2568 3318 ῥηθέντων
2596 3247 2747 3320 παρὰ
2785 3248 2879 3301 τοῦ
2925 3250 3261 3316 συκοφάντου
3297 3253 3689 3323 ἐπιστρεφόμε-

2108 3355 2197 3401 νος
2216 3354 2228 3367 °
2259 3338 2433 3392 καίτοι
2460 3338 2539 3409 τῷ
2565 3340 2814 3411 Εὐνομίῳ
2850 3340 3042 3412 κέρδος
3071 3342 3132 3396 οὐ
3166 3343 3359 3414 μικρὸν
3393 3345 3426 3414 ἡ
3468 3345 3595 3415 περὶ
3620 3343 3690 3397 τὰ

2106 3430 2331 3485 τοιαῦτα
2363 3431 2457 3485 τοῦ
2491 3431 2647 3500 λόγου
2704 3432 2975 3504 διατριϐὴ,
3010 3434 3067 3487 ἐν
3099 3437 3163 3505 τῇ
3193 3435 3300 3487 τῶν
3332 3435 3691 3506 ἀνθρωπίνων

2109 3521 2459 3592 ἀδικημάτων
2493 3525 2796 3595 κατηγορίᾳ
2839 3527 2951 3586 τοῖς
2984 3524 3337 3595 κυριωτέροις
3386 3524 3689 3595 προσϐῆναι

2110 3613 2472 3685 κωλυομένου.
2515 3617 2724 3687 Ὥσπερ
2758 3611 2850 3670 οὖν
2906 3617 2995 3671 τὸν
3041 3617 3133 3671 ἐπὶ
3186 3616 3330 3687 φόνῳ
3378 3618 3690 3689 κρινόμενον

2112 3707 2251 3778 ὑπὲρ
2283 3708 2381 3778 τῆς
2404 3709 2461 3760 ἐν
2491 3709 2700 3779 ῥήμασι
2735 3709 3063 3779 προπετείας
3096 3709 3342 3773 κακίζειν
3376 3710 3481 3764 τῶν
3519 3713 3689 3782 ἀχρήι

2113 3816 2253 3853 στων
2291 3799 2436 3851 ἐστὶν
2467 3800 2647 3869 (ἀρκεῖ
2678 3799 2785 3869 γὰρ
2818 3802 2845 3852 ὁ
2883 3799 3042 3867 φόνος
3084 3799 3438 3870 ἁπελεγχθεὶς
3474 3801 3571 3871 τὴν
3599 3801 3689 3854 τοῦ

2113 3891 2340 3945 θανάτου
2380 3891 2557 3962 ψῆφον
2605 3893 2940 3960 ἐπενεγκεῖν,
2972 3891 3075 3943 κᾶν
3117 3891 3352 3961 μηδεμία
3395 3892 3689 3961 προπέτεια

2110 3983 2283 4051 λόγων
2302 3983 2379 4053 τῷ
2398 3983 2663 4054 μιαιφόνῳ
2694 3983 3175 4053 συναπελέγχηται)
3201 4000 3213 4013 ·
3231 3980 3373 4036 οὕτω
3402 4002 3489 4053 μοι
3512 3984 3690 4048 καλῶς

2114 4076 2258 4146 ἔχειν
2298 4076 2460 4137 δοκεῖ,
2508 4075 2673 4145 μόνην
2699 4074 2867 4129 αὐτοῦ
2916 4075 3015 4144 τὴν
3059 4074 3311 4127 ἀσέϐειαν
3355 4076 3432 4138 εἰς
3472 4075 3690 4146 ἔλεγχον

2114 4168 2482 4236 ἁγαγεῖν,τὰς
2525 4167 2580 4220 δὲ
2622 4166 2741 4219 καθ’
2771 4165 2927 4238 ἡμῶν
2961 4166 3225 4237 λοιδορίας
3266 4167 3475 4237 χαίρειν
3513 4168 3688 4220 ἐᾶσαι.

2114 4256 2281 4327 Δῆλον
2310 4254 2419 4325 γὰρ
2458 4255 2537 4307 ὅτι
2578 4255 2703 4327 περί
2750 4255 2818 4307 τά
2852 4256 3083 4325 μέγιστα
3117 4258 3207 4308 καὶ
3242 4256 3554 4327 κυριώτατα
3593 4256 3692 4326 τῆς

2116 4347 2380 4417 πονηρίας
2414 4346 2781 4417 φωραθείσης,
2818 4349 2912 4400 καὶ
2944 4349 3013 4400 τὰ
3044 4347 3205 4400 λοιπὰ
3238 4350 3411 4401 πάντα
3440 4353 3506 4420 τῇ
3537 4350 3693 4404 δυνάο

2120 4457 2208 4512 μει
2241 4438 2731 4509 συναπελέγχεται·
2765 4440 2868 4493 κᾶν
2917 4443 2989 4510 μὴ
3036 4441 3156 4493 καθ’
3184 4441 3411 4495 ἕκαστον
3450 4443 3691 4514 ἀκριϐῶς

431 4554 554 4609 cst,
588 4546 635 4601 si
670 4547 724 4600 in
776 4544 943 4599 rebus
991 4543 1215 4598 maximi
1266 4542 1527 4612 ponderis
1569 4541 1819 4609 impietas
1866 4541 2004 4596 illius

2118 4531 2440 4601 ἐπεξίωμεν.
2461 4530 2613 4583 Ἔστι
2637 4531 2814 4584 τοίνυν
2833 4532 2892 4584 τὸ
2907 4534 3196 4601 κεφάλαιον
3234 4534 3342 4585 τῶν
3373 4535 3501 4603 παρ’
3524 4534 3691 4587 αὐτοῦ

434 4635 780 4699 retundatur,
814 4632 1005 4688 eadem
1035 4632 1199 4687 etiam
1228 4647 1392 4701 opera
1418 4633 1691 4689 confutari
1722 4634 1905 4687 omnia
1932 4650 2018 4689 re-

435 4728 584 4797 liqua
607 4767 622 4789 ,
652 4727 779 4781 licet
807 4740 915 4779 non
946 4739 1346 4795 persequamur
1371 4726 1556 4780 omnia
1586 4726 1884 4797 sigillatim.
1913 4726 2018 4781 Ca-

434 4825 533 4889 put
564 4818 731 4887 igitur
775 4816 1020 4871 omnium
1068 4831 1261 4870 eorum
1283 4854 1298 4880 ,
1330 4831 1451 4885 quze
1485 4816 1711 4871 molitus
1740 4824 1827 4871 est
1861 4816 2014 4887 ipse,

435 4910 649 4964 nullum
674 4915 759 4963 est
790 4905 936 4960 aliud
958 4946 972 4967 ,
997 4922 1162 4975 quam
1200 4904 1538 4975 blasphemia
1572 4907 1626 4960 in
1652 4906 2015 4961 orthodoxam

436 5001 597 5055 fidem
618 5038 634 5063 ,
663 5007 770 5051 tam
799 4999 854 5052 in
882 4998 1050 5067 priori
1082 4997 1224 5052 libro
1244 5038 1259 5063 ,
1289 5012 1452 5068 quam
1485 4998 1539 5052 in
1564 4997 1671 5053 hoc
1692 5038 1706 5062 ,
1734 5014 1897 5069 quem
1926 5013 2015 5054 re-

438 5093 614 5146 futare
656 5090 1045 5159 aggredimur:
1082 5104 1298 5144 omnem
1347 5104 1480 5144 vero
1514 5090 1738 5145 adhibet
1782 5089 2016 5160 diligen—

435 5183 570 5236 tiam
592 5222 605 5244 ,
637 5189 697 5234 ut
726 5179 974 5234 funditus
1005 5181 1201 5236 evellat
1232 5189 1289 5236 et
1335 5181 1556 5236 aboleat
1608 5182 1677 5237 de
1730 5181 2016 5252 unigenito

437 5271 576 5326 Filio
601 5270 697 5325 Dei
751 5280 805 5325 et
828 5269 1033 5337 Spiritu
1060 5280 1250 5325 sancto
1271 5286 1460 5327 omnes
1487 5273 1606 5342 pias
1632 5273 2010 5343 cogitationes.

439 5361 512 5420 Ut
541 5364 707 5435 igitur
734 5363 990 5417 omnibus
1019 5363 1367 5433 perspicuum
1400 5362 1493 5418 fiat
1513 5405 1528 5430 ,
1563 5379 1727 5434 quam
1765 5364 1936 5421 falsus
1962 5373 2017 5421 et

440 5460 766 5512 inconstans
800 5454 875 5511 sit
909 5455 1091 5510 omnis
1139 5456 1230 5511 ille
1259 5466 1451 5512 contra
1487 5456 1736 5512 veritatis
1761 5457 2016 5528 dogmata

438 5554 737 5618 apparatus
768 5565 781 5601 :
816 5545 1054 5616 primum
1082 5546 1303 5617 quidem
1336 5544 1405 5599 ad
1436 5546 1664 5601 verbum
1696 5560 1897 5616 ponam
1935 5547 2021 5616 ip-

441 5639 559 5696 sius
588 5638 891 5694 orationem
915 5679 931 5701 ,
966 5652 1089 5707 qua:
1131 5636 1363 5705 deinde,
1408 5637 1708 5709 resumptis
1750 5636 2017 5710 singulis,

440 5732 735 5805 separatim
763 5730 1103 5788 examinabo.
1607 5734 1637 5771 ι

2116 4623 2672 4693 κατασκευαζομένων
2691 4664 2705 4686 ,
2732 4623 3048 4693 βλασφημία
3088 4625 3185 4694 μὲν
3209 4626 3287 4688 είς
3313 4625 3371 4677 τὸ
3393 4626 3568 4696 δόγμα
3596 4628 3693 4696 τῆς

2116 4714 2417 4779 εὐσεϐείας,
2449 4714 2506 4768 ἐν
2552 4732 2612 4768 τε
2653 4715 2730 4785 τῷ
2758 4718 3049 4786 προάγοντι
3076 4718 3237 4788 λόγῳ,
3270 4719 3362 4770 καὶ
3396 4720 3451 4769 ἐν
3498 4717 3575 4787 τῷ
3600 4717 3693 4770 νῦν

2117 4806 2247 4875 παρ’
2269 4803 2425 4874 ἡμῶν
2478 4804 2856 4875 εὐθυνομένῳο
2887 4806 3088 4878 σπουδὴ
3119 4807 3175 4859 δὲ
3219 4810 3367 4860 πᾶσα
3426 4807 3690 4872 καθελεῖν,

2119 4899 2210 4950 καὶ
2259 4898 2753 4969 παραγράψασθαι,
2787 4898 2881 4951 καὶ
2937 4900 3241 4971 ἀνατρέψαι
3287 4901 3563 4964 παντελῶς
3599 4901 3695 4965 τὰς

2118 4990 2247 5059 περὶ
2293 4989 2389 5042 τοῦ
2426 4990 2746 5061 μονογενοῦς
2793 4991 2950 5053 Θεοῦ,
2977 4993 3071 5045 καὶ
3106 4993 3202 5055 τὰς
3252 4994 3377 5063 περὶ
3414 4994 3508 5047 τοῦ
3540 4993 3693 5061 ἁγίου

2116 5081 2434 5153 Πνεύματος
2484 5083 2726 5147 εὐσεϐεῖς
2778 5085 3091 5156 ὑπολήψεις.
3138 5087 3225 5149 Ὠς
3252 5086 3317 5139 ἂν
3346 5082 3437 5141 οὖν
3466 5089 3696 5158 μάλιστα

2115 5174 2336 5247 ψευδὴς,
2363 5175 2459 5229 xal.
2485 5176 2787 5239 ἀσύστατος
2820 5177 3094 5249 ἐπιδειχθῇ
3121 5179 3153 5248 ἡ
3186 5178 3327 5231 κατὰ
3357 5179 3463 5231 τῶν
3490 5179 3698 5250 δογμά-

2118 5283 2226 5319 των
2261 5266 2361 5337 τῆς
2406 5266 2665 5339 ἀληθείας
2720 5271 3032 5341 κατασκευὴ
3056 5287 3069 5301 ι
3101 5271 3315 5340 πρῶτον
3360 5272 3457 5342 μὲν
3490 5273 3581 5325 ἐπὶ
3608 5272 3698 5325 λέι-

2123 5357 2256 5423 ξεως
2298 5357 2462 5412 αὐτοῦ
2504 5359 2600 5430 τὴν
2626 5360 2754 5431 περὶ
2795 5360 2997 5414 τούτων
3052 5362 3441 5434 παραθήσομαι
3491 5364 3648 5435 ῥῆσιν
3678 5381 3692 5395 ·

2122 5451 2314 5504 ἔπειτα
2354 5449 2410 5503 δὲ
2449 5450 2609 5504 πάλιν
2639 5452 3007 5523 ὑπελεύσομαι
3054 5456 3165 5519 τοῖς
3195 5454 3525 5527 είρημένοις,
3567 5455 3697 5514 lxa-

2126 5561 2248 5599 στον
2271 5542 2449 5599 αὐτῶν
2477 5544 2745 5612 ἐξετάζων
2764 5545 2951 5618 χωρίς.
