4166 6372
343 335 449 391 297

1480 336 1755 392 CONTRA
1790 336 2177 404 EUNOMIUM,
2213 342 2341 397 LIB.
2385 343 2422 397 1.

3484 347 3592 403 298

418 449 542 513 Πᾶς
584 451 618 503 ὁ
663 445 780 500 τῶν
813 451 940 504 καθ’
985 450 1140 522 ἡμᾶς
1189 452 1497 523 δογμάτων
1533 457 1922 527 συμπληροῦ-

2099 459 2286 514 Omnis
2325 470 2535 523 oratio,
2576 478 2679 530 qua
2727 463 2978 533 dogmata
3020 472 3199 518 nostra
3235 465 3590 534 explicatum,

344 558 438 595 ται
485 542 670 610 λόγος
706 541 776 595 ἐκ
825 559 889 595 τε
933 541 1042 611 τῆς
1083 545 1358 600 ἀνωτάτω
1409 548 1506 602 καὶ
1558 549 1922 618 κυριωτάτης

345 634 578 699 οὐσίας,
609 633 706 686 καὶ
733 635 802 688 ἐκ
852 633 963 703 τῆς
1007 635 1080 688 δι’
1110 638 1352 706 ἐκείνην
1374 641 1504 709 μέν
1543 642 1760 710 οὔσης,
1793 643 1920 710 μετ’

345 726 586 793 ἐκείνην
612 724 680 777 δέ
709 724 952 780 πάντων
976 725 1092 780 τῶν
1113 727 1318 782 ἄλλων
1338 734 1762 799 πρωτευούσης
1779 749 1794 764 ⁶
1821 733 1922 786 καὶ

345 817 547 884 τρίτης
583 833 648 884 γε
681 815 792 883 τῆς
827 817 1081 886 μηδεμιᾷ
1107 820 1223 887 μέν
1259 823 1487 876 τούτων
1524 824 1923 895 συνταττομέ-

343 924 477 974 νης,
507 906 669 961 ἀλλὰ
693 906 765 977 τῇ
790 908 928 976 μὲν,
959 910 1057 962 διὰ
1085 909 1200 977 τὴν
1228 913 1424 968 αἰτίαν
1443 931 1456 943 ·
1490 913 1562 982 τῇ
1586 914 1659 968 δέ
1681 916 1778 970 διὰ
1809 916 1924 984 τὴν

344 999 669 1070 ἐνέργειαν,
694 1005 822 1056 καθ’
846 1001 927 1071 ἣν
946 1003 1210 1073 γέγονεν,
1238 1008 1717 1080 ὐποταττομένης
1745 1028 1758 1041 ·
1776 1025 1923 1080 συμ-

346 1092 942 1162 περιλαμϐανομένων
972 1095 1204 1165 δηλαδὴ
1232 1097 1380 1164 πρὸς
1416 1099 1530 1167 τὴν
1557 1101 1664 1155 τοῦ
1698 1101 1923 1168 παντὸς

344 1183 530 1252 λόγου
561 1182 1022 1252 συμπλήρωσιν,
1061 1188 1160 1242 καὶ
1208 1188 1338 1254 ταῖς
1381 1191 1618 1256 οὐσίαις
1660 1205 1922 1257 παρεπο-

340 1273 540 1343 μένων
560 1275 889 1344 ἐνεργειῶν,
921 1278 1019 1330 καὶ
1047 1277 1164 1332 τῶν
1190 1281 1430 1348 ταύταις
1459 1283 1754 1352 συμφυῶν
1787 1284 1921 1336 ὀνο-

341 1365 574 1435 μάτων·
606 1366 792 1420 πάλιν
835 1367 887 1420 δ’
920 1363 998 1424 αὖ
1033 1369 1296 1439 ἑκάστης
1334 1373 1561 1427 τούτων
1587 1347 1804 1440 οὐσίας
1838 1378 1921 1429 εὶ-

345 1455 626 1526 λικρινῶς
671 1457 894 1526 ἀπλεῆς,
949 1461 1048 1513 καὶ
1079 1461 1274 1526 πάντη
1313 1461 1455 1531 μιᾶς
1501 1465 1692 1534 οὔσης
1731 1483 1794 1520 τε
1825 1466 1922 1520 καὶ

345 1547 700 1616 νοουμένης,
731 1549 880 1601 κατὰ
902 1548 1015 1617 τὴν
1037 1549 1194 1605 ἰδίαν
1218 1553 1417 1618 ἀξίαν,
1447 1569 1924 1628 συμπεριγραφο-

342 1637 542 1706 μένων
593 1638 662 1691 δὲ
702 1638 824 1704 τοῖς
867 1639 1061 1709 ἔργοις
1113 1640 1229 1695 τῶν
1267 1644 1600 1714 ἐνεργειῶν,
1652 1649 1752 1701 καὶ
1805 1647 1924 1701 τῶν

346 1729 534 1798 ἔργων
561 1730 690 1795 τιιῖς
716 1729 833 1784 τῶν
863 1732 1282 1803 ἐργασαμένων
1314 1737 1636 1806 eram-elate
1663 1755 1924 1810 παραμε-

348 1824 684 1891 τρουμένων
701 1840 714 1854 ο
744 1823 973 1894 ἀνάγκη
1003 1824 1198 1890 δήπου
1221 1826 1406 1887 πᾶσα,
1429 1828 1534 1895 τὰς
1559 1829 1786 1898 ἑκάστῃ
1804 1830 1923 1884 τῶν

347 1913 575 1968 οὐσιῶν
607 1913 901 1984 ἑπομένας
923 1916 1242 1986 ἐνεργείας,
1260 1917 1550 1985 ἐλάττους
1579 1937 1643 1974 τε
1675 1922 1769 1975 καὶ
1789 1923 1920 1990 μεί-

347 2005 482 2072 ζους
513 2007 684 2066 εἶναι,
713 2008 808 2060 καὶ
841 2008 944 2074 τὰς
964 2008 1081 2076 μὲν
1107 2007 1364 2076 πρώτην,
1407 2011 1513 2078 τὰς
1543 2011 1611 2065 δὲ
1635 2012 1922 2081 δευτέραν

347 2097 522 2160 τάξιν
547 2097 801 2168 ἐπέχειν.
830 2101 1106 2166 Συνόλως
1136 2118 1200 2154 τε
1227 2099 1597 2169 είπεῖν,πρὸς
1619 2107 1923 2174 τοσαύτην

347 2188 711 2252 ἐξικνεῖσθαι
736 2189 1042 2258 διαφορὰν,
1069 2193 1218 2258 πρὸς
1240 2194 1481 2259 ὁπόσην
1509 2191 1587 2246 ἂν
1613 2192 1921 2262 ἐξικνῆται

350 2282 420 2334 τὰ
451 2281 620 2350 ἔργα·
653 2280 779 2334 ἐπεὶ
805 2281 962 2350 μηδὲ
995 2282 1230 2352 θεμιτὸν
1255 2282 1369 2352 τὴν
1401 2283 1593 2351 αὐτὴν
1619 2285 1922 2356 ἐνέργειαν

348 2371 557 2437 εἰπεῖν,
589 2375 714 2426 καθ’
756 2373 834 2441 ἣν
866 2374 1006 2439 τοὺς
1037 2375 1330 2444 ἀγγέλους
1358 2376 1666 2443 ἐποίησεν,
1699 2378 1738 2445 ἣ
1777 2378 1919 2445 τοὺς

302 2469 314 2482 ⁶
349 2460 606 2530 ἀστέρας
647 2461 746 2516 καὶ
783 2462 888 2515 τόν
918 2462 1194 2529 οὐρανὸν,
1224 2462 1260 2530 ἢ
1288 2464 1394 2515 τὸν
1419 2464 1751 2532 ἄνθρωπον,
1783 2467 1918 2520 ἀλλ’

351 2549 478 2617 ὅσῳ
513 2551 582 2604 τὰ
625 2553 766 2621 ἔργα
803 2552 920 2606 τῶν
951 2555 1138 2622 ἔργων
1178 2558 1544 2624 πρεσϐύτερα
1585 2559 1679 2612 καὶ
1725 2560 1917 2627 τιμιώ-

349 2657 509 2708 τερα,
544 2643 809 2708 τοσούτῳ
841 2642 936 2694 καὶ
981 2643 1094 2709 τὴν
1137 2643 1441 2712 ἐνέργειαν
1483 2645 1593 2714 τῆς
1621 2647 1920 2716 ἐνεργείας

349 2733 776 2799 ἀναϐεϐηκέναι
798 2734 944 2802 φαίη
967 2733 1043 2786 ἄν
1067 2751 1156 2800 τις
1183 2735 1443 2802 εὐσεϐῶς
1463 2735 1886 2808 διανοούμενος
1902 2757 1915 2767 ·

350 2825 455 2879 ἅτε
477 2824 552 2893 δὴ
583 2825 700 2877 τῶν
725 2823 920 2879 αὐτῶν
947 2825 1276 2896 ἐνεργειῶν,
1306 2828 1420 2894 τὴν
1446 2830 1777 2898 ταύτότητα
1803 2830 1920 2885 τῶν

351 2916 537 2985 ἔργων
584 2917 1031 2982 ἀποτελουσῶν,
1079 2918 1177 2971 καὶ
1233 2918 1351 2971 τῶν
1405 2924 1920 2992 παρηλλαγμένων

349 3005 540 3074 ἔργων
580 3007 1083 3076 παρηλλαγμένας
1115 3009 1220 3074 τὰς
1259 3009 1560 3081 ἐνεργείας
1599 3014 1916 3084 ἐμφαινόν-

351 3115 486 3152 των.
524 3097 685 3150 Οῦτω
718 3097 785 3150 δέ
822 3100 1047 3152 τούτων
1069 3099 1350 3170 ἐχόντων,
1394 3105 1490 3158 καὶ
1535 3104 1608 3174 τῇ
1635 3107 1785 3176 πρὸς
1811 3109 1916 3163 ἄλ-

350 3190 512 3254 ληλα
536 3187 747 3257 σχέσει
791 3193 895 3242 τὸν
925 3192 1126 3259 εἱρμὸν
1151 3193 1531 3262 ἀπαράϐατον
1570 3197 1921 3266 διατηρούν-

351 3296 468 3332 των
486 3297 499 3310 ·
524 3280 814 3347 προσήκει
837 3280 1030 3346 δήπου
1061 3281 1183 3348 τοῖς
1213 3287 1362 3339 κατὰ
1388 3286 1503 3354 τὴν
1524 3289 1776 3359 συμφυῆ
1800 3292 1924 3358 τοῖς

352 3370 656 3440 πράγμασι
701 3371 872 3435 τάξιν
905 3373 1018 3439 τὴν
1061 3369 1343 3437 ἐξέτασιν
1391 3379 1789 3448 ποιουμένοις,
1825 3384 1923 3436 καὶ

349 3462 435 3531 μὴ
473 3463 684 3532 φύρειν
713 3464 858 3532 ὁμοῦ
891 3464 1107 3529 πάντα,
1137 3467 1232 3520 καὶ
1259 3470 1512 3538 συγχεῖν
1526 3470 1920 3546 βιαζομένοιςο

352 3557 405 3607 εὶ
427 3555 542 3624 μὲν
563 3555 696 3622 περὶ
729 3554 831 3623 τῆς
860 3559 1072 3624 οὐσίας
1100 3561 1320 3614 κινοῖτο
1352 3563 1816 3633 ἀμφισϐήτησις,
1853 3569 1922 3622 ἐκ

352 3645 472 3700 τῶν
514 3647 760 3715 πρώτων
804 3648 902 3700 καὶ
943 3650 1258 3720 προσεχῶν
1305 3638 1434 3720 ταῖς
1479 3657 1714 3723 οὐσίαις
1760 3660 1924 3726 ἐνερε-

351 3739 528 3809 γειῶν
545 3739 839 3794 ποιεῖσθαι
867 3739 983 3793 τῶν
1009 3742 1410 3818 δεικνυμένων
1433 3746 1546 3814 τὴν
1573 3748 1800 3811 πίστιν,
1826 3750 1925 3804 καὶ

2019 552 2296 619 perﬁcitur
2327 567 2393 606 ea:
2427 568 2673 621 suprema
2704 562 2754 606 et
2786 556 3014 609 maxime
3050 557 3259 626 proprie
3288 557 3435 611 dicta
3462 557 3592 611 sub-

2021 643 2263 696 stantia:
2293 652 2343 697 et
2367 660 2432 700 es:
2457 643 2553 696 illa
2579 659 2696 713 qua:
2722 661 2814 712 per
2838 645 2989 698 illam
3015 655 3118 714 est,
3161 656 3280 714 post
3306 648 3461 700 illam
3495 665 3594 700 au-

2024 741 2124 783 tem
2170 732 2389 800 reliquis
2431 732 2675 786 omnibus
2724 733 3022 788 antecedit:
3052 743 3103 788 et
3136 751 3200 789 es
3238 737 3395 790 tertia
3420 775 3436 796 .
3475 751 3593 807 quc

2021 837 2139 872 cum
2179 820 2330 874 nulla
2368 819 2558 876 harum
2592 822 2954 875 coordinatur.
2997 822 3100 877 Sed
3141 823 3224 876 illi
3272 824 3483 894 quidem
3533 834 3594 878 ut

2021 926 2226 972 cauete,
2259 910 2379 964 huic
2412 927 2528 965 vero
2558 921 2615 965 ut
2647 913 2939 981 operationi
2957 951 2973 978 ,
3009 930 3114 981 qua
3156 913 3302 982 facta
3334 924 3434 982 est,
3465 914 3590 970 sub-

2020 1002 2229 1069 iicitur,
2249 1003 2630 1071 comprehensis
2653 1002 2889 1057 videlicet
2908 1004 2976 1057 ad
2997 1005 3155 1058 totius
3177 1008 3432 1061 orationis
3453 1023 3595 1060 com-

2016 1095 2330 1158 plementum
2352 1096 2515 1150 etiam
2543 1093 2934 1162 operationibus
2951 1137 2965 1159 ,
2995 1113 3111 1164 quia
3138 1106 3353 1150 manant
3377 1111 3443 1151 ea:
3471 1098 3597 1152 sub-

2022 1188 2266 1248 stantiis,
2297 1197 2346 1242 et
2381 1187 2512 1255 ipsis
2542 1196 2859 1256 competunt.
2907 1186 3144 1252 Rursus,
3190 1205 3310 1241 cum
3347 1190 3594 1258 quwtibet

2021 1293 2085 1332 ea:
2107 1277 2187 1331 his
2216 1277 2531 1332 substantiis
2559 1278 2630 1331 sit
2657 1287 2705 1331 et
2729 1277 3064 1348 intelligatur
3106 1294 3235 1346 pure
3260 1280 3483 1349 simplex
3503 1321 3517 1344 ,
3544 1289 3594 1334 et

2023 1368 2339 1436 simpliciter
2364 1384 2473 1423 una
2501 1368 2785 1424 secundum
2817 1369 3086 1436 propriam
3114 1369 3456 1440 dignitatem,
3489 1372 3595 1424 cir-

2023 1462 2357 1529 cumscriptis
2391 1470 2569 1514 autem
2609 1460 3002 1528 operationibus
3040 1475 3132 1529 per
3170 1463 3285 1529 ipsa
3319 1476 3510 1529 opera,
3544 1471 3592 1515 et

2023 1553 2152 1622 ipsis
2180 1553 2419 1620 operibus
2450 1593 2464 1618 ,
2495 1553 2765 1620 operantis
2798 1551 3094 1606 actionibus
3122 1553 3555 1606 commensuratis
3574 1593 3590 1618 ,

2023 1645 2236 1698 omnino
2283 1659 2488 1698 necesse
2539 1653 2655 1706 est,
2711 1644 3083 1712 operationes,
3137 1659 3256 1712 qua:
3305 1653 3596 1713 sequuntur

2023 1736 2308 1806 quamlibet
2337 1735 2692 1791 substantiam
2715 1775 2730 1798 ,
2762 1735 2989 1804 majores
3020 1745 3069 1789 et
3108 1736 3334 1788 minores
3356 1751 3468 1788 esse
3491 1749 3510 1788 :
3538 1745 3591 1789 et

2025 1831 2152 1883 illas
2181 1827 2390 1898 quidem
2415 1828 2472 1881 in
2498 1828 2699 1894 primo,
2731 1827 2857 1883 illas
2892 1842 3010 1880 vero
3041 1827 3096 1878 in
3141 1824 3369 1879 secundo
3403 1825 3590 1880 ordine

2021 1937 2130 1975 esse
2158 1918 2534 1974 collocandas:
2564 1927 2638 1980 et,
2665 1926 2723 1970 ut
2755 1918 3040 1971 uniuersim
3067 1917 3265 1979 dicam,
3295 1926 3441 1968 tanta
3476 1915 3599 1968 dis-

2022 2013 2240 2066 crimine
2289 2011 2427 2064 inter
2485 2025 2539 2063 se
2591 2009 2878 2071 dissident,
2923 2018 3118 2079 quanto
3175 2006 3434 2060 dissident
3474 2008 3594 2076 ipsa

2021 2119 2180 2172 opera
2200 2119 2218 2156 :
2243 2119 2361 2156 cum
2382 2102 2532 2169 nefas
2556 2101 2624 2154 sit
2643 2100 2815 2154 dicere
2839 2099 3074 2154 eamdem
3094 2115 3206 2153 esse
3225 2098 3597 2166 operationem,

2022 2207 2140 2260 qua:
2163 2189 2376 2260 angelos
2398 2189 2520 2258 fecit
2544 2227 2560 2251 ,
2583 2188 2660 2242 vel
2685 2188 2869 2242 stellas
2889 2198 2939 2242 et
2963 2189 3148 2242 caelum
3165 2227 3179 2250 ,
3203 2187 3279 2242 vel
3302 2186 3559 2241 hominem
3577 2202 3596 2240 :

2022 2281 2113 2336 sed
2150 2289 2348 2351 quanto
2387 2295 2549 2348 opera
2588 2279 2829 2346 operibus
2856 2279 3232 2333 excellentiam
3253 2289 3303 2332 et
3333 2288 3598 2348 praestan-

2024 2373 2164 2425 tiora
2193 2379 2352 2434 sunt,
2384 2378 2531 2423 tanto
2555 2379 2604 2422 et
2632 2369 2988 2437 operationem
3017 2369 3311 2435 operationi
3336 2376 3601 2422 antestare

2020 2467 2205 2520 merito
2245 2463 2616 2524 asseverantes-it
2637 2502 2652 2526 ,
2686 2461 2776 2528 qui
2805 2461 2890 2529 pie
2930 2459 2997 2515 de
3034 2463 3130 2515 hoc
3166 2463 3400 2530 cogitare
3429 2460 3550 2515 uelit
3577 2476 3596 2513 :

2023 2573 2142 2610 cum
2188 2554 2386 2610 eaedem
2424 2553 2756 2622 operationes
2794 2551 3001 2606 eosdem
3038 2555 3197 2607 etiam
3232 2553 3450 2621 effectus
3476 2566 3603 2619 pro-

2019 2650 2259 2713 ducant,
2297 2661 2517 2716 cumque
2553 2645 2762 2698 diversa
2795 2660 2958 2713 opera
2981 2683 2995 2708 ,
3019 2644 3259 2700 diversas
3289 2645 3446 2698 etiam
3478 2660 3600 2710 ope-

2019 2736 2652 2792 rationesdemonstrent.
2680 2731 2815 2788 Cum
2840 2749 2959 2787 vero
2984 2733 3095 2788 [nec
3119 2735 3197 2786 ita
3221 2751 3328 2788 sese
3351 2734 3601 2797 habeant,

2018 2830 2300 2898 omniaque
2326 2866 2340 2891 ,
2372 2837 2558 2879 mutua
2598 2823 2667 2876 ad
2707 2839 2819 2876 sese
2857 2821 3166 2876 habitudine
3189 2861 3204 2886 ,
3238 2821 3602 2876 inuariabilem

2018 2921 2205 2976 seriem
2243 2921 2547 2981 observent,
2577 2931 2678 2985 par
2710 2923 2825 2980 est,
2865 2921 2924 2966 ut
2951 2913 3042 2982 qui
3085 2913 3478 2982 inquisitionem
3519 2929 3604 2967 se-

2018 3013 2248 3068 cundum
2276 3009 2574 3064 naturalem
2597 3022 2775 3061 rerum
2804 3003 3043 3058 ordinem
3073 3005 3358 3058 instituunt
3383 3045 3398 3073 ,
3419 3014 3470 3058 et
3499 3021 3603 3059 non

2023 3105 2202 3159 omnia
2235 3099 2395 3158 simul
2439 3101 2658 3154 miscere
2699 3106 2749 3152 et
2787 3095 3109 3165 confundere
3148 3096 3399 3164 cupiunt,
3440 3093 3604 3164 siqui-

2023 3198 2140 3251 dem
2177 3195 2240 3248 de
2266 3192 2565 3247 substantia
2601 3189 2821 3260 quazstio
2859 3189 3087 3250 oriatur,
3133 3202 3198 3240 ex
3223 3185 3409 3254 primis
3446 3193 3495 3238 et
3537 3199 3605 3238 ea:

2025 3287 2263 3354 cognatis
2304 3281 2730 3338 substantiarum
2762 3276 3150 3346 operationibus
3179 3286 3492 3346 argumenta
3519 3291 3604 3330 re-

2025 3395 2143 3434 rum
2167 3373 2699 3430 demonstrandarum
2734 3381 2913 3441 petant
2935 3410 2950 3433 ,
2985 3386 3266 3440 eorumque
3309 3369 3374 3424 de
3417 3368 3603 3438 quibus

2027 3471 2314 3541 ambigitur
2341 3468 2680 3522 solutionem.
2710 3466 2781 3519 At
2810 3481 2929 3520 vero
2965 3463 3349 3516 dubitationem
3386 3460 3450 3515 de
3487 3475 3608 3528 ope-

2029 3561 2328 3617 rationibus
2365 3575 2430 3615 ea:
2467 3559 2782 3614 substantiis
2815 3555 3135 3618 dissolvent,
3165 3553 3274 3608 rati
3297 3553 3608 3608 convenien—

2031 3657 2216 3709 tiorem
2245 3663 2293 3708 et
2327 3651 2567 3706 omnibus
2611 3650 2882 3706 utiliorem
2922 3648 3033 3718 [ore
3057 3686 3073 3711 ,
3118 3664 3148 3698 a
3191 3645 3375 3714 primis
3418 3645 3488 3700 ad
3525 3660 3608 3700 se-

2029 3746 2202 3802 cunda
2230 3746 2556 3798 descensum.

352 3831 471 3886 τῶν
495 3834 1063 3903 ἀμφισϐητουμένων
1095 3836 1207 3904 τὴν
1234 3838 1553 3894 διάλυσιν·
1626 3843 1738 3910 τὴν
1791 3844 1860 3898 δὲ
1890 3844 1990 3899 ἐπὶ
2026 3843 2156 3908 ταῖς
2196 3838 2520 3908 ἐνεργείαις
2560 3834 2920 3906 ἀμφιϐολίαν
2973 3831 3332 3886 διαλύουσιν
3379 3830 3448 3883 έκ
3488 3829 3608 3885 τῶν

353 3927 596 3990 οὐσιῶν,
631 3926 1060 3994 ἀρμοδιωτὲραν
1106 3946 1170 3998 γε
1205 3928 1334 3999 μὴν
1376 3932 1474 3985 καὶ
1503 3933 1624 4000 τοῖς
1656 3935 1843 3992 πᾶσιν
1879 3931 2332 4002 ἀνυσιμωτέραν
2365 3927 2637 4000 ἡγεῖσθαι
2685 3926 2802 3996 τὴν
2829 3924 2950 3980 ἀπὸ
2979 3923 3099 3977 τῶν
3125 3924 3370 3993 πρώτων
3399 3922 3609 3977 ἐπι.τά

354 4021 598 4089 δεύτερα
628 4018 901 4072 κάθοδον.

439 4115 501 4167 Ἦ
566 4125 663 4184 μεν
711 4111 806 4167 οὖν
851 4116 1164 4186 τεχνολογῑα
1210 4118 1309 4188 τῆς
1353 4119 1702 4192 βλασφημίας
1761 4125 1919 4196 αὕτη.

2093 4117 2221 4173 Haec
2251 4125 2337 4173 est
2369 4109 2709 4182 blasphemia
2739 4108 3040 4165 artiﬁciosa
3091 4115 3146 4164 et
3177 4105 3408 4170 subdola
3434 4104 3610 4176 expli-

355 4203 487 4266 Gab;
525 4203 583 4256 δὲ
623 4205 755 4275 ἡμῖν
798 4202 1065 4274 ἀληθινὸς,
1101 4208 1129 4258 ὁ
1163 4206 1255 4259 τοῦ
1299 4209 1554 4280 ἀληθινοῦ
1601 4211 1736 4265 Θεοῦ
1776 4214 1922 4280 Υἱὸς,

2025 4213 2198 4269 catio.
2229 4212 2301 4264 At
2332 4207 2476 4264 Deus
2517 4203 2678 4259 nobis
2715 4216 2880 4257 verax
2914 4207 3024 4265 est,
3054 4206 3110 4255 et
3145 4200 3259 4256 veri
3285 4197 3380 4254 Dei
3407 4197 3604 4260 Filius.

353 4295 444 4347 διὰ
472 4297 570 4366 τῆς
595 4293 687 4346 τοῦ
712 4295 866 4363 ἁγίου
896 4296 1210 4367 Πνεύματος
1235 4299 1456 4370 ὁδηγίας
1487 4303 1802 4358 κατευθύνει
1839 4306 1922 4358 τὸν

2024 4307 2190 4362 ductu
2220 4299 2405 4358 sancti
2462 4297 2705 4368 Spiritus
2757 4294 2952 4367 diriger
2988 4293 3299 4350 orationem
3361 4302 3608 4348 nostram

351 4385 510 4454 λόγον
542 4385 675 4456 πρὸς
719 4389 816 4456 τὴν
861 4387 1151 4458 ἀλήθειαν·
1199 4390 1358 4444 πάλιν
1390 4392 1458 4444 τὰ
1493 4394 1757 4464 εἰρημένα
1795 4395 1922 4450 καθ-

2027 4398 2096 4455 ad
2128 4395 2430 4452 veritatem.
2456 4389 2612 4444 Nunc
2647 4389 2845 4445 iterum
2883 4386 2951 4442 ad
2977 4385 3205 4441 verbum
3239 4398 3608 4442 resumamus.

357 4477 485 4546 εξῆς
523 4477 895 4548 ἀναλάϐωμεν.
940 4474 1076 4533 Eine
1109 4479 1226 4533 τῶν
1268 4483 1396 4535 καθ’
1442 4482 1659 4537 ἑαυτὸν
1704 4484 1922 4555 δογμά-

2030 4505 2154 4561 quae
2187 4483 2426 4543 eﬂutivit
2462 4480 2790 4536 Eunomius.
2845 4477 3012 4540 Dixit,
3042 4475 3349 4546 dogmatum
3393 4489 3612 4528 suorum

355 4585 473 4621 των
499 4568 873 4636 πληροῦσθαι
908 4569 1015 4624 τὸν
1043 4571 1228 4639 λόγον
1262 4572 1331 4625 ἐκ
1372 4571 1482 4640 τῆς
1517 4573 1792 4629 ἀνωτάτω
1827 4578 1926 4631 καὶ

357 4659 720 4728 κυριωτάτης
766 4662 999 4726 οὐσίας,
1039 4662 1135 4716 καὶ
1177 4665 1245 4717 ἐκ
1283 4663 1392 4732 τῆς
1436 4664 1511 4718 δι’
1544 4665 1787 4736 ἐκείνην
1810 4669 1926 4737 μέν

357 4752 569 4817 οὔσης,
594 4753 722 4821 μετ’
755 4752 996 4820 ἐκείνην
1028 4752 1096 4806 δὲ
1129 4754 1370 4808 πάντων
1396 4757 1514 4812 τῶν
1540 4759 1747 4813 ἄλλων
1775 4776 1925 4828 πρω-

355 4843 674 4908 τευούσης,
732 4843 829 4895 καὶ
881 4844 1081 4911 τρίτης
1133 4861 1197 4914 γε
1248 4844 1356 4914 τῆς
1401 4848 1658 4918 μηδεμιᾷ
1701 4852 1926 4904 τούτων

357 4934 865 5004 συν-ταττομένης.
909 4936 1082 4989 Ἀλλὰ
1107 4935 1179 5005 τῇ
1209 4937 1319 5005 μὲν
1344 4938 1441 4994 διὰ
1475 4940 1590 5002 τὴν
1610 4943 1824 5006 αἰτίαν,
1854 4960 1928 5011 τῃ

358 5025 428 5080 δὲ
455 5025 552 5079 διὰ
589 5026 700 5094 τὴν
728 5026 1031 5096 ἐνέργειαν
1057 5029 1792 5100 ὑποταττομένης.Πρῶτον
1815 5033 1927 5086 τοί-

359 5135 454 5170 νυν
491 5115 600 5168 τῶν
636 5120 692 5170 ὲν
732 5117 809 5187 τῷ
839 5118 982 5190 λόγῳ
1023 5121 1529 5192 κακουργηθέντων,
1559 5122 1716 5176 τοῦτό
1759 5125 1926 5188 ἐστιν,

359 5205 441 5258 ὅτι
469 5205 528 5257 τὸ
559 5205 734 5276 δόγμα
779 5208 840 5260 τὺ
871 5210 1127 5277 μυστικὸν
1161 5211 1625 5282 ἐπαγγειλάμενος
1668 5214 1797 5284 ἡμῖν
1834 5215 1927 5267 ὲκ-

362 5297 645 5367 θήσεσθαι,
675 5297 861 5370 ὥσπερ
893 5299 1270 5372 διορθούμενος
1298 5302 1396 5366 τὰς
1427 5304 1786 5372 εὐαγγελικὰς
1814 5323 1928 5374 φω-

359 5390 476 5451 νὰς,
503 5390 604 5441 οὐκ
632 5390 858 5454 ἐκείνοις
885 5392 1145 5464 κέχρηται
1165 5397 1277 5458 τοῖς
1304 5394 1550 5466 ὀνόμασι,
1584 5396 1650 5449 δι’
1681 5390 1756 5450 ὧν
1791 5415 1930 5467 παρ-

359 5479 559 5534 έδωκεν
604 5481 634 5533 ὁ
666 5481 870 5555 Κύριος
914 5487 976 5538 τὸ
1018 5487 1315 5558 μυστήριον
1348 5489 1406 5541 ἐν
1437 5490 1504 5560 τῇ
1529 5488 1802 5543 τελειώσει
1830 5489 1930 5560 τῆς

362 5570 620 5638 πίστεως,
660 5575 794 5627 ἀλλὰ
833 5577 892 5629 τὸ
927 5575 1094 5646 ὄνομα
1133 5578 1226 5632 τοῦ
1262 5579 1495 5653 Πατρδς,
1525 5581 1618 5634 καὶ
1649 5580 1741 5634 τοῦ
1778 5580 1930 5647 Υἱοῦ,

435 5735 473 5764 ⁸*
510 5732 692 5786 \htth.
728 5734 1018 5799 xxva9.

609 5831 877 5891 ΡΑτιιοι..
919 5831 1036 5890 Gn.
1071 5831 1234 5892 XLV

2031 4594 2322 4637 sartionem
2361 4583 2529 4628 totum
2552 4571 2734 4640 perﬁci
2753 4585 2818 4625 ea:
2867 4585 3130 4636 suprema.
3153 4577 3203 4622 et
3234 4567 3464 4620 maxime
3490 4581 3613 4634 pro-

2029 4674 2144 4742 prie
2176 4671 2322 4722 dicta
2349 4663 2669 4724 substantia,
2700 4671 2749 4715 et
2783 4675 2847 4714 ea;
2876 4660 2995 4724 illa,
3025 4675 3143 4728 qua:
3168 4674 3260 4726 per
3310 4657 3464 4710 illam
3510 4665 3609 4716 est,

2029 4773 2146 4834 post
2175 4762 2327 4816 illam
2356 4765 2533 4812 autem
2561 4753 2775 4823 reliquis
2808 4751 3051 4806 omnibus
3107 4749 3404 4804 antecellit:
3449 4758 3497 4801 et
3549 4763 3613 4800 ex.

2032 4853 2190 4910 tertia
2213 4865 2327 4921 qua:
2360 4863 2480 4902 cum
2525 4844 2676 4900 nulla
2701 4843 2892 4895 harum
2946 4839 3310 4894 coordinatur.
3370 4839 3474 4894 Sed
3529 4839 3612 4891 illi

2032 4943 2240 5017 quidem
2267 4950 2324 4994 ut
2353 4953 2551 5002 causae,
2607 4935 2726 4988 huic
2755 4941 2813 4986 ut
2842 4932 3158 4999 operationi,
3195 4948 3301 5001 qua
3327 4930 3478 5000 facta
3509 4939 3612 4992 est.

2030 5035 2312 5105 subjicitur
2347 5046 2365 5085 :
2407 5029 2644 5097 primum
2685 5020 2907 5095 quidem
2951 5023 3009 5082 in
3048 5024 3133 5080 bis
3171 5024 3354 5080 verbis
3397 5023 3616 5077 malitia:

2033 5135 2088 5182 et
2135 5121 2504 5196 improbitatis
2563 5119 2780 5189 signum
2831 5115 2935 5169 hoc
2972 5121 3079 5177 est,
3132 5113 3278 5184 quod
3336 5113 3614 5184 pollicitus

2030 5219 2226 5289 dogma
2257 5213 2548 5287 mysticum
2587 5208 2746 5264 nobis
2789 5221 3095 5276 exponere,
3137 5214 3397 5274 tanquam
3428 5219 3614 5258 corre-

2036 5315 2241 5361 cturus.
2269 5319 2433 5359 voces
2459 5298 2824 5370 evangelicas,
2853 5311 2961 5351 non
2997 5310 3060 5353 ea
3093 5296 3314 5350 nomina
3344 5292 3613 5358 adhibuit,

2035 5400 2236 5470 quibus
2266 5397 2530 5453 Dominus
2570 5392 2727 5450 nobis
2766 5391 3083 5464 mysterium
3133 5387 3356 5444 tradidit
3392 5391 3458 5450 η,
3489 5402 3612 5441 cum

2035 5491 2159 5547 ﬁdei
2211 5489 2665 5560 complementum
2691 5484 3018 5555 assignaret,
3053 5481 3146 5538 sed
3181 5480 3401 5536 nomine
3433 5477 3615 5532 Patris

2035 5592 2090 5640 et
2127 5581 2247 5636 Filii
2279 5589 2329 5637 et
2387 5579 2624 5649 Spiritus
2652 5577 2830 5634 sancti
2865 5589 3185 5646 suppresso,
3236 5573 3360 5628 loco
3425 5569 3611 5624 Patris

3268 5823 3339 5882 10
