  <div class='ocr_page' id='page_1' title='image "/cluster/home/n/w/nwhite01/storage/ocr_20150623/45/nnc1.0046978445/161.png"; bbox 0 0 4166 6372; ppageno 0'>
   <div class='ocr_carea' id='block_1_1' title="bbox 519 376 624 434">
    <p class='ocr_par' dir='ltr' id='par_1_1' title="bbox 519 376 624 434">
     <span class='ocr_line' id='line_1_1' title="bbox 519 376 624 434; baseline -0.01 0"><span class='ocrx_word' id='word_1_1' title='bbox 519 376 624 434; x_wconf 68' lang='lat'><strong><em>299</em></strong></span> 
     </span>
    </p>
   </div>
   <div class='ocr_carea' id='block_1_2' title="bbox 1734 363 2489 422">
    <p class='ocr_par' dir='ltr' id='par_1_2' title="bbox 1734 363 2489 422">
     <span class='ocr_line' id='line_1_2' title="bbox 1734 363 2489 422; baseline -0.008 0"><span class='ocrx_word' id='word_1_2' title='bbox 1734 368 1785 422; x_wconf 91' lang='lat' dir='ltr'><strong><em>S.</em></strong></span> <span class='ocrx_word' id='word_1_3' title='bbox 1833 366 2158 422; x_wconf 78' lang='lat' dir='ltr'><strong><em>GREGORII</em></strong></span> <span class='ocrx_word' id='word_1_4' title='bbox 2196 363 2489 421; x_wconf 73' lang='lat' dir='ltr'><strong><em>NYSSENI</em></strong></span> 
     </span>
    </p>
   </div>
   <div class='ocr_carea' id='block_1_3' title="bbox 3674 356 3777 411">
    <p class='ocr_par' dir='ltr' id='par_1_3' title="bbox 3674 356 3777 411">
     <span class='ocr_line' id='line_1_3' title="bbox 3674 356 3777 411; baseline -0.029 0"><span class='ocrx_word' id='word_1_5' title='bbox 3674 356 3777 411; x_wconf 81' lang='grc'><strong><em>’500</em></strong></span> 
     </span>
    </p>
   </div>
   <div class='ocr_carea' id='block_1_4' title="bbox 526 468 2150 558">
    <p class='ocr_par' dir='ltr' id='par_1_4' title="bbox 526 485 2150 558">
     <span class='ocr_line' id='line_1_4' title="bbox 526 485 2150 558; baseline -0.006 -12"><span class='ocrx_word' id='word_1_6' title='bbox 526 508 823 546; x_wconf 71' lang='lat' dir='ltr'><strong><em>supremam</em></strong></span> <span class='ocrx_word' id='word_1_7' title='bbox 861 498 908 543; x_wconf 88' lang='lat' dir='ltr'><strong><em>et</em></strong></span> <span class='ocrx_word' id='word_1_8' title='bbox 953 489 1180 543; x_wconf 70' lang='lat' dir='ltr'><strong><em>maxime</em></strong></span> <span class='ocrx_word' id='word_1_9' title='bbox 1215 489 1424 558; x_wconf 82' lang='lat' dir='ltr'><strong><em>proprie</em></strong></span> <span class='ocrx_word' id='word_1_10' title='bbox 1456 487 1813 541; x_wconf 76' lang='lat' dir='ltr'><strong><em>substantiam</em></strong></span> <span class='ocrx_word' id='word_1_11' title='bbox 1853 485 2017 547; x_wconf 86' lang='lat' dir='ltr'><strong><em>dicit;</em></strong></span> <span class='ocrx_word' id='word_1_12' title='bbox 2050 492 2104 538; x_wconf 89' lang='lat' dir='ltr'><strong><em>et</em></strong></span> <span class='ocrx_word' id='word_1_13' title='bbox 2136 498 2150 544; x_wconf 63' lang='grc' dir='ltr'><em>Α</em></span> 
     </span>
    </p>
   </div>
   <div class='ocr_carea' id='block_1_5' title="bbox 2255 468 3782 558">
    <p class='ocr_par' dir='ltr' id='par_1_5' title="bbox 2255 468 3782 546">
     <span class='ocr_line' id='line_1_5' title="bbox 2255 468 3782 546; baseline -0.009 -11"><span class='ocrx_word' id='word_1_14' title='bbox 2255 484 2303 535; x_wconf 74' lang='grc' dir='ltr'><strong><em>ιί</em></strong></span> <span class='ocrx_word' id='word_1_15' title='bbox 2352 480 2446 534; x_wconf 86' lang='grc' dir='ltr'><strong><em>τοῦ</em></strong></span> <span class='ocrx_word' id='word_1_16' title='bbox 2490 478 2645 546; x_wconf 83' lang='grc' dir='ltr'>ἁγίου</span> <span class='ocrx_word' id='word_1_17' title='bbox 2695 475 3008 544; x_wconf 77' lang='grc' dir='ltr'>Πνεῦματος</span> <span class='ocrx_word' id='word_1_18' title='bbox 3057 471 3474 542; x_wconf 73' lang='grc' dir='ltr'>ἀποσιωπήσεις,</span> <span class='ocrx_word' id='word_1_19' title='bbox 3505 468 3625 523; x_wconf 74' lang='grc' dir='ltr'><strong><em>ἀντί¹</em></strong></span> <span class='ocrx_word' id='word_1_20' title='bbox 3680 472 3782 540; x_wconf 76' lang='grc' dir='ltr'>μὲν</span> 
     </span>
    </p>
   </div>
   <div class='ocr_carea' id='block_1_6' title="bbox 528 575 2099 651">
    <p class='ocr_par' dir='ltr' id='par_1_6' title="bbox 528 575 2099 651">
     <span class='ocr_line' id='line_1_6' title="bbox 528 575 2099 651; baseline -0.006 -13"><span class='ocrx_word' id='word_1_21' title='bbox 528 585 650 638; x_wconf 91' lang='lat' dir='ltr'><strong><em>loco</em></strong></span> <span class='ocrx_word' id='word_1_22' title='bbox 693 583 810 637; x_wconf 82' lang='lat' dir='ltr'><strong><em>Filii</em></strong></span> <span class='ocrx_word' id='word_1_23' title='bbox 853 598 1006 648; x_wconf 87' lang='lat' dir='ltr'><strong><em>eam,</em></strong></span> <span class='ocrx_word' id='word_1_24' title='bbox 1036 598 1153 651; x_wconf 72' lang='lat' dir='ltr'><strong><em>qua:</em></strong></span> <span class='ocrx_word' id='word_1_25' title='bbox 1185 591 1260 634; x_wconf 82' lang='lat' dir='ltr'><strong><em>est</em></strong></span> <span class='ocrx_word' id='word_1_26' title='bbox 1314 589 1524 649; x_wconf 80' lang='lat' dir='ltr'><strong><em>propter</em></strong></span> <span class='ocrx_word' id='word_1_27' title='bbox 1567 579 1755 643; x_wconf 84' lang='lat' dir='ltr'><strong><em>illam,</em></strong></span> <span class='ocrx_word' id='word_1_28' title='bbox 1789 585 1907 647; x_wconf 82' lang='lat' dir='ltr'><strong><em>post</em></strong></span> <span class='ocrx_word' id='word_1_29' title='bbox 1950 575 2099 629; x_wconf 81' lang='lat' dir='ltr'><strong><em>illam</em></strong></span> 
     </span>
    </p>
   </div>
   <div class='ocr_carea' id='block_1_7' title="bbox 529 666 2102 739">
    <p class='ocr_par' dir='ltr' id='par_1_7' title="bbox 529 666 2102 739">
     <span class='ocr_line' id='line_1_7' title="bbox 529 666 2102 739; baseline -0.003 -15"><span class='ocrx_word' id='word_1_30' title='bbox 529 687 648 724; x_wconf 73' lang='lat' dir='ltr'><strong>vero</strong></span> <span class='ocrx_word' id='word_1_31' title='bbox 694 670 910 739; x_wconf 76' lang='lat' dir='ltr'><strong><em>reliquis</em></strong></span> <span class='ocrx_word' id='word_1_32' title='bbox 966 668 1397 733; x_wconf 77' lang='lat' dir='ltr'><strong><em>antecedentem;</em></strong></span> <span class='ocrx_word' id='word_1_33' title='bbox 1433 669 1553 723; x_wconf 89' lang='lat' dir='ltr'><strong><em>loco</em></strong></span> <span class='ocrx_word' id='word_1_34' title='bbox 1630 677 1811 722; x_wconf 89' lang='lat' dir='ltr'><strong><em>autem</em></strong></span> <span class='ocrx_word' id='word_1_35' title='bbox 1864 666 2102 736; x_wconf 81' lang='lat' dir='ltr'><strong><em>Spiritus</em></strong></span> 
     </span>
    </p>
   </div>
   <div class='ocr_carea' id='block_1_8' title="bbox 532 756 2100 829">
    <p class='ocr_par' dir='ltr' id='par_1_8' title="bbox 532 756 2100 829">
     <span class='ocr_line' id='line_1_8' title="bbox 532 756 2100 829; baseline -0.006 -12"><span class='ocrx_word' id='word_1_36' title='bbox 532 762 745 823; x_wconf 91' lang='lat' dir='ltr'><strong><em>sancti,</em></strong></span> <span class='ocrx_word' id='word_1_37' title='bbox 788 777 939 822; x_wconf 86' lang='lat' dir='ltr'><strong><em>eam,</em></strong></span> <span class='ocrx_word' id='word_1_38' title='bbox 982 777 1099 829; x_wconf 78' lang='lat' dir='ltr'><strong><em>qua:</em></strong></span> <span class='ocrx_word' id='word_1_39' title='bbox 1136 760 1270 814; x_wconf 79' lang='lat' dir='ltr'><strong><em>nulli</em></strong></span> <span class='ocrx_word' id='word_1_40' title='bbox 1311 760 1496 813; x_wconf 83' lang='lat' dir='ltr'><strong><em>horum</em></strong></span> <span class='ocrx_word' id='word_1_41' title='bbox 1542 759 1825 827; x_wconf 86' lang='lat' dir='ltr'><strong><em>conjuncta</em></strong></span> <span class='ocrx_word' id='word_1_42' title='bbox 1861 765 1938 811; x_wconf 80' lang='lat' dir='ltr'><strong><em>est</em></strong></span> <span class='ocrx_word' id='word_1_43' title='bbox 1982 756 2100 827; x_wconf 88' lang='lat' dir='ltr'><strong><em>(a).</em></strong></span> 
     </span>
    </p>
   </div>
   <div class='ocr_carea' id='block_1_9' title="bbox 532 851 2106 925">
    <p class='ocr_par' dir='ltr' id='par_1_9' title="bbox 532 851 2106 925">
     <span class='ocr_line' id='line_1_9' title="bbox 532 851 2106 925; baseline -0.006 -16"><span class='ocrx_word' id='word_1_44' title='bbox 532 856 699 925; x_wconf 86' lang='lat' dir='ltr'><strong><em>Atqui</em></strong></span> <span class='ocrx_word' id='word_1_45' title='bbox 727 856 772 911; x_wconf 89' lang='lat' dir='ltr'><strong><em>si</em></strong></span> <span class='ocrx_word' id='word_1_46' title='bbox 806 856 892 910; x_wconf 90' lang='lat' dir='ltr'><strong><em>bis</em></strong></span> <span class='ocrx_word' id='word_1_47' title='bbox 922 853 1380 924; x_wconf 80' lang='lat' dir='ltr'><strong><em>appellationibus</em></strong></span> <span class='ocrx_word' id='word_1_48' title='bbox 1416 852 1495 905; x_wconf 93' lang='lat' dir='ltr'><strong><em>uti</em></strong></span> <span class='ocrx_word' id='word_1_49' title='bbox 1544 851 1719 906; x_wconf 87' lang='lat' dir='ltr'><strong><em>satius</em></strong></span> <span class='ocrx_word' id='word_1_50' title='bbox 1771 856 1939 911; x_wconf 89' lang='lat' dir='ltr'><strong><em>esset,</em></strong></span> <span class='ocrx_word' id='word_1_51' title='bbox 1996 862 2106 901; x_wconf 89' lang='lat' dir='ltr'><strong><em>non</em></strong></span> 
     </span>
    </p>
   </div>
   <div class='ocr_carea' id='block_1_10' title="bbox 535 939 2108 1015">
    <p class='ocr_par' dir='ltr' id='par_1_10' title="bbox 535 939 2108 1015">
     <span class='ocr_line' id='line_1_10' title="bbox 535 939 2108 1015; baseline -0.008 -16"><span class='ocrx_word' id='word_1_52' title='bbox 535 946 672 1001; x_wconf 86' lang='lat' dir='ltr'><strong><em>adeo</em></strong></span> <span class='ocrx_word' id='word_1_53' title='bbox 708 947 867 1015; x_wconf 92' lang='lat' dir='ltr'><strong><em>inops</em></strong></span> <span class='ocrx_word' id='word_1_54' title='bbox 886 954 1004 999; x_wconf 89' lang='lat' dir='ltr'><strong><em>erat</em></strong></span> <span class='ocrx_word' id='word_1_55' title='bbox 1034 943 1256 1007; x_wconf 88' lang='lat' dir='ltr'><strong><em>veritas,</em></strong></span> <span class='ocrx_word' id='word_1_56' title='bbox 1285 950 1344 995; x_wconf 91' lang='lat' dir='ltr'><strong><em>ut</em></strong></span> <span class='ocrx_word' id='word_1_57' title='bbox 1381 942 1493 994; x_wconf 76' lang='lat' dir='ltr'><strong><em>haec</em></strong></span> <span class='ocrx_word' id='word_1_58' title='bbox 1530 939 1753 994; x_wconf 89' lang='lat' dir='ltr'><strong><em>nomina</em></strong></span> <span class='ocrx_word' id='word_1_59' title='bbox 1787 950 1897 990; x_wconf 91' lang='lat' dir='ltr'><strong><em>non</em></strong></span> <span class='ocrx_word' id='word_1_60' title='bbox 1953 950 2108 1004; x_wconf 85' lang='lat' dir='ltr'><strong><em>repe-</em></strong></span> 
     </span>
    </p>
   </div>
   <div class='ocr_carea' id='block_1_11' title="bbox 536 1030 2109 1105">
    <p class='ocr_par' dir='ltr' id='par_1_11' title="bbox 536 1030 2109 1105">
     <span class='ocr_line' id='line_1_11' title="bbox 536 1030 2109 1105; baseline -0.006 -14"><span class='ocrx_word' id='word_1_61' title='bbox 536 1040 699 1101; x_wconf 89' lang='lat' dir='ltr'><strong><em>riret;</em></strong></span> <span class='ocrx_word' id='word_1_62' title='bbox 739 1051 913 1105; x_wconf 91' lang='lat' dir='ltr'><strong><em>neque</em></strong></span> <span class='ocrx_word' id='word_1_63' title='bbox 938 1036 1074 1089; x_wconf 89' lang='lat' dir='ltr'><strong><em>adeo</em></strong></span> <span class='ocrx_word' id='word_1_64' title='bbox 1109 1033 1344 1103; x_wconf 82' lang='lat' dir='ltr'><strong>imperiti</strong></span> <span class='ocrx_word' id='word_1_65' title='bbox 1385 1040 1543 1086; x_wconf 87' lang='lat' dir='ltr'><strong><em>erant</em></strong></span> <span class='ocrx_word' id='word_1_66' title='bbox 1595 1030 1709 1095; x_wconf 86' lang='lat' dir='ltr'><strong>alii,</strong></span> <span class='ocrx_word' id='word_1_67' title='bbox 1769 1031 1863 1099; x_wconf 91' lang='lat' dir='ltr'><strong><em>qui</em></strong></span> <span class='ocrx_word' id='word_1_68' title='bbox 1921 1036 2109 1097; x_wconf 88' lang='lat' dir='ltr'><strong><em>postea</em></strong></span> 
     </span>
    </p>
   </div>
   <div class='ocr_carea' id='block_1_12' title="bbox 539 1120 2109 1195">
    <p class='ocr_par' dir='ltr' id='par_1_12' title="bbox 539 1120 2109 1195">
     <span class='ocr_line' id='line_1_12' title="bbox 539 1120 2109 1195; baseline -0.006 -14"><span class='ocrx_word' id='word_1_69' title='bbox 539 1131 733 1183; x_wconf 84' lang='lat' dir='ltr'><strong>ordine</strong></span> <span class='ocrx_word' id='word_1_70' title='bbox 790 1127 1069 1181; x_wconf 83' lang='lat' dir='ltr'><strong><em>subsecuti</em></strong></span> <span class='ocrx_word' id='word_1_71' title='bbox 1136 1124 1378 1195; x_wconf 88' lang='lat' dir='ltr'><strong><em>mysterii</em></strong></span> <span class='ocrx_word' id='word_1_72' title='bbox 1446 1124 1611 1193; x_wconf 83' lang='lat' dir='ltr'><strong><em>hujus</em></strong></span> <span class='ocrx_word' id='word_1_73' title='bbox 1672 1120 2109 1193; x_wconf 60' lang='lat' dir='ltr'><strong><em>praedicationem</em></strong></span> 
     </span>
    </p>
   </div>
   <div class='ocr_carea' id='block_1_13' title="bbox 540 1213 2110 1289">
    <p class='ocr_par' dir='ltr' id='par_1_13' title="bbox 540 1213 2110 1289">
     <span class='ocr_line' id='line_1_13' title="bbox 540 1213 2110 1289; baseline -0.007 -15"><span class='ocrx_word' id='word_1_74' title='bbox 540 1225 895 1289; x_wconf 84' lang='lat' dir='ltr'><strong><em>exceperunt,</em></strong></span> <span class='ocrx_word' id='word_1_75' title='bbox 925 1219 1126 1287; x_wconf 79' lang='lat' dir='ltr'><strong>quique</strong></span> <span class='ocrx_word' id='word_1_76' title='bbox 1156 1218 1225 1269; x_wconf 89' lang='lat' dir='ltr'><strong><em>ab</em></strong></span> <span class='ocrx_word' id='word_1_77' title='bbox 1256 1216 1411 1270; x_wconf 88' lang='lat' dir='ltr'><strong><em>initio</em></strong></span> <span class='ocrx_word' id='word_1_78' title='bbox 1432 1216 1633 1269; x_wconf 86' lang='lat' dir='ltr'><strong><em>oculati</em></strong></span> <span class='ocrx_word' id='word_1_79' title='bbox 1658 1222 1823 1270; x_wconf 80' lang='lat' dir='ltr'><strong><em>testes</em></strong></span> <span class='ocrx_word' id='word_1_80' title='bbox 1860 1225 1914 1267; x_wconf 89' lang='lat' dir='ltr'><strong><em>et</em></strong></span> <span class='ocrx_word' id='word_1_81' title='bbox 1948 1213 2110 1265; x_wconf 90' lang='lat' dir='ltr'><strong><em>mini-</em></strong></span> 
     </span>
    </p>
   </div>
   <div class='ocr_carea' id='block_1_14' title="bbox 543 1308 2114 1378">
    <p class='ocr_par' dir='ltr' id='par_1_14' title="bbox 543 1308 2114 1378">
     <span class='ocr_line' id='line_1_14' title="bbox 543 1308 2114 1378; baseline -0.006 -11"><span class='ocrx_word' id='word_1_82' title='bbox 543 1312 643 1367; x_wconf 90' lang='lat' dir='ltr'><strong><em>stri</em></strong></span> <span class='ocrx_word' id='word_1_83' title='bbox 673 1311 943 1366; x_wconf 87' lang='lat' dir='ltr'><strong><em>sermonis</em></strong></span> <span class='ocrx_word' id='word_1_84' title='bbox 976 1309 1213 1371; x_wconf 81' lang='lat' dir='ltr'><strong><em>fuerunt,</em></strong></span> <span class='ocrx_word' id='word_1_85' title='bbox 1233 1309 1394 1378; x_wconf 89' lang='lat' dir='ltr'><strong><em>etqui</em></strong></span> <span class='ocrx_word' id='word_1_86' title='bbox 1429 1316 1549 1378; x_wconf 91' lang='lat' dir='ltr'><strong><em>post</em></strong></span> <span class='ocrx_word' id='word_1_87' title='bbox 1582 1308 1706 1362; x_wconf 91' lang='lat' dir='ltr'><strong><em>illos</em></strong></span> <span class='ocrx_word' id='word_1_88' title='bbox 1736 1315 1906 1361; x_wconf 91' lang='lat' dir='ltr'><strong><em>totum</em></strong></span> <span class='ocrx_word' id='word_1_89' title='bbox 1942 1314 2114 1359; x_wconf 87' lang='lat' dir='ltr'><strong><em>terra-</em></strong></span> 
     </span>
    </p>
   </div>
   <div class='ocr_carea' id='block_1_15' title="bbox 543 1398 2112 1471">
    <p class='ocr_par' dir='ltr' id='par_1_15' title="bbox 543 1398 2112 1471">
     <span class='ocr_line' id='line_1_15' title="bbox 543 1398 2112 1471; baseline -0.006 -14"><span class='ocrx_word' id='word_1_90' title='bbox 543 1419 669 1457; x_wconf 88' lang='lat' dir='ltr'><strong><em>rum</em></strong></span> <span class='ocrx_word' id='word_1_91' title='bbox 731 1403 916 1457; x_wconf 89' lang='lat' dir='ltr'><strong><em>orbem</em></strong></span> <span class='ocrx_word' id='word_1_92' title='bbox 980 1402 1294 1471; x_wconf 85' lang='lat' dir='ltr'><strong><em>evangelica</em></strong></span> <span class='ocrx_word' id='word_1_93' title='bbox 1361 1399 1610 1454; x_wconf 83' lang='lat' dir='ltr'><strong><em>doetrina</em></strong></span> <span class='ocrx_word' id='word_1_94' title='bbox 1667 1398 2112 1468; x_wconf 85' lang='lat' dir='ltr'><strong><em>compleverunt;</em></strong></span> 
     </span>
    </p>
   </div>
   <div class='ocr_carea' id='block_1_16' title="bbox 543 1489 2116 1565">
    <p class='ocr_par' dir='ltr' id='par_1_16' title="bbox 543 1489 2116 1565">
     <span class='ocr_line' id='line_1_16' title="bbox 543 1489 2116 1565; baseline -0.006 -15"><span class='ocrx_word' id='word_1_95' title='bbox 543 1509 896 1565; x_wconf 80' lang='lat' dir='ltr'><strong><em>rursumque.</em></strong></span> <span class='ocrx_word' id='word_1_96' title='bbox 933 1494 1025 1564; x_wconf 92' lang='lat' dir='ltr'><strong><em>qui</em></strong></span> <span class='ocrx_word' id='word_1_97' title='bbox 1055 1494 1285 1562; x_wconf 88' lang='lat' dir='ltr'><strong><em>posteris</em></strong></span> <span class='ocrx_word' id='word_1_98' title='bbox 1325 1492 1663 1561; x_wconf 86' lang='lat' dir='ltr'><strong><em>temporibus</em></strong></span> <span class='ocrx_word' id='word_1_99' title='bbox 1701 1501 1854 1546; x_wconf 88' lang='lat' dir='ltr'><strong><em>ortas</em></strong></span> <span class='ocrx_word' id='word_1_100' title='bbox 1902 1489 1969 1543; x_wconf 90' lang='lat' dir='ltr'><strong><em>de</em></strong></span> <span class='ocrx_word' id='word_1_101' title='bbox 2014 1489 2116 1542; x_wconf 90' lang='lat' dir='ltr'><strong><em>hoc</em></strong></span> 
     </span>
    </p>
   </div>
   <div class='ocr_carea' id='block_1_17' title="bbox 545 1581 2118 1657">
    <p class='ocr_par' dir='ltr' id='par_1_17' title="bbox 545 1581 2118 1657">
     <span class='ocr_line' id='line_1_17' title="bbox 545 1581 2118 1657; baseline -0.006 -14"><span class='ocrx_word' id='word_1_102' title='bbox 545 1590 800 1657; x_wconf 85' lang='lat' dir='ltr'><strong><em>dogmate</em></strong></span> <span class='ocrx_word' id='word_1_103' title='bbox 829 1588 1198 1642; x_wconf 88' lang='lat' dir='ltr'><strong><em>dubitationes</em></strong></span> <span class='ocrx_word' id='word_1_104' title='bbox 1230 1587 1283 1640; x_wconf 91' lang='lat' dir='ltr'><strong><em>in</em></strong></span> <span class='ocrx_word' id='word_1_105' title='bbox 1314 1585 1589 1639; x_wconf 88' lang='lat' dir='ltr'><strong><em>communi</em></strong></span> <span class='ocrx_word' id='word_1_106' title='bbox 1619 1584 1850 1638; x_wconf 89' lang='lat' dir='ltr'><strong><em>concilio</em></strong></span> <span class='ocrx_word' id='word_1_107' title='bbox 1891 1581 2118 1637; x_wconf 82' lang='lat' dir='ltr'><strong><em>delinie-</em></strong></span> 
     </span>
    </p>
   </div>
   <div class='ocr_carea' id='block_1_18' title="bbox 550 1672 2119 1749">
    <p class='ocr_par' dir='ltr' id='par_1_18' title="bbox 550 1672 2119 1749">
     <span class='ocr_line' id='line_1_18' title="bbox 550 1672 2119 1749; baseline -0.007 -14"><span class='ocrx_word' id='word_1_108' title='bbox 550 1690 697 1745; x_wconf 76' lang='lat' dir='ltr'><strong><em>runt,</em></strong></span> <span class='ocrx_word' id='word_1_109' title='bbox 733 1694 966 1749; x_wconf 91' lang='lat' dir='ltr'><strong><em>quorum</em></strong></span> <span class='ocrx_word' id='word_1_110' title='bbox 995 1678 1321 1732; x_wconf 86' lang='lat' dir='ltr'><strong><em>traditiones</em></strong></span> <span class='ocrx_word' id='word_1_111' title='bbox 1352 1676 1570 1744; x_wconf 70' lang='lat' dir='ltr'><strong><em>scriptae</em></strong></span> <span class='ocrx_word' id='word_1_112' title='bbox 1595 1690 1814 1744; x_wconf 90' lang='lat' dir='ltr'><strong><em>semper</em></strong></span> <span class='ocrx_word' id='word_1_113' title='bbox 1845 1674 1901 1727; x_wconf 91' lang='lat' dir='ltr'><strong><em>in</em></strong></span> <span class='ocrx_word' id='word_1_114' title='bbox 1928 1672 2119 1725; x_wconf 88' lang='lat' dir='ltr'><strong><em>Eccle-</em></strong></span> 
     </span>
    </p>
   </div>
   <div class='ocr_carea' id='block_1_19' title="bbox 546 1761 2123 1834">
    <p class='ocr_par' dir='ltr' id='par_1_19' title="bbox 546 1761 2123 1834">
     <span class='ocr_line' id='line_1_19' title="bbox 546 1761 2123 1834; baseline -0.008 -8"><span class='ocrx_word' id='word_1_115' title='bbox 546 1772 650 1826; x_wconf 84' lang='lat' dir='ltr'><strong><em>siis</em></strong></span> <span class='ocrx_word' id='word_1_116' title='bbox 673 1770 1074 1825; x_wconf 85' lang='lat' dir='ltr'><strong><em>custodiuntur.</em></strong></span> <span class='ocrx_word' id='word_1_117' title='bbox 1110 1767 1164 1820; x_wconf 91' lang='lat' dir='ltr'><strong><em>Si</em></strong></span> <span class='ocrx_word' id='word_1_118' title='bbox 1190 1768 1262 1820; x_wconf 90' lang='lat' dir='ltr'><strong><em>ita</em></strong></span> <span class='ocrx_word' id='word_1_119' title='bbox 1287 1766 1431 1834; x_wconf 88' lang='lat' dir='ltr'><strong>loqui</strong></span> <span class='ocrx_word' id='word_1_120' title='bbox 1458 1764 1762 1833; x_wconf 85' lang='lat' dir='ltr'><strong><em>oportebat,</em></strong></span> <span class='ocrx_word' id='word_1_121' title='bbox 1795 1778 1902 1815; x_wconf 92' lang='lat' dir='ltr'><strong><em>non</em></strong></span> <span class='ocrx_word' id='word_1_122' title='bbox 1935 1761 2123 1828; x_wconf 86' lang='lat' dir='ltr'><strong><em>utique</em></strong></span> 
     </span>
    </p>
   </div>
   <div class='ocr_carea' id='block_1_20' title="bbox 2210 563 3782 646">
    <p class='ocr_par' dir='ltr' id='par_1_20' title="bbox 2210 563 3782 646">
     <span class='ocr_line' id='line_1_20' title="bbox 2210 563 3782 646; baseline -0.009 -18"><span class='ocrx_word' id='word_1_123' title='bbox 2210 575 2442 646; x_wconf 76' lang='grc' dir='ltr'>Πατρδς,</span> <span class='ocrx_word' id='word_1_124' title='bbox 2484 570 2759 627; x_wconf 82' lang='grc' dir='ltr'><em>ἀνωτάτω</em></span> <span class='ocrx_word' id='word_1_125' title='bbox 2804 566 2937 621; x_wconf 83' lang='grc' dir='ltr'>τινὰ</span> <span class='ocrx_word' id='word_1_126' title='bbox 2984 567 3083 619; x_wconf 82' lang='grc' dir='ltr'><strong><em>καί</em></strong></span> <span class='ocrx_word' id='word_1_127' title='bbox 3144 563 3512 633; x_wconf 80' lang='grc' dir='ltr'><strong><em>κυριωτάτην</em></strong></span> <span class='ocrx_word' id='word_1_128' title='bbox 3562 563 3782 616; x_wconf 81' lang='grc' dir='ltr'>οὐσίαν</span> 
     </span>
    </p>
   </div>
   <div class='ocr_carea' id='block_1_21' title="bbox 2210 647 3782 735">
    <p class='ocr_par' dir='ltr' id='par_1_21' title="bbox 2210 647 3782 735">
     <span class='ocr_line' id='line_1_21' title="bbox 2210 647 3782 735; baseline -0.011 -15"><span class='ocrx_word' id='word_1_129' title='bbox 2210 668 2378 735; x_wconf 81' lang='grc' dir='ltr'><strong>λέγει,</strong></span> <span class='ocrx_word' id='word_1_130' title='bbox 2400 664 2520 718; x_wconf 77' lang='grc' dir='ltr'>ἀντὶ</span> <span class='ocrx_word' id='word_1_131' title='bbox 2547 663 2602 716; x_wconf 82' lang='grc' dir='ltr'>δὲ</span> <span class='ocrx_word' id='word_1_132' title='bbox 2633 660 2725 714; x_wconf 91' lang='grc' dir='ltr'><strong><em>τοῦ</em></strong></span> <span class='ocrx_word' id='word_1_133' title='bbox 2757 659 2909 722; x_wconf 89' lang='grc' dir='ltr'>Υἰοῦ,</span> <span class='ocrx_word' id='word_1_134' title='bbox 2930 658 3046 726; x_wconf 81' lang='grc' dir='ltr'><strong><em>τὴν</em></strong></span> <span class='ocrx_word' id='word_1_135' title='bbox 3069 657 3127 710; x_wconf 86' lang='grc' dir='ltr'>δι</span> <span class='ocrx_word' id='word_1_136' title='bbox 3142 658 3155 676; x_wconf 88' lang='grc'>’</span> <span class='ocrx_word' id='word_1_137' title='bbox 3177 654 3548 723; x_wconf 73' lang='grc' dir='ltr'>ἐκείνηνμὲν</span> <span class='ocrx_word' id='word_1_138' title='bbox 3563 647 3782 714; x_wconf 80' lang='grc' dir='ltr'>οὖσαν,</span> 
     </span>
    </p>
   </div>
   <div class='ocr_carea' id='block_1_22' title="bbox 2206 742 3785 828">
    <p class='ocr_par' dir='ltr' id='par_1_22' title="bbox 2206 742 3785 828">
     <span class='ocr_line' id='line_1_22' title="bbox 2206 742 3785 828; baseline -0.011 -16"><span class='ocrx_word' id='word_1_139' title='bbox 2206 758 2347 828; x_wconf 83' lang='grc' dir='ltr'>μετ’</span> <span class='ocrx_word' id='word_1_140' title='bbox 2374 757 2611 822; x_wconf 81' lang='grc' dir='ltr'>ἐκείνην</span> <span class='ocrx_word' id='word_1_141' title='bbox 2642 752 2709 806; x_wconf 85' lang='grc' dir='ltr'><strong><em>δὲ</em></strong></span> <span class='ocrx_word' id='word_1_142' title='bbox 2737 751 2855 805; x_wconf 76' lang='grc' dir='ltr'><strong><em>τῶν</em></strong></span> <span class='ocrx_word' id='word_1_143' title='bbox 2882 750 3085 804; x_wconf 74' lang='grc' dir='ltr'><em>ἄλλων</em></span> <span class='ocrx_word' id='word_1_144' title='bbox 3110 748 3557 817; x_wconf 79' lang='grc' dir='ltr'><strong><em>πρωτεύουσαν,</em></strong></span> <span class='ocrx_word' id='word_1_145' title='bbox 3585 742 3706 798; x_wconf 74' lang='grc' dir='ltr'>ἀντὶ</span> <span class='ocrx_word' id='word_1_146' title='bbox 3727 742 3785 795; x_wconf 80' lang='grc' dir='ltr'><strong><em>δὲ</em></strong></span> 
     </span>
    </p>
   </div>
   <div class='ocr_carea' id='block_1_23' title="bbox 2212 837 3788 919">
    <p class='ocr_par' dir='ltr' id='par_1_23' title="bbox 2212 837 3788 919">
     <span class='ocr_line' id='line_1_23' title="bbox 2212 837 3788 919; baseline -0.011 -14"><span class='ocrx_word' id='word_1_147' title='bbox 2212 851 2305 905; x_wconf 86' lang='grc' dir='ltr'><strong><em>τοῦ</em></strong></span> <span class='ocrx_word' id='word_1_148' title='bbox 2334 851 2490 919; x_wconf 82' lang='grc' dir='ltr'>ἁγίου</span> <span class='ocrx_word' id='word_1_149' title='bbox 2512 845 2848 916; x_wconf 80' lang='grc' dir='ltr'>Ιινεύματος,</span> <span class='ocrx_word' id='word_1_150' title='bbox 2871 842 2983 911; x_wconf 76' lang='grc' dir='ltr'><strong><em>τὴν</em></strong></span> <span class='ocrx_word' id='word_1_151' title='bbox 2997 837 3257 911; x_wconf 80' lang='grc' dir='ltr'><strong><em>μηδεμιᾷ</em></strong></span> <span class='ocrx_word' id='word_1_152' title='bbox 3284 839 3511 892; x_wconf 85' lang='grc' dir='ltr'><em>τούτων</em></span> <span class='ocrx_word' id='word_1_153' title='bbox 3538 851 3788 890; x_wconf 74' lang='grc' dir='ltr'>συντατ-</span> 
     </span>
    </p>
   </div>
   <div class='ocr_carea' id='block_1_24' title="bbox 2213 922 3790 1011">
    <p class='ocr_par' dir='ltr' id='par_1_24' title="bbox 2213 922 3790 1011">
     <span class='ocr_line' id='line_1_24' title="bbox 2213 922 3790 1011; baseline -0.013 -16"><span class='ocrx_word' id='word_1_154' title='bbox 2213 940 2494 1011; x_wconf 80' lang='grc' dir='ltr'>τομένην.</span> <span class='ocrx_word' id='word_1_155' title='bbox 2524 936 2714 990; x_wconf 83' lang='grc' dir='ltr'><strong><em>Καίτοι</em></strong></span> <span class='ocrx_word' id='word_1_156' title='bbox 2750 953 2813 1004; x_wconf 91' lang='grc' dir='ltr'><strong><em>γε</em></strong></span> <span class='ocrx_word' id='word_1_157' title='bbox 2855 935 2903 986; x_wconf 90' lang='grc' dir='ltr'><strong><em>εἰ</em></strong></span> <span class='ocrx_word' id='word_1_158' title='bbox 2938 931 3110 993; x_wconf 74' lang='grc' dir='ltr'>οὕτως</span> <span class='ocrx_word' id='word_1_159' title='bbox 3148 931 3320 982; x_wconf 89' lang='grc' dir='ltr'>εἰπεῖν</span> <span class='ocrx_word' id='word_1_160' title='bbox 3361 926 3682 995; x_wconf 85' lang='grc' dir='ltr'>οἰκειότερον</span> <span class='ocrx_word' id='word_1_161' title='bbox 3701 922 3790 998; x_wconf 76' lang='grc' dir='ltr'>ἦν,</span> 
     </span>
    </p>
   </div>
   <div class='ocr_carea' id='block_1_25' title="bbox 2216 1016 3789 1097">
    <p class='ocr_par' dir='ltr' id='par_1_25' title="bbox 2216 1016 3789 1097">
     <span class='ocr_line' id='line_1_25' title="bbox 2216 1016 3789 1097; baseline -0.011 -11"><span class='ocrx_word' id='word_1_162' title='bbox 2216 1034 2315 1085; x_wconf 84' lang='grc' dir='ltr'><strong><em>οὐκ</em></strong></span> <span class='ocrx_word' id='word_1_163' title='bbox 2344 1031 2407 1084; x_wconf 78' lang='grc' dir='ltr'><strong><em>ἂν</em></strong></span> <span class='ocrx_word' id='word_1_164' title='bbox 2443 1030 2660 1090; x_wconf 87' lang='grc' dir='ltr'>πάντως</span> <span class='ocrx_word' id='word_1_165' title='bbox 2680 1025 2955 1097; x_wconf 77' lang='grc' dir='ltr'><strong><em>ἠπόρησεν</em></strong></span> <span class='ocrx_word' id='word_1_166' title='bbox 2980 1025 3013 1093; x_wconf 80' lang='grc' dir='ltr'><strong>ἡ</strong></span> <span class='ocrx_word' id='word_1_167' title='bbox 3038 1021 3264 1093; x_wconf 82' lang='grc' dir='ltr'>ἀλήθεια</span> <span class='ocrx_word' id='word_1_168' title='bbox 3284 1019 3383 1090; x_wconf 82' lang='grc' dir='ltr'><strong><em>τῆς</em></strong></span> <span class='ocrx_word' id='word_1_169' title='bbox 3401 1018 3509 1071; x_wconf 87' lang='grc' dir='ltr'><strong><em>τῶν</em></strong></span> <span class='ocrx_word' id='word_1_170' title='bbox 3531 1016 3789 1088; x_wconf 79' lang='grc' dir='ltr'><strong><em>ῥημάτων</em></strong></span> 
     </span>
    </p>
   </div>
   <div class='ocr_carea' id='block_1_26' title="bbox 2218 1106 3792 1190">
    <p class='ocr_par' dir='ltr' id='par_1_26' title="bbox 2218 1106 3792 1190">
     <span class='ocr_line' id='line_1_26' title="bbox 2218 1106 3792 1190; baseline -0.011 -14"><span class='ocrx_word' id='word_1_171' title='bbox 2218 1123 2421 1177; x_wconf 87' lang='grc' dir='ltr'>τούτων</span> <span class='ocrx_word' id='word_1_172' title='bbox 2452 1120 2743 1190; x_wconf 81' lang='grc' dir='ltr'>εὑρέσεως,</span> <span class='ocrx_word' id='word_1_173' title='bbox 2779 1116 2887 1169; x_wconf 80' lang='grc' dir='ltr'>οὐδ’</span> <span class='ocrx_word' id='word_1_174' title='bbox 2916 1115 2981 1168; x_wconf 87' lang='grc' dir='ltr'><strong><em>ἂν</em></strong></span> <span class='ocrx_word' id='word_1_175' title='bbox 3026 1114 3241 1175; x_wconf 85' lang='grc' dir='ltr'>πάντως</span> <span class='ocrx_word' id='word_1_176' title='bbox 3287 1111 3335 1163; x_wconf 84' lang='grc' dir='ltr'><strong><em>οἱ</em></strong></span> <span class='ocrx_word' id='word_1_177' title='bbox 3370 1108 3604 1177; x_wconf 79' lang='grc' dir='ltr'><strong><em>καθεξῆς</em></strong></span> <span class='ocrx_word' id='word_1_178' title='bbox 3643 1106 3792 1160; x_wconf 79' lang='grc' dir='ltr'>ἐκδε-</span> 
     </span>
    </p>
   </div>
   <div class='ocr_carea' id='block_1_27' title="bbox 2222 1197 3793 1285">
    <p class='ocr_par' dir='ltr' id='par_1_27' title="bbox 2222 1197 3793 1285">
     <span class='ocr_line' id='line_1_27' title="bbox 2222 1197 3793 1285; baseline -0.011 -18"><span class='ocrx_word' id='word_1_179' title='bbox 2222 1213 2442 1285; x_wconf 78' lang='grc' dir='ltr'>ξάμενοι</span> <span class='ocrx_word' id='word_1_180' title='bbox 2470 1210 2562 1265; x_wconf 88' lang='grc' dir='ltr'><strong><em>τοῦ</em></strong></span> <span class='ocrx_word' id='word_1_181' title='bbox 2593 1207 2889 1280; x_wconf 81' lang='grc' dir='ltr'><strong><em>μυστηρίου</em></strong></span> <span class='ocrx_word' id='word_1_182' title='bbox 2927 1209 2986 1258; x_wconf 87' lang='grc' dir='ltr'>τὸ</span> <span class='ocrx_word' id='word_1_183' title='bbox 3016 1206 3298 1275; x_wconf 87' lang='grc' dir='ltr'>κήρυγμα,</span> <span class='ocrx_word' id='word_1_184' title='bbox 3330 1201 3383 1253; x_wconf 84' lang='grc' dir='ltr'>οἴ</span> <span class='ocrx_word' id='word_1_185' title='bbox 3411 1218 3471 1253; x_wconf 90' lang='grc' dir='ltr'><strong><em>τε</em></strong></span> <span class='ocrx_word' id='word_1_186' title='bbox 3499 1200 3591 1252; x_wconf 86' lang='grc' dir='ltr'><strong><em>ἀπ’</em></strong></span> <span class='ocrx_word' id='word_1_187' title='bbox 3619 1197 3793 1269; x_wconf 81' lang='grc' dir='ltr'>ἀρχῆς</span> 
     </span>
    </p>
   </div>
   <div class='ocr_carea' id='block_1_28' title="bbox 2221 1291 3795 1373">
    <p class='ocr_par' dir='ltr' id='par_1_28' title="bbox 2221 1291 3795 1373">
     <span class='ocr_line' id='line_1_28' title="bbox 2221 1291 3795 1373; baseline -0.013 -11"><span class='ocrx_word' id='word_1_188' title='bbox 2221 1308 2482 1373; x_wconf 71' lang='grc' dir='ltr'>αὐτόπται</span> <span class='ocrx_word' id='word_1_189' title='bbox 2531 1303 2624 1356; x_wconf 70' lang='grc' dir='ltr'>καὶ</span> <span class='ocrx_word' id='word_1_190' title='bbox 2657 1300 2925 1371; x_wconf 79' lang='grc' dir='ltr'><strong><em>ὑπηρέται</em></strong></span> <span class='ocrx_word' id='word_1_191' title='bbox 2956 1297 3235 1365; x_wconf 88' lang='grc' dir='ltr'>γενόμενοι</span> <span class='ocrx_word' id='word_1_192' title='bbox 3276 1291 3369 1346; x_wconf 89' lang='grc' dir='ltr'><strong><em>τοῦ</em></strong></span> <span class='ocrx_word' id='word_1_193' title='bbox 3408 1291 3587 1360; x_wconf 79' lang='grc' dir='ltr'>λόγου,</span> <span class='ocrx_word' id='word_1_194' title='bbox 3620 1291 3711 1343; x_wconf 68' lang='grc' dir='ltr'><strong><em>καὶ</em></strong></span> <span class='ocrx_word' id='word_1_195' title='bbox 3746 1291 3795 1342; x_wconf 83' lang='grc' dir='ltr'><strong><em>οἰ</em></strong></span> 
     </span>
    </p>
   </div>
   <div class='ocr_carea' id='block_1_29' title="bbox 2227 1380 3796 1473">
    <p class='ocr_par' dir='ltr' id='par_1_29' title="bbox 2227 1380 3796 1473">
     <span class='ocr_line' id='line_1_29' title="bbox 2227 1380 3796 1473; baseline -0.015 -18"><span class='ocrx_word' id='word_1_196' title='bbox 2227 1400 2344 1473; x_wconf 88' lang='grc' dir='ltr'>μετ’</span> <span class='ocrx_word' id='word_1_197' title='bbox 2381 1396 2622 1459; x_wconf 80' lang='grc' dir='ltr'>ἐκείνους</span> <span class='ocrx_word' id='word_1_198' title='bbox 2668 1396 2848 1447; x_wconf 83' lang='grc' dir='ltr'>πᾶσαν</span> <span class='ocrx_word' id='word_1_199' title='bbox 2888 1391 2986 1459; x_wconf 81' lang='grc' dir='ltr'><strong><em>τὴν</em></strong></span> <span class='ocrx_word' id='word_1_200' title='bbox 3019 1386 3347 1458; x_wconf 74' lang='grc' dir='ltr'>οἰκουμένην</span> <span class='ocrx_word' id='word_1_201' title='bbox 3370 1384 3479 1437; x_wconf 88' lang='grc' dir='ltr'><strong><em>τῶν</em></strong></span> <span class='ocrx_word' id='word_1_202' title='bbox 3510 1380 3796 1450; x_wconf 85' lang='grc' dir='ltr'>εὐαγγελι-</span> 
     </span>
    </p>
   </div>
   <div class='ocr_carea' id='block_1_30' title="bbox 2225 1471 3798 1561">
    <p class='ocr_par' dir='ltr' id='par_1_30' title="bbox 2225 1471 3798 1561">
     <span class='ocr_line' id='line_1_30' title="bbox 2225 1471 3798 1561; baseline -0.016 -13"><span class='ocrx_word' id='word_1_203' title='bbox 2225 1493 2337 1548; x_wconf 90' lang='grc' dir='ltr'><strong><em>κῶν</em></strong></span> <span class='ocrx_word' id='word_1_204' title='bbox 2381 1490 2665 1561; x_wconf 80' lang='grc' dir='ltr'><strong><em>δογμάτων</em></strong></span> <span class='ocrx_word' id='word_1_205' title='bbox 2708 1481 3240 1554; x_wconf 84' lang='grc' dir='ltr'>καταπληρώσαντες</span> <span class='ocrx_word' id='word_1_206' title='bbox 3263 1495 3276 1510; x_wconf 86' lang='grc'><strong>·</strong></span> <span class='ocrx_word' id='word_1_207' title='bbox 3311 1477 3405 1530; x_wconf 74' lang='grc' dir='ltr'><strong><em>καὶ</em></strong></span> <span class='ocrx_word' id='word_1_208' title='bbox 3450 1475 3612 1528; x_wconf 87' lang='grc' dir='ltr'>πάλιν</span> <span class='ocrx_word' id='word_1_209' title='bbox 3662 1471 3798 1545; x_wconf 81' lang='grc' dir='ltr'>μετὰ</span> 
     </span>
    </p>
   </div>
   <div class='ocr_carea' id='block_1_31' title="bbox 2226 1567 3803 1651">
    <p class='ocr_par' dir='ltr' id='par_1_31' title="bbox 2226 1567 3803 1651">
     <span class='ocr_line' id='line_1_31' title="bbox 2226 1567 3803 1651; baseline -0.015 -10"><span class='ocrx_word' id='word_1_210' title='bbox 2226 1587 2399 1641; x_wconf 88' lang='grc' dir='ltr'>ταῦτα</span> <span class='ocrx_word' id='word_1_211' title='bbox 2427 1584 2568 1639; x_wconf 87' lang='grc' dir='ltr'><strong><em>κατά</em></strong></span> <span class='ocrx_word' id='word_1_212' title='bbox 2596 1579 2821 1651; x_wconf 85' lang='grc' dir='ltr'>καιρούς</span> <span class='ocrx_word' id='word_1_213' title='bbox 2852 1594 3002 1639; x_wconf 87' lang='grc' dir='ltr'>τινας</span> <span class='ocrx_word' id='word_1_214' title='bbox 3029 1573 3124 1636; x_wconf 84' lang='grc' dir='ltr'>τὰς</span> <span class='ocrx_word' id='word_1_215' title='bbox 3148 1571 3275 1641; x_wconf 80' lang='grc' dir='ltr'><strong><em>περί</em></strong></span> <span class='ocrx_word' id='word_1_216' title='bbox 3307 1567 3399 1623; x_wconf 87' lang='grc' dir='ltr'><strong><em>τοῦ</em></strong></span> <span class='ocrx_word' id='word_1_217' title='bbox 3426 1568 3691 1637; x_wconf 85' lang='grc' dir='ltr'>δόγματος</span> <span class='ocrx_word' id='word_1_218' title='bbox 3719 1582 3803 1618; x_wconf 89' lang='grc' dir='ltr'>κι-</span> 
     </span>
    </p>
   </div>
   <div class='ocr_carea' id='block_1_32' title="bbox 2229 1658 3799 1749">
    <p class='ocr_par' dir='ltr' id='par_1_32' title="bbox 2229 1658 3799 1749">
     <span class='ocr_line' id='line_1_32' title="bbox 2229 1658 3799 1749; baseline -0.018 -14"><span class='ocrx_word' id='word_1_219' title='bbox 2229 1680 2492 1749; x_wconf 85' lang='grc' dir='ltr'>νουμένας</span> <span class='ocrx_word' id='word_1_220' title='bbox 2516 1671 2845 1744; x_wconf 79' lang='grc' dir='ltr'>ἀμφιϐολίας</span> <span class='ocrx_word' id='word_1_221' title='bbox 2877 1671 2933 1722; x_wconf 82' lang='grc' dir='ltr'>ὲν</span> <span class='ocrx_word' id='word_1_222' title='bbox 2966 1665 3128 1736; x_wconf 80' lang='grc' dir='ltr'>κοινῷ</span> <span class='ocrx_word' id='word_1_223' title='bbox 3148 1662 3407 1733; x_wconf 84' lang='grc' dir='ltr'>συνεδρίῳ</span> <span class='ocrx_word' id='word_1_224' title='bbox 3428 1658 3799 1720; x_wconf 86' lang='grc' dir='ltr'>διαλαϐόντες·</span> 
     </span>
    </p>
   </div>
   <div class='ocr_carea' id='block_1_33' title="bbox 2230 1744 3804 1835">
    <p class='ocr_par' dir='ltr' id='par_1_33' title="bbox 2230 1744 3804 1835">
     <span class='ocr_line' id='line_1_33' title="bbox 2230 1744 3804 1835; baseline -0.018 -12"><span class='ocrx_word' id='word_1_225' title='bbox 2230 1763 2304 1823; x_wconf 80' lang='grc' dir='ltr'>ὧν</span> <span class='ocrx_word' id='word_1_226' title='bbox 2329 1744 2384 1820; x_wconf 74' lang='grc' dir='ltr'>αἱ</span> <span class='ocrx_word' id='word_1_227' title='bbox 2418 1763 2744 1835; x_wconf 84' lang='grc' dir='ltr'>παραδόσεις</span> <span class='ocrx_word' id='word_1_228' title='bbox 2765 1760 3027 1829; x_wconf 74' lang='grc' dir='ltr'>ἔγγραφοι</span> <span class='ocrx_word' id='word_1_229' title='bbox 3056 1756 3176 1818; x_wconf 87' lang='grc' dir='ltr'>ταῖς</span> <span class='ocrx_word' id='word_1_230' title='bbox 3209 1749 3555 1821; x_wconf 87' lang='grc' dir='ltr'>Ἐκκλησίαις</span> <span class='ocrx_word' id='word_1_231' title='bbox 3585 1746 3667 1799; x_wconf 75' lang='grc' dir='ltr'>ἀεὶ</span> <span class='ocrx_word' id='word_1_232' title='bbox 3688 1744 3804 1835; x_wconf 83' lang='grc' dir='ltr'>δια-</span> 
     </span>
    </p>
   </div>
   <div class='ocr_carea' id='block_1_34' title="bbox 553 1834 2150 1928">
    <p class='ocr_par' dir='ltr' id='par_1_34' title="bbox 553 1850 2126 1928">
     <span class='ocr_line' id='line_1_34' title="bbox 553 1850 2126 1928; baseline -0.006 -12"><span class='ocrx_word' id='word_1_233' title='bbox 553 1861 733 1916; x_wconf 88' lang='lat' dir='ltr'><strong><em>Patris</em></strong></span> <span class='ocrx_word' id='word_1_234' title='bbox 763 1871 817 1919; x_wconf 90' lang='lat' dir='ltr'><strong><em>et</em></strong></span> <span class='ocrx_word' id='word_1_235' title='bbox 845 1862 965 1916; x_wconf 90' lang='lat' dir='ltr'><strong>Filii</strong></span> <span class='ocrx_word' id='word_1_236' title='bbox 997 1872 1051 1916; x_wconf 90' lang='lat' dir='ltr'><strong><em>et</em></strong></span> <span class='ocrx_word' id='word_1_237' title='bbox 1105 1859 1342 1928; x_wconf 88' lang='lat' dir='ltr'><strong><em>Spiritus</em></strong></span> <span class='ocrx_word' id='word_1_238' title='bbox 1367 1856 1537 1913; x_wconf 85' lang='lat' dir='ltr'><strong><em>sancti</em></strong></span> <span class='ocrx_word' id='word_1_239' title='bbox 1585 1855 1917 1909; x_wconf 87' lang='lat' dir='ltr'><strong><em>mentionem</em></strong></span> <span class='ocrx_word' id='word_1_240' title='bbox 1952 1850 2126 1906; x_wconf 82' lang='lat' dir='ltr'><strong><em>fecis—</em></strong></span> 
     </span>
    </p>
   </div>
   <div class='ocr_carea' id='block_1_35' title="bbox 2255 1834 3805 1928">
    <p class='ocr_par' dir='ltr' id='par_1_35' title="bbox 2255 1834 3805 1925">
     <span class='ocr_line' id='line_1_35' title="bbox 2255 1834 3805 1925; baseline -0.015 -16"><span class='ocrx_word' id='word_1_241' title='bbox 2255 1834 2527 1925; x_wconf 70' lang='grc' dir='ltr'>τώζονται·</span> <span class='ocrx_word' id='word_1_242' title='bbox 2581 1857 2629 1907; x_wconf 91' lang='grc' dir='ltr'><strong><em>εἰ</em></strong></span> <span class='ocrx_word' id='word_1_243' title='bbox 2678 1851 2849 1906; x_wconf 88' lang='grc' dir='ltr'>ταῦτα</span> <span class='ocrx_word' id='word_1_244' title='bbox 2898 1849 3074 1916; x_wconf 87' lang='grc' dir='ltr'>λέγειν</span> <span class='ocrx_word' id='word_1_245' title='bbox 3123 1844 3309 1915; x_wconf 76' lang='grc' dir='ltr'>ἐχρῆν,</span> <span class='ocrx_word' id='word_1_246' title='bbox 3353 1842 3451 1893; x_wconf 78' lang='grc' dir='ltr'><strong><em>οὐκ</em></strong></span> <span class='ocrx_word' id='word_1_247' title='bbox 3496 1837 3562 1891; x_wconf 79' lang='grc' dir='ltr'><strong><em>ἂν</em></strong></span> <span class='ocrx_word' id='word_1_248' title='bbox 3596 1834 3805 1905; x_wconf 81' lang='grc' dir='ltr'>Πατρός</span> 
     </span>
    </p>
   </div>
   <div class='ocr_carea' id='block_1_36' title="bbox 555 1943 2127 2023">
    <p class='ocr_par' dir='ltr' id='par_1_36' title="bbox 555 1943 2127 2023">
     <span class='ocr_line' id='line_1_36' title="bbox 555 1943 2127 2023; baseline -0.011 -10"><span class='ocrx_word' id='word_1_249' title='bbox 555 1969 696 2014; x_wconf 89' lang='lat' dir='ltr'><strong><em>sent.</em></strong></span> <span class='ocrx_word' id='word_1_250' title='bbox 726 1955 881 2023; x_wconf 86' lang='lat' dir='ltr'><strong><em>Quod</em></strong></span> <span class='ocrx_word' id='word_1_251' title='bbox 921 1956 966 2010; x_wconf 91' lang='lat' dir='ltr'><strong><em>si</em></strong></span> <span class='ocrx_word' id='word_1_252' title='bbox 995 1954 1223 2009; x_wconf 87' lang='lat' dir='ltr'><strong><em>omnino</em></strong></span> <span class='ocrx_word' id='word_1_253' title='bbox 1256 1951 1439 2021; x_wconf 86' lang='lat' dir='ltr'><strong><em>pietati</em></strong></span> <span class='ocrx_word' id='word_1_254' title='bbox 1478 1958 1928 2011; x_wconf 88' lang='lat' dir='ltr'><strong><em>consentaneum,</em></strong></span> <span class='ocrx_word' id='word_1_255' title='bbox 1973 1956 2027 1999; x_wconf 87' lang='lat' dir='ltr'><strong><em>et</em></strong></span> <span class='ocrx_word' id='word_1_256' title='bbox 2060 1943 2127 1997; x_wconf 90' lang='lat' dir='ltr'><strong><em>ab</em></strong></span> 
     </span>
    </p>
   </div>
   <div class='ocr_carea' id='block_1_37' title="bbox 556 2035 2126 2118">
    <p class='ocr_par' dir='ltr' id='par_1_37' title="bbox 556 2035 2126 2118">
     <span class='ocr_line' id='line_1_37' title="bbox 556 2035 2126 2118; baseline -0.012 -14"><span class='ocrx_word' id='word_1_257' title='bbox 556 2049 705 2104; x_wconf 88' lang='lat' dir='ltr'><strong><em>omni</em></strong></span> <span class='ocrx_word' id='word_1_258' title='bbox 738 2047 985 2118; x_wconf 90' lang='lat' dir='ltr'><strong><em>periculo</em></strong></span> <span class='ocrx_word' id='word_1_259' title='bbox 1020 2054 1287 2099; x_wconf 78' lang='lat' dir='ltr'><strong><em>remotum</em></strong></span> <span class='ocrx_word' id='word_1_260' title='bbox 1320 2050 1461 2102; x_wconf 87' lang='lat' dir='ltr'><strong><em>erat,</em></strong></span> <span class='ocrx_word' id='word_1_261' title='bbox 1515 2040 1582 2093; x_wconf 93' lang='lat' dir='ltr'><strong><em>ad</em></strong></span> <span class='ocrx_word' id='word_1_262' title='bbox 1632 2039 1772 2091; x_wconf 90' lang='lat' dir='ltr'><strong><em>hanc</em></strong></span> <span class='ocrx_word' id='word_1_263' title='bbox 1831 2035 2126 2090; x_wconf 83' lang='lat' dir='ltr'><strong><em>novitatem</em></strong></span> 
     </span>
    </p>
   </div>
   <div class='ocr_carea' id='block_1_38' title="bbox 558 2127 2130 2204">
    <p class='ocr_par' dir='ltr' id='par_1_38' title="bbox 558 2127 2130 2204">
     <span class='ocr_line' id='line_1_38' title="bbox 558 2127 2130 2204; baseline -0.011 -7"><span class='ocrx_word' id='word_1_264' title='bbox 558 2145 859 2197; x_wconf 80' lang='lat' dir='ltr'><strong><em>transferre</em></strong></span> <span class='ocrx_word' id='word_1_265' title='bbox 882 2140 1001 2194; x_wconf 82' lang='lat' dir='ltr'><strong><em>ﬁdei</em></strong></span> <span class='ocrx_word' id='word_1_266' title='bbox 1029 2135 1564 2204; x_wconf 77' lang='lat' dir='ltr'><strong><em>vocabula,sequitur</em></strong></span> <span class='ocrx_word' id='word_1_267' title='bbox 1585 2147 1773 2185; x_wconf 90' lang='lat' dir='ltr'><strong><em>omnes</em></strong></span> <span class='ocrx_word' id='word_1_268' title='bbox 1807 2130 1927 2183; x_wconf 94' lang='lat' dir='ltr'><strong><em>illos</em></strong></span> <span class='ocrx_word' id='word_1_269' title='bbox 1962 2127 2130 2182; x_wconf 82' lang='lat' dir='ltr'><strong><em>fuisse</em></strong></span> 
     </span>
    </p>
   </div>
   <div class='ocr_carea' id='block_1_39' title="bbox 561 2222 2132 2295">
    <p class='ocr_par' dir='ltr' id='par_1_39' title="bbox 561 2222 2132 2295">
     <span class='ocr_line' id='line_1_39' title="bbox 561 2222 2132 2295; baseline -0.012 -6"><span class='ocrx_word' id='word_1_270' title='bbox 561 2237 834 2295; x_wconf 87' lang='lat' dir='ltr'><strong><em>indoctos,</em></strong></span> <span class='ocrx_word' id='word_1_271' title='bbox 868 2248 1050 2288; x_wconf 89' lang='lat' dir='ltr'><strong><em>rerum</em></strong></span> <span class='ocrx_word' id='word_1_272' title='bbox 1084 2230 1392 2286; x_wconf 89' lang='lat' dir='ltr'><strong><em>divinarum</em></strong></span> <span class='ocrx_word' id='word_1_273' title='bbox 1426 2227 1611 2288; x_wconf 90' lang='lat' dir='ltr'><strong><em>rudes,</em></strong></span> <span class='ocrx_word' id='word_1_274' title='bbox 1640 2233 1693 2278; x_wconf 92' lang='lat' dir='ltr'><strong><em>et</em></strong></span> <span class='ocrx_word' id='word_1_275' title='bbox 1721 2222 2004 2277; x_wconf 87' lang='lat' dir='ltr'><strong><em>nominum</em></strong></span> <span class='ocrx_word' id='word_1_276' title='bbox 2036 2233 2132 2271; x_wconf 92' lang='lat' dir='ltr'><strong><em>co-</em></strong></span> 
     </span>
    </p>
   </div>
   <div class='ocr_carea' id='block_1_40' title="bbox 562 2312 2132 2395">
    <p class='ocr_par' dir='ltr' id='par_1_40' title="bbox 562 2312 2132 2395">
     <span class='ocr_line' id='line_1_40' title="bbox 562 2312 2132 2395; baseline -0.011 -17"><span class='ocrx_word' id='word_1_277' title='bbox 562 2334 868 2395; x_wconf 87' lang='lat' dir='ltr'><strong><em>gnatorum,</em></strong></span> <span class='ocrx_word' id='word_1_278' title='bbox 917 2322 1097 2376; x_wconf 91' lang='lat' dir='ltr'><strong><em>utiste</em></strong></span> <span class='ocrx_word' id='word_1_279' title='bbox 1131 2320 1283 2382; x_wconf 87' lang='lat' dir='ltr'><strong><em>dicit,</em></strong></span> <span class='ocrx_word' id='word_1_280' title='bbox 1346 2323 1628 2388; x_wconf 81' lang='lat' dir='ltr'><strong><em>expertes;</em></strong></span> <span class='ocrx_word' id='word_1_281' title='bbox 1682 2314 1830 2374; x_wconf 89' lang='lat' dir='ltr'><strong><em>illos,</em></strong></span> <span class='ocrx_word' id='word_1_282' title='bbox 1887 2312 2132 2380; x_wconf 87' lang='lat' dir='ltr'><strong><em>inquam,</em></strong></span> 
     </span>
    </p>
   </div>
   <div class='ocr_carea' id='block_1_41' title="bbox 564 2400 2133 2485">
    <p class='ocr_par' dir='ltr' id='par_1_41' title="bbox 564 2400 2133 2485">
     <span class='ocr_line' id='line_1_41' title="bbox 564 2400 2133 2485; baseline -0.011 -16"><span class='ocrx_word' id='word_1_283' title='bbox 564 2415 655 2483; x_wconf 88' lang='lat' dir='ltr'><strong>qui</strong></span> <span class='ocrx_word' id='word_1_284' title='bbox 686 2431 859 2485; x_wconf 85' lang='lat' dir='ltr'><strong><em>neque</em></strong></span> <span class='ocrx_word' id='word_1_285' title='bbox 888 2419 1181 2483; x_wconf 90' lang='lat' dir='ltr'><strong><em>potuerunt</em></strong></span> <span class='ocrx_word' id='word_1_286' title='bbox 1204 2424 1377 2480; x_wconf 87' lang='lat' dir='ltr'><strong><em>neque</em></strong></span> <span class='ocrx_word' id='word_1_287' title='bbox 1393 2409 1678 2463; x_wconf 89' lang='lat' dir='ltr'><strong><em>voluerunt</em></strong></span> <span class='ocrx_word' id='word_1_288' title='bbox 1698 2404 1949 2475; x_wconf 87' lang='lat' dir='ltr'><strong><em>proprias</em></strong></span> <span class='ocrx_word' id='word_1_289' title='bbox 1984 2400 2133 2469; x_wconf 81' lang='lat' dir='ltr'><strong><em>cogi-</em></strong></span> 
     </span>
    </p>
   </div>
   <div class='ocr_carea' id='block_1_42' title="bbox 565 2493 2139 2577">
    <p class='ocr_par' dir='ltr' id='par_1_42' title="bbox 565 2493 2139 2577">
     <span class='ocr_line' id='line_1_42' title="bbox 565 2493 2139 2577; baseline -0.009 -15"><span class='ocrx_word' id='word_1_290' title='bbox 565 2509 800 2562; x_wconf 89' lang='lat' dir='ltr'><strong><em>tationes</em></strong></span> <span class='ocrx_word' id='word_1_291' title='bbox 832 2522 1141 2577; x_wconf 61' lang='lat' dir='ltr'><strong><em>praeponere</em></strong></span> <span class='ocrx_word' id='word_1_292' title='bbox 1173 2504 1240 2559; x_wconf 94' lang='lat' dir='ltr'><strong><em>iis</em></strong></span> <span class='ocrx_word' id='word_1_293' title='bbox 1303 2501 1637 2564; x_wconf 84' lang='lat' dir='ltr'><strong><em>nominibus,</em></strong></span> <span class='ocrx_word' id='word_1_294' title='bbox 1684 2513 1807 2569; x_wconf 71' lang='lat' dir='ltr'><strong><em>quae</em></strong></span> <span class='ocrx_word' id='word_1_295' title='bbox 1865 2511 1894 2549; x_wconf 91' lang='lat' dir='ltr'><strong><em>a</em></strong></span> <span class='ocrx_word' id='word_1_296' title='bbox 1938 2493 2139 2549; x_wconf 80' lang='lat' dir='ltr'><strong><em>divinis</em></strong></span> 
     </span>
    </p>
   </div>
   <div class='ocr_carea' id='block_1_43' title="bbox 568 2598 1167 2667">
    <p class='ocr_par' dir='ltr' id='par_1_43' title="bbox 568 2598 1167 2667">
     <span class='ocr_line' id='line_1_43' title="bbox 568 2598 1167 2667; baseline -0.013 -12"><span class='ocrx_word' id='word_1_297' title='bbox 568 2601 809 2655; x_wconf 85' lang='lat' dir='ltr'><strong><em>oraculis</em></strong></span> <span class='ocrx_word' id='word_1_298' title='bbox 834 2598 1167 2667; x_wconf 87' lang='lat' dir='ltr'><strong><em>accepimus.</em></strong></span> 
     </span>
    </p>
   </div>
   <div class='ocr_carea' id='block_1_44' title="bbox 643 2777 2145 2839">
    <p class='ocr_par' dir='ltr' id='par_1_44' title="bbox 643 2777 2145 2839">
     <span class='ocr_line' id='line_1_44' title="bbox 643 2777 2145 2839; baseline -0.007 0"><span class='ocrx_word' id='word_1_299' title='bbox 643 2784 747 2839; x_wconf 88' lang='lat' dir='ltr'><strong><em>Sed</em></strong></span> <span class='ocrx_word' id='word_1_300' title='bbox 784 2782 1041 2837; x_wconf 88' lang='lat' dir='ltr'><strong><em>omnibus</em></strong></span> <span class='ocrx_word' id='word_1_301' title='bbox 1089 2778 1434 2834; x_wconf 83' lang='lat' dir='ltr'><strong><em>manifestam</em></strong></span> <span class='ocrx_word' id='word_1_302' title='bbox 1474 2777 1711 2831; x_wconf 85' lang='lat' dir='ltr'><strong><em>arbitror</em></strong></span> <span class='ocrx_word' id='word_1_303' title='bbox 1749 2790 1994 2839; x_wconf 88' lang='lat' dir='ltr'><strong><em>causam,</em></strong></span> <span class='ocrx_word' id='word_1_304' title='bbox 2044 2792 2145 2830; x_wconf 87' lang='lat' dir='ltr'><strong><em>cur</em></strong></span> 
     </span>
    </p>
   </div>
   <div class='ocr_carea' id='block_1_45' title="bbox 574 2868 2146 2931">
    <p class='ocr_par' dir='ltr' id='par_1_45' title="bbox 574 2868 2146 2931">
     <span class='ocr_line' id='line_1_45' title="bbox 574 2868 2146 2931; baseline -0.008 0"><span class='ocrx_word' id='word_1_305' title='bbox 574 2879 688 2931; x_wconf 65' lang='lat' dir='ltr'><strong><em>hare</em></strong></span> <span class='ocrx_word' id='word_1_306' title='bbox 718 2890 857 2930; x_wconf 89' lang='lat' dir='ltr'><strong><em>nova</em></strong></span> <span class='ocrx_word' id='word_1_307' title='bbox 895 2876 1115 2927; x_wconf 88' lang='lat' dir='ltr'><strong><em>nomina</em></strong></span> <span class='ocrx_word' id='word_1_308' title='bbox 1143 2869 1358 2925; x_wconf 87' lang='lat' dir='ltr'><strong><em>cuderit</em></strong></span> <span class='ocrx_word' id='word_1_309' title='bbox 1394 2869 1715 2922; x_wconf 87' lang='lat' dir='ltr'><strong><em>Eunomius.</em></strong></span> <span class='ocrx_word' id='word_1_310' title='bbox 1771 2868 1903 2921; x_wconf 82' lang='lat' dir='ltr'><strong><em>Nam</em></strong></span> <span class='ocrx_word' id='word_1_311' title='bbox 1955 2882 2146 2921; x_wconf 91' lang='lat' dir='ltr'><strong><em>omnes</em></strong></span> 
     </span>
    </p>
   </div>
   <div class='ocr_carea' id='block_1_46' title="bbox 576 2959 2150 3028">
    <p class='ocr_par' dir='ltr' id='par_1_46' title="bbox 576 2959 2150 3028">
     <span class='ocr_line' id='line_1_46' title="bbox 576 2959 2150 3028; baseline -0.006 -6"><span class='ocrx_word' id='word_1_312' title='bbox 576 2968 824 3022; x_wconf 85' lang='lat' dir='ltr'><strong><em>homines</em></strong></span> <span class='ocrx_word' id='word_1_313' title='bbox 852 2967 1036 3020; x_wconf 86' lang='lat' dir='ltr'><strong><em>audito</em></strong></span> <span class='ocrx_word' id='word_1_314' title='bbox 1064 2964 1241 3019; x_wconf 80' lang='lat' dir='ltr'><strong><em>Patris</em></strong></span> <span class='ocrx_word' id='word_1_315' title='bbox 1272 2972 1323 3018; x_wconf 92' lang='lat' dir='ltr'><strong><em>et</em></strong></span> <span class='ocrx_word' id='word_1_316' title='bbox 1350 2961 1471 3016; x_wconf 90' lang='lat' dir='ltr'><strong><em>Filii</em></strong></span> <span class='ocrx_word' id='word_1_317' title='bbox 1501 2963 1783 3024; x_wconf 90' lang='lat' dir='ltr'><strong><em>vocabulo,</em></strong></span> <span class='ocrx_word' id='word_1_318' title='bbox 1819 2959 2002 3015; x_wconf 89' lang='lat' dir='ltr'><strong><em>statim</em></strong></span> <span class='ocrx_word' id='word_1_319' title='bbox 2025 2973 2150 3028; x_wconf 89' lang='lat' dir='ltr'><strong><em>pro-</em></strong></span> 
     </span>
    </p>
   </div>
   <div class='ocr_carea' id='block_1_47' title="bbox 577 3055 2150 3131">
    <p class='ocr_par' dir='ltr' id='par_1_47' title="bbox 577 3055 2150 3131">
     <span class='ocr_line' id='line_1_47' title="bbox 577 3055 2150 3131; baseline -0.006 -17"><span class='ocrx_word' id='word_1_320' title='bbox 577 3062 753 3131; x_wconf 87' lang='lat' dir='ltr'><strong><em>priam</em></strong></span> <span class='ocrx_word' id='word_1_321' title='bbox 806 3070 860 3115; x_wconf 88' lang='lat' dir='ltr'><strong><em>et</em></strong></span> <span class='ocrx_word' id='word_1_322' title='bbox 913 3061 1218 3114; x_wconf 85' lang='lat' dir='ltr'><strong><em>naturalem</em></strong></span> <span class='ocrx_word' id='word_1_323' title='bbox 1278 3059 1418 3111; x_wconf 89' lang='lat' dir='ltr'><strong><em>inter</em></strong></span> <span class='ocrx_word' id='word_1_324' title='bbox 1453 3057 1602 3125; x_wconf 92' lang='lat' dir='ltr'><strong><em>ipsos</em></strong></span> <span class='ocrx_word' id='word_1_325' title='bbox 1651 3055 2024 3108; x_wconf 85' lang='lat' dir='ltr'><strong><em>habitudinem</em></strong></span> <span class='ocrx_word' id='word_1_326' title='bbox 2083 3067 2150 3106; x_wconf 72' lang='lat' dir='ltr'><strong><em>ex</em></strong></span> 
     </span>
    </p>
   </div>
   <div class='ocr_carea' id='block_1_48' title="bbox 579 3144 2152 3221">
    <p class='ocr_par' dir='ltr' id='par_1_48' title="bbox 579 3144 2152 3221">
     <span class='ocr_line' id='line_1_48' title="bbox 579 3144 2152 3221; baseline -0.006 -15"><span class='ocrx_word' id='word_1_327' title='bbox 579 3153 715 3221; x_wconf 85' lang='lat' dir='ltr'><strong><em>ipsis</em></strong></span> <span class='ocrx_word' id='word_1_328' title='bbox 765 3151 1046 3205; x_wconf 85' lang='lat' dir='ltr'><strong><em>vocabulis</em></strong></span> <span class='ocrx_word' id='word_1_329' title='bbox 1078 3157 1411 3218; x_wconf 84' lang='lat' dir='ltr'><strong><em>agnoscunt:</em></strong></span> <span class='ocrx_word' id='word_1_330' title='bbox 1462 3163 1582 3217; x_wconf 61' lang='lat' dir='ltr'><strong><em>qua:</em></strong></span> <span class='ocrx_word' id='word_1_331' title='bbox 1614 3146 1759 3201; x_wconf 91' lang='lat' dir='ltr'><strong><em>enim</em></strong></span> <span class='ocrx_word' id='word_1_332' title='bbox 1786 3145 2049 3199; x_wconf 87' lang='lat' dir='ltr'><strong><em>naturalis</em></strong></span> <span class='ocrx_word' id='word_1_333' title='bbox 2081 3144 2152 3199; x_wconf 86' lang='lat' dir='ltr'><strong><em>sit</em></strong></span> 
     </span>
    </p>
   </div>
   <div class='ocr_carea' id='block_1_49' title="bbox 2230 1926 3803 2011">
    <p class='ocr_par' dir='ltr' id='par_1_49' title="bbox 2230 1926 3803 2011">
     <span class='ocr_line' id='line_1_49' title="bbox 2230 1926 3803 2011; baseline -0.018 -5"><span class='ocrx_word' id='word_1_334' title='bbox 2230 1971 2288 2007; x_wconf 84' lang='grc' dir='ltr'><strong><em>τε</em></strong></span> <span class='ocrx_word' id='word_1_335' title='bbox 2344 1952 2438 2005; x_wconf 74' lang='grc' dir='ltr'><strong><em>καὶ</em></strong></span> <span class='ocrx_word' id='word_1_336' title='bbox 2478 1947 2610 2001; x_wconf 87' lang='grc' dir='ltr'>Υἱοῦ</span> <span class='ocrx_word' id='word_1_337' title='bbox 2663 1946 2758 1999; x_wconf 62' lang='grc' dir='ltr'><strong><em>καί⁹</em></strong></span> <span class='ocrx_word' id='word_1_338' title='bbox 2814 1942 2971 2011; x_wconf 82' lang='grc' dir='ltr'>ἁγίου</span> <span class='ocrx_word' id='word_1_339' title='bbox 3020 1937 3336 2007; x_wconf 79' lang='grc' dir='ltr'>Πνεῦματος</span> <span class='ocrx_word' id='word_1_340' title='bbox 3387 1930 3664 1985; x_wconf 75' lang='grc' dir='ltr'>ἐποιοῦντο</span> <span class='ocrx_word' id='word_1_341' title='bbox 3702 1926 3803 1997; x_wconf 82' lang='grc' dir='ltr'>τὴν</span> 
     </span>
    </p>
   </div>
   <div class='ocr_carea' id='block_1_50' title="bbox 2236 2018 3810 2117">
    <p class='ocr_par' dir='ltr' id='par_1_50' title="bbox 2236 2018 3810 2117">
     <span class='ocr_line' id='line_1_50' title="bbox 2236 2018 3810 2117; baseline -0.017 -19"><span class='ocrx_word' id='word_1_342' title='bbox 2236 2047 2489 2117; x_wconf 78' lang='grc' dir='ltr'>μνήμην·</span> <span class='ocrx_word' id='word_1_343' title='bbox 2525 2040 2684 2110; x_wconf 84' lang='grc' dir='ltr'>εἴπερ</span> <span class='ocrx_word' id='word_1_344' title='bbox 2723 2036 2859 2100; x_wconf 79' lang='grc' dir='ltr'>ὅλως</span> <span class='ocrx_word' id='word_1_345' title='bbox 2904 2031 3122 2094; x_wconf 84' lang='grc' dir='ltr'>εὐσεϐὲς</span> <span class='ocrx_word' id='word_1_346' title='bbox 3171 2030 3203 2100; x_wconf 83' lang='grc' dir='ltr'>ἢ</span> <span class='ocrx_word' id='word_1_347' title='bbox 3256 2027 3533 2081; x_wconf 85' lang='grc' dir='ltr'>ἀκίνδυνον</span> <span class='ocrx_word' id='word_1_348' title='bbox 3561 2018 3627 2090; x_wconf 82' lang='grc' dir='ltr'>ἦν</span> <span class='ocrx_word' id='word_1_349' title='bbox 3672 2019 3810 2092; x_wconf 80' lang='grc' dir='ltr'>πρὸς</span> 
     </span>
    </p>
   </div>
   <div class='ocr_carea' id='block_1_51' title="bbox 2232 2115 3811 2210">
    <p class='ocr_par' dir='ltr' id='par_1_51' title="bbox 2232 2115 3811 2210">
     <span class='ocr_line' id='line_1_51' title="bbox 2232 2115 3811 2210; baseline -0.018 -19"><span class='ocrx_word' id='word_1_350' title='bbox 2232 2138 2329 2210; x_wconf 85' lang='grc' dir='ltr'>τὴν</span> <span class='ocrx_word' id='word_1_351' title='bbox 2356 2134 2646 2203; x_wconf 85' lang='grc' dir='ltr'>καινότητα</span> <span class='ocrx_word' id='word_1_352' title='bbox 2667 2130 2869 2199; x_wconf 82' lang='grc' dir='ltr'>ταύτην</span> <span class='ocrx_word' id='word_1_353' title='bbox 2903 2122 3326 2197; x_wconf 86' lang='grc' dir='ltr'>μεταχαράττειν</span> <span class='ocrx_word' id='word_1_354' title='bbox 3359 2117 3425 2171; x_wconf 80' lang='grc' dir='ltr'>τὰ</span> <span class='ocrx_word' id='word_1_355' title='bbox 3446 2117 3541 2179; x_wconf 78' lang='grc' dir='ltr'>τῆς</span> <span class='ocrx_word' id='word_1_356' title='bbox 3576 2115 3811 2175; x_wconf 89' lang='grc' dir='ltr'>πίστεως</span> 
     </span>
    </p>
   </div>
   <div class='ocr_carea' id='block_1_52' title="bbox 2240 2202 3814 2300">
    <p class='ocr_par' dir='ltr' id='par_1_52' title="bbox 2240 2202 3814 2300">
     <span class='ocr_line' id='line_1_52' title="bbox 2240 2202 3814 2300; baseline -0.017 -19"><span class='ocrx_word' id='word_1_357' title='bbox 2240 2202 2479 2300; x_wconf 68' lang='grc' dir='ltr'>ῥηματα,</span> <span class='ocrx_word' id='word_1_358' title='bbox 2508 2223 2542 2294; x_wconf 85' lang='grc' dir='ltr'>ἢ</span> <span class='ocrx_word' id='word_1_359' title='bbox 2568 2202 2776 2283; x_wconf 84' lang='grc' dir='ltr'>πάντες</span> <span class='ocrx_word' id='word_1_360' title='bbox 2807 2216 3040 2289; x_wconf 85' lang='grc' dir='ltr'>ἀμαθεῖς</span> <span class='ocrx_word' id='word_1_361' title='bbox 3067 2209 3207 2284; x_wconf 82' lang='grc' dir='ltr'>ἦσαν</span> <span class='ocrx_word' id='word_1_362' title='bbox 3234 2213 3449 2269; x_wconf 78' lang='grc' dir='ltr'>ἐκεῖνοι,</span> <span class='ocrx_word' id='word_1_363' title='bbox 3483 2207 3577 2260; x_wconf 71' lang='grc' dir='ltr'><strong><em>καὶ</em></strong></span> <span class='ocrx_word' id='word_1_364' title='bbox 3606 2202 3814 2272; x_wconf 78' lang='grc' dir='ltr'>ἀκατη-</span> 
     </span>
    </p>
   </div>
   <div class='ocr_carea' id='block_1_53' title="bbox 2237 2297 3814 2391">
    <p class='ocr_par' dir='ltr' id='par_1_53' title="bbox 2237 2297 3814 2391">
     <span class='ocr_line' id='line_1_53' title="bbox 2237 2297 3814 2391; baseline -0.018 -18"><span class='ocrx_word' id='word_1_365' title='bbox 2237 2336 2391 2391; x_wconf 85' lang='grc' dir='ltr'>χητοι</span> <span class='ocrx_word' id='word_1_366' title='bbox 2419 2317 2527 2370; x_wconf 88' lang='grc' dir='ltr'><strong><em>τῶν</em></strong></span> <span class='ocrx_word' id='word_1_367' title='bbox 2562 2312 2895 2386; x_wconf 82' lang='grc' dir='ltr'>μυστηρίων,</span> <span class='ocrx_word' id='word_1_368' title='bbox 2926 2310 3020 2362; x_wconf 77' lang='grc' dir='ltr'><strong><em>καὶ</em></strong></span> <span class='ocrx_word' id='word_1_369' title='bbox 3046 2305 3153 2359; x_wconf 88' lang='grc' dir='ltr'><strong><em>τῶν</em></strong></span> <span class='ocrx_word' id='word_1_370' title='bbox 3192 2299 3507 2374; x_wconf 82' lang='grc' dir='ltr'>προσφυῶν,</span> <span class='ocrx_word' id='word_1_371' title='bbox 3536 2297 3610 2360; x_wconf 86' lang='grc' dir='ltr'>ὦς</span> <span class='ocrx_word' id='word_1_372' title='bbox 3650 2310 3814 2365; x_wconf 85' lang='grc' dir='ltr'>φησιν</span> 
     </span>
    </p>
   </div>
   <div class='ocr_carea' id='block_1_54' title="bbox 2239 2386 3857 2478">
    <p class='ocr_par' dir='ltr' id='par_1_54' title="bbox 2239 2386 3857 2478">
     <span class='ocr_line' id='line_1_54' title="bbox 2239 2386 3857 2478; baseline -0.017 -14"><span class='ocrx_word' id='word_1_373' title='bbox 2239 2386 2416 2475; x_wconf 70' lang='grc' dir='ltr'>οῦτος,</span> <span class='ocrx_word' id='word_1_374' title='bbox 2444 2409 2726 2478; x_wconf 84' lang='grc' dir='ltr'>ὀνομάτων</span> <span class='ocrx_word' id='word_1_375' title='bbox 2754 2406 2995 2475; x_wconf 75' lang='grc' dir='ltr'>ἀνήκοοι,</span> <span class='ocrx_word' id='word_1_376' title='bbox 3026 2402 3072 2454; x_wconf 88' lang='grc' dir='ltr'><strong><em>οἰ</em></strong></span> <span class='ocrx_word' id='word_1_377' title='bbox 3111 2401 3247 2470; x_wconf 87' lang='grc' dir='ltr'>μήτε</span> <span class='ocrx_word' id='word_1_378' title='bbox 3288 2395 3506 2456; x_wconf 81' lang='grc' dir='ltr'>εἰδότες,</span> <span class='ocrx_word' id='word_1_379' title='bbox 3548 2391 3681 2461; x_wconf 87' lang='grc' dir='ltr'>μήτε</span> <span class='ocrx_word' id='word_1_380' title='bbox 3727 2386 3815 2439; x_wconf 90' lang='grc' dir='ltr'>θε-</span> <span class='ocrx_word' id='word_1_381' title='bbox 3850 2440 3857 2447; x_wconf 62' lang='grc'><strong><em>,</em></strong></span> 
     </span>
    </p>
   </div>
   <div class='ocr_carea' id='block_1_55' title="bbox 2239 2481 3815 2575">
    <p class='ocr_par' dir='ltr' id='par_1_55' title="bbox 2239 2481 3815 2575">
     <span class='ocr_line' id='line_1_55' title="bbox 2239 2481 3815 2575; baseline -0.017 -18"><span class='ocrx_word' id='word_1_382' title='bbox 2239 2505 2504 2575; x_wconf 85' lang='grc' dir='ltr'>λήσαντες</span> <span class='ocrx_word' id='word_1_383' title='bbox 2534 2501 2641 2554; x_wconf 85' lang='grc' dir='ltr'><strong><em>τῶν</em></strong></span> <span class='ocrx_word' id='word_1_384' title='bbox 2676 2495 3087 2568; x_wconf 79' lang='grc' dir='ltr'>παραδοθέντων</span> <span class='ocrx_word' id='word_1_385' title='bbox 3125 2494 3255 2562; x_wconf 76' lang='grc' dir='ltr'>ἡμῖν</span> <span class='ocrx_word' id='word_1_386' title='bbox 3293 2488 3379 2542; x_wconf 80' lang='grc' dir='ltr'>διὰ</span> <span class='ocrx_word' id='word_1_387' title='bbox 3407 2487 3504 2556; x_wconf 80' lang='grc' dir='ltr'>τῆς</span> <span class='ocrx_word' id='word_1_388' title='bbox 3528 2481 3674 2545; x_wconf 88' lang='grc' dir='ltr'>θείας</span> <span class='ocrx_word' id='word_1_389' title='bbox 3700 2497 3815 2575; x_wconf 76' lang='grc' dir='ltr'><strong><em>φω-</em></strong></span> 
     </span>
    </p>
   </div>
   <div class='ocr_carea' id='block_1_56' title="bbox 2242 2572 3820 2667">
    <p class='ocr_par' dir='ltr' id='par_1_56' title="bbox 2242 2572 3820 2667">
     <span class='ocr_line' id='line_1_56' title="bbox 2242 2572 3820 2667; baseline -0.017 -17"><span class='ocrx_word' id='word_1_390' title='bbox 2242 2572 2337 2667; x_wconf 63' lang='grc' dir='ltr'>νῆς</span> <span class='ocrx_word' id='word_1_391' title='bbox 2368 2594 2645 2665; x_wconf 83' lang='grc' dir='ltr'>ὀνομάτων</span> <span class='ocrx_word' id='word_1_392' title='bbox 2676 2590 2772 2653; x_wconf 83' lang='grc' dir='ltr'>τὰς</span> <span class='ocrx_word' id='word_1_393' title='bbox 2809 2589 2944 2650; x_wconf 83' lang='grc' dir='ltr'>ἰδίας</span> <span class='ocrx_word' id='word_1_394' title='bbox 2984 2585 3193 2646; x_wconf 77' lang='grc' dir='ltr'>ἐννοίας</span> <span class='ocrx_word' id='word_1_395' title='bbox 3237 2576 3634 2663; x_wconf 82' lang='grc' dir='ltr'>προτιμοτέρας</span> <span class='ocrx_word' id='word_1_396' title='bbox 3664 2572 3820 2641; x_wconf 73' lang='grc' dir='ltr'>ποιήο</span> 
     </span>
    </p>
   </div>
   <div class='ocr_carea' id='block_1_57' title="bbox 2246 2689 2459 2741">
    <p class='ocr_par' dir='ltr' id='par_1_57' title="bbox 2246 2689 2459 2741">
     <span class='ocr_line' id='line_1_57' title="bbox 2246 2689 2459 2741; baseline -0.023 0"><span class='ocrx_word' id='word_1_397' title='bbox 2246 2689 2459 2741; x_wconf 83' lang='grc' dir='ltr'>σασϐαι.</span> 
     </span>
    </p>
   </div>
   <div class='ocr_carea' id='block_1_58' title="bbox 2329 2751 3823 2840">
    <p class='ocr_par' dir='ltr' id='par_1_58' title="bbox 2329 2751 3823 2840">
     <span class='ocr_line' id='line_1_58' title="bbox 2329 2751 3823 2840; baseline -0.017 -11"><span class='ocrx_word' id='word_1_398' title='bbox 2329 2775 2488 2829; x_wconf 73' lang='grc' dir='ltr'>Ἀλλὰ</span> <span class='ocrx_word' id='word_1_399' title='bbox 2515 2774 2677 2827; x_wconf 75' lang='grc' dir='ltr'>παντὶ</span> <span class='ocrx_word' id='word_1_400' title='bbox 2726 2768 2989 2840; x_wconf 85' lang='grc' dir='ltr'>πρόδηλον</span> <span class='ocrx_word' id='word_1_401' title='bbox 3027 2762 3178 2836; x_wconf 84' lang='grc' dir='ltr'>οἶμαι</span> <span class='ocrx_word' id='word_1_402' title='bbox 3211 2780 3307 2833; x_wconf 88' lang='grc' dir='ltr'><strong><em>την</em></strong></span> <span class='ocrx_word' id='word_1_403' title='bbox 3344 2759 3521 2813; x_wconf 88' lang='grc' dir='ltr'>αἰτίαν</span> <span class='ocrx_word' id='word_1_404' title='bbox 3564 2751 3699 2809; x_wconf 79' lang='grc' dir='ltr'>εἶναι</span> <span class='ocrx_word' id='word_1_405' title='bbox 3722 2752 3823 2822; x_wconf 85' lang='grc' dir='ltr'>τῆς</span> 
     </span>
    </p>
   </div>
   <div class='ocr_carea' id='block_1_59' title="bbox 2246 2844 3828 2937">
    <p class='ocr_par' dir='ltr' id='par_1_59' title="bbox 2246 2844 3828 2937">
     <span class='ocr_line' id='line_1_59' title="bbox 2246 2844 3828 2937; baseline -0.024 -5"><span class='ocrx_word' id='word_1_406' title='bbox 2246 2869 2450 2937; x_wconf 82' lang='grc' dir='ltr'>ταύτης</span> <span class='ocrx_word' id='word_1_407' title='bbox 2478 2862 2914 2937; x_wconf 85' lang='grc' dir='ltr'>ὀνοματοποιίας,</span> <span class='ocrx_word' id='word_1_408' title='bbox 2944 2861 3026 2912; x_wconf 85' lang='grc' dir='ltr'>ὅτι</span> <span class='ocrx_word' id='word_1_409' title='bbox 3054 2858 3252 2918; x_wconf 87' lang='grc' dir='ltr'>πάντες</span> <span class='ocrx_word' id='word_1_410' title='bbox 3282 2852 3556 2923; x_wconf 82' lang='grc' dir='ltr'>ἄνθρωποι</span> <span class='ocrx_word' id='word_1_411' title='bbox 3611 2844 3828 2937; x_wconf 81' lang='grc' dir='ltr'>Πατρός</span> 
     </span>
    </p>
   </div>
   <div class='ocr_carea' id='block_1_60' title="bbox 2250 2936 3828 3029">
    <p class='ocr_par' dir='ltr' id='par_1_60' title="bbox 2250 2936 3828 3029">
     <span class='ocr_line' id='line_1_60' title="bbox 2250 2936 3828 3029; baseline -0.019 -12"><span class='ocrx_word' id='word_1_412' title='bbox 2250 2964 2345 3017; x_wconf 82' lang='grc' dir='ltr'><strong><em>καὶ</em></strong></span> <span class='ocrx_word' id='word_1_413' title='bbox 2371 2936 2501 3014; x_wconf 76' lang='grc' dir='ltr'><strong><em>Ῡίοῦ</em></strong></span> <span class='ocrx_word' id='word_1_414' title='bbox 2528 2954 2899 3029; x_wconf 87' lang='grc' dir='ltr'>προσηγορίαν</span> <span class='ocrx_word' id='word_1_415' title='bbox 2926 2950 3279 3012; x_wconf 79' lang='grc' dir='ltr'>ἀκούσαντες,</span> <span class='ocrx_word' id='word_1_416' title='bbox 3308 2946 3467 3005; x_wconf 80' lang='grc' dir='ltr'>εὐθὺς</span> <span class='ocrx_word' id='word_1_417' title='bbox 3498 2940 3594 3012; x_wconf 81' lang='grc' dir='ltr'>τὴν</span> <span class='ocrx_word' id='word_1_418' title='bbox 3625 2936 3828 2991; x_wconf 76' lang='grc' dir='ltr'>οἰκείαν</span> 
     </span>
    </p>
   </div>
   <div class='ocr_carea' id='block_1_61' title="bbox 2252 3030 3829 3120">
    <p class='ocr_par' dir='ltr' id='par_1_61' title="bbox 2252 3030 3829 3120">
     <span class='ocr_line' id='line_1_61' title="bbox 2252 3030 3829 3120; baseline -0.018 -10"><span class='ocrx_word' id='word_1_419' title='bbox 2252 3056 2432 3110; x_wconf 81' lang='grc' dir='ltr'>αὐτῶν</span> <span class='ocrx_word' id='word_1_420' title='bbox 2478 3054 2571 3106; x_wconf 76' lang='grc' dir='ltr'><strong><em>καὶ</em></strong></span> <span class='ocrx_word' id='word_1_421' title='bbox 2617 3048 2849 3120; x_wconf 77' lang='grc' dir='ltr'>φυσικὴν</span> <span class='ocrx_word' id='word_1_422' title='bbox 2888 3046 3025 3117; x_wconf 82' lang='grc' dir='ltr'>πρὸς</span> <span class='ocrx_word' id='word_1_423' title='bbox 3069 3042 3274 3113; x_wconf 78' lang='grc' dir='ltr'>ἄλληλα</span> <span class='ocrx_word' id='word_1_424' title='bbox 3311 3038 3492 3109; x_wconf 80' lang='grc' dir='ltr'>σχέσιν</span> <span class='ocrx_word' id='word_1_425' title='bbox 3522 3035 3612 3088; x_wconf 83' lang='grc' dir='ltr'>ὑπ’</span> <span class='ocrx_word' id='word_1_426' title='bbox 3648 3030 3829 3085; x_wconf 77' lang='grc' dir='ltr'>αὐτῶν</span> 
     </span>
    </p>
   </div>
   <div class='ocr_carea' id='block_1_62' title="bbox 2256 3124 3832 3216">
    <p class='ocr_par' dir='ltr' id='par_1_62' title="bbox 2256 3124 3832 3216">
     <span class='ocr_line' id='line_1_62' title="bbox 2256 3124 3832 3216; baseline -0.018 -13"><span class='ocrx_word' id='word_1_427' title='bbox 2256 3148 2363 3205; x_wconf 89' lang='grc' dir='ltr'><strong><em>τῶν</em></strong></span> <span class='ocrx_word' id='word_1_428' title='bbox 2407 3146 2684 3216; x_wconf 87' lang='grc' dir='ltr'>ὀνομάτων</span> <span class='ocrx_word' id='word_1_429' title='bbox 2733 3137 3174 3208; x_wconf 81' lang='grc' dir='ltr'>ὲπιγινώσκουσι.</span> <span class='ocrx_word' id='word_1_430' title='bbox 3215 3133 3288 3185; x_wconf 90' lang='grc' dir='ltr'><strong><em>Τὸ</em></strong></span> <span class='ocrx_word' id='word_1_431' title='bbox 3332 3129 3437 3200; x_wconf 83' lang='grc' dir='ltr'><strong><em>γὰρ</em></strong></span> <span class='ocrx_word' id='word_1_432' title='bbox 3479 3127 3577 3197; x_wconf 79' lang='grc' dir='ltr'>τῆς</span> <span class='ocrx_word' id='word_1_433' title='bbox 3618 3124 3832 3195; x_wconf 83' lang='grc' dir='ltr'>φύσεως</span> 
     </span>
    </p>
   </div>
   <div class='ocr_carea' id='block_1_63' title="bbox 582 3206 2150 3308">
    <p class='ocr_par' dir='ltr' id='par_1_63' title="bbox 582 3234 2150 3305">
     <span class='ocr_line' id='line_1_63' title="bbox 582 3234 2150 3305; baseline -0.006 -9"><span class='ocrx_word' id='word_1_434' title='bbox 582 3241 865 3303; x_wconf 87' lang='lat' dir='ltr'><strong><em>habitudo,</em></strong></span> <span class='ocrx_word' id='word_1_435' title='bbox 894 3241 1147 3293; x_wconf 89' lang='lat' dir='ltr'><strong><em>omnibus</em></strong></span> <span class='ocrx_word' id='word_1_436' title='bbox 1178 3239 1508 3300; x_wconf 86' lang='lat' dir='ltr'><strong><em>tacentibus,</em></strong></span> <span class='ocrx_word' id='word_1_437' title='bbox 1546 3253 1611 3293; x_wconf 78' lang='lat' dir='ltr'><strong><em>ex</em></strong></span> <span class='ocrx_word' id='word_1_438' title='bbox 1649 3237 1733 3289; x_wconf 88' lang='lat' dir='ltr'><strong><em>bis</em></strong></span> <span class='ocrx_word' id='word_1_439' title='bbox 1773 3234 2150 3305; x_wconf 83' lang='lat' dir='ltr'><strong><em>appellationi-</em></strong></span> 
     </span>
    </p>
   </div>
   <div class='ocr_carea' id='block_1_64' title="bbox 2255 3206 3835 3308">
    <p class='ocr_par' dir='ltr' id='par_1_64' title="bbox 2266 3216 3835 3308">
     <span class='ocr_line' id='line_1_64' title="bbox 2266 3216 3835 3308; baseline -0.017 -15"><span class='ocrx_word' id='word_1_440' title='bbox 2266 3238 2524 3308; x_wconf 80' lang='grc' dir='ltr'>συγγενὲς</span> <span class='ocrx_word' id='word_1_441' title='bbox 2570 3237 2634 3288; x_wconf 84' lang='grc' dir='ltr'>ὲκ</span> <span class='ocrx_word' id='word_1_442' title='bbox 2683 3233 2792 3286; x_wconf 87' lang='grc' dir='ltr'><strong><em>τῶν</em></strong></span> <span class='ocrx_word' id='word_1_443' title='bbox 2841 3226 3219 3301; x_wconf 81' lang='grc' dir='ltr'>προσηγοριῶν</span> <span class='ocrx_word' id='word_1_444' title='bbox 3256 3223 3458 3276; x_wconf 84' lang='grc' dir='ltr'>τούτων</span> <span class='ocrx_word' id='word_1_445' title='bbox 3513 3216 3835 3287; x_wconf 81' lang='grc' dir='ltr'>αὐτομάτως</span> 
     </span>
    </p>
   </div>
   <div class='ocr_carea' id='block_1_65' title="bbox 585 3324 2157 3401">
    <p class='ocr_par' dir='ltr' id='par_1_65' title="bbox 585 3324 2157 3401">
     <span class='ocr_line' id='line_1_65' title="bbox 585 3324 2157 3401; baseline -0.006 -13"><span class='ocrx_word' id='word_1_446' title='bbox 585 3336 687 3387; x_wconf 91' lang='lat' dir='ltr'><strong><em>bus</em></strong></span> <span class='ocrx_word' id='word_1_447' title='bbox 720 3333 1056 3401; x_wconf 80' lang='lat' dir='ltr'><strong><em>intelligitur.</em></strong></span> <span class='ocrx_word' id='word_1_448' title='bbox 1108 3329 1176 3384; x_wconf 92' lang='lat' dir='ltr'><strong><em>Ut</em></strong></span> <span class='ocrx_word' id='word_1_449' title='bbox 1202 3345 1330 3400; x_wconf 80' lang='lat' dir='ltr'><strong><em>ergo</em></strong></span> <span class='ocrx_word' id='word_1_450' title='bbox 1355 3331 1465 3383; x_wconf 64' lang='lat' dir='ltr'><strong><em>haec</em></strong></span> <span class='ocrx_word' id='word_1_451' title='bbox 1518 3328 1585 3383; x_wconf 91' lang='lat' dir='ltr'><strong><em>de</em></strong></span> <span class='ocrx_word' id='word_1_452' title='bbox 1636 3327 1799 3381; x_wconf 86' lang='lat' dir='ltr'><strong><em>Patre</em></strong></span> <span class='ocrx_word' id='word_1_453' title='bbox 1854 3335 1908 3380; x_wconf 89' lang='lat' dir='ltr'><strong><em>et</em></strong></span> <span class='ocrx_word' id='word_1_454' title='bbox 1937 3324 2075 3379; x_wconf 83' lang='lat' dir='ltr'><strong>Filio</strong></span> <span class='ocrx_word' id='word_1_455' title='bbox 2100 3326 2157 3379; x_wconf 91' lang='lat' dir='ltr'><strong><em>in</em></strong></span> 
     </span>
    </p>
   </div>
   <div class='ocr_carea' id='block_1_66' title="bbox 587 3417 2160 3489">
    <p class='ocr_par' dir='ltr' id='par_1_66' title="bbox 587 3417 2160 3489">
     <span class='ocr_line' id='line_1_66' title="bbox 587 3417 2160 3489; baseline -0.006 -13"><span class='ocrx_word' id='word_1_456' title='bbox 587 3424 784 3478; x_wconf 88' lang='lat' dir='ltr'><strong><em>animis</em></strong></span> <span class='ocrx_word' id='word_1_457' title='bbox 815 3423 1090 3476; x_wconf 89' lang='lat' dir='ltr'><strong><em>hominum</em></strong></span> <span class='ocrx_word' id='word_1_458' title='bbox 1134 3435 1238 3473; x_wconf 89' lang='lat' dir='ltr'><strong><em>non</em></strong></span> <span class='ocrx_word' id='word_1_459' title='bbox 1274 3421 1742 3489; x_wconf 79' lang='lat' dir='ltr'><strong><em>ingenerarentur,</em></strong></span> <span class='ocrx_word' id='word_1_460' title='bbox 1767 3417 2035 3473; x_wconf 88' lang='lat' dir='ltr'><strong><em>subtrahit</em></strong></span> <span class='ocrx_word' id='word_1_461' title='bbox 2063 3431 2160 3475; x_wconf 86' lang='lat' dir='ltr'><strong><em>an-</em></strong></span> 
     </span>
    </p>
   </div>
   <div class='ocr_carea' id='block_1_67' title="bbox 588 3510 2163 3582">
    <p class='ocr_par' dir='ltr' id='par_1_67' title="bbox 588 3510 2163 3582">
     <span class='ocr_line' id='line_1_67' title="bbox 588 3510 2163 3582; baseline -0.006 -12"><span class='ocrx_word' id='word_1_462' title='bbox 588 3516 865 3570; x_wconf 86' lang='lat' dir='ltr'><strong><em>dientibus</em></strong></span> <span class='ocrx_word' id='word_1_463' title='bbox 889 3528 1030 3575; x_wconf 86' lang='lat' dir='ltr'><strong><em>eam,</em></strong></span> <span class='ocrx_word' id='word_1_464' title='bbox 1093 3527 1358 3582; x_wconf 74' lang='lat' dir='ltr'><strong><em>quaecum</em></strong></span> <span class='ocrx_word' id='word_1_465' title='bbox 1388 3511 1703 3565; x_wconf 90' lang='lat' dir='ltr'><strong><em>nominibus</em></strong></span> <span class='ocrx_word' id='word_1_466' title='bbox 1766 3510 1913 3564; x_wconf 88' lang='lat' dir='ltr'><strong><em>subit</em></strong></span> <span class='ocrx_word' id='word_1_467' title='bbox 1961 3516 2163 3561; x_wconf 63' lang='lat' dir='ltr'><strong><em>mutuae</em></strong></span> 
     </span>
    </p>
   </div>
   <div class='ocr_carea' id='block_1_68' title="bbox 592 3599 2165 3672">
    <p class='ocr_par' dir='ltr' id='par_1_68' title="bbox 592 3599 2165 3672">
     <span class='ocr_line' id='line_1_68' title="bbox 592 3599 2165 3672; baseline -0.008 -9"><span class='ocrx_word' id='word_1_468' title='bbox 592 3606 928 3663; x_wconf 86' lang='lat' dir='ltr'><strong><em>babitudiuis</em></strong></span> <span class='ocrx_word' id='word_1_469' title='bbox 958 3607 1256 3668; x_wconf 90' lang='lat' dir='ltr'><strong><em>notionem,</em></strong></span> <span class='ocrx_word' id='word_1_470' title='bbox 1288 3603 1600 3672; x_wconf 89' lang='lat' dir='ltr'><strong><em>relictisque</em></strong></span> <span class='ocrx_word' id='word_1_471' title='bbox 1624 3601 1887 3656; x_wconf 88' lang='lat' dir='ltr'><strong><em>divinitus</em></strong></span> <span class='ocrx_word' id='word_1_472' title='bbox 1929 3599 2165 3669; x_wconf 82' lang='lat' dir='ltr'><strong><em>inspira-</em></strong></span> 
     </span>
    </p>
   </div>
   <div class='ocr_carea' id='block_1_69' title="bbox 502 3692 2167 3766">
    <p class='ocr_par' dir='ltr' id='par_1_69' title="bbox 502 3692 2167 3766">
     <span class='ocr_line' id='line_1_69' title="bbox 502 3692 2167 3766; baseline -0.007 -12"><span class='ocrx_word' id='word_1_473' title='bbox 502 3702 507 3705; x_wconf 50' lang='grc'>⁴</span> <span class='ocrx_word' id='word_1_474' title='bbox 594 3703 666 3757; x_wconf 89' lang='lat' dir='ltr'><strong><em>tis</em></strong></span> <span class='ocrx_word' id='word_1_475' title='bbox 696 3699 1047 3761; x_wconf 87' lang='lat' dir='ltr'><strong><em>dictionibus,</em></strong></span> <span class='ocrx_word' id='word_1_476' title='bbox 1080 3712 1174 3752; x_wconf 84' lang='lat' dir='ltr'><strong><em>eas</em></strong></span> <span class='ocrx_word' id='word_1_477' title='bbox 1208 3712 1370 3752; x_wconf 87' lang='lat' dir='ltr'><strong><em>voces</em></strong></span> <span class='ocrx_word' id='word_1_478' title='bbox 1401 3695 1467 3750; x_wconf 88' lang='lat' dir='ltr'><strong><em>ad</em></strong></span> <span class='ocrx_word' id='word_1_479' title='bbox 1489 3694 1907 3766; x_wconf 86' lang='lat' dir='ltr'><strong><em>explicationem</em></strong></span> <span class='ocrx_word' id='word_1_480' title='bbox 1943 3692 2167 3762; x_wconf 80' lang='lat' dir='ltr'><strong><em>dogma-</em></strong></span> 
     </span>
    </p>
   </div>
   <div class='ocr_carea' id='block_1_70' title="bbox 594 3783 2169 3859">
    <p class='ocr_par' dir='ltr' id='par_1_70' title="bbox 594 3783 2169 3859">
     <span class='ocr_line' id='line_1_70' title="bbox 594 3783 2169 3859; baseline -0.006 -11"><span class='ocrx_word' id='word_1_481' title='bbox 594 3802 709 3848; x_wconf 84' lang='lat' dir='ltr'><strong><em>tum</em></strong></span> <span class='ocrx_word' id='word_1_482' title='bbox 734 3792 977 3857; x_wconf 88' lang='lat' dir='ltr'><strong><em>adhibet,</em></strong></span> <span class='ocrx_word' id='word_1_483' title='bbox 1011 3806 1131 3859; x_wconf 73' lang='lat' dir='ltr'><strong><em>qua:</em></strong></span> <span class='ocrx_word' id='word_1_484' title='bbox 1151 3788 1459 3845; x_wconf 84' lang='lat' dir='ltr'><strong><em>evertendae</em></strong></span> <span class='ocrx_word' id='word_1_485' title='bbox 1484 3788 1701 3842; x_wconf 89' lang='lat' dir='ltr'><strong><em>veritati</em></strong></span> <span class='ocrx_word' id='word_1_486' title='bbox 1741 3800 1906 3856; x_wconf 87' lang='lat' dir='ltr'><strong><em>quam</em></strong></span> <span class='ocrx_word' id='word_1_487' title='bbox 1932 3783 2169 3838; x_wconf 84' lang='lat' dir='ltr'><strong><em>maxime</em></strong></span> 
     </span>
    </p>
   </div>
   <div class='ocr_carea' id='block_1_71' title="bbox 597 3885 969 3940">
    <p class='ocr_par' dir='ltr' id='par_1_71' title="bbox 597 3885 969 3940">
     <span class='ocr_line' id='line_1_71' title="bbox 597 3885 969 3940; baseline -0.008 0"><span class='ocrx_word' id='word_1_488' title='bbox 597 3887 708 3940; x_wconf 85' lang='lat' dir='ltr'><strong><em>sint</em></strong></span> <span class='ocrx_word' id='word_1_489' title='bbox 745 3885 969 3939; x_wconf 67' lang='lat' dir='ltr'><strong><em>itionem.</em></strong></span> 
     </span>
    </p>
   </div>
   <div class='ocr_carea' id='block_1_72' title="bbox 671 3966 2174 4045">
    <p class='ocr_par' dir='ltr' id='par_1_72' title="bbox 671 3966 2174 4045">
     <span class='ocr_line' id='line_1_72' title="bbox 671 3966 2174 4045; baseline -0.006 -16"><span class='ocrx_word' id='word_1_490' title='bbox 671 3976 837 4031; x_wconf 80' lang='lat' dir='ltr'><strong><em>Recte</em></strong></span> <span class='ocrx_word' id='word_1_491' title='bbox 872 3989 1032 4045; x_wconf 87' lang='lat' dir='ltr'><strong><em>porro</em></strong></span> <span class='ocrx_word' id='word_1_492' title='bbox 1057 3974 1209 4042; x_wconf 87' lang='lat' dir='ltr'><strong><em>dicit,</em></strong></span> <span class='ocrx_word' id='word_1_493' title='bbox 1241 3973 1321 4028; x_wconf 80' lang='lat' dir='ltr'><strong><em>his</em></strong></span> <span class='ocrx_word' id='word_1_494' title='bbox 1361 3989 1465 4026; x_wconf 90' lang='lat' dir='ltr'><strong><em>non</em></strong></span> <span class='ocrx_word' id='word_1_495' title='bbox 1509 3971 1769 4024; x_wconf 72' lang='lat' dir='ltr'><strong><em>universa:</em></strong></span> <span class='ocrx_word' id='word_1_496' title='bbox 1822 3968 2076 4023; x_wconf 80' lang='lat' dir='ltr'><strong><em>Ecclesia:</em></strong></span> <span class='ocrx_word' id='word_1_497' title='bbox 2110 3966 2174 4020; x_wconf 87' lang='lat' dir='ltr'><strong><em>de</em></strong></span> 
     </span>
    </p>
   </div>
   <div class='ocr_carea' id='block_1_73' title="bbox 600 4057 2172 4130">
    <p class='ocr_par' dir='ltr' id='par_1_73' title="bbox 600 4057 2172 4130">
     <span class='ocr_line' id='line_1_73' title="bbox 600 4057 2172 4130; baseline -0.004 -13"><span class='ocrx_word' id='word_1_498' title='bbox 600 4065 845 4119; x_wconf 83' lang='lat' dir='ltr'><strong><em>doctrina</em></strong></span> <span class='ocrx_word' id='word_1_499' title='bbox 866 4064 1202 4128; x_wconf 77' lang='lat' dir='ltr'><strong><em>sententiam,</em></strong></span> <span class='ocrx_word' id='word_1_500' title='bbox 1230 4062 1320 4116; x_wconf 78' lang='lat' dir='ltr'><strong><em>sed</em></strong></span> <span class='ocrx_word' id='word_1_501' title='bbox 1351 4078 1502 4117; x_wconf 81' lang='lat' dir='ltr'><strong><em>suam</em></strong></span> <span class='ocrx_word' id='word_1_502' title='bbox 1531 4060 1732 4130; x_wconf 84' lang='lat' dir='ltr'><strong><em>perﬁci.</em></strong></span> <span class='ocrx_word' id='word_1_503' title='bbox 1758 4057 1945 4113; x_wconf 89' lang='lat' dir='ltr'><strong><em>Cuivis</em></strong></span> <span class='ocrx_word' id='word_1_504' title='bbox 1970 4066 2172 4120; x_wconf 87' lang='lat' dir='ltr'><strong><em>autem,</em></strong></span> 
     </span>
    </p>
   </div>
   <div class='ocr_carea' id='block_1_74' title="bbox 604 4152 2177 4228">
    <p class='ocr_par' dir='ltr' id='par_1_74' title="bbox 604 4152 2177 4228">
     <span class='ocr_line' id='line_1_74' title="bbox 604 4152 2177 4228; baseline -0.006 -16"><span class='ocrx_word' id='word_1_505' title='bbox 604 4161 699 4228; x_wconf 89' lang='lat' dir='ltr'><strong><em>qui</em></strong></span> <span class='ocrx_word' id='word_1_506' title='bbox 728 4157 811 4213; x_wconf 87' lang='lat' dir='ltr'><strong><em>vel</em></strong></span> <span class='ocrx_word' id='word_1_507' title='bbox 853 4156 1137 4225; x_wconf 86' lang='lat' dir='ltr'><strong><em>paululum</em></strong></span> <span class='ocrx_word' id='word_1_508' title='bbox 1177 4156 1454 4210; x_wconf 86' lang='lat' dir='ltr'><strong><em>attendere</em></strong></span> <span class='ocrx_word' id='word_1_509' title='bbox 1485 4156 1646 4215; x_wconf 87' lang='lat' dir='ltr'><strong><em>velit,</em></strong></span> <span class='ocrx_word' id='word_1_510' title='bbox 1682 4152 1841 4207; x_wconf 85' lang='lat' dir='ltr'><strong><em>facile</em></strong></span> <span class='ocrx_word' id='word_1_511' title='bbox 1869 4160 1971 4216; x_wconf 88' lang='lat' dir='ltr'><strong><em>est,</em></strong></span> <span class='ocrx_word' id='word_1_512' title='bbox 2014 4165 2177 4221; x_wconf 88' lang='lat' dir='ltr'><strong><em>quam</em></strong></span> 
     </span>
    </p>
   </div>
   <div class='ocr_carea' id='block_1_75' title="bbox 608 4243 2179 4319">
    <p class='ocr_par' dir='ltr' id='par_1_75' title="bbox 608 4243 2179 4319">
     <span class='ocr_line' id='line_1_75' title="bbox 608 4243 2179 4319; baseline -0.004 -17"><span class='ocrx_word' id='word_1_513' title='bbox 608 4250 772 4319; x_wconf 83' lang='lat' dir='ltr'><strong><em>impia</em></strong></span> <span class='ocrx_word' id='word_1_514' title='bbox 828 4251 957 4312; x_wconf 87' lang='lat' dir='ltr'><strong><em>sint,</em></strong></span> <span class='ocrx_word' id='word_1_515' title='bbox 999 4264 1121 4317; x_wconf 66' lang='lat' dir='ltr'><strong><em>qua:</em></strong></span> <span class='ocrx_word' id='word_1_516' title='bbox 1164 4246 1360 4311; x_wconf 83' lang='lat' dir='ltr'><strong><em>ell‘utit,</em></strong></span> <span class='ocrx_word' id='word_1_517' title='bbox 1416 4246 1744 4317; x_wconf 89' lang='lat' dir='ltr'><strong><em>perspicere.</em></strong></span> <span class='ocrx_word' id='word_1_518' title='bbox 1806 4245 1873 4298; x_wconf 84' lang='lat' dir='ltr'><strong><em>At</em></strong></span> <span class='ocrx_word' id='word_1_519' title='bbox 1924 4243 2179 4297; x_wconf 82' lang='lat' dir='ltr'><strong><em>fortassis</em></strong></span> 
     </span>
    </p>
   </div>
   <div class='ocr_carea' id='block_1_76' title="bbox 608 4335 2182 4408">
    <p class='ocr_par' dir='ltr' id='par_1_76' title="bbox 608 4335 2182 4408">
     <span class='ocr_line' id='line_1_76' title="bbox 608 4335 2182 4408; baseline -0.004 -14"><span class='ocrx_word' id='word_1_520' title='bbox 608 4343 707 4397; x_wconf 90' lang='lat' dir='ltr'><strong><em>abs</em></strong></span> <span class='ocrx_word' id='word_1_521' title='bbox 756 4357 815 4395; x_wconf 88' lang='lat' dir='ltr'><strong><em>re</em></strong></span> <span class='ocrx_word' id='word_1_522' title='bbox 853 4357 960 4395; x_wconf 92' lang='lat' dir='ltr'><strong><em>non</em></strong></span> <span class='ocrx_word' id='word_1_523' title='bbox 1003 4340 1188 4406; x_wconf 84' lang='lat' dir='ltr'><strong><em>fuerit,</em></strong></span> <span class='ocrx_word' id='word_1_524' title='bbox 1233 4339 1506 4408; x_wconf 79' lang='lat' dir='ltr'><strong><em>sigillatim</em></strong></span> <span class='ocrx_word' id='word_1_525' title='bbox 1544 4338 1886 4408; x_wconf 79' lang='lat' dir='ltr'><strong><em>disquirere,</em></strong></span> <span class='ocrx_word' id='word_1_526' title='bbox 1918 4335 2182 4405; x_wconf 89' lang='lat' dir='ltr'><strong><em>quidnam</em></strong></span> 
     </span>
    </p>
   </div>
   <div class='ocr_carea' id='block_1_77' title="bbox 610 4426 2185 4501">
    <p class='ocr_par' dir='ltr' id='par_1_77' title="bbox 610 4426 2185 4501">
     <span class='ocr_line' id='line_1_77' title="bbox 610 4426 2185 4501; baseline -0.004 -14"><span class='ocrx_word' id='word_1_527' title='bbox 610 4434 716 4487; x_wconf 88' lang='lat' dir='ltr'><strong><em>sibi</em></strong></span> <span class='ocrx_word' id='word_1_528' title='bbox 744 4432 893 4497; x_wconf 87' lang='lat' dir='ltr'><strong><em>velit,</em></strong></span> <span class='ocrx_word' id='word_1_529' title='bbox 935 4447 1059 4485; x_wconf 92' lang='lat' dir='ltr'><strong><em>cum</em></strong></span> <span class='ocrx_word' id='word_1_530' title='bbox 1096 4445 1404 4501; x_wconf 87' lang='lat' dir='ltr'><strong><em>supremam</em></strong></span> <span class='ocrx_word' id='word_1_531' title='bbox 1455 4439 1508 4483; x_wconf 90' lang='lat' dir='ltr'><strong><em>et</em></strong></span> <span class='ocrx_word' id='word_1_532' title='bbox 1539 4430 1777 4482; x_wconf 81' lang='lat' dir='ltr'><strong><em>maxime</em></strong></span> <span class='ocrx_word' id='word_1_533' title='bbox 1808 4426 2027 4497; x_wconf 87' lang='lat' dir='ltr'><strong><em>proprie</em></strong></span> <span class='ocrx_word' id='word_1_534' title='bbox 2052 4426 2185 4481; x_wconf 90' lang='lat' dir='ltr'><strong><em>sub-</em></strong></span> 
     </span>
    </p>
   </div>
   <div class='ocr_carea' id='block_1_78' title="bbox 609 4519 2185 4583">
    <p class='ocr_par' dir='ltr' id='par_1_78' title="bbox 609 4519 2185 4583">
     <span class='ocr_line' id='line_1_78' title="bbox 609 4519 2185 4583; baseline -0.004 -6"><span class='ocrx_word' id='word_1_535' title='bbox 609 4524 863 4577; x_wconf 87' lang='lat' dir='ltr'><strong><em>stantiam</em></strong></span> <span class='ocrx_word' id='word_1_536' title='bbox 894 4523 996 4576; x_wconf 86' lang='lat' dir='ltr'><strong><em>soli</em></strong></span> <span class='ocrx_word' id='word_1_537' title='bbox 1023 4522 1199 4577; x_wconf 88' lang='lat' dir='ltr'><strong><em>Patris</em></strong></span> <span class='ocrx_word' id='word_1_538' title='bbox 1233 4521 1553 4578; x_wconf 76' lang='lat' dir='ltr'><strong><em>substantiae</em></strong></span> <span class='ocrx_word' id='word_1_539' title='bbox 1574 4519 1841 4583; x_wconf 85' lang='lat' dir='ltr'><strong><em>attribuit,</em></strong></span> <span class='ocrx_word' id='word_1_540' title='bbox 1871 4534 1981 4573; x_wconf 90' lang='lat' dir='ltr'><strong><em>non</em></strong></span> <span class='ocrx_word' id='word_1_541' title='bbox 2006 4530 2185 4575; x_wconf 85' lang='lat' dir='ltr'><strong><em>autem</em></strong></span> 
     </span>
    </p>
   </div>
   <div class='ocr_carea' id='block_1_79' title="bbox 613 4608 2187 4686">
    <p class='ocr_par' dir='ltr' id='par_1_79' title="bbox 613 4608 2187 4686">
     <span class='ocr_line' id='line_1_79' title="bbox 613 4608 2187 4686; baseline -0.005 -15"><span class='ocrx_word' id='word_1_542' title='bbox 613 4617 734 4673; x_wconf 83' lang='lat' dir='ltr'><strong><em>Filii</em></strong></span> <span class='ocrx_word' id='word_1_543' title='bbox 771 4626 826 4672; x_wconf 90' lang='lat' dir='ltr'><strong><em>et</em></strong></span> <span class='ocrx_word' id='word_1_544' title='bbox 878 4616 1116 4686; x_wconf 88' lang='lat' dir='ltr'><strong><em>Spiritus</em></strong></span> <span class='ocrx_word' id='word_1_545' title='bbox 1148 4614 1349 4678; x_wconf 87' lang='lat' dir='ltr'><strong><em>sancti,</em></strong></span> <span class='ocrx_word' id='word_1_546' title='bbox 1406 4628 1529 4667; x_wconf 89' lang='lat' dir='ltr'><strong><em>cum</em></strong></span> <span class='ocrx_word' id='word_1_547' title='bbox 1577 4622 1757 4667; x_wconf 91' lang='lat' dir='ltr'><strong><em>tamen</em></strong></span> <span class='ocrx_word' id='word_1_548' title='bbox 1804 4611 2070 4666; x_wconf 89' lang='lat' dir='ltr'><strong><em>concedat</em></strong></span> <span class='ocrx_word' id='word_1_549' title='bbox 2116 4608 2187 4664; x_wconf 87' lang='lat' dir='ltr'><strong><em>iis</em></strong></span> 
     </span>
    </p>
   </div>
   <div class='ocr_carea' id='block_1_80' title="bbox 614 4703 2188 4777">
    <p class='ocr_par' dir='ltr' id='par_1_80' title="bbox 614 4703 2188 4777">
     <span class='ocr_line' id='line_1_80' title="bbox 614 4703 2188 4777; baseline -0.003 -17"><span class='ocrx_word' id='word_1_550' title='bbox 614 4722 906 4777; x_wconf 78' lang='lat' dir='ltr'><strong><em>supernam</em></strong></span> <span class='ocrx_word' id='word_1_551' title='bbox 936 4713 990 4759; x_wconf 91' lang='lat' dir='ltr'><strong><em>et</em></strong></span> <span class='ocrx_word' id='word_1_552' title='bbox 1015 4704 1291 4775; x_wconf 85' lang='lat' dir='ltr'><strong><em>propriam</em></strong></span> <span class='ocrx_word' id='word_1_553' title='bbox 1331 4704 1714 4758; x_wconf 88' lang='lat' dir='ltr'><strong><em>substantiam.</em></strong></span> <span class='ocrx_word' id='word_1_554' title='bbox 1744 4703 1994 4757; x_wconf 85' lang='lat' dir='ltr'><strong><em>Arbitror</em></strong></span> <span class='ocrx_word' id='word_1_555' title='bbox 2039 4704 2188 4756; x_wconf 88' lang='lat' dir='ltr'><strong><em>enim</em></strong></span> 
     </span>
    </p>
   </div>
   <div class='ocr_carea' id='block_1_81' title="bbox 614 4793 2188 4869">
    <p class='ocr_par' dir='ltr' id='par_1_81' title="bbox 614 4793 2188 4869">
     <span class='ocr_line' id='line_1_81' title="bbox 614 4793 2188 4869; baseline -0.004 -17"><span class='ocrx_word' id='word_1_556' title='bbox 614 4816 713 4869; x_wconf 75' lang='lat' dir='ltr'><strong><em>ego</em></strong></span> <span class='ocrx_word' id='word_1_557' title='bbox 742 4801 845 4853; x_wconf 91' lang='lat' dir='ltr'><strong><em>hoc</em></strong></span> <span class='ocrx_word' id='word_1_558' title='bbox 874 4799 1008 4852; x_wconf 90' lang='lat' dir='ltr'><strong><em>nihil</em></strong></span> <span class='ocrx_word' id='word_1_559' title='bbox 1037 4814 1160 4852; x_wconf 82' lang='lat' dir='ltr'><strong><em>esse</em></strong></span> <span class='ocrx_word' id='word_1_560' title='bbox 1189 4797 1358 4857; x_wconf 84' lang='lat' dir='ltr'><strong><em>aliud,</em></strong></span> <span class='ocrx_word' id='word_1_561' title='bbox 1380 4812 1545 4865; x_wconf 86' lang='lat' dir='ltr'><strong><em>quam</em></strong></span> <span class='ocrx_word' id='word_1_562' title='bbox 1570 4796 1877 4849; x_wconf 89' lang='lat' dir='ltr'><strong><em>machinam</em></strong></span> <span class='ocrx_word' id='word_1_563' title='bbox 1899 4793 2188 4864; x_wconf 90' lang='lat' dir='ltr'><strong><em>quamdam</em></strong></span> 
     </span>
    </p>
   </div>
   <div class='ocr_carea' id='block_1_82' title="bbox 618 4885 2195 4962">
    <p class='ocr_par' dir='ltr' id='par_1_82' title="bbox 618 4885 2195 4962">
     <span class='ocr_line' id='line_1_82' title="bbox 618 4885 2195 4962; baseline -0.005 -16"><span class='ocrx_word' id='word_1_564' title='bbox 618 4894 683 4946; x_wconf 83' lang='lat' dir='ltr'><strong><em>ad</em></strong></span> <span class='ocrx_word' id='word_1_565' title='bbox 718 4893 1023 4962; x_wconf 76' lang='lat' dir='ltr'><strong><em>negandum</em></strong></span> <span class='ocrx_word' id='word_1_566' title='bbox 1055 4890 1303 4945; x_wconf 81' lang='lat' dir='ltr'><strong><em>funditus</em></strong></span> <span class='ocrx_word' id='word_1_567' title='bbox 1342 4905 1556 4943; x_wconf 89' lang='lat' dir='ltr'><strong><em>omnem</em></strong></span> <span class='ocrx_word' id='word_1_568' title='bbox 1595 4887 1955 4943; x_wconf 89' lang='lat' dir='ltr'><strong><em>substantiam</em></strong></span> <span class='ocrx_word' id='word_1_569' title='bbox 1987 4885 2108 4939; x_wconf 89' lang='lat' dir='ltr'><strong><em>Filii</em></strong></span> <span class='ocrx_word' id='word_1_570' title='bbox 2137 4892 2195 4940; x_wconf 81' lang='lat' dir='ltr'><strong><em>et</em></strong></span> 
     </span>
    </p>
   </div>
   <div class='ocr_carea' id='block_1_83' title="bbox 2265 3305 3835 3403">
    <p class='ocr_par' dir='ltr' id='par_1_83' title="bbox 2265 3305 3835 3403">
     <span class='ocr_line' id='line_1_83' title="bbox 2265 3305 3835 3403; baseline -0.018 -17"><span class='ocrx_word' id='word_1_571' title='bbox 2265 3328 2699 3403; x_wconf 82' lang='grc' dir='ltr'>διερμηνεύεται.</span> <span class='ocrx_word' id='word_1_572' title='bbox 2737 3326 2853 3378; x_wconf 84' lang='grc' dir='ltr'>’Ὶνα</span> <span class='ocrx_word' id='word_1_573' title='bbox 2883 3318 2975 3376; x_wconf 82' lang='grc' dir='ltr'><strong><em>οὖν</em></strong></span> <span class='ocrx_word' id='word_1_574' title='bbox 3026 3319 3100 3392; x_wconf 84' lang='grc' dir='ltr'>μὴ</span> <span class='ocrx_word' id='word_1_575' title='bbox 3137 3317 3307 3371; x_wconf 89' lang='grc' dir='ltr'>ταῦτα</span> <span class='ocrx_word' id='word_1_576' title='bbox 3339 3314 3524 3385; x_wconf 85' lang='grc' dir='ltr'>νοῆται</span> <span class='ocrx_word' id='word_1_577' title='bbox 3572 3309 3699 3381; x_wconf 86' lang='grc' dir='ltr'><strong><em>περί</em></strong></span> <span class='ocrx_word' id='word_1_578' title='bbox 3738 3305 3835 3360; x_wconf 85' lang='grc' dir='ltr'><strong><em>τοῦ</em></strong></span> 
     </span>
    </p>
   </div>
   <div class='ocr_carea' id='block_1_84' title="bbox 2267 3401 3840 3496">
    <p class='ocr_par' dir='ltr' id='par_1_84' title="bbox 2267 3401 3840 3496">
     <span class='ocr_line' id='line_1_84' title="bbox 2267 3401 3840 3496; baseline -0.018 -17"><span class='ocrx_word' id='word_1_579' title='bbox 2267 3401 2480 3496; x_wconf 82' lang='grc' dir='ltr'>Πατρὸς</span> <span class='ocrx_word' id='word_1_580' title='bbox 2520 3423 2615 3476; x_wconf 75' lang='grc' dir='ltr'><strong><em>καί</em></strong></span> <span class='ocrx_word' id='word_1_581' title='bbox 2646 3419 2739 3472; x_wconf 89' lang='grc' dir='ltr'><strong><em>τοῦ</em></strong></span> <span class='ocrx_word' id='word_1_582' title='bbox 2789 3413 3109 3489; x_wconf 81' lang='grc' dir='ltr'>μονογενοῦς</span> <span class='ocrx_word' id='word_1_583' title='bbox 3132 3409 3285 3474; x_wconf 90' lang='grc' dir='ltr'>Υἰοῦ,</span> <span class='ocrx_word' id='word_1_584' title='bbox 3318 3407 3409 3462; x_wconf 79' lang='grc' dir='ltr'>διὰ</span> <span class='ocrx_word' id='word_1_585' title='bbox 3436 3404 3591 3459; x_wconf 90' lang='grc' dir='ltr'>τοῦτο</span> <span class='ocrx_word' id='word_1_586' title='bbox 3617 3401 3840 3455; x_wconf 82' lang='grc' dir='ltr'>κλέπτει</span> 
     </span>
    </p>
   </div>
   <div class='ocr_carea' id='block_1_85' title="bbox 2270 3491 3841 3578">
    <p class='ocr_par' dir='ltr' id='par_1_85' title="bbox 2270 3491 3841 3578">
     <span class='ocr_line' id='line_1_85' title="bbox 2270 3491 3841 3578; baseline -0.017 -10"><span class='ocrx_word' id='word_1_587' title='bbox 2270 3515 2376 3567; x_wconf 86' lang='grc' dir='ltr'><strong><em>τῶν</em></strong></span> <span class='ocrx_word' id='word_1_588' title='bbox 2426 3512 2728 3567; x_wconf 83' lang='grc' dir='ltr'>ἀκουόντων</span> <span class='ocrx_word' id='word_1_589' title='bbox 2755 3509 2852 3578; x_wconf 80' lang='grc' dir='ltr'>τὴν</span> <span class='ocrx_word' id='word_1_590' title='bbox 2890 3506 2979 3559; x_wconf 82' lang='grc' dir='ltr'><strong><em>διὰ</em></strong></span> <span class='ocrx_word' id='word_1_591' title='bbox 3011 3504 3119 3558; x_wconf 87' lang='grc' dir='ltr'><strong><em>τῶν</em></strong></span> <span class='ocrx_word' id='word_1_592' title='bbox 3162 3500 3437 3571; x_wconf 85' lang='grc' dir='ltr'>ὀνομάτων</span> <span class='ocrx_word' id='word_1_593' title='bbox 3473 3491 3841 3549; x_wconf 79' lang='grc' dir='ltr'>συνεισιοῦσαν</span> 
     </span>
    </p>
   </div>
   <div class='ocr_carea' id='block_1_86' title="bbox 2271 3585 3845 3677">
    <p class='ocr_par' dir='ltr' id='par_1_86' title="bbox 2271 3585 3845 3677">
     <span class='ocr_line' id='line_1_86' title="bbox 2271 3585 3845 3677; baseline -0.017 -16"><span class='ocrx_word' id='word_1_594' title='bbox 2271 3608 2372 3677; x_wconf 81' lang='grc' dir='ltr'><strong><em>τῆς</em></strong></span> <span class='ocrx_word' id='word_1_595' title='bbox 2400 3604 2726 3673; x_wconf 82' lang='grc' dir='ltr'>οἰκειότητος</span> <span class='ocrx_word' id='word_1_596' title='bbox 2749 3600 2986 3670; x_wconf 77' lang='grc' dir='ltr'>ἔμφασιν</span> <span class='ocrx_word' id='word_1_597' title='bbox 3003 3614 3015 3626; x_wconf 67' lang='grc' dir='ltr'><strong>θ</strong></span> <span class='ocrx_word' id='word_1_598' title='bbox 3042 3596 3135 3649; x_wconf 62' lang='grc' dir='ltr'><strong><em>καὶ⁴</em></strong></span> <span class='ocrx_word' id='word_1_599' title='bbox 3156 3588 3468 3647; x_wconf 86' lang='grc' dir='ltr'>καταλιπὼν</span> <span class='ocrx_word' id='word_1_600' title='bbox 3492 3588 3561 3640; x_wconf 84' lang='grc' dir='ltr'>τὰ</span> <span class='ocrx_word' id='word_1_601' title='bbox 3590 3585 3845 3638; x_wconf 83' lang='grc' dir='ltr'>θεόπνευ-</span> 
     </span>
    </p>
   </div>
   <div class='ocr_carea' id='block_1_87' title="bbox 2276 3674 3845 3767">
    <p class='ocr_par' dir='ltr' id='par_1_87' title="bbox 2276 3674 3845 3767">
     <span class='ocr_line' id='line_1_87' title="bbox 2276 3674 3845 3767; baseline -0.017 -15"><span class='ocrx_word' id='word_1_602' title='bbox 2276 3674 2378 3751; x_wconf 78' lang='grc' dir='ltr'><strong><em>στα</em></strong></span> <span class='ocrx_word' id='word_1_603' title='bbox 2420 3699 2661 3767; x_wconf 78' lang='grc' dir='ltr'>ῥήματα,</span> <span class='ocrx_word' id='word_1_604' title='bbox 2701 3693 2790 3746; x_wconf 78' lang='grc' dir='ltr'>διὰ</span> <span class='ocrx_word' id='word_1_605' title='bbox 2835 3689 2943 3743; x_wconf 90' lang='grc' dir='ltr'><strong><em>τῶν</em></strong></span> <span class='ocrx_word' id='word_1_606' title='bbox 2992 3683 3384 3755; x_wconf 81' lang='grc' dir='ltr'>ὲπινοηθέντων</span> <span class='ocrx_word' id='word_1_607' title='bbox 3419 3680 3511 3732; x_wconf 73' lang='grc' dir='ltr'>ἐπὶ</span> <span class='ocrx_word' id='word_1_608' title='bbox 3548 3676 3697 3749; x_wconf 77' lang='grc' dir='ltr'>λύμῃ</span> <span class='ocrx_word' id='word_1_609' title='bbox 3747 3674 3845 3744; x_wconf 86' lang='grc' dir='ltr'>τῆς</span> 
     </span>
    </p>
   </div>
   <div class='ocr_carea' id='block_1_88' title="bbox 2276 3772 3599 3862">
    <p class='ocr_par' dir='ltr' id='par_1_88' title="bbox 2276 3772 3599 3862">
     <span class='ocr_line' id='line_1_88' title="bbox 2276 3772 3599 3862; baseline -0.016 -16"><span class='ocrx_word' id='word_1_610' title='bbox 2276 3791 2533 3862; x_wconf 83' lang='grc' dir='ltr'>ἀληθείας</span> <span class='ocrx_word' id='word_1_611' title='bbox 2566 3789 2797 3840; x_wconf 88' lang='grc' dir='ltr'>ποιεῖται</span> <span class='ocrx_word' id='word_1_612' title='bbox 2830 3784 2929 3852; x_wconf 85' lang='grc' dir='ltr'>τὴν</span> <span class='ocrx_word' id='word_1_613' title='bbox 2957 3780 3049 3834; x_wconf 90' lang='grc' dir='ltr'><strong><em>τοῦ</em></strong></span> <span class='ocrx_word' id='word_1_614' title='bbox 3071 3780 3335 3850; x_wconf 85' lang='grc' dir='ltr'>δόγματος</span> <span class='ocrx_word' id='word_1_615' title='bbox 3369 3772 3599 3827; x_wconf 78' lang='grc' dir='ltr'>ἔκθεσιν.</span> 
     </span>
    </p>
   </div>
   <div class='ocr_carea' id='block_1_89' title="bbox 2350 3942 3853 4029">
    <p class='ocr_par' dir='ltr' id='par_1_89' title="bbox 2350 3942 3853 4029">
     <span class='ocr_line' id='line_1_89' title="bbox 2350 3942 3853 4029; baseline -0.017 -8"><span class='ocrx_word' id='word_1_616' title='bbox 2350 3967 2547 4029; x_wconf 81' lang='grc' dir='ltr'>Καλῶς</span> <span class='ocrx_word' id='word_1_617' title='bbox 2596 3963 2653 4017; x_wconf 86' lang='grc' dir='ltr'>δὲ</span> <span class='ocrx_word' id='word_1_618' title='bbox 2700 3960 2857 4014; x_wconf 89' lang='grc' dir='ltr'>τοῦτό</span> <span class='ocrx_word' id='word_1_619' title='bbox 2909 3974 3112 4028; x_wconf 82' lang='grc' dir='ltr'>φησιν,</span> <span class='ocrx_word' id='word_1_620' title='bbox 3155 3956 3225 4007; x_wconf 85' lang='grc' dir='ltr'>οὐ</span> <span class='ocrx_word' id='word_1_621' title='bbox 3274 3949 3391 4004; x_wconf 78' lang='grc' dir='ltr'><strong><em>τῶν</em></strong></span> <span class='ocrx_word' id='word_1_622' title='bbox 3440 3948 3699 4001; x_wconf 76' lang='grc' dir='ltr'>καθόλου</span> <span class='ocrx_word' id='word_1_623' title='bbox 3742 3942 3853 4011; x_wconf 83' lang='grc' dir='ltr'><strong><em>τῆς</em></strong></span> 
     </span>
    </p>
   </div>
   <div class='ocr_carea' id='block_1_90' title="bbox 2295 4035 3855 4127">
    <p class='ocr_par' dir='ltr' id='par_1_90' title="bbox 2295 4035 3855 4127">
     <span class='ocr_line' id='line_1_90' title="bbox 2295 4035 3855 4127; baseline -0.019 -11"><span class='ocrx_word' id='word_1_624' title='bbox 2295 4058 2659 4127; x_wconf 77' lang='grc' dir='ltr'>Ἐκκλησίας</span> <span class='ocrx_word' id='word_1_625' title='bbox 2684 4050 3009 4122; x_wconf 76' lang='grc' dir='ltr'>δογμάτων,</span> <span class='ocrx_word' id='word_1_626' title='bbox 3031 4046 3189 4102; x_wconf 73' lang='grc' dir='ltr'><em>ἀλλὰ</em></span> <span class='ocrx_word' id='word_1_627' title='bbox 3216 4042 3334 4097; x_wconf 77' lang='grc' dir='ltr'><strong><em>τῶν</em></strong></span> <span class='ocrx_word' id='word_1_628' title='bbox 3364 4040 3489 4095; x_wconf 77' lang='grc' dir='ltr'>καθ’</span> <span class='ocrx_word' id='word_1_629' title='bbox 3516 4036 3765 4101; x_wconf 83' lang='grc' dir='ltr'>ἑαυτοὺς</span> 
     </span>
    </p>
   </div>
   <div class='ocr_carea' id='block_1_91' title="bbox 2285 4125 3857 4216">
    <p class='ocr_par' dir='ltr' id='par_1_91' title="bbox 2285 4125 3857 4216">
     <span class='ocr_line' id='line_1_91' title="bbox 2285 4125 3857 4216; baseline -0.02 -9"><span class='ocrx_word' id='word_1_630' title='bbox 2285 4125 2517 4215; x_wconf 67' lang='grc' dir='ltr'>τούτοις</span> <span class='ocrx_word' id='word_1_631' title='bbox 2548 4142 3052 4216; x_wconf 81' lang='grc' dir='ltr'>συμπληροῦσθαι</span> <span class='ocrx_word' id='word_1_632' title='bbox 3090 4137 3195 4190; x_wconf 80' lang='grc' dir='ltr'><strong><em>τὸν</em></strong></span> <span class='ocrx_word' id='word_1_633' title='bbox 3223 4136 3426 4203; x_wconf 72' lang='grc' dir='ltr'>λόγον.</span> <span class='ocrx_word' id='word_1_634' title='bbox 3448 4131 3603 4184; x_wconf 83' lang='grc' dir='ltr'>Ἐστι</span> <span class='ocrx_word' id='word_1_635' title='bbox 3632 4128 3688 4181; x_wconf 87' lang='grc' dir='ltr'>δὲ</span> <span class='ocrx_word' id='word_1_636' title='bbox 3720 4125 3857 4197; x_wconf 86' lang='grc' dir='ltr'>πρό-</span> 
     </span>
    </p>
   </div>
   <div class='ocr_carea' id='block_1_92' title="bbox 2287 4216 3857 4317">
    <p class='ocr_par' dir='ltr' id='par_1_92' title="bbox 2287 4216 3857 4317">
     <span class='ocr_line' id='line_1_92' title="bbox 2287 4216 3857 4317; baseline -0.02 -18"><span class='ocrx_word' id='word_1_637' title='bbox 2287 4261 2468 4317; x_wconf 87' lang='grc' dir='ltr'>χειρος</span> <span class='ocrx_word' id='word_1_638' title='bbox 2500 4242 2595 4312; x_wconf 84' lang='grc' dir='ltr'>μὲν</span> <span class='ocrx_word' id='word_1_639' title='bbox 2619 4237 2780 4291; x_wconf 71' lang='grc' dir='ltr'>παντὶ</span> <span class='ocrx_word' id='word_1_640' title='bbox 2796 4235 2871 4306; x_wconf 82' lang='grc' dir='ltr'>τῷ</span> <span class='ocrx_word' id='word_1_641' title='bbox 2893 4251 2955 4303; x_wconf 90' lang='grc' dir='ltr'><strong><em>γε</em></strong></span> <span class='ocrx_word' id='word_1_642' title='bbox 2972 4231 3094 4287; x_wconf 91' lang='grc' dir='ltr'>νοῦν</span> <span class='ocrx_word' id='word_1_643' title='bbox 3123 4229 3317 4299; x_wconf 76' lang='grc' dir='ltr'>ἔχοντι,</span> <span class='ocrx_word' id='word_1_644' title='bbox 3351 4225 3447 4294; x_wconf 80' lang='grc' dir='ltr'>τῆς</span> <span class='ocrx_word' id='word_1_645' title='bbox 3471 4220 3727 4282; x_wconf 83' lang='grc' dir='ltr'>ἀσεϐείας</span> <span class='ocrx_word' id='word_1_646' title='bbox 3749 4216 3857 4317; x_wconf 68' lang='grc' dir='ltr'><strong><em>τῶν</em></strong></span> 
     </span>
    </p>
   </div>
   <div class='ocr_carea' id='block_1_93' title="bbox 2290 4306 3858 4407">
    <p class='ocr_par' dir='ltr' id='par_1_93' title="bbox 2290 4306 3858 4407">
     <span class='ocr_line' id='line_1_93' title="bbox 2290 4306 3858 4407; baseline -0.019 -17"><span class='ocrx_word' id='word_1_647' title='bbox 2290 4306 2591 4407; x_wconf 64' lang='grc' dir='ltr'>εἰρημένων</span> <span class='ocrx_word' id='word_1_648' title='bbox 2622 4335 2654 4401; x_wconf 83' lang='grc' dir='ltr'>ή</span> <span class='ocrx_word' id='word_1_649' title='bbox 2687 4327 3027 4396; x_wconf 89' lang='grc' dir='ltr'>κατανόησις.</span> <span class='ocrx_word' id='word_1_650' title='bbox 3065 4322 3227 4375; x_wconf 79' lang='grc' dir='ltr'>Οὐδὲν</span> <span class='ocrx_word' id='word_1_651' title='bbox 3254 4318 3312 4372; x_wconf 78' lang='grc' dir='ltr'><strong><em>δὲ</em></strong></span> <span class='ocrx_word' id='word_1_652' title='bbox 3351 4317 3478 4378; x_wconf 77' lang='grc' dir='ltr'>ἴσως</span> <span class='ocrx_word' id='word_1_653' title='bbox 3504 4313 3617 4407; x_wconf 5' lang='grc' dir='ltr'>,ἀπὸ</span> <span class='ocrx_word' id='word_1_654' title='bbox 3643 4306 3858 4380; x_wconf 86' lang='grc' dir='ltr'>καιροῦ,</span> 
     </span>
    </p>
   </div>
   <div class='ocr_carea' id='block_1_94' title="bbox 2292 4403 3864 4484">
    <p class='ocr_par' dir='ltr' id='par_1_94' title="bbox 2292 4403 3864 4484">
     <span class='ocr_line' id='line_1_94' title="bbox 2292 4403 3864 4484; baseline -0.02 -1"><span class='ocrx_word' id='word_1_655' title='bbox 2292 4403 2529 4483; x_wconf 34' lang='grc' dir='ltr'>καὶ-καθ’</span> <span class='ocrx_word' id='word_1_656' title='bbox 2554 4424 2782 4476; x_wconf 70' lang='grc' dir='ltr'>ἕκαστον</span> <span class='ocrx_word' id='word_1_657' title='bbox 2816 4416 3119 4484; x_wconf 85' lang='grc' dir='ltr'>διεξετάσαι</span> <span class='ocrx_word' id='word_1_658' title='bbox 3151 4412 3228 4483; x_wconf 82' lang='grc' dir='ltr'>τῷ</span> <span class='ocrx_word' id='word_1_659' title='bbox 3256 4411 3400 4480; x_wconf 83' lang='grc' dir='ltr'>λόγῳ</span> <span class='ocrx_word' id='word_1_660' title='bbox 3420 4424 3433 4437; x_wconf 72' lang='grc'><strong><em>³</em></strong></span> <span class='ocrx_word' id='word_1_661' title='bbox 3460 4406 3512 4458; x_wconf 89' lang='grc' dir='ltr'><strong><em>τί</em></strong></span> <span class='ocrx_word' id='word_1_662' title='bbox 3545 4403 3864 4476; x_wconf 79' lang='grc' dir='ltr'>βουλόμενος</span> 
     </span>
    </p>
   </div>
   <div class='ocr_carea' id='block_1_95' title="bbox 2291 4494 3866 4581">
    <p class='ocr_par' dir='ltr' id='par_1_95' title="bbox 2291 4494 3866 4581">
     <span class='ocr_line' id='line_1_95' title="bbox 2291 4494 3866 4581; baseline -0.02 -6"><span class='ocrx_word' id='word_1_663' title='bbox 2291 4522 2352 4575; x_wconf 88' lang='grc' dir='ltr'><strong><em>τὸ</em></strong></span> <span class='ocrx_word' id='word_1_664' title='bbox 2384 4516 2655 4575; x_wconf 83' lang='grc' dir='ltr'>ἀνώτατόν</span> <span class='ocrx_word' id='word_1_665' title='bbox 2683 4530 2742 4567; x_wconf 88' lang='grc' dir='ltr'><strong><em>τε</em></strong></span> <span class='ocrx_word' id='word_1_666' title='bbox 2782 4512 2877 4565; x_wconf 78' lang='grc' dir='ltr'><strong><em>καὶ</em></strong></span> <span class='ocrx_word' id='word_1_667' title='bbox 2909 4509 3237 4581; x_wconf 82' lang='grc' dir='ltr'>κυριώτατον</span> <span class='ocrx_word' id='word_1_668' title='bbox 3283 4503 3420 4574; x_wconf 80' lang='grc' dir='ltr'>μόνῃ</span> <span class='ocrx_word' id='word_1_669' title='bbox 3456 4494 3866 4568; x_wconf 86' lang='grc' dir='ltr'>προσμαρτυρεῖ</span> 
     </span>
    </p>
   </div>
   <div class='ocr_carea' id='block_1_96' title="bbox 2293 4588 3865 4682">
    <p class='ocr_par' dir='ltr' id='par_1_96' title="bbox 2293 4588 3865 4682">
     <span class='ocr_line' id='line_1_96' title="bbox 2293 4588 3865 4682; baseline -0.02 -14"><span class='ocrx_word' id='word_1_670' title='bbox 2293 4613 2387 4669; x_wconf 87' lang='grc' dir='ltr'><strong><em>τοῦ</em></strong></span> <span class='ocrx_word' id='word_1_671' title='bbox 2423 4610 2634 4682; x_wconf 80' lang='grc' dir='ltr'>Πατρὸς</span> <span class='ocrx_word' id='word_1_672' title='bbox 2661 4610 2726 4678; x_wconf 78' lang='grc' dir='ltr'>τῇ</span> <span class='ocrx_word' id='word_1_673' title='bbox 2758 4605 2933 4674; x_wconf 78' lang='grc' dir='ltr'>οὐσίᾳ,</span> <span class='ocrx_word' id='word_1_674' title='bbox 2970 4600 3092 4655; x_wconf 70' lang='grc' dir='ltr'>οὔτε</span> <span class='ocrx_word' id='word_1_675' title='bbox 3119 4597 3212 4652; x_wconf 90' lang='grc' dir='ltr'><strong><em>τοῦ</em></strong></span> <span class='ocrx_word' id='word_1_676' title='bbox 3254 4593 3408 4657; x_wconf 87' lang='grc' dir='ltr'>Υἱοῦ,</span> <span class='ocrx_word' id='word_1_677' title='bbox 3440 4590 3561 4644; x_wconf 72' lang='grc' dir='ltr'>οὔτε</span> <span class='ocrx_word' id='word_1_678' title='bbox 3583 4589 3674 4642; x_wconf 88' lang='grc' dir='ltr'><strong><em>τοῦ</em></strong></span> <span class='ocrx_word' id='word_1_679' title='bbox 3711 4588 3865 4654; x_wconf 85' lang='grc' dir='ltr'>ἁγίου</span> 
     </span>
    </p>
   </div>
   <div class='ocr_carea' id='block_1_97' title="bbox 2297 4681 3868 4775">
    <p class='ocr_par' dir='ltr' id='par_1_97' title="bbox 2297 4681 3868 4775">
     <span class='ocr_line' id='line_1_97' title="bbox 2297 4681 3868 4775; baseline -0.02 -14"><span class='ocrx_word' id='word_1_680' title='bbox 2297 4681 2637 4775; x_wconf 87' lang='grc' dir='ltr'>Πνεύματος,</span> <span class='ocrx_word' id='word_1_681' title='bbox 2682 4700 2793 4753; x_wconf 83' lang='grc' dir='ltr'>ἄνω</span> <span class='ocrx_word' id='word_1_682' title='bbox 2828 4713 2887 4750; x_wconf 92' lang='grc' dir='ltr'><strong><em>τε</em></strong></span> <span class='ocrx_word' id='word_1_683' title='bbox 2912 4694 3006 4748; x_wconf 76' lang='grc' dir='ltr'><strong><em>καὶ</em></strong></span> <span class='ocrx_word' id='word_1_684' title='bbox 3035 4692 3231 4761; x_wconf 91' lang='grc' dir='ltr'>κυρίαν</span> <span class='ocrx_word' id='word_1_685' title='bbox 3263 4686 3402 4741; x_wconf 78' lang='grc' dir='ltr'>εἰναι</span> <span class='ocrx_word' id='word_1_686' title='bbox 3443 4681 3740 4754; x_wconf 84' lang='grc' dir='ltr'>συγχωρῶν</span> <span class='ocrx_word' id='word_1_687' title='bbox 3768 4681 3868 4749; x_wconf 77' lang='grc' dir='ltr'><strong><em>τὴν</em></strong></span> 
     </span>
    </p>
   </div>
   <div class='ocr_carea' id='block_1_98' title="bbox 2296 4772 3871 4865">
    <p class='ocr_par' dir='ltr' id='par_1_98' title="bbox 2296 4772 3871 4865">
     <span class='ocr_line' id='line_1_98' title="bbox 2296 4772 3871 4865; baseline -0.019 -12"><span class='ocrx_word' id='word_1_688' title='bbox 2296 4772 2502 4853; x_wconf 81' lang='grc' dir='ltr'>οὐσίαν.</span> <span class='ocrx_word' id='word_1_689' title='bbox 2536 4791 2701 4865; x_wconf 83' lang='grc' dir='ltr'>Οἶμαι</span> <span class='ocrx_word' id='word_1_690' title='bbox 2735 4790 2844 4861; x_wconf 86' lang='grc' dir='ltr'><strong><em>γὰρ</em></strong></span> <span class='ocrx_word' id='word_1_691' title='bbox 2896 4788 3069 4856; x_wconf 79' lang='grc' dir='ltr'>ἔγωγε</span> <span class='ocrx_word' id='word_1_692' title='bbox 3118 4783 3345 4854; x_wconf 81' lang='grc' dir='ltr'>μελέτην</span> <span class='ocrx_word' id='word_1_693' title='bbox 3373 4774 3511 4832; x_wconf 78' lang='grc' dir='ltr'>εἶναι</span> <span class='ocrx_word' id='word_1_694' title='bbox 3541 4776 3743 4845; x_wconf 80' lang='grc' dir='ltr'>ταύτην</span> <span class='ocrx_word' id='word_1_695' title='bbox 3771 4772 3871 4865; x_wconf 60' lang='grc' dir='ltr'><strong><em>της</em></strong></span> 
     </span>
    </p>
   </div>
   <div class='ocr_carea' id='block_1_99' title="bbox 2298 4860 3869 4952">
    <p class='ocr_par' dir='ltr' id='par_1_99' title="bbox 2298 4860 3869 4952">
     <span class='ocr_line' id='line_1_99' title="bbox 2298 4860 3869 4952; baseline -0.019 -8"><span class='ocrx_word' id='word_1_696' title='bbox 2298 4886 2595 4948; x_wconf 79' lang='grc' dir='ltr'>παντελοῦς</span> <span class='ocrx_word' id='word_1_697' title='bbox 2621 4884 2761 4937; x_wconf 87' lang='grc' dir='ltr'>κατὰ</span> <span class='ocrx_word' id='word_1_698' title='bbox 2792 4881 2888 4952; x_wconf 83' lang='grc' dir='ltr'>τὴν</span> <span class='ocrx_word' id='word_1_699' title='bbox 2911 4877 3097 4933; x_wconf 79' lang='grc' dir='ltr'>οὐσίαν</span> <span class='ocrx_word' id='word_1_700' title='bbox 3126 4876 3403 4947; x_wconf 82' lang='grc' dir='ltr'>ἀρνήσεως</span> <span class='ocrx_word' id='word_1_701' title='bbox 3422 4869 3514 4923; x_wconf 90' lang='grc' dir='ltr'><strong><em>τοῦ</em></strong></span> <span class='ocrx_word' id='word_1_702' title='bbox 3536 4860 3869 4934; x_wconf 88' lang='grc' dir='ltr'>Μονογενοῦς</span> 
     </span>
    </p>
   </div>
   <div class='ocr_carea' id='block_1_100' title="bbox 621 4954 2150 5056">
    <p class='ocr_par' dir='ltr' id='par_1_100' title="bbox 621 4981 2150 5056">
     <span class='ocr_line' id='line_1_100' title="bbox 621 4981 2150 5056; baseline -0.005 -18"><span class='ocrx_word' id='word_1_703' title='bbox 621 4986 864 5056; x_wconf 79' lang='lat' dir='ltr'><strong><em>Spiritus</em></strong></span> <span class='ocrx_word' id='word_1_704' title='bbox 893 4984 1091 5049; x_wconf 88' lang='lat' dir='ltr'><strong><em>sancti,</em></strong></span> <span class='ocrx_word' id='word_1_705' title='bbox 1121 5000 1357 5053; x_wconf 89' lang='lat' dir='ltr'><strong><em>eumque</em></strong></span> <span class='ocrx_word' id='word_1_706' title='bbox 1385 4983 1599 5037; x_wconf 89' lang='lat' dir='ltr'><strong><em>occulte</em></strong></span> <span class='ocrx_word' id='word_1_707' title='bbox 1652 4981 1739 5037; x_wconf 82' lang='lat' dir='ltr'><strong><em>his</em></strong></span> <span class='ocrx_word' id='word_1_708' title='bbox 1765 4982 2053 5035; x_wconf 87' lang='lat' dir='ltr'><strong><em>verborum</em></strong></span> <span class='ocrx_word' id='word_1_709' title='bbox 2080 4994 2150 5032; x_wconf 87' lang='lat' dir='ltr'><strong><em>an</em></strong></span> 
     </span>
    </p>
   </div>
   <div class='ocr_carea' id='block_1_101' title="bbox 2255 4954 3869 5056">
    <p class='ocr_par' dir='ltr' id='par_1_101' title="bbox 2297 4954 3869 5047">
     <span class='ocr_line' id='line_1_101' title="bbox 2297 4954 3869 5047; baseline -0.019 -11"><span class='ocrx_word' id='word_1_710' title='bbox 2297 4984 2391 5037; x_wconf 76' lang='grc' dir='ltr'><strong><em>καὶ</em></strong></span> <span class='ocrx_word' id='word_1_711' title='bbox 2418 4979 2510 5034; x_wconf 91' lang='grc' dir='ltr'><strong><em>τοῦ</em></strong></span> <span class='ocrx_word' id='word_1_712' title='bbox 2538 4976 2677 5033; x_wconf 85' lang='grc' dir='ltr'><strong><em>Πνεὺ</em></strong></span> <span class='ocrx_word' id='word_1_713' title='bbox 2688 4992 2873 5047; x_wconf 84' lang='grc' dir='ltr'>ματος,</span> <span class='ocrx_word' id='word_1_714' title='bbox 2898 4968 3170 5025; x_wconf 74' lang='grc' dir='ltr'>καὶτοῦτο</span> <span class='ocrx_word' id='word_1_715' title='bbox 3201 4964 3501 5031; x_wconf 86' lang='grc' dir='ltr'>λεληθότως</span> <span class='ocrx_word' id='word_1_716' title='bbox 3532 4954 3869 5013; x_wconf 87' lang='grc' dir='ltr'>κατασκευά-</span> 
     </span>
    </p>
   </div>
   <div class='ocr_carea' id='block_1_102' title="bbox 616 5046 2150 5149">
    <p class='ocr_par' dir='ltr' id='par_1_102' title="bbox 616 5073 2150 5149">
     <span class='ocr_line' id='line_1_102' title="bbox 616 5073 2150 5149; baseline -0.005 -17"><span class='ocrx_word' id='word_1_717' title='bbox 616 5080 854 5149; x_wconf 78' lang='lat' dir='ltr'><strong><em>hagibus</em></strong></span> <span class='ocrx_word' id='word_1_718' title='bbox 872 5078 1075 5139; x_wconf 90' lang='lat' dir='ltr'><strong><em>moliri,</em></strong></span> <span class='ocrx_word' id='word_1_719' title='bbox 1095 5086 1154 5131; x_wconf 89' lang='lat' dir='ltr'><strong><em>ut</em></strong></span> <span class='ocrx_word' id='word_1_720' title='bbox 1184 5085 1379 5147; x_wconf 56' lang='lat' dir='ltr'><strong><em>pra’ter</em></strong></span> <span class='ocrx_word' id='word_1_721' title='bbox 1403 5078 1565 5130; x_wconf 89' lang='lat' dir='ltr'><strong><em>inane</em></strong></span> <span class='ocrx_word' id='word_1_722' title='bbox 1585 5090 1781 5129; x_wconf 89' lang='lat' dir='ltr'><strong><em>nomen</em></strong></span> <span class='ocrx_word' id='word_1_723' title='bbox 1814 5073 1947 5127; x_wconf 88' lang='lat' dir='ltr'><strong><em>nihil</em></strong></span> <span class='ocrx_word' id='word_1_724' title='bbox 1972 5073 2150 5128; x_wconf 76' lang='lat' dir='ltr'><strong><em>subes:</em></strong></span> 
     </span>
    </p>
   </div>
   <div class='ocr_carea' id='block_1_103' title="bbox 2255 5046 3870 5149">
    <p class='ocr_par' dir='ltr' id='par_1_103' title="bbox 2300 5046 3870 5149">
     <span class='ocr_line' id='line_1_103' title="bbox 2300 5046 3870 5149; baseline -0.021 -20"><span class='ocrx_word' id='word_1_725' title='bbox 2300 5073 2487 5139; x_wconf 85' lang='grc' dir='ltr'>ζεσθαι</span> <span class='ocrx_word' id='word_1_726' title='bbox 2516 5072 2603 5125; x_wconf 87' lang='grc' dir='ltr'><strong><em>διὰ</em></strong></span> <span class='ocrx_word' id='word_1_727' title='bbox 2635 5046 2739 5137; x_wconf 80' lang='grc' dir='ltr'>τῆς</span> <span class='ocrx_word' id='word_1_728' title='bbox 2769 5065 3023 5134; x_wconf 87' lang='grc' dir='ltr'>τοιαύτης</span> <span class='ocrx_word' id='word_1_729' title='bbox 3051 5057 3415 5131; x_wconf 84' lang='grc' dir='ltr'>τεχνολογίας,</span> <span class='ocrx_word' id='word_1_730' title='bbox 3446 5052 3507 5105; x_wconf 83' lang='grc' dir='ltr'><strong><em>τὸ</em></strong></span> <span class='ocrx_word' id='word_1_731' title='bbox 3542 5050 3732 5149; x_wconf 83' lang='grc' dir='ltr'>μέχρις</span> <span class='ocrx_word' id='word_1_732' title='bbox 3757 5046 3870 5149; x_wconf 79' lang='grc' dir='ltr'>ὀνό-</span> 
     </span>
    </p>
   </div>
   <div class='ocr_carea' id='block_1_104' title="bbox 622 5168 2203 5235">
    <p class='ocr_par' dir='ltr' id='par_1_104' title="bbox 622 5168 2203 5235">
     <span class='ocr_line' id='line_1_104' title="bbox 622 5168 2203 5235; baseline -0.004 -10"><span class='ocrx_word' id='word_1_733' title='bbox 622 5172 935 5233; x_wconf 82' lang='lat' dir='ltr'><strong><em>credamus,</em></strong></span> <span class='ocrx_word' id='word_1_734' title='bbox 968 5186 1095 5224; x_wconf 89' lang='lat' dir='ltr'><strong><em>vera</em></strong></span> <span class='ocrx_word' id='word_1_735' title='bbox 1126 5170 1449 5225; x_wconf 64' lang='lat' dir='ltr'><strong><em>substantiae</em></strong></span> <span class='ocrx_word' id='word_1_736' title='bbox 1480 5178 1532 5224; x_wconf 89' lang='lat' dir='ltr'><strong><em>et</em></strong></span> <span class='ocrx_word' id='word_1_737' title='bbox 1574 5169 1827 5223; x_wconf 69' lang='lat' dir='ltr'><strong><em>essentia:</em></strong></span> <span class='ocrx_word' id='word_1_738' title='bbox 1859 5168 2078 5221; x_wconf 90' lang='lat' dir='ltr'><strong><em>notione</em></strong></span> <span class='ocrx_word' id='word_1_739' title='bbox 2109 5180 2203 5235; x_wconf 90' lang='lat' dir='ltr'><strong><em>per</em></strong></span> 
     </span>
    </p>
   </div>
   <div class='ocr_carea' id='block_1_105' title="bbox 629 5257 2205 5329">
    <p class='ocr_par' dir='ltr' id='par_1_105' title="bbox 629 5257 2205 5329">
     <span class='ocr_line' id='line_1_105' title="bbox 629 5257 2205 5329; baseline -0.005 -13"><span class='ocrx_word' id='word_1_740' title='bbox 629 5266 726 5318; x_wconf 86' lang='lat' dir='ltr'><strong><em>has</em></strong></span> <span class='ocrx_word' id='word_1_741' title='bbox 754 5265 962 5319; x_wconf 87' lang='lat' dir='ltr'><strong><em>sutelas</em></strong></span> <span class='ocrx_word' id='word_1_742' title='bbox 995 5272 1050 5317; x_wconf 88' lang='lat' dir='ltr'><strong><em>et</em></strong></span> <span class='ocrx_word' id='word_1_743' title='bbox 1085 5261 1307 5315; x_wconf 82' lang='lat' dir='ltr'><strong><em>fraudes</em></strong></span> <span class='ocrx_word' id='word_1_744' title='bbox 1350 5261 1631 5315; x_wconf 84' lang='lat' dir='ltr'><strong><em>destructa</em></strong></span> <span class='ocrx_word' id='word_1_745' title='bbox 1662 5280 1675 5313; x_wconf 88' lang='lat'><strong>:</strong></span> <span class='ocrx_word' id='word_1_746' title='bbox 1703 5257 1960 5329; x_wconf 90' lang='lat' dir='ltr'><strong><em>quodque</em></strong></span> <span class='ocrx_word' id='word_1_747' title='bbox 1995 5258 2108 5311; x_wconf 82' lang='lat' dir='ltr'><strong><em>haec</em></strong></span> <span class='ocrx_word' id='word_1_748' title='bbox 2131 5258 2205 5309; x_wconf 87' lang='lat' dir='ltr'><strong><em>ita</em></strong></span> 
     </span>
    </p>
   </div>
   <div class='ocr_carea' id='block_1_106' title="bbox 622 5349 2206 5423">
    <p class='ocr_par' dir='ltr' id='par_1_106' title="bbox 622 5349 2206 5423">
     <span class='ocr_line' id='line_1_106' title="bbox 622 5349 2206 5423; baseline -0.006 -12"><span class='ocrx_word' id='word_1_749' title='bbox 622 5372 750 5411; x_wconf 84' lang='lat' dir='ltr'><strong><em>sese</em></strong></span> <span class='ocrx_word' id='word_1_750' title='bbox 784 5356 1040 5419; x_wconf 89' lang='lat' dir='ltr'><strong><em>habeant,</em></strong></span> <span class='ocrx_word' id='word_1_751' title='bbox 1068 5355 1217 5409; x_wconf 90' lang='lat' dir='ltr'><strong><em>nullo</em></strong></span> <span class='ocrx_word' id='word_1_752' title='bbox 1264 5354 1481 5423; x_wconf 78' lang='lat' dir='ltr'><strong><em>negotio</em></strong></span> <span class='ocrx_word' id='word_1_753' title='bbox 1515 5351 1909 5421; x_wconf 81' lang='lat' dir='ltr'><strong><em>deprehendet,</em></strong></span> <span class='ocrx_word' id='word_1_754' title='bbox 1961 5349 2052 5420; x_wconf 94' lang='lat' dir='ltr'><strong>qui</strong></span> <span class='ocrx_word' id='word_1_755' title='bbox 2087 5350 2206 5402; x_wconf 82' lang='lat' dir='ltr'><strong><em>ani-</em></strong></span> 
     </span>
    </p>
   </div>
   <div class='ocr_carea' id='block_1_107' title="bbox 633 5434 2205 5516">
    <p class='ocr_par' dir='ltr' id='par_1_107' title="bbox 633 5434 2205 5516">
     <span class='ocr_line' id='line_1_107' title="bbox 633 5434 2205 5516; baseline -0.005 -15"><span class='ocrx_word' id='word_1_756' title='bbox 633 5464 780 5502; x_wconf 88' lang='lat' dir='ltr'><strong><em>mum</em></strong></span> <span class='ocrx_word' id='word_1_757' title='bbox 810 5448 875 5501; x_wconf 88' lang='lat' dir='ltr'><strong><em>ad</em></strong></span> <span class='ocrx_word' id='word_1_758' title='bbox 914 5447 1217 5501; x_wconf 80' lang='lat' dir='ltr'><strong><em>orationem</em></strong></span> <span class='ocrx_word' id='word_1_759' title='bbox 1256 5446 1431 5516; x_wconf 88' lang='lat' dir='ltr'><strong><em>ipsius</em></strong></span> <span class='ocrx_word' id='word_1_760' title='bbox 1455 5434 1735 5515; x_wconf 83' lang='lat' dir='ltr'><strong><em>paululum</em></strong></span> <span class='ocrx_word' id='word_1_761' title='bbox 1773 5444 2008 5513; x_wconf 89' lang='lat' dir='ltr'><strong><em>adjicere</em></strong></span> <span class='ocrx_word' id='word_1_762' title='bbox 2042 5442 2205 5494; x_wconf 82' lang='lat' dir='ltr'><strong><em>volet.</em></strong></span> 
     </span>
    </p>
   </div>
   <div class='ocr_carea' id='block_1_108' title="bbox 2305 5139 3876 5238">
    <p class='ocr_par' dir='ltr' id='par_1_108' title="bbox 2305 5139 3876 5238">
     <span class='ocr_line' id='line_1_108' title="bbox 2305 5139 3876 5238; baseline -0.018 -18"><span class='ocrx_word' id='word_1_763' title='bbox 2305 5183 2468 5238; x_wconf 83' lang='grc' dir='ltr'>ματος</span> <span class='ocrx_word' id='word_1_764' title='bbox 2497 5159 2635 5217; x_wconf 81' lang='grc' dir='ltr'>εἶναι</span> <span class='ocrx_word' id='word_1_765' title='bbox 2664 5159 2835 5213; x_wconf 89' lang='grc' dir='ltr'>ταῦτα</span> <span class='ocrx_word' id='word_1_766' title='bbox 2860 5157 3057 5217; x_wconf 86' lang='grc' dir='ltr'>δοκεῖν,</span> <span class='ocrx_word' id='word_1_767' title='bbox 3094 5154 3190 5223; x_wconf 82' lang='grc' dir='ltr'><strong><em>τὴν</em></strong></span> <span class='ocrx_word' id='word_1_768' title='bbox 3219 5151 3273 5202; x_wconf 80' lang='grc' dir='ltr'>δὲ</span> <span class='ocrx_word' id='word_1_769' title='bbox 3312 5146 3486 5217; x_wconf 83' lang='grc' dir='ltr'>ἁληθῆ</span> <span class='ocrx_word' id='word_1_770' title='bbox 3519 5144 3614 5213; x_wconf 83' lang='grc' dir='ltr'>τῆς</span> <span class='ocrx_word' id='word_1_771' title='bbox 3641 5139 3876 5193; x_wconf 83' lang='grc' dir='ltr'>ὑποστά-</span> 
     </span>
    </p>
   </div>
   <div class='ocr_carea' id='block_1_109' title="bbox 2303 5233 3878 5323">
    <p class='ocr_par' dir='ltr' id='par_1_109' title="bbox 2303 5233 3878 5323">
     <span class='ocr_line' id='line_1_109' title="bbox 2303 5233 3878 5323; baseline -0.021 -10"><span class='ocrx_word' id='word_1_772' title='bbox 2303 5277 2439 5323; x_wconf 90' lang='grc' dir='ltr'>σεως</span> <span class='ocrx_word' id='word_1_773' title='bbox 2466 5255 2644 5310; x_wconf 82' lang='grc' dir='ltr'>αὐτῶν</span> <span class='ocrx_word' id='word_1_774' title='bbox 2668 5250 2956 5323; x_wconf 82' lang='grc' dir='ltr'>ὁμολογίαν</span> <span class='ocrx_word' id='word_1_775' title='bbox 2994 5248 3081 5300; x_wconf 85' lang='grc' dir='ltr'><strong><em>διὰ</em></strong></span> <span class='ocrx_word' id='word_1_776' title='bbox 3117 5246 3214 5315; x_wconf 83' lang='grc' dir='ltr'>τῆς</span> <span class='ocrx_word' id='word_1_777' title='bbox 3252 5239 3504 5307; x_wconf 82' lang='grc' dir='ltr'>τοιαύτης</span> <span class='ocrx_word' id='word_1_778' title='bbox 3532 5233 3878 5301; x_wconf 76' lang='grc' dir='ltr'>κατασκευῆς</span> 
     </span>
    </p>
   </div>
   <div class='ocr_carea' id='block_1_110' title="bbox 2307 5325 3879 5405">
    <p class='ocr_par' dir='ltr' id='par_1_110' title="bbox 2307 5325 3879 5405">
     <span class='ocr_line' id='line_1_110' title="bbox 2307 5325 3879 5405; baseline -0.02 0"><span class='ocrx_word' id='word_1_779' title='bbox 2307 5348 2641 5405; x_wconf 86' lang='grc' dir='ltr'>ἀθετεῖσθαι·</span> <span class='ocrx_word' id='word_1_780' title='bbox 2686 5345 2777 5399; x_wconf 77' lang='grc' dir='ltr'>καί.</span> <span class='ocrx_word' id='word_1_781' title='bbox 2826 5345 2907 5397; x_wconf 84' lang='grc' dir='ltr'>ὅτι</span> <span class='ocrx_word' id='word_1_782' title='bbox 2948 5340 3119 5393; x_wconf 86' lang='grc' dir='ltr'>ταῦτα</span> <span class='ocrx_word' id='word_1_783' title='bbox 3162 5335 3348 5389; x_wconf 86' lang='grc' dir='ltr'>τοῦτον</span> <span class='ocrx_word' id='word_1_784' title='bbox 3381 5331 3494 5401; x_wconf 77' lang='grc' dir='ltr'>ἔχει</span> <span class='ocrx_word' id='word_1_785' title='bbox 3524 5328 3614 5381; x_wconf 73' lang='grc' dir='ltr'>τὸν</span> <span class='ocrx_word' id='word_1_786' title='bbox 3657 5325 3879 5393; x_wconf 84' lang='grc' dir='ltr'>τρόπον,</span> 
     </span>
    </p>
   </div>
   <div class='ocr_carea' id='block_1_111' title="bbox 2310 5416 3881 5515">
    <p class='ocr_par' dir='ltr' id='par_1_111' title="bbox 2310 5416 3881 5515">
     <span class='ocr_line' id='line_1_111' title="bbox 2310 5416 3881 5515; baseline -0.013 -19"><span class='ocrx_word' id='word_1_787' title='bbox 2310 5442 2559 5515; x_wconf 82' lang='grc' dir='ltr'>χαλεπῶς</span> <span class='ocrx_word' id='word_1_788' title='bbox 2598 5438 2663 5492; x_wconf 81' lang='grc' dir='ltr'>ἄν</span> <span class='ocrx_word' id='word_1_789' title='bbox 2692 5455 2776 5500; x_wconf 90' lang='grc' dir='ltr'><strong><em>τις</em></strong></span> <span class='ocrx_word' id='word_1_790' title='bbox 2820 5433 3169 5502; x_wconf 85' lang='grc' dir='ltr'>κατανοήσειε</span> <span class='ocrx_word' id='word_1_791' title='bbox 3219 5425 3411 5497; x_wconf 84' lang='grc' dir='ltr'>μικρὸν</span> <span class='ocrx_word' id='word_1_792' title='bbox 3452 5416 3881 5495; x_wconf 53' lang='grc' dir='ltr'>προσδιατρίεηιας</span> 
     </span>
    </p>
   </div>
   <div class='ocr_carea' id='block_1_112' title="bbox 633 5506 2150 5609">
    <p class='ocr_par' dir='ltr' id='par_1_112' title="bbox 633 5536 2148 5609">
     <span class='ocr_line' id='line_1_112' title="bbox 633 5536 2148 5609; baseline -0.005 -13"><span class='ocrx_word' id='word_1_793' title='bbox 633 5541 752 5596; x_wconf 72' lang='lat' dir='ltr'><strong><em>Non</em></strong></span> <span class='ocrx_word' id='word_1_794' title='bbox 796 5544 943 5595; x_wconf 89' lang='lat' dir='ltr'><strong><em>enim</em></strong></span> <span class='ocrx_word' id='word_1_795' title='bbox 981 5544 1025 5596; x_wconf 88' lang='lat' dir='ltr'><strong><em>is</em></strong></span> <span class='ocrx_word' id='word_1_796' title='bbox 1082 5541 1305 5596; x_wconf 90' lang='lat' dir='ltr'><strong><em>credere</em></strong></span> <span class='ocrx_word' id='word_1_797' title='bbox 1344 5548 1523 5609; x_wconf 86' lang='lat' dir='ltr'><strong><em>potest</em></strong></span> <span class='ocrx_word' id='word_1_798' title='bbox 1581 5554 1706 5593; x_wconf 76' lang='lat' dir='ltr'><strong><em>vere</em></strong></span> <span class='ocrx_word' id='word_1_799' title='bbox 1748 5536 2055 5591; x_wconf 85' lang='lat' dir='ltr'><strong><em>subsistere</em></strong></span> <span class='ocrx_word' id='word_1_800' title='bbox 2115 5550 2148 5602; x_wconf 88' lang='lat' dir='ltr'><strong><em>p</em></strong></span> 
     </span>
    </p>
   </div>
   <div class='ocr_carea' id='block_1_113' title="bbox 2255 5506 3881 5609">
    <p class='ocr_par' dir='ltr' id='par_1_113' title="bbox 2309 5506 3881 5609">
     <span class='ocr_line' id='line_1_113' title="bbox 2309 5506 3881 5609; baseline -0.02 -21"><span class='ocrx_word' id='word_1_801' title='bbox 2309 5506 2388 5603; x_wconf 64' lang='grc' dir='ltr'>τῷ</span> <span class='ocrx_word' id='word_1_802' title='bbox 2414 5533 2575 5602; x_wconf 81' lang='grc' dir='ltr'>λόγῳ.</span> <span class='ocrx_word' id='word_1_803' title='bbox 2607 5530 2720 5584; x_wconf 78' lang='grc' dir='ltr'>Οὐκ</span> <span class='ocrx_word' id='word_1_804' title='bbox 2746 5527 2859 5582; x_wconf 77' lang='grc' dir='ltr'>ἔστι</span> <span class='ocrx_word' id='word_1_805' title='bbox 2886 5524 2979 5578; x_wconf 91' lang='grc' dir='ltr'><strong><em>τοῦ</em></strong></span> <span class='ocrx_word' id='word_1_806' title='bbox 3013 5520 3321 5593; x_wconf 77' lang='grc' dir='ltr'>νομίζοντος</span> <span class='ocrx_word' id='word_1_807' title='bbox 3353 5513 3565 5584; x_wconf 83' lang='grc' dir='ltr'>άληθῶς</span> <span class='ocrx_word' id='word_1_808' title='bbox 3597 5506 3734 5563; x_wconf 73' lang='grc' dir='ltr'>εἶναι</span> <span class='ocrx_word' id='word_1_809' title='bbox 3766 5506 3881 5609; x_wconf 56' lang='grc' dir='ltr'>κατ’</span> 
     </span>
    </p>
   </div>
   <div class='ocr_carea' id='block_1_114' title="bbox 641 5629 2209 5704">
    <p class='ocr_par' dir='ltr' id='par_1_114' title="bbox 641 5629 2209 5704">
     <span class='ocr_line' id='line_1_114' title="bbox 641 5629 2209 5704; baseline -0.006 -15"><span class='ocrx_word' id='word_1_810' title='bbox 641 5633 917 5704; x_wconf 80' lang='lat' dir='ltr'><strong><em>propriam</em></strong></span> <span class='ocrx_word' id='word_1_811' title='bbox 947 5634 1329 5699; x_wconf 88' lang='lat' dir='ltr'><strong><em>substantiam,</em></strong></span> <span class='ocrx_word' id='word_1_812' title='bbox 1349 5632 1543 5687; x_wconf 90' lang='lat' dir='ltr'><strong><em>Filium</em></strong></span> <span class='ocrx_word' id='word_1_813' title='bbox 1570 5639 1622 5686; x_wconf 84' lang='lat' dir='ltr'><strong><em>et</em></strong></span> <span class='ocrx_word' id='word_1_814' title='bbox 1642 5629 1902 5699; x_wconf 89' lang='lat' dir='ltr'><strong><em>Spiritum</em></strong></span> <span class='ocrx_word' id='word_1_815' title='bbox 1934 5637 2209 5691; x_wconf 85' lang='lat' dir='ltr'><strong><em>sanctum,</em></strong></span> 
     </span>
    </p>
   </div>
   <div class='ocr_carea' id='block_1_115' title="bbox 2316 5599 3886 5684">
    <p class='ocr_par' dir='ltr' id='par_1_115' title="bbox 2316 5599 3886 5684">
     <span class='ocr_line' id='line_1_115' title="bbox 2316 5599 3886 5684; baseline -0.019 -4"><span class='ocrx_word' id='word_1_816' title='bbox 2316 5599 2452 5680; x_wconf 83' lang='grc' dir='ltr'>ἰδίαν</span> <span class='ocrx_word' id='word_1_817' title='bbox 2505 5599 2798 5678; x_wconf 70' lang='grc' dir='ltr'>ὀπόστασιν</span> <span class='ocrx_word' id='word_1_818' title='bbox 2847 5620 2937 5673; x_wconf 73' lang='grc' dir='ltr'>τὸν</span> <span class='ocrx_word' id='word_1_819' title='bbox 2982 5612 3261 5684; x_wconf 79' lang='grc' dir='ltr'>Μονογενῆ</span> <span class='ocrx_word' id='word_1_820' title='bbox 3305 5609 3399 5664; x_wconf 67' lang='grc' dir='ltr'><strong><em>καὶ</em></strong></span> <span class='ocrx_word' id='word_1_821' title='bbox 3442 5606 3504 5660; x_wconf 83' lang='grc' dir='ltr'>τὸ</span> <span class='ocrx_word' id='word_1_822' title='bbox 3555 5602 3777 5674; x_wconf 86' lang='grc' dir='ltr'>Πνεῦμα</span> <span class='ocrx_word' id='word_1_823' title='bbox 3826 5599 3886 5651; x_wconf 82' lang='grc' dir='ltr'><strong><em>τὸ</em></strong></span> 
     </span>
    </p>
   </div>
   <div class='ocr_carea' id='block_1_116' title="bbox 712 5809 2708 5897">
    <p class='ocr_par' dir='ltr' id='par_1_116' title="bbox 712 5809 2708 5897">
     <span class='ocr_line' id='line_1_116' title="bbox 712 5809 2708 5897; baseline -0.009 -22"><span class='ocrx_word' id='word_1_824' title='bbox 712 5822 789 5897; x_wconf 67' lang='grc' dir='ltr'><strong><em>(α)</em></strong></span> <span class='ocrx_word' id='word_1_825' title='bbox 823 5822 1032 5879; x_wconf 76' lang='lat' dir='ltr'><strong><em>Similia</em></strong></span> <span class='ocrx_word' id='word_1_826' title='bbox 1067 5821 1124 5876; x_wconf 88' lang='lat' dir='ltr'><strong><em>S.</em></strong></span> <span class='ocrx_word' id='word_1_827' title='bbox 1149 5820 1385 5877; x_wconf 88' lang='lat' dir='ltr'><strong><em>Basilius</em></strong></span> <span class='ocrx_word' id='word_1_828' title='bbox 1408 5820 1443 5874; x_wconf 90' lang='lat' dir='ltr'><strong><em>l.</em></strong></span> <span class='ocrx_word' id='word_1_829' title='bbox 1480 5836 1528 5875; x_wconf 82' lang='lat' dir='ltr'><strong><em>tv</em></strong></span> <span class='ocrx_word' id='word_1_830' title='bbox 1553 5827 1741 5875; x_wconf 87' lang='lat' dir='ltr'><strong><em>contra</em></strong></span> <span class='ocrx_word' id='word_1_831' title='bbox 1764 5816 2109 5879; x_wconf 83' lang='lat' dir='ltr'><strong><em>Eunomium,</em></strong></span> <span class='ocrx_word' id='word_1_832' title='bbox 2138 5812 2322 5871; x_wconf 84' lang='lat' dir='ltr'><strong><em>statim</em></strong></span> <span class='ocrx_word' id='word_1_833' title='bbox 2344 5810 2446 5867; x_wconf 89' lang='lat' dir='ltr'><strong><em>sub</em></strong></span> <span class='ocrx_word' id='word_1_834' title='bbox 2475 5809 2708 5863; x_wconf 87' lang='lat' dir='ltr'><strong><em>initium.</em></strong></span> 
     </span>
    </p>
   </div>
  </div>
