4166 6372
380 402 483 460 505

1529 421 1808 479 CONTRA
1846 424 2237 492 EUNOMIU‘I,
2276 425 2402 481 LIB.
2444 426 2485 481 Ι.

3523 433 3625 489 500

380 529 568 584 οὐσίαν
596 530 1038 602 ἐνδεικνυμένων,
1061 536 1125 607 ἣν
1169 536 1335 609 μόνην
1365 541 1566 612 κυρίως
1594 539 1733 598 εἶναι
1758 545 1952 615 διισχυ⁴

2058 545 2315 599 stantiam
2357 545 2662 600 subsistere
2700 544 2950 610 credunt,
2990 555 3044 602 et
3081 562 3241 617 quam
3287 547 3457 603 solam
3496 565 3623 618 pro'

385 620 642 691 ρίζονται,
700 623 797 694 τὴν
842 625 898 677 δὲ
938 627 1031 679 τοῦ
1086 627 1215 682 Υίοῦ
1270 632 1362 683 καὶ
1412 631 1505 685 τοῦ
1540 635 1852 705 Πνεύματος
1896 637 1954 689 ἐν

385 714 495 774 τοῖς
527 712 601 783 μὴ
640 709 758 767 οὖσι
816 714 1175 786 λογιζομένων
1203 737 1215 747 ·
1247 722 1353 774 πᾶν
1380 726 1489 794 γὰρ
1526 724 1587 775 τὸ
1631 723 1708 795 μὴ
1753 726 1954 796 κυρίως

386 801 465 864 ὃν,
503 804 560 855 ἐν
586 804 790 875 ῥήματι
831 806 996 877 μόνῳ,
1025 809 1120 859 καὶ
1150 816 1485 884 καταχρήσει
1510 815 1793 886 συνηθείας
1815 812 1955 869 εἶναι

384 896 620 963 λέγεται.
661 899 866 970 ’Ὠσπερ
895 900 984 952 καὶ
1008 900 1293 971 ἄνθρωπος
1320 904 1658 975 ὀνομάζεται,
1689 908 1785 978 οὐχ
1816 910 1844 961 ὀ
1869 908 1955 961 διὰ

390 989 671 1058 μιμήσεως
696 990 789 1041 ἐπὶ
814 991 911 1061 τῆς
933 993 1136 1056 εἰκόνος
1158 994 1531 1066 δεικνύμενος,
1557 998 1671 1052 ἀλλ’
1695 1002 1722 1052 ὁ
1751 1000 1955 1070 κυρίως

386 1076 672 1149 λεγόμενος
701 1074 873 1144 οὗτος,
912 1082 1010 1152 οὐχ
1050 1085 1298 1157 ὁμοίωμα
1341 1086 1433 1140 τοῦ
1478 1087 1785 1158 ἀνθρώπου,
1820 1091 1953 1144 ἀλλὰ

383 1168 443 1220 τὸ
464 1169 766 1239 ἀρχέτυπόν
788 1175 902 1225 ἐστι
929 1173 1019 1225 τοῦ
1047 1174 1454 1248 ὁμοιώματοςοὴ
1480 1177 1534 1230 δὲ
1561 1178 1741 1241 εἰκὼν,
1764 1180 1954 1251 μέχρις

384 1258 648 1330 ὀνόματος
689 1263 992 1333 ἄνθρωπος,
1036 1270 1127 1320 καὶ
1153 1269 1241 1321 διὰ
1280 1269 1436 1322 τοῦτο
1481 1271 1580 1324 οὐκ
1609 1271 1719 1342 ἔχει
1762 1273 1823 1326 τὸ
1856 1291 1953 1326 κυ-

388 1351 518 1419 ρίως
549 1351 818 1420 λέγεσθαι.
858 1356 993 1427 ὅπερ
1018 1358 1254 1426 λέγεται,
1292 1362 1373 1414 ὅτι
1420 1362 1519 1415 οὐκ
1553 1362 1668 1414 ἔστι
1697 1367 1761 1433 τῇ
1795 1364 1951 1432 φύσει

386 1443 415 1495 ὃ
450 1444 791 1514 ὀνομάζεται.
823 1450 929 1501 Καὶ
956 1451 1187 1504 ἐνταῦθα
1216 1453 1414 1513 τοίνυν,
1449 1457 1497 1506 εί
1536 1454 1696 1521 μόνου
1722 1455 1813 1509 τοῦ
1846 1457 1955 1508 ῐΙα-

385 1534 511 1604 τρὸς
536 1536 567 1605 ἡ
597 1537 752 1589 οὐσία
783 1539 986 1609 κυρίως
1012 1541 1266 1609 λέγεται,
1302 1544 1335 1614 ή
1370 1543 1428 1596 δὲ
1461 1543 1555 1597 τοῦ
1587 1545 1715 1598 Υἰοῠ
1744 1547 1836 1599 καὶ
1859 1546 1949 1599 τοῦ

387 1627 702 1697 Πνεύματος
748 1631 951 1697 οὐκέτι,
981 1632 1034 1685 τί
1089 1634 1245 1701 ἄλλος
1281 1637 1351 1688 Ἢ
1398 1638 1518 1707 οὐχὶ
1562 1638 1787 1710 ἄρνησίς
1835 1642 1951 1692 ἐστι

387 1719 688 1787 περιφανὴς
718 1719 809 1772 τοῦ
856 1722 1123 1792 σωτηρίου
1171 1724 1558 1794 κηρύγματος;
1610 1726 1819 1780 υύκοῦν
1846 1728 1953 1780 ἀπὸ

383 1810 481 1878 τῆς
518 1810 838 1880 Ἐκκλησίας
882 1813 975 1865 ἐπὶ
1020 1814 1117 1876 τὰς
1172 1818 1491 1885 συναγωγὰς
1531 1817 1639 1870 τῶν
1686 1819 1952 1872 Ἰουδαίων

2058 636 2173 705 prie
2214 651 2336 691 esse
2382 646 2747 703 asseverant;
2813 639 3061 707 conjecta
3112 638 3232 692 Filii
3275 648 3329 693 et
3386 640 3625 708 Spiritus

2055 731 2232 783 sancti
2265 730 2575 783 substantia
2605 730 2659 783 in
2684 745 2894 795 eorum,
2937 744 3057 799 quae
3096 747 3202 784 non
3251 739 3399 794 sunt,
3431 747 3623 785 nume-
3707 770 3727 807 ε

2055 836 2175 873 rum
2217 828 2273 874 et
2322 821 2591 885 ordinem,
2640 822 2767 891 quia
2804 836 2966 877 omne
3020 822 3174 885 illud,
3202 821 3346 891 quod
3405 825 3626 891 proprie
3712 815 3717 820 ⁷

2056 926 2165 964 non
2201 919 2303 971 est.
2341 912 2508 965 verbo
2538 912 2676 973 solo.
2718 920 2771 965 et
2805 912 2982 968 abusu
3018 913 3254 982 quodam
3296 911 3627 980 quotidianae
3705 922 3709 982 ρ

2055 1001 2470 1055 consuetudinis
2514 1017 2639 1057 esse
2676 1001 2897 1055 dicitur.
2933 1001 3403 1067 Quemadmodum
3452 1002 3623 1056 homi-

2054 1092 2141 1147 nis
2187 1108 2405 1162 quoque
2462 1093 2880 1162 appellationem
2937 1109 3046 1148 non
3102 1095 3328 1149 sortitur
3365 1093 3474 1158 ille,
3530 1092 3619 1161 qui

2054 1182 2358 1238 imitatione
2387 1192 2618 1248 tantum,
2664 1194 2717 1239 et
2776 1186 2833 1238 in
2870 1200 3134 1255 expressa
3185 1185 3418 1254 imagine
3456 1185 3621 1237 homo

2054 1285 2156 1339 est,
2185 1276 2281 1331 sed
2306 1277 2397 1346 qui
2423 1277 2640 1347 proprie
2680 1278 2804 1331 talis
2833 1278 3055 1342 dicitur,
3086 1279 3290 1348 quique
3324 1292 3428 1331 non
3469 1277 3622 1332 simi~

2057 1366 2227 1420 litudo
2258 1367 2494 1422 hominis
2526 1377 2629 1430 est,
2660 1368 2753 1423 sed
2790 1368 2967 1438 ipsum
2996 1371 3326 1439 arelietypon
3355 1375 3409 1423 et
3440 1382 3623 1422 exem-

2056 1460 2172 1528 plar
2198 1459 2591 1513 similitudinis.
2626 1462 2693 1513 At
2724 1461 2901 1530 imago
2917 1461 3135 1515 nomine
3153 1461 3489 1515 tenusltomo
3514 1469 3617 1511 est.

2053 1552 2394 1621 Quapropter
2428 1568 2534 1605 non
2560 1552 2777 1621 proprie
2814 1562 2899 1607 est
2933 1551 3077 1621 quod
3115 1552 3422 1621 appellatur
3446 1566 3461 1614 ;
3489 1549 3617 1618 quia

2052 1660 2117 1697 ex
2150 1653 2342 1697 natura
2377 1658 2484 1697 non
2520 1653 2604 1699 est
2659 1643 2805 1713 quod
2848 1644 3072 1698 dicitur.
3110 1642 3233 1697 Pari
3265 1643 3430 1713 igitur
3461 1640 3621 1693 modo

2052 1742 2106 1787 et
2145 1734 2254 1798 hic,
2302 1734 2347 1787 si
2380 1735 2497 1787 sola
2556 1733 2735 1795 Patris
2768 1733 3072 1789 substantia
3122 1731 3341 1802 pr0prie
3397 1730 3618 1790 dicitur,

2055 1838 2161 1877 non
2188 1831 2368 1878 autem
2401 1823 2520 1878 Filii
2551 1831 2606 1879 et
2654 1823 2892 1893 Spiritus
2924 1824 3122 1888 sancti,
3163 1823 3293 1891 quid
3329 1820 3479 1875 aliud
3518 1821 3620 1873 ltoe

386 1899 935 1971 παλινδρομείτωσαν,
975 1904 1032 1955 ὲν
1078 1904 1156 1975 τῷ
1196 1904 1270 1976 μὴ
1317 1904 1517 1960 διδόναι
1562 1907 1653 1960 τὸν
1686 1907 1813 1961 Υἰδν
1851 1926 1949 1961 κυ-

2054 1929 2329 1979 censeam,
2361 1929 2523 1982 quam
2584 1914 2998 1982 abnegationem
3051 1914 3393 1968 manifestam
3451 1911 3620 1964 totius

389 1990 515 2059 ρίως
543 1986 701 2057 εἶναι,
732 1992 793 2045 τὸ
827 1995 961 2065 μηδὲ
988 1996 1124 2059 ὅλως
1153 1993 1291 2051 εἶναι
1335 2000 1857 2066 κατασκευάζοντες’
1887 2002 1950 2053 τὸ

383 2082 492 2151 γὰρ
520 2084 722 2155 ἄκυρον
755 2084 833 2155 τῷ
854 2088 1179 2157 ἀνυπάρκτῳ
1213 2090 1405 2143 ταυτόν
1431 2093 1597 2144 ἐστιν.

2057 2003 2273 2067 salutis,
2301 2018 2422 2072 qua:
2461 2004 2622 2057 nobis
2651 2003 2873 2057 caelitus
2905 2002 3225 2056 annuntiata
3258 1999 3385 2054 est?
3418 1996 3618 2051 Confe-

2058 2104 2181 2150 rant
2202 2111 2334 2164 ergo
2354 2110 2475 2150 sese
2502 2096 2570 2148 ab
2595 2094 2838 2149 Ecclesia
2863 2080 2939 2148 add
2968 2108 3270 2164 synagogas
3286 2090 3619 2148 Iudaeorum,

383 2174 510 2228 dum
548 2177 793 2233 nolentes
827 2181 1129 2237 concedere
1174 2182 1369 2238 Filium
1429 2186 1645 2255 proprie
1690 2199 1832 2249 esse,
1886 2186 1939 2240 id
1981 2202 2147 2243 unum
2177 2190 2496 2253 moliuntur,
2531 2197 2591 2243 ut
2621 2198 2798 2245 totum
2831 2189 2977 2243 illius
3002 2204 3126 2243 esse
3195 2201 3228 2241 e
3273 2185 3453 2241 medio
3512 2184 3619 2237 tol-

384 2265 518 2320 lant.
557 2266 692 2322 Nam
722 2268 864 2323 idem
904 2278 987 2325 est
1036 2272 1330 2343 improprie
1360 2291 1507 2341 esse,
1543 2287 1598 2331 et
1644 2291 1753 2331 non
1802 2293 1947 2332 esse.

467 2362 618 2415 Ἐπεὶ
642 2363 698 2415 δὲ
724 2363 817 2416 καὶ
844 2365 1003 2432 σοφὸς
1044 2361 1181 2419 εἶναι
1205 2367 1274 2420 τὰ
1300 2368 1521 2421 τοιαῦτα
1562 2369 1827 2439 βούλεται.
1856 2371 1951 2424 καὶ

384 2454 629 2507 διαπτύει
654 2457 779 2519 τοὺς
803 2455 930 2509 ἄνευ
954 2458 1174 2528 λογικῆς
1199 2461 1507 2531 ἐντρεχείας
1537 2462 1949 2533 ἐπιχειροῦντας

381 2544 460 2613 τῷ
485 2545 717 2614 γράφειν
742 2563 755 2577 ·
781 2548 987 2601 εἰπάτω
1030 2554 1141 2613 τοῖς
1172 2554 1698 2622 καταφρονουμένοις
1725 2556 1853 2623 ἡμῖν
1884 2556 1949 2607 ἐκ

384 2634 541 2697 πτοίας
590 2638 780 2705 σοφίας
843 2640 904 2691 τὸ
954 2638 1148 2708 μᾶλλόν
1194 2657 1250 2693 τε
1296 2642 1390 2695 καὶ
1433 2637 1593 2713 ἦττον
1636 2643 1734 2713 τῆς
1764 2642 1950 2706 οὐσίας

385 2727 668 2798 ἐγνώρισε.
704 2730 798 2794 Τίς
850 2732 1006 2799 λόγος
1037 2733 1066 2785 ό
1107 2734 1204 2804 τὴν
1241 2734 1493 2803 τοιαύτην
1538 2734 1799 2805 διαφορὰν
1845 2751 1948 2788 πα-

386 2824 779 2891 ραστήσας,ὃτι
819 2824 976 2877 οὐσία
1006 2842 1089 2886 τις
1118 2825 1307 2896 ἐτέρας
1344 2826 1528 2889 οὐσίας
1567 2826 1761 2896 μᾶλλόν
1802 2828 1948 2891 ἐστι,

383 2915 502 2966 κατ’
524 2913 656 2967 αὐτὸ
682 2914 823 2982 λέγω
850 2914 909 2968 τὸ
932 2902 1324 2986 σημαινόμενον
1351 2917 1450 2986 τῆς
1479 2918 1665 2981 οὐσίας
1687 2935 1701 2983 ;
1729 2917 1819 2988 Μὴ
1844 2917 1951 2988 γὰρ

382 3006 446 3076 δὴ
484 3006 802 3077 προφερὲτω
826 3008 924 3069 τὰς
960 3006 1069 3061 τῶν
1111 3010 1407 3077 ποιοτήτων
1443 3009 1477 3079 ἢ
1521 3009 1620 3072 τὰς
1667 3008 1774 3062 τῶν
1811 3009 1951 3062 ἰδιω-

388 3092 573 3160 μάτων
604 3092 883 3162 διαφοράς,
919 3094 1041 3147 ὅσαι
1062 3097 1187 3166 περὶ
1220 3096 1403 3148 οὐσίαν
1428 3096 1504 3167 τῷ
1529 3097 1669 3168 λόγῳ
1705 3099 1803 3169 τῆς
1828 3100 1948 3150 ἐπι-

2122 2369 2259 2436 Quia
2282 2386 2410 2425 vero
2445 2368 2745 2425 Eunomius
2792 2368 2847 2421 in
2882 2367 2967 2422 bis
3020 2364 3385 2436 intelligendis
3434 2364 3621 2418 admo-

2052 2464 2181 2519 dum
2208 2464 2382 2518 solers
2424 2462 2527 2518 sibi
2558 2476 2680 2518 esse
2711 2460 2942 2524 videtur,
2988 2467 3043 2514 et
3096 2458 3223 2527 quia
3254 2457 3461 2527 spernit
3499 2471 3619 2509 om-

2050 2572 2149 2611 nes
2186 2556 2328 2621 illos,
2357 2556 2449 2626 qui
2480 2554 2601 2611 sine
2629 2552 2937 2610 disserendi
2965 2552 3266 2606 subtilitate
3290 2559 3343 2604 et
3370 2549 3620 2603 acumine

2049 2650 2115 2703 ad
2138 2647 2484 2704 scribendum
2524 2648 2815 2710 accedunt,
2879 2646 3111 2717 explicet
3169 2643 3398 2697 rudibus
3440 2641 3620 2703 nobis,

2048 2740 2141 2809 qui
2173 2754 2239 2795 ex
2268 2752 2497 2793 numero
2528 2737 2675 2809 vulgi
2728 2753 2941 2801 sumus,
3001 2752 3063 2789 ex
3091 2734 3238 2804 quali
3280 2730 3620 2803 philosophia

2049 2831 2302 2886 didicerit
2357 2831 2722 2886 substantiam
2786 2828 3114 2884 intensionis
3168 2835 3222 2881 et
3286 2823 3621 2880 remissionis

2049 2935 2304 2990 capacem
2336 2935 2478 2975 esse.
2512 2918 2642 2985 Qum
2670 2921 2811 2973 ratio
2846 2918 3038 2983 dictat,
3088 2925 3181 2970 aut
3216 2913 3428 2977 suadet,
3456 2927 3618 2966 unam

2051 3012 2412 3067 substantiam
2442 3012 2609 3065 altera
2651 3010 2824 3079 magis
2853 3025 2975 3065 esse
3004 3006 3389 3067 substantiam,
3425 3019 3621 3058 secun-

2051 3102 2180 3156 dum
2210 3102 2381 3171 ipsam
2413 3101 2535 3155 dico
2577 3101 2899 3155 substantiae
2943 3097 3243 3152 rationem?
3266 3111 3443 3165 neque
3474 3095 3620 3153 volo.

383 3188 531 3249 νοίας
563 3186 1088 3256 καταλαμϐάνονται,
1121 3165 1248 3243 ἄλλο
1289 3206 1341 3241 τι
1384 3165 1533 3259 παρὰ
1569 3165 1950 3261 τὸνύπονκείμε-

2054 3202 2109 3247 ut
2140 3165 2374 3246 adducat
2402 3191 2563 3246 nobis
2585 3191 2910 3260 qualitatum
2960 3196 3053 3242 aut
3088 3188 3482 3257 proprietatum
3516 3185 3620 3238 dif-

384 3297 474 3332 νον
517 3276 693 3333 οὖσαι.
725 3281 797 3334 Οὐ
828 3281 937 3350 γὰρ
986 3281 1194 3352 ἀτμῶν,
1230 3282 1263 3353 ἦ
1293 3284 1620 3354 χρωμάτων,
1663 3283 1695 3353 ἢ
1733 3284 1948 3354 βάρους,

382 3370 418 3441 ἢ
443 3370 745 3441 δυνάμεως,
782 3371 815 3442 ἢ
843 3371 1172 3443 ἀξιώματος,
1202 3374 1235 3445 ἢ
1264 3376 1497 3443 τρόπων,
1524 3376 1614 3427 καὶ
1642 3375 1803 3445 ήΟους
1834 3375 1950 3428 δια-

385 3466 577 3536 φορὰς,
609 3466 641 3538 ἣ
671 3466 801 3519 εἴτι
834 3468 959 3521 ἄλλο
996 3468 1212 3538 περίττε
1249 3470 1404 3538 σῶμα
1462 3471 1555 3524 καὶ
1599 3470 1771 3540 ψυχὴν
1815 3471 1951 3523 Θεω-

387 3561 577 3628 ρείται,
626 3557 793 3611 ταῦτα
837 3559 1121 3628 πρόκειται
1169 3558 1262 3611 νῦν
1305 3556 1578 3623 ἐξετάζειν
1605 3576 1618 3588 '
1677 3560 1791 3613 ἀλλ’
1823 3560 1953 3613 αὐτὸ

383 3650 524 3718 λέγω
555 3652 931 3721 ὑποκείμενον,
976 3644 1020 3719 ᾧ
1074 3653 1275 3722 κυρίως
1302 3653 1363 3704 τὸ
1411 3654 1508 3723 τῆς
1536 3653 1717 3716 οὐσίας
1762 3654 1949 3707 ἐπικέ-

382 3735 576 3806 κληται
602 3738 791 3808 ὄνομα.
814 3740 867 3792 εί
894 3755 1017 3792 τινα
1047 3740 1181 3810 πρὸς
1222 3739 1387 3811 ἄλλην
1417 3742 1601 3794 οὐσίαν
1628 3744 1684 3793 ὲν
1706 3741 1782 3811 τῷ
1813 3744 1949 3813 μᾶλ-

382 3830 472 3882 λον
502 3826 638 3883 εἶναι
677 3830 775 3900 τὴν
802 3830 1062 3901 διαφορὰν
1108 3831 1239 3900 ἔχει.
1278 3832 1415 3885 Ἀλλ’
1461 3832 1612 3886 οὔπω
1648 3834 1809 3905 μέχρι
1855 3834 1948 3888 τοῦ

382 3920 478 3974 νῦν
509 3923 822 3991 ἀκηκόαμεν
854 3922 948 3975 δύο
994 3923 1155 3974 τινῶν
1187 3923 1631 3995 ὁμολογουμένων
1658 3921 1815 3989 εἶναι,
1847 3925 1952 3990 ἕως

387 4012 452 4065 ἓν
475 4013 757 4083 ἀμφότερα
781 4010 837 4084 ᾖ,
862 4013 922 4065 τὸ
948 4013 1044 4082 μέν
1060 4031 1112 4065 τι
1137 4013 1364 4083 μᾶλλον,
1386 4013 1448 4066 τὸ
1466 4015 1520 4066 δὲ
1550 4015 1766 4068 ἔλαττον
1792 4011 1948 4069 εἶναι·

384 4104 629 4176 ἔστιγὰρ
652 4106 852 4175 ομοίως
882 4107 1160 4177 ἑκάτερον,
1182 4106 1288 4169 ἓως
1311 4106 1377 4161 ἂν
1473 4108 1606 4161 καθό
1642 4112 1808 4174 ἐστιν,
1849 4111 1951 4163 ὑπ·

385 4197 740 4267 εξῃρημένου,
785 4197 965 4262 καθὼς
1002 4199 1354 4269 προείρηται,
1384 4199 1478 4252 τοῦ
1527 4201 1667 4253 κατᾶ
1715 4200 1776 4253 τὸ
1818 4217 1951 4271 προ-

384 4289 668 4359 τιμότερον
705 4290 738 4360 ἥ
768 4289 1147 4360 διαρκέπερον
1178 4290 1360 4360 λόγου.

2051 3284 2333 3345 ferentias,
2371 3297 2507 3352 quas
2565 3282 2623 3335 in
2655 3282 2963 3336 substantia
3011 3279 3343 3350 cogitatione
3376 3277 3621 3345 concipi-

2050 3390 2190 3436 mus,
2226 3386 2454 3442 quaeque
2503 3369 2780 3426 diversum
2823 3370 3083 3439 quiddam
3130 3377 3261 3423 sunt
3312 3368 3380 3421 ab
3428 3382 3494 3421 c0
3535 3366 3623 3419 cui

2050 3467 2288 3520 insunt:
2342 3479 2450 3518 nou
2511 3464 2655 3518 enim
2716 3462 3128 3533 inquisitionem
3164 3460 3504 3515 instituimus
3557 3458 3624 3515 de

2049 3557 2362 3612 diversitate
2401 3556 2692 3618 halituum,
2718 3555 2989 3619 Colorum,
3030 3553 3337 3625 gravitatis,
3386 3551 3621 3610 roboris,

2056 3649 2355 3720 dignitatis,
2416 3664 2630 3703 morum
2686 3659 2740 3703 et
2780 3648 2999 3711 indolis,
3057 3648 3142 3701 vel
3192 3646 3447 3707 aliorum,
3505 3659 3625 3713 qua:

2056 3748 2272 3819 corpori
2305 3756 2359 3802 et
2389 3749 2571 3801 animo
2622 3745 2885 3800 inlmrere
2925 3744 3357 3812 contemplamur
3390 3760 3403 3795 :
3434 3740 3528 3794 sed
3558 3738 3625 3793 de

2058 3839 2176 3908 ipso
2210 3838 2475 3907 subjecto,
2508 3837 2594 3890 cui
2631 3835 2849 3905 proprie
2897 3849 3093 3887 nomen
3126 3833 3445 3887 substantiae
3475 3845 3623 3883 com-

2056 3931 2211 3998 petit,
2236 3929 2531 3998 quaerimus
2577 3928 2632 3981 in
2665 3927 2913 3996 prazsenti
2947 3943 2962 3992 ;
3017 3939 3143 3997 num
3202 3933 3453 3992 respectu
3485 3923 3622 3975 alte-

2052 4022 2189 4084 rius,
2223 4020 2636 4090 praerogativam
2667 4016 2964 4087 quamdam
3000 4017 3051 4069 in
3110 4017 3233 4080 hoc,
3267 4014 3413 4084 quod
3447 4013 3623 4082 magis

2052 4111 2145 4173 sit,
2173 4109 2434 4164 obtineat.
2467 4107 2631 4176 Atqui
2665 4106 2731 4159 ad
2767 4105 2915 4160 hunc
2951 4120 3123 4173 usque
3151 4104 3294 4157 diem
3340 4117 3619 4171 nunquam

2052 4200 2360 4255 audivimus
2407 4199 2516 4253 duo
2567 4197 2835 4268 quaedam,
2882 4211 3002 4266 qua:
3058 4195 3299 4249 omnium
3354 4207 3627 4247 consensu

2052 4299 2200 4353 sunt,
2223 4289 2485 4360 quamdiu
2516 4291 2677 4342 ambo
2706 4288 2925 4357 quidem
2953 4296 3100 4345 sunt.
3152 4287 3383 4340 alterum
3427 4283 3625 4353 magis,

386 4380 614 4433 alterum
650 4382 831 4435 minus
849 4396 991 4435 esse.
1020 4381 1326 4450 Equaliter
1353 4383 1497 4437 enim
1517 4392 1809 4450 utrumque
1837 4389 1943 4446 est,
1979 4382 2240 4452 quamdiu
2274 4391 2381 4444 est,
2438 4380 2583 4450 quod
2627 4388 2731 4441 est,
2759 4380 2971 4434 sublata
3040 4377 3188 4430 omni
3250 4391 3479 4446 prorsus
3529 4389 3626 4429 ex-

386 4487 577 4526 cessus
603 4480 655 4525 et
679 4472 926 4526 defectus
962 4475 1195 4538 ratione,
1227 4482 1286 4528 ut
1323 4484 1480 4530 antea
1516 4478 1778 4531 diximus.

456 4564 521 4617 Εἰ
546 4565 646 4633 μὲν
670 4561 762 4617 οὖν
790 4567 848 4618 οὐ
875 4567 1086 4620 δίδωσιν
1119 4568 1255 4633 ὅλως
1279 4571 1337 4624 ὲν
1370 4572 1525 4642 οὐσίᾳ
1556 4573 1646 4625 τὸν
1674 4573 1951 4643 Μονογενῆ

2126 4566 2183 4621 Si
2217 4568 2382 4637 igitur
2413 4568 2637 4620 omnino
2669 4583 2774 4620 non
2803 4565 3145 4627 conceditur,
3178 4563 3459 4633 unigenito
3487 4563 3626 4619 Filio

387 4654 706 4725 θεωρεῖσθαι
750 4659 766 4726 l_
786 4657 921 4726 πρὸς
965 4658 1123 4712 τοῦτο
1151 4660 1260 4731 γὰρ
1291 4661 1433 4715 ἔοικε
1475 4663 1769 4735 λεληθότως
1808 4664 1958 4733 αὐτῷ

384 4746 807 4803 κατολισθαίνειν
832 4750 859 4800 ὁ
892 4748 1094 4819 λόγος),
1121 4753 1149 4804 ὁ
1188 4754 1261 4822 μὴ
1287 4753 1462 4818 διδοὺς
1493 4755 1639 4824 αὐτῷ
1670 4755 1730 4807 τὸ
1756 4756 1959 4826 κυρίως

385 4830 545 4899 εἶναι,
577 4838 711 4907 μηδὲ
749 4838 809 4890 τὸ
859 4835 1021 4910 ἦττον
1049 4842 1138 4893 ἐπ’
1180 4842 1345 4895 αὐτοῦ
1396 4845 1746 4914 συγχωρείτω
1768 4862 1781 4874 ’
1814 4848 1864 4897 εἱ
1897 4845 1957 4897 δὲ

385 4927 625 4980 ἐνούσιον
677 4929 903 4999 δύναμιν
947 4932 1201 5001 ὁμολογεῖ
1243 4934 1334 4987 τὸν
1376 4936 1502 4988 Υίὸν
1534 4937 1776 4989 ὁπωσοῦν
1825 4938 1957 4989 ὐπος

386 5019 585 5072 στάντα
636 5021 826 5089 (οὔπω
872 5022 980 5093 γὰρ
1027 5027 1155 5095 περὶ
1198 5026 1387 5080 τούτου
1434 5027 1872 5098 διαμαχόμεθα),
1903 5028 1956 5081 τί

384 5110 545 5163 πάλιν
574 5113 887 5185 ἀφαιρεῖται
918 5116 947 5168 ὃ
978 5116 1158 5170 δίδωσι
1180 5135 1195 5150 ο
1224 5118 1314 5172 τὸν
1356 5119 1753 5189 ὁμολογηθέντα
1792 5116 1953 5183 εἶναι,

383 5203 461 5273 τῷ
501 5206 574 5275 μὴ
614 5208 812 5276 κυρίως
857 5204 995 5261 εἶναι
1034 5210 1472 5273 κατασκευάζων,
1507 5212 1640 5279 ὅπερ
1673 5206 1785 5264 ἶσόν
1819 5214 1953 5275 ἐστι,

385 5293 566 5357 καθὼς
616 5298 848 5367 εἴρηται,
880 5298 955 5367 τῷ
992 5299 1125 5369 μηδὲ
1166 5300 1299 5361 ὅλως
1351 5296 1527 5363 sivetu;
1568 5300 1653 5363 Ὠς
1698 5297 1805 5369 γὰρ
1856 5301 1956 5353 οὐκ

386 5385 531 5440 ἐστιν
551 5388 834 5458 ἄνθρωπον
869 5388 1029 5456 εἶναι,
1058 5386 1101 5459 ᾧ
1131 5394 1204 5464 μὴ
1228 5394 1446 5455 τελείως
1472 5397 1499 5453 ὁ
1530 5392 1668 5446 κατὰ
1694 5392 1753 5443 τὸ
1786 5392 1955 5460 ὄνομα

385 5475 541 5545 λόγος
584 5481 956 5551 ξὶ(ίνίὶριιυηται-
986 5485 1063 5553 τῷ
1084 5484 1139 5537 δὲ
1165 5485 1459 5539 ἐλλείποντι
1493 5483 1601 5536 τῶν
1630 5483 1954 5552 ἰδιωμάτων,

386 5567 505 5632 ὅλος
546 5571 575 5622 ὁ
604 5573 698 5643 τῆς
728 5576 913 5638 οὐσίας
950 5576 1096 5646 αὐτῷ
1118 5577 1571 5647 συνδιαγράφεται
1599 5577 1780 5643 λόγος·
1812 5573 1956 5628 οὔτω

387 5668 481 5721 καὶ
506 5667 599 5719 ἐπὶ
626 5667 821 5730 παντὸς
851 5669 1196 5737 πράγματος,
1236 5664 1279 5736 ᾧ
1309 5670 1383 5740 μὴ
1425 5668 1663 5730 τελείως,
1697 5669 1833 5736 μήτε
1860 5684 1957 5719 κυ-

389 5757 522 5830 ρίως
553 5756 613 5810 τὸ
641 5754 776 5811 εἶναι
823 5765 1342 5832 προσμαρτυρείται,
1390 5759 1641 5830 οὐδεμίαν
1683 5756 1956 5822 ἀπόδειξιν

400 5840 627 5913 ἔχειτῆς
666 5849 1015 5913 ὑποστάσεως
1053 5854 1085 5919 ἡ
1132 5853 1327 5923 μερικὴ
1369 5852 1461 5906 τοῦ
1502 5848 1635 5904 εἶναι
1687 5848 1952 5917 συγκατά-

2057 4664 2321 4715 rationem
2348 4662 2672 4715 substantia:
2697 4660 2992 4714 convenire
3019 4678 3030 4712 :
3059 4660 3165 4711 huc
3206 4659 3374 4720 enim,
3425 4673 3624 4727 quant-

2056 4753 2138 4807 vis
2171 4751 2510 4807 clandestina
2545 4752 2649 4814 via,
2694 4752 2919 4805 tendere
2965 4750 3177 4804 videtur
3227 4750 3377 4804 illius
3412 4752 3625 4813 oratio;

2054 4862 2175 4901 cum
2195 4863 2318 4901 eum
2352 4845 2571 4914 proprie
2610 4859 2731 4898 esse
2763 4849 2943 4912 negat,
2964 4842 3191 4895 deberet
3222 4842 3384 4895 etiam
3419 4857 3622 4915 negare

2053 4954 2176 4992 eum
2211 4939 2390 4991 minus
2422 4952 2562 4991 esse.
2615 4933 2771 5000 Quod
2803 4935 2849 4989 si
2876 4933 3074 4986 fatetur
3101 4931 3301 4986 Filium
3342 4949 3464 4989 esse
3493 4932 3628 4988 sub-

2054 5030 2313 5083 stantiam
2349 5028 2664 5098 quamdam,
2706 5024 3199 5095 quomodocunque
3235 5024 3625 5079 subsistentem

2057 5114 2319 5183 (nondum
2346 5116 2488 5168 enim
2527 5114 2592 5167 de
2623 5115 2725 5167 hoc
2747 5112 3162 5181 disceptamus),
3192 5127 3291 5166 cur
3320 5113 3517 5167 iterum
3548 5114 3628 5169 ei-

2055 5204 2176 5259 dem
2212 5207 2356 5275 quod
2406 5205 2637 5275 largitur
2680 5204 2900 5267 adimit,
2953 5203 3082 5256 dum
3115 5219 3237 5258 eum
3281 5221 3442 5273 quem
3492 5219 3626 5258 cou-

2057 5296 2235 5353 fessus
2262 5307 2345 5353 est
2374 5313 2515 5358 esse,
2563 5312 2658 5365 per
2694 5297 2797 5349 hoc
2821 5295 2965 5365 quod
2995 5296 3277 5351 contendit
3319 5298 3620 5366 improprie

2054 5405 2198 5453 esse,
2232 5392 2450 5459 penitus
2473 5390 2652 5443 abolet
2673 5401 2727 5442 et
2765 5388 2948 5441 tollit?
2981 5385 3122 5441 Idem
3172 5389 3317 5442 enim
3350 5397 3436 5443 est
3482 5388 3627 5457 quod

2054 5485 2278 5537 omnino
2308 5499 2412 5536 non
2447 5498 2591 5545 esse,
2626 5488 2685 5534 ut
2711 5480 2873 5549 paulo
2903 5490 3029 5533 ante
3061 5482 3396 5534 monuimus.
3428 5479 3629 5545 Quem-

2055 5575 2347 5630 admodum
2394 5575 2536 5628 enim
2571 5571 2704 5627 illud
2759 5572 2921 5626 homo
2956 5586 3062 5624 non
3095 5578 3199 5636 est,
3233 5571 3324 5624 cui
3378 5571 3623 5624 nominis

2055 5669 2195 5722 ratio
2231 5666 2461 5737 perfecte
2498 5681 2605 5720 non
2645 5666 2898 5737 congruit
2931 5686 2944 5721 :
2979 5665 3124 5736 quod
3159 5672 3339 5719 autem
3376 5665 3625 5735 proprie-

2056 5760 2259 5814 tatibus
2293 5759 2367 5814 rei
2395 5768 2565 5821 caret.
2598 5758 2646 5812 ei
2669 5767 2779 5813 tota
2814 5759 3140 5813 substantiae
3172 5758 3317 5812 illius
3342 5757 3485 5811 ratio
3524 5756 3622 5811 ab-

2054 5850 2329 5920 iudicatur
2359 5870 2369 5905 :
2411 5854 2482 5904 ita
2515 5851 2809 5921 generatim
2846 5848 3121 5920 contingit
3151 5848 3205 5905 in
3266 5838 3413 5897 omni
3442 5851 3517 5897 re.
3554 5840 3619 5892 de
