  <div class='ocr_page' id='page_1' title='image "/cluster/home/n/w/nwhite01/storage/ocr_20150623/45/nnc1.0046978445/165.png"; bbox 0 0 4166 6372; ppageno 0'>
   <div class='ocr_carea' id='block_1_1' title="bbox 521 363 624 421">
    <p class='ocr_par' dir='ltr' id='par_1_1' title="bbox 521 363 624 421">
     <span class='ocr_line' id='line_1_1' title="bbox 521 363 624 421; baseline -0.019 0"><span class='ocrx_word' id='word_1_1' title='bbox 521 363 624 421; x_wconf 74' lang='lat'><strong>307</strong></span> 
     </span>
    </p>
   </div>
   <div class='ocr_carea' id='block_1_2' title="bbox 1763 357 2515 417">
    <p class='ocr_par' dir='ltr' id='par_1_2' title="bbox 1763 357 2515 417">
     <span class='ocr_line' id='line_1_2' title="bbox 1763 357 2515 417; baseline -0.001 -2"><span class='ocrx_word' id='word_1_2' title='bbox 1763 359 1818 416; x_wconf 87' lang='lat' dir='ltr'><strong>S.</strong></span> <span class='ocrx_word' id='word_1_3' title='bbox 1863 357 2188 417; x_wconf 75' lang='lat' dir='ltr'><strong>GREGORII</strong></span> <span class='ocrx_word' id='word_1_4' title='bbox 2223 357 2515 416; x_wconf 71' lang='lat' dir='ltr'><strong>NYSSE‘NI</strong></span> 
     </span>
    </p>
   </div>
   <div class='ocr_carea' id='block_1_3' title="bbox 3683 359 3786 416">
    <p class='ocr_par' dir='ltr' id='par_1_3' title="bbox 3683 359 3786 416">
     <span class='ocr_line' id='line_1_3' title="bbox 3683 359 3786 416; baseline -0.019 0"><span class='ocrx_word' id='word_1_5' title='bbox 3683 359 3786 416; x_wconf 81' lang='lat'><strong>308</strong></span> 
     </span>
    </p>
   </div>
   <div class='ocr_carea' id='block_1_4' title="bbox 518 479 2120 559">
    <p class='ocr_par' dir='ltr' id='par_1_4' title="bbox 518 483 2099 559">
     <span class='ocr_line' id='line_1_4' title="bbox 518 483 2099 559; baseline -0.004 -17"><span class='ocrx_word' id='word_1_6' title='bbox 518 502 630 559; x_wconf 89' lang='lat' dir='ltr'><strong>qua</strong></span> <span class='ocrx_word' id='word_1_7' title='bbox 658 499 786 541; x_wconf 83' lang='lat' dir='ltr'><strong>vere</strong></span> <span class='ocrx_word' id='word_1_8' title='bbox 825 499 933 542; x_wconf 89' lang='lat' dir='ltr'><strong>non</strong></span> <span class='ocrx_word' id='word_1_9' title='bbox 978 483 1300 549; x_wconf 84' lang='lat' dir='ltr'><strong>aflirmatur,</strong></span> <span class='ocrx_word' id='word_1_10' title='bbox 1359 485 1506 556; x_wconf 87' lang='lat' dir='ltr'><strong>quod</strong></span> <span class='ocrx_word' id='word_1_11' title='bbox 1559 484 1639 540; x_wconf 84' lang='lat' dir='ltr'><strong>vel</strong></span> <span class='ocrx_word' id='word_1_12' title='bbox 1694 483 1963 555; x_wconf 75' lang='lat' dir='ltr'><strong>perfecte,</strong></span> <span class='ocrx_word' id='word_1_13' title='bbox 2013 483 2099 540; x_wconf 86' lang='lat' dir='ltr'><strong>vel</strong></span> 
     </span>
    </p>
   </div>
   <div class='ocr_carea' id='block_1_5' title="bbox 2224 479 3787 559">
    <p class='ocr_par' dir='ltr' id='par_1_5' title="bbox 2224 479 3787 553">
     <span class='ocr_line' id='line_1_5' title="bbox 2224 479 3787 553; baseline -0.001 -17"><span class='ocrx_word' id='word_1_14' title='bbox 2224 484 2380 548; x_wconf 75' lang='lat' dir='ltr'><strong>lset;’</strong></span> <span class='ocrx_word' id='word_1_15' title='bbox 2419 481 2556 537; x_wconf 85' lang='grc' dir='ltr'><strong>ἀλλά</strong></span> <span class='ocrx_word' id='word_1_16' title='bbox 2589 479 2688 553; x_wconf 81' lang='grc' dir='ltr'><strong>τὴν</strong></span> <span class='ocrx_word' id='word_1_17' title='bbox 2717 479 2945 534; x_wconf 83' lang='grc' dir='ltr'><strong>καθόλου</strong></span> <span class='ocrx_word' id='word_1_18' title='bbox 2978 479 3069 534; x_wconf 80' lang='grc' dir='ltr'>τοῦ</span> <span class='ocrx_word' id='word_1_19' title='bbox 3101 480 3462 550; x_wconf 87' lang='grc' dir='ltr'>ὑποκειμένου</span> <span class='ocrx_word' id='word_1_20' title='bbox 3507 480 3787 550; x_wconf 81' lang='grc' dir='ltr'>ἀναίρεσιν</span> 
     </span>
    </p>
   </div>
   <div class='ocr_carea' id='block_1_6' title="bbox 521 576 2100 650">
    <p class='ocr_par' dir='ltr' id='par_1_6' title="bbox 521 576 2100 650">
     <span class='ocr_line' id='line_1_6' title="bbox 521 576 2100 650; baseline -0.001 -20"><span class='ocrx_word' id='word_1_21' title='bbox 521 579 743 650; x_wconf 86' lang='lat' dir='ltr'><strong>proprie</strong></span> <span class='ocrx_word' id='word_1_22' title='bbox 775 577 846 632; x_wconf 88' lang='lat' dir='ltr'><strong>sit</strong></span> <span class='ocrx_word' id='word_1_23' title='bbox 878 599 890 632; x_wconf 88' lang='lat'><strong>:</strong></span> <span class='ocrx_word' id='word_1_24' title='bbox 927 593 1036 632; x_wconf 91' lang='lat' dir='ltr'><strong>non</strong></span> <span class='ocrx_word' id='word_1_25' title='bbox 1064 579 1210 633; x_wconf 90' lang='lat' dir='ltr'><strong>enim</strong></span> <span class='ocrx_word' id='word_1_26' title='bbox 1235 579 1307 634; x_wconf 93' lang='lat' dir='ltr'><strong>ob</strong></span> <span class='ocrx_word' id='word_1_27' title='bbox 1346 578 1399 633; x_wconf 88' lang='lat' dir='ltr'><strong>id</strong></span> <span class='ocrx_word' id='word_1_28' title='bbox 1429 593 1550 633; x_wconf 89' lang='lat' dir='ltr'><strong>eam</strong></span> <span class='ocrx_word' id='word_1_29' title='bbox 1583 591 1708 632; x_wconf 91' lang='lat' dir='ltr'><strong>esse</strong></span> <span class='ocrx_word' id='word_1_30' title='bbox 1749 576 2100 632; x_wconf 86' lang='lat' dir='ltr'><strong>demonstra-</strong></span> 
     </span>
    </p>
   </div>
   <div class='ocr_carea' id='block_1_7' title="bbox 523 667 2102 740">
    <p class='ocr_par' dir='ltr' id='par_1_7' title="bbox 523 667 2102 740">
     <span class='ocr_line' id='line_1_7' title="bbox 523 667 2102 740; baseline -0.001 -17"><span class='ocrx_word' id='word_1_31' title='bbox 523 671 692 731; x_wconf 79' lang='lat' dir='ltr'><strong>veris,</strong></span> <span class='ocrx_word' id='word_1_32' title='bbox 734 669 878 740; x_wconf 91' lang='lat' dir='ltr'><strong>quod</strong></span> <span class='ocrx_word' id='word_1_33' title='bbox 911 669 1087 724; x_wconf 90' lang='lat' dir='ltr'><strong>eidem</strong></span> <span class='ocrx_word' id='word_1_34' title='bbox 1138 681 1347 740; x_wconf 89' lang='lat' dir='ltr'><strong>partem</strong></span> <span class='ocrx_word' id='word_1_35' title='bbox 1375 669 1533 740; x_wconf 90' lang='lat' dir='ltr'><strong>quasi</strong></span> <span class='ocrx_word' id='word_1_36' title='bbox 1587 668 1843 724; x_wconf 63' lang='lat' dir='ltr'><strong>essentia:</strong></span> <span class='ocrx_word' id='word_1_37' title='bbox 1871 677 1926 722; x_wconf 92' lang='lat' dir='ltr'><strong>et</strong></span> <span class='ocrx_word' id='word_1_38' title='bbox 1957 667 2102 722; x_wconf 90' lang='lat' dir='ltr'><strong>exsi-</strong></span> 
     </span>
    </p>
   </div>
   <div class='ocr_carea' id='block_1_8' title="bbox 525 761 2103 833">
    <p class='ocr_par' dir='ltr' id='par_1_8' title="bbox 525 761 2103 833">
     <span class='ocr_line' id='line_1_8' title="bbox 525 761 2103 833; baseline -0.001 -15"><span class='ocrx_word' id='word_1_39' title='bbox 525 765 744 818; x_wconf 74' lang='lat' dir='ltr'><strong>stentia:</strong></span> <span class='ocrx_word' id='word_1_40' title='bbox 774 764 1070 819; x_wconf 83' lang='lat' dir='ltr'><strong>concedas.</strong></span> <span class='ocrx_word' id='word_1_41' title='bbox 1107 763 1211 829; x_wconf 92' lang='lat' dir='ltr'><strong>Qui</strong></span> <span class='ocrx_word' id='word_1_42' title='bbox 1243 764 1388 819; x_wconf 91' lang='lat' dir='ltr'><strong>enim</strong></span> <span class='ocrx_word' id='word_1_43' title='bbox 1425 779 1540 817; x_wconf 90' lang='lat' dir='ltr'><strong>rem</strong></span> <span class='ocrx_word' id='word_1_44' title='bbox 1572 761 1792 833; x_wconf 86' lang='lat' dir='ltr'><strong>proprie</strong></span> <span class='ocrx_word' id='word_1_45' title='bbox 1841 777 1949 816; x_wconf 91' lang='lat' dir='ltr'><strong>non</strong></span> <span class='ocrx_word' id='word_1_46' title='bbox 1980 777 2103 816; x_wconf 90' lang='lat' dir='ltr'><strong>esse</strong></span> 
     </span>
    </p>
   </div>
   <div class='ocr_carea' id='block_1_9' title="bbox 526 854 2105 925">
    <p class='ocr_par' dir='ltr' id='par_1_9' title="bbox 526 854 2105 925">
     <span class='ocr_line' id='line_1_9' title="bbox 526 854 2105 925; baseline -0.003 -13"><span class='ocrx_word' id='word_1_47' title='bbox 526 856 748 921; x_wconf 88' lang='lat' dir='ltr'><strong>astruit,</strong></span> <span class='ocrx_word' id='word_1_48' title='bbox 784 858 830 912; x_wconf 89' lang='lat' dir='ltr'><strong>is</strong></span> <span class='ocrx_word' id='word_1_49' title='bbox 862 857 1032 912; x_wconf 89' lang='lat' dir='ltr'><strong>totius</strong></span> <span class='ocrx_word' id='word_1_50' title='bbox 1061 858 1142 912; x_wconf 90' lang='lat' dir='ltr'><strong>rei</strong></span> <span class='ocrx_word' id='word_1_51' title='bbox 1175 856 1455 911; x_wconf 90' lang='lat' dir='ltr'><strong>interitum</strong></span> <span class='ocrx_word' id='word_1_52' title='bbox 1490 866 1544 910; x_wconf 84' lang='lat' dir='ltr'><strong>et</strong></span> <span class='ocrx_word' id='word_1_53' title='bbox 1589 856 1891 925; x_wconf 90' lang='lat' dir='ltr'><strong>perniciem</strong></span> <span class='ocrx_word' id='word_1_54' title='bbox 1932 854 2105 909; x_wconf 86' lang='lat' dir='ltr'><strong>medi-</strong></span> 
     </span>
    </p>
   </div>
   <div class='ocr_carea' id='block_1_10' title="bbox 526 948 2105 1020">
    <p class='ocr_par' dir='ltr' id='par_1_10' title="bbox 526 948 2105 1020">
     <span class='ocr_line' id='line_1_10' title="bbox 526 948 2105 1020; baseline -0.002 -17"><span class='ocrx_word' id='word_1_55' title='bbox 526 956 696 1003; x_wconf 90' lang='lat' dir='ltr'><strong>tatur.</strong></span> <span class='ocrx_word' id='word_1_56' title='bbox 727 948 1074 1020; x_wconf 82' lang='lat' dir='ltr'><strong>Quapropter</strong></span> <span class='ocrx_word' id='word_1_57' title='bbox 1109 949 1175 1004; x_wconf 89' lang='lat' dir='ltr'><strong>ad</strong></span> <span class='ocrx_word' id='word_1_58' title='bbox 1205 950 1451 1010; x_wconf 88' lang='lat' dir='ltr'><strong>meliora,</strong></span> <span class='ocrx_word' id='word_1_59' title='bbox 1482 949 1526 1004; x_wconf 89' lang='lat' dir='ltr'><strong>si</strong></span> <span class='ocrx_word' id='word_1_60' title='bbox 1560 951 1725 1019; x_wconf 87' lang='lat' dir='ltr'><strong>sapit,</strong></span> <span class='ocrx_word' id='word_1_61' title='bbox 1773 949 2018 1002; x_wconf 91' lang='lat' dir='ltr'><strong>animum</strong></span> <span class='ocrx_word' id='word_1_62' title='bbox 2050 954 2105 1002; x_wconf 90' lang='lat' dir='ltr'><strong>et</strong></span> 
     </span>
    </p>
   </div>
   <div class='ocr_carea' id='block_1_11' title="bbox 529 1039 2104 1112">
    <p class='ocr_par' dir='ltr' id='par_1_11' title="bbox 529 1039 2104 1112">
     <span class='ocr_line' id='line_1_11' title="bbox 529 1039 2104 1112; baseline -0.002 -17"><span class='ocrx_word' id='word_1_63' title='bbox 529 1041 919 1112; x_wconf 84' lang='lat' dir='ltr'><strong>cogitationem</strong></span> <span class='ocrx_word' id='word_1_64' title='bbox 951 1041 1268 1105; x_wconf 80' lang='lat' dir='ltr'><strong>transferat,</strong></span> <span class='ocrx_word' id='word_1_65' title='bbox 1295 1050 1349 1096; x_wconf 91' lang='lat' dir='ltr'><strong>et</strong></span> <span class='ocrx_word' id='word_1_66' title='bbox 1379 1041 1582 1096; x_wconf 91' lang='lat' dir='ltr'><strong>docere</strong></span> <span class='ocrx_word' id='word_1_67' title='bbox 1631 1049 1812 1096; x_wconf 87' lang='lat' dir='ltr'><strong>cesset</strong></span> <span class='ocrx_word' id='word_1_68' title='bbox 1841 1039 2104 1096; x_wconf 90' lang='lat' dir='ltr'><strong>substan-</strong></span> 
     </span>
    </p>
   </div>
   <div class='ocr_carea' id='block_1_12' title="bbox 532 1128 2108 1202">
    <p class='ocr_par' dir='ltr' id='par_1_12' title="bbox 532 1128 2108 1202">
     <span class='ocr_line' id='line_1_12' title="bbox 532 1128 2108 1202; baseline 0 -19"><span class='ocrx_word' id='word_1_69' title='bbox 532 1131 662 1185; x_wconf 84' lang='lat' dir='ltr'><strong>tiam</strong></span> <span class='ocrx_word' id='word_1_70' title='bbox 706 1129 982 1201; x_wconf 82' lang='lat' dir='ltr'><strong>Unigeniti</strong></span> <span class='ocrx_word' id='word_1_71' title='bbox 1026 1131 1325 1202; x_wconf 85' lang='lat' dir='ltr'><strong>improprie</strong></span> <span class='ocrx_word' id='word_1_72' title='bbox 1381 1137 1435 1185; x_wconf 84' lang='lat' dir='ltr'><strong>et</strong></span> <span class='ocrx_word' id='word_1_73' title='bbox 1467 1131 1651 1185; x_wconf 91' lang='lat' dir='ltr'><strong>minus</strong></span> <span class='ocrx_word' id='word_1_74' title='bbox 1682 1145 1826 1185; x_wconf 89' lang='lat' dir='ltr'><strong>esse.</strong></span> <span class='ocrx_word' id='word_1_75' title='bbox 1871 1128 2026 1196; x_wconf 86' lang='lat' dir='ltr'><strong>Quod</strong></span> <span class='ocrx_word' id='word_1_76' title='bbox 2060 1128 2108 1183; x_wconf 88' lang='lat' dir='ltr'><strong>si</strong></span> 
     </span>
    </p>
   </div>
   <div class='ocr_carea' id='block_1_13' title="bbox 533 1220 2102 1293">
    <p class='ocr_par' dir='ltr' id='par_1_13' title="bbox 533 1220 2102 1293">
     <span class='ocr_line' id='line_1_13' title="bbox 533 1220 2102 1293; baseline -0.003 -17"><span class='ocrx_word' id='word_1_77' title='bbox 533 1223 590 1276; x_wconf 90' lang='lat' dir='ltr'><strong>in</strong></span> <span class='ocrx_word' id='word_1_78' title='bbox 629 1222 906 1293; x_wconf 88' lang='lat' dir='ltr'><strong>impietate</strong></span> <span class='ocrx_word' id='word_1_79' title='bbox 959 1223 1256 1292; x_wconf 88' lang='lat' dir='ltr'><strong>persistere</strong></span> <span class='ocrx_word' id='word_1_80' title='bbox 1301 1222 1493 1278; x_wconf 85' lang='lat' dir='ltr'><strong>statuit</strong></span> <span class='ocrx_word' id='word_1_81' title='bbox 1521 1221 1791 1292; x_wconf 87' lang='lat' dir='ltr'><strong>(quamvis</strong></span> <span class='ocrx_word' id='word_1_82' title='bbox 1839 1220 2102 1285; x_wconf 85' lang='lat' dir='ltr'><strong>nesciam,</strong></span> 
     </span>
    </p>
   </div>
   <div class='ocr_carea' id='block_1_14' title="bbox 532 1311 2107 1382">
    <p class='ocr_par' dir='ltr' id='par_1_14' title="bbox 532 1311 2107 1382">
     <span class='ocr_line' id='line_1_14' title="bbox 532 1311 2107 1382; baseline -0.001 -16"><span class='ocrx_word' id='word_1_83' title='bbox 532 1331 632 1369; x_wconf 85' lang='lat' dir='ltr'><strong>cur</strong></span> <span class='ocrx_word' id='word_1_84' title='bbox 663 1315 795 1369; x_wconf 82' lang='lat' dir='ltr'><strong>velit</strong></span> <span class='ocrx_word' id='word_1_85' title='bbox 820 1314 1158 1368; x_wconf 89' lang='lat' dir='ltr'><strong>conditorem</strong></span> <span class='ocrx_word' id='word_1_86' title='bbox 1188 1329 1349 1370; x_wconf 87' lang='lat' dir='ltr'><strong>suum</strong></span> <span class='ocrx_word' id='word_1_87' title='bbox 1390 1311 1670 1382; x_wconf 88' lang='lat' dir='ltr'><strong>Deumque</strong></span> <span class='ocrx_word' id='word_1_88' title='bbox 1696 1321 1750 1368; x_wconf 87' lang='lat' dir='ltr'><strong>et</strong></span> <span class='ocrx_word' id='word_1_89' title='bbox 1788 1311 2107 1368; x_wconf 89' lang='lat' dir='ltr'><strong>benefacto-</strong></span> 
     </span>
    </p>
   </div>
   <div class='ocr_carea' id='block_1_15' title="bbox 531 1405 2109 1477">
    <p class='ocr_par' dir='ltr' id='par_1_15' title="bbox 531 1405 2109 1477">
     <span class='ocr_line' id='line_1_15' title="bbox 531 1405 2109 1477; baseline -0.002 -17"><span class='ocrx_word' id='word_1_90' title='bbox 531 1423 647 1462; x_wconf 90' lang='lat' dir='ltr'><strong>rem</strong></span> <span class='ocrx_word' id='word_1_91' title='bbox 701 1406 1056 1477; x_wconf 86' lang='lat' dir='ltr'><strong>blasphemiis</strong></span> <span class='ocrx_word' id='word_1_92' title='bbox 1111 1407 1527 1476; x_wconf 87' lang='lat' dir='ltr'><strong>remunerare),</strong></span> <span class='ocrx_word' id='word_1_93' title='bbox 1564 1421 1756 1475; x_wconf 75' lang='lat' dir='ltr'><strong>pmnas</strong></span> <span class='ocrx_word' id='word_1_94' title='bbox 1810 1405 1923 1459; x_wconf 91' lang='lat' dir='ltr'><strong>luat</strong></span> <span class='ocrx_word' id='word_1_95' title='bbox 1957 1417 2109 1458; x_wconf 68' lang='lat' dir='ltr'><strong>vanae</strong></span> 
     </span>
    </p>
   </div>
   <div class='ocr_carea' id='block_1_16' title="bbox 530 1495 2103 1569">
    <p class='ocr_par' dir='ltr' id='par_1_16' title="bbox 530 1495 2103 1569">
     <span class='ocr_line' id='line_1_16' title="bbox 530 1495 2103 1569; baseline -0.004 -15"><span class='ocrx_word' id='word_1_96' title='bbox 530 1499 978 1562; x_wconf 90' lang='lat' dir='ltr'><strong>existimationis,</strong></span> <span class='ocrx_word' id='word_1_97' title='bbox 1038 1513 1202 1569; x_wconf 90' lang='lat' dir='ltr'><strong>quam</strong></span> <span class='ocrx_word' id='word_1_98' title='bbox 1248 1499 1318 1553; x_wconf 93' lang='lat' dir='ltr'><strong>de</strong></span> <span class='ocrx_word' id='word_1_99' title='bbox 1358 1498 1608 1552; x_wconf 86' lang='lat' dir='ltr'><strong>doctrina</strong></span> <span class='ocrx_word' id='word_1_100' title='bbox 1662 1513 1760 1552; x_wconf 90' lang='lat' dir='ltr'><strong>sua</strong></span> <span class='ocrx_word' id='word_1_101' title='bbox 1809 1495 2103 1566; x_wconf 87' lang='lat' dir='ltr'><strong>concepit:</strong></span> 
     </span>
    </p>
   </div>
   <div class='ocr_carea' id='block_1_17' title="bbox 533 1587 2100 1660">
    <p class='ocr_par' dir='ltr' id='par_1_17' title="bbox 533 1587 2100 1660">
     <span class='ocr_line' id='line_1_17' title="bbox 533 1587 2100 1660; baseline -0.003 -17"><span class='ocrx_word' id='word_1_102' title='bbox 533 1590 734 1660; x_wconf 85' lang='lat' dir='ltr'><strong>quippe</strong></span> <span class='ocrx_word' id='word_1_103' title='bbox 765 1589 858 1660; x_wconf 90' lang='lat' dir='ltr'><strong>qui</strong></span> <span class='ocrx_word' id='word_1_104' title='bbox 888 1589 1141 1660; x_wconf 87' lang='lat' dir='ltr'><strong>imperite</strong></span> <span class='ocrx_word' id='word_1_105' title='bbox 1175 1588 1536 1644; x_wconf 86' lang='lat' dir='ltr'><strong>substantiam</strong></span> <span class='ocrx_word' id='word_1_106' title='bbox 1569 1588 1673 1641; x_wconf 91' lang='lat' dir='ltr'><strong>alia</strong></span> <span class='ocrx_word' id='word_1_107' title='bbox 1705 1587 1866 1640; x_wconf 90' lang='lat' dir='ltr'><strong>aliam</strong></span> <span class='ocrx_word' id='word_1_108' title='bbox 1898 1601 2100 1642; x_wconf 92' lang='lat' dir='ltr'><strong>secun-</strong></span> 
     </span>
    </p>
   </div>
   <div class='ocr_carea' id='block_1_18' title="bbox 532 1677 2110 1747">
    <p class='ocr_par' dir='ltr' id='par_1_18' title="bbox 532 1677 2110 1747">
     <span class='ocr_line' id='line_1_18' title="bbox 532 1677 2110 1747; baseline -0.001 -15"><span class='ocrx_word' id='word_1_109' title='bbox 532 1681 662 1733; x_wconf 86' lang='lat' dir='ltr'><strong>dum</strong></span> <span class='ocrx_word' id='word_1_110' title='bbox 697 1679 1021 1735; x_wconf 71' lang='lat' dir='ltr'><strong>substantia:</strong></span> <span class='ocrx_word' id='word_1_111' title='bbox 1045 1680 1314 1735; x_wconf 87' lang='lat' dir='ltr'><strong>rationem</strong></span> <span class='ocrx_word' id='word_1_112' title='bbox 1348 1677 1514 1732; x_wconf 83' lang='lat' dir='ltr'><strong>faciat</strong></span> <span class='ocrx_word' id='word_1_113' title='bbox 1546 1679 1834 1747; x_wconf 88' lang='lat' dir='ltr'><strong>majorem,</strong></span> <span class='ocrx_word' id='word_1_114' title='bbox 1877 1685 1931 1732; x_wconf 90' lang='lat' dir='ltr'><strong>et</strong></span> <span class='ocrx_word' id='word_1_115' title='bbox 1967 1677 2110 1731; x_wconf 89' lang='lat' dir='ltr'><strong>hanc</strong></span> 
     </span>
    </p>
   </div>
   <div class='ocr_carea' id='block_1_19' title="bbox 534 1769 2107 1843">
    <p class='ocr_par' dir='ltr' id='par_1_19' title="bbox 534 1769 2107 1843">
     <span class='ocr_line' id='line_1_19' title="bbox 534 1769 2107 1843; baseline -0.003 -15"><span class='ocrx_word' id='word_1_116' title='bbox 534 1773 753 1843; x_wconf 89' lang='lat' dir='ltr'><strong>quidem</strong></span> <span class='ocrx_word' id='word_1_117' title='bbox 777 1787 1055 1843; x_wconf 88' lang='lat' dir='ltr'><strong>superam,</strong></span> <span class='ocrx_word' id='word_1_118' title='bbox 1088 1773 1234 1826; x_wconf 90' lang='lat' dir='ltr'><strong>illam</strong></span> <span class='ocrx_word' id='word_1_119' title='bbox 1261 1786 1393 1826; x_wconf 89' lang='lat' dir='ltr'><strong>vero</strong></span> <span class='ocrx_word' id='word_1_120' title='bbox 1424 1771 1680 1836; x_wconf 81' lang='lat' dir='ltr'><strong>inferam,</strong></span> <span class='ocrx_word' id='word_1_121' title='bbox 1707 1786 1771 1826; x_wconf 93' lang='lat' dir='ltr'><strong>eo</strong></span> <span class='ocrx_word' id='word_1_122' title='bbox 1808 1770 1992 1834; x_wconf 89' lang='lat' dir='ltr'><strong>modo,</strong></span> <span class='ocrx_word' id='word_1_123' title='bbox 2014 1769 2107 1840; x_wconf 90' lang='lat' dir='ltr'><strong>qui</strong></span> 
     </span>
    </p>
   </div>
   <div class='ocr_carea' id='block_1_20' title="bbox 2203 568 3785 644">
    <p class='ocr_par' dir='ltr' id='par_1_20' title="bbox 2203 568 3785 644">
     <span class='ocr_line' id='line_1_20' title="bbox 2203 568 3785 644; baseline -0.001 -15"><span class='ocrx_word' id='word_1_124' title='bbox 2203 574 2603 639; x_wconf 80' lang='grc' dir='ltr'><strong>κατασκευάζει</strong></span> <span class='ocrx_word' id='word_1_125' title='bbox 2627 575 2660 644; x_wconf 86' lang='grc' dir='ltr'><strong>ἠ</strong></span> <span class='ocrx_word' id='word_1_126' title='bbox 2683 573 2812 644; x_wconf 79' lang='grc' dir='ltr'>περὶ</span> <span class='ocrx_word' id='word_1_127' title='bbox 2829 571 2923 626; x_wconf 81' lang='grc' dir='ltr'>τοῦ</span> <span class='ocrx_word' id='word_1_128' title='bbox 2951 571 3026 644; x_wconf 84' lang='grc' dir='ltr'>μὴ</span> <span class='ocrx_word' id='word_1_129' title='bbox 3053 572 3270 635; x_wconf 83' lang='grc' dir='ltr'><strong>τελείως</strong></span> <span class='ocrx_word' id='word_1_130' title='bbox 3293 568 3433 626; x_wconf 76' lang='grc' dir='ltr'>εἶναι</span> <span class='ocrx_word' id='word_1_131' title='bbox 3453 577 3785 643; x_wconf 66' lang='grc' dir='ltr'>κατασκευή.</span> 
     </span>
    </p>
   </div>
   <div class='ocr_carea' id='block_1_21' title="bbox 2203 661 3788 738">
    <p class='ocr_par' dir='ltr' id='par_1_21' title="bbox 2203 661 3788 738">
     <span class='ocr_line' id='line_1_21' title="bbox 2203 661 3788 738; baseline -0.001 -18"><span class='ocrx_word' id='word_1_132' title='bbox 2203 667 2368 720; x_wconf 83' lang='grc' dir='ltr'>Ὥστε</span> <span class='ocrx_word' id='word_1_133' title='bbox 2405 669 2453 720; x_wconf 88' lang='grc' dir='ltr'><strong>εί</strong></span> <span class='ocrx_word' id='word_1_134' title='bbox 2494 667 2592 737; x_wconf 85' lang='grc' dir='ltr'><strong>μὲν</strong></span> <span class='ocrx_word' id='word_1_135' title='bbox 2638 661 2696 719; x_wconf 81' lang='grc' dir='ltr'><strong>εὖ</strong></span> <span class='ocrx_word' id='word_1_136' title='bbox 2728 668 2934 738; x_wconf 83' lang='grc' dir='ltr'>φρονεῖ,</span> <span class='ocrx_word' id='word_1_137' title='bbox 2981 665 3119 735; x_wconf 83' lang='grc' dir='ltr'>πρὸς</span> <span class='ocrx_word' id='word_1_138' title='bbox 3165 664 3262 736; x_wconf 82' lang='grc' dir='ltr'><strong>τὴν</strong></span> <span class='ocrx_word' id='word_1_139' title='bbox 3305 665 3502 734; x_wconf 81' lang='grc' dir='ltr'>εὐσεϐῆ</span> <span class='ocrx_word' id='word_1_140' title='bbox 3553 665 3788 719; x_wconf 83' lang='grc' dir='ltr'>διάνοιαν</span> 
     </span>
    </p>
   </div>
   <div class='ocr_carea' id='block_1_22' title="bbox 2208 752 3790 829">
    <p class='ocr_par' dir='ltr' id='par_1_22' title="bbox 2208 752 3790 829">
     <span class='ocr_line' id='line_1_22' title="bbox 2208 752 3790 829; baseline -0.001 -18"><span class='ocrx_word' id='word_1_141' title='bbox 2208 757 2534 829; x_wconf 79' lang='grc' dir='ltr'><strong>μεταθέσθαι</strong></span> <span class='ocrx_word' id='word_1_142' title='bbox 2559 797 2574 818; x_wconf 89' lang='grc'><strong>,</strong></span> <span class='ocrx_word' id='word_1_143' title='bbox 2611 757 2671 810; x_wconf 84' lang='grc' dir='ltr'><strong>τὸ</strong></span> <span class='ocrx_word' id='word_1_144' title='bbox 2697 752 2861 828; x_wconf 80' lang='grc' dir='ltr'>ἦττον</span> <span class='ocrx_word' id='word_1_145' title='bbox 2901 757 2993 810; x_wconf 72' lang='grc' dir='ltr'><strong>καὶ</strong></span> <span class='ocrx_word' id='word_1_146' title='bbox 3026 757 3087 809; x_wconf 86' lang='grc' dir='ltr'><strong>τὸ</strong></span> <span class='ocrx_word' id='word_1_147' title='bbox 3124 756 3329 828; x_wconf 83' lang='grc' dir='ltr'>ἄκυρον</span> <span class='ocrx_word' id='word_1_148' title='bbox 3357 758 3448 809; x_wconf 78' lang='grc' dir='ltr'><strong>ἐπὶ</strong></span> <span class='ocrx_word' id='word_1_149' title='bbox 3481 757 3578 828; x_wconf 77' lang='grc' dir='ltr'>τῆς</span> <span class='ocrx_word' id='word_1_150' title='bbox 3603 757 3790 820; x_wconf 77' lang='grc' dir='ltr'>οὐσίας</span> 
     </span>
    </p>
   </div>
   <div class='ocr_carea' id='block_1_23' title="bbox 2205 848 3789 919">
    <p class='ocr_par' dir='ltr' id='par_1_23' title="bbox 2205 848 3789 919">
     <span class='ocr_line' id='line_1_23' title="bbox 2205 848 3789 919; baseline 0 -17"><span class='ocrx_word' id='word_1_151' title='bbox 2205 849 2298 903; x_wconf 81' lang='grc' dir='ltr'>τοῦ</span> <span class='ocrx_word' id='word_1_152' title='bbox 2321 849 2658 918; x_wconf 79' lang='grc' dir='ltr'>Μονογενοῢς</span> <span class='ocrx_word' id='word_1_153' title='bbox 2685 866 2746 902; x_wconf 87' lang='grc' dir='ltr'><strong>τε</strong></span> <span class='ocrx_word' id='word_1_154' title='bbox 2781 849 2874 902; x_wconf 77' lang='grc' dir='ltr'>καὶ</span> <span class='ocrx_word' id='word_1_155' title='bbox 2906 848 3001 902; x_wconf 81' lang='grc' dir='ltr'>τοῦ</span> <span class='ocrx_word' id='word_1_156' title='bbox 3035 848 3188 916; x_wconf 83' lang='grc' dir='ltr'>ἁγίου</span> <span class='ocrx_word' id='word_1_157' title='bbox 3219 848 3536 919; x_wconf 84' lang='grc' dir='ltr'>Πνεύματος</span> <span class='ocrx_word' id='word_1_158' title='bbox 3580 849 3789 919; x_wconf 84' lang='grc' dir='ltr'>ὑφελὼν</span> 
     </span>
    </p>
   </div>
   <div class='ocr_carea' id='block_1_24' title="bbox 2207 941 3790 1014">
    <p class='ocr_par' dir='ltr' id='par_1_24' title="bbox 2207 941 3790 1014">
     <span class='ocr_line' id='line_1_24' title="bbox 2207 941 3790 1014; baseline -0.001 -19"><span class='ocrx_word' id='word_1_159' title='bbox 2207 944 2272 995; x_wconf 81' lang='grc' dir='ltr'>ἐκ</span> <span class='ocrx_word' id='word_1_160' title='bbox 2302 941 2396 995; x_wconf 83' lang='grc' dir='ltr'>τοῦ</span> <span class='ocrx_word' id='word_1_161' title='bbox 2431 943 2718 1014; x_wconf 81' lang='grc' dir='ltr'>δόγματος.</span> <span class='ocrx_word' id='word_1_162' title='bbox 2753 942 2816 994; x_wconf 86' lang='grc' dir='ltr'><strong>Εἰ</strong></span> <span class='ocrx_word' id='word_1_163' title='bbox 2846 941 2902 994; x_wconf 81' lang='grc' dir='ltr'>δὲ</span> <span class='ocrx_word' id='word_1_164' title='bbox 2947 942 3164 995; x_wconf 92' lang='grc' dir='ltr'>ἀσεϐεῖν</span> <span class='ocrx_word' id='word_1_165' title='bbox 3197 941 3402 1008; x_wconf 81' lang='grc' dir='ltr'>ἔγνωκε</span> <span class='ocrx_word' id='word_1_166' title='bbox 3434 941 3652 1004; x_wconf 85' lang='grc' dir='ltr'>πάντως</span> <span class='ocrx_word' id='word_1_167' title='bbox 3684 941 3790 1011; x_wconf 82' lang='grc' dir='ltr'><strong>(ὡς</strong></span> 
     </span>
    </p>
   </div>
   <div class='ocr_carea' id='block_1_25' title="bbox 2210 1030 3790 1102">
    <p class='ocr_par' dir='ltr' id='par_1_25' title="bbox 2210 1030 3790 1102">
     <span class='ocr_line' id='line_1_25' title="bbox 2210 1030 3790 1102; baseline -0.001 -17"><span class='ocrx_word' id='word_1_168' title='bbox 2210 1031 2385 1102; x_wconf 75' lang='grc' dir='ltr'>ἔγωγε</span> <span class='ocrx_word' id='word_1_169' title='bbox 2428 1033 2527 1087; x_wconf 88' lang='grc' dir='ltr'><strong>οὑκ</strong></span> <span class='ocrx_word' id='word_1_170' title='bbox 2565 1030 2680 1086; x_wconf 73' lang='grc' dir='ltr'>οἶδα</span> <span class='ocrx_word' id='word_1_171' title='bbox 2718 1033 2834 1086; x_wconf 89' lang='grc' dir='ltr'>ἀνθ’</span> <span class='ocrx_word' id='word_1_172' title='bbox 2862 1033 2983 1086; x_wconf 83' lang='grc' dir='ltr'><strong>ὅτου</strong></span> <span class='ocrx_word' id='word_1_173' title='bbox 3027 1033 3121 1086; x_wconf 70' lang='grc' dir='ltr'><strong>καὶ</strong></span> <span class='ocrx_word' id='word_1_174' title='bbox 3164 1031 3408 1102; x_wconf 79' lang='grc' dir='ltr'>βούλεται</span> <span class='ocrx_word' id='word_1_175' title='bbox 3437 1033 3528 1085; x_wconf 86' lang='grc' dir='ltr'>τὸν</span> <span class='ocrx_word' id='word_1_176' title='bbox 3566 1033 3790 1102; x_wconf 76' lang='grc' dir='ltr'>κτίστην</span> 
     </span>
    </p>
   </div>
   <div class='ocr_carea' id='block_1_26' title="bbox 2209 1123 3792 1196">
    <p class='ocr_par' dir='ltr' id='par_1_26' title="bbox 2209 1123 3792 1196">
     <span class='ocr_line' id='line_1_26' title="bbox 2209 1123 3792 1196; baseline -0.001 -19"><span class='ocrx_word' id='word_1_177' title='bbox 2209 1123 2402 1178; x_wconf 80' lang='grc' dir='ltr'>ἑαυτοῦ</span> <span class='ocrx_word' id='word_1_178' title='bbox 2429 1124 2524 1179; x_wconf 71' lang='grc' dir='ltr'><strong>καὶ</strong></span> <span class='ocrx_word' id='word_1_179' title='bbox 2550 1125 2684 1178; x_wconf 81' lang='grc' dir='ltr'>Θεὸν</span> <span class='ocrx_word' id='word_1_180' title='bbox 2713 1125 2807 1178; x_wconf 77' lang='grc' dir='ltr'><strong>καὶ</strong></span> <span class='ocrx_word' id='word_1_181' title='bbox 2840 1125 3134 1196; x_wconf 77' lang='grc' dir='ltr'>εὐεργέτην</span> <span class='ocrx_word' id='word_1_182' title='bbox 3157 1124 3246 1178; x_wconf 82' lang='grc' dir='ltr'><strong>διὰ</strong></span> <span class='ocrx_word' id='word_1_183' title='bbox 3271 1125 3617 1195; x_wconf 81' lang='grc' dir='ltr'>βλασφημίας</span> <span class='ocrx_word' id='word_1_184' title='bbox 3644 1125 3792 1194; x_wconf 77' lang='grc' dir='ltr'>ἁμείσ</span> 
     </span>
    </p>
   </div>
   <div class='ocr_carea' id='block_1_27' title="bbox 2209 1213 3790 1288">
    <p class='ocr_par' dir='ltr' id='par_1_27' title="bbox 2209 1213 3790 1288">
     <span class='ocr_line' id='line_1_27' title="bbox 2209 1213 3790 1288; baseline 0 -20"><span class='ocrx_word' id='word_1_185' title='bbox 2209 1215 2440 1286; x_wconf 85' lang='grc' dir='ltr'>ϐεσθαι),</span> <span class='ocrx_word' id='word_1_186' title='bbox 2465 1216 2564 1286; x_wconf 86' lang='grc' dir='ltr'><strong>τὴν</strong></span> <span class='ocrx_word' id='word_1_187' title='bbox 2590 1216 2722 1286; x_wconf 78' lang='grc' dir='ltr'>γοῦν</span> <span class='ocrx_word' id='word_1_188' title='bbox 2749 1215 2845 1269; x_wconf 88' lang='lat'><strong>106</strong></span> <span class='ocrx_word' id='word_1_189' title='bbox 2877 1216 3052 1271; x_wconf 88' lang='grc' dir='ltr'>δοκεῖν</span> <span class='ocrx_word' id='word_1_190' title='bbox 3085 1234 3168 1280; x_wconf 86' lang='grc' dir='ltr'><strong>τις</strong></span> <span class='ocrx_word' id='word_1_191' title='bbox 3199 1213 3340 1272; x_wconf 81' lang='grc' dir='ltr'>εἶναι</span> <span class='ocrx_word' id='word_1_192' title='bbox 3370 1218 3511 1270; x_wconf 78' lang='grc' dir='ltr'>κατὰ</span> <span class='ocrx_word' id='word_1_193' title='bbox 3540 1218 3637 1288; x_wconf 80' lang='grc' dir='ltr'>τὴν</span> <span class='ocrx_word' id='word_1_194' title='bbox 3662 1218 3790 1272; x_wconf 86' lang='grc' dir='ltr'>παί-</span> 
     </span>
    </p>
   </div>
   <div class='ocr_carea' id='block_1_28' title="bbox 2207 1307 3794 1381">
    <p class='ocr_par' dir='ltr' id='par_1_28' title="bbox 2207 1307 3794 1381">
     <span class='ocr_line' id='line_1_28' title="bbox 2207 1307 3794 1381; baseline 0.003 -21"><span class='ocrx_word' id='word_1_195' title='bbox 2207 1307 2388 1362; x_wconf 82' lang='grc' dir='ltr'>δευσιν</span> <span class='ocrx_word' id='word_1_196' title='bbox 2420 1309 2672 1363; x_wconf 84' lang='grc' dir='ltr'>ὑπόνοιαν</span> <span class='ocrx_word' id='word_1_197' title='bbox 2721 1308 3073 1381; x_wconf 77' lang='grc' dir='ltr'>ζημιούσθωο</span> <span class='ocrx_word' id='word_1_198' title='bbox 3115 1309 3345 1380; x_wconf 80' lang='grc' dir='ltr'><strong>ἀμαθῶς</strong></span> <span class='ocrx_word' id='word_1_199' title='bbox 3384 1312 3572 1364; x_wconf 82' lang='grc' dir='ltr'>οὑσίαν</span> <span class='ocrx_word' id='word_1_200' title='bbox 3625 1313 3794 1381; x_wconf 78' lang='grc' dir='ltr'>ὑπερο</span> 
     </span>
    </p>
   </div>
   <div class='ocr_carea' id='block_1_29' title="bbox 2207 1401 3793 1475">
    <p class='ocr_par' dir='ltr' id='par_1_29' title="bbox 2207 1401 3793 1475">
     <span class='ocr_line' id='line_1_29' title="bbox 2207 1401 3793 1475; baseline 0.003 -21"><span class='ocrx_word' id='word_1_201' title='bbox 2207 1401 2379 1466; x_wconf 81' lang='grc' dir='ltr'>τιθεὶς</span> <span class='ocrx_word' id='word_1_202' title='bbox 2408 1403 2614 1466; x_wconf 81' lang='grc' dir='ltr'>οὐσίας’</span> <span class='ocrx_word' id='word_1_203' title='bbox 2645 1404 2739 1456; x_wconf 78' lang='grc' dir='ltr'><strong>καὶ</strong></span> <span class='ocrx_word' id='word_1_204' title='bbox 2764 1403 2861 1473; x_wconf 86' lang='grc' dir='ltr'>τὴν</span> <span class='ocrx_word' id='word_1_205' title='bbox 2885 1403 2980 1474; x_wconf 85' lang='grc' dir='ltr'><strong>μὲν</strong></span> <span class='ocrx_word' id='word_1_206' title='bbox 3004 1404 3136 1471; x_wconf 80' lang='grc' dir='ltr'>ἀνω,</span> <span class='ocrx_word' id='word_1_207' title='bbox 3161 1404 3259 1475; x_wconf 82' lang='grc' dir='ltr'>τὴν</span> <span class='ocrx_word' id='word_1_208' title='bbox 3290 1403 3345 1457; x_wconf 81' lang='grc' dir='ltr'>δὲ</span> <span class='ocrx_word' id='word_1_209' title='bbox 3374 1405 3522 1458; x_wconf 87' lang='grc' dir='ltr'>κάτω</span> <span class='ocrx_word' id='word_1_210' title='bbox 3538 1404 3679 1457; x_wconf 83' lang='grc' dir='ltr'><strong>κατά</strong></span> <span class='ocrx_word' id='word_1_211' title='bbox 3703 1405 3793 1459; x_wconf 77' lang='grc' dir='ltr'>τὸν</span> 
     </span>
    </p>
   </div>
   <div class='ocr_carea' id='block_1_30' title="bbox 2214 1494 3791 1567">
    <p class='ocr_par' dir='ltr' id='par_1_30' title="bbox 2214 1494 3791 1567">
     <span class='ocr_line' id='line_1_30' title="bbox 2214 1494 3791 1567; baseline 0.001 -21"><span class='ocrx_word' id='word_1_212' title='bbox 2214 1495 2288 1565; x_wconf 84' lang='grc' dir='ltr'>μὴ</span> <span class='ocrx_word' id='word_1_213' title='bbox 2331 1494 2718 1566; x_wconf 81' lang='grc' dir='ltr'>εὑρισκόμενον</span> <span class='ocrx_word' id='word_1_214' title='bbox 2755 1495 2909 1563; x_wconf 85' lang='grc' dir='ltr'>λόγον</span> <span class='ocrx_word' id='word_1_215' title='bbox 2962 1496 3424 1566; x_wconf 83' lang='grc' dir='ltr'>ἀποφαινόμενος·</span> <span class='ocrx_word' id='word_1_216' title='bbox 3454 1499 3546 1550; x_wconf 75' lang='grc' dir='ltr'><strong>καὶ</strong></span> <span class='ocrx_word' id='word_1_217' title='bbox 3586 1499 3652 1565; x_wconf 80' lang='grc' dir='ltr'>τῇ</span> <span class='ocrx_word' id='word_1_218' title='bbox 3694 1496 3791 1567; x_wconf 81' lang='grc' dir='ltr'><strong>μὲν</strong></span> 
     </span>
    </p>
   </div>
   <div class='ocr_carea' id='block_1_31' title="bbox 2210 1585 3791 1659">
    <p class='ocr_par' dir='ltr' id='par_1_31' title="bbox 2210 1585 3791 1659">
     <span class='ocr_line' id='line_1_31' title="bbox 2210 1585 3791 1659; baseline 0.001 -21"><span class='ocrx_word' id='word_1_219' title='bbox 2210 1585 2270 1638; x_wconf 84' lang='grc' dir='ltr'><strong>τὸ</strong></span> <span class='ocrx_word' id='word_1_220' title='bbox 2308 1586 2517 1656; x_wconf 81' lang='grc' dir='ltr'>κύριον,</span> <span class='ocrx_word' id='word_1_221' title='bbox 2547 1589 2612 1657; x_wconf 82' lang='grc' dir='ltr'>τῇ</span> <span class='ocrx_word' id='word_1_222' title='bbox 2665 1585 2721 1638; x_wconf 87' lang='grc' dir='ltr'>δὲ</span> <span class='ocrx_word' id='word_1_223' title='bbox 2758 1587 2832 1658; x_wconf 86' lang='grc' dir='ltr'>μὴ</span> <span class='ocrx_word' id='word_1_224' title='bbox 2879 1587 3115 1640; x_wconf 78' lang='grc' dir='ltr'>τοιοῦτον</span> <span class='ocrx_word' id='word_1_225' title='bbox 3149 1587 3608 1659; x_wconf 81' lang='grc' dir='ltr'>προσμαρτυρῶν.</span> <span class='ocrx_word' id='word_1_226' title='bbox 3653 1586 3791 1640; x_wconf 82' lang='grc' dir='ltr'>Οὑτε</span> 
     </span>
    </p>
   </div>
   <div class='ocr_carea' id='block_1_32' title="bbox 2212 1676 3794 1750">
    <p class='ocr_par' dir='ltr' id='par_1_32' title="bbox 2212 1676 3794 1750">
     <span class='ocr_line' id='line_1_32' title="bbox 2212 1676 3794 1750; baseline 0.001 -20"><span class='ocrx_word' id='word_1_227' title='bbox 2212 1677 2321 1748; x_wconf 85' lang='grc' dir='ltr'>γὰρ</span> <span class='ocrx_word' id='word_1_228' title='bbox 2353 1677 2461 1730; x_wconf 83' lang='grc' dir='ltr'>τῶν</span> <span class='ocrx_word' id='word_1_229' title='bbox 2510 1676 2614 1742; x_wconf 74' lang='grc' dir='ltr'><strong>ἔξω</strong></span> <span class='ocrx_word' id='word_1_230' title='bbox 2648 1677 2748 1748; x_wconf 85' lang='grc' dir='ltr'>τῆς</span> <span class='ocrx_word' id='word_1_231' title='bbox 2781 1679 3016 1742; x_wconf 88' lang='grc' dir='ltr'>πίστεως</span> <span class='ocrx_word' id='word_1_232' title='bbox 3067 1679 3579 1750; x_wconf 79' lang='grc' dir='ltr'>πεφιλοσοφηκότων</span> <span class='ocrx_word' id='word_1_233' title='bbox 3627 1679 3794 1747; x_wconf 79' lang='grc' dir='ltr'>ἔγνω-</span> 
     </span>
    </p>
   </div>
   <div class='ocr_carea' id='block_1_33' title="bbox 2216 1770 3792 1842">
    <p class='ocr_par' dir='ltr' id='par_1_33' title="bbox 2216 1770 3792 1842">
     <span class='ocr_line' id='line_1_33' title="bbox 2216 1770 3792 1842; baseline -0.001 -18"><span class='ocrx_word' id='word_1_234' title='bbox 2216 1771 2315 1842; x_wconf 86' lang='grc' dir='ltr'><strong>μέν</strong></span> <span class='ocrx_word' id='word_1_235' title='bbox 2341 1789 2461 1825; x_wconf 89' lang='grc' dir='ltr'>τινα</span> <span class='ocrx_word' id='word_1_236' title='bbox 2509 1770 2666 1825; x_wconf 82' lang='grc' dir='ltr'>τοῦτο</span> <span class='ocrx_word' id='word_1_237' title='bbox 2707 1771 3041 1842; x_wconf 86' lang='grc' dir='ltr'>ληρήσαντα,</span> <span class='ocrx_word' id='word_1_238' title='bbox 3095 1771 3217 1824; x_wconf 74' lang='grc' dir='ltr'>οὔτε</span> <span class='ocrx_word' id='word_1_239' title='bbox 3249 1774 3366 1835; x_wconf 86' lang='grc' dir='ltr'>ταῖς</span> <span class='ocrx_word' id='word_1_240' title='bbox 3413 1771 3792 1836; x_wconf 80' lang='grc' dir='ltr'>θεοπνεύστοις</span> 
     </span>
    </p>
   </div>
   <div class='ocr_carea' id='block_1_34' title="bbox 533 1856 2120 1935">
    <p class='ocr_par' dir='ltr' id='par_1_34' title="bbox 533 1862 2105 1935">
     <span class='ocr_line' id='line_1_34' title="bbox 533 1862 2105 1935; baseline -0.001 -17"><span class='ocrx_word' id='word_1_241' title='bbox 533 1865 841 1920; x_wconf 89' lang='lat' dir='ltr'><strong>consistere</strong></span> <span class='ocrx_word' id='word_1_242' title='bbox 885 1866 1097 1935; x_wconf 90' lang='lat' dir='ltr'><strong>nequit,</strong></span> <span class='ocrx_word' id='word_1_243' title='bbox 1153 1863 1414 1919; x_wconf 91' lang='lat' dir='ltr'><strong>decernat</strong></span> <span class='ocrx_word' id='word_1_244' title='bbox 1448 1882 1462 1918; x_wconf 89' lang='lat'><strong>:</strong></span> <span class='ocrx_word' id='word_1_245' title='bbox 1499 1864 1839 1933; x_wconf 87' lang='lat' dir='ltr'><strong>alteramque</strong></span> <span class='ocrx_word' id='word_1_246' title='bbox 1867 1862 2105 1934; x_wconf 86' lang='lat' dir='ltr'><strong>proprie,</strong></span> 
     </span>
    </p>
   </div>
   <div class='ocr_carea' id='block_1_35' title="bbox 2224 1856 3796 1935">
    <p class='ocr_par' dir='ltr' id='par_1_35' title="bbox 2224 1861 3796 1933">
     <span class='ocr_line' id='line_1_35' title="bbox 2224 1861 3796 1933; baseline 0.001 -18"><span class='ocrx_word' id='word_1_247' title='bbox 2224 1865 2437 1932; x_wconf 67' lang='grc' dir='ltr'>φωναῖς,</span> <span class='ocrx_word' id='word_1_248' title='bbox 2473 1861 2597 1916; x_wconf 79' lang='grc' dir='ltr'>οὔτε</span> <span class='ocrx_word' id='word_1_249' title='bbox 2636 1865 2754 1926; x_wconf 87' lang='grc' dir='ltr'>ταῖς</span> <span class='ocrx_word' id='word_1_250' title='bbox 2785 1866 2992 1928; x_wconf 85' lang='grc' dir='ltr'>κοιναῖς</span> <span class='ocrx_word' id='word_1_251' title='bbox 3038 1864 3268 1926; x_wconf 78' lang='grc' dir='ltr'>ἐννοίαις</span> <span class='ocrx_word' id='word_1_252' title='bbox 3297 1863 3360 1916; x_wconf 81' lang='grc' dir='ltr'><strong>τὸ</strong></span> <span class='ocrx_word' id='word_1_253' title='bbox 3389 1862 3601 1917; x_wconf 82' lang='grc' dir='ltr'>τοιοῦτο</span> <span class='ocrx_word' id='word_1_254' title='bbox 3657 1881 3796 1933; x_wconf 72' lang='grc' dir='ltr'>συμ-</span> 
     </span>
    </p>
   </div>
   <div class='ocr_carea' id='block_1_36' title="bbox 539 1955 2106 2028">
    <p class='ocr_par' dir='ltr' id='par_1_36' title="bbox 539 1955 2106 2028">
     <span class='ocr_line' id='line_1_36' title="bbox 539 1955 2106 2028; baseline -0.002 -17"><span class='ocrx_word' id='word_1_255' title='bbox 539 1959 766 2013; x_wconf 83' lang='lat' dir='ltr'><strong>alteram</strong></span> <span class='ocrx_word' id='word_1_256' title='bbox 801 1958 1099 2028; x_wconf 85' lang='lat' dir='ltr'><strong>imprOprie</strong></span> <span class='ocrx_word' id='word_1_257' title='bbox 1133 1972 1258 2012; x_wconf 85' lang='lat' dir='ltr'><strong>esse</strong></span> <span class='ocrx_word' id='word_1_258' title='bbox 1287 1956 1490 2011; x_wconf 86' lang='lat' dir='ltr'><strong>tradat.</strong></span> <span class='ocrx_word' id='word_1_259' title='bbox 1537 1955 1726 2024; x_wconf 88' lang='lat' dir='ltr'><strong>Neque</strong></span> <span class='ocrx_word' id='word_1_260' title='bbox 1748 1971 1878 2012; x_wconf 91' lang='lat' dir='ltr'><strong>vero</strong></span> <span class='ocrx_word' id='word_1_261' title='bbox 1915 1971 2106 2026; x_wconf 91' lang='lat' dir='ltr'><strong>quem-</strong></span> 
     </span>
    </p>
   </div>
   <div class='ocr_carea' id='block_1_37' title="bbox 534 2049 3334 2123">
    <p class='ocr_par' dir='ltr' id='par_1_37' title="bbox 534 2049 3334 2123">
     <span class='ocr_line' id='line_1_37' title="bbox 534 2049 3334 2123; baseline 0 -17"><span class='ocrx_word' id='word_1_262' title='bbox 534 2067 697 2123; x_wconf 90' lang='lat' dir='ltr'><strong>quam</strong></span> <span class='ocrx_word' id='word_1_263' title='bbox 723 2052 1171 2122; x_wconf 90' lang='lat' dir='ltr'><strong>philosophorum</strong></span> <span class='ocrx_word' id='word_1_264' title='bbox 1203 2053 1367 2106; x_wconf 87' lang='lat' dir='ltr'><strong>etiam</strong></span> <span class='ocrx_word' id='word_1_265' title='bbox 1389 2067 1419 2106; x_wconf 91' lang='lat' dir='ltr'><strong>a</strong></span> <span class='ocrx_word' id='word_1_266' title='bbox 1455 2053 1558 2108; x_wconf 83' lang='lat' dir='ltr'><strong>fide</strong></span> <span class='ocrx_word' id='word_1_267' title='bbox 1582 2060 1769 2106; x_wconf 89' lang='lat' dir='ltr'><strong>nostra</strong></span> <span class='ocrx_word' id='word_1_268' title='bbox 1799 2052 2184 2106; x_wconf 86' lang='lat' dir='ltr'><strong>abhorrentem</strong></span> <span class='ocrx_word' id='word_1_269' title='bbox 2248 2051 2624 2120; x_wconf 74' lang='lat' dir='ltr'><strong>cognovimus,</strong></span> <span class='ocrx_word' id='word_1_270' title='bbox 2674 2050 2763 2120; x_wconf 83' lang='lat' dir='ltr'><strong>qui</strong></span> <span class='ocrx_word' id='word_1_271' title='bbox 2830 2049 2966 2105; x_wconf 88' lang='lat' dir='ltr'><strong>adeo</strong></span> <span class='ocrx_word' id='word_1_272' title='bbox 3023 2049 3282 2106; x_wconf 88' lang='lat' dir='ltr'><strong>deliraret</strong></span> <span class='ocrx_word' id='word_1_273' title='bbox 3319 2070 3334 2106; x_wconf 89' lang='lat'><strong>:</strong></span> 
     </span>
    </p>
   </div>
   <div class='ocr_carea' id='block_1_38' title="bbox 2215 1954 2409 2007">
    <p class='ocr_par' dir='ltr' id='par_1_38' title="bbox 2215 1954 2409 2007">
     <span class='ocr_line' id='line_1_38' title="bbox 2215 1954 2409 2007; baseline 0 -1"><span class='ocrx_word' id='word_1_274' title='bbox 2215 1954 2409 2007; x_wconf 86' lang='grc' dir='ltr'>ϐαίνει.</span> 
     </span>
    </p>
   </div>
   <div class='ocr_carea' id='block_1_39' title="bbox 3411 2067 3792 2122">
    <p class='ocr_par' dir='ltr' id='par_1_39' title="bbox 3411 2067 3792 2122">
     <span class='ocr_line' id='line_1_39' title="bbox 3411 2067 3792 2122; baseline 0 -16"><span class='ocrx_word' id='word_1_275' title='bbox 3411 2067 3590 2122; x_wconf 89' lang='lat' dir='ltr'><strong>neque</strong></span> <span class='ocrx_word' id='word_1_276' title='bbox 3663 2067 3792 2106; x_wconf 87' lang='lat' dir='ltr'><strong>con-</strong></span> 
     </span>
    </p>
   </div>
   <div class='ocr_carea' id='block_1_40' title="bbox 535 2145 2675 2206">
    <p class='ocr_par' dir='ltr' id='par_1_40' title="bbox 535 2145 2675 2206">
     <span class='ocr_line' id='line_1_40' title="bbox 535 2145 2675 2206; baseline -0.004 0"><span class='ocrx_word' id='word_1_277' title='bbox 535 2160 696 2206; x_wconf 89' lang='lat' dir='ltr'><strong>sonat</strong></span> <span class='ocrx_word' id='word_1_278' title='bbox 727 2149 835 2204; x_wconf 90' lang='lat' dir='ltr'><strong>hoe</strong></span> <span class='ocrx_word' id='word_1_279' title='bbox 871 2149 954 2204; x_wconf 90' lang='lat' dir='ltr'><strong>vel</strong></span> <span class='ocrx_word' id='word_1_280' title='bbox 977 2149 1178 2204; x_wconf 85' lang='lat' dir='ltr'><strong>divinis</strong></span> <span class='ocrx_word' id='word_1_281' title='bbox 1209 2149 1450 2205; x_wconf 87' lang='lat' dir='ltr'><strong>oraculis</strong></span> <span class='ocrx_word' id='word_1_282' title='bbox 1473 2150 1555 2204; x_wconf 90' lang='lat' dir='ltr'><strong>vel</strong></span> <span class='ocrx_word' id='word_1_283' title='bbox 1585 2150 1974 2204; x_wconf 88' lang='lat' dir='ltr'><strong>communibus</strong></span> <span class='ocrx_word' id='word_1_284' title='bbox 2006 2146 2292 2202; x_wconf 82' lang='lat' dir='ltr'><strong>hominum</strong></span> <span class='ocrx_word' id='word_1_285' title='bbox 2332 2145 2675 2199; x_wconf 86' lang='lat' dir='ltr'><strong>notionibus.</strong></span> 
     </span>
    </p>
   </div>
   <div class='ocr_carea' id='block_1_41' title="bbox 604 2291 2112 2364">
    <p class='ocr_par' dir='ltr' id='par_1_41' title="bbox 604 2291 2112 2364">
     <span class='ocr_line' id='line_1_41' title="bbox 604 2291 2112 2364; baseline -0.003 -15"><span class='ocrx_word' id='word_1_286' title='bbox 604 2295 748 2362; x_wconf 92' lang='lat' dir='ltr'><strong>Quid</strong></span> <span class='ocrx_word' id='word_1_287' title='bbox 790 2294 957 2364; x_wconf 78' lang='lat' dir='ltr'><strong>igitur</strong></span> <span class='ocrx_word' id='word_1_288' title='bbox 986 2293 1041 2348; x_wconf 93' lang='lat' dir='ltr'><strong>in</strong></span> <span class='ocrx_word' id='word_1_289' title='bbox 1077 2293 1164 2350; x_wconf 93' lang='lat' dir='ltr'><strong>his</strong></span> <span class='ocrx_word' id='word_1_290' title='bbox 1220 2293 1505 2350; x_wconf 87' lang='lat' dir='ltr'><strong>vocabulis</strong></span> <span class='ocrx_word' id='word_1_291' title='bbox 1557 2293 1828 2351; x_wconf 89' lang='lat' dir='ltr'><strong>novandis</strong></span> <span class='ocrx_word' id='word_1_292' title='bbox 1874 2295 1979 2351; x_wconf 91' lang='lat' dir='ltr'><strong>iste</strong></span> <span class='ocrx_word' id='word_1_293' title='bbox 2007 2291 2112 2350; x_wconf 87' lang='lat' dir='ltr'><strong>sibi</strong></span> 
     </span>
    </p>
   </div>
   <div class='ocr_carea' id='block_1_42' title="bbox 534 2387 2115 2461">
    <p class='ocr_par' dir='ltr' id='par_1_42' title="bbox 534 2387 2115 2461">
     <span class='ocr_line' id='line_1_42' title="bbox 534 2387 2115 2461; baseline -0.002 -19"><span class='ocrx_word' id='word_1_294' title='bbox 534 2388 904 2461; x_wconf 90' lang='lat' dir='ltr'><strong>proposuerit,</strong></span> <span class='ocrx_word' id='word_1_295' title='bbox 940 2387 1102 2451; x_wconf 88' lang='lat' dir='ltr'><strong>satis,</strong></span> <span class='ocrx_word' id='word_1_296' title='bbox 1137 2394 1198 2441; x_wconf 91' lang='lat' dir='ltr'><strong>ut</strong></span> <span class='ocrx_word' id='word_1_297' title='bbox 1225 2387 1488 2450; x_wconf 84' lang='lat' dir='ltr'><strong>arbitror,</strong></span> <span class='ocrx_word' id='word_1_298' title='bbox 1546 2403 1614 2443; x_wconf 83' lang='lat' dir='ltr'><strong>ex</strong></span> <span class='ocrx_word' id='word_1_299' title='bbox 1645 2388 1808 2442; x_wconf 86' lang='lat' dir='ltr'><strong>dictis</strong></span> <span class='ocrx_word' id='word_1_300' title='bbox 1854 2387 1966 2458; x_wconf 88' lang='lat' dir='ltr'><strong>jam</strong></span> <span class='ocrx_word' id='word_1_301' title='bbox 2033 2393 2115 2441; x_wconf 90' lang='lat' dir='ltr'><strong>est</strong></span> 
     </span>
    </p>
   </div>
   <div class='ocr_carea' id='block_1_43' title="bbox 537 2478 2113 2549">
    <p class='ocr_par' dir='ltr' id='par_1_43' title="bbox 537 2478 2113 2549">
     <span class='ocr_line' id='line_1_43' title="bbox 537 2478 2113 2549; baseline -0.002 -14"><span class='ocrx_word' id='word_1_302' title='bbox 537 2480 925 2535; x_wconf 88' lang='lat' dir='ltr'><strong>manifestum:</strong></span> <span class='ocrx_word' id='word_1_303' title='bbox 952 2479 1208 2534; x_wconf 88' lang='lat' dir='ltr'><strong>videlicet</strong></span> <span class='ocrx_word' id='word_1_304' title='bbox 1236 2489 1498 2548; x_wconf 89' lang='lat' dir='ltr'><strong>tanquam</strong></span> <span class='ocrx_word' id='word_1_305' title='bbox 1531 2478 2002 2549; x_wconf 86' lang='lat' dir='ltr'><strong>propugnaculum</strong></span> <span class='ocrx_word' id='word_1_306' title='bbox 2028 2478 2113 2532; x_wconf 88' lang='lat' dir='ltr'><strong>vel</strong></span> 
     </span>
    </p>
   </div>
   <div class='ocr_carea' id='block_1_44' title="bbox 537 2566 2112 2639">
    <p class='ocr_par' dir='ltr' id='par_1_44' title="bbox 537 2566 2112 2639">
     <span class='ocr_line' id='line_1_44' title="bbox 537 2566 2112 2639; baseline -0.003 -15"><span class='ocrx_word' id='word_1_307' title='bbox 537 2568 958 2626; x_wconf 87' lang='lat' dir='ltr'><strong>fundamentum</strong></span> <span class='ocrx_word' id='word_1_308' title='bbox 1005 2568 1282 2639; x_wconf 90' lang='lat' dir='ltr'><strong>quoddam</strong></span> <span class='ocrx_word' id='word_1_309' title='bbox 1348 2569 1518 2624; x_wconf 88' lang='lat' dir='ltr'><strong>totius</strong></span> <span class='ocrx_word' id='word_1_310' title='bbox 1571 2566 1941 2638; x_wconf 87' lang='lat' dir='ltr'><strong>improbitatis</strong></span> <span class='ocrx_word' id='word_1_311' title='bbox 1978 2581 2112 2630; x_wconf 65' lang='lat' dir='ltr'><strong>suae,</strong></span> 
     </span>
    </p>
   </div>
   <div class='ocr_carea' id='block_1_45' title="bbox 537 2661 2104 2734">
    <p class='ocr_par' dir='ltr' id='par_1_45' title="bbox 537 2661 2104 2734">
     <span class='ocr_line' id='line_1_45' title="bbox 537 2661 2104 2734; baseline -0.004 -16"><span class='ocrx_word' id='word_1_312' title='bbox 537 2664 706 2719; x_wconf 87' lang='lat' dir='ltr'><strong>verba</strong></span> <span class='ocrx_word' id='word_1_313' title='bbox 745 2664 858 2718; x_wconf 80' lang='lat' dir='ltr'><strong>inec</strong></span> <span class='ocrx_word' id='word_1_314' title='bbox 890 2663 1168 2734; x_wconf 74' lang='lat' dir='ltr'><strong>praemittit</strong></span> <span class='ocrx_word' id='word_1_315' title='bbox 1190 2673 1244 2718; x_wconf 91' lang='lat' dir='ltr'><strong>et</strong></span> <span class='ocrx_word' id='word_1_316' title='bbox 1283 2661 1548 2732; x_wconf 91' lang='lat' dir='ltr'><strong>supponit</strong></span> <span class='ocrx_word' id='word_1_317' title='bbox 1583 2680 1594 2715; x_wconf 91' lang='lat'>:</span> <span class='ocrx_word' id='word_1_318' title='bbox 1632 2668 1691 2714; x_wconf 93' lang='lat' dir='ltr'><strong>ut</strong></span> <span class='ocrx_word' id='word_1_319' title='bbox 1735 2661 1780 2716; x_wconf 91' lang='lat' dir='ltr'><strong>si</strong></span> <span class='ocrx_word' id='word_1_320' title='bbox 1810 2674 2104 2729; x_wconf 87' lang='lat' dir='ltr'><strong>persuase-</strong></span> 
     </span>
    </p>
   </div>
   <div class='ocr_carea' id='block_1_46' title="bbox 538 2753 2119 2826">
    <p class='ocr_par' dir='ltr' id='par_1_46' title="bbox 538 2753 2119 2826">
     <span class='ocr_line' id='line_1_46' title="bbox 538 2753 2119 2826; baseline -0.004 -15"><span class='ocrx_word' id='word_1_321' title='bbox 538 2760 612 2811; x_wconf 89' lang='lat' dir='ltr'><strong>rit</strong></span> <span class='ocrx_word' id='word_1_322' title='bbox 647 2758 862 2812; x_wconf 90' lang='lat' dir='ltr'><strong>unicam</strong></span> <span class='ocrx_word' id='word_1_323' title='bbox 894 2757 1065 2812; x_wconf 89' lang='lat' dir='ltr'><strong>solam</strong></span> <span class='ocrx_word' id='word_1_324' title='bbox 1083 2756 1446 2812; x_wconf 84' lang='lat' dir='ltr'><strong>substantiam</strong></span> <span class='ocrx_word' id='word_1_325' title='bbox 1465 2769 1780 2826; x_wconf 84' lang='lat' dir='ltr'><strong>supremam</strong></span> <span class='ocrx_word' id='word_1_326' title='bbox 1803 2761 1857 2807; x_wconf 91' lang='lat' dir='ltr'><strong>et</strong></span> <span class='ocrx_word' id='word_1_327' title='bbox 1881 2753 2119 2806; x_wconf 79' lang='lat' dir='ltr'><strong>maxime</strong></span> 
     </span>
    </p>
   </div>
   <div class='ocr_carea' id='block_1_47' title="bbox 539 2844 2114 2919">
    <p class='ocr_par' dir='ltr' id='par_1_47' title="bbox 539 2844 2114 2919">
     <span class='ocr_line' id='line_1_47' title="bbox 539 2844 2114 2919; baseline -0.005 -15"><span class='ocrx_word' id='word_1_328' title='bbox 539 2850 817 2919; x_wconf 89' lang='lat' dir='ltr'><strong>propriam</strong></span> <span class='ocrx_word' id='word_1_329' title='bbox 881 2865 1026 2913; x_wconf 92' lang='lat' dir='ltr'><strong>esse,</strong></span> <span class='ocrx_word' id='word_1_330' title='bbox 1082 2848 1300 2904; x_wconf 91' lang='lat' dir='ltr'><strong>facilius</strong></span> <span class='ocrx_word' id='word_1_331' title='bbox 1347 2847 1417 2903; x_wconf 90' lang='lat' dir='ltr'><strong>de</strong></span> <span class='ocrx_word' id='word_1_332' title='bbox 1473 2847 1595 2902; x_wconf 91' lang='lat' dir='ltr'><strong>aliis</strong></span> <span class='ocrx_word' id='word_1_333' title='bbox 1644 2861 1757 2900; x_wconf 92' lang='lat' dir='ltr'><strong>rem</strong></span> <span class='ocrx_word' id='word_1_334' title='bbox 1814 2844 2114 2900; x_wconf 85' lang='lat' dir='ltr'><strong>conficiat:</strong></span> 
     </span>
    </p>
   </div>
   <div class='ocr_carea' id='block_1_48' title="bbox 539 2941 2122 3013">
    <p class='ocr_par' dir='ltr' id='par_1_48' title="bbox 539 2941 2122 3013">
     <span class='ocr_line' id='line_1_48' title="bbox 539 2941 2122 3013; baseline -0.003 -16"><span class='ocrx_word' id='word_1_335' title='bbox 539 2943 698 3013; x_wconf 89' lang='lat' dir='ltr'><strong>quasi</strong></span> <span class='ocrx_word' id='word_1_336' title='bbox 724 2943 792 2998; x_wconf 90' lang='lat' dir='ltr'><strong>de</strong></span> <span class='ocrx_word' id='word_1_337' title='bbox 814 2943 907 3005; x_wconf 93' lang='lat' dir='ltr'><strong>iis,</strong></span> <span class='ocrx_word' id='word_1_338' title='bbox 941 2957 1062 3012; x_wconf 74' lang='lat' dir='ltr'><strong>qua:</strong></span> <span class='ocrx_word' id='word_1_339' title='bbox 1085 2941 1227 2996; x_wconf 86' lang='lat' dir='ltr'><strong>infra</strong></span> <span class='ocrx_word' id='word_1_340' title='bbox 1265 2942 1411 2996; x_wconf 88' lang='lat' dir='ltr'><strong>illam</strong></span> <span class='ocrx_word' id='word_1_341' title='bbox 1456 2942 1709 3012; x_wconf 88' lang='lat' dir='ltr'><strong>primam,</strong></span> <span class='ocrx_word' id='word_1_342' title='bbox 1746 2947 1800 2994; x_wconf 90' lang='lat' dir='ltr'><strong>et</strong></span> <span class='ocrx_word' id='word_1_343' title='bbox 1838 2954 1946 2994; x_wconf 90' lang='lat' dir='ltr'><strong>non</strong></span> <span class='ocrx_word' id='word_1_344' title='bbox 1987 2952 2122 3007; x_wconf 88' lang='lat' dir='ltr'><strong>pro-</strong></span> 
     </span>
    </p>
   </div>
   <div class='ocr_carea' id='block_1_49' title="bbox 540 3031 2123 3107">
    <p class='ocr_par' dir='ltr' id='par_1_49' title="bbox 540 3031 2123 3107">
     <span class='ocr_line' id='line_1_49' title="bbox 540 3031 2123 3107; baseline -0.001 -18"><span class='ocrx_word' id='word_1_345' title='bbox 540 3037 658 3106; x_wconf 89' lang='lat' dir='ltr'><strong>prie</strong></span> <span class='ocrx_word' id='word_1_346' title='bbox 685 3051 806 3091; x_wconf 91' lang='lat' dir='ltr'><strong>esse</strong></span> <span class='ocrx_word' id='word_1_347' title='bbox 831 3036 1160 3107; x_wconf 79' lang='lat' dir='ltr'><strong>cogitentur.</strong></span> <span class='ocrx_word' id='word_1_348' title='bbox 1193 3035 1426 3090; x_wconf 83' lang='lat' dir='ltr'><strong>Maxime</strong></span> <span class='ocrx_word' id='word_1_349' title='bbox 1455 3050 1584 3090; x_wconf 88' lang='lat' dir='ltr'><strong>vero</strong></span> <span class='ocrx_word' id='word_1_350' title='bbox 1597 3034 1702 3089; x_wconf 94' lang='lat' dir='ltr'><strong>hoc</strong></span> <span class='ocrx_word' id='word_1_351' title='bbox 1729 3031 1970 3089; x_wconf 90' lang='lat' dir='ltr'><strong>ostendit</strong></span> <span class='ocrx_word' id='word_1_352' title='bbox 1998 3048 2123 3103; x_wconf 88' lang='lat' dir='ltr'><strong>pro-</strong></span> 
     </span>
    </p>
   </div>
   <div class='ocr_carea' id='block_1_50' title="bbox 543 3125 2121 3198">
    <p class='ocr_par' dir='ltr' id='par_1_50' title="bbox 543 3125 2121 3198">
     <span class='ocr_line' id='line_1_50' title="bbox 543 3125 2121 3198; baseline -0.003 -15"><span class='ocrx_word' id='word_1_353' title='bbox 543 3144 736 3198; x_wconf 76' lang='lat' dir='ltr'><strong>gressu</strong></span> <span class='ocrx_word' id='word_1_354' title='bbox 771 3129 1184 3198; x_wconf 86' lang='lat' dir='ltr'><strong>disputationis,</strong></span> <span class='ocrx_word' id='word_1_355' title='bbox 1235 3142 1360 3183; x_wconf 91' lang='lat' dir='ltr'><strong>cum</strong></span> <span class='ocrx_word' id='word_1_356' title='bbox 1397 3143 1500 3183; x_wconf 89' lang='lat' dir='ltr'><strong>sua</strong></span> <span class='ocrx_word' id='word_1_357' title='bbox 1538 3127 1607 3182; x_wconf 88' lang='lat' dir='ltr'><strong>de</strong></span> <span class='ocrx_word' id='word_1_358' title='bbox 1645 3126 1788 3181; x_wconf 90' lang='lat' dir='ltr'><strong>Filio</strong></span> <span class='ocrx_word' id='word_1_359' title='bbox 1818 3135 1872 3181; x_wconf 90' lang='lat' dir='ltr'><strong>et</strong></span> <span class='ocrx_word' id='word_1_360' title='bbox 1912 3125 2121 3195; x_wconf 84' lang='lat' dir='ltr'><strong>Spiritu</strong></span> 
     </span>
    </p>
   </div>
   <div class='ocr_carea' id='block_1_51' title="bbox 544 3217 2124 3292">
    <p class='ocr_par' dir='ltr' id='par_1_51' title="bbox 544 3217 2124 3292">
     <span class='ocr_line' id='line_1_51' title="bbox 544 3217 2124 3292; baseline -0.004 -15"><span class='ocrx_word' id='word_1_361' title='bbox 544 3229 736 3277; x_wconf 84' lang='lat' dir='ltr'><strong>sancto</strong></span> <span class='ocrx_word' id='word_1_362' title='bbox 763 3220 965 3291; x_wconf 90' lang='lat' dir='ltr'><strong>placita</strong></span> <span class='ocrx_word' id='word_1_363' title='bbox 995 3219 1253 3275; x_wconf 90' lang='lat' dir='ltr'><strong>edisserit</strong></span> <span class='ocrx_word' id='word_1_364' title='bbox 1283 3237 1298 3285; x_wconf 89' lang='lat'><strong>;</strong></span> <span class='ocrx_word' id='word_1_365' title='bbox 1333 3233 1606 3288; x_wconf 89' lang='lat' dir='ltr'><strong>nusquam</strong></span> <span class='ocrx_word' id='word_1_366' title='bbox 1637 3219 1784 3273; x_wconf 90' lang='lat' dir='ltr'><strong>enim</strong></span> <span class='ocrx_word' id='word_1_367' title='bbox 1832 3217 2006 3271; x_wconf 91' lang='lat' dir='ltr'><strong>utitur</strong></span> <span class='ocrx_word' id='word_1_368' title='bbox 2033 3232 2124 3292; x_wconf 86' lang='lat' dir='ltr'><strong>ve—</strong></span> 
     </span>
    </p>
   </div>
   <div class='ocr_carea' id='block_1_52' title="bbox 543 3308 2122 3374">
    <p class='ocr_par' dir='ltr' id='par_1_52' title="bbox 543 3308 2122 3374">
     <span class='ocr_line' id='line_1_52' title="bbox 543 3308 2122 3374; baseline -0.003 -10"><span class='ocrx_word' id='word_1_369' title='bbox 543 3311 623 3365; x_wconf 89' lang='lat' dir='ltr'><strong>ris</strong></span> <span class='ocrx_word' id='word_1_370' title='bbox 654 3309 989 3372; x_wconf 89' lang='lat' dir='ltr'><strong>nominibus,</strong></span> <span class='ocrx_word' id='word_1_371' title='bbox 1019 3325 1108 3374; x_wconf 92' lang='lat' dir='ltr'><strong>ne,</strong></span> <span class='ocrx_word' id='word_1_372' title='bbox 1143 3317 1203 3363; x_wconf 92' lang='lat' dir='ltr'><strong>ut</strong></span> <span class='ocrx_word' id='word_1_373' title='bbox 1227 3318 1356 3364; x_wconf 90' lang='lat' dir='ltr'><strong>ante</strong></span> <span class='ocrx_word' id='word_1_374' title='bbox 1385 3309 1518 3373; x_wconf 83' lang='lat' dir='ltr'><strong>dixi,</strong></span> <span class='ocrx_word' id='word_1_375' title='bbox 1540 3315 1751 3363; x_wconf 66' lang='lat' dir='ltr'><strong>natura:</strong></span> <span class='ocrx_word' id='word_1_376' title='bbox 1780 3308 2122 3363; x_wconf 90' lang='lat' dir='ltr'><strong>consortium</strong></span> 
     </span>
    </p>
   </div>
   <div class='ocr_carea' id='block_1_53' title="bbox 545 3399 2122 3471">
    <p class='ocr_par' dir='ltr' id='par_1_53' title="bbox 545 3399 2122 3471">
     <span class='ocr_line' id='line_1_53' title="bbox 545 3399 2122 3471; baseline -0.004 -13"><span class='ocrx_word' id='word_1_377' title='bbox 545 3413 599 3458; x_wconf 89' lang='lat' dir='ltr'><strong>et</strong></span> <span class='ocrx_word' id='word_1_378' title='bbox 635 3403 1078 3457; x_wconf 88' lang='lat' dir='ltr'><strong>communionem</strong></span> <span class='ocrx_word' id='word_1_379' title='bbox 1131 3403 1276 3458; x_wconf 90' lang='lat' dir='ltr'><strong>inter</strong></span> <span class='ocrx_word' id='word_1_380' title='bbox 1308 3416 1390 3468; x_wconf 83' lang='lat' dir='ltr'><strong>se,</strong></span> <span class='ocrx_word' id='word_1_381' title='bbox 1450 3403 1586 3471; x_wconf 87' lang='lat' dir='ltr'><strong>ipsis</strong></span> <span class='ocrx_word' id='word_1_382' title='bbox 1624 3401 1909 3456; x_wconf 90' lang='lat' dir='ltr'><strong>vocabulis</strong></span> <span class='ocrx_word' id='word_1_383' title='bbox 1956 3399 2122 3455; x_wconf 89' lang='lat' dir='ltr'><strong>etiam</strong></span> 
     </span>
    </p>
   </div>
   <div class='ocr_carea' id='block_1_54' title="bbox 547 3494 2122 3565">
    <p class='ocr_par' dir='ltr' id='par_1_54' title="bbox 547 3494 2122 3565">
     <span class='ocr_line' id='line_1_54' title="bbox 547 3494 2122 3565; baseline -0.004 -13"><span class='ocrx_word' id='word_1_384' title='bbox 547 3497 752 3552; x_wconf 90' lang='lat' dir='ltr'><strong>invitus</strong></span> <span class='ocrx_word' id='word_1_385' title='bbox 779 3495 1057 3551; x_wconf 89' lang='lat' dir='ltr'><strong>mentibus</strong></span> <span class='ocrx_word' id='word_1_386' title='bbox 1089 3496 1298 3551; x_wconf 88' lang='lat' dir='ltr'><strong>nostris</strong></span> <span class='ocrx_word' id='word_1_387' title='bbox 1331 3495 1583 3565; x_wconf 88' lang='lat' dir='ltr'><strong>objiciat,</strong></span> <span class='ocrx_word' id='word_1_388' title='bbox 1627 3494 1722 3550; x_wconf 88' lang='lat' dir='ltr'><strong>sed</strong></span> <span class='ocrx_word' id='word_1_389' title='bbox 1753 3496 1872 3550; x_wconf 91' lang='lat' dir='ltr'><strong>sine</strong></span> <span class='ocrx_word' id='word_1_390' title='bbox 1886 3494 2122 3564; x_wconf 91' lang='lat' dir='ltr'><strong>propriis</strong></span> 
     </span>
    </p>
   </div>
   <div class='ocr_carea' id='block_1_55' title="bbox 2285 2284 3798 2361">
    <p class='ocr_par' dir='ltr' id='par_1_55' title="bbox 2285 2284 3798 2361">
     <span class='ocr_line' id='line_1_55' title="bbox 2285 2284 3798 2361; baseline -0.001 -19"><span class='ocrx_word' id='word_1_391' title='bbox 2285 2290 2387 2342; x_wconf 80' lang='grc' dir='ltr'><strong>Τὸν</strong></span> <span class='ocrx_word' id='word_1_392' title='bbox 2416 2291 2513 2360; x_wconf 84' lang='grc' dir='ltr'><strong>μὲν</strong></span> <span class='ocrx_word' id='word_1_393' title='bbox 2536 2284 2626 2344; x_wconf 81' lang='grc' dir='ltr'><strong>οὖν</strong></span> <span class='ocrx_word' id='word_1_394' title='bbox 2659 2289 2860 2343; x_wconf 87' lang='grc' dir='ltr'>σκοπὸν</span> <span class='ocrx_word' id='word_1_395' title='bbox 2882 2291 2980 2361; x_wconf 82' lang='grc' dir='ltr'>τῆς</span> <span class='ocrx_word' id='word_1_396' title='bbox 3007 2290 3116 2344; x_wconf 83' lang='grc' dir='ltr'><strong>τῶν</strong></span> <span class='ocrx_word' id='word_1_397' title='bbox 3147 2289 3429 2360; x_wconf 87' lang='grc' dir='ltr'>ὀνομάτων</span> <span class='ocrx_word' id='word_1_398' title='bbox 3452 2290 3657 2344; x_wconf 82' lang='grc' dir='ltr'>τούτων</span> <span class='ocrx_word' id='word_1_399' title='bbox 3680 2295 3798 2343; x_wconf 77' lang='grc' dir='ltr'>ἐπι-</span> 
     </span>
    </p>
   </div>
   <div class='ocr_carea' id='block_1_56' title="bbox 2215 2381 3796 2454">
    <p class='ocr_par' dir='ltr' id='par_1_56' title="bbox 2215 2381 3796 2454">
     <span class='ocr_line' id='line_1_56' title="bbox 2215 2381 3796 2454; baseline -0.001 -19"><span class='ocrx_word' id='word_1_400' title='bbox 2215 2382 2360 2446; x_wconf 86' lang='grc' dir='ltr'>νοίας</span> <span class='ocrx_word' id='word_1_401' title='bbox 2409 2381 2606 2445; x_wconf 82' lang='grc' dir='ltr'>ἱκανῶς</span> <span class='ocrx_word' id='word_1_402' title='bbox 2640 2383 2704 2436; x_wconf 78' lang='grc' dir='ltr'>ἐκ</span> <span class='ocrx_word' id='word_1_403' title='bbox 2748 2382 2856 2436; x_wconf 84' lang='grc' dir='ltr'>τῶν</span> <span class='ocrx_word' id='word_1_404' title='bbox 2901 2382 3204 2454; x_wconf 74' lang='grc' dir='ltr'>εἰρημένων</span> <span class='ocrx_word' id='word_1_405' title='bbox 3248 2382 3430 2453; x_wconf 72' lang='grc' dir='ltr'>οἴομαι</span> <span class='ocrx_word' id='word_1_406' title='bbox 3478 2381 3796 2452; x_wconf 83' lang='grc' dir='ltr'>πεφανερῶ-</span> 
     </span>
    </p>
   </div>
   <div class='ocr_carea' id='block_1_57' title="bbox 2219 2474 3800 2548">
    <p class='ocr_par' dir='ltr' id='par_1_57' title="bbox 2219 2474 3800 2548">
     <span class='ocr_line' id='line_1_57' title="bbox 2219 2474 3800 2548; baseline 0 -20"><span class='ocrx_word' id='word_1_407' title='bbox 2219 2474 2366 2528; x_wconf 86' lang='grc' dir='ltr'>σθαι·</span> <span class='ocrx_word' id='word_1_408' title='bbox 2396 2475 2476 2528; x_wconf 82' lang='grc' dir='ltr'>ὅτι</span> <span class='ocrx_word' id='word_1_409' title='bbox 2504 2475 2748 2546; x_wconf 88' lang='grc' dir='ltr'>καθάπερ</span> <span class='ocrx_word' id='word_1_410' title='bbox 2770 2476 3125 2548; x_wconf 83' lang='grc' dir='ltr'>ὁρμητήριον,</span> <span class='ocrx_word' id='word_1_411' title='bbox 3157 2475 3188 2547; x_wconf 80' lang='grc' dir='ltr'>ἢ</span> <span class='ocrx_word' id='word_1_412' title='bbox 3216 2474 3465 2546; x_wconf 87' lang='grc' dir='ltr'>θεμέλιον</span> <span class='ocrx_word' id='word_1_413' title='bbox 3490 2475 3590 2545; x_wconf 84' lang='grc' dir='ltr'>τῆς</span> <span class='ocrx_word' id='word_1_414' title='bbox 3619 2475 3800 2546; x_wconf 77' lang='grc' dir='ltr'>πάσης</span> 
     </span>
    </p>
   </div>
   <div class='ocr_carea' id='block_1_58' title="bbox 2218 2567 3800 2640">
    <p class='ocr_par' dir='ltr' id='par_1_58' title="bbox 2218 2567 3800 2640">
     <span class='ocr_line' id='line_1_58' title="bbox 2218 2567 3800 2640; baseline 0.001 -21"><span class='ocrx_word' id='word_1_415' title='bbox 2218 2567 2410 2620; x_wconf 80' lang='grc' dir='ltr'>ἑαυτοῦ</span> <span class='ocrx_word' id='word_1_416' title='bbox 2443 2569 2570 2640; x_wconf 78' lang='grc' dir='ltr'>περὶ</span> <span class='ocrx_word' id='word_1_417' title='bbox 2591 2568 2650 2621; x_wconf 83' lang='grc' dir='ltr'><strong>τὸ</strong></span> <span class='ocrx_word' id='word_1_418' title='bbox 2683 2567 2856 2639; x_wconf 83' lang='grc' dir='ltr'>δόγμα</span> <span class='ocrx_word' id='word_1_419' title='bbox 2891 2569 3245 2640; x_wconf 85' lang='grc' dir='ltr'>κακουργίας,</span> <span class='ocrx_word' id='word_1_420' title='bbox 3285 2567 3354 2622; x_wconf 82' lang='grc' dir='ltr'>τὰ</span> <span class='ocrx_word' id='word_1_421' title='bbox 3385 2571 3603 2640; x_wconf 80' lang='grc' dir='ltr'>ῥήματα</span> <span class='ocrx_word' id='word_1_422' title='bbox 3628 2567 3800 2622; x_wconf 81' lang='grc' dir='ltr'>ταῦτα</span> 
     </span>
    </p>
   </div>
   <div class='ocr_carea' id='block_1_59' title="bbox 2219 2659 3801 2730">
    <p class='ocr_par' dir='ltr' id='par_1_59' title="bbox 2219 2659 3801 2730">
     <span class='ocr_line' id='line_1_59' title="bbox 2219 2659 3801 2730; baseline -0.001 -19"><span class='ocrx_word' id='word_1_423' title='bbox 2219 2659 2718 2730; x_wconf 75' lang='grc' dir='ltr'>προὺποϐἀλλεται’</span> <span class='ocrx_word' id='word_1_424' title='bbox 2777 2661 2862 2713; x_wconf 81' lang='grc' dir='ltr'><strong>ἵνα</strong></span> <span class='ocrx_word' id='word_1_425' title='bbox 2923 2662 3341 2724; x_wconf 82' lang='grc' dir='ltr'>κατασκευάσας</span> <span class='ocrx_word' id='word_1_426' title='bbox 3389 2661 3449 2714; x_wconf 77' lang='grc' dir='ltr'>τὸ</span> <span class='ocrx_word' id='word_1_427' title='bbox 3498 2661 3665 2730; x_wconf 79' lang='grc' dir='ltr'>μόνην</span> <span class='ocrx_word' id='word_1_428' title='bbox 3704 2661 3801 2729; x_wconf 77' lang='grc' dir='ltr'>τὴν</span> 
     </span>
    </p>
   </div>
   <div class='ocr_carea' id='block_1_60' title="bbox 2222 2749 3798 2828">
    <p class='ocr_par' dir='ltr' id='par_1_60' title="bbox 2222 2749 3798 2828">
     <span class='ocr_line' id='line_1_60' title="bbox 2222 2749 3798 2828; baseline -0.003 -23"><span class='ocrx_word' id='word_1_429' title='bbox 2222 2753 2350 2824; x_wconf 88' lang='grc' dir='ltr'>μίαν</span> <span class='ocrx_word' id='word_1_430' title='bbox 2386 2753 2574 2806; x_wconf 88' lang='grc' dir='ltr'>οὑσίαν</span> <span class='ocrx_word' id='word_1_431' title='bbox 2617 2753 2876 2828; x_wconf 79' lang='grc' dir='ltr'>ἀνωτάτω</span> <span class='ocrx_word' id='word_1_432' title='bbox 2921 2770 2980 2806; x_wconf 90' lang='grc' dir='ltr'><strong>τε</strong></span> <span class='ocrx_word' id='word_1_433' title='bbox 3020 2753 3114 2807; x_wconf 77' lang='grc' dir='ltr'>καὶ</span> <span class='ocrx_word' id='word_1_434' title='bbox 3167 2753 3512 2824; x_wconf 80' lang='grc' dir='ltr'>κυριωτάτην</span> <span class='ocrx_word' id='word_1_435' title='bbox 3539 2749 3798 2821; x_wconf 82' lang='grc' dir='ltr'>νομίζειν,</span> 
     </span>
    </p>
   </div>
   <div class='ocr_carea' id='block_1_61' title="bbox 2223 2841 3803 2918">
    <p class='ocr_par' dir='ltr' id='par_1_61' title="bbox 2223 2841 3803 2918">
     <span class='ocr_line' id='line_1_61' title="bbox 2223 2841 3803 2918; baseline -0.002 -22"><span class='ocrx_word' id='word_1_436' title='bbox 2223 2844 2418 2917; x_wconf 78' lang='grc' dir='ltr'>ῥᾳδίως</span> <span class='ocrx_word' id='word_1_437' title='bbox 2448 2845 2759 2918; x_wconf 80' lang='grc' dir='ltr'>κατατρέχῃ</span> <span class='ocrx_word' id='word_1_438' title='bbox 2790 2845 2897 2898; x_wconf 86' lang='grc' dir='ltr'><strong>τῶν</strong></span> <span class='ocrx_word' id='word_1_439' title='bbox 2929 2844 3126 2911; x_wconf 78' lang='grc' dir='ltr'>ἄλλων,</span> <span class='ocrx_word' id='word_1_440' title='bbox 3154 2845 3229 2908; x_wconf 85' lang='grc' dir='ltr'>ὡς</span> <span class='ocrx_word' id='word_1_441' title='bbox 3259 2847 3316 2898; x_wconf 82' lang='grc' dir='ltr'>ἐν</span> <span class='ocrx_word' id='word_1_442' title='bbox 3348 2846 3459 2908; x_wconf 87' lang='grc' dir='ltr'>τοῖς</span> <span class='ocrx_word' id='word_1_443' title='bbox 3494 2843 3663 2905; x_wconf 86' lang='grc' dir='ltr'>κάτω,</span> <span class='ocrx_word' id='word_1_444' title='bbox 3709 2841 3803 2895; x_wconf 75' lang='grc' dir='ltr'><strong>καὶ</strong></span> 
     </span>
    </p>
   </div>
   <div class='ocr_carea' id='block_1_62' title="bbox 2227 2935 3804 3009">
    <p class='ocr_par' dir='ltr' id='par_1_62' title="bbox 2227 2935 3804 3009">
     <span class='ocr_line' id='line_1_62' title="bbox 2227 2935 3804 3009; baseline -0.01 -5"><span class='ocrx_word' id='word_1_445' title='bbox 2227 2937 2300 3008; x_wconf 83' lang='grc' dir='ltr'>μὴ</span> <span class='ocrx_word' id='word_1_446' title='bbox 2336 2937 2537 3007; x_wconf 79' lang='grc' dir='ltr'>κυρίως</span> <span class='ocrx_word' id='word_1_447' title='bbox 2572 2937 2978 3009; x_wconf 82' lang='grc' dir='ltr'>θεωρουμένων.</span> <span class='ocrx_word' id='word_1_448' title='bbox 3006 2937 3254 2991; x_wconf 89' lang='grc' dir='ltr'>Δείκνυσι</span> <span class='ocrx_word' id='word_1_449' title='bbox 3281 2937 3337 2990; x_wconf 81' lang='grc' dir='ltr'>δὲ</span> <span class='ocrx_word' id='word_1_450' title='bbox 3375 2953 3532 2989; x_wconf 88' lang='grc' dir='ltr'>τουτο</span> <span class='ocrx_word' id='word_1_451' title='bbox 3571 2935 3804 3005; x_wconf 83' lang='grc' dir='ltr'>μάλιστα</span> 
     </span>
    </p>
   </div>
   <div class='ocr_carea' id='block_1_63' title="bbox 2221 3022 3806 3100">
    <p class='ocr_par' dir='ltr' id='par_1_63' title="bbox 2221 3022 3806 3100">
     <span class='ocr_line' id='line_1_63' title="bbox 2221 3022 3806 3100; baseline -0.002 -19"><span class='ocrx_word' id='word_1_452' title='bbox 2221 3028 2309 3081; x_wconf 77' lang='grc' dir='ltr'><strong>διὰ</strong></span> <span class='ocrx_word' id='word_1_453' title='bbox 2341 3029 2447 3080; x_wconf 82' lang='grc' dir='ltr'><strong>τῶν</strong></span> <span class='ocrx_word' id='word_1_454' title='bbox 2487 3027 2632 3098; x_wconf 81' lang='grc' dir='ltr'>ἑξῆς,</span> <span class='ocrx_word' id='word_1_455' title='bbox 2674 3030 2730 3080; x_wconf 83' lang='grc' dir='ltr'>ὲν</span> <span class='ocrx_word' id='word_1_456' title='bbox 2759 3022 2840 3091; x_wconf 73' lang='grc' dir='ltr'>οἷς</span> <span class='ocrx_word' id='word_1_457' title='bbox 2872 3027 2941 3080; x_wconf 80' lang='grc' dir='ltr'><strong>τὰ</strong></span> <span class='ocrx_word' id='word_1_458' title='bbox 2969 3027 3225 3082; x_wconf 83' lang='grc' dir='ltr'>δοκοῦντα</span> <span class='ocrx_word' id='word_1_459' title='bbox 3255 3028 3383 3100; x_wconf 73' lang='grc' dir='ltr'>περὶ</span> <span class='ocrx_word' id='word_1_460' title='bbox 3424 3027 3518 3081; x_wconf 89' lang='lat'><strong>106</strong></span> <span class='ocrx_word' id='word_1_461' title='bbox 3553 3025 3680 3079; x_wconf 82' lang='grc' dir='ltr'><strong>Υίοῦ</strong></span> <span class='ocrx_word' id='word_1_462' title='bbox 3710 3027 3806 3080; x_wconf 78' lang='grc' dir='ltr'><strong>καὶ</strong></span> 
     </span>
    </p>
   </div>
   <div class='ocr_carea' id='block_1_64' title="bbox 2221 3119 3809 3190">
    <p class='ocr_par' dir='ltr' id='par_1_64' title="bbox 2221 3119 3809 3190">
     <span class='ocr_line' id='line_1_64' title="bbox 2221 3119 3809 3190; baseline 0 -16"><span class='ocrx_word' id='word_1_463' title='bbox 2221 3121 2316 3175; x_wconf 80' lang='grc' dir='ltr'>τοῦ</span> <span class='ocrx_word' id='word_1_464' title='bbox 2345 3122 2501 3188; x_wconf 84' lang='grc' dir='ltr'>ἁγίου</span> <span class='ocrx_word' id='word_1_465' title='bbox 2533 3119 2850 3188; x_wconf 87' lang='grc' dir='ltr'>Πνεὺματος</span> <span class='ocrx_word' id='word_1_466' title='bbox 2881 3119 3278 3190; x_wconf 88' lang='grc' dir='ltr'>διαλεγόμενος,</span> <span class='ocrx_word' id='word_1_467' title='bbox 3312 3121 3411 3173; x_wconf 79' lang='grc' dir='ltr'><strong>οὑκ</strong></span> <span class='ocrx_word' id='word_1_468' title='bbox 3441 3120 3534 3174; x_wconf 73' lang='grc' dir='ltr'><strong>ἐπὶ</strong></span> <span class='ocrx_word' id='word_1_469' title='bbox 3561 3121 3669 3173; x_wconf 80' lang='grc' dir='ltr'>τῶν</span> <span class='ocrx_word' id='word_1_470' title='bbox 3691 3121 3809 3174; x_wconf 85' lang='grc' dir='ltr'>ὀνο-</span> 
     </span>
    </p>
   </div>
   <div class='ocr_carea' id='block_1_65' title="bbox 2228 3209 3808 3282">
    <p class='ocr_par' dir='ltr' id='par_1_65' title="bbox 2228 3209 3808 3282">
     <span class='ocr_line' id='line_1_65' title="bbox 2228 3209 3808 3282; baseline -0.001 -17"><span class='ocrx_word' id='word_1_471' title='bbox 2228 3214 2412 3282; x_wconf 85' lang='grc' dir='ltr'>μάτων</span> <span class='ocrx_word' id='word_1_472' title='bbox 2435 3210 2650 3281; x_wconf 76' lang='grc' dir='ltr'>ἐρχεται</span> <span class='ocrx_word' id='word_1_473' title='bbox 2690 3210 2924 3263; x_wconf 76' lang='grc' dir='ltr'>τούτων·</span> <span class='ocrx_word' id='word_1_474' title='bbox 2958 3210 3044 3263; x_wconf 86' lang='grc' dir='ltr'><strong>ἴνα</strong></span> <span class='ocrx_word' id='word_1_475' title='bbox 3079 3212 3174 3281; x_wconf 83' lang='grc' dir='ltr'>μὴ,</span> <span class='ocrx_word' id='word_1_476' title='bbox 3218 3209 3401 3274; x_wconf 85' lang='grc' dir='ltr'>καθὼς</span> <span class='ocrx_word' id='word_1_477' title='bbox 3430 3213 3708 3279; x_wconf 83' lang='grc' dir='ltr'>προεῖπον,</span> <span class='ocrx_word' id='word_1_478' title='bbox 3747 3211 3808 3264; x_wconf 79' lang='grc' dir='ltr'><strong>τὸ</strong></span> 
     </span>
    </p>
   </div>
   <div class='ocr_carea' id='block_1_66' title="bbox 2224 3302 3809 3376">
    <p class='ocr_par' dir='ltr' id='par_1_66' title="bbox 2224 3302 3809 3376">
     <span class='ocr_line' id='line_1_66' title="bbox 2224 3302 3809 3376; baseline -0.001 -19"><span class='ocrx_word' id='word_1_479' title='bbox 2224 3306 2420 3357; x_wconf 83' lang='grc' dir='ltr'>οἰκεῖον</span> <span class='ocrx_word' id='word_1_480' title='bbox 2467 3304 2560 3373; x_wconf 82' lang='grc' dir='ltr'><strong>τῆς</strong></span> <span class='ocrx_word' id='word_1_481' title='bbox 2595 3302 2807 3372; x_wconf 80' lang='grc' dir='ltr'>φύσεως</span> <span class='ocrx_word' id='word_1_482' title='bbox 2858 3302 3035 3356; x_wconf 84' lang='grc' dir='ltr'>αὑτῶν</span> <span class='ocrx_word' id='word_1_483' title='bbox 3080 3305 3201 3366; x_wconf 85' lang='grc' dir='ltr'>ταῖς</span> <span class='ocrx_word' id='word_1_484' title='bbox 3258 3305 3671 3376; x_wconf 85' lang='grc' dir='ltr'>προσηγορίαις,</span> <span class='ocrx_word' id='word_1_485' title='bbox 3713 3306 3809 3357; x_wconf 71' lang='grc' dir='ltr'><strong>καὶ</strong></span> 
     </span>
    </p>
   </div>
   <div class='ocr_carea' id='block_1_67' title="bbox 2230 3392 3810 3466">
    <p class='ocr_par' dir='ltr' id='par_1_67' title="bbox 2230 3392 3810 3466">
     <span class='ocr_line' id='line_1_67' title="bbox 2230 3392 3810 3466; baseline 0.003 -22"><span class='ocrx_word' id='word_1_486' title='bbox 2230 3395 2303 3463; x_wconf 81' lang='grc' dir='ltr'>μὴ</span> <span class='ocrx_word' id='word_1_487' title='bbox 2351 3392 2693 3463; x_wconf 83' lang='grc' dir='ltr'>βουλόμενος,</span> <span class='ocrx_word' id='word_1_488' title='bbox 2745 3394 3110 3466; x_wconf 81' lang='grc' dir='ltr'>παραστήσῃ’</span> <span class='ocrx_word' id='word_1_489' title='bbox 3143 3393 3258 3446; x_wconf 83' lang='grc' dir='ltr'>ἀλλ’</span> <span class='ocrx_word' id='word_1_490' title='bbox 3302 3395 3584 3466; x_wconf 84' lang='grc' dir='ltr'>ἀνώνυμον</span> <span class='ocrx_word' id='word_1_491' title='bbox 3630 3397 3810 3449; x_wconf 81' lang='grc' dir='ltr'>αὐτῶν</span> 
     </span>
    </p>
   </div>
   <div class='ocr_carea' id='block_1_68' title="bbox 2228 3484 3812 3555">
    <p class='ocr_par' dir='ltr' id='par_1_68' title="bbox 2228 3484 3812 3555">
     <span class='ocr_line' id='line_1_68' title="bbox 2228 3484 3812 3555; baseline 0.003 -19"><span class='ocrx_word' id='word_1_492' title='bbox 2228 3486 2458 3536; x_wconf 86' lang='grc' dir='ltr'>ποιεῖται</span> <span class='ocrx_word' id='word_1_493' title='bbox 2487 3484 2584 3555; x_wconf 86' lang='grc' dir='ltr'>τὴν</span> <span class='ocrx_word' id='word_1_494' title='bbox 2609 3485 2825 3555; x_wconf 83' lang='grc' dir='ltr'>μνήμην</span> <span class='ocrx_word' id='word_1_495' title='bbox 2855 3487 2882 3538; x_wconf 86' lang='grc' dir='ltr'>ὁ</span> <span class='ocrx_word' id='word_1_496' title='bbox 2912 3485 3277 3555; x_wconf 83' lang='grc' dir='ltr'>δογματίζων,</span> <span class='ocrx_word' id='word_1_497' title='bbox 3306 3486 3425 3540; x_wconf 79' lang='grc' dir='ltr'>ἀπὸ</span> <span class='ocrx_word' id='word_1_498' title='bbox 3470 3485 3589 3540; x_wconf 72' lang='grc' dir='ltr'><strong>τῶν·</strong></span> <span class='ocrx_word' id='word_1_499' title='bbox 3625 3502 3812 3554; x_wconf 78' lang='grc' dir='ltr'>προσ-</span> 
     </span>
    </p>
   </div>
   <div class='ocr_carea' id='block_1_69' title="bbox 548 3561 2120 3656">
    <p class='ocr_par' dir='ltr' id='par_1_69' title="bbox 548 3585 2120 3656">
     <span class='ocr_line' id='line_1_69' title="bbox 548 3585 2120 3656; baseline -0.001 -16"><span class='ocrx_word' id='word_1_500' title='bbox 548 3586 867 3641; x_wconf 89' lang='lat' dir='ltr'><strong>nomiuibus</strong></span> <span class='ocrx_word' id='word_1_501' title='bbox 896 3586 1112 3640; x_wconf 88' lang='lat' dir='ltr'><strong>illorqu</strong></span> <span class='ocrx_word' id='word_1_502' title='bbox 1171 3587 1504 3641; x_wconf 90' lang='lat' dir='ltr'><strong>mentionem</strong></span> <span class='ocrx_word' id='word_1_503' title='bbox 1532 3586 1662 3640; x_wconf 88' lang='lat' dir='ltr'><strong>facit</strong></span> <span class='ocrx_word' id='word_1_504' title='bbox 1693 3586 1763 3652; x_wconf 90' lang='lat' dir='ltr'><strong>is,</strong></span> <span class='ocrx_word' id='word_1_505' title='bbox 1811 3587 1903 3656; x_wconf 90' lang='lat' dir='ltr'><strong>qui</strong></span> <span class='ocrx_word' id='word_1_506' title='bbox 1937 3585 2120 3652; x_wconf 86' lang='lat' dir='ltr'><strong>docet,</strong></span> 
     </span>
    </p>
   </div>
   <div class='ocr_carea' id='block_1_70' title="bbox 2224 3561 3813 3656">
    <p class='ocr_par' dir='ltr' id='par_1_70' title="bbox 2232 3576 3813 3647">
     <span class='ocr_line' id='line_1_70' title="bbox 2232 3576 3813 3647; baseline 0.002 -17"><span class='ocrx_word' id='word_1_507' title='bbox 2232 3576 2406 3644; x_wconf 64' lang='grc' dir='ltr'><strong>φυὼν</strong></span> <span class='ocrx_word' id='word_1_508' title='bbox 2475 3577 2781 3647; x_wconf 77' lang='grc' dir='ltr'>ὀνομάτων</span> <span class='ocrx_word' id='word_1_509' title='bbox 2841 3578 2939 3631; x_wconf 74' lang='grc' dir='ltr'><strong>καί</strong></span> <span class='ocrx_word' id='word_1_510' title='bbox 2995 3576 3280 3646; x_wconf 75' lang='grc' dir='ltr'>ῥημάτων</span> <span class='ocrx_word' id='word_1_511' title='bbox 3341 3578 3471 3632; x_wconf 78' lang='grc' dir='ltr'>δεῖν</span> <span class='ocrx_word' id='word_1_512' title='bbox 3533 3580 3639 3645; x_wconf 82' lang='grc' dir='ltr'>τὰς</span> <span class='ocrx_word' id='word_1_513' title='bbox 3693 3578 3813 3633; x_wconf 76' lang='grc' dir='ltr'><strong>τῶν</strong></span> 
     </span>
    </p>
   </div>
   <div class='ocr_carea' id='block_1_71' title="bbox 548 3677 2128 3733">
    <p class='ocr_par' dir='ltr' id='par_1_71' title="bbox 548 3677 2128 3733">
     <span class='ocr_line' id='line_1_71' title="bbox 548 3677 2128 3733; baseline -0.001 -1"><span class='ocrx_word' id='word_1_514' title='bbox 548 3693 612 3732; x_wconf 73' lang='lat' dir='ltr'><strong>ea:</strong></span> <span class='ocrx_word' id='word_1_515' title='bbox 643 3678 808 3732; x_wconf 82' lang='lat' dir='ltr'><strong>verbis</strong></span> <span class='ocrx_word' id='word_1_516' title='bbox 837 3687 887 3732; x_wconf 85' lang='lat' dir='ltr'><strong>et</strong></span> <span class='ocrx_word' id='word_1_517' title='bbox 912 3679 1211 3732; x_wconf 82' lang='lat' dir='ltr'><strong>nominibus</strong></span> <span class='ocrx_word' id='word_1_518' title='bbox 1246 3677 1452 3733; x_wconf 83' lang='lat' dir='ltr'><strong>idoneis</strong></span> <span class='ocrx_word' id='word_1_519' title='bbox 1491 3692 1542 3732; x_wconf 81' lang='lat' dir='ltr'><strong>et</strong></span> <span class='ocrx_word' id='word_1_520' title='bbox 1565 3678 1979 3732; x_wconf 80' lang='lat' dir='ltr'><strong>accommodatis</strong></span> <span class='ocrx_word' id='word_1_521' title='bbox 2003 3677 2128 3731; x_wconf 87' lang='lat' dir='ltr'><strong>ani-</strong></span> 
     </span>
    </p>
   </div>
   <div class='ocr_carea' id='block_1_72' title="bbox 550 3770 2130 3827">
    <p class='ocr_par' dir='ltr' id='par_1_72' title="bbox 550 3770 2130 3827">
     <span class='ocr_line' id='line_1_72' title="bbox 550 3770 2130 3827; baseline -0.002 -1"><span class='ocrx_word' id='word_1_522' title='bbox 550 3789 661 3826; x_wconf 81' lang='lat' dir='ltr'><strong>mos</strong></span> <span class='ocrx_word' id='word_1_523' title='bbox 699 3772 1029 3827; x_wconf 85' lang='lat' dir='ltr'><strong>audientium</strong></span> <span class='ocrx_word' id='word_1_524' title='bbox 1051 3772 1120 3826; x_wconf 76' lang='lat' dir='ltr'><strong>ad</strong></span> <span class='ocrx_word' id='word_1_525' title='bbox 1147 3774 1223 3826; x_wconf 83' lang='lat' dir='ltr'><strong>rei</strong></span> <span class='ocrx_word' id='word_1_526' title='bbox 1253 3773 1526 3826; x_wconf 82' lang='lat' dir='ltr'><strong>veritatem</strong></span> <span class='ocrx_word' id='word_1_527' title='bbox 1570 3770 1843 3826; x_wconf 79' lang='lat' dir='ltr'><strong>ducendos</strong></span> <span class='ocrx_word' id='word_1_528' title='bbox 1887 3787 2024 3826; x_wconf 81' lang='lat' dir='ltr'><strong>esse.</strong></span> <span class='ocrx_word' id='word_1_529' title='bbox 2060 3771 2130 3823; x_wconf 85' lang='lat' dir='ltr'><strong>At</strong></span> 
     </span>
    </p>
   </div>
   <div class='ocr_carea' id='block_1_73' title="bbox 551 3865 2126 3937">
    <p class='ocr_par' dir='ltr' id='par_1_73' title="bbox 551 3865 2126 3937">
     <span class='ocr_line' id='line_1_73' title="bbox 551 3865 2126 3937; baseline -0.003 -17"><span class='ocrx_word' id='word_1_530' title='bbox 551 3865 712 3934; x_wconf 85' lang='lat' dir='ltr'><strong>quale</strong></span> <span class='ocrx_word' id='word_1_531' title='bbox 765 3880 961 3920; x_wconf 91' lang='lat' dir='ltr'><strong>nomen</strong></span> <span class='ocrx_word' id='word_1_532' title='bbox 1012 3865 1484 3920; x_wconf 88' lang='lat' dir='ltr'><strong>accommodatius</strong></span> <span class='ocrx_word' id='word_1_533' title='bbox 1530 3880 1656 3919; x_wconf 90' lang='lat' dir='ltr'><strong>esse</strong></span> <span class='ocrx_word' id='word_1_534' title='bbox 1706 3873 1894 3937; x_wconf 90' lang='lat' dir='ltr'><strong>queat,</strong></span> <span class='ocrx_word' id='word_1_535' title='bbox 1960 3876 2126 3932; x_wconf 92' lang='lat' dir='ltr'><strong>quam</strong></span> 
     </span>
    </p>
   </div>
   <div class='ocr_carea' id='block_1_74' title="bbox 551 3956 2134 4029">
    <p class='ocr_par' dir='ltr' id='par_1_74' title="bbox 551 3956 2134 4029">
     <span class='ocr_line' id='line_1_74' title="bbox 551 3956 2134 4029; baseline 0 -17"><span class='ocrx_word' id='word_1_536' title='bbox 551 3958 696 4028; x_wconf 88' lang='lat' dir='ltr'><strong>quod</strong></span> <span class='ocrx_word' id='word_1_537' title='bbox 728 3959 796 4012; x_wconf 91' lang='lat' dir='ltr'><strong>ab</strong></span> <span class='ocrx_word' id='word_1_538' title='bbox 827 3958 940 4028; x_wconf 86' lang='lat' dir='ltr'><strong>ipsa</strong></span> <span class='ocrx_word' id='word_1_539' title='bbox 963 3958 1193 4014; x_wconf 89' lang='lat' dir='ltr'><strong>veritate</strong></span> <span class='ocrx_word' id='word_1_540' title='bbox 1233 3958 1549 4029; x_wconf 90' lang='lat' dir='ltr'><strong>impositum</strong></span> <span class='ocrx_word' id='word_1_541' title='bbox 1575 3958 1702 4012; x_wconf 87' lang='lat' dir='ltr'><strong>est?</strong></span> <span class='ocrx_word' id='word_1_542' title='bbox 1753 3957 1860 4012; x_wconf 87' lang='lat' dir='ltr'><strong>Sed</strong></span> <span class='ocrx_word' id='word_1_543' title='bbox 1894 3956 2134 4028; x_wconf 76' lang='lat' dir='ltr'><strong>Evange-</strong></span> 
     </span>
    </p>
   </div>
   <div class='ocr_carea' id='block_1_75' title="bbox 553 4046 2132 4109">
    <p class='ocr_par' dir='ltr' id='par_1_75' title="bbox 553 4046 2132 4109">
     <span class='ocr_line' id='line_1_75' title="bbox 553 4046 2132 4109; baseline -0.003 -5"><span class='ocrx_word' id='word_1_544' title='bbox 553 4050 642 4104; x_wconf 88' lang='lat' dir='ltr'><strong>liis</strong></span> <span class='ocrx_word' id='word_1_545' title='bbox 673 4048 902 4105; x_wconf 87' lang='lat' dir='ltr'><strong>adversa</strong></span> <span class='ocrx_word' id='word_1_546' title='bbox 950 4049 1006 4104; x_wconf 86' lang='lat' dir='ltr'><strong>in</strong></span> <span class='ocrx_word' id='word_1_547' title='bbox 1053 4049 1319 4103; x_wconf 91' lang='lat' dir='ltr'><strong>mundum</strong></span> <span class='ocrx_word' id='word_1_548' title='bbox 1363 4046 1715 4102; x_wconf 80' lang='lat' dir='ltr'><strong>introducere</strong></span> <span class='ocrx_word' id='word_1_549' title='bbox 1761 4047 1976 4109; x_wconf 85' lang='lat' dir='ltr'><strong>volens,</strong></span> <span class='ocrx_word' id='word_1_550' title='bbox 2021 4062 2132 4100; x_wconf 92' lang='lat' dir='ltr'><strong>non</strong></span> 
     </span>
    </p>
   </div>
   <div class='ocr_carea' id='block_1_76' title="bbox 556 4139 2132 4208">
    <p class='ocr_par' dir='ltr' id='par_1_76' title="bbox 556 4139 2132 4208">
     <span class='ocr_line' id='line_1_76' title="bbox 556 4139 2132 4208; baseline -0.003 -14"><span class='ocrx_word' id='word_1_551' title='bbox 556 4143 798 4194; x_wconf 82' lang='lat' dir='ltr'><strong>nominat</strong></span> <span class='ocrx_word' id='word_1_552' title='bbox 828 4139 1046 4203; x_wconf 85' lang='lat' dir='ltr'><strong>Filium,</strong></span> <span class='ocrx_word' id='word_1_553' title='bbox 1104 4140 1200 4195; x_wconf 86' lang='lat' dir='ltr'><strong>sed</strong></span> <span class='ocrx_word' id='word_1_554' title='bbox 1234 4139 1628 4202; x_wconf 86' lang='lat' dir='ltr'><strong>substantiam,</strong></span> <span class='ocrx_word' id='word_1_555' title='bbox 1673 4154 1795 4208; x_wconf 72' lang='lat' dir='ltr'><strong>qua:</strong></span> <span class='ocrx_word' id='word_1_556' title='bbox 1842 4153 1940 4208; x_wconf 89' lang='lat' dir='ltr'><strong>per</strong></span> <span class='ocrx_word' id='word_1_557' title='bbox 1980 4139 2132 4192; x_wconf 87' lang='lat' dir='ltr'><strong>illam</strong></span> 
     </span>
    </p>
   </div>
   <div class='ocr_carea' id='block_1_77' title="bbox 574 4219 2141 4299">
    <p class='ocr_par' dir='ltr' id='par_1_77' title="bbox 574 4219 2141 4299">
     <span class='ocr_line' id='line_1_77' title="bbox 574 4219 2141 4299; baseline -0.006 -18"><span class='ocrx_word' id='word_1_558' title='bbox 574 4228 807 4299; x_wconf 89' lang='lat' dir='ltr'><strong>primam</strong></span> <span class='ocrx_word' id='word_1_559' title='bbox 842 4225 934 4291; x_wconf 87' lang='lat' dir='ltr'><strong>sit,</strong></span> <span class='ocrx_word' id='word_1_560' title='bbox 962 4233 1016 4280; x_wconf 92' lang='lat' dir='ltr'><strong>et</strong></span> <span class='ocrx_word' id='word_1_561' title='bbox 1041 4239 1161 4293; x_wconf 73' lang='lat' dir='ltr'><strong>quae</strong></span> <span class='ocrx_word' id='word_1_562' title='bbox 1190 4232 1315 4293; x_wconf 91' lang='lat' dir='ltr'><strong>post</strong></span> <span class='ocrx_word' id='word_1_563' title='bbox 1347 4222 1490 4276; x_wconf 89' lang='lat' dir='ltr'><strong>illam</strong></span> <span class='ocrx_word' id='word_1_564' title='bbox 1530 4222 1735 4292; x_wconf 90' lang='lat' dir='ltr'><strong>primas</strong></span> <span class='ocrx_word' id='word_1_565' title='bbox 1759 4229 1960 4275; x_wconf 90' lang='lat' dir='ltr'><strong>teneat.</strong></span> <span class='ocrx_word' id='word_1_566' title='bbox 1985 4219 2141 4285; x_wconf 89' lang='lat' dir='ltr'><strong>Quod</strong></span> 
     </span>
    </p>
   </div>
   <div class='ocr_carea' id='block_1_78' title="bbox 575 4311 2140 4381">
    <p class='ocr_par' dir='ltr' id='par_1_78' title="bbox 575 4311 2140 4381">
     <span class='ocr_line' id='line_1_78' title="bbox 575 4311 2140 4381; baseline -0.006 -7"><span class='ocrx_word' id='word_1_567' title='bbox 575 4329 754 4374; x_wconf 84' lang='lat' dir='ltr'><strong>autem</strong></span> <span class='ocrx_word' id='word_1_568' title='bbox 777 4319 890 4372; x_wconf 71' lang='lat' dir='ltr'><strong>haec</strong></span> <span class='ocrx_word' id='word_1_569' title='bbox 915 4333 1022 4372; x_wconf 92' lang='lat' dir='ltr'><strong>non</strong></span> <span class='ocrx_word' id='word_1_570' title='bbox 1042 4316 1148 4370; x_wconf 89' lang='lat' dir='ltr'><strong>alio</strong></span> <span class='ocrx_word' id='word_1_571' title='bbox 1162 4313 1393 4370; x_wconf 90' lang='lat' dir='ltr'><strong>consilio</strong></span> <span class='ocrx_word' id='word_1_572' title='bbox 1416 4311 1667 4377; x_wconf 75' lang='lat' dir='ltr'><strong>afﬁrmet,</strong></span> <span class='ocrx_word' id='word_1_573' title='bbox 1690 4327 1850 4381; x_wconf 82' lang='lat' dir='ltr'><strong>quam</strong></span> <span class='ocrx_word' id='word_1_574' title='bbox 1872 4320 1930 4364; x_wconf 89' lang='lat' dir='ltr'><strong>ut</strong></span> <span class='ocrx_word' id='word_1_575' title='bbox 1951 4325 2140 4365; x_wconf 90' lang='lat' dir='ltr'><strong>sanam</strong></span> 
     </span>
    </p>
   </div>
   <div class='ocr_carea' id='block_1_79' title="bbox 574 4401 2138 4476">
    <p class='ocr_par' dir='ltr' id='par_1_79' title="bbox 574 4401 2138 4476">
     <span class='ocr_line' id='line_1_79' title="bbox 574 4401 2138 4476; baseline -0.007 -9"><span class='ocrx_word' id='word_1_576' title='bbox 574 4422 628 4468; x_wconf 88' lang='lat' dir='ltr'><strong>et</strong></span> <span class='ocrx_word' id='word_1_577' title='bbox 644 4409 1002 4466; x_wconf 85' lang='lat' dir='ltr'><strong>orthodoxam</strong></span> <span class='ocrx_word' id='word_1_578' title='bbox 1023 4409 1090 4463; x_wconf 91' lang='lat' dir='ltr'><strong>de</strong></span> <span class='ocrx_word' id='word_1_579' title='bbox 1116 4406 1393 4476; x_wconf 79' lang='lat' dir='ltr'><strong>unigenito</strong></span> <span class='ocrx_word' id='word_1_580' title='bbox 1423 4401 1562 4457; x_wconf 85' lang='lat' dir='ltr'><strong>Filio</strong></span> <span class='ocrx_word' id='word_1_581' title='bbox 1578 4405 1884 4473; x_wconf 92' lang='lat' dir='ltr'><strong>opinionem</strong></span> <span class='ocrx_word' id='word_1_582' title='bbox 1905 4419 1969 4456; x_wconf 77' lang='lat' dir='ltr'><strong>ex</strong></span> <span class='ocrx_word' id='word_1_583' title='bbox 1987 4418 2138 4458; x_wconf 91' lang='lat' dir='ltr'><strong>men-</strong></span> 
     </span>
    </p>
   </div>
   <div class='ocr_carea' id='block_1_80' title="bbox 575 4495 2144 4566">
    <p class='ocr_par' dir='ltr' id='par_1_80' title="bbox 575 4495 2144 4566">
     <span class='ocr_line' id='line_1_80' title="bbox 575 4495 2144 4566; baseline -0.006 -8"><span class='ocrx_word' id='word_1_584' title='bbox 575 4505 724 4560; x_wconf 89' lang='lat' dir='ltr'><strong>tibus</strong></span> <span class='ocrx_word' id='word_1_585' title='bbox 747 4504 1030 4558; x_wconf 91' lang='lat' dir='ltr'><strong>hominum</strong></span> <span class='ocrx_word' id='word_1_586' title='bbox 1044 4500 1267 4562; x_wconf 83' lang='lat' dir='ltr'><strong>eximat,</strong></span> <span class='ocrx_word' id='word_1_587' title='bbox 1294 4497 1644 4565; x_wconf 82' lang='lat' dir='ltr'><strong>magisetiam</strong></span> <span class='ocrx_word' id='word_1_588' title='bbox 1673 4495 1994 4566; x_wconf 84' lang='lat' dir='ltr'><strong>patefacitet</strong></span> <span class='ocrx_word' id='word_1_589' title='bbox 2016 4495 2144 4550; x_wconf 91' lang='lat' dir='ltr'><strong>reli-</strong></span> 
     </span>
    </p>
   </div>
   <div class='ocr_carea' id='block_1_81' title="bbox 576 4584 2142 4666">
    <p class='ocr_par' dir='ltr' id='par_1_81' title="bbox 576 4584 2142 4666">
     <span class='ocr_line' id='line_1_81' title="bbox 576 4584 2142 4666; baseline -0.004 -19"><span class='ocrx_word' id='word_1_590' title='bbox 576 4596 701 4666; x_wconf 89' lang='lat' dir='ltr'><strong>quis</strong></span> <span class='ocrx_word' id='word_1_591' title='bbox 727 4595 876 4649; x_wconf 89' lang='lat' dir='ltr'><strong>illius</strong></span> <span class='ocrx_word' id='word_1_592' title='bbox 905 4591 1228 4662; x_wconf 90' lang='lat' dir='ltr'><strong>imposturis</strong></span> <span class='ocrx_word' id='word_1_593' title='bbox 1250 4597 1302 4643; x_wconf 90' lang='lat' dir='ltr'><strong>et</strong></span> <span class='ocrx_word' id='word_1_594' title='bbox 1327 4587 1800 4641; x_wconf 88' lang='lat' dir='ltr'><strong>machinamentis.</strong></span> <span class='ocrx_word' id='word_1_595' title='bbox 1823 4584 1996 4638; x_wconf 88' lang='lat' dir='ltr'><strong>Porro</strong></span> <span class='ocrx_word' id='word_1_596' title='bbox 2014 4601 2142 4656; x_wconf 90' lang='lat' dir='ltr'><strong>quo—</strong></span> 
     </span>
    </p>
   </div>
   <div class='ocr_carea' id='block_1_82' title="bbox 577 4678 2143 4751">
    <p class='ocr_par' dir='ltr' id='par_1_82' title="bbox 577 4678 2143 4751">
     <span class='ocr_line' id='line_1_82' title="bbox 577 4678 2143 4751; baseline -0.006 -11"><span class='ocrx_word' id='word_1_597' title='bbox 577 4688 722 4740; x_wconf 87' lang='lat' dir='ltr'><strong>niam</strong></span> <span class='ocrx_word' id='word_1_598' title='bbox 744 4684 938 4739; x_wconf 89' lang='lat' dir='ltr'><strong>modus</strong></span> <span class='ocrx_word' id='word_1_599' title='bbox 961 4681 1240 4751; x_wconf 88' lang='lat' dir='ltr'><strong>loquendi,</strong></span> <span class='ocrx_word' id='word_1_600' title='bbox 1271 4695 1380 4749; x_wconf 91' lang='lat' dir='ltr'><strong>quo</strong></span> <span class='ocrx_word' id='word_1_601' title='bbox 1400 4693 1533 4733; x_wconf 90' lang='lat' dir='ltr'><strong>usus</strong></span> <span class='ocrx_word' id='word_1_602' title='bbox 1564 4685 1669 4740; x_wconf 90' lang='lat' dir='ltr'><strong>est,</strong></span> <span class='ocrx_word' id='word_1_603' title='bbox 1698 4678 1768 4729; x_wconf 86' lang='lat' dir='ltr'><strong>ita</strong></span> <span class='ocrx_word' id='word_1_604' title='bbox 1799 4687 2143 4745; x_wconf 83' lang='lat' dir='ltr'><strong>comparatus</strong></span> 
     </span>
    </p>
   </div>
   <div class='ocr_carea' id='block_1_83' title="bbox 575 4768 2130 4842">
    <p class='ocr_par' dir='ltr' id='par_1_83' title="bbox 575 4768 2130 4842">
     <span class='ocr_line' id='line_1_83' title="bbox 575 4768 2130 4842; baseline -0.005 -10"><span class='ocrx_word' id='word_1_605' title='bbox 575 4779 814 4840; x_wconf 90' lang='lat' dir='ltr'><strong>videtur,</strong></span> <span class='ocrx_word' id='word_1_606' title='bbox 853 4784 912 4830; x_wconf 92' lang='lat' dir='ltr'><strong>ut</strong></span> <span class='ocrx_word' id='word_1_607' title='bbox 943 4775 988 4829; x_wconf 89' lang='lat' dir='ltr'><strong>is</strong></span> <span class='ocrx_word' id='word_1_608' title='bbox 1031 4775 1218 4834; x_wconf 85' lang='lat' dir='ltr'><strong>etiam,</strong></span> <span class='ocrx_word' id='word_1_609' title='bbox 1250 4772 1342 4842; x_wconf 90' lang='lat' dir='ltr'><strong>qui</strong></span> <span class='ocrx_word' id='word_1_610' title='bbox 1383 4769 1589 4839; x_wconf 73' lang='lat' dir='ltr'><strong>aliquid</strong></span> <span class='ocrx_word' id='word_1_611' title='bbox 1619 4768 1782 4836; x_wconf 87' lang='lat' dir='ltr'><strong>impie</strong></span> <span class='ocrx_word' id='word_1_612' title='bbox 1815 4769 1882 4822; x_wconf 90' lang='lat' dir='ltr'><strong>de</strong></span> <span class='ocrx_word' id='word_1_613' title='bbox 1910 4769 2130 4825; x_wconf 84' lang='lat' dir='ltr'><strong>Christo</strong></span> 
     </span>
    </p>
   </div>
   <div class='ocr_carea' id='block_1_84' title="bbox 2229 3670 3814 3744">
    <p class='ocr_par' dir='ltr' id='par_1_84' title="bbox 2229 3670 3814 3744">
     <span class='ocr_line' id='line_1_84' title="bbox 2229 3670 3814 3744; baseline 0.001 -21"><span class='ocrx_word' id='word_1_614' title='bbox 2229 3671 2572 3724; x_wconf 71' lang='grc' dir='ltr'>ἀκουόντων</span> <span class='ocrx_word' id='word_1_615' title='bbox 2586 3672 2853 3735; x_wconf 79' lang='grc' dir='ltr'>διανοίας</span> <span class='ocrx_word' id='word_1_616' title='bbox 2879 3670 3308 3740; x_wconf 78' lang='grc' dir='ltr'>προσάγεσθαι,</span> <span class='ocrx_word' id='word_1_617' title='bbox 3346 3672 3536 3724; x_wconf 84' lang='grc' dir='ltr'>Καίτοι</span> <span class='ocrx_word' id='word_1_618' title='bbox 3560 3676 3613 3728; x_wconf 84' lang='grc' dir='ltr'><strong>τί</strong></span> <span class='ocrx_word' id='word_1_619' title='bbox 3647 3687 3814 3744; x_wconf 83' lang='grc' dir='ltr'>προσ-</span> 
     </span>
    </p>
   </div>
   <div class='ocr_carea' id='block_1_85' title="bbox 2232 3761 3815 3835">
    <p class='ocr_par' dir='ltr' id='par_1_85' title="bbox 2232 3761 3815 3835">
     <span class='ocr_line' id='line_1_85' title="bbox 2232 3761 3815 3835; baseline 0.001 -19"><span class='ocrx_word' id='word_1_620' title='bbox 2232 3764 2526 3835; x_wconf 78' lang='grc' dir='ltr'>φυέστερον</span> <span class='ocrx_word' id='word_1_621' title='bbox 2561 3764 2729 3834; x_wconf 81' lang='grc' dir='ltr'>ὄνομα</span> <span class='ocrx_word' id='word_1_622' title='bbox 2777 3761 2869 3816; x_wconf 82' lang='grc' dir='ltr'>τοῦ</span> <span class='ocrx_word' id='word_1_623' title='bbox 2915 3764 3047 3835; x_wconf 87' lang='grc' dir='ltr'>παρ’</span> <span class='ocrx_word' id='word_1_624' title='bbox 3078 3763 3250 3833; x_wconf 82' lang='grc' dir='ltr'>αὑτῆς</span> <span class='ocrx_word' id='word_1_625' title='bbox 3278 3764 3378 3834; x_wconf 85' lang='grc' dir='ltr'>τῆς</span> <span class='ocrx_word' id='word_1_626' title='bbox 3407 3763 3661 3834; x_wconf 74' lang='grc' dir='ltr'>ἀληθείας</span> <span class='ocrx_word' id='word_1_627' title='bbox 3687 3763 3815 3817; x_wconf 77' lang='grc' dir='ltr'>ὠνο-</span> 
     </span>
    </p>
   </div>
   <div class='ocr_carea' id='block_1_86' title="bbox 2237 3855 3811 3928">
    <p class='ocr_par' dir='ltr' id='par_1_86' title="bbox 2237 3855 3811 3928">
     <span class='ocr_line' id='line_1_86' title="bbox 2237 3855 3811 3928; baseline -0.001 -18"><span class='ocrx_word' id='word_1_628' title='bbox 2237 3857 2538 3928; x_wconf 77' lang='grc' dir='ltr'>μασμένους</span> <span class='ocrx_word' id='word_1_629' title='bbox 2597 3856 2736 3909; x_wconf 82' lang='grc' dir='ltr'>Ἀλλ’</span> <span class='ocrx_word' id='word_1_630' title='bbox 2789 3855 3225 3927; x_wconf 76' lang='grc' dir='ltr'>ἀντιδογματίζει</span> <span class='ocrx_word' id='word_1_631' title='bbox 3273 3859 3386 3920; x_wconf 89' lang='grc' dir='ltr'>τοῖς</span> <span class='ocrx_word' id='word_1_632' title='bbox 3425 3855 3811 3924; x_wconf 87' lang='grc' dir='ltr'>Εὑαγγελίοις,</span> 
     </span>
    </p>
   </div>
   <div class='ocr_carea' id='block_1_87' title="bbox 2233 3944 3812 4019">
    <p class='ocr_par' dir='ltr' id='par_1_87' title="bbox 2233 3944 3812 4019">
     <span class='ocr_line' id='line_1_87' title="bbox 2233 3944 3812 4019; baseline -0.001 -18"><span class='ocrx_word' id='word_1_633' title='bbox 2233 3950 2329 4019; x_wconf 77' lang='grc' dir='ltr'>οὐχ</span> <span class='ocrx_word' id='word_1_634' title='bbox 2357 3949 2485 4002; x_wconf 82' lang='grc' dir='ltr'>Υίὸν</span> <span class='ocrx_word' id='word_1_635' title='bbox 2517 3947 2817 4018; x_wconf 68' lang='grc' dir='ltr'>ὀνομάζων,</span> <span class='ocrx_word' id='word_1_636' title='bbox 2851 3949 2986 4001; x_wconf 87' lang='grc' dir='ltr'><strong>ἀλλά</strong></span> <span class='ocrx_word' id='word_1_637' title='bbox 3029 3949 3126 4019; x_wconf 82' lang='grc' dir='ltr'><strong>τὴν</strong></span> <span class='ocrx_word' id='word_1_638' title='bbox 3151 3947 3217 4000; x_wconf 83' lang='grc' dir='ltr'>δι’</span> <span class='ocrx_word' id='word_1_639' title='bbox 3256 3949 3470 4018; x_wconf 79' lang='grc' dir='ltr'>ἐκείνην</span> <span class='ocrx_word' id='word_1_640' title='bbox 3497 3948 3594 4019; x_wconf 84' lang='grc' dir='ltr'><strong>μὲν</strong></span> <span class='ocrx_word' id='word_1_641' title='bbox 3625 3944 3812 4010; x_wconf 76' lang='grc' dir='ltr'>οὖσαν,</span> 
     </span>
    </p>
   </div>
   <div class='ocr_carea' id='block_1_88' title="bbox 2239 4041 3812 4112">
    <p class='ocr_par' dir='ltr' id='par_1_88' title="bbox 2239 4041 3812 4112">
     <span class='ocr_line' id='line_1_88' title="bbox 2239 4041 3812 4112; baseline 0 -16"><span class='ocrx_word' id='word_1_642' title='bbox 2239 4044 2354 4112; x_wconf 81' lang='grc' dir='ltr'>μετ’</span> <span class='ocrx_word' id='word_1_643' title='bbox 2397 4043 2612 4111; x_wconf 81' lang='grc' dir='ltr'>ἐκείνην</span> <span class='ocrx_word' id='word_1_644' title='bbox 2659 4041 2715 4096; x_wconf 79' lang='grc' dir='ltr'>δὲ</span> <span class='ocrx_word' id='word_1_645' title='bbox 2769 4042 2984 4096; x_wconf 84' lang='grc' dir='ltr'>πάντων</span> <span class='ocrx_word' id='word_1_646' title='bbox 3031 4041 3136 4094; x_wconf 85' lang='grc' dir='ltr'><strong>τῶν</strong></span> <span class='ocrx_word' id='word_1_647' title='bbox 3188 4041 3358 4094; x_wconf 76' lang='grc' dir='ltr'>ὄντων</span> <span class='ocrx_word' id='word_1_648' title='bbox 3404 4041 3812 4112; x_wconf 76' lang='grc' dir='ltr'>πρωτεύουσαν.</span> 
     </span>
    </p>
   </div>
   <div class='ocr_carea' id='block_1_89' title="bbox 2237 4132 3818 4205">
    <p class='ocr_par' dir='ltr' id='par_1_89' title="bbox 2237 4132 3818 4205">
     <span class='ocr_line' id='line_1_89' title="bbox 2237 4132 3818 4205; baseline 0.001 -18"><span class='ocrx_word' id='word_1_649' title='bbox 2237 4135 2404 4187; x_wconf 76' lang='grc' dir='ltr'>Τοῦτο</span> <span class='ocrx_word' id='word_1_650' title='bbox 2434 4134 2510 4200; x_wconf 83' lang='grc' dir='ltr'><strong>δὲ,</strong></span> <span class='ocrx_word' id='word_1_651' title='bbox 2541 4136 2624 4188; x_wconf 85' lang='grc' dir='ltr'>ὅτι</span> <span class='ocrx_word' id='word_1_652' title='bbox 2659 4135 2754 4204; x_wconf 82' lang='grc' dir='ltr'>μὲν</span> <span class='ocrx_word' id='word_1_653' title='bbox 2782 4134 2874 4187; x_wconf 78' lang='grc' dir='ltr'>ἐπὶ</span> <span class='ocrx_word' id='word_1_654' title='bbox 2904 4132 3219 4205; x_wconf 78' lang='grc' dir='ltr'>καθαιρέσει</span> <span class='ocrx_word' id='word_1_655' title='bbox 3249 4134 3347 4204; x_wconf 84' lang='grc' dir='ltr'>τῆς</span> <span class='ocrx_word' id='word_1_656' title='bbox 3380 4133 3636 4197; x_wconf 76' lang='grc' dir='ltr'>εὐσεϐοῦς</span> <span class='ocrx_word' id='word_1_657' title='bbox 3688 4135 3818 4205; x_wconf 80' lang='grc' dir='ltr'>περὶ</span> 
     </span>
    </p>
   </div>
   <div class='ocr_carea' id='block_1_90' title="bbox 2236 4223 3816 4295">
    <p class='ocr_par' dir='ltr' id='par_1_90' title="bbox 2236 4223 3816 4295">
     <span class='ocr_line' id='line_1_90' title="bbox 2236 4223 3816 4295; baseline -0.001 -16"><span class='ocrx_word' id='word_1_658' title='bbox 2236 4227 2328 4279; x_wconf 74' lang='grc' dir='ltr'><strong>τοῦ</strong></span> <span class='ocrx_word' id='word_1_659' title='bbox 2363 4225 2702 4294; x_wconf 85' lang='grc' dir='ltr'>Μονογενοῦς</span> <span class='ocrx_word' id='word_1_660' title='bbox 2737 4224 3051 4294; x_wconf 81' lang='grc' dir='ltr'>ὑπολήψεως</span> <span class='ocrx_word' id='word_1_661' title='bbox 3086 4223 3323 4292; x_wconf 85' lang='grc' dir='ltr'>λέγεται,</span> <span class='ocrx_word' id='word_1_662' title='bbox 3358 4225 3423 4278; x_wconf 86' lang='grc' dir='ltr'>ὲκ</span> <span class='ocrx_word' id='word_1_663' title='bbox 3469 4225 3570 4295; x_wconf 80' lang='grc' dir='ltr'>τῆς</span> <span class='ocrx_word' id='word_1_664' title='bbox 3624 4224 3816 4295; x_wconf 83' lang='grc' dir='ltr'>λοιπῆς</span> 
     </span>
    </p>
   </div>
   <div class='ocr_carea' id='block_1_91' title="bbox 2237 4315 3818 4387">
    <p class='ocr_par' dir='ltr' id='par_1_91' title="bbox 2237 4315 3818 4387">
     <span class='ocr_line' id='line_1_91' title="bbox 2237 4315 3818 4387; baseline -0.001 -16"><span class='ocrx_word' id='word_1_665' title='bbox 2237 4317 2400 4371; x_wconf 78' lang='grc' dir='ltr'>αὑτοῦ</span> <span class='ocrx_word' id='word_1_666' title='bbox 2452 4317 2794 4386; x_wconf 83' lang='grc' dir='ltr'>κατασκευῆς</span> <span class='ocrx_word' id='word_1_667' title='bbox 2831 4317 3030 4386; x_wconf 79' lang='grc' dir='ltr'>μᾶλλον</span> <span class='ocrx_word' id='word_1_668' title='bbox 3070 4315 3536 4387; x_wconf 84' lang='grc' dir='ltr'>φανερωθήσεται.</span> <span class='ocrx_word' id='word_1_669' title='bbox 3577 4317 3728 4369; x_wconf 67' lang='grc' dir='ltr'>Ἐπεὶ</span> <span class='ocrx_word' id='word_1_670' title='bbox 3759 4316 3818 4370; x_wconf 83' lang='grc' dir='ltr'>δὲ</span> 
     </span>
    </p>
   </div>
   <div class='ocr_carea' id='block_1_92' title="bbox 2241 4400 3818 4481">
    <p class='ocr_par' dir='ltr' id='par_1_92' title="bbox 2241 4400 3818 4481">
     <span class='ocr_line' id='line_1_92' title="bbox 2241 4400 3818 4481; baseline -0.001 -18"><span class='ocrx_word' id='word_1_671' title='bbox 2241 4409 2422 4481; x_wconf 81' lang='grc' dir='ltr'>μέσως</span> <span class='ocrx_word' id='word_1_672' title='bbox 2468 4410 2612 4480; x_wconf 73' lang='grc' dir='ltr'>ἔχειν</span> <span class='ocrx_word' id='word_1_673' title='bbox 2642 4409 2789 4462; x_wconf 86' lang='grc' dir='ltr'>δοκεῖ</span> <span class='ocrx_word' id='word_1_674' title='bbox 2833 4409 2900 4460; x_wconf 84' lang='grc' dir='ltr'>τὰ</span> <span class='ocrx_word' id='word_1_675' title='bbox 2947 4409 3233 4479; x_wconf 81' lang='grc' dir='ltr'>εἰρημένα,</span> <span class='ocrx_word' id='word_1_676' title='bbox 3391 4408 3487 4461; x_wconf 74' lang='grc' dir='ltr'>καὶ</span> <span class='ocrx_word' id='word_1_677' title='bbox 3527 4408 3618 4461; x_wconf 83' lang='grc' dir='ltr'><strong>τὸν</strong></span> <span class='ocrx_word' id='word_1_678' title='bbox 3650 4407 3818 4478; x_wconf 79' lang='grc' dir='ltr'>μηδὲν</span> 
     </span>
    </p>
   </div>
   <div class='ocr_carea' id='block_1_93' title="bbox 2237 4499 3820 4574">
    <p class='ocr_par' dir='ltr' id='par_1_93' title="bbox 2237 4499 3820 4574">
     <span class='ocr_line' id='line_1_93' title="bbox 2237 4499 3820 4574; baseline -0.003 -17"><span class='ocrx_word' id='word_1_679' title='bbox 2237 4503 2431 4566; x_wconf 84' lang='grc' dir='ltr'>ἀσεϐὲς</span> <span class='ocrx_word' id='word_1_680' title='bbox 2457 4503 2583 4574; x_wconf 75' lang='grc' dir='ltr'>περὶ</span> <span class='ocrx_word' id='word_1_681' title='bbox 2609 4501 2703 4554; x_wconf 82' lang='grc' dir='ltr'>τοῦ</span> <span class='ocrx_word' id='word_1_682' title='bbox 2725 4499 2960 4573; x_wconf 77' lang='grc' dir='ltr'>Χριστοῦ</span> <span class='ocrx_word' id='word_1_683' title='bbox 2987 4501 3234 4570; x_wconf 84' lang='grc' dir='ltr'>λέγοντα,</span> <span class='ocrx_word' id='word_1_684' title='bbox 3261 4500 3566 4574; x_wconf 81' lang='grc' dir='ltr'>χρήσασθαι</span> <span class='ocrx_word' id='word_1_685' title='bbox 3593 4502 3658 4555; x_wconf 81' lang='grc' dir='ltr'>ἄν</span> <span class='ocrx_word' id='word_1_686' title='bbox 3687 4518 3820 4553; x_wconf 87' lang='grc' dir='ltr'>ποτε</span> 
     </span>
    </p>
   </div>
   <div class='ocr_carea' id='block_1_94' title="bbox 2237 4591 3822 4666">
    <p class='ocr_par' dir='ltr' id='par_1_94' title="bbox 2237 4591 3822 4666">
     <span class='ocr_line' id='line_1_94' title="bbox 2237 4591 3822 4666; baseline -0.003 -17"><span class='ocrx_word' id='word_1_687' title='bbox 2237 4600 2347 4659; x_wconf 86' lang='grc' dir='ltr'>τοῖς</span> <span class='ocrx_word' id='word_1_688' title='bbox 2399 4596 2605 4666; x_wconf 76' lang='grc' dir='ltr'>ῥήμασι</span> <span class='ocrx_word' id='word_1_689' title='bbox 2637 4593 2868 4656; x_wconf 76' lang='grc' dir='ltr'>τούτοις·</span> <span class='ocrx_word' id='word_1_690' title='bbox 2909 4592 2997 4646; x_wconf 76' lang='grc' dir='ltr'><strong>διὰ</strong></span> <span class='ocrx_word' id='word_1_691' title='bbox 3044 4592 3201 4646; x_wconf 81' lang='grc' dir='ltr'>τοῦτο</span> <span class='ocrx_word' id='word_1_692' title='bbox 3244 4593 3338 4647; x_wconf 81' lang='grc' dir='ltr'><strong>καὶ</strong></span> <span class='ocrx_word' id='word_1_693' title='bbox 3369 4592 3530 4656; x_wconf 81' lang='grc' dir='ltr'>αὑτὸς</span> <span class='ocrx_word' id='word_1_694' title='bbox 3567 4591 3658 4644; x_wconf 83' lang='grc' dir='ltr'><strong>τὸν</strong></span> <span class='ocrx_word' id='word_1_695' title='bbox 3693 4593 3822 4661; x_wconf 74' lang='grc' dir='ltr'>περὶ</span> 
     </span>
    </p>
   </div>
   <div class='ocr_carea' id='block_1_95' title="bbox 2236 4683 3820 4756">
    <p class='ocr_par' dir='ltr' id='par_1_95' title="bbox 2236 4683 3820 4756">
     <span class='ocr_line' id='line_1_95' title="bbox 2236 4683 3820 4756; baseline -0.002 -16"><span class='ocrx_word' id='word_1_696' title='bbox 2236 4687 2327 4740; x_wconf 80' lang='grc' dir='ltr'>τοῦ</span> <span class='ocrx_word' id='word_1_697' title='bbox 2360 4686 2565 4756; x_wconf 78' lang='grc' dir='ltr'>Κυρίου</span> <span class='ocrx_word' id='word_1_698' title='bbox 2597 4685 2753 4753; x_wconf 85' lang='grc' dir='ltr'>λόγον</span> <span class='ocrx_word' id='word_1_699' title='bbox 2782 4683 2880 4738; x_wconf 83' lang='grc' dir='ltr'>νῦν</span> <span class='ocrx_word' id='word_1_700' title='bbox 2917 4685 3320 4756; x_wconf 83' lang='grc' dir='ltr'>ὑπερϐήσομαι,</span> <span class='ocrx_word' id='word_1_701' title='bbox 3354 4686 3474 4748; x_wconf 85' lang='grc' dir='ltr'>ταῖς</span> <span class='ocrx_word' id='word_1_702' title='bbox 3509 4687 3820 4756; x_wconf 75' lang='grc' dir='ltr'>φανερωτέ-</span> 
     </span>
    </p>
   </div>
   <div class='ocr_carea' id='block_1_96' title="bbox 2241 4774 3822 4850">
    <p class='ocr_par' dir='ltr' id='par_1_96' title="bbox 2241 4774 3822 4850">
     <span class='ocr_line' id='line_1_96' title="bbox 2241 4774 3822 4850; baseline -0.006 -18"><span class='ocrx_word' id='word_1_703' title='bbox 2241 4797 2358 4850; x_wconf 83' lang='grc' dir='ltr'>ραις</span> <span class='ocrx_word' id='word_1_704' title='bbox 2390 4779 2510 4831; x_wconf 73' lang='grc' dir='ltr'>κατ’</span> <span class='ocrx_word' id='word_1_705' title='bbox 2545 4776 2709 4830; x_wconf 81' lang='grc' dir='ltr'>αὑτοῦ</span> <span class='ocrx_word' id='word_1_706' title='bbox 2745 4774 3114 4845; x_wconf 84' lang='grc' dir='ltr'>βλασφημίαις</span> <span class='ocrx_word' id='word_1_707' title='bbox 3142 4775 3577 4845; x_wconf 85' lang='grc' dir='ltr'>ταμιευσάμενος</span> <span class='ocrx_word' id='word_1_708' title='bbox 3601 4775 3696 4842; x_wconf 84' lang='grc' dir='ltr'>τὴν</span> <span class='ocrx_word' id='word_1_709' title='bbox 3728 4775 3822 4824; x_wconf 82' lang='grc' dir='ltr'>ἀν-</span> 
     </span>
    </p>
   </div>
   <div class='ocr_carea' id='block_1_97' title="bbox 577 4864 2120 4944">
    <p class='ocr_par' dir='ltr' id='par_1_97' title="bbox 577 4866 2120 4940">
     <span class='ocr_line' id='line_1_97' title="bbox 577 4866 2120 4940; baseline -0.005 -16"><span class='ocrx_word' id='word_1_710' title='bbox 577 4868 826 4940; x_wconf 88' lang='lat' dir='ltr'><strong>proferre</strong></span> <span class='ocrx_word' id='word_1_711' title='bbox 853 4882 960 4920; x_wconf 92' lang='lat' dir='ltr'><strong>non</strong></span> <span class='ocrx_word' id='word_1_712' title='bbox 985 4866 1160 4934; x_wconf 86' lang='lat' dir='ltr'><strong>cupit,</strong></span> <span class='ocrx_word' id='word_1_713' title='bbox 1191 4881 1255 4919; x_wconf 82' lang='lat' dir='ltr'><strong>co</strong></span> <span class='ocrx_word' id='word_1_714' title='bbox 1275 4873 1331 4918; x_wconf 92' lang='lat' dir='ltr'><strong>ut</strong></span> <span class='ocrx_word' id='word_1_715' title='bbox 1356 4876 1518 4933; x_wconf 87' lang='lat' dir='ltr'><strong>queat</strong></span> <span class='ocrx_word' id='word_1_716' title='bbox 1543 4885 1555 4918; x_wconf 90' lang='lat'><strong>:</strong></span> <span class='ocrx_word' id='word_1_717' title='bbox 1581 4873 1865 4934; x_wconf 89' lang='lat' dir='ltr'><strong>propterea</strong></span> <span class='ocrx_word' id='word_1_718' title='bbox 1889 4878 2120 4933; x_wconf 66' lang='lat' dir='ltr'><strong>egoque</strong></span> 
     </span>
    </p>
   </div>
   <div class='ocr_carea' id='block_1_98' title="bbox 2224 4864 3822 4944">
    <p class='ocr_par' dir='ltr' id='par_1_98' title="bbox 2239 4864 3822 4944">
     <span class='ocr_line' id='line_1_98' title="bbox 2239 4864 3822 4944; baseline -0.004 -21"><span class='ocrx_word' id='word_1_719' title='bbox 2239 4873 2488 4944; x_wconf 77' lang='grc' dir='ltr'>τίρῤησιν</span> <span class='ocrx_word' id='word_1_720' title='bbox 2511 4886 2523 4898; x_wconf 88' lang='grc'><strong>·</strong></span> <span class='ocrx_word' id='word_1_721' title='bbox 2559 4870 2686 4940; x_wconf 78' lang='grc' dir='ltr'>περὶ</span> <span class='ocrx_word' id='word_1_722' title='bbox 2715 4868 2772 4921; x_wconf 83' lang='grc' dir='ltr'><strong>δὲ</strong></span> <span class='ocrx_word' id='word_1_723' title='bbox 2816 4868 2909 4920; x_wconf 82' lang='grc' dir='ltr'>τοῦ</span> <span class='ocrx_word' id='word_1_724' title='bbox 2941 4867 3092 4934; x_wconf 84' lang='grc' dir='ltr'>ἁγίου</span> <span class='ocrx_word' id='word_1_725' title='bbox 3130 4866 3467 4936; x_wconf 83' lang='grc' dir='ltr'>Πνεύματος,</span> <span class='ocrx_word' id='word_1_726' title='bbox 3503 4864 3688 4935; x_wconf 76' lang='grc' dir='ltr'>ἐπειδὴ</span> <span class='ocrx_word' id='word_1_727' title='bbox 3722 4882 3822 4932; x_wconf 74' lang='grc' dir='ltr'><strong>φα-</strong></span> 
     </span>
    </p>
   </div>
   <div class='ocr_carea' id='block_1_99' title="bbox 578 4957 2120 5034">
    <p class='ocr_par' dir='ltr' id='par_1_99' title="bbox 578 4957 2120 5031">
     <span class='ocr_line' id='line_1_99' title="bbox 578 4957 2120 5031; baseline -0.003 -16"><span class='ocrx_word' id='word_1_728' title='bbox 578 4979 688 5031; x_wconf 91' lang='lat' dir='ltr'><strong>que</strong></span> <span class='ocrx_word' id='word_1_729' title='bbox 731 4960 932 5016; x_wconf 90' lang='lat' dir='ltr'><strong>tacitus</strong></span> <span class='ocrx_word' id='word_1_730' title='bbox 969 4974 1113 5014; x_wconf 90' lang='lat' dir='ltr'><strong>nunc</strong></span> <span class='ocrx_word' id='word_1_731' title='bbox 1138 4958 1495 5027; x_wconf 80' lang='lat' dir='ltr'><strong>praetermitto</strong></span> <span class='ocrx_word' id='word_1_732' title='bbox 1517 4973 1658 5020; x_wconf 89' lang='lat' dir='ltr'><strong>eam,</strong></span> <span class='ocrx_word' id='word_1_733' title='bbox 1691 4968 1910 5026; x_wconf 72' lang='lat' dir='ltr'><strong>quaeest</strong></span> <span class='ocrx_word' id='word_1_734' title='bbox 1941 4959 2008 5012; x_wconf 89' lang='lat' dir='ltr'><strong>de</strong></span> <span class='ocrx_word' id='word_1_735' title='bbox 2039 4957 2120 5011; x_wconf 85' lang='lat' dir='ltr'><strong>Do</strong></span> 
     </span>
    </p>
   </div>
   <div class='ocr_carea' id='block_1_100' title="bbox 2224 4957 3821 5034">
    <p class='ocr_par' dir='ltr' id='par_1_100' title="bbox 2244 4958 3821 5034">
     <span class='ocr_line' id='line_1_100' title="bbox 2244 4958 3821 5034; baseline -0.004 -19"><span class='ocrx_word' id='word_1_736' title='bbox 2244 4965 2379 5034; x_wconf 85' lang='grc' dir='ltr'>νερᾷ</span> <span class='ocrx_word' id='word_1_737' title='bbox 2417 4962 2512 5015; x_wconf 75' lang='grc' dir='ltr'><strong>καὶ</strong></span> <span class='ocrx_word' id='word_1_738' title='bbox 2539 4959 2989 5032; x_wconf 83' lang='grc' dir='ltr'>ἀπαρακαλύπτῳ</span> <span class='ocrx_word' id='word_1_739' title='bbox 3021 4959 3220 5030; x_wconf 75' lang='grc' dir='ltr'>χρῆται</span> <span class='ocrx_word' id='word_1_740' title='bbox 3251 4961 3316 5030; x_wconf 83' lang='grc' dir='ltr'>τῇ</span> <span class='ocrx_word' id='word_1_741' title='bbox 3366 4958 3702 5030; x_wconf 74' lang='grc' dir='ltr'>βλασφημίᾳ,</span> <span class='ocrx_word' id='word_1_742' title='bbox 3736 4958 3821 5009; x_wconf 81' lang='grc' dir='ltr'>λέ-</span> 
     </span>
    </p>
   </div>
   <div class='ocr_carea' id='block_1_101' title="bbox 579 5047 2120 5124">
    <p class='ocr_par' dir='ltr' id='par_1_101' title="bbox 579 5049 2120 5118">
     <span class='ocr_line' id='line_1_101' title="bbox 579 5049 2120 5118; baseline -0.003 -11"><span class='ocrx_word' id='word_1_743' title='bbox 579 5053 733 5108; x_wconf 89' lang='lat' dir='ltr'><strong>mino</strong></span> <span class='ocrx_word' id='word_1_744' title='bbox 751 5059 966 5116; x_wconf 91' lang='lat' dir='ltr'><strong>nostro,</strong></span> <span class='ocrx_word' id='word_1_745' title='bbox 992 5049 1438 5118; x_wconf 85' lang='lat' dir='ltr'><strong>disputationem,</strong></span> <span class='ocrx_word' id='word_1_746' title='bbox 1458 5057 1741 5104; x_wconf 85' lang='lat' dir='ltr'><strong>exstructa</strong></span> <span class='ocrx_word' id='word_1_747' title='bbox 1770 5051 1915 5105; x_wconf 89' lang='lat' dir='ltr'><strong>illius</strong></span> <span class='ocrx_word' id='word_1_748' title='bbox 1932 5066 1989 5105; x_wconf 92' lang='lat' dir='ltr'><strong>re</strong></span> <span class='ocrx_word' id='word_1_749' title='bbox 2001 5051 2120 5104; x_wconf 34' lang='lat' dir='ltr'><strong>futa&#39;</strong></span> 
     </span>
    </p>
   </div>
   <div class='ocr_carea' id='block_1_102' title="bbox 2224 5047 3823 5124">
    <p class='ocr_par' dir='ltr' id='par_1_102' title="bbox 2246 5047 3823 5124">
     <span class='ocr_line' id='line_1_102' title="bbox 2246 5047 3823 5124; baseline -0.004 -16"><span class='ocrx_word' id='word_1_750' title='bbox 2246 5073 2358 5124; x_wconf 89' lang='grc' dir='ltr'><strong>γων</strong></span> <span class='ocrx_word' id='word_1_751' title='bbox 2402 5054 2754 5108; x_wconf 80' lang='grc' dir='ltr'>ἀσύντακτον</span> <span class='ocrx_word' id='word_1_752' title='bbox 2783 5047 2921 5105; x_wconf 81' lang='grc' dir='ltr'>εἶναι</span> <span class='ocrx_word' id='word_1_753' title='bbox 2967 5052 3143 5122; x_wconf 77' lang='grc' dir='ltr'>Πατρὶ</span> <span class='ocrx_word' id='word_1_754' title='bbox 3181 5052 3276 5104; x_wconf 70' lang='grc' dir='ltr'><strong>καὶ</strong></span> <span class='ocrx_word' id='word_1_755' title='bbox 3315 5051 3464 5122; x_wconf 84' lang='grc' dir='ltr'>Υίῷ,</span> <span class='ocrx_word' id='word_1_756' title='bbox 3496 5051 3823 5120; x_wconf 79' lang='grc' dir='ltr'>ἀμφοτέροις</span> 
     </span>
    </p>
   </div>
   <div class='ocr_carea' id='block_1_103' title="bbox 579 5143 2142 5211">
    <p class='ocr_par' dir='ltr' id='par_1_103' title="bbox 579 5143 2142 5211">
     <span class='ocr_line' id='line_1_103' title="bbox 579 5143 2142 5211; baseline -0.001 -12"><span class='ocrx_word' id='word_1_757' title='bbox 579 5148 727 5199; x_wconf 88' lang='lat' dir='ltr'><strong>tione</strong></span> <span class='ocrx_word' id='word_1_758' title='bbox 768 5161 832 5200; x_wconf 86' lang='lat' dir='ltr'><strong>ex</strong></span> <span class='ocrx_word' id='word_1_759' title='bbox 865 5145 1334 5200; x_wconf 87' lang='lat' dir='ltr'><strong>manifestissimis</strong></span> <span class='ocrx_word' id='word_1_760' title='bbox 1381 5143 1759 5202; x_wconf 81' lang='lat' dir='ltr'><strong>tantummodo</strong></span> <span class='ocrx_word' id='word_1_761' title='bbox 1788 5143 2142 5211; x_wconf 83' lang='lat' dir='ltr'><strong>blasphemiis</strong></span> 
     </span>
    </p>
   </div>
   <div class='ocr_carea' id='block_1_104' title="bbox 583 5235 2150 5309">
    <p class='ocr_par' dir='ltr' id='par_1_104' title="bbox 583 5235 2150 5309">
     <span class='ocr_line' id='line_1_104' title="bbox 583 5235 2150 5309; baseline 0.001 -20"><span class='ocrx_word' id='word_1_762' title='bbox 583 5246 776 5292; x_wconf 84' lang='lat' dir='ltr'><strong>contra</strong></span> <span class='ocrx_word' id='word_1_763' title='bbox 799 5235 1063 5308; x_wconf 88' lang='lat' dir='ltr'><strong>Spiritum</strong></span> <span class='ocrx_word' id='word_1_764' title='bbox 1090 5245 1362 5300; x_wconf 78' lang='lat' dir='ltr'><strong>sanctum,</strong></span> <span class='ocrx_word' id='word_1_765' title='bbox 1381 5253 1541 5307; x_wconf 90' lang='lat' dir='ltr'><strong>quem</strong></span> <span class='ocrx_word' id='word_1_766' title='bbox 1571 5251 1759 5309; x_wconf 86' lang='lat' dir='ltr'><strong>aperta</strong></span> <span class='ocrx_word' id='word_1_767' title='bbox 1782 5244 1835 5290; x_wconf 89' lang='lat' dir='ltr'><strong>et</strong></span> <span class='ocrx_word' id='word_1_768' title='bbox 1862 5237 2012 5291; x_wconf 89' lang='lat' dir='ltr'><strong>nullo</strong></span> <span class='ocrx_word' id='word_1_769' title='bbox 2033 5253 2150 5292; x_wconf 85' lang='lat' dir='ltr'><strong>ver-</strong></span> 
     </span>
    </p>
   </div>
   <div class='ocr_carea' id='block_1_105' title="bbox 2245 5137 3823 5216">
    <p class='ocr_par' dir='ltr' id='par_1_105' title="bbox 2245 5137 3823 5216">
     <span class='ocr_line' id='line_1_105' title="bbox 2245 5137 3823 5216; baseline -0.005 -14"><span class='ocrx_word' id='word_1_770' title='bbox 2245 5148 2299 5202; x_wconf 85' lang='grc' dir='ltr'>δὲ</span> <span class='ocrx_word' id='word_1_771' title='bbox 2339 5144 2799 5216; x_wconf 83' lang='grc' dir='ltr'>ὑποτεταγμένον,</span> <span class='ocrx_word' id='word_1_772' title='bbox 2833 5143 2933 5214; x_wconf 67' lang='grc' dir='ltr'>ἠδη</span> <span class='ocrx_word' id='word_1_773' title='bbox 2982 5143 3210 5196; x_wconf 86' lang='grc' dir='ltr'>καθόσον</span> <span class='ocrx_word' id='word_1_774' title='bbox 3242 5137 3354 5206; x_wconf 77' lang='grc' dir='ltr'>οἷός</span> <span class='ocrx_word' id='word_1_775' title='bbox 3401 5160 3458 5197; x_wconf 85' lang='grc' dir='ltr'><strong>τε</strong></span> <span class='ocrx_word' id='word_1_776' title='bbox 3494 5138 3560 5207; x_wconf 81' lang='grc' dir='ltr'>ὦ,</span> <span class='ocrx_word' id='word_1_777' title='bbox 3586 5142 3823 5207; x_wconf 75' lang='grc' dir='ltr'>ἐξετάσω</span> 
     </span>
    </p>
   </div>
   <div class='ocr_carea' id='block_1_106' title="bbox 2244 5242 2542 5310">
    <p class='ocr_par' dir='ltr' id='par_1_106' title="bbox 2244 5242 2542 5310">
     <span class='ocr_line' id='line_1_106' title="bbox 2244 5242 2542 5310; baseline 0 -14"><span class='ocrx_word' id='word_1_778' title='bbox 2244 5242 2333 5296; x_wconf 83' lang='grc' dir='ltr'><strong>τὸν</strong></span> <span class='ocrx_word' id='word_1_779' title='bbox 2365 5242 2542 5310; x_wconf 85' lang='grc' dir='ltr'>λόγον.</span> 
     </span>
    </p>
   </div>
   <div class='ocr_carea' id='block_1_107' title="bbox 580 5317 3806 5400">
    <p class='ocr_par' dir='ltr' id='par_1_107' title="bbox 580 5317 3806 5400">
     <span class='ocr_line' id='line_1_107' title="bbox 580 5317 3806 5400; baseline -0.002 -13"><span class='ocrx_word' id='word_1_780' title='bbox 580 5331 776 5387; x_wconf 88' lang='lat' dir='ltr'><strong>borum</strong></span> <span class='ocrx_word' id='word_1_781' title='bbox 806 5330 1089 5383; x_wconf 86' lang='lat' dir='ltr'><strong>involucro</strong></span> <span class='ocrx_word' id='word_1_782' title='bbox 1111 5336 1256 5383; x_wconf 77' lang='lat' dir='ltr'><strong>tecta</strong></span> <span class='ocrx_word' id='word_1_783' title='bbox 1280 5328 1618 5398; x_wconf 87' lang='lat' dir='ltr'><strong>blasphemia</strong></span> <span class='ocrx_word' id='word_1_784' title='bbox 1649 5330 1988 5400; x_wconf 81' lang='lat' dir='ltr'><strong>aggreditur,</strong></span> <span class='ocrx_word' id='word_1_785' title='bbox 2018 5330 2147 5387; x_wconf 84' lang='lat' dir='ltr'><strong>dum</strong></span> <span class='ocrx_word' id='word_1_786' title='bbox 2176 5344 2302 5386; x_wconf 89' lang='lat' dir='ltr'><strong>eum</strong></span> <span class='ocrx_word' id='word_1_787' title='bbox 2327 5323 2463 5379; x_wconf 72' lang='lat' dir='ltr'><strong>diCil</strong></span> <span class='ocrx_word' id='word_1_788' title='bbox 2488 5337 2595 5376; x_wconf 77' lang='lat' dir='ltr'><strong>non</strong></span> <span class='ocrx_word' id='word_1_789' title='bbox 2624 5321 2867 5392; x_wconf 69' lang='lat' dir='ltr'><strong>eiusdem</strong></span> <span class='ocrx_word' id='word_1_790' title='bbox 2887 5319 3099 5375; x_wconf 77' lang='lat' dir='ltr'><strong>ordinis</strong></span> <span class='ocrx_word' id='word_1_791' title='bbox 3116 5336 3237 5374; x_wconf 81' lang='lat' dir='ltr'><strong>cum</strong></span> <span class='ocrx_word' id='word_1_792' title='bbox 3255 5317 3418 5375; x_wconf 77' lang='lat' dir='ltr'><strong>Patre</strong></span> <span class='ocrx_word' id='word_1_793' title='bbox 3437 5329 3492 5376; x_wconf 82' lang='lat' dir='ltr'><strong>el</strong></span> <span class='ocrx_word' id='word_1_794' title='bbox 3521 5319 3661 5377; x_wconf 82' lang='lat' dir='ltr'><strong>Filio</strong></span> <span class='ocrx_word' id='word_1_795' title='bbox 3677 5339 3806 5377; x_wconf 78' lang='lat' dir='ltr'><strong>Ceu-</strong></span> 
     </span>
    </p>
   </div>
   <div class='ocr_carea' id='block_1_108' title="bbox 585 5404 3340 5499">
    <p class='ocr_par' dir='ltr' id='par_1_108' title="bbox 585 5404 3340 5499">
     <span class='ocr_line' id='line_1_108' title="bbox 585 5404 3340 5499; baseline -0.003 -19"><span class='ocrx_word' id='word_1_796' title='bbox 585 5427 694 5482; x_wconf 88' lang='lat' dir='ltr'><strong>seri</strong></span> <span class='ocrx_word' id='word_1_797' title='bbox 726 5438 907 5494; x_wconf 89' lang='lat' dir='ltr'><strong>posse,</strong></span> <span class='ocrx_word' id='word_1_798' title='bbox 942 5423 1158 5492; x_wconf 85' lang='lat' dir='ltr'><strong>utrique</strong></span> <span class='ocrx_word' id='word_1_799' title='bbox 1187 5433 1366 5479; x_wconf 87' lang='lat' dir='ltr'><strong>autem</strong></span> <span class='ocrx_word' id='word_1_800' title='bbox 1401 5404 1731 5492; x_wconf 79' lang='lat' dir='ltr'><strong>subjectum.</strong></span> <span class='ocrx_word' id='word_1_801' title='bbox 1754 5424 1925 5490; x_wconf 90' lang='lat' dir='ltr'><strong>Quam</strong></span> <span class='ocrx_word' id='word_1_802' title='bbox 1956 5426 2076 5495; x_wconf 89' lang='lat' dir='ltr'><strong>ejus</strong></span> <span class='ocrx_word' id='word_1_803' title='bbox 2099 5427 2443 5499; x_wconf 74' lang='lat' dir='ltr'><strong>impietatem</strong></span> <span class='ocrx_word' id='word_1_804' title='bbox 2475 5438 2574 5493; x_wconf 91' lang='lat' dir='ltr'><strong>pro</strong></span> <span class='ocrx_word' id='word_1_805' title='bbox 2600 5419 2807 5473; x_wconf 76' lang='lat' dir='ltr'><strong>viribus</strong></span> <span class='ocrx_word' id='word_1_806' title='bbox 2828 5433 2971 5470; x_wconf 83' lang='lat' dir='ltr'><strong>nunc</strong></span> <span class='ocrx_word' id='word_1_807' title='bbox 2995 5417 3340 5473; x_wconf 82' lang='lat' dir='ltr'><strong>examinabo.</strong></span> 
     </span>
    </p>
   </div>
   <div class='ocr_carea' id='block_1_109' title="bbox 631 5555 2137 5631">
    <p class='ocr_par' dir='ltr' id='par_1_109' title="bbox 631 5555 2137 5631">
     <span class='ocr_line' id='line_1_109' title="bbox 631 5555 2137 5631; baseline 0.004 -21"><span class='ocrx_word' id='word_1_808' title='bbox 631 5559 764 5624; x_wconf 63' lang='lat' dir='ltr'><strong>Quae</strong></span> <span class='ocrx_word' id='word_1_809' title='bbox 795 5557 968 5628; x_wconf 75' lang='lat' dir='ltr'><strong>igitur</strong></span> <span class='ocrx_word' id='word_1_810' title='bbox 1001 5555 1362 5624; x_wconf 86' lang='lat' dir='ltr'><strong>subjectionis</strong></span> <span class='ocrx_word' id='word_1_811' title='bbox 1401 5556 1672 5611; x_wconf 89' lang='lat' dir='ltr'><strong>vocabulo</strong></span> <span class='ocrx_word' id='word_1_812' title='bbox 1702 5559 1856 5613; x_wconf 87' lang='lat' dir='ltr'><strong>notio</strong></span> <span class='ocrx_word' id='word_1_813' title='bbox 1883 5557 2137 5631; x_wconf 79' lang='lat' dir='ltr'><strong>subjecta</strong></span> 
     </span>
    </p>
   </div>
   <div class='ocr_carea' id='block_1_110' title="bbox 575 5648 2130 5720">
    <p class='ocr_par' dir='ltr' id='par_1_110' title="bbox 575 5648 2130 5720">
     <span class='ocr_line' id='line_1_110' title="bbox 575 5648 2130 5720; baseline 0 -12"><span class='ocrx_word' id='word_1_814' title='bbox 575 5652 661 5717; x_wconf 77' lang='lat' dir='ltr'><strong>sit,</strong></span> <span class='ocrx_word' id='word_1_815' title='bbox 686 5659 740 5706; x_wconf 90' lang='lat' dir='ltr'><strong>et</strong></span> <span class='ocrx_word' id='word_1_816' title='bbox 773 5649 828 5706; x_wconf 93' lang='lat' dir='ltr'><strong>in</strong></span> <span class='ocrx_word' id='word_1_817' title='bbox 859 5649 1061 5720; x_wconf 89' lang='lat' dir='ltr'><strong>quibus</strong></span> <span class='ocrx_word' id='word_1_818' title='bbox 1095 5650 1259 5703; x_wconf 92' lang='lat' dir='ltr'><strong>rebus</strong></span> <span class='ocrx_word' id='word_1_819' title='bbox 1293 5649 1476 5703; x_wconf 89' lang='lat' dir='ltr'><strong>divina</strong></span> <span class='ocrx_word' id='word_1_820' title='bbox 1523 5648 1810 5719; x_wconf 91' lang='lat' dir='ltr'><strong>Scriptura</strong></span> <span class='ocrx_word' id='word_1_821' title='bbox 1841 5651 1894 5706; x_wconf 89' lang='lat' dir='ltr'><strong>id</strong></span> <span class='ocrx_word' id='word_1_822' title='bbox 1928 5667 2130 5708; x_wconf 89' lang='lat' dir='ltr'><strong>nomen</strong></span> 
     </span>
    </p>
   </div>
   <div class='ocr_carea' id='block_1_111' title="bbox 575 5741 2140 5814">
    <p class='ocr_par' dir='ltr' id='par_1_111' title="bbox 575 5741 2140 5814">
     <span class='ocr_line' id='line_1_111' title="bbox 575 5741 2140 5814; baseline 0.001 -17"><span class='ocrx_word' id='word_1_823' title='bbox 575 5751 826 5814; x_wconf 83' lang='lat' dir='ltr'><strong>usurpet,</strong></span> <span class='ocrx_word' id='word_1_824' title='bbox 854 5742 1128 5813; x_wconf 84' lang='lat' dir='ltr'><strong>principio</strong></span> <span class='ocrx_word' id='word_1_825' title='bbox 1183 5741 1461 5811; x_wconf 88' lang='lat' dir='ltr'><strong>inquirere</strong></span> <span class='ocrx_word' id='word_1_826' title='bbox 1517 5751 1754 5812; x_wconf 87' lang='lat' dir='ltr'><strong>oportet.</strong></span> <span class='ocrx_word' id='word_1_827' title='bbox 1802 5742 1938 5798; x_wconf 90' lang='lat' dir='ltr'><strong>Cum</strong></span> <span class='ocrx_word' id='word_1_828' title='bbox 1995 5744 2140 5799; x_wconf 85' lang='lat' dir='ltr'><strong>Deus</strong></span> 
     </span>
    </p>
   </div>
   <div class='ocr_carea' id='block_1_112' title="bbox 581 5835 2140 5907">
    <p class='ocr_par' dir='ltr' id='par_1_112' title="bbox 581 5835 2140 5907">
     <span class='ocr_line' id='line_1_112' title="bbox 581 5835 2140 5907; baseline 0.003 -19"><span class='ocrx_word' id='word_1_829' title='bbox 581 5837 857 5895; x_wconf 81' lang='lat' dir='ltr'><strong>hominem</strong></span> <span class='ocrx_word' id='word_1_830' title='bbox 889 5837 1236 5899; x_wconf 83' lang='lat' dir='ltr'><strong>honorasset,</strong></span> <span class='ocrx_word' id='word_1_831' title='bbox 1265 5851 1329 5892; x_wconf 90' lang='lat' dir='ltr'><strong>eo</strong></span> <span class='ocrx_word' id='word_1_832' title='bbox 1354 5835 1496 5907; x_wconf 89' lang='lat' dir='ltr'><strong>quod</strong></span> <span class='ocrx_word' id='word_1_833' title='bbox 1527 5837 1704 5906; x_wconf 86' lang='lat' dir='ltr'><strong>ipsum</strong></span> <span class='ocrx_word' id='word_1_834' title='bbox 1749 5835 1814 5890; x_wconf 88' lang='lat' dir='ltr'><strong>ad</strong></span> <span class='ocrx_word' id='word_1_835' title='bbox 1853 5837 2140 5907; x_wconf 80' lang='lat' dir='ltr'><strong>imaginem</strong></span> 
     </span>
    </p>
   </div>
   <div class='ocr_carea' id='block_1_113' title="bbox 2315 5552 3824 5626">
    <p class='ocr_par' dir='ltr' id='par_1_113' title="bbox 2315 5552 3824 5626">
     <span class='ocr_line' id='line_1_113' title="bbox 2315 5552 3824 5626; baseline 0.001 -16"><span class='ocrx_word' id='word_1_836' title='bbox 2315 5556 2381 5611; x_wconf 79' lang='grc' dir='ltr'>Τί</span> <span class='ocrx_word' id='word_1_837' title='bbox 2409 5556 2585 5610; x_wconf 91' lang='grc' dir='ltr'>τοίνυν</span> <span class='ocrx_word' id='word_1_838' title='bbox 2617 5555 2714 5626; x_wconf 83' lang='grc' dir='ltr'><strong>τῆς</strong></span> <span class='ocrx_word' id='word_1_839' title='bbox 2750 5552 3030 5623; x_wconf 78' lang='grc' dir='ltr'>ὑποταγῆς</span> <span class='ocrx_word' id='word_1_840' title='bbox 3057 5553 3171 5608; x_wconf 81' lang='grc' dir='ltr'>ἐστι</span> <span class='ocrx_word' id='word_1_841' title='bbox 3201 5553 3262 5607; x_wconf 77' lang='grc' dir='ltr'>τὸ</span> <span class='ocrx_word' id='word_1_842' title='bbox 3294 5555 3690 5626; x_wconf 85' lang='grc' dir='ltr'>σημαινόμενον</span> <span class='ocrx_word' id='word_1_843' title='bbox 3727 5557 3824 5611; x_wconf 78' lang='grc' dir='ltr'><strong>καὶ</strong></span> 
     </span>
    </p>
   </div>
   <div class='ocr_carea' id='block_1_114' title="bbox 2247 5644 3823 5718">
    <p class='ocr_par' dir='ltr' id='par_1_114' title="bbox 2247 5644 3823 5718">
     <span class='ocr_line' id='line_1_114' title="bbox 2247 5644 3823 5718; baseline -0.012 -11"><span class='ocrx_word' id='word_1_844' title='bbox 2247 5653 2339 5707; x_wconf 70' lang='grc' dir='ltr'>ἐπὶ</span> <span class='ocrx_word' id='word_1_845' title='bbox 2367 5651 2527 5702; x_wconf 89' lang='grc' dir='ltr'>τίνων</span> <span class='ocrx_word' id='word_1_846' title='bbox 2559 5649 2591 5718; x_wconf 79' lang='grc' dir='ltr'><strong>ἡ</strong></span> <span class='ocrx_word' id='word_1_847' title='bbox 2626 5647 2744 5699; x_wconf 86' lang='grc' dir='ltr'>θεία</span> <span class='ocrx_word' id='word_1_848' title='bbox 2775 5644 2961 5716; x_wconf 77' lang='grc' dir='ltr'>Γραφὴ</span> <span class='ocrx_word' id='word_1_849' title='bbox 2991 5645 3071 5715; x_wconf 86' lang='grc' dir='ltr'>τῷ</span> <span class='ocrx_word' id='word_1_850' title='bbox 3103 5648 3328 5717; x_wconf 84' lang='grc' dir='ltr'>τοιούτῳ</span> <span class='ocrx_word' id='word_1_851' title='bbox 3356 5646 3696 5718; x_wconf 77' lang='grc' dir='ltr'>προσχρῆται</span> <span class='ocrx_word' id='word_1_852' title='bbox 3727 5648 3823 5718; x_wconf 65' lang='grc' dir='ltr'><strong>ρή-</strong></span> 
     </span>
    </p>
   </div>
   <div class='ocr_carea' id='block_1_115' title="bbox 2253 5737 3822 5814">
    <p class='ocr_par' dir='ltr' id='par_1_115' title="bbox 2253 5737 3822 5814">
     <span class='ocr_line' id='line_1_115' title="bbox 2253 5737 3822 5814; baseline -0.003 -20"><span class='ocrx_word' id='word_1_853' title='bbox 2253 5759 2404 5814; x_wconf 87' lang='grc' dir='ltr'>ματι,</span> <span class='ocrx_word' id='word_1_854' title='bbox 2444 5739 2660 5810; x_wconf 83' lang='grc' dir='ltr'>πρῶτον</span> <span class='ocrx_word' id='word_1_855' title='bbox 2694 5739 3134 5809; x_wconf 81' lang='grc' dir='ltr'>κατανοήσωμεν.</span> <span class='ocrx_word' id='word_1_856' title='bbox 3169 5737 3357 5806; x_wconf 86' lang='grc' dir='ltr'>Τιμῶν</span> <span class='ocrx_word' id='word_1_857' title='bbox 3403 5737 3492 5791; x_wconf 72' lang='grc' dir='ltr'>τὸν</span> <span class='ocrx_word' id='word_1_858' title='bbox 3535 5738 3822 5810; x_wconf 79' lang='grc' dir='ltr'>ἄνθρωπον</span> 
     </span>
    </p>
   </div>
   <div class='ocr_carea' id='block_1_116' title="bbox 2249 5829 3822 5906">
    <p class='ocr_par' dir='ltr' id='par_1_116' title="bbox 2249 5829 3822 5906">
     <span class='ocr_line' id='line_1_116' title="bbox 2249 5829 3822 5906; baseline -0.003 -19"><span class='ocrx_word' id='word_1_859' title='bbox 2249 5835 2325 5906; x_wconf 78' lang='grc' dir='ltr'>τῷ</span> <span class='ocrx_word' id='word_1_860' title='bbox 2349 5833 2466 5886; x_wconf 80' lang='grc' dir='ltr'>κατ’</span> <span class='ocrx_word' id='word_1_861' title='bbox 2487 5829 2668 5883; x_wconf 82' lang='grc' dir='ltr'>είκόνα</span> <span class='ocrx_word' id='word_1_862' title='bbox 2696 5829 3016 5903; x_wconf 76' lang='grc' dir='ltr'>γεγενῆσθαι</span> <span class='ocrx_word' id='word_1_863' title='bbox 3036 5829 3130 5885; x_wconf 81' lang='grc' dir='ltr'>τοῦ</span> <span class='ocrx_word' id='word_1_864' title='bbox 3147 5830 3446 5896; x_wconf 81' lang='grc' dir='ltr'>κτίσαντος,</span> <span class='ocrx_word' id='word_1_865' title='bbox 3477 5832 3655 5885; x_wconf 80' lang='grc' dir='ltr'>πᾶσαν</span> <span class='ocrx_word' id='word_1_866' title='bbox 3676 5829 3822 5902; x_wconf 79' lang='grc' dir='ltr'>αὐτῷ</span> 
     </span>
    </p>
   </div>
  </div>
