4166 6372
382 434 485 489 309

1542 443 1822 500 CONTRA
1853 442 2219 504 EUNOMIUM
2258 446 2384 503 LIB.
2420 448 2454 503 Ι.

3541 454 3644 509 ’διο

380 550 479 620 τὴν
515 548 706 616 ἄλογον
742 548 899 618 φύσιν
936 551 1205 616 ὑπέταξεν
1248 555 1275 606 6
1316 554 1507 619 κτίσας
1535 557 1686 620 Θεὸς,
1724 557 1956 622 καθὼςό

2065 566 2119 612 et
2150 559 2565 614 similitudinem
2603 559 2689 614 sui
2726 561 2995 617 creatoris
3036 561 3309 620 etfecrsset
3331 564 3399 631 ",
3419 581 3640 621 omnem

388 640 559 710 μέγας
610 639 773 692 Δαϐὶδ
805 641 863 693 ὲν
913 640 1104 711 ὕμνοις
1148 642 1247 714 τὴν
1293 644 1452 715 χάριν
1499 645 1701 717 ταύτην
1754 647 1962 712 διεξιὼν

384 733 757 803 ἀνευφήμησε.
810 731 1014 787 Πάντα
1063 734 1192 805 γὰρ,
1228 737 1411 807 φησὶν,
1461 739 1763 803 ὑπέταξεν
1818 744 1963 794 ὑπο-

384 825 541 879 κάτω
573 826 692 880 τῶν
724 826 928 882 ποδῶν
955 829 1169 883 αὑτοῦ·
1204 832 1297 883 καὶ
1326 833 1414 885 ἐπ’
1457 833 1716 902 ὀνόματος
1757 835 1961 904 μέμνη-

382 934 467 969 ται
497 918 605 969 τῶν
639 918 1109 988 ὑποτεταγμένων.
1144 922 1297 975 Ἐστι
1320 923 1481 977 πάλιν
1508 925 1786 994 ὑποταγῆς
1815 926 1965 995 παρά

383 1011 447 1078 τῇ
477 1009 596 1079 θείᾳ
635 1010 821 1081 Γραφῇ
851 1011 944 1063 καὶ
986 1010 1114 1064 ἄλλο
1152 1013 1213 1065 τὸ
1253 1018 1666 1085 σημαινόμενον.
1707 1017 1824 1068 Τῶν
1856 1018 1963 1087 γὰρ

383 1101 441 1153 ὲν
470 1104 582 1162 τοῖς
614 1100 869 1172 πολέμοις
916 1102 1367 1172 κατορθωθέντων
1399 1105 1566 1177 αὑτῷ,
1606 1106 1685 1177 τῷ
1710 1107 1827 1178 Θεῷ
1852 1107 1962 1160 τῶν

383 1194 519 1246 ὅλων
556 1195 830 1259 ἀνατιθεὶς
857 1195 954 1266 τὴν
984 1196 1185 1258 αἰτίαν,
1223 1195 1500 1261 Ὗπέταξε
1535 1199 1743 1265 λαοὺς,
1777 1200 1960 1269 φησιν,

384 1287 546 1356 ἡμῖν,
581 1290 677 1342 καὶ
720 1290 863 1357 ἔθνη
895 1290 1013 1345 ὑπὸ
1046 1291 1187 1356 τοὺς
1212 1291 1401 1357 πόδας
1426 1291 1625 1361 ἡμῶνο
1660 1294 1752 1345 καὶ
1781 1292 1959 1357 πάλιν,

395 1380 450 1430 ’0
482 1381 849 1435 ὐποτάσσων
890 1382 1078 1449 λαοὺς
1114 1384 1217 1438 ὑπ’
1255 1383 1377 1452 ἐμέ.
1410 1384 1518 1436 Καὶ
1551 1384 1808 1447 πολλάκις
1847 1384 1962 1436 ἐστι

384 1472 482 1541 τὴν
512 1471 693 1544 φωνὴν
726 1472 929 1545 ταύτην
960 1476 1019 1526 ὲν
1052 1477 1170 1538 ταῖς
1194 1474 1366 1538 θείαις
1400 1475 1579 1547 εὑρεῖν
1616 1477 1878 1547 Γραφαῖς,
1902 1477 1962 1529 τὸ

386 1564 526 1617 κατά
556 1564 663 1618 τῶν
707 1566 1174 1636 ἀντιτεταγμένων
1216 1567 1415 1636 κράτος
1456 1567 1959 1638 ἀποσημαίνουσαν.

386 1656 459 1708 Τὸ
488 1657 597 1728 γὰρ
636 1657 727 1709 τοῦ
769 1657 1091 1709 Ἀποστόλου
1123 1658 1215 1710 ἐπὶ
1248 1658 1346 1728 τῆς
1390 1660 1447 1710 ὲν
1482 1660 1693 1731 ὑστέρῳ
1734 1677 1959 1731 γενησο-

388 1750 553 1822 μένης
574 1750 853 1821 ὑποταγῆς
879 1750 1094 1803 πάντων
1115 1750 1224 1803 τῶν
1258 1749 1352 1803 ἀνθ
1362 1750 1557 1820 ρώπων
1586 1752 1720 1821 πρὸς
1741 1752 1830 1804 τὸν
1848 1753 1959 1805 Μο-

384 1845 594 1915 νογενῆ,
630 1846 723 1897 καὶ
759 1846 825 1897 δι’
857 1845 1021 1899 αὑτοῦ
1055 1845 1191 1917 πρὸς
1215 1844 1304 1898 τὸν
1338 1846 1576 1916 Πατέρα,
1610 1848 1667 1899 ἐν
1698 1840 1778 1908 οἷς
1806 1848 1861 1899 ἐν
1883 1845 1960 1915 τῷ

386 1935 536 2005 βάθει
581 1938 679 2007 τῆς
715 1938 904 2005 σοφίας
933 1938 1023 1990 τὸν
1066 1938 1291 2008 μεσίτην
1336 1936 1470 1991 Θεοῦ
1514 1939 1606 1991 καὶ⁹
1656 1937 1958 2009 ἀνθρώπων

384 2028 544 2081 αὑτὸν
588 2028 985 2081 ὑποτάσσεσθαι
1036 2029 1114 2099 τῷ
1145 2029 1319 2100 Πατρὶ
1369 2028 1519 2096 λέγει
1576 2028 1692 2099 (τὴν
1744 2030 1958 2081 πάντων

382 2118 683 2188 ἀνθρώπων
716 2116 980 2187 ὑπακοὴν,
1012 2117 1099 2171 διὰ
1145 2117 1247 2187 τῆς
1275 2116 1370 2170 τοῦ
1400 2116 1529 2170 Υίοῦ
1566 2118 1960 2188 μετεσχηκότος

381 2210 479 2280 τῆς
507 2209 923 2282 ἀνθρωπότητος
955 2210 1091 2280 πρὸς
1118 2209 1208 2261 τὸν
1231 2210 1450 2280 Πατέρα
1478 2209 1753 2279 ὑποταγῆς
1785 2211 1959 2262 αἰνισ-

384 2302 661 2373 σόμενος),
701 2302 777 2365 ὼς
816 2302 1059 2365 πλείονος
1095 2302 1189 2354 καὶ
1234 2302 1669 2374 φιλοπονωτέρας
1708 2302 1960 2372 δεόμενον

381 2396 478 2467 τῆς
507 2394 838 2466 ἐξηγήσεως,
871 2396 1006 2468 πρὸς
1045 2395 1105 2447 τὸ
1147 2394 1319 2464 παρὸν
1366 2394 1763 2465 ὑπερθήσομαι.
1820 2394 1957 2446 Ἀλλ“

384 2488 443 2541 ὲν
470 2492 577 2550 τοῖς
607 2487 910 2559 προδήλοις,
948 2488 1005 2539 ὲν
1033 2481 1111 2551 οἷς
1136 2486 1388 2556 οὐδεμίαν
1425 2486 1754 2555 ἀμφιϐολίαν
1781 2484 1842 2539 τὸ
1861 2487 1959 2557 τῆς

382 2579 659 2650 ὑποταγῆς
696 2580 1089 2650 σημαινόμενον
1144 2578 1291 2648 ἔχει,
1330 2577 1472 2631 κατά
1501 2578 1623 2631 τίνα
1668 2578 1790 2631 νοῦν
1827 2576 1960 2631 ὑπο-

380 2672 639 2742 τετάχθαι
682 2673 782 2745 τὴν
825 2671 919 2724 τοῦ
970 2669 1287 2739 Πνεῦματος
1327 2670 1517 2722 οὑσίαν
1562 2673 1629 2741 τῇ
1682 2670 1774 2723 τοῦ
1825 2670 1957 2724 Υίοῦ

382 2765 594 2817 καὶτοῦ
653 2765 865 2835 Πατρός
910 2762 1309 2831 ἀποφαίνεται;
1358 2762 1444 2825 Ὠς
1495 2761 1622 2825 Υἱὸς
1665 2762 1742 2832 τῷ
1785 2762 1958 2833 Πατρὶ

382 2858 761 2914 ὑποτάσσεται,
794 2856 974 2920 καθὼς
999 2858 1110 2909 νοεῖ
1134 2857 1162 2907 6
1208 2855 1548 2918 Ἀπόστολοςς
1576 2854 1786 2907 Οὐκοῦν
1816 2854 1956 2908 κατᾶ

381 2948 539 3003 τοῦτο
578 2949 932 3002 συντάσσεται
956 2947 1033 3018 τῷ
1063 2947 1177 3016 Υἱῷ
1208 2947 1268 2998 τὸ
1306 2946 1552 3017 Πνεῦμα,
1581 2948 1679 3017 οὐχ
1722 2947 1957 3000 ὑποτάσ-

382 3060 556 3104 σεται,
600 3043 756 3111 εἷπερ
803 3040 871 3093 τὰ
907 3040 1000 3093 δύο
1041 3040 1305 3110 πρόσωπα
1357 3038 1463 3090 τῶν
1511 3039 1957 3108 ὑποταττομένων

382 3134 550 3187 ἐστίν.
587 3130 664 3186 Ἥ
699 3134 796 3203 οὑχ
832 3132 974 3185 οὑτω
1005 3132 1144 3202 (πῶς
1170 3126 1262 3183 οῦν
1295 3130 1537 3200 ἑτέρως),
1570 3129 1645 3193 ὼς
1672 3132 1735 3201 τῇ
1764 3131 1953 3202 λογικῂ

382 3228 540 3297 φύσει
587 3228 687 3297 τὴν
715 3227 904 3295 άλογον
933 3229 989 3279 ἐν
1018 3224 1094 3295 τῷ
1129 3223 1327 3294 ψαλμῷ
1358 3223 1784 3293 μεμαθήκαμεν;
1817 3224 1956 3277 Οὐκ-

2063 3217 2326 3289 Spiritum
2416 3230 2664 3275 sanctum

380 3318 475 3372 οὖν
506 3317 757 3372 τοσοῦτον
794 3315 1194 3386 παρήλλακται,
1231 3314 1353 3366 ὅσον
1379 3312 1541 3383 ἡτῶν
1582 3314 1792 3384 κτηνῶν
1822 3315 1957 3386 πρὸς

378 3409 471 3463 τὸν
501 3408 804 3479 ἄνθρωπον.
854 3406 1013 3459 Ἀλλά
1058 3406 1455 3476 περιγράφεται
1487 3404 1579 3457 καὶ
1603 3404 1789 3458 τοῦτον
1826 3406 1957 3469 ἴσως

378 3502 469 3554 τὸν
491 3501 645 3569 λόγον
669 3518 683 3567 ;
712 3499 919 3553 Οὐκοῦν
942 3499 1035 3552 ἐπὶ
1063 3498 1154 3552 τὸν
1179 3497 1495 3567 λειπόμενον
1516 3498 1655 3567 ἧξεν
1688 3499 1771 3550 ὅτι
1811 3500 1957 3552 ἀντι-

379 3593 690 3662 τεταγμένη
744 3592 837 3644 καὶ
894 3588 1319 3660 ἀντιστρατοῦσα
1363 3587 1422 3640 τὸ
1466 3589 1751 3659 πρότερον,
1819 3589 1957 3659 μετὰ

379 3685 555 3739 ταῦτα
604 3682 693 3736 διὰ
749 3682 1097 3752 βεδαιοτέρας
1144 3680 1389 3749 ἀνάγκης
1442 3680 1773 3732 ὑποκύπτειν
1823 3699 1956 3735 κατ-

377 3774 700 3848 ηναγκάσθη
734 3774 809 3845 τῷ
836 3772 1243 3843 κατισχύσαντι.

2066 654 2300 709 rationis
2327 661 2603 723 expertem
2659 662 2967 709 creaturam
3002 655 3238 726 subjecit
3277 658 3357 712 illi
3390 660 3644 713 conditor

2065 744 2229 799 Deus.
2297 744 2765 811 Quemadmodum
2850 761 3081 817 magnus
3139 749 3300 803 etiam
3351 749 3521 804 David
3586 752 3641 804 in

2064 835 2299 891 Psalmis
2352 836 2496 890 hanc
2563 837 2793 905 gratiam
2840 835 2933 890 Dei
2993 853 3258 894 enarrans
3306 839 3637 905 decantauit,

2070 926 2284 993 Omnia,
2341 928 2615 997 inquiens,
2672 927 2892 997 subjecit
2917 928 3011 981 sub
3062 931 3275 998 pedibus
3331 933 3531 1001 ejus",
3586 941 3641 989 et

2066 1018 2321 1089 deinceps
2350 1020 2677 1073 nominatim
2713 1023 3033 1089 exsequitur
3070 1022 3184 1088 illa,
3239 1040 3360 1093 quae
3388 1026 3437 1079 ei
3504 1035 3635 1081 sunt

2068 1111 2333 1180 subjecta.
2364 1109 2631 1165 Praeterea
2672 1111 2817 1165 aliud
2847 1112 3203 1182 subjectionis
3229 1114 3284 1167 in
3325 1116 3501 1171 sacris
3523 1116 3628 1169 Lit-

2065 1203 2202 1256 teris
2232 1202 2506 1271 reperitur
2534 1204 2939 1273 signiﬁcatum;
2982 1219 3165 1259 rerum
3208 1207 3353 1261 enim
3392 1209 3446 1261 in
3490 1208 3638 1263 bello

2068 1289 2310 1344 feliciter
2356 1291 2425 1343 ab
2465 1292 2584 1360 ipso
2614 1302 2892 1361 gestarum
2938 1308 3163 1349 causam
3210 1294 3321 1350 Deo
3352 1298 3639 1354 universo-

2064 1396 2184 1435 rum
2234 1382 2518 1436 ascribens
2575 1381 2634 1437 Β.
2687 1382 2849 1437 David
2891 1382 3165 1453 :Subjecit
3195 1387 3413 1455 populos
3463 1390 3636 1454 nobis,

2064 1475 2241 1543 inquit
2285 1476 2351 1538 ",
2393 1484 2442 1529 et
2489 1486 2665 1545 gentes
2708 1476 2801 1529 sub
2856 1475 3073 1542 pedibus
3130 1481 3366 1543 nostris;
3415 1481 3637 1535 iteruma

2062 1583 2168 1636 que
2203 1589 2215 1622 :
2249 1566 2353 1631 Qui
2375 1568 2587 1635 subjicit
2613 1568 2829 1637 populos
2851 1568 3000 1620 mihi.
3042 1566 3361 1639 Smpiusque
3392 1573 3636 1625 invenire

2062 1666 2145 1713 est
2170 1675 2353 1713 vocem
2378 1659 2519 1713 hanc
2546 1660 2598 1713 in
2633 1675 2789 1715 sacra
2828 1660 3116 1730 Scriptura
3145 1675 3209 1715 ea
3255 1661 3496 1721 notione,
3522 1672 3625 1726 qua

2064 1749 2339 1820 signiﬁcat
2390 1749 2819 1805 dominationem
2874 1751 2926 1805 in
2983 1753 3336 1809 adversarios
3380 1765 3631 1825 partam:

2062 1856 2187 1895 nam
2222 1841 2353 1895 illud
2384 1839 2631 1911 Apostoli
2657 1842 2724 1895 de
2753 1842 2937 1897 futura
2968 1857 3072 1900 sub
3103 1845 3261 1900 linem
3287 1847 3475 1900 mundi
3505 1848 3632 1901 sub-

1991 1920 2033 1981 Β
2058 1933 2298 2003 jectione
2345 1934 2590 1987 omnium
2627 1933 2930 1999 hominum,
2986 1952 3091 2006 qua
3145 1936 3440 2007 Unigenito
3470 1938 3634 2008 subji-

2060 2029 2295 2090 cientur,
2342 2033 2397 2080 et
2425 2041 2521 2096 per
2555 2026 2734 2096 ipsum
2770 2025 2941 2089 Patri,
2995 2043 3119 2081 cum
3154 2044 3260 2081 non
3307 2029 3515 2098 absque
3546 2044 3627 2082 re-

2060 2115 2277 2170 condita
2310 2116 2575 2185 sapientia
2608 2116 2741 2170 dicit
2775 2135 2788 2170 :
2844 2117 3022 2186 ipsum
3060 2119 3223 2172 etiam
3275 2120 3631 2174 mediatorem

2061 2207 2158 2262 Dei
2196 2217 2248 2262 et
2277 2208 2561 2262 hominum
2590 2206 2737 2262 Patri
2787 2208 3092 2277 subjectum
3139 2210 3202 2263 iri
3223 2212 3286 2275 ’⁷,
3326 2212 3630 2275 insinuans,

2057 2297 2311 2351 videlicet
2343 2296 2591 2351 omnium
2620 2297 2905 2351 hominum
2939 2314 3069 2368 erga
3107 2298 3321 2355 Patrem
3366 2302 3627 2356 obedien-

2060 2389 2191 2443 tiam
2228 2404 2322 2457 per
2353 2388 2552 2443 Filium
2612 2389 2971 2444 humanitatis
3016 2398 3219 2446 nostra:
3258 2392 3577 2461 participem
3617 2412 3628 2445 :

2058 2483 2113 2536 in
2151 2482 2435 2552 praesentia
2469 2482 2991 2551 praetermittendum
3022 2499 3247 2550 censeo,
3275 2487 3473 2555 quippe
3489 2489 3632 2554 quod

2058 2574 2304 2644 longiore
2333 2583 2388 2627 et
2416 2575 2757 2629 accuratiore
2778 2574 3143 2631 declaratione
3160 2586 3330 2647 egeat.
3355 2578 3471 2632 Non
3504 2580 3597 2635 dis
3614 2609 3629 2618 -

2059 2666 2245 2719 cedam
2283 2680 2311 2717 a
2362 2664 2670 2735 perspicuis
2692 2705 2706 2729 ,
2737 2665 2912 2734 iisque
2951 2664 3005 2719 in
3037 2666 3240 2735 quibus
3277 2670 3423 2721 nulla
3455 2670 3629 2723 ambi-

2058 2757 2239 2827 guitas
2260 2756 2327 2811 de
2363 2756 2677 2827 signiﬁcatu
2709 2757 3077 2827 subjectionis
3110 2760 3337 2815 residet.
3378 2762 3499 2827 Quo
3528 2763 3626 2831 igi-

2060 2857 2150 2901 tur
2181 2864 2345 2903 sensu
2380 2848 2562 2913 docet,
2612 2848 2855 2918 Spiritus
2910 2850 3297 2919 substantiam,
3350 2852 3526 2908 Patris
3580 2870 3632 2911 ct

2059 2939 2182 2993 Filii
2247 2941 2566 2995 substantia:
2601 2940 2903 3010 subjectam
2960 2946 3120 2999 esse?
3166 2944 3302 2998 Num
3358 2955 3415 2998 ut
3464 2944 3633 2999 Filius

2062 3033 2211 3086 Patri
2248 3034 2562 3100 subjicitur,
2583 3035 2860 3101 quomodo
2895 3037 3254 3107 subjectionis
3302 3039 3625 3092 vocabulum

2059 3135 2290 3196 usurpat
2336 3126 2664 3197 Apostolus?
2724 3126 2984 3197 Sequitur
3058 3145 3231 3201 ergo,
3290 3132 3468 3200 quoad
3530 3135 3633 3189 hoc

2767 3220 2903 3273 Filio
3001 3239 3108 3276 non
3215 3224 3434 3293 subjici,
3526 3229 3617 3281 SCti

2061 3311 2304 3381 ejusdem
2338 3313 2519 3381 potius
2572 3330 2694 3367 cum
2756 3316 2849 3368 illo
2895 3316 3106 3371 ordinis
3157 3331 3300 3380 esse,
3359 3318 3628 3387 siquidem

2062 3405 2181 3459 duae
2209 3420 2455 3473 persona:
2484 3414 2633 3471 sunt,
2665 3421 2784 3475 qua:
2812 3407 3202 3475 subjiciuntur?
3252 3409 3335 3461 An
3375 3424 3486 3463 non
3516 3410 3619 3463 hoc

2061 3498 2407 3563 scnsu?Quo
2451 3498 2613 3568 igitur
2647 3500 2783 3552 alio?
2838 3499 2974 3553 Num
3004 3508 3062 3554 ut
3107 3501 3357 3555 rationali
3415 3512 3626 3555 naturae

2063 3590 2295 3643 rationis
2336 3600 2615 3657 expertem
2670 3590 2873 3658 subjici
2917 3606 2980 3644 ex
3039 3591 3249 3661 psalmo
3300 3591 3634 3645 didicimus?

2060 3680 2231 3751 igitur
2262 3690 2473 3734 tantum
2510 3680 2707 3745 diﬂcrt,
2753 3691 3018 3749 quantum
3051 3681 3325 3750 subjectio
3347 3683 3630 3736 brutorunt

2064 3778 2316 3841 respectu
2339 3769 2599 3824 hominis.
2634 3769 2739 3823 Sed
2774 3770 2913 3823 forte
2943 3769 3083 3824 hanc
3113 3786 3331 3840 quoque
3355 3772 3631 3826 notionem

381 3870 605 3924 abnuet?
636 3865 716 3921 Ad
746 3867 1011 3936 reliquam
1066 3882 1196 3935 ergo
1226 3868 1407 3920 veniat
1436 3874 1672 3935 oportet.
1734 3876 1790 3917 ut
1834 3866 2044 3922 scilicet
2069 3867 2141 3919 ita
2176 3862 2375 3933 subjici
2442 3862 2612 3925 dicat,
2684 3876 2796 3932 quo
2862 3872 3024 3932 pacto
3092 3865 3168 3928 is,
3218 3865 3311 3934 qui
3364 3871 3627 3931 repugnat

379 3973 433 4020 et
462 3965 779 4025 reluctatur,
814 3960 1013 4030 subjici
1047 3962 1185 4015 solet
1227 3973 1374 4023 tunc,
1414 3978 1538 4014 cum
1573 3978 1599 4013 a
1640 3963 1947 4030 potentiore
1985 3970 2209 4016 coactus
2241 3974 2362 4014 sese
2398 3957 2695 4020 submittit,
2752 3957 3039 4026 victusque
3069 3976 3264 4015 manus
3300 3962 3523 4031 praebet.

464 4055 830 4122 Ἐπιλεξάσθω
861 4055 968 4108 τῶν
1005 4054 1306 4127 εἰρημένων
1340 4053 1368 4105 ὃ
1400 4052 1643 4122 βούλεται
1670 4070 1679 4080 ·
1719 4052 1829 4105 ἀλλ’
1857 4052 1957 4104 οὑκ

377 4146 494 4204 οἶδα
515 4151 566 4203 τί
587 4149 789 4204 τούτων
822 4149 1093 4217 ἐλόμενος,
1123 4147 1219 4217 τὴν
1248 4146 1484 4218 ἄφυκτον
1509 4146 1831 4217 κατάκρισιν
1857 4145 1954 4215 τῆς

381 4239 723 4311 βλασφημίας
769 4237 1120 4308 ἐκφεύξεταιο
1174 4236 1285 4290 είτε
1339 4237 1395 4289 ὲν
1442 4234 1540 4306 ἴσῳ
1587 4238 1696 4298 τοῖς
1740 4235 1955 4303 ἀλόγοις

2132 4052 2307 4120 Eligat
2359 4066 2425 4102 ex
2478 4048 2674 4114 dictis,
2723 4049 2986 4120 quidquid
3028 4052 3297 4115 voluerit,
3347 4070 3452 4105 non
3496 4055 3651 4107 satis.

2058 4144 2314 4215 dispicio,
2355 4157 2598 4211 quonam
2638 4156 2827 4195 eorum
2858 4143 3055 4202 electo,
3092 4143 3461 4197 inevitabilem
3497 4160 3631 4214 pro-

2062 4240 2185 4293 latae
2231 4234 2581 4307 blasphemiae
2683 4248 2852 4287 causa
2914 4233 3327 4289 damnationem
3395 4236 3634 4307 effugere

380 4331 741 4401 ὑποτετάχθαι
765 4330 910 4398 λέγει
945 4330 1004 4382 τὸ
1036 4328 1278 4398 Πνεῦμα,
1314 4327 1389 4391 ὠς
1420 4327 1495 4396 τῷ
1534 4328 1627 4380 ἀνθ
1640 4327 1803 4398 ρώπῳ
1829 4329 1955 4390 τοὺς

2058 4334 2235 4393 queat,
2271 4324 2384 4380 sive
2420 4326 2567 4380 dicat
2597 4324 2861 4395 Spiritum
2894 4325 3090 4394 subjici
3127 4327 3193 4381 ad
3229 4328 3473 4392 modum,
3522 4345 3633 4399 quo

383 4420 590 4492 ἰχθύας,
619 4422 712 4474 καὶ
742 4419 812 4472 τὰ
845 4418 1085 4480 πετεινὰ,
1122 4418 1215 4471 καὶ
1261 4417 1330 4469 τὰ
1364 4416 1608 4486 πρόϐατα
1634 4435 1645 4447 ο
1683 4415 1789 4469 εἴτε
1830 4415 1953 4468 καθ’

377 4512 668 4584 ὁμοιότητα
696 4512 804 4563 τῶν
835 4508 1163 4578 ἀφεστώτων
1192 4508 1378 4579 ὥσπερ
1409 4507 1747 4577 αἰχμάλωτον
1786 4523 1953 4577 προσ-

378 4604 501 4671 άγοι
529 4601 605 4672 τῷ
638 4598 1043 4653 πλεονεκτοῦντι
1076 4597 1217 4651 κατά
1240 4599 1336 4669 τὴν
1361 4598 1605 4666 δύναμιν.
1640 4598 1709 4650 Ἢ
1748 4598 1952 4651 τούτων

2061 4418 2435 4487 subjiciuntur
2468 4418 2625 4470 bruta
2661 4416 2961 4469 animantia
2997 4417 3226 4482 homini,
3259 4420 3437 4488 pisces
3468 4421 3634 4475 nimi-

2060 4525 2205 4575 rum,
2238 4514 2493 4563 volucres
2518 4518 2575 4564 et
2601 4523 2751 4570 oves,
2785 4508 2897 4562 sive
2924 4509 2991 4562 ad
3025 4510 3241 4563 modum
3269 4526 3481 4577 eorum,
3533 4514 3633 4581 qui

2060 4603 2129 4657 ab
2160 4602 2392 4672 imperio
2414 4600 2754 4664 deiecerunt,
2784 4616 2930 4663 eum,
2965 4601 3114 4654 velut
3141 4604 3437 4671 captivum.
3465 4604 3634 4658 addu-

379 4693 477 4761 μὲν
509 4671 679 4753 οὐδὲν,
715 4691 848 4761 φησὶ
878 4690 936 4743 δὲ
970 4689 1046 4760 μὴ
1072 4688 1213 4741 κατά
1244 4689 1342 4759 τὴν
1374 4690 1472 4760 τῆς
1503 4689 1539 4740 Γ
1544 4692 1722 4761 ραφῆς
1746 4689 1951 4742 ἔννοιαν

2060 4693 2198 4746 xerit
2241 4693 2307 4746 ad
2337 4692 2457 4760 ejus
2492 4692 2692 4747 solium
2715 4732 2728 4755 ,
2762 4694 2853 4761 qui
2888 4691 3097 4747 viribus
3128 4702 3181 4746 et
3216 4694 3384 4747 armis
3428 4710 3635 4763 praava-

375 4788 453 4859 τῷ
500 4789 598 4858 τῆς
652 4785 933 4855 ὑποταγῆς
981 4786 1186 4856 ῥήματι
1237 4785 1579 4856 χρήσασθαι,
1636 4785 1772 4838 ἀλλά
1834 4787 1953 4839 καθ’

374 4881 558 4952 ἕτερον
631 4879 1026 4949 σημαινόμενον
1080 4877 1437 4946 ὑποτετάχθαι
1485 4877 1545 4929 τὸ
1596 4877 1818 4948 Πνεῦμα
1881 4880 1957 4950 τῷ

376 4973 551 5042 Πατρὶ
583 4971 676 5023 καὶ
718 4970 797 5041 τῷ
832 4969 945 5040 Υἱῷ
985 4969 1181 5035 λέγειν.
1219 4970 1283 5021 Τί
1316 4966 1406 5021 οὖν
1442 4971 1556 5021 ἐστι
1586 4968 1773 5032 τοῦτο;
1811 4964 1958 5037 'Apa

373 5065 453 5115 ὅτι
487 5063 665 5134 τρίτον
693 5060 835 5114 κατά
872 5061 971 5131 τὴν
1003 5060 1157 5125 τάξιν
1190 5059 1256 5129 ἣν
1290 5060 1436 5128 παρά
1468 5058 1558 5112 τοῦ
1594 5060 1797 5130 Κυρίου
1843 5063 1958 5123 τοῖς

378 5152 643 5224 μαθηταῖς
669 5151 958 5222 παρεδόθη,
991 5151 1075 5204 διὰ
1104 5150 1262 5203 τοῦτο
1296 5152 1619 5205 ὑποτάσσειν
1651 5152 1947 5220 νομοθετεῖ,

375 5246 468 5299 καὶ⁵
501 5246 559 5297 οὑ
596 5244 945 5307 συντάσσειν;
978 5243 1169 5297 οὑκοῦν
1199 5243 1292 5295 καὶ
1339 5241 1427 5295 τὸν
1458 5242 1675 5311 Πατέρα
1719 5242 1794 5309 τῷ
1834 5243 1947 5294 Μο-

372 5338 583 5403 νογενεῖ
629 5335 768 5389 κατά
819 5335 908 5388 τὺν
937 5335 1098 5389 αὑτὸν
1135 5335 1289 5401 λόγον
1326 5332 1708 5385 ὑποτασσέτωο
1764 5332 1952 5403 ἐπειδὴ

374 5424 644 5494 πολλαχοῦ
686 5423 999 5495 προτάξασα
1041 5423 1134 5475 τοῦ
1182 5423 1386 5493 Κυρίου
1437 5422 1498 5474 τὸ
1544 5422 1713 5492 ὄνομα
1755 5424 1787 5493 ή
1833 5421 1953 5476 θεία

376 5517 587 5588 Γραφὴ,
620 5517 677 5568 ὲν
709 5516 978 5587 δευτέροις
1010 5516 1102 5568 τοῦ
1136 5516 1227 5568 ἐπὶ
1254 5516 1468 5568 πάντων
1510 5515 1643 5567 Θεοῦ
1680 5514 1777 5584 τὴν
1819 5518 1952 5585 μνή-

376 5625 487 5679 μην
509 5609 818 5678 πεποίηται.
860 5609 1006 5678 Ἐγὼ
1035 5607 1130 5661 καὶ
1161 5610 1193 5660 ό
1213 5606 1433 5674 Πατὴρ,
1465 5608 1627 5679 φησὶν
1656 5609 1685 5659 6
1712 5606 1913 5677 Κύριος
1933 5624 1948 5638 ο

373 5701 435 5754 τὸ
470 5700 586 5753 καθ’
616 5701 802 5753 ἑαυτὸν
824 5700 1163 5770 προτάσσων.
1195 5698 1316 5761 Καὶ,
1334 5699 1392 5753 Ἠ
1408 5696 1581 5767 χάρις
1600 5697 1708 5751 τοῦ
1729 5698 1950 5766 Κυρίου

478 5861 527 5893 ⁸⁸
558 5860 693 5916 Gen.
720 5876 759 5924 t,
794 5859 882 5917 25.

978 5862 1022 5893 ⁸³
1047 5860 1189 5914 Psal.
1222 5875 1339 5925 vm,
1373 5860 1423 5913 8.
1504 5860 1544 5889 "
1572 5857 1715 5915 Psal.
1750 5875 1893 5923 τινι,
1929 5859 1961 5913 4
1998 5875 2116 5928 sqq.
2162 5859 2205 5889 "
2248 5860 2265 5912 l
2298 5858 2421 5912 Cor.
2495 5873 2582 5922 xv,
2625 5855 2713 5910 ‘24.

2056 4783 2175 4837 lens
2199 4783 2485 4837 victoriam
2515 4782 2757 4836 obtinuit
2786 4825 2797 4835 .
2826 4783 2897 4836 At
2925 4782 3058 4836 nihil
3092 4783 3287 4837 horum
3320 4786 3632 4854 allirmahit,

2055 4876 2149 4928 sed
2188 4874 2538 4942 respondebit
2592 4874 2773 4943 potius
2813 4890 2871 4928 se
2929 4873 3293 4944 subjectionis
3341 4878 3632 4944 vocabulo,

2055 4982 2163 5020 non
2201 4983 2265 5019 ex
2308 4965 2607 5035 Scriptura:
2646 4968 2970 5036 praescripto
3013 4975 3068 5020 et
3118 4968 3427 5037 signiﬁcato
3471 4988 3633 5024 usum

2053 5073 2206 5123 esse,
2241 5057 2337 5113 sed
2377 5058 2480 5111 alia
2518 5059 2753 5128 quadam
2798 5060 3020 5113 notione
3064 5058 3331 5130 Spiritum
3381 5075 3633 5116 sanctmu

2051 5150 2355 5218 subjcctum
2404 5166 2526 5203 esse
2564 5148 2710 5202 Patri
2753 5161 2804 5203 et
2834 5149 2992 5203 Filio.
3027 5150 3157 5216 Quae
3204 5152 3369 5222 igitur
3404 5155 3515 5207 haac
3551 5165 3636 5207 est

2051 5240 2239 5293 notio?
2268 5241 2345 5291 Au
2382 5241 2508 5308 quia
2536 5242 2702 5292 tertio
2724 5242 2844 5294 loco
2879 5240 2931 5293 in
2959 5243 3149 5295 ordine
3171 5243 3483 5307 verborum,
3516 5260 3635 5313 qme

2051 5332 2308 5401 discipuli
2358 5348 2385 5385 a
2420 5330 2657 5385 Domino
2690 5341 3028 5403 acceperunt
3069 5335 3135 5397 ’⁸,
3180 5336 3485 5389 collocatus
3525 5342 3631 5397 est,

2053 5424 2124 5477 ob
2160 5425 2212 5478 id
2245 5424 2404 5478 docet
2438 5440 2562 5477 eum
2606 5424 2830 5492 subjici,
2861 5434 2916 5478 et
2948 5442 3056 5479 non
3085 5426 3330 5494 ejusdetn
3366 5441 3488 5480 cum
3523 5426 3633 5479 illis

2056 5530 2179 5569 esse
2209 5514 2461 5568 ordinis?
2498 5512 2696 5567 Eadem
2744 5516 2962 5569 ratione
2995 5517 3213 5572 Patrem
3251 5533 3471 5589 quoque
3506 5518 3632 5570 uni-

2054 5607 2237 5677 genito
2268 5604 2405 5660 Filio
2445 5606 2723 5675 subjiciat,
2768 5623 2890 5662 cum
2920 5607 3205 5679 Scriptura
3242 5624 3385 5679 saepe
3410 5608 3626 5664 Domini

2057 5700 2277 5754 nomine
2304 5699 2455 5769 prius
2487 5698 2685 5768 posito,
2726 5699 2968 5755 secundo
3009 5699 3224 5755 demum
3249 5700 3368 5755 loco
3391 5699 3505 5767 Dei,
3534 5704 3627 5772 qui
3680 5766 3683 5771 ν

2796 5857 2840 5887 ’⁸
2875 5854 3062 5911 Matth.
3102 5871 3294 5914 xxvm.
3333 5858 3408 5908 ιι).
