4166 6372
553 410 654 470 3H

553 537 638 584 est
670 540 833 596 super
862 523 1045 580 omnia
1067 561 1082 586 ,
1113 527 1442 576 mentionem
1483 520 1665 575 faciat.
1712 518 1823 590 Ego
1853 530 1903 573 et
1942 520 2121 586 Pater,
2151 524 2198 579 Α

554 619 735 689 inquit
780 615 1041 672 Dominus
1064 617 1131 679 ³³,
1169 615 1458 685 praeposito
1494 613 1683 683 utique
1727 628 1828 667 suo
1878 612 2120 667 nomine.

554 710 623 764 Et
659 726 671 761 :
709 707 899 763 Gratia
923 706 1139 762 Domini
1169 707 1339 760 nostri
1390 705 1523 759 Jesu
1556 703 1779 770 Christi,
1810 714 1859 759 et
1890 704 2123 758 Charitas

553 800 653 852 Dei
670 797 716 831 ³ο
740 815 752 850 :
788 805 842 851 et
870 797 1080 851 inﬁnita
1108 797 1235 850 talia
1258 804 1549 850 occurrent
1591 793 1887 865 Scriptura:
1916 794 2125 848 studio-

556 892 657 953 sis,
683 888 775 958 qui
803 889 929 942 talia
951 890 1265 943 testimonia
1290 887 1548 956 colligere
1577 887 1777 940 volent.
1801 885 2122 954 Cujusmodi

556 990 637 1033 est
672 989 726 1033 et
767 980 898 1033 illud
936 1000 947 1033 :
982 979 1273 1033 Divisiones
1305 979 1597 1048 gratiarum
1631 986 1791 1040 sunt,
1826 977 1963 1031 idem
2004 993 2122 1030 vero

555 1065 883 1137 Spiritus;et
898 1069 1175 1127 divisiones
1211 1070 1623 1123 ministeriorum
1648 1080 1805 1132 sunt,
1836 1071 1971 1123 idem
2004 1085 2121 1122 vero

558 1163 871 1227 Dommus;
919 1172 969 1217 et
1019 1162 1299 1217 divisiones
1357 1164 1718 1232 operationum
1767 1172 1924 1229 sunt,
1982 1162 2119 1216 idem

554 1268 672 1307 vero
708 1253 843 1307 Deus
866 1254 932 1307 ³¹.
960 1251 1144 1322 Itaque
1174 1251 1475 1307 secundum
1502 1254 1660 1306 ismm
1700 1255 1962 1309 rationem
1993 1253 2123 1307 sub-

550 1344 727 1412 jectus
755 1354 840 1399 est
868 1343 1010 1400 Filio
1037 1352 1091 1400 et
1124 1344 1350 1414 Spiritui
1384 1355 1578 1398 sancto
1606 1345 1724 1414 ipse
1744 1360 1910 1414 super
1935 1345 2120 1399 omnia

555 1432 718 1500 Deus,
755 1438 913 1490 tertio
941 1438 1057 1491 loco
1082 1452 1111 1490 a
1146 1437 1314 1490 Paulo
1347 1440 1676 1492 recensitos.
1713 1436 1817 1491 Sed
1853 1437 2119 1492 hactenus

552 1527 823 1595 ejusmodi
859 1528 1262 1599 philosophiam
1296 1545 1573 1599 nunquam
1619 1528 1968 1591 audivimus,
1998 1544 2121 1599 qua

553 1621 852 1675 secundum
883 1630 937 1675 et
966 1623 1206 1686 tertium,
1234 1638 1298 1677 ex
1322 1622 1718 1677 consecutione
1746 1622 1987 1692 quadam
2022 1636 2120 1691 po-

553 1713 715 1765 situm
736 1720 789 1767 et
816 1714 1226 1783 pronuntiatum
1260 1714 1519 1781 conjiciat
1546 1715 1600 1768 in
1636 1715 1882 1769 ordinem
1905 1729 2116 1779 eorum,

552 1817 674 1871 quae
714 1803 869 1858 alteri
908 1813 1036 1859 sunt
1070 1805 1317 1874 subjecta
1351 1812 1405 1860 et
1438 1805 1694 1869 obnoxia,
1724 1815 1778 1861 et
1806 1815 1984 1863 tamen
2016 1808 2119 1863 iste

1754 402 1813 457 S.
1843 399 2170 457 GREGORII
2204 399 2493 457 NYSSENI

3690 386 3796 443 512

2226 516 2394 586 ἡμῶν
2438 514 2637 584 Ἰησοῦ
2682 513 2938 583 Χριστοῦ
2990 512 3089 566 καί
3142 508 3182 579 ἡ
3215 509 3416 580 ἀγάπη
3469 508 3574 563 τοῦ
3610 507 3776 562 Θεοῦ’

2229 610 2323 663 καὶ
2360 609 2527 679 μυρία
2553 606 2779 660 τοιαῦτα
2822 608 2934 668 τοῖς
2979 604 3284 674 φιλοπόνοις
3328 599 3654 671 ἀναζητοῦσι
3698 600 3797 664 τὰς

2226 702 2290 754 ἑκ
2324 700 2433 753 τῶν
2479 698 2709 770 Γραφῶν
2756 696 3057 769 μαρτυρίας
3108 694 3371 766 πάρεστιν
3417 690 3793 756 ἀναλέξασθαι,

2226 787 2333 845 οἷον
2372 790 2544 845 ἐκεῖνό
2585 794 2729 842 ἐστιν
2750 808 2763 820 ·
2796 787 3120 856 Διαιρέσεις
3151 785 3219 839 δὲ
3252 783 3632 853 χαρισμάτων
3654 782 3794 847 εἰσὶ,

2225 881 2290 932 τὸ
2330 878 2397 932 δὲ
2428 881 2570 931 αὐτὸ
2602 877 2859 945 Πνεῦμα·
2894 876 2990 929 καὶ
3021 874 3339 942 διαιρέσεις
3365 871 3682 939 διακονιῶν
3711 876 3794 925 εί-

2228 987 2365 1035 σιν,
2397 973 2429 1023 ό
2461 969 2529 1022 δὲ
2560 970 2741 1033 αὐτὸς
2779 971 2994 1036 Κύριος
3014 984 3027 995 ·
3075 968 3172 1021 καὶ
3212 966 3530 1033 διαιρέσεις
3558 966 3797 1034 ἐνεργη-

2220 1060 2426 1129 μάτων
2461 1058 2636 1123 εῑσὶν,
2665 1062 2695 1113 ὁ
2725 1058 2793 1111 δὲ
2819 1058 3003 1123 αὐτὸς
3041 1058 3184 1123 Θεός
3204 1074 3216 1086 ·
3249 1057 3388 1110 ὥστε
3415 1057 3553 1109 κατὰ
3583 1057 3671 1110 τὸν
3711 1055 3797 1107 λό·

2224 1169 2319 1220 γον
2357 1150 2543 1204 τοῦτον
2579 1149 2927 1220 ὑποτετάχθω
2951 1149 3027 1219 τῷ
3062 1148 3195 1218 Υίῷ,
3233 1150 3327 1202 καὶ
3358 1148 3435 1220 τῷ
3464 1149 3740 1218 Πνεύματι
3766 1150 3796 1201 δ

2227 1243 2321 1295 ἑπὶ
2354 1243 2569 1295 πάντων
2603 1241 2753 1303 Θεὸς,
2789 1244 2846 1293 ἑν
2878 1242 3034 1314 τρίτῃ
3067 1242 3216 1305 τάξει
3260 1241 3409 1311 παρὰ
3451 1240 3542 1294 τοῦ
3582 1240 3793 1293 Παύλου

2227 1331 2638 1402 μνημονευθείς.
2687 1331 2824 1384 Ἀλλ’
2850 1332 3060 1384 οὐδέπω
3093 1332 3185 1384 καὶ
3209 1331 3302 1383 νῦν
3326 1332 3526 1400 ταύτης
3552 1330 3794 1402 ἀκηκόα-

2228 1440 2326 1493 μεν
2368 1424 2465 1493 τῆς
2492 1422 2716 1491 cogatur
2756 1422 2791 1493 ἢ
2840 1421 2900 1475 τὸ
2927 1422 3176 1491 δεύτερον
3205 1422 3300 1474 καὶ
3338 1421 3521 1491 τρίτον
3562 1422 3624 1475 ἐκ
3649 1438 3794 1484 τινος

2223 1511 2539 1576 ἀκολουθίας
2580 1512 2890 1582 λεγόμενον,
2936 1513 3016 1575 εἰς
3052 1512 3151 1581 τὴν
3188 1512 3296 1563 τῶν
3338 1512 3662 1582 ὑποχειρίων
3699 1512 3793 1565 καὶ

2224 1604 2672 1675 ὑποτεταγμένων
2712 1603 3010 1657 ἀπωθεῖται
3054 1603 3226 1669 τάξιν.
3264 1604 3440 1673 Ὅπερ
3478 1596 3630 1665 οὗτος
3664 1602 3791 1672 βού-

2221 1695 2370 1748 λεται
2404 1696 2501 1765 τὴν
2546 1695 2645 1764 τῆς
2690 1695 3037 1766 παραδόσεως
3074 1693 3181 1747 τῶν
3225 1693 3529 1763 προσώπων
3561 1693 3785 1748 ἀκολου-

2221 1789 2363 1853 θίαν,
2416 1787 2761 1856 ἀξιωμάτων,
2815 1786 2909 1840 καὶ
2962 1785 3208 1855 φύσεων,
3258 1785 3531 1855 ὑπεροχάς
3584 1802 3642 1839 τε
3696 1787 3788 1839 καὶ

549 1895 1021 1949 enumerationem
1049 1911 1433 1966 personarum,
1463 1912 1530 1951 ex
1569 1896 1714 1951 serie
1751 1904 1806 1952 et
1847 1911 2116 1952 consecu-

2221 1879 2539 1943 ἐλαττώσεις
2599 1879 3015 1943 κατασκευάζων
3071 1876 3454 1933 ἐνδείκνυσθαι.
3515 1877 3625 1948 Τῆς
3677 1880 3787 1951 γάρ

551 1985 701 2039 tione
730 1986 991 2055 quadam,
1033 1988 1316 2042 contendit
1344 2003 1467 2043 esse
1496 1996 1818 2044 naturarum
1854 1991 2116 2059 majorem

550 2083 603 2127 et
641 2076 900 2130 minorem
933 2077 1328 2146 praestantiam.
1370 2078 1594 2132 Ordinis
1624 2079 1768 2133 enim
1798 2080 1993 2133 seriem
2027 2079 2122 2134 do-

551 2172 636 2217 cet
662 2179 785 2219 esse
808 2172 1187 2234 argumentum
1212 2165 1546 2221 diversitatis
1564 2175 1905 2231 naturarum,
1933 2170 2118 2224 nescio

551 2271 579 2307 a
631 2270 740 2324 quo
784 2256 837 2308 in
894 2255 1009 2309 hzec
1054 2256 1234 2309 inania
1284 2258 1541 2325 ﬁgmenta
1588 2257 1875 2325 inductus,
1913 2266 1966 2314 et
2010 2276 2117 2330 qua

548 2346 710 2399 etiam
757 2347 1088 2402 necessitate
1131 2350 1453 2419 compulsus
1504 2348 1558 2403 in
1604 2351 1745 2405 hanc
1790 2353 2115 2406 sententiam

548 2438 923 2508 descenderit;
961 2456 1087 2495 nam
1125 2442 1264 2497 ordo
1305 2445 1521 2497 numeri
1550 2459 1655 2498 non
1688 2442 1850 2499 efﬁcit
1892 2453 2118 2500 natura-

549 2544 671 2583 rum
697 2532 1097 2586 diversitatem.
1131 2532 1235 2589 Sed
1262 2549 1349 2588 res
1385 2545 1682 2590 numerata:
1717 2552 1871 2591 suam
1896 2538 2116 2608 quidem

550 2629 804 2675 naturam
860 2623 1185 2678 iuvat-istam
1248 2625 1532 2688 retinent,
1575 2627 1690 2681 sive
1737 2638 2114 2695 numerentur,

548 2714 664 2768 sive
690 2728 822 2767 non.
850 2712 1123 2768 Numerus
1166 2724 1347 2770 autem
1384 2718 1599 2786 signum
1635 2725 1748 2779 est,
1785 2735 1893 2789 quo
1933 2737 2114 2775 rerum

547 2804 827 2871 quantitas
859 2804 1197 2871 innotescit;
1235 2822 1415 2874 neque
1452 2823 1534 2867 ea.
1567 2825 1687 2877 quae
1721 2809 1991 2867 inferioris
2021 2829 2117 2867 na-

546 2903 684 2947 turae
709 2903 855 2960 sunt,
890 2896 943 2949 in
975 2896 1271 2951 secundam
1305 2900 1461 2968 quasi
1492 2899 1723 2955 classem
1748 2905 1996 2971 reponit;
2020 2904 2115 2961 sed

546 2982 781 3036 arbitrio
811 2998 1021 3049 eorum,
1060 2985 1154 3054 qui
1188 2997 1500 3053 numerant,
1532 3004 1620 3044 res
1646 3007 1875 3046 numero
1903 2994 2113 3063 signifi-

546 3084 723 3137 catas,
754 3075 1043 3130 immutata
1071 3079 1305 3149 quadam
1339 3080 1479 3134 serie
1517 3082 1763 3151 disponit
1794 3093 1848 3138 et
1876 3086 2111 3142 ordinat.

2216 1969 2325 2023 τῶν
2378 1969 2589 2040 φύσεων
2637 1969 2951 2040 ἑτερότητος
3000 1967 3332 2038 ἐπιδεικτικὴν
3380 1963 3518 2021 εἶναι
3560 1968 3656 2040 τὴν
3688 1969 3787 2041 τῆς

2217 2061 2420 2127 τάξεως
2445 2059 2765 2114 ἀκολουθίαν
2810 2060 3069 2129 ὁρίζεται,
3102 2061 3202 2113 οὑκ
3242 2055 3357 2112 οἶδα
3400 2060 3559 2113 πόθεν
3587 2078 3787 2130 φαντα-

2220 2153 2365 2217 σθεὶς
2405 2153 2474 2206 τὰ
2505 2153 2761 2218 τοιαῦτα,
2812 2152 2906 2205 καὶ
2943 2155 3008 2205 ὲκ
3059 2152 3217 2215 ποίας
3258 2153 3503 2223 ἀνάγκης
3555 2153 3647 2206 ἐπὶ
3689 2153 3785 2225 τὴν

2219 2244 2471 2298 ὑπόνοιαν
2511 2245 2714 2315 ταύτην
2761 2243 3104 2298 καταπεσών.
3158 2245 3231 2296 Ui:
3276 2244 3383 2315 γὰρ
3437 2248 3469 2315 ἡ
3522 2244 3659 2297 κατὰ
3695 2246 3785 2298 τὸν

2218 2335 2446 2407 ἀριθμὸν
2480 2334 2632 2400 τάξις
2664 2334 2763 2405 τὴν
2786 2332 2893 2385 τῶν
2924 2332 3136 2403 φύσεων
3160 2333 3421 2403 διαφορὰν
3452 2334 3785 2405 κατεργάζε-

2216 2443 2337 2479 ται·
2380 2424 2517 2478 άλλὰ
2545 2424 2614 2477 τά
2649 2424 2747 2494 μὲν
2793 2424 3186 2495 ἀριθμούμενα,
3227 2425 3301 2487 ὼς
3337 2426 3401 2477 ἂν
3442 2424 3537 2496 ἔχῃ
3573 2425 3786 2495 φύσεως

2218 2518 2302 2586 ἐφ’
2336 2516 2541 2569 ἑαυτῶν
2579 2516 2759 2586 μένει·
2815 2514 2916 2569 κᾶν
2969 2514 3299 2585 ἁριθμῆται,
3346 2516 3447 2569 κᾶν
3484 2518 3594 2588 μήθ
3647 2520 3675 2571 ὁ
3723 2517 3781 2572 δὲ

2218 2606 2444 2679 ἀριθμὸς
2478 2608 2699 2677 σημεῖόν
2738 2609 2851 2659 ἑστι
2879 2607 3231 2677 γνωριστικὺν
3258 2607 3357 2677 τῆς
3387 2606 3491 2659 τῶν
3529 2609 3787 2680 πραγμά-

2215 2718 2323 2753 των
2366 2701 2689 2769 ποσότητος·
2736 2702 2794 2751 ob
2842 2700 3056 2763 πάντως
3107 2701 3205 2752 ὅσα
3249 2700 3328 2770 τῷ
3371 2700 3641 2770 ἀξιώματι
3687 2701 3786 2771 τῆς

2216 2794 2429 2862 φύσεως
2479 2793 2816 2863 ὑποϐέϐηκεν
2853 2796 2932 2856 εἰς
2976 2792 3231 2865 δευτέραν
3273 2792 3425 2856 τάξιν
3462 2793 3785 2862 ἀποπεμπό-

2218 2903 2377 2957 μενος
2400 2925 2415 2950 ,
2453 2884 2587 2938 ἀλλὰ
2631 2885 2771 2954 πρὸς
2811 2886 2871 2937 τὸ
2913 2884 3159 2956 βούλημα
3190 2885 3295 2938 τῶν
3328 2884 3780 2956 ἐξαριθμούντων,

2213 2979 2311 3047 τὴν
2363 2977 2470 3031 τῶν
2540 2978 2947 3047 σημαινομένων
3004 2976 3097 3029 τοῦ
3158 2975 3390 3047 ἀριθμοῦ
3448 2977 3783 3048 πραγμάτων

2214 3067 2532 3123 ἀκολουθίαν
2597 3068 2945 3139 ποιούμενος·
3000 3069 3239 3133 Παῦλος
3296 3068 3393 3121 καὶ
3458 3068 3784 3132 Σιλουανὸς

546 3164 752 3219 Paulus
785 3176 832 3219 et
864 3166 1124 3236 Sylvanus
1150 3179 1197 3223 et
1236 3170 1537 3224 Timotheus
1562 3171 1628 3227 ³⁸.
1657 3172 1790 3226 Cum
1824 3175 1985 3228 trium
2016 3175 2114 3230 ho-

2216 3160 2313 3213 καὶ
2345 3161 2645 3229 Τιμόθεος·
2679 3160 2843 3229 τριῶν
2878 3159 3183 3230 προσώπων
3216 3159 3451 3212 ἐνταῦθα
3483 3175 3776 3228 μνημονευ-

546 3258 750 3310 minum
784 3258 895 3323 hic,
929 3260 1120 3314 ordine
1146 3261 1404 3329 quodam,
1433 3262 1699 3316 arbitratu
1730 3264 1870 3329 ejus,
1897 3266 1987 3334 qui
2010 3282 2112 3319 nu-

545 3349 779 3413 meravit,
812 3350 1142 3404 mentionem
1176 3349 1387 3415 fecerit,
1433 3349 1839 3421 Sylvanumque
1872 3355 2115 3409 secundo

544 3439 665 3494 loco
687 3449 807 3509 post
836 3440 1063 3496 Paulum
1093 3444 1336 3511 posuerit
1363 3462 1375 3497 :
1413 3460 1541 3496 nmn
1571 3445 1716 3499 aliud
1752 3445 1904 3513 quid,
1925 3455 1977 3500 et
2006 3463 2112 3501 non

544 3528 841 3593 hominem,
890 3528 1188 3600 Sylvanum
1230 3546 1353 3585 esse
1395 3532 1827 3587 demonstravit?
1871 3535 1935 3588 Et
1983 3552 2113 3590 num

543 3620 861 3677 Timotheus
891 3622 1054 3676 tertio
1089 3623 1281 3677 ordine
1307 3622 1629 3687 collocatus,
1665 3624 1889 3679 alterius
1922 3625 2109 3694 cujus-

544 3711 668 3764 dam
702 3721 910 3767 natura:
952 3714 1058 3768 erit
1090 3724 1317 3784 prepter
1358 3715 1608 3769 ordinem
1655 3715 1919 3769 orationis
1968 3718 2108 3786 ejus,

542 3802 637 3871 qui
665 3811 776 3858 tres
806 3804 940 3859 istos
964 3807 1307 3860 nominavit?
1335 3806 1556 3860 Minime
1579 3821 1729 3859 vero.
1757 3807 1944 3872 Quivis
1964 3810 2106 3862 enim

544 3892 763 3945 illorum
809 3893 973 3948 homo
1001 3903 1106 3959 est,
1149 3904 1202 3949 et
1238 3904 1367 3951 ante
1404 3905 1457 3952 et
1498 3904 1618 3966 post
1654 3897 2106 3953 numerationem.

541 3983 731 4037 Oratio
763 3996 943 4040 autem
975 4003 1098 4040 cum
1128 3988 1289 4043 unica
1322 4002 1457 4043 voce
1483 3998 1596 4045 tres
1624 3989 2110 4061 simulsignificare

543 4087 797 4147 nequeat,
836 4080 1269 4150 utniuscujusque
1293 4080 1533 4146 divisim,
1566 4082 1778 4146 ordine,
1809 4098 1918 4151 quo
1940 4083 2106 4148 lubet,

540 4169 871 4222 mentionem
907 4170 1035 4223 facit
1067 4188 1084 4224 ι
1115 4172 1511 4241 conjungitque
1546 4171 1767 4225 nomina
1800 4174 2015 4241 copulis
2054 4184 2110 4229 et

539 4259 774 4314 nexibus
806 4261 1129 4329 interjectis,
1152 4273 1205 4316 et
1239 4263 1426 4326 trium,
1460 4268 1521 4315 ut
1552 4260 1814 4325 arbitror,
1848 4278 1969 4316 cum
1998 4280 2107 4318 uno

539 4365 869 4406 consensum
904 4364 955 4407 et
983 4355 1417 4409 convenientiam
1453 4353 1554 4408 hac
1586 4354 1864 4409 nominum
1884 4370 2108 4426 compo-

540 4443 739 4497 sitione
768 4444 1035 4498 ostendit.
1946 4429 1950 4433 ’

610 4533 809 4590 Verum
847 4536 961 4591 haec
1003 4552 1145 4591 novo
1187 4537 1313 4591 huic
1357 4539 1593 4594 sectario
1638 4547 1692 4594 et
1734 4538 1943 4593 doctori
1995 4555 2101 4594 non
2136 4550 2179 4605 1)

546 4626 777 4694 placent.
836 4626 1026 4696 Itaque
1067 4626 1244 4681 ordini
1296 4636 1350 4683 et
1407 4629 1752 4697 dispositioni
1800 4629 2108 4684 divinorum

539 4717 889 4771 oraculorum
931 4718 1155 4772 adversa
1202 4719 1403 4781 sancit,
1450 4736 1684 4790 eumque
1736 4720 1829 4789 qui
1880 4721 1946 4775 ab
1988 4722 2110 4791 ipso

540 4806 773 4861 Domino
813 4808 959 4862 Patri
992 4819 1047 4863 ct
1076 4807 1213 4864 Filio
1247 4810 1578 4878 conjunctus
1615 4819 1719 4873 est,
1753 4813 1936 4866 avellit
1960 4827 1989 4864 a
2013 4828 2110 4865 na-

538 4897 702 4950 turali
736 4905 788 4950 et
830 4900 1047 4968 propria
1083 4902 1239 4970 quasi
1279 4901 1517 4967 statione
1559 4910 1612 4955 et
1651 4901 1881 4964 ordine,
1915 4904 2109 4957 rebus-

540 5004 645 5056 que
673 4990 938 5057 subjectis
977 5000 1335 5056 annumerat,
1370 5001 1424 5046 et
1468 4994 1751 5047 amborum
1806 5009 1946 5063 opus
1986 5009 2110 5049 esse

539 5079 673 5133 dicit
709 5097 721 5132 :
757 5078 935 5135 Patris
962 5082 1182 5150 quidem
1219 5092 1280 5136 ut
1324 5099 1548 5140 causam
1610 5085 1913 5140 elfectionis
1960 5085 2110 5140 illius

538 5176 1047 5244 subministrantis;
1071 5181 1335 5249 unigeniti
1358 5198 1484 5236 vero
1514 5181 1657 5246 Filii,
1684 5192 1943 5253 tanquam
1966 5185 2106 5253 ejus,

538 5266 631 5337 qui
656 5267 860 5321 efficiat
888 5271 1035 5324 illius
1061 5272 1378 5341 hypostasin
1405 5284 1459 5327 et
1482 5276 1912 5339 subsistentiam,
1938 5276 2110 5329 hanc-

536 5374 644 5426 que
673 5372 897 5413 causam
940 5360 1296 5428 subjectionis
1338 5378 1458 5416 esse
1484 5364 1809 5429 cenfirmat,
1842 5379 1965 5417 cum
2023 5372 2106 5416 la~

539 5463 663 5503 men
706 5448 1065 5518 subjectionis
1114 5452 1479 5521 significatum
1521 5454 1760 5508 nondum
1802 5455 1960 5509 nobis
2006 5470 2103 5509 ex-

542 5538 795 5606 planarit.

615 5626 816 5684 Deinde
857 5628 991 5684 dicit
1040 5648 1054 5685 :
1096 5629 1493 5700 Comprehensis
1542 5632 1774 5686 videlicet
1833 5634 1902 5686 ad
1948 5635 2103 5687 totius

618 5781 833 5837 "Joan.
871 5800 924 5849 ι,
959 5784 1046 5839 50.
1162 5783 1268 5837 “ll
1299 5786 1423 5838 Cor.
1459 5801 1575 5852 xm,
1620 5787 1706 5842 i5.

1817 5785 1857 5816 ³¹
1892 5784 2066 5840 lCor.
2092 5786 2240 5854 “1,4
2272 5800 2391 5854 sqq.

2216 3251 2433 3316 θέντων,
2466 3252 2609 3304 κατὰ
2636 3250 2695 3303 τὸ
2720 3249 2811 3303 τοῦ
2844 3250 3311 3320 μνημονεύσαντος
3342 3249 3603 3320 βούλημα.
3638 3246 3781 3319 τΑρα

2210 3343 2290 3407 τὸ,
2322 3342 2626 3406 Σιλουανὸν,
2650 3344 2706 3395 ὲν
2734 3342 3007 3412 δευτέροις
3034 3342 3298 3411 ταχθέντα
3331 3340 3467 3410 μετὰ
3506 3341 3595 3392 τὸν
3632 3340 3780 3394 Παῦ-

2209 3434 2318 3494 λον,
2342 3434 2468 3488 άλλο
2485 3451 2559 3496 τι,
2585 3434 2676 3487 καὶ
2703 3434 2822 3504 οὐχὶ
2847 3431 3127 3505 ἄνθρωπον
3151 3436 3179 3488 ὁ
3200 3434 3427 3506 ἀριθμὸς
3452 3434 3749 3498 ἐνεδείξατο
3764 3450 3778 3498 ;

2209 3526 2243 3597 ἢ
2275 3528 2303 3578 ὁ
2334 3525 2593 3595 Τιμόθεος
2621 3525 2679 3578 ἐν
2715 3526 2916 3597 τρίτοις
2939 3526 3177 3597 ταχθεὶς,
3219 3529 3298 3589 είς
3340 3527 3632 3597 ἑτερότητά
3663 3544 3781 3580 τινα

2216 3616 2427 3685 φύσεως
2455 3617 2519 3670 ὲκ
2546 3617 2641 3687 τῆς
2669 3617 2985 3680 ἀκολουθίας
3021 3617 3115 3670 τοῦ
3165 3618 3586 3689 μνημονεύοντος
3612 3617 3780 3680 οὕτως

2218 3708 2524 3779 ὑπενοήθη;
2573 3709 2685 3761 Οὐκ
2710 3709 2823 3763 ἔστι
2856 3709 3046 3763 ταῦτα.
3081 3711 3396 3780 Ἀνθρωπος
3446 3711 3552 3779 γάρ
3580 3709 3783 3762 τούτων

2216 3800 2461 3864 ἕκαστος,
2489 3802 2580 3853 καὶ
2600 3801 2705 3872 πρὸ
2729 3800 2821 3854 τοῦ
2852 3800 3108 3872 ἀριθμοῦ,
3130 3803 3221 3854 καὶ
3252 3800 3390 3871 μετὰ
3432 3800 3619 3854 τοῦτο*
3665 3804 3694 3853 ὁ
3724 3800 3780 3853 δὲ

2216 3890 2369 3958 λόγος
2409 3892 2593 3963 ἐπειδὴ
2634 3893 2731 3963 μιᾷ
2759 3895 2908 3963 φωνῇ
2944 3893 3067 3955 τοὺς
3098 3894 3244 3961 τρεῖς
3289 3891 3429 3945 κατὰ
3471 3892 3664 3944 ταυτὸν
3714 3885 3781 3961 ἦν

2216 3980 2470 4035 ἀδύνατον
2527 3982 2891 4047 ἐνδείξασθαι,
2957 3984 3225 4053 μέμνηται
3288 3983 3384 4053 μὲν
3441 3982 3782 4053 διῃρημένως

2214 4074 2442 4128 ἑκάστου
2487 4074 2627 4128 κατὰ
2667 4077 2765 4145 τὴν
2810 4075 3083 4147 ἀρέσασαν
3111 4076 3280 4141 τάξιν,
3325 4076 3582 4128 συνάπτει
3619 4073 3675 4125 δὲ
3712 4073 3781 4125 τὰ

2212 4165 2448 4236 ὀνόματα
2473 4166 2559 4219 διὰ
2595 4166 2701 4220 τῶν
2730 4168 2816 4222 διὰ
2847 4169 3009 4239 μέσου
3035 4168 3363 4238 συνδέσμων,
3393 4166 3467 4230 ώς
3495 4166 3580 4231 ἂν,
3606 4161 3779 4236 οἶμαι,

2212 4257 2311 4326 τὴν
2350 4255 2459 4309 τῶν
2486 4256 2651 4327 τριῶν
2698 4257 2831 4327 πρὸς
2863 4258 2922 4310 τὸ
2964 4259 3021 4309 ἓν
3069 4258 3373 4326 σύμπνοιαν
3415 4255 3503 4309 διὰ
3551 4253 3650 4324 τῆς
3672 4253 3781 4307 τῶν

2213 4346 2489 4416 ὀνομάτων
2519 4347 2809 4416 συναφείας
2845 4345 3161 4417 ἐνδείξηται.

2295 4530 2431 4582 Ἀλλ’
2469 4530 2569 4600 οὐχ
2605 4529 2776 4594 οὑτως
2814 4531 3041 4601 ἀρέσκει
3087 4530 3165 4599 τῷ
3211 4528 3380 4600 καινῷ
3421 4529 3777 4601 δογματιστῇ.

2224 4623 2645 4693 Ἀντινομοθετεῖ
2686 4622 2743 4675 δὲ
2772 4626 2838 4693 τῇ
2878 4623 3113 4687 διατάξει
3136 4625 3232 4694 τῆς
3258 4623 3408 4687 θείας
3432 4626 3614 4693 φωνῆς
3636 4638 3650 4652 °
3687 4623 3780 4675 καὶ

2209 4714 2271 4767 τό
2315 4714 2738 4784 συντεταγμένον
2774 4715 2864 4766 ὑπ’
2889 4714 3051 4767 αὑτοῦ
3095 4714 3188 4767 τοῦ
3228 4715 3429 4787 Κυρίου
3471 4715 3643 4785 Πατρὶ
3686 4715 3779 4766 καὶ

2212 4804 2347 4874 Υἱῷ.
2377 4805 2476 4873 τῆς
2513 4803 2716 4866 οἰκείας
2749 4804 2897 4873 αὑτῷ
2937 4805 3031 4857 καὶ
3066 4805 3205 4857 κατὰ
3248 4804 3406 4873 φύσιν
3442 4803 3647 4868 τάξεως
3684 4805 3778 4857 καὶ

2214 4896 2505 4963 συναφείας
2569 4896 2982 4965 ἀποσχοινίσας,
3037 4897 3091 4949 ἑν
3143 4897 3254 4958 τοῖς
3318 4894 3777 4964 ὑποτεταγμένοις

2211 4985 2508 5055 ἠρίθμησε,
2544 4986 2636 5038 καὶ
2668 4984 2825 5055 ἔργον
2860 4984 3132 5055 ἑκατέρων
3165 4980 3300 5038 εἷναί
3331 5001 3491 5054 φησι·
3538 4984 3629 5036 τοῦ
3678 4984 3778 5052 μὲν

2208 5076 2438 5146 Πατρός,
2474 5076 2548 5139 ὡς
2588 5075 2687 5144 τὴν
2724 5075 2899 5127 αἰτίαν
2931 5077 3027 5145 τῆς
3078 5074 3417 5143 κατασκευῆς
3450 5073 3777 5127 ὑποϐάλλον-

2205 5184 2329 5229 τος·
2374 5167 2466 5219 τοῦ
2505 5168 2560 5219 δὲ
2594 5167 2947 5234 Μονογενοῦς,
2994 5166 3068 5230 ὼς
3116 5167 3579 5236 αὑτουργήσαντος
3610 5164 3777 5218 αὑτοῦ

2205 5258 2304 5326 τὴν
2345 5259 2659 5322 ὑπόστασιν,
2696 5260 2787 5311 καὶ
2829 5259 3030 5329 ταύτην
3058 5258 3240 5312 αἰτίαν
3275 5254 3413 5310 εἶναι
3443 5258 3540 5325 τῆς
3572 5257 3775 5309 ὑποτα-

2207 5351 2310 5421 γῆς
2341 5351 2651 5422 διορίζεται,
2691 5352 2857 5421 αὑτῆς
2900 5353 3061 5422 μήπω
3087 5351 3185 5422 τῆς
3227 5350 3505 5421 ὑποταγῆς
3548 5349 3777 5403 ἑκκαλύ-

2209 5444 2316 5513 ψας
2346 5441 2406 5494 τὸ
2441 5444 2858 5511 σημαινόμενον.

2279 5531 2415 5588 Εἶτά
2441 5552 2569 5604 φησι
2599 5552 2611 5565 ·
2640 5532 3363 5603 Συμπεριλιιμόανομένωι·
3406 5532 3640 5601 δηλαδὴ
3674 5533 3772 5585 καί

2209 5625 2327 5681 τῶν
2356 5624 2484 5692 ταῖς
2510 5627 2746 5691 οὐσίαις
2790 5624 3092 5694 ἑπομένων
3124 5624 3459 5695 ἐνεργειῶν,
3522 5621 3617 5674 καὶ
3656 5620 3778 5674 τῶν

2462 5783 2505 5813 ³³
2544 5779 2769 5838 lThess.
2807 5797 2845 5842 ι,
2878 5782 2926 5835 1.
