4166 6372
414 426 516 482 ’513

1558 401 1841 462 CONTRA
1878 391 2267 457 EUNOMIUM,
2308 388 2439 444 LIB.
2478 387 2519 441 1.

3568 374 3671 427 5η

416 542 657 605 ταύταις
697 532 1027 605 προσφυῶν
1071 527 1397 599 ὀνομάτων.
1466 524 1683 580 Τούτων
1719 522 1774 575 δέ
1811 521 1840 572 6
1871 517 1995 580 νοῦς

2131 509 2353 565 rationis
2400 504 2831 569 complementum
2882 496 3046 553 etiam
3091 490 3481 563 operationibus
3503 531 3518 555 ,
3562 507 3677 561 qua:

2576 596 2584 605 .
2730 590 2784 605 ,οι
2910 604 2963 605 ηε
3012 586 3301 605 ,!,.,'L_-___.-
3403 599 3510 605 ---μ
3565 582 3675 605 11η-

418 635 533 684 ἔστι
570 629 666 699 μὲν
713 627 775 680 οὐ
816 625 936 679 λίαν
970 610 1320 683 εὐσύνοπτος,
1352 615 1530 688 πολλῷ
1559 615 1637 685 τῷ
1677 611 1862 681 γνόφῳ
1900 610 2002 679 τῆς

419 720 675 783 ἀσεϐείας
704 715 1148 787 κεκαλυμμένος*
1183 712 1257 774 ὡς
1297 710 1341 764 δ’
1382 707 1454 762 ἄν
1490 724 1571 771 τις
1614 702 1839 764 εἰκάσας
1873 699 2002 752 ὑπο-

421 814 656 883 νοήσειε,
752 808 993 870 τοιοῦτός
1039 808 1203 859 ἐστιν’
1259 799 1564 872 Ἐνεργείας
1625 793 1822 850 οὐσιῶν
1880 792 2001 844 ὀνο-

426 881 585 976 μάζει
626 902 724 966 τὰς
764 896 1204 961 ἀτωτελεστικάς,
1250 895 1326 957 ὼς
1359 889 1542 963 οἶμαι,
1586 887 1678 976 τοῦ
1726 883 1855 939 Υἱοῦ
1904 881 1999 976 καὶ⁹

421 974 517 1051 τοῦ
558 993 714 1064 ἁγίου
776 991 1090 1061 Πνεύματος
1153 988 1441 1057 δυνάμεις⁹
1488 982 1555 1036 δι’
1601 975 1676 1034 ὧν
1723 980 1758 1048 ἡ
1807 974 1997 1048 πρώτη

424 1084 581 1139 οὐσία
642 1083 741 1154 τὴν
776 1082 1030 1152 δευτέραν
1071 1078 1383 1150 εἰργάσατο,
1429 1075 1523 1127 καὶ
1563 1075 1597 1143 ἡ
1636 1070 1863 1141 δευτέρα
1904 1066 2000 1138 τὴν

424 1177 645 1248 τρίτην·
695 1174 791 1228 καὶ
833 1172 905 1226 τά
950 1171 1189 1242 ὀνόματα
1235 1168 1343 1222 τῶν
1399 1161 1861 1220 ἀποτελεσθέντων
1907 1157 2002 1230 ἔρ-

426 1283 540 1335 των
588 1263 879 1336 προσφυῶς
931 1255 1466 1329 συγκατεσκευόωθαι
1514 1256 1627 1315 τοῖς
1669 1251 1854 1323 ἔργοις
1898 1265 2005 1319 φη-

429 1358 543 1411 σίν·
578 1355 714 1409 ἀλλά
743 1356 842 1425 τὴν
874 1353 971 1423 μὲν
1002 1351 1129 1421 περὶ
1154 1348 1225 1402 τὰ
1249 1349 1489 1419 ὀνόματα
1518 1342 1853 1414 κακουργίαν
1899 1339 2001 1410 ἤδη

428 1461 487 1497 τε
517 1443 658 1497 κατά
685 1442 746 1496 τὸ
773 1440 993 1495 δυνατὸν
1021 1438 1363 1509 ἐξητάσαμεν
1380 1453 1394 1466 ·
1426 1435 1519 1490 καὶ
1544 1436 1671 1489 ὅταν
1708 1433 1789 1495 εἰς
1828 1432 2005 1484 ἐκεῖνο

430 1536 493 1588 τὸ
524 1535 688 1607 μέρος
729 1536 830 1604 τῆς
869 1532 1168 1597 ἐξετάσεως
1209 1530 1469 1601 ἔλθωμεν,
1497 1526 1592 1582 ἐὰν
1631 1527 1661 1579 ὁ
1691 1523 1847 1592 λόγος
1879 1524 2002 1575 ἐπι-

432 1626 589 1697 ζητῇ,
626 1625 788 1679 πάλιν
818 1625 1222 1696 προσθήσομεν.

2100 609 2322 657 manant
2389 612 2452 651 ea:
2504 590 2850 654 substantiis,
2903 586 3334 655 nominibusque,
3394 599 3510 656 qua:
3563 582 3675 636 illis

2102 699 2421 764 competunt.
2457 685 2659 741 Harum
2696 684 3006 737 orationum
3041 694 3239 735 sensus
3270 694 3376 732 non
3412 683 3496 731 est
3525 676 3680 731 intel-

2100 789 2241 842 lectu
2286 782 2487 844 facilis,
2532 779 2733 848 quippe
2775 774 2945 829 multa
2984 770 3280 840 impietatis
3316 769 3546 839 caligine
3599 777 3681 822 te-

2103 889 2253 939 ctus:
2277 875 2492 928 videtur
2543 877 2722 924 autem
2746 906 2761 930 ,
2802 872 3067 936 quantum
3103 862 3321 932 quidem
3356 860 3678 929 conjectura

2101 967 2323 1038 assequi
2361 952 2511 1027 licet,
2540 959 2811 1030 ejusmodi
2840 972 3001 1012 esse:
3032 953 3394 1025 Operatioues
3422 954 3681 1007 substan-

2102 1062 2300 1116 tiarum
2331 1054 2729 1127 productrices,
2763 1059 2823 1104 ut
2852 1055 3004 1120 puto,
3048 1046 3226 1102 Patris
3251 1055 3307 1102 et
3344 1045 3466 1100 Filii
3505 1044 3682 1099 facul-

2104 1161 2245 1207 tates
2281 1150 2562 1213 nominat,
2594 1162 2690 1218 per
2731 1160 2868 1218 quas
2908 1144 3084 1214 prima
3124 1141 3428 1198 substantia
3477 1154 3681 1195 secun-

2105 1246 2232 1301 dam
2261 1242 2538 1313 produxit,
2555 1249 2608 1294 el
2626 1238 2865 1294 secunda
2898 1235 3136 1295 tertiam,
3159 1242 3213 1289 et
3242 1234 3462 1287 nomina
3482 1232 3682 1285 horum

2107 1351 2354 1406 operum,
2374 1347 2494 1402 quae
2508 1330 2698 1386 effecta
2726 1335 2876 1391 sunt,
2909 1335 3031 1397 apte
3062 1333 3115 1379 et
3142 1324 3529 1378 convenienter
3550 1322 3684 1391 ipsis

2112 1427 2374 1498 operibus
2407 1423 2663 1494 imposita
2705 1436 2827 1475 esse
2873 1418 3029 1473 dicit.
3078 1416 3347 1471 Caeterum
3392 1415 3683 1484 malignam

2108 1519 2428 1584 versutiam,
2454 1532 2559 1586 qua
2588 1516 2641 1567 in
2666 1512 2802 1584 ipsis
2826 1509 3141 1565 nominibus
3162 1524 3297 1563 usus
3325 1517 3429 1568 eSt,
3448 1506 3560 1577 jam
3589 1521 3688 1575 pro

2109 1611 2255 1665 virili
2283 1609 2644 1680 patefecimus
2681 1625 2694 1661 :
2735 1615 2789 1660 et
2830 1603 3270 1674 quotiescunque
3312 1598 3541 1655 materia
3589 1614 3690 1653 nos

431 1734 499 1776 eo
541 1719 833 1783 vocaverit,
880 1718 927 1775 si
967 1716 1264 1772 necessitas
1303 1714 1560 1784 postulet,
1605 1725 1796 1765 rursus
1835 1705 2247 1779 patefaciemus.

504 1814 651 1877 Τέως
678 1812 735 1865 δὲ
765 1811 860 1865 νῦν
896 1810 1044 1877 ἄξιόν
1091 1811 1204 1863 ἐστι
1237 1804 1554 1875 λογίσασθαι
1574 1820 1588 1834 ·
1626 1802 1745 1867 πῶς
1788 1803 2009 1856 ἕπονται

433 1906 552 1967 ταῖς
597 1902 804 1965 οὐσίαις
849 1902 905 1954 αί
935 1901 1240 1971 ἐνέργειαι;
1285 1897 1339 1951 τί
1381 1892 1535 1951 οὖσαι
1571 1894 1711 1949 κατά
1749 1895 1848 1962 τὴν
1877 1892 2011 1945 ίδίαν
2041 1878 2084 1933 Β

436 1993 633 2064 φύσινς
669 1994 849 2048 ἀλλοτι
896 1993 1046 2064 παρά
1076 1991 1175 2054 τάς
1224 1990 1412 2052 οὐσίας
1450 1982 1539 2050 αῖς
1582 1984 1942 2058 παρέπονται,
1980 1982 2010 2051 ἢ

442 2086 608 2157 μέρος
655 2086 879 2139 ἐκείνων
923 2084 1151 2154 καὶτῆς
1201 2080 1449 2152 φύσεωςς
1496 2079 1587 2133 καὶ
1625 2081 1673 2131 εἰ
1720 2078 1817 2150 μὲν
1862 2075 2011 2142 ἄλλο,

438 2176 617 2248 πῶςῆ
668 2176 819 2248 παρὰ
868 2175 1010 2239 τίνος
1055 2174 1377 2244 γενόμεναι;
1428 2171 1565 2225 εἰδὲ
1609 2170 1671 2224 τὸ
1713 2168 1863 2231 αὐτὸ,
1897 2166 2015 2230 πῶς

438 2269 905 2340 ἀποτεμνόμεναι,
956 2266 1051 2321 καὶ⁵
1094 2267 1217 2321 ἀντὶ
1273 2265 1369 2319 τοῦ
1418 2264 1777 2336 συνυπάρχειν
1826 2261 2015 2323 αὐταῖς

438 2361 638 2428 ἔξωθεν
674 2360 1095 2432 παρεπόμεναι;
1146 2358 1313 2412 Οὐδὲν
1353 2357 1461 2428 γάρ
1507 2355 1694 2419 ἀπλῶς
1734 2353 1905 2416 οὕτως
1952 2353 2016 2405 ἐκ

438 2453 549 2508 τῶν
580 2452 886 2523 εἰρημένων
917 2450 1033 2503 ἐστι
1074 2448 1299 2521 μαθεῖν·
1340 2448 1570 2519 πότερον
1602 2446 1847 2515 ἀνάγκης
1872 2442 2017 2507 τινος

439 2546 678 2616 φυσικῆς
706 2543 1082 2615 ἀπροαιρέτως
1108 2542 1206 2613 τὴν
1234 2541 1534 2611 ἐνέργειαν,
1566 2538 1689 2609 ἥτις
1712 2537 1843 2590 ποτὲ
1879 2534 2017 2606 ain'q

439 2638 587 2690 ἐστὶν
620 2634 932 2689 ἀκολουθεῖν
952 2637 1015 2705 τῇ
1036 2633 1193 2705 οὐσίᾳ
1238 2631 1561 2703 βιαζομένης
1581 2670 1598 2695 ,
1622 2630 1695 2692 ὡς
1723 2630 1910 2682 ἕπεται
1939 2627 2018 2699 τῷ

440 2729 573 2800 πυρὶ
620 2729 655 2798 ή
688 2726 902 2793 καῦσις,
954 2726 1049 2779 καὶ
1079 2726 1129 2779 οἱ
1174 2724 1370 2795 ἀτμοὶ,
1415 2724 1508 2776 καὶ
1539 2723 1596 2776 αἱ
1628 2720 2019 2790 ἀναθυμιάσεις

439 2823 553 2885 τοῖς
625 2821 717 2888 ἀφ’
759 2812 836 2872 ὧν
887 2816 1060 2871 ταῦτα
1106 2817 1346 2886 γίνονται
1390 2814 1657 2885 σώμασιν;
1728 2813 1868 2867 Ἀλλ’
1918 2813 2021 2867 οὐκ

443 2911 510 2966 ἂν
532 2911 694 2965 αὐτὸν
718 2907 869 2981 οἶμαι
896 2908 1056 2962 τοῦτο
1084 2911 1256 2962 εἰπεῖν
1276 2926 1289 2939 ο
1311 2906 1452 2960 ὥστε
1481 2906 1722 2959 ποικίλον
1748 2923 1801 2959 τι
1834 2906 2021 2977 χρῆμα

444 3003 540 3058 καὶ
576 3002 828 3057 σύνθετον
853 3001 1092 3071 νομίζειν
1121 3000 1214 3053 τοῦ
1253 2998 1389 3051 Θεοῦ
1426 2998 1524 3067 τὴν
1565 2996 1771 3061 οὐσίαν,
1812 2994 2018 3067 ἀχώρι-

448 3113 569 3149 στον
629 3095 858 3166 ἔχουσαν
920 3094 1013 3147 καὶ
1076 3088 1647 3160 συνεπιθεωρουμένην
1698 3090 1865 3158 ἐαυτῇ
1922 3085 2021 3158 τὴν

447 3189 757 3259 ἐνέργειαν,
791 3185 868 3248 ὥς
890 3204 943 3239 τι
977 3183 1318 3255 συμϐεϐηκὸς
1349 3184 1405 3235 ἐν
1436 3180 1777 3252 ὑποκειμένῳ
1807 3179 2017 3233 δεικνύ-

452 3297 646 3353 μενον·
696 3280 832 3335 ἀλλὰ
872 3276 1275 3351 προαιρετικῶς
1312 3276 1409 3330 καὶ
1443 3272 1805 3339 αὐτεξουσίως
1852 3287 2025 3325 κινουο

453 3375 618 3446 μένας
654 3372 753 3436 τὰς
779 3371 964 3434 οὐσίας
990 3370 1051 3423 τὸ
1078 3368 1268 3422 δοκοῦν
1302 3385 1435 3439 φησι
1466 3367 1588 3420 καθ’
1619 3367 1818 3428 ἐαυτάς
1855 3367 2026 3436 ἀπερ-

448 3466 728 3536 γάζεσθαι.
751 3464 861 3518 Καὶ
885 3464 969 3527 τίς
986 3462 1049 3516 τὸ
1074 3464 1136 3514 ἐκ
1158 3461 1410 3532 προνοίας
1440 3459 1700 3523 ἑκουσίως
1720 3458 2023 3528 γινόμενον,

449 3558 527 3622 ὥς
568 3574 623 3611 τι
660 3558 770 3610 τῶν
812 3556 1009 3620 ἔξωθεν
1041 3541 1546 3608 ἐπακολουθούντων
1578 3550 1808 3604 ἔπεσθαι
1836 3550 2025 3619 λέγει;

450 3650 590 3705 eoas
619 3650 727 3720 γὰρ
755 3648 897 3701 κατά
918 3647 1017 3717 τὴν
1045 3646 1230 3715 κοινὴν
1257 3644 1543 3716 συνήθειαν
1569 3643 1663 3695 ἐπὶ
1706 3643 1815 3697 τῶν
1852 3641 2029 3696 τοιού-

452 3759 559 3796 των
619 3742 861 3812 ἔγνωμεν
910 3739 1282 3811 τετριμμένην
1349 3736 1448 3808 τὴν
1510 3735 1686 3800 λέξιν*
1735 3734 1878 3788 ὥστε
1930 3733 2031 3805 τὴν

455 3835 730 3907 ἐνέργειαν
774 3833 869 3886 τοῦ
904 3832 1032 3903 περί
1063 3849 1115 3885 τι
1144 3829 1431 3892 πονοῦντος
1476 3828 1786 3883 ἀκολουθεῖν
1821 3826 1901 3896 τῷ
1932 3841 2032 3878 πο-

456 3927 635 3981 νοῦντι
669 3927 867 3995 λέγειν.
927 3926 1065 3980 Οὐδέ
1101 3925 1209 3995 γάρ
1236 3926 1351 3977 ἐστι
1380 3923 1605 3976 δυνατὸν
1631 3923 1693 3975 τὸ
1728 3923 1912 3991 ἕτερον
1937 3918 2031 3973 τοῦ

458 4019 645 4087 ἐτέρου
686 4017 1061 4084 διαζεύξαντα,
1100 4015 1423 4070 καταλαϐεῖν
1469 4015 1552 4084 ἐφ’
1587 4012 1779 4067 ἑαυτοῦ
1822 4013 1885 4066 τὸ
1925 4013 2035 4066 λει-

457 4111 722 4181 πόμενονο
758 4109 871 4163 ἀλλ’
898 4111 926 4164 6
960 4110 1059 4180 τὴν
1092 4110 1370 4181 ἐνέργειαν
1406 4108 1599 4173 εἰπὼν,
1632 4107 1692 4160 τὸ
1723 4109 1845 4160 κατ’
1865 4105 2035 4178 αὐτὴν

458 4203 777 4275 κινούμενον
804 4204 883 4275 τῷ
911 4203 1053 4275 λόγῳ
1094 4202 1497 4275 συμπεριέλαϐε
1517 4220 1530 4232 ο
1568 4202 1661 4254 καὶ
1701 4203 1730 4254 6
1761 4198 1855 4254 τοῦ
1885 4201 2037 4270 ἐνερ-

460 4295 685 4365 γοῦντος
734 4295 1012 4366 μνησθεὶς,
1050 4296 1144 4348 καὶ
1185 4296 1285 4367 τὴν
1333 4295 1612 4366 ἐνέργειαν
1642 4292 1861 4355 πάντως
1897 4290 2038 4345 κατὰ

460 4387 523 4440 τὸ
570 4386 919 4457 σιωπώμενον
954 4391 1311 4458 συνεσήμανε.
1351 4386 1689 4457 Σαφέστερον
1720 4385 1777 4437 δὲ
1812 4383 1898 4437 διά
1930 4382 2040 4437 τῶν

465 4481 874 4550 ὑποδειγμάτων
902 4478 963 4532 τὸ
992 4478 1282 4549 λεγόμενον
1312 4479 1482 4531 ἔσται·
1499 4475 1797 4529 Χαλικεύειν
1823 4475 1945 4528 τινὰ
1956 4475 2041 4527 λέ-

2186 1797 2343 1852 Nunc
2372 1811 2468 1866 par
2525 1803 2610 1850 est
2660 1793 2986 1864 disquirere,
3027 1792 3303 1863 quomodo
3340 1798 3691 1862 operationes

2114 1898 2419 1961 sequantur
2448 1904 2515 1943 ex
2545 1887 2893 1949 substantiis,
2946 1895 3001 1941 et
3032 1886 3292 1956 quidnam
3338 1885 3449 1940 sint
3494 1899 3694 1939 secun-

2113 1984 2241 2039 dum
2277 1996 2432 2039 suam
2477 1979 2750 2050 propriam
2796 1988 3069 2031 naturam.
3098 1976 3353 2046 Nunquid
3385 1974 3529 2029 aliud
3565 1983 3695 2028 sunt

2114 2091 2145 2129 a
2180 2073 2528 2138 substantiis,
2560 2087 2625 2126 ex
2660 2071 2860 2141 quibus
2894 2069 3156 2124 cmuunt?
3209 2068 3346 2123 Num
3406 2084 3531 2139 pars
3577 2069 3696 2122 illa-

2115 2182 2235 2221 rum
2259 2173 2314 2221 et
2342 2164 2587 2219 natura}?
2620 2163 2738 2219 etsi
2763 2162 2981 2233 quidem
3017 2162 3161 2217 aliud
3199 2170 3361 2218 sunt:
3395 2160 3693 2231 quomodo,

2116 2265 2212 2314 aut
2242 2274 2270 2311 a
2296 2273 2407 2327 quo
2438 2256 2645 2312 effecta?
2683 2256 2848 2311 sunt?
2903 2255 2961 2309 Si
3011 2271 3143 2310 vero
3182 2256 3323 2310 idem
3356 2264 3507 2318 sunt,
3558 2270 3697 2325 quo-

2116 2351 2279 2405 modo
2327 2349 2590 2418 sejunctas
2622 2356 2774 2414 sunt,
2801 2349 2875 2402 ita
2925 2356 2984 2401 ut
3021 2363 3198 2416 neque
3230 2348 3422 2411 insint,
3472 2348 3566 2403 sed
3600 2364 3697 2403 ex-

2118 2446 2394 2500 trinsecus
2433 2442 2795 2498 substantiam
2847 2442 3214 2496 comitentur?
3239 2439 3385 2495 Nihil
3429 2441 3574 2495 enim
3604 2442 3698 2495 ho-

2120 2552 2239 2590 rum
2277 2551 2342 2591 ex
2372 2535 2536 2590 dictis
2564 2535 2854 2605 perspicue
2880 2533 3017 2588 satis
3045 2532 3384 2603 intelligitur.
3425 2531 3566 2587 Num
3597 2550 3695 2589 ne-

2118 2629 2380 2684 cessitate
2434 2627 2672 2698 quadam
2721 2625 2955 2680 naturali
3001 2633 3232 2694 cogente
3285 2626 3694 2694 operationem,

2119 2722 2516 2791 qualiscunque
2544 2718 2761 2773 demum
2790 2717 2878 2770 illa
2905 2716 2995 2781 sit,
3031 2716 3185 2786 sequi
3220 2718 3286 2771 ad
3308 2716 3695 2779 substantiam,

2121 2812 2336 2866 sublata
2394 2810 2542 2866 omni
2594 2810 2865 2864 libertatis
2927 2810 3181 2873 ratione,
3234 2807 3698 2878 quemadmodum

2122 2904 2269 2959 ustio
2297 2910 2350 2958 et
2377 2918 2545 2973 vapor
2575 2901 2641 2955 ad
2668 2902 2948 2971 ignem,et
2992 2900 3373 2955 exlialationes
3407 2901 3471 2954 ad
3504 2915 3701 2971 corpo-

2122 3010 2204 3059 ra,
2236 3011 2303 3050 ex
2349 2994 2549 3063 quibus
2586 2993 2889 3057 exsistunt,
2941 2992 3394 3061 consequuntur?
3434 2990 3538 3046 Sed
3591 3007 3702 3047 non

2123 3085 2361 3139 arbitror
2385 3084 2534 3137 illum
2569 3082 2673 3137 hoc
2723 3082 2900 3137 velle:
2933 3088 2994 3136 ut
3044 3083 3146 3136 Sibi
3192 3082 3521 3152 persuadeat
3561 3082 3705 3137 divi-

2126 3190 2249 3228 nam
2291 3184 2543 3228 naturam
2583 3188 2708 3229 esse
2751 3174 2883 3244 quid
2930 3174 3298 3245 compositum
3357 3182 3412 3229 et
3454 3175 3702 3240 varium,

2124 3280 2246 3335 quas
2293 3264 2709 3334 inseparabilem
2775 3279 2805 3316 a
2867 3279 2926 3319 se
2970 3264 3348 3333 operationem
3405 3267 3702 3328 contineat,

2125 3374 2401 3429 quamque
2434 3372 2659 3412 necesse
2693 3356 2762 3411 sit
2792 3356 2845 3410 in
2888 3357 3006 3426 ipsa
3060 3355 3153 3411 Dei
3187 3357 3517 3421 substantia,
3546 3361 3704 3428 quasi

2128 3453 2347 3507 insitam
2376 3451 2695 3519 concipere:
2750 3458 3007 3518 tanquam
3043 3448 3300 3505 accidens
3336 3448 3389 3503 in
3416 3449 3706 3519 subjecto;

2127 3546 2256 3612 quia
2285 3544 2421 3598 dicit
2446 3542 2788 3597 substantias
2825 3542 2959 3597 istas
2986 3556 3051 3595 ex
3092 3549 3245 3596 certo
3278 3542 3510 3597 consilio
3536 3552 3591 3597 et
3641 3543 3709 3596 li-

2122 3638 2257 3691 bere
2291 3635 2497 3689 moveri
2527 3632 2595 3686 ad
2640 3632 2907 3703 agendum
2938 3632 3156 3702 quidvis
3190 3633 3459 3687 arbitratu
3489 3650 3611 3690 suo.
3645 3633 3713 3688 Et

2131 3729 2383 3797 quisnam
2413 3725 2569 3789 illud,
2604 3724 2751 3795 quod
2774 3741 2842 3780 ex
2881 3725 3164 3795 proposito
3194 3734 3248 3780 et
3286 3727 3454 3783 libere
3486 3728 3714 3797 suscipi-

2133 3828 2242 3883 tur,
2281 3819 2433 3889 sequi
2479 3819 2557 3872 ait
2618 3818 2793 3873 instar
2848 3833 3063 3880 eorum,
3098 3834 3219 3887 quae
3258 3820 3602 3875 extrinsecus
3644 3821 3711 3875 ad

2135 3912 2499 3967 substantiam
2550 3910 2705 3978 sequi
2740 3908 2955 3964 solent?
3003 3908 3192 3979 Neque
3241 3911 3386 3964 enim
3433 3911 3715 3965 communi

2135 4004 2417 4059 hominum
2475 4000 2874 4056 consuetudine
2903 4001 3007 4055 hoc
3056 4016 3221 4057 sensu
3276 4002 3419 4057 hunc
3459 4003 3715 4072 loquendi

2138 4096 2358 4151 modum
2382 4102 2707 4165 usurpatum
2736 4093 3009 4158 novimus,
3029 4103 3088 4147 ut
3110 4095 3319 4149 scilicet
3344 4097 3717 4164 operationem

2137 4189 2279 4257 ejus,
2303 4186 2397 4256 qui
2438 4186 2586 4241 circa
2617 4187 2852 4256 aliquam
2888 4200 3001 4240 rem
3048 4195 3349 4255 occupatur
3380 4195 3434 4241 et
3484 4188 3716 4251 laborat,

2140 4280 2292 4349 sequi
2317 4279 2441 4348 quis
2474 4278 2621 4333 dicat
2647 4278 2715 4332 ad
2740 4277 3106 4333 substantiam
3143 4277 3286 4348 ejus,
3317 4279 3410 4348 qui
3440 4286 3716 4348 operatur.

2140 4371 2252 4427 Nec
2282 4372 2397 4428 fieri
2427 4379 2624 4442 potest,
2647 4378 2705 4425 ut
2744 4370 2839 4441 qui
2864 4372 3097 4425 alterum
3128 4371 3196 4423 ab
3229 4371 3403 4425 altero
3453 4371 3721 4441 sejungit,

2144 4466 2437 4538 separatim
2467 4474 2519 4519 et
2550 4480 2646 4534 per
2677 4479 2734 4518 se
2774 4463 2975 4528 solum,
3008 4462 3152 4532 quod
3180 4463 3528 4533 relinquitur,
3575 4464 3724 4517 acri-

465 4590 653 4643 γομεν,
704 4571 739 4644 ἢ
796 4571 1192 4636 τεκταίνεσθαι,
1252 4572 1286 4643 ἢ
1354 4570 1479 4625 ἄλλο
1528 4587 1582 4622 τι
1641 4570 1883 4641 ἐνεργεῖν
1934 4567 2026 4620 et?»

2146 4561 2293 4630 piat;
2326 4557 2420 4613 sed
2484 4558 2578 4626 qui
2628 4557 2999 4626 operationem
3043 4555 3313 4618 nominat,
3356 4556 3402 4610 is
3442 4557 3603 4610 etiam
3645 4557 3723 4619 id,

465 4666 742 4719 τοιούτων.
798 4666 1007 4719 Οὐκοῦν
1054 4668 1121 4737 τῇ
1156 4666 1256 4735 μιᾷ
1287 4666 1457 4733 φωνῇ,
1510 4664 1609 4732 τήν
1655 4679 1714 4715 τε
1758 4662 2041 4733 ἐργασίαν,

466 4755 562 4808 καὶ
606 4755 698 4808 τὸν
730 4755 981 4826 μετιόντα
1008 4759 1108 4828 τὴν
1157 4755 1350 4824 τέχνην
1394 4753 1533 4806 κατά
1570 4752 1767 4806 ταυτὸν
1814 4753 1842 4805 ὁ
1888 4750 2043 4819 λόγος

471 4844 836 4917 παρέστησεν,
868 4843 1007 4897 ὥστε
1056 4845 1103 4897 εί
1150 4842 1442 4914 χωρισθείη
1490 4841 1550 4894 τὸ
1596 4841 1802 4912 ἕτερον,
1857 4839 1931 4911 μὴ
1977 4838 2044 4893 ἂν

472 4935 767 5005 ὑποστῆναι
801 4935 860 4988 τὸ
888 4934 1221 5005 λειπόμενον.
1276 4933 1337 4984 Et
1367 4926 1460 4984 οὖν
1486 4931 1553 4983 τὰ
1598 4929 1691 4982 δύο
1725 4930 1842 4999 μετ’
1883 4928 2045 5000 ἀλλή-

470 5025 578 5080 λων
616 5028 833 5093 νοεῖται,
862 5026 997 5097 αὐτή
1043 5043 1101 5078 τε
1137 5026 1169 5096 ἡ
1221 5025 1469 5095 ἐνέργεια
1512 5023 1605 5075 καὶ
1640 5023 1668 5074 6
1711 5020 1832 5074 κατ’
1878 5021 2046 5090 αὐτὴν

472 5119 805 5190 κινούμενος,
846 5119 964 5181 πῶς
993 5117 1227 5172 ἐνταῦθα
1265 5117 1490 5170 ἕπεσθαι
1519 5115 1733 5183 λέγεται
1778 5115 1843 5184 τῇ
1890 5110 2048 5181 οὐσίᾳ

472 5215 540 5283 τῇ
570 5212 762 5285 πρώτῃ
783 5213 817 5283 ἡ
838 5213 936 5284 τὴν
960 5211 1216 5283 δευτέραν
1241 5210 1430 5264 οὐσίαν
1448 5205 1869 5279 ἀπεργαζομένη
1896 5203 2047 5275 ἐνέρ-

472 5323 618 5375 γεια.
658 5305 1013 5377 μεσιτεύουσά
1060 5322 1175 5367 πως
1216 5304 1282 5356 δι’
1312 5303 1511 5374 ἑαυτῆς
1552 5300 1908 5371 ἀμφοτέραις,
1952 5296 2048 5350 καὶ

473 5396 597 5451 οὔτε
626 5399 691 5468 τῇ
733 5395 925 5469 πρώτῃ
953 5398 1094 5450 κατὰ
1142 5397 1240 5466 τὴν
1290 5395 1451 5465 φύσιν
1492 5392 1883 5462 συμϐαίνουσα,
1926 5388 2049 5443 οὔτε

476 5487 613 5558 πρὸς
638 5488 737 5557 τὴν
769 5488 1025 5557 δευτέραν
1060 5486 1474 5556 συναπτομένης
1512 5485 1626 5554 Τῆς
1668 5483 1765 5555 μὲν
1802 5483 1909 5554 γὰρ
1954 5498 2049 5535 κε-

477 5577 737 5651 χώρισται
778 5578 855 5650 τῷ
889 5578 963 5651 μὴ
996 5578 1155 5648 φύσις
1188 5574 1344 5643 εἶναι,
1385 5577 1518 5631 ἀλλά
1547 5576 1760 5646 φύσεως
1799 5574 2047 5645 κίνησις’

476 5672 544 5741 τῇ
592 5670 647 5723 δὲ
710 5671 826 5741 μεθ’
888 5672 1086 5743 ἑαυτὴν
1146 5672 1206 5725 οὐ
1260 5670 1581 5741 συμϐαίνει*
1631 5669 1713 5723 ὅτι
1774 5667 1835 5721 οὐ
1890 5666 2053 5737 ψιλὴν

480 5760 789 5831 ἐνέργειαν,
845 5764 957 5818 ἀλλ’
1014 5763 1236 5835 ἐνεργὸν
1299 5762 1488 5816 οὐσίαν
1545 5760 1613 5814 δι’
1694 5760 1891 5823 ἐαυτῑπς
1952 5759 2056 5811 ὑπ’

484 5856 767 5923 torquato.

2145 4648 2289 4718 quod
2319 4663 2417 4717 per
2448 4647 2818 4717 operationem
2846 4646 3042 4711 cietur,
3066 4646 3252 4699 animo
3285 4647 3727 4714 comprehendit,

2143 4750 2198 4797 et
2220 4741 2313 4812 qui
2346 4739 2629 4809 operantis
2675 4738 3013 4792 mentionem
3048 4738 3200 4801 facit,
3258 4738 3351 4791 ille
3387 4739 3612 4793 omnino
3644 4751 3735 4793 ta-

2144 4833 2253 4887 cite
2304 4831 2681 4902 operationem
2714 4844 2930 4898 quoque
2986 4828 3337 4898 signil'tCavit.
3373 4827 3492 4883 Fiet
3542 4838 3734 4885 autem.

2146 4925 2200 4979 id
2250 4923 2394 4993 quod
2452 4921 2750 4976 asserimus
2795 4920 3090 4974 dilucidius
3150 4918 3434 4990 exemplis.
3488 4918 3729 4975 Dicimus

2147 5017 2313 5086 igitur
2366 5015 2601 5083 aliquem
2655 5028 2730 5068 tes
2778 5012 2976 5065 malleo
3006 5010 3261 5075 tundere,
3300 5012 3383 5065 vel
3436 5011 3726 5075 fabricare,

2145 5110 2230 5165 vel
2262 5109 2408 5163 aliud
2439 5106 2699 5177 quiddam
2736 5106 2804 5160 de
2852 5119 3050 5175 genere
3096 5103 3289 5159 eodem
3334 5119 3514 5175 agere.
3559 5102 3730 5173 Igitur

2149 5218 2261 5257 uno
2316 5199 2585 5255 vocabulo
2640 5207 2695 5252 et
2742 5198 2915 5267 ipsam
2961 5197 3339 5266 operationem
3386 5205 3441 5252 et
3474 5196 3727 5267 opiﬁcem

2150 5295 2328 5349 oratio
2352 5290 2764 5363 repraesentavit
2792 5308 2806 5345 :
2862 5290 2933 5342 ita
2955 5296 3014 5343 ut
3046 5290 3092 5344 si
3123 5290 3353 5344 alterum
3387 5289 3731 5358 sejungatur,

2152 5388 2381 5442 alterum
2413 5384 2717 5440 subsistere
2751 5389 3004 5453 nequeat.
3038 5380 3093 5434 Si
3132 5382 3299 5452 igitur
3336 5380 3447 5435 duo
3489 5381 3604 5435 haec
3657 5382 3733 5435 si-

2154 5481 2263 5535 mul
2291 5478 2691 5548 intelliguntur,
2727 5476 2974 5545 operatio
3002 5476 3277 5537 videlicet,
3296 5480 3350 5528 et
3382 5474 3427 5528 is
3459 5474 3553 5543 qui
3600 5489 3732 5542 ope-

2153 5574 2366 5627 ratione
2391 5571 2482 5624 illa
2517 5570 2647 5640 agit,
2678 5568 2952 5638 quomodo
2982 5566 3221 5621 affirmat
3259 5566 3364 5621 iste
3395 5564 3462 5618 ad
3501 5564 3728 5633 primam

2156 5664 2520 5723 substantiam
2577 5661 2731 5731 sequi
2785 5661 2932 5715 illam
2968 5659 3366 5728 operationem,
3402 5673 3510 5727 qua
3559 5658 3734 5726 prima

2159 5756 2453 5814 secundam
2505 5753 2873 5810 substantiam
2912 5750 3144 5813 eliinxit,
3178 5756 3236 5802 ut
3279 5749 3351 5802 sit
3382 5747 3556 5803 media
3598 5762 3733 5817 quo-

2163 5845 2451 5906 dammodo
2480 5846 2620 5902 inter
2645 5854 2952 5913 utramque,
2996 5850 3050 5897 et
3103 5856 3281 5911 neque
3321 5840 3509 5911 prima:
3542 5852 3739 5895 secun-
