4166 6372
486 355 594 411 315
1725 356 1781 411 S.
1820 356 2150 414 GREGORII
2184 354 2480 413 NYSSENI
3640 359 3743 414 3l6

484 472 614 527 dum
652 478 901 526 naturam
946 487 1276 543 congruens,
1322 487 1501 542 neque
1548 476 1685 527 cum
1739 474 1980 529 secunda
2037 472 2329 544 copulata?
2363 471 2497 527 Nam
2546 471 2614 527 ab
2663 470 2756 525 illa
2824 476 3078 545 separata
3150 476 3255 534 est,
3298 469 3444 539 quod
3489 485 3598 525 non
3670 474 3741 527 sit

485 572 702 626 natura,
755 564 849 617 sed
906 574 1114 618 natura:
1162 563 1407 634 qumdam
1455 566 1657 629 motio;
1718 566 1872 619 alteri
1922 580 2074 631 vero,
2111 581 2274 636 quam
2331 572 2453 635 post
2499 580 2559 619 se
2630 564 2917 633 relinquit,
2970 578 3079 616 non
3111 562 3392 632 competit,
3447 564 3575 634 quia
3632 578 3739 617 non

486 654 689 709 nudam
718 656 1113 725 Operationem,
1147 656 1243 711 sed
1273 656 1635 710 substantiam
1668 658 1860 727 agendi
1888 657 2142 713 facultate
2165 657 2464 727 prreditam,
2484 658 2661 724 seipsa
2678 655 2955 725 produxit.

558 743 764 797 Deinde
800 745 902 797 hoc
943 745 1107 798 etiam
1152 745 1538 814 disquisitione
1579 746 1801 816 dignum
1844 762 2040 801 censeo

2240 742 2373 799 Εἶτα
2432 749 2649 799 κάκεῖνο
2709 745 2912 808 τούτοις
2971 744 3472 814 προσεξετάσωμεν·
3538 743 3736 816 Ἔργον

483 834 634 904 Opus
703 835 1023 889 substantia:
1086 843 1243 889 vocat
1314 837 1705 893 substantiam:
1769 838 2060 893 secundam

485 927 701 996 quidem
762 928 967 996 primas,
1004 944 1197 984 rursus
1259 930 1513 984 secundae
1569 932 1803 985 tertiam.
1858 936 1924 985 At
1954 946 2061 1001 qua

485 1016 700 1071 ratione
756 1018 859 1072 hoc
910 1022 1337 1075 demonstravit?
1393 1022 1541 1088 Quas
1605 1024 1955 1094 probationes
1994 1024 2061 1077 ad

483 1108 588 1163 hoc
614 1110 1010 1164 ostendendum
1044 1112 1330 1166 adhibuit?
1359 1129 1423 1168 ex
1441 1129 1547 1184 qua
1578 1116 1832 1169 methodo
1859 1126 1912 1169 ct
1945 1124 2060 1169 arte

477 1201 663 1262 evicit.
703 1203 853 1256 credi
895 1204 1093 1258 debere
1137 1205 1494 1274 posteriorem
1513 1222 1632 1260 esse
1661 1207 1855 1275 prioris
1886 1207 2061 1275 opus?

481 1290 538 1345 Si
580 1293 723 1347 enim
753 1309 819 1348 ex
852 1295 958 1360 his,
989 1311 1108 1364 qua
1145 1298 1198 1349 in
1239 1297 1339 1350 hac
1370 1312 1550 1350 rerum
1590 1299 1943 1351 universitate
1978 1298 2059 1351 vi-

479 1398 698 1445 suntur,
733 1383 800 1438 de
855 1384 941 1439 his
975 1386 1139 1439 etiam
1174 1386 1610 1440 ratiocinandum
1643 1397 1787 1441 esset
1820 1406 1833 1442 :
1882 1402 2058 1454 neque

477 1473 557 1527 sic
590 1473 808 1543 quidem
849 1475 1085 1541 deceret,
1117 1491 1183 1529 ex
1210 1476 1295 1531 his
1322 1477 1546 1532 caducis
1589 1489 1640 1531 et
1691 1479 1745 1531 in
1779 1478 1888 1531 imo
1917 1477 2059 1547 posi-

475 1565 548 1620 tis
581 1566 956 1635 conjecturam
997 1568 1065 1623 de
1097 1568 1207 1624 illis
1238 1570 1656 1625 sublimioribus
1694 1570 1903 1624 facere:
1959 1569 2055 1624 sed

477 1665 657 1712 tamen
721 1660 932 1713 veniam
987 1668 1306 1725 mereretur,
1354 1663 1603 1731 quisquis
1658 1663 1761 1725 his,
1817 1677 1936 1731 quae
1988 1662 2053 1717 ob

474 1746 666 1800 oculos
709 1748 1097 1809 obversantur,
1157 1748 1435 1811 inductus,
1501 1760 1709 1805 erraret
1744 1750 1890 1804 circa
1939 1750 2050 1817 illa,

472 1853 594 1907 quae
623 1838 1013 1907 comprehendi
1042 1848 1341 1908 nequeunt.
1395 1840 1550 1893 Nunc
1576 1855 1703 1893 vero
1737 1840 1859 1908 quis
1904 1838 2053 1892 affir-

475 1942 624 1981 mare
653 1928 815 1987 ausit,
875 1928 1072 1981 ctelum
1124 1944 1248 1983 esse
1294 1929 1512 1997 quidem
1555 1945 1692 1999 opus
1743 1928 1875 1994 Dei,
1925 1929 2050 1983 (ειεΙί

476 2035 603 2073 vero
633 2019 838 2074 solem?
868 2018 1008 2075 Solis
1045 2023 1252 2083 lunam,
1302 2022 1466 2091 hujus
1515 2023 1723 2085 stellas,
1768 2031 1822 2077 et
1856 2022 2047 2075 harum

2164 835 2420 905 ὀνομάζει
2459 838 2558 905 τῆς
2590 836 2778 896 ούσίας
2807 834 2905 902 τὴν
2953 833 3171 885 οὑσίαψ
3209 831 3306 902 τὴν
3338 832 3436 901 μὲν
3480 831 3734 900 δευτέραν

2163 930 2260 997 τῆς
2294 927 2544 999 πρώτηςσ
2570 929 2668 997 τῆς
2688 927 2742 979 δὲ
2770 927 3023 997 δευτέρας
3050 926 3227 988 πάλιν,
3252 926 3349 995 τὴν
3379 926 3585 996 τρίτην.
3614 927 3732 979 Τίνι

2162 1018 2348 1087 τρόπῳ
2392 1017 2781 1088 προαποδείξας
2829 1016 2917 1069 τὸν
2973 1016 3158 1083 λόγον;
3211 1016 3320 1067 τίσι
3374 1016 3734 1078 κατασκευαῖς

2162 1111 2239 1170 εἰς
2295 1108 2448 1161 τοῦτο
2508 1108 2881 1179 χρησάμενος;
2939 1110 3001 1159 ὲκ
3048 1106 3205 1167 ποίας
3252 1105 3472 1174 μεθόδου
3521 1106 3580 1158 τὸ
3624 1107 3732 1159 δεῖν

2161 1198 2438 1266 ἐνέργειαν
2459 1200 2556 1269 τῆς
2576 1198 2947 1270 προλαϐούσης
2971 1198 3068 1266 τὴν
3090 1198 3285 1267 ἐφεξῆς
3304 1193 3441 1249 εἷναι
3462 1197 3731 1251 πιστεύειν

2162 1290 2594 1358 συναναγκάσαςς
2641 1291 2702 1342 Εί
2737 1289 2834 1359 μὲν
2862 1291 2969 1359 γὰρ
3003 1290 3065 1341 ὲκ
3091 1288 3198 1341 τῶν
3220 1289 3418 1341 λοιπῶν
3445 1289 3552 1341 τῶν
3580 1291 3636 1341 ὲν
3661 1293 3729 1363 τῇ

2158 1380 2330 1433 κτίσει
2358 1381 2743 1452 θεωρουμένων
2775 1379 2881 1433 ἔδει
2932 1380 3026 1432 καὶ
3074 1382 3200 1451 περὶ
3238 1379 3441 1433 τούτων
3483 1380 3731 1448 ἀναλογι-

2160 1473 2373 1537 σασθαι,
2409 1470 2521 1544 εἶχε
2554 1474 2652 1543 μὲν
2680 1473 2794 1525 οὗθ’
2823 1472 2993 1535 οὕτως
3024 1472 3200 1535 καλῶς
3235 1473 3298 1525 ἐκ
3335 1473 3442 1525 τῶν
3488 1474 3728 1527 κατωτέ-

2161 1580 2266 1632 ρων
2298 1563 2391 1615 καὶ¹
2425 1565 2533 1616 τῶν
2562 1562 2970 1635 ὑπερκειμένων
3013 1561 3365 1630 στοχάζεσθαι
3387 1577 3399 1593 ⁵
3450 1563 3590 1633 πλὴν
3612 1563 3726 1615 ἀλλ’

2156 1649 2267 1723 εἶχέ
2301 1673 2351 1707 τι
2400 1655 2740 1723 συγγνωστὸν
2774 1655 2904 1725 ἴσως
2929 1655 2956 1705 ό
2988 1653 3175 1721 λόγος,
3213 1653 3298 1705 διὰ
3322 1653 3429 1705 τῶν
3470 1655 3728 1723 φαινομέ-

2154 1762 2260 1797 νων
2291 1747 2347 1798 ὲν
2377 1750 2485 1809 τοῖς
2531 1746 2933 1817 ἀκαταλήπτοις
2972 1744 3340 1814 πλανώμενος.
3384 1747 3518 1799 Νυνὶ
3547 1746 3603 1797 δὲ
3642 1746 3726 1809 τίς

2152 1835 2309 1889 τοῦτο
2353 1837 2529 1906 λέγειν
2579 1837 2933 1907 ἐπιχειρήσει,
2991 1837 3073 1888 ὅτι
3141 1835 3367 1906 οὐρανὸς
3429 1836 3525 1906 μὲν
3568 1836 3725 1907 ἔργον

2152 1925 2308 1989 Θεοῦ,
2339 1927 2565 1998 ούρανοῦ
2605 1928 2660 1980 δὲ
2689 1927 2838 1997 ἥλιος
2860 1943 2871 1955 ·
2904 1928 2995 1980 καὶ
3034 1927 3183 1997 ἡλίου
3213 1927 3432 1998 σελήνη,
3477 1928 3569 1981 καὶ
3595 1928 3726 1982 ταύ-

2152 2034 2250 2087 της
2284 2019 2529 2090 ἀστέρες,
2563 2021 2828 2074 κάκείνων
2873 2019 3001 2073 ἄλλο
3047 2037 3097 2073 τι
3139 2019 3247 2071 τῶν
3292 2021 3350 2071 ὲν
3401 2022 3466 2091 τῇ
3514 2021 3721 2085 κτίσει;

471 2111 633 2163 aliam
659 2112 949 2181 quamdam
985 2128 1051 2167 ex
1087 2129 1270 2167 rerum
1292 2123 1601 2168 creatarum
1632 2114 1899 2169 numero?
1923 2112 2048 2168 Om-

2162 2110 2308 2174 Ἐνὸς
2337 2112 2445 2183 γὰρ
2476 2112 2610 2182 ἔργα
2635 2111 2704 2164 τὰ
2738 2112 2937 2175 πάντα,
2966 2110 3149 2182 ἐπειδὴ
3189 2105 3281 2177 εἷς
3306 2109 3449 2176 Θεὸς
3479 2111 3577 2163 καὶ
3605 2115 3726 2165 Πα-

472 2199 560 2251 nia
583 2201 728 2253 enim
771 2202 934 2257 unius
989 2212 1117 2256 sunt
1149 2218 1334 2271 opera,
1376 2220 1499 2257 cum
1538 2205 1607 2259 sit
1642 2222 1777 2259 unus
1830 2204 1965 2258 Deus
1998 2214 2049 2258 et

475 2296 636 2343 Pater
675 2293 933 2355 omm‘um,
969 2308 1033 2345 ea:
1083 2311 1184 2364 quo
1230 2296 1409 2348 omnia
1436 2296 1499 2351 ³⁸.
1533 2294 1687 2362 Quod
1720 2297 1766 2351 si
1802 2297 2045 2366 quaedam

468 2396 533 2435 ex
566 2398 625 2437 se
656 2393 842 2438 mutuo
901 2384 1054 2451 ﬁunt,
1091 2394 1170 2452 ut,
1221 2388 1454 2456 exempli
1504 2404 1691 2452 causa,
1730 2390 2044 2442 animalium

468 2476 787 2541 generatio;
823 2492 999 2546 neque
1029 2479 1109 2531 sic
1138 2479 1285 2531 aliud
1312 2496 1373 2533 ex
1426 2480 1535 2532 alio
1564 2480 1639 2542 lit,
1679 2488 1930 2535 manente
1957 2496 2046 2534 ea-

469 2562 617 2626 dem,
658 2564 710 2617 in
747 2565 831 2619 his
854 2582 973 2635 quae
1014 2566 1330 2636 gignuntur,
1375 2575 1590 2622 natura.
1616 2570 1732 2634 Qua
1763 2569 1925 2639 igitur
1966 2584 2047 2622 ra-

470 2652 615 2707 tione
648 2653 722 2716 id,
755 2657 898 2724 quod
950 2673 1049 2711 nec
1090 2659 1142 2710 in
1189 2659 1352 2712 rebus
1390 2660 1593 2714 creatis
1642 2660 1939 2724 invenitur,
1969 2660 2044 2713 illi

466 2760 741 2813 suprema:
765 2757 976 2802 natura:
999 2749 1270 2813 attribuit,
1300 2751 1488 2818 primm
1517 2750 1771 2805 videlicet
1795 2750 2046 2805 substan-

468 2837 556 2890 tiae
610 2837 906 2892 secundam
977 2856 1100 2894 esse
1161 2857 1319 2909 opus,
1366 2849 1420 2897 et
1477 2843 1641 2909 hujus
1693 2844 2045 2913 sequentem?

467 2927 621 2990 Quod
657 2928 701 2979 si
728 2927 974 2997 inspecto
1022 2930 1339 2982 animalium
1364 2939 1488 2984 ortu
1529 2938 1805 2999 permotus
1838 2940 1942 2997 est,
1985 2942 2045 2987 ut

468 3018 648 3072 simile
671 3020 799 3089 quid
850 3020 916 3073 de
976 3021 1183 3074 illibata
1221 3022 1334 3084 illa,
1377 3032 1429 3076 et
1481 3024 1806 3078 intemerata
1846 3034 2042 3079 natura

464 3108 803 3173 decerneret,
862 3111 1060 3179 prioris
1131 3112 1344 3165 scilicet
1396 3129 1536 3183 opus
1589 3115 1863 3184 quoddam
1920 3132 2043 3171 esse

466 3199 863 3265 posteriorem,
926 3216 993 3252 ne
1038 3200 1117 3253 sic
1171 3199 1391 3268 quidem
1442 3202 1609 3255 rebus
1658 3203 2042 3258 convenienter

464 3291 650 3343 sentit.
677 3289 809 3342 Nam
843 3306 962 3358 qua:
986 3307 1047 3343 ex
1081 3306 1140 3345 se
1170 3291 1400 3347 invicem
1445 3293 1763 3364 gignuntur,
1812 3310 1874 3349 ea
1904 3295 2042 3364 ejus-

2148 2200 2259 2269 τὴρ
2296 2201 2555 2265 πάντων,
2589 2201 2656 2266 ἐξ
2684 2198 2757 2256 οὗ
2799 2201 2870 2255 τὰ
2902 2200 3115 2255 πάντα.
3160 2201 3221 2252 Εἰ
3246 2201 3301 2253 δέ
3332 2219 3382 2253 τι
3410 2201 3503 2254 καὶ
3534 2201 3600 2254 δι’
3630 2202 3725 2257 ἀλ-

2148 2291 2323 2361 λήλων
2368 2293 2607 2361 γίνεται,
2660 2291 2847 2364 ὥσπερ
2891 2292 3068 2364 ἡτῶν
3118 2291 3272 2363 ζώων
3320 2292 3550 2359 γένεσις,
3603 2293 3721 2347 οὑδὲ

2148 2383 2304 2437 τοῦτο
2332 2385 2515 2455 ἕτερον
2543 2384 2602 2448 ἐξ
2650 2383 2835 2455 ἑτέρου
2869 2384 3099 2451 γίνεται,
3130 2374 3483 2452 διαμενούσης
3526 2386 3583 2437 ὲν
3610 2388 3721 2447 τοῖς

2148 2475 2539 2545 ἐπιγινομένοις
2565 2475 2664 2545 τῆς
2690 2476 2921 2545 φύσεως.
2954 2476 3078 2538 Πῶς
3093 2471 3185 2529 οὖν
3202 2477 3287 2528 ἐπ’
3304 2476 3516 2538 οὐδενὸς
3532 2476 3640 2527 τῶν
3662 2478 3719 2528 ὲν

2146 2570 2212 2637 τῇ
2257 2568 2427 2620 κτίσει
2474 2567 2862 2638 θεωρουμένων
2895 2567 3031 2638 ἔχων
3061 2567 3122 2620 τὸ
3149 2566 3384 2621 τοιοῦτον
3409 2568 3720 2635 εἰπεῖν,,ὲπὶ

2145 2662 2243 2730 τῆς
2259 2659 2658 2729 ὑπερκειμένης
2673 2659 2856 2722 οὐσίας
2880 2658 3034 2711 τοῦτο
3055 2660 3473 2723 κατασκευάζει,
3487 2661 3545 2713 τὸ
3562 2661 3721 2732 ἔργον

2147 2744 2283 2800 εἶναι
2324 2747 2420 2819 τὴν
2470 2747 2728 2818 δευτέραν
2778 2749 2877 2818 τῆς
2922 2747 3176 2818 πρώτης,
3233 2750 3327 2802 καὶ¹
3366 2750 3570 2821 ταύτην
3622 2751 3720 2821 τῆς

2146 2837 2340 2907 ἐφεξῆς
2366 2853 2378 2899 ;
2410 2837 2471 2889 Εἰ
2497 2837 2552 2890 δὲ
2582 2836 2679 2905 τὴν
2711 2836 2897 2905 ζωώδη
2929 2835 3135 2903 γένεσιν
3166 2838 3439 2908 ἐννοήσας,
3472 2838 3718 2892 ἐντεῦθεν

2145 2927 2454 2997 ὲφαντάσθη
2490 2928 2583 2980 καὶ
2609 2927 2733 2997 περὶ
2760 2928 2856 2995 τῆς
2898 2926 3175 2997 ἀκηράτου
3202 2926 3411 2995 φύσεως
3443 2930 3719 3000 ὁμοιότρο-

2147 3021 2246 3073 πόν
2275 3037 2325 3072 τι
2356 3019 2707 3087 λογίσασθαι,
2748 3018 2887 3070 ὥστε
2928 3016 3086 3087 ἔργον
3120 3019 3374 3090 νοηθῆναι
3417 3021 3475 3073 τὸ
3522 3021 3718 3091 ἑφεξῆς

2144 3110 2234 3163 τοῦ
2263 3111 2609 3182 προάγοντος,
2640 3110 2747 3162 οὐδ’
2771 3110 2827 3160 ὲν
2850 3108 3023 3179 τούτῳ
3062 3109 3123 3161 τὸ
3146 3110 3433 3163 ἀκόλουθον
3464 3111 3715 3175 διασώζει

2144 3202 2236 3254 τοῦ
2282 3203 2464 3271 λόγου.
2515 3202 2594 3255 Τὰ
2642 3201 2751 3272 γὰρ
2784 3202 2842 3267 ἐξ
2881 3202 3080 3271 ἐτέρων
3111 3202 3390 3271 γινόμενα,
3432 3204 3714 3275 ὁμοιογενῆ

2145 3295 2359 3357 πάντως
2404 3295 2522 3346 ἐστὶ
2549 3296 2662 3357 τοῖς
2710 3293 2767 3359 eg
2796 3287 2872 3347 ὧν
2914 3293 3143 3360 γίνεται.
3189 3294 3247 3347 Ὀ
3283 3294 3341 3347 δὲ
3378 3294 3439 3347 τὸ
3483 3295 3628 3360 ξένον
3654 3314 3715 3350 τε

463 3381 586 3436 dem
627 3382 853 3433 omnino
914 3390 1123 3433 natura:
1174 3391 1322 3447 sunt,
1369 3396 1492 3435 cum
1553 3383 1680 3447 illis,
1717 3399 1780 3437 ex
1840 3385 2039 3453 quibus

2148 3385 2239 3437 καὶ
2270 3384 2561 3453 ἀλλόφυλον
2594 3387 2705 3448 τοῖς
2748 3385 2814 3437 δι’
2851 3383 3092 3454 ἀλλήλων
3123 3385 3507 3455 γεγενημένοις
3547 3404 3715 3458 προσ-

465 3475 783 3544 gignuntur.
817 3472 924 3526 Iste
958 3484 1135 3526 autem
1164 3474 1396 3527 alienam
1424 3481 1478 3528 et
1502 3476 1842 3545 peregrinam
1876 3484 2038 3529 natu-

464 3583 580 3620 ram
606 3566 819 3636 afﬁngit
842 3565 970 3629 illis,
1003 3565 1096 3635 qui
1128 3582 1190 3618 ex
1209 3582 1270 3621 se
1303 3575 1493 3621 mutuo
1540 3568 1653 3621 nati
1690 3577 1839 3629 sunt,
1860 3575 1919 3621 ut
1950 3584 2044 3637 pa-

464 3659 683 3713 tetaciat
714 3658 983 3711 mendacii
1020 3659 1337 3723 vanitatem,
1374 3668 1427 3715 et
1466 3668 1722 3730 tanquam
1762 3660 2044 3715 ambidex-

462 3758 547 3805 ter
580 3750 727 3820 pugil
775 3749 994 3819 gemino
1026 3750 1134 3803 ictu
1170 3751 1457 3805 veritatem
1504 3759 1745 3821 appetat.
1796 3750 1866 3805 Ut
1896 3752 2041 3805 enim

470 3840 859 3907 subjectionein
896 3841 1287 3912 dignitatisque
1328 3844 1598 3898 naturalis
1645 3842 1765 3897 Filii
1798 3854 1851 3897 et
1880 3842 2045 3913 Spiri-

466 3942 555 3988 tus
586 3933 763 3987 sancti
798 3933 1232 3988 inmiinutionein
1282 3935 1543 3998 stabiliat,
1604 3936 1834 3989 alterum
1868 3952 1930 3990 ex
1967 3935 2044 3988 al-

466 4037 585 4078 tero
614 4024 820 4078 editum
850 4023 1004 4077 dicit.
1036 4022 1113 4078 Ne
1144 4041 1269 4079 vero
1311 4027 1439 4080 dum
1476 4028 1590 4081 haec
1621 4028 1837 4093 asserit,
1869 4027 1921 4080 in
1947 4042 2043 4080 co-

464 4116 760 4183 gnitionem
820 4117 1065 4186 ejusdem
1101 4119 1436 4173 exsistentize
1493 4120 1545 4172 in
1598 4119 1787 4175 eadem
1851 4128 2044 4173 natura

463 4205 755 4261 deveniant
776 4208 851 4261 illi
874 4209 968 4277 qui
1005 4211 1410 4278 generationem
1439 4227 1505 4264 ex
1536 4227 1594 4265 se
1624 4212 1854 4265 invicem
1886 4210 2043 4265 intel-

464 4297 658 4367 ligunt.
690 4314 813 4352 cum
843 4301 958 4369 ipsa
992 4309 1203 4354 naturae
1237 4303 1447 4355 ratione
1483 4312 1709 4372 pugnat,
1749 4304 1879 4357 dum
1909 4303 2045 4355 alte-

464 4402 584 4440 rum
621 4403 686 4441 ex
715 4388 893 4441 altero
923 4398 1347 4458 progeneratum
1387 4392 1636 4445 concedit
1664 4410 1680 4457 ;
1713 4391 2045 4462 diversaeque

463 4487 693 4543 naturas,
722 4490 775 4533 et
803 4480 967 4549 quasi
1003 4481 1205 4549 spurire
1242 4498 1389 4546 eum,
1424 4486 1516 4554 qui
1551 4491 1713 4539 natus
1740 4492 1844 4547 est,
1877 4500 1907 4537 a
1942 4500 2043 4539 suo

463 4570 708 4640 genitore
734 4570 922 4626 efﬁcit.

532 4666 825 4733 Caeterum,
856 4668 1001 4737 quod
1032 4670 1162 4723 mihi
1214 4679 1341 4726 ante
1379 4672 1561 4725 omnia
1596 4672 1820 4743 dignum
1859 4689 2040 4743 repre-
2071 4698 2116 4753 ι)

2148 3480 2444 3547 μαρτυρεῖ.
2498 3477 2583 3529 ἵνα
2626 3476 2772 3548 δείξῃ
2821 3476 2918 3547 τὴν
2964 3477 3279 3544 περιουσίαν
3326 3476 3419 3530 τοῦ
3450 3478 3713 3547 ψεύδους.

2141 3567 2329 3638 ὥσπερ
2361 3567 2530 3631 δεξιὸς
2557 3568 2859 3636 ἀγωνιστὴς
2886 3567 3042 3637 διπλῇ
3083 3571 3149 3639 τῇ
3184 3570 3326 3639 χειρὶ
3353 3568 3565 3638 βάλλειν
3597 3573 3717 3623 ἐπι-

2142 3659 2339 3731 χειρῶν
2385 3659 2482 3731 τὴν
2531 3660 2803 3730 ἀλήθειαν.
2858 3660 2974 3712 Ἵνα
3024 3658 3131 3730 γὰρ
3179 3660 3240 3713 τὸ
3285 3661 3572 3732 ὑφειμένον
3620 3665 3714 3717 καὶ

2143 3753 2282 3807 κατὰ
2312 3753 2409 3823 τὴν
2442 3752 2677 3823 φυσικὴν
2720 3751 2874 3816 ἀξίαν
2908 3752 3283 3820 ἠλαττωμένον
3318 3753 3413 3806 τοῦ
3462 3751 3591 3806 Υίοῦ
3622 3755 3715 3809 καὶ

2142 3845 2235 3898 τοῦ
2278 3844 2590 3914 Πνεύματος
2619 3844 2879 3914 ἐπιδείξῃ,
2911 3844 3094 3913 ἕτερον
3126 3843 3185 3908 ἐξ
3215 3845 3399 3914 ἐτέρου
3428 3845 3714 3915 γενόμενον

2142 3936 2326 4004 λέγει⁹
2361 3937 2435 3999 ὼς
2486 3936 2695 4005 μήποτε
2742 3936 2820 3995 είς
2866 3934 3193 4004 οἰκειότητος
3249 3932 3453 3987 ἔννοιαν
3502 3935 3566 3986 ἐκ
3619 3934 3710 3987 τοῦ

2140 4027 2380 4080 τοιούτου
2428 4026 2632 4098 τρόπου
2687 4027 2784 4096 τῆς
2826 4025 3109 4097 ὑπάρξεως
3142 4026 3343 4078 ἔλθοιεν
3412 4026 3460 4078 οἱ
3508 4024 3604 4096 τὴν
3653 4026 3711 4093 ἐξ

2141 4119 2383 4190 ἀλλήλων
2410 4120 2621 4187 γένεσιν
2647 4118 3042 4190 μεμαθηκότες,
3072 4118 3165 4170 καὶ
3196 4117 3344 4187 αὑτῷ
3376 4118 3604 4188 μάχεται
3631 4117 3712 4190 τῷ

2139 4211 2241 4282 τῆς
2270 4212 2481 4281 φύσεως
2511 4211 2671 4280 λόγῳ,
2702 4213 2795 4265 καὶ
2815 4211 3000 4282 ἕτερον
3024 4208 3083 4274 ἐξ
3123 4210 3309 4281 ἐτέρου
3343 4210 3592 4278 γενέσθαι
3621 4211 3709 4263 λέ-

2146 4318 2278 4369 γων,
2321 4302 2416 4354 καὶ
2446 4299 2598 4354 νόθον
2630 4300 2722 4352 τὸν
2768 4300 3151 4369 γεγενημένον,
3200 4300 3275 4364 ὡς
3309 4301 3445 4372 πρὸς
3480 4299 3574 4373 τὴν
3614 4300 3708 4354 τοῦ

2145 4391 2533 4462 γεγεννηκότος
2562 4390 2741 4459 φύσιν,
2773 4390 3221 4460 ἀποφαινόμενος.

2221 4668 2286 4720 "U
2321 4666 2378 4720 δέ
2427 4683 2515 4735 μοι
2545 4664 2690 4717 δοκεῖ
2729 4663 2835 4735 πρὸ
2872 4664 3073 4717 τούτων
3106 4663 3170 4718 ἄν
3201 4681 3285 4727 τις
3314 4665 3536 4727 είκότως
3570 4668 3709 4736 μέμ-

462 4759 728 4814 hensione
771 4760 1008 4825 videtur,
1059 4761 1165 4816 hoc
1218 4770 1302 4816 est
1342 4763 1445 4818 :Si
1483 4764 1714 4817 aliorum
1765 4764 2037 4833 quispiam

2148 4759 2373 4830 ψασθαι,
2420 4757 2576 4809 τοῦτό
2614 4758 2780 4808 ἐστιν·
2827 4746 2889 4812 Εί
2932 4755 3028 4825 μὲν
3071 4755 3179 4809 τῶν
3215 4755 3388 4808 ἄλλων
3438 4772 3520 4818 τις
3550 4752 3615 4827 ἦν
3653 4759 3710 4811 ἐν

462 4850 694 4905 docendi
726 4852 1035 4922 imperitus,
1071 4863 1126 4909 et
1153 4856 1207 4909 in
1252 4855 1336 4910 his
1366 4856 1857 4911 exercitationibus
1886 4856 2041 4912 rudis

463 4948 518 4997 et
577 4942 776 5011 hospes
830 4945 1161 4999 sententiam
1213 4961 1402 5009 suam,
1451 4955 1612 5016 prout
1655 4962 1742 5001 res
1788 4946 2039 5005 tulisset,

461 5033 823 5098 enuntiasset,
870 5036 1064 5091 merito
1118 5037 1166 5089 ei
1212 5036 1634 5105 ignosceremus,
1659 5038 1803 5107 quod
1852 5038 2043 5105 hujus-

466 5121 610 5175 modi
638 5131 903 5190 apparatu
935 5125 1001 5178 ad
1044 5126 1370 5181 stabilienda
1395 5126 1648 5196 dogmata
1685 5143 1821 5181 usus
1872 5136 2037 5182 esset.

464 5213 677 5268 Atcum
713 5215 815 5271 iste
852 5232 915 5290 ea
954 5216 1208 5273 facultate
1246 5220 1467 5288 polleat,
1510 5230 1568 5274 ut
1608 5230 1662 5275 et
1706 5221 1774 5275 ad
1816 5236 1879 5275 ea
1920 5237 2042 5291 quae

465 5306 628 5377 longe
658 5322 823 5377 supra
862 5316 1113 5363 naturam
1143 5319 1386 5367 nostram
1423 5315 1599 5382 posita
1632 5320 1783 5378 sunt,
1818 5314 2043 5368 investi-

464 5398 644 5468 ganda
695 5398 1116 5468 perspicacitate
1158 5417 1258 5456 sua
1303 5419 1423 5459 sese
1475 5405 1751 5467 extendat,
1803 5418 2039 5474 quonam

468 5487 629 5540 modo
677 5488 945 5557 ignoravit
992 5490 1342 5561 principium,
1386 5509 1495 5563 quo
1533 5495 1587 5549 in
1619 5495 1704 5549 his
1736 5510 1918 5549 rerum
1952 5509 2044 5548 0c-

464 5579 736 5633 cultarum
802 5579 1282 5651 disquisitionibus
1348 5584 1627 5655 indagatio
1686 5585 2039 5643 instituitur?

542 5758 622 5815 "l
659 5761 786 5819 Cor.
814 5777 933 5833 vnn,
956 5762 1013 5817 ϐ.

2141 4850 2368 4919 ἀπειρίᾳ
2381 4848 2473 4900 τοῦ
2494 4847 2669 4915 λέγειν
2691 4846 2915 4916 ἀτριὸὴς
2934 4844 3042 4898 τῶν
3061 4845 3314 4899 τοιούτων
3338 4846 3708 4907 κατασκευῶν,

2144 4940 2236 4994 καὶ
2259 4938 2636 5009 ἀγύμναστος,
2672 4936 2859 4989 ἔπειτα
2888 4936 2949 4987 τὸ
2988 4936 3272 5007 παραστάν
3307 4935 3455 5004 αὐτῷ
3486 4936 3625 4989 κατὰ
3653 4937 3713 4990 τὸ

2145 5031 2358 5101 συμϐὰν
2387 5029 2734 5099 ἀπεφαίνετο,
2768 5028 3109 5097 συγγνωστὸς
3157 5026 3221 5080 ἂν
3255 5028 3383 5089 ἴσως
3411 5030 3529 5090 ταῖς
3567 5046 3709 5080 ν-νοο

2147 5119 2435 5190 μισμέναις
2474 5120 2602 5189 περὶ
2642 5118 2845 5171 τούτων
2878 5117 3083 5186 ἐφόδοις
3117 5118 3197 5181 εἰς
3227 5117 3324 5185 τὴν
3367 5116 3475 5169 τῶν
3506 5117 3709 5188 δογμά-

2136 5228 2243 5265 των
2275 5210 2615 5280 κατασκευὴν
2647 5210 2720 5280 μὴ
2754 5207 3152 5278 συγχρώμενος.
3198 5207 3349 5259 Ἐπεὶ
3376 5207 3431 5259 δὲ
3462 5210 3711 5262 τοσοῦτον

2138 5301 2286 5372 αύτῷ
2323 5301 2567 5371 περίεστι
2615 5301 2713 5371 τῆς
2756 5303 2812 5353 ὲν
2866 5298 3040 5369 τούτῳ
3085 5299 3394 5368 δυνάμεως,
3429 5298 3569 5352 ὥστε
3617 5301 3710 5354 καὶ

2139 5396 2217 5457 είς
2249 5392 2314 5446 τὰ
2349 5392 2674 5463 ὑπερέκεινα
2716 5391 2815 5459 τῆς
2861 5389 3072 5458 φύσεως
3102 5389 3258 5459 ἡμῶν
3290 5388 3377 5441 διὰ
3407 5390 3506 5459 τῆς
3546 5408 3710 5443 κατα·

2140 5486 2407 5556 ληπτικῆς
2436 5482 2621 5551 ἐφόδου
2653 5480 3157 5553 ὑπερεκτείνεσθαι,
3193 5480 3311 5543 πῶς
3342 5481 3574 5553 ἠγνόησε
3611 5483 3711 5553 τὴν

2142 5577 2335 5649 ἀρχὴν,
2357 5576 2423 5631 δι’
2444 5570 2511 5645 ἦς
2534 5572 2732 5636 παντὸς
2756 5572 3137 5643 κεκρυμμένου
3162 5571 3483 5643 πράγματος
3512 5575 3569 5627 ὲν
3595 5577 3711 5639 ταῖς
