4166 6372
416 404 518 458 317

1546 397 1827 455 CONTRA
1854 391 2244 460 EUNOMIUM,
2287 390 2413 447 LIB.
2457 390 2496 446 I.

3570 383 3673 439 '5l8

416 517 657 586 λογικαῖς
682 515 903 580 ταύταις
944 515 1340 587 ἐπιχειρήσεσιν
1370 513 1404 583 ἡ
1421 510 1723 582 κατάληψις
1747 509 1992 579 γίνεται;

2106 505 2233 573 Quis
2262 505 2407 560 enim
2442 502 2622 558 nescit
2669 500 2973 557 orationem
3009 513 3076 554 ex
3120 496 3426 553 manifestis
3458 499 3660 567 perspi-

417 608 511 671 Τίς
536 606 645 677 γὰρ
676 607 778 660 οὐκ
801 603 962 670 οἶδεν,
989 607 1068 659 ὅτι
1104 605 1210 668 πᾶς
1238 604 1391 671 λόγος
1422 605 1482 655 ἐκ
1507 602 1613 656 τῶν
1654 599 1901 671 φανερῶν
1928 616 1989 651 τε

418 698 512 751 καὶ
553 698 717 750 πᾶσιν
766 697 1121 767 ἐγνωσμένων
1161 696 1256 757 τὰς
1304 695 1477 765 ἀρχὰς
1519 694 1832 764 λαμϐάνων,
1880 694 1991 756 τοῖς

418 787 949 860 ἀμφισϐητουμένοις
990 788 1055 841 δι’
1096 787 1260 841 αὑτοῦ
1307 787 1499 854 ἐπάγει
1532 787 1627 857 τὴν
1661 787 1861 850 πίστιν,
1898 784 1992 838 καὶ

419 886 520 937 οὐκ
542 884 607 937 ἂν
634 884 834 955 ἑτέρως
857 902 911 936 τι
940 883 1312 953 καταληφθείη
1337 883 1447 935 τῶν
1473 882 1890 954 κεκρυμμένων,
1918 879 1992 951 μὴ

421 977 531 1031 τῶν
594 977 1042 1048 ὁμολογουμένων
1083 978 1232 1046 ἡμᾶς
1287 976 1421 1046 πρὸς
1466 976 1564 1046 τὴν
1621 975 1729 1027 τῶν
1782 973 1993 1044 ἀδήλων

424 1069 638 1121 σύνεσιν
680 1066 1197 1138 χειραγωγούντων;
1226 1068 1287 1120 Et
1314 1067 1371 1120 δὲ
1392 1065 1460 1119 τὰ
1488 1068 1544 1118 ὲν
1584 1068 1779 1138 ἀρχαῖς
1820 1064 1992 1132 λόγων

424 1159 559 1230 πρὸς
584 1158 680 1230 τὴν
698 1158 804 1211 τῶν
824 1158 1202 1229 ἀγνοουμένων
1237 1157 1541 1228 φανέρωσιν
1573 1156 1956 1227 λαμϐανόμενα
1976 1192 1991 1218 ,

422 1252 541 1314 ταῖς
573 1250 682 1303 τῶν
732 1248 941 1301 πολλῶν
972 1249 1270 1318 ύπολήψεσι
1319 1251 1574 1319 μάχοιτο,
1629 1248 1792 1318 σχολῇ
1842 1248 1892 1314 γ’
1929 1246 1994 1299 ἂν

424 1343 517 1394 καὶ
544 1340 631 1394 διὰ
664 1340 865 1394 τούτων
900 1339 1236 1412 φανερωθείη
1262 1340 1323 1393 τὸ
1354 1339 1732 1409 ἀγνοούμενον.

495 1564 701 1619 Οὐκοῦν
726 1566 759 1636 ἡ
795 1566 943 1617 πᾶσα
984 1564 1127 1634 μάχη
1158 1565 1251 1617 καὶ
1283 1563 1579 1632 ἀμφιϐολία
1610 1563 1703 1616 τοῦ
1729 1563 1998 1634 δόγματος

422 1660 538 1719 τοῖς
574 1657 772 1725 Ἑκκλη
782 1658 1077 1719 σιαστικοῖς
1099 1655 1233 1725 πρὸς
1250 1656 1370 1718 τοὺς
1406 1656 1712 1725 Ἀνομοίους
1729 1656 1999 1726 ὲστὶ,περί

424 1765 484 1800 τε
523 1748 614 1800 τοῦ
644 1748 752 1800 δεῖν
782 1749 814 1820 ἢ
851 1748 1066 1800 κτιστὸν
1093 1749 1229 1799 νοεῖν
1263 1746 1352 1798 τὸν
1383 1747 1528 1812 Υίὸν,
1560 1749 1652 1801 καὶ
1691 1749 1752 1800 τὸ
1778 1749 2001 1819 Πνεῦμα

2091 598 2318 667 cuisque
2361 595 2581 649 ductam
2630 591 2925 648 conciliare
2973 589 3131 645 ﬁdem
3178 590 3309 653 illis,
3362 587 3429 642 de
3473 589 3674 659 quibus

2093 690 2424 758 ambigitur:
2466 700 2641 755 neque
2672 685 2724 738 in
2746 682 3113 753 cognitionem
3148 696 3331 735 rerum
3364 683 3671 751 ignotarum

2091 788 2148 836 et
2192 779 2572 834 abstrusarum
2607 791 2706 829 nos
2744 772 3050 844 pervenire,
3081 772 3185 826 nisi
3220 788 3341 841 qua:
3359 772 3677 839 plerumque

2092 868 2475 923 conceduntur
2502 874 2555 921 et
2586 864 2978 935 approbantur,
3019 861 3086 915 ad
3122 877 3303 915 rerum
3340 862 3675 914 incertarum

2093 962 2532 1034 perspicientiam
2566 974 2666 1013 nos
2700 957 2857 1027 quasi
2886 971 3049 1009 manu
3080 954 3317 1008 ducant?
3349 952 3405 1006 Si
3442 968 3573 1006 vero
3611 967 3675 1005 ea

2066 1060 2215 1126 ‘qua:
2241 1055 2294 1109 in
2328 1052 2599 1124 principio
2629 1050 3039 1121 disputationis,
3065 1048 3132 1101 ad
3167 1049 3379 1116 ignotas
3409 1060 3497 1098 res
3529 1042 3675 1097 noti-

2096 1148 2339 1203 ficamias
2387 1142 2760 1205 adhibuimus,
2808 1139 3086 1195 communi
3142 1137 3424 1191 hominum
3489 1134 3677 1188 sensui

2095 1246 2420 1309 repugnent,
2462 1251 2603 1305 aegre
2642 1233 2888 1303 profecto
2929 1232 3002 1296 id,
3054 1230 3201 1301 quod
3243 1230 3299 1283 in
3348 1227 3514 1280 dubio
3558 1242 3679 1279 ver-

2098 1340 2271 1393 satur,
2323 1337 2485 1397 atque
2528 1327 2663 1381 adeo
2699 1328 2915 1396 penitus
2956 1332 3204 1394 negatur,
3264 1321 3370 1374 illis
3420 1317 3678 1372 adhibitis

2098 1420 2500 1490 explanabitur.

2170 1550 2187 1603 Ι
2230 1557 2338 1609 itur
2368 1554 2548 1608 omnis
2579 1551 2953 1607 controversia
2995 1550 3136 1603 inter
3194 1547 3550 1608 orthodoxos,
3584 1562 3677 1614 qut

2102 1646 2399 1702 Ecclesium
2455 1655 2783 1715 sequuntur,
2834 1651 2888 1698 et
2931 1644 3073 1696 inter
3125 1642 3419 1695 Anommos
3472 1639 3526 1691 in
3576 1638 3678 1691 hoc

2102 1737 2393 1791 consistit:
2434 1743 2617 1789 utrum
2661 1741 2906 1804 oporteat
2948 1731 3144 1785 Filium
3182 1732 3271 1785 Dei
3313 1739 3366 1785 et
3412 1729 3677 1800 Spiritum

430 1842 571 1893 κατά
616 1841 705 1893 τὸν
735 1840 891 1908 λόγον
934 1840 1041 1892 τῶν
1074 1838 1350 1901 ἐναντίων,
1396 1839 1428 1913 ἢ
1465 1837 1564 1908 τῆς
1597 1840 1850 1891 ἀκτίστου
1901 1840 1999 1907 φύ-

2106 1838 2357 1883 sanctum
2413 1842 2703 1881 numerare
2750 1827 2892 1879 inter
2949 1840 3036 1880 res
3091 1832 3327 1889 creatas,
3378 1831 3437 1875 ut
3490 1824 3679 1876 volunt

429 1949 586 1998 σεως,
618 1932 798 1995 καθὼς
831 1935 862 2004 ὴ
913 1933 1205 2004 Ἐκκλησία
1236 1932 1581 1985 πεπίστευκε.
1615 1926 1781 1995 Οὗτος
1816 1930 2001 1985 “τοίνυν

428 2027 558 2079 αὐτὸ
582 2026 643 2079 τὸ
684 2025 834 2096 παρά
870 2026 1084 2078 πάντων
1124 2024 1555 2094 ἀντιλεγόμενον,
1605 2025 1678 2088 ὡς
1712 2025 2003 2095 ὁμολογού-

432 2136 589 2188 μενον
622 2117 1001 2186 ἀποφαίνεται.
1053 2118 1162 2169 Καὶ
1186 2116 1437 2187 ούδεμίαν
1463 2115 1731 2181 ἀπόδειξιν
1768 2116 2003 2186 ἐξευρὼν

427 2208 519 2262 τοῦ
551 2208 708 2278 ἔργον
757 2202 896 2261 εἶναι
927 2207 1025 2276 τῆς
1067 2206 1412 2277 προαγούσης
1439 2205 1625 2269 οὐσίας
1653 2205 1752 2276 τὴν
1781 2205 2003 2275 ἑφεξῆς,

429 2298 646 2368 θαρσῶν
670 2296 982 2366 δογματίζει
1013 2296 1073 2350 τὸ
1092 2296 1265 2359 οὕτως
1290 2296 1452 2365 ἔχειν.
1482 2297 1595 2349 Οὐκ
1619 2291 1735 2348 οἶδα
1760 2297 1822 2348 ἐκ
1848 2296 2006 2356 ποίας

430 2389 761 2452 παιδεύσεως
795 2387 827 2459 ἢ
859 2388 1048 2457 σοφίας
1076 2386 1234 2440 τοῦτο
1272 2387 1569 2457 θαρσήσας.
1598 2387 1659 2439 Εἰ
1693 2386 1798 2457 γὰρ
1824 2386 2004 2457 πάσης

428 2483 771 2551 κατασκευῆς
809 2481 904 2533 καὶ
945 2479 1266 2543 ἀποδείξεως
1301 2479 1511 2549 ἄμαχόν
1552 2496 1672 2532 τινα
1702 2480 1795 2530 καὶ
1834 2480 2005 2549 ἀναμ-

434 2574 645 2627 φίϐολον
684 2570 1045 2642 προηγεῖσθαι
1095 2570 1200 2642 χρὴ
1220 2571 1315 2641 τὴν
1360 2569 1680 2639 ὁμολογίαν,
1731 2570 1871 2623 ὥστε
1927 2570 2004 2640 τῷ

429 2662 954 2733 προκατειλημμένῳ
980 2663 1040 2715 τὸ
1068 2661 1426 2732 ἀγνοούμενον
1444 2662 1564 2724 ταῖς
1590 2660 1677 2714 διὰ
1712 2661 1875 2731 μέσου
1905 2678 2005 2715 καί

430 2756 722 2815 τασκευαῖς
748 2752 960 2816 οἰκείως
981 2758 1385 2828 προσαγόμενον
1416 2751 1852 2817 ἀποδείκνυσθαι,
1885 2755 1914 2806 ὁ
1943 2753 2004 2805 τὸ

430 2841 757 2914 ζητούμενον
808 2841 887 2894 ἔτι
929 2841 1009 2903 είς
1049 2841 1390 2912 κατασκευὴν
1435 2840 1636 2912 ἐτέρων
1685 2840 1999 2911 προτείνων,

429 2933 581 2986 οὐδὲν
610 2932 795 3001 ἓτερον
837 2931 871 3001 ἢ
903 2932 967 2984 δι’
1012 2934 1231 2999 ἀγνοίας
1275 2931 1516 2998 ἄγνοιαν,
1553 2932 1648 2984 καὶ
1694 2931 1759 2983 δι’
1788 2933 2003 3003 ἀπάτης

430 3023 641 3093 ἀπάτην
671 3020 1085 3085 κατασκευάζει.
1128 3020 1299 3074 Τοῦτό
1344 3023 1459 3074 ἐστι
1484 3022 1543 3073 τὸ
1571 3020 1769 3090 τυφλοῦ
1804 3023 2003 3091 τυφλὸν

430 3115 619 3184 ὁδηγὸν
664 3114 950 3176 ποιεῖσθαι,
1004 3112 1186 3176 καθώς
1219 3114 1351 3184 φησί
1386 3132 1485 3167 που
1534 3114 1595 3169 τὸ
1642 3113 1999 3184 Εὑαγγέλιον.

436 3208 639 3267 Ὄντως
669 3206 776 3276 γὰρ
808 3205 990 3274 τυφλῷ
1034 3206 1128 3259 καὶ
1154 3205 1580 3277 κενεμϐατοῦντι
1616 3208 1691 3279 τῷ
1723 3210 1885 3278 λόγῳ,
1926 3209 2003 3279 τῷ

432 3295 636 3363 κτίσμα
699 3297 792 3348 καὶ
844 3294 1051 3364 ποίημα
1093 3295 1183 3347 τὸν
1227 3296 1443 3349 πάντων
1496 3297 1717 3368 κτίστην
1772 3300 1865 3351 καὶ
1914 3298 2006 3369 δη-

436 3387 695 3457 μιουργὸν
742 3383 880 3439 εἶναι
918 3386 1159 3453 λέγοντι,
1188 3385 1372 3457 ἕτερον
1407 3386 1602 3456 τυφλὸν
1640 3388 1796 3456 λόγον
1827 3406 2005 3457 παρα-

433 3478 749 3547 ζευγνύουσι
775 3518 789 3539 ,
828 3478 889 3529 τὸ
922 3475 1201 3547 ἀλλότριον
1244 3473 1381 3531 εἶναι
1412 3482 1477 3548 τῇ
1519 3479 1677 3547 φύσει
1729 3481 1823 3534 καὶ
1867 3482 2007 3535 κατά

431 3571 527 3641 τὴν
562 3570 749 3623 οὐσίαν
780 3568 1050 3639 ἀνόμοιον,
1094 3569 1189 3621 καὶ
1218 3569 1393 3639 πάντη
1422 3571 1520 3641 τῆς
1552 3573 1784 3643 φυσικῆς
1813 3573 2008 3625 οἰκειό-

431 3679 591 3733 τητος
606 3661 889 3731 ἀμέτοχον,
910 3660 1151 3719 εἶναιτοῦ
1180 3661 1393 3731 Πατρὸς
1420 3662 1510 3716 τὸν
1539 3664 1683 3716 Υἱόν·
1717 3663 1829 3716 ἀλλ’
1854 3663 2008 3719 οὔπω

434 3755 562 3824 περὶ
588 3753 791 3806 τούτων
812 3770 825 3783 ·
857 3755 914 3807 ὲν
950 3747 1031 3816 οἷς
1071 3752 1182 3824 γὰρ
1233 3754 1563 3826 γυμνότερον
1592 3756 1919 3809 ὲκκαλύπτει
1947 3757 2009 3809 τὸ

432 3846 626 3908 ἀσεϐὲς
646 3845 740 3898 τοῦ
771 3847 1130 3917 φρονήματος,
1158 3847 1216 3897 ἐν
1241 3846 1448 3908 τούτοις
1490 3846 1742 3918 εὖκαιρὸν
1772 3850 1885 3900 ἐστι
1916 3847 2009 3901 καὶ

434 3937 579 4006 ἡμᾶς
613 3935 941 4007 ὑπερθέσθαι
973 3936 1072 4005 τῆς
1111 3935 1361 3999 ἀσεϐείας
1402 3937 1490 3989 τὸν
1522 3938 1759 4007 ἔλεγχον.
1790 3940 1923 3991 Νυνὶ
1951 3940 2008 3993 δὲ

431 4032 563 4099 ἡμῖν
585 4029 718 4099 πρὸς
742 4029 837 4099 τὴν
866 4028 1184 4082 ἀκολουθίαν
1210 4028 1318 4082 τῶν
1348 4031 1476 4101 παρ’
1504 4031 1709 4083 ἐκείνου
1737 4030 2009 4102 ῥηθέντων

434 4119 732 4174 ἐπανιτέον.

504 4272 698 4327 Πάλιν
727 4272 794 4325 δὲ
835 4267 912 4328 αὖ
961 4270 1227 4341 ἑκάστης
1259 4275 1486 4328 τούτων
1515 4277 1730 4341 οὐσίας
1773 4279 2010 4345 εὶλικριυ

435 4363 598 4429 νοῦς,
619 4358 957 4427 ἁπλῆς-,παὶ
973 4362 1168 4431 πάντη
1182 4364 1323 4432 μιᾶς
1347 4366 1536 4433 οὔσης
1558 4384 1622 4420 τε
1649 4367 1745 4421 καὶ
1767 4371 2011 4438 νοουμέ-

434 4470 547 4519 νης
601 4452 751 4505 κατὰ
788 4451 902 4519 τὴν
932 4452 1090 4507 ἰδίαν
1117 4454 1318 4517 ἀξίαν,
1365 4459 2010 4528 συμπεριγραςρομένων

436 4539 506 4596 δὲ
528 4543 649 4609 τοῖς
668 4543 863 4613 ἔργοις
895 4544 1014 4597 τῶν
1040 4545 1369 4614 ἐνεργειῶν,
1395 4547 1491 4600 καὶ
1522 4548 1640 4602 τῶν
1665 4549 1853 4618 ἔργων
1882 4551 2009 4617 ταῖς

436 4653 457 4687 τ
471 4635 554 4689 ὧν
593 4611 1014 4704 ἐργασαμένου·
1052 4611 1375 4708 ἐνεργείαις
1418 4611 2005 4710 παραμετρουμένων·ἰ
2035 4611 2086 4671 D

435 4724 664 4793 ἀνάγκη
697 4724 892 4793 δήπου
914 4727 1102 4793 πᾶσα,
1133 4731 1230 4782 καὶ
1254 4729 1359 4795 τὰς
1390 4730 1616 4800 ἑκάστῃ
1648 4732 1766 4786 τῶν
1791 4735 2016 4789 οὐσιῶν

435 4817 730 4887 ἑπομένας
758 4819 1075 4889 ἐνεργΐίας,
1119 4820 1407 4887 ἐλάττους
1442 4821 1511 4875 δὲ
1546 4824 1643 4877 καὶ
1671 4823 1906 4893 μείζους
1935 4822 2017 4880 εῖ-

433 4925 553 4961 ναι·
589 4909 686 4962 καὶ
720 4910 825 4974 τὰς
848 4910 963 4979 μὲν
1000 4910 1258 4978 πρώτην,
1291 4912 1399 4978 τὰς
1435 4912 1504 4965 δὲ
1530 4914 1817 4982 δευτέραν
1845 4918 2018 4983 τάξιν

435 5003 693 5072 ἐπέχειν.
747 5004 809 5056 Ἡ
847 5005 943 5074 μὲν
983 5003 1190 5057 διάνοια
1236 5004 1325 5058 διὰ
1377 5006 1591 5060 πάντων
1632 5008 1740 5061 τῶν
1793 5010 2018 5081 εἰρημέ-

434 5114 561 5159 νων,
609 5093 710 5148 κᾶν
765 5096 823 5148 ὲν
874 5094 1065 5165 πλήθει
1125 5097 1384 5167 ῥημάτων
1442 5098 1591 5169 αὐτῷ
1638 5103 2008 5172 συμπεροιίνη⁹

434 5206 545 5252 ται,
582 5188 678 5259 μία
707 5188 841 5241 ἐστί.
875 5189 949 5241 Τὸ
980 5190 1387 5243 κατασκευάσαι
1417 5192 1686 5262 μηδεμίαν
1716 5195 2010 5264 συνάφειαν

436 5276 670 5350 εἶναιτῷ
698 5281 872 5352 lla-cpi
898 5280 1033 5351 πρὸς
1058 5280 1148 5333 τὸν
1176 5281 1324 5343 Υἱὸν,
1351 5282 1383 5353 ἢ
1417 5285 1551 5354 πρὸς
1573 5284 1664 5337 τὸν
1691 5285 1821 5339 rem
1852 5288 2010 5342 πάλιν

435 5370 513 5439 τῷ
546 5368 838 5440 Πνεύματι·
868 5371 981 5423 ἀλλ’
1016 5371 1341 5441 ἀπεσχίσθαι
1379 5372 1475 5436 τὰς
1498 5373 1684 5439 οὐσίας
1712 5376 1806 5428 ἀπ’
1841 5377 2009 5449 ἀλλή-

434 5461 577 5527 λων,
616 5464 695 5525 εἰς
740 5462 1153 5534 ἀπεξενωμένην
1190 5464 1311 5518 τινὰ
1352 5464 1512 5533 φύσιν
1559 5469 1651 5519 καὶ
1693 5468 2009 5540 ἀσύμφυλον

438 5552 818 5624 ἀλλοτριότητα
835 5555 1235 5625 διασπωμένας’
1269 5556 1361 5609 καὶ
1387 5557 1449 5610 οὐ
1471 5557 1645 5629 τούτῳ
1668 5559 1847 5629 μόνον,
1874 5562 2010 5617 ἀλλά

438 5646 533 5699 καὶ
566 5646 904 5718 πηλικάτητι,
940 5646 1033 5701 καὶ
1064 5646 1386 5717 ἀξιωμάτων
1412 5650 1601 5720 ὑφέσει
1629 5650 2004 5724 διαφερούσας

513 5830 556 5861 ³⁸
597 5829 785 5886 Matth.
818 5846 908 5898 xv,
941 5831 1043 5891 Νι
1076 5830 1288 5898 Luc.vt,
1322 5830 1410 5886 39.

2109 1918 2429 1983 adversarii,
2450 1933 2518 1971 an
2546 1919 2685 1972 inter
2718 1933 2804 1972 res
2829 1917 3123 1980 increatas,
3145 1924 3202 1968 ut
3226 1915 3387 1970 sentit
3412 1913 3675 1969 Ecclesia.

2105 2008 2219 2063 lloc
2265 2008 2434 2078 igitur
2495 2008 2583 2063 cui
2612 2007 2680 2062 ab
2733 2008 2988 2062 omnibus
3039 2007 3453 2067 contradicitur,
3514 2005 3681 2060 sumit

2106 2101 2220 2168 ipse
2250 2110 2507 2171 tanquam
2541 2116 2865 2156 concessum
2898 2101 2967 2154 ab
3002 2100 3297 2163 omnibus;
3331 2100 3497 2153 etiam
3532 2098 3680 2152 nulla

2106 2194 2265 2247 allata
2295 2193 2785 2257 demonstratione,
2814 2194 2956 2263 quod
2987 2193 3255 2261 posterior
3289 2193 3359 2245 sit
3397 2206 3535 2261 OplIS
3559 2192 3680 2245 sub-

2104 2289 2317 2343 stantia:
2370 2288 2593 2355 prioris,
2654 2286 2990 2342 confidenter
3037 2284 3216 2347 docet,
3275 2300 3388 2338 rem
3438 2285 3511 2338 ita
3561 2298 3683 2338 sese

2106 2380 2327 2446 habere,
2370 2382 2555 2436 nescio
2602 2396 2708 2451 qua
2743 2380 3087 2433 institutione
3138 2385 3231 2430 aut
3276 2376 3567 2445 disciplina
3609 2375 3681 2427 ita

2104 2469 2349 2534 edoctus,
2381 2478 2436 2523 et
2460 2486 2526 2523 eo
2555 2484 2727 2538 usque
2747 2468 3088 2523 confidentia:
3114 2475 3424 2536 provectus.
3457 2464 3511 2518 Si
3540 2466 3683 2518 enitn

2106 2559 2252 2613 omni
2314 2560 2620 2629 probationi
2674 2567 2729 2614 et
2791 2558 3245 2614 demonstratioui
3310 2555 3685 2626 praemittenda

2114 2664 2243 2702 sunt
2269 2657 2440 2712 certa,
2478 2650 2831 2720 omniumque
2880 2665 3151 2704 consensu
3201 2649 3574 2708 corroborata,
3627 2654 3686 2697 ut

2111 2741 2357 2810 ignotum
2394 2756 2517 2795 cum
2559 2741 2624 2796 iis
2651 2757 2769 2811 quae
2802 2742 3080 2810 praemissa
3115 2748 3263 2803 sunt,
3309 2748 3432 2809 apte
3473 2747 3524 2791 et
3550 2754 3687 2790 con-

2105 2833 2391 2887 venienter
2410 2848 2716 2887 connexum
2738 2832 2954 2902 patefiat
2971 2840 3025 2886 et
3042 2832 3336 2886 clarescat:
3370 2840 3502 2882 sane
3520 2832 3565 2884 is
3591 2827 3682 2890 qui

2107 2922 2252 2993 quod
2275 2924 2328 2977 in
2359 2925 2658 2994 quaestione
2676 2927 2910 2993 positum
2929 2932 3032 2985 est,
3054 2923 3118 2975 ad
3144 2923 3244 2975 alia
3265 2919 3687 2975 demonstranda

2112 3017 2362 3081 asciscit,
2398 3016 2535 3071 nihil
2572 3016 2715 3070 aiiud
2746 3032 2909 3087 quam
2952 3017 3309 3086 ignorantiam
3357 3013 3686 3082 ignorantia,

2110 3108 2465 3179 fraudemque
2494 3107 2684 3164 fraude
2715 3109 2975 3163 cumulat.
3002 3106 3116 3161 Hoc
3148 3107 3360 3161 scilicet
3380 3114 3461 3159 est
3484 3120 3686 3158 caecum

2110 3214 2254 3256 caaco
2280 3216 2338 3255 se
2367 3200 2609 3269 praibere
2629 3200 2847 3262 ducem,
2879 3206 2941 3253 ut
2978 3198 3179 3252 alicubi
3220 3197 3572 3266 Evangeliqu
3606 3197 3686 3247 lo-

2108 3296 2293 3363 quitur
2324 3293 2388 3346 ".
2420 3291 2555 3347 Vere
2596 3293 2740 3347 enim
2781 3306 2927 3346 caeco
2957 3299 3011 3345 et
3057 3290 3215 3360 pleno
3266 3289 3521 3343 vanitatis
3569 3304 3687 3341 ser-

2108 3387 2278 3451 moni,
2303 3380 2394 3457 qui
2421 3387 2664 3441 omnium
2698 3394 3000 3440 creatorem
3049 3393 3104 3439 et
3148 3382 3483 3438 conditorem
3518 3384 3570 3434 in
3605 3398 3689 3435 re-

2108 3495 2230 3533 rum
2281 3488 2592 3533 creatarum
2639 3487 2692 3532 et
2746 3476 3063 3532 effectarum
3118 3475 3367 3529 ordinem
3427 3472 3687 3541 conjicit,

2110 3570 2412 3641 adjungunt
2445 3570 2610 3623 alium
2656 3584 2809 3638 aeque
2842 3583 3067 3631 caecum,
3096 3568 3286 3621 aliena:
3308 3566 3557 3621 videlicet
3589 3583 3689 3619 na-

2109 3667 2245 3714 tura:
2272 3675 2368 3715 eos
2397 3674 2539 3722 esse,
2573 3667 2627 3715 et
2651 3658 2953 3713 secundum
2986 3658 3346 3712 substantiam
3373 3658 3686 3727 inrequales,

2108 3749 2416 3819 Filiumque
2445 3750 2772 3819 cognatione
2786 3756 2995 3802 natura:
3024 3747 3169 3801 Patri
3198 3749 3348 3801 nullo
3376 3747 3537 3801 modo
3566 3762 3691 3800 con-

2111 3842 2347 3907 sociari;
2378 3842 2471 3897 sed
2507 3841 2572 3895 de
2603 3842 2685 3895 his
2715 3851 2899 3911 postea
2927 3840 3260 3894 viderimus:
3295 3856 3391 3909 par
3412 3841 3556 3894 enim
3581 3848 3687 3902 est,

2110 3944 2171 3988 ut
2212 3950 2331 4002 qum
2372 3933 2801 3987 manifestiorem
2859 3948 2969 4002 pra:
3015 3948 3072 3987 se
3113 3931 3293 3986 ferunt
3334 3932 3690 4004 impietatem,

2111 4043 2212 4081 nos
2235 4041 2453 4097 quoque
2487 4026 2607 4081 aliis
2640 4027 2772 4081 locis
2812 4025 3115 4095 indaganda
3149 4041 3505 4081 reservemus.
3540 4026 3691 4080 Nunc

2111 4124 2177 4178 ad
2203 4124 2506 4179 orationem
2537 4123 2787 4177 Eunomii
2817 4132 3172 4179 revertamur.

2184 4272 2388 4327 Rursus
2418 4289 2537 4327 vero
2565 4290 2682 4326 cum
2706 4272 2950 4343 quwlibet
2972 4288 3038 4327 ex
3066 4272 3147 4326 his
3182 4272 3493 4327 substantiis
3519 4284 3570 4327 et
3604 4274 3690 4327 in-

2112 4365 2806 4437 telligaturpura,simplex,
2835 4374 2885 4418 et
2912 4364 3224 4430 simpliciter
3245 4382 3373 4428 una,
3403 4366 3689 4418 secundum

2109 4460 2374 4527 propriam
2397 4457 2734 4529 dignitatem,
2766 4458 3181 4525 circumscriptis
3206 4465 3383 4510 autem
3422 4458 3689 4526 operatio-

2114 4556 2265 4610 nibus
2308 4571 2401 4626 per
2441 4556 2557 4623 ipsa
2598 4570 2775 4622 opera,
2820 4563 2868 4607 et
2912 4554 3041 4622 ipsis
3079 4554 3318 4621 operibus
3360 4553 3687 4621 operantium

2112 4648 2405 4702 actionibus
2439 4647 2910 4700 commensuratis:
2949 4647 3162 4698 omnino
3206 4658 3411 4698 necesse
3451 4655 3528 4697 est
3562 4661 3687 4714 ope-

2110 4740 2362 4799 rationes,
2427 4753 2545 4807 qua:
2611 4747 2899 4806 sequuntur
2960 4736 3245 4805 quamlibet
3306 4734 3686 4798 substantiam,

2110 4832 2341 4900 majores
2364 4840 2412 4885 et
2458 4831 2687 4883 minores
2736 4846 2869 4892 esse,
2894 4838 2944 4882 et
2998 4828 3121 4881 illas
3172 4828 3378 4896 quidem
3407 4829 3461 4881 in
3491 4829 3684 4896 primo,

2110 4922 2235 4975 illas
2274 4922 2327 4974 in
2370 4921 2598 4974 secundo
2652 4920 2833 4973 ordine
2871 4920 3125 4973 collocari
3158 4921 3359 4972 debere.
3408 4917 3688 4974 Sententia

2112 5014 2354 5068 omnium
2387 5015 2579 5068 horum
2626 5012 2943 5076 verborum,
2984 5013 3107 5066 licet
3142 5011 3297 5065 valde
3336 5012 3505 5065 multa
3555 5012 3686 5075 sint,

2115 5113 2169 5159 et
2199 5104 2581 5169 redundantia,
2619 5120 2725 5158 una
2756 5113 2856 5164 est.
2889 5105 3121 5175 probare
3161 5104 3442 5168 nimirum,
3470 5101 3686 5156 Patrem

2115 5197 2321 5251 nullam
2361 5197 2754 5251 connexionem
2786 5198 2989 5252 habere
3025 5213 3148 5251 cum
3194 5195 3352 5256 Filio,
3386 5210 3690 5264 rursusque

2116 5288 2311 5344 Filium
2338 5304 2460 5343 cum
2499 5288 2704 5359 Spiritu
2747 5299 2956 5356 sancto,
2988 5289 3081 5345 sed
3127 5289 3463 5345 substantias
3503 5303 3532 5341 a
3569 5304 3690 5343 sese

2115 5389 2307 5435 mutuo
2328 5380 2608 5449 sejunctas
2639 5397 2777 5445 esse,
2806 5382 3049 5437 divulsas
3076 5390 3129 5435 et
3171 5381 3484 5444 distractas,
3532 5394 3691 5449 pcre-

2114 5474 2267 5544 grina
2292 5473 2522 5543 quadam
2546 5482 2599 5529 et
2622 5474 2924 5529 insociabili
2957 5482 3167 5528 natura:
3199 5473 3553 5528 diversitate:
3589 5489 3691 5527 nec

2116 5565 2218 5620 hoc
2246 5566 2444 5632 solum,
2467 5566 2561 5621 sed
2596 5576 2648 5622 et
2693 5567 3068 5639 magnitudine
3094 5572 3148 5620 et
3185 5564 3469 5635 dignitatis
3514 5564 3689 5634 impaa

2115 5657 2278 5713 ritate
2307 5658 2531 5728 divisas,
2560 5667 2612 5715 et
2642 5660 2743 5715 alia
2800 5659 3025 5731 majore,
3065 5659 3168 5714 alia
3203 5646 3434 5725 minore,
3485 5665 3546 5712 ut
3581 5658 3697 5729 ipse
