4166 6372
497 381 603 438 319

498 593 793 649 stantibus.

570 776 680 832 Nos
709 793 857 838 vero,
906 776 1032 831 licet
1070 777 1255 832 multis
1301 791 1765 846 supervacaneum
1807 778 2078 846 videatur,

503 870 557 924 in
590 871 676 923 his
720 878 828 923 tam
861 869 1115 923 dilucidis
1143 869 1442 931 immorari,
1488 879 1543 923 et
1580 870 1762 923 omnia
1804 870 2081 939 sigillatim

501 961 742 1016 refutare
767 960 925 1024 velle,
959 975 1081 1029 qua:
1113 976 1142 1014 a
1165 961 1436 1032 plerisque
1471 961 1605 1016 falsa
1634 970 1687 1016 et
1724 962 2079 1027 exsecranda,

499 1062 553 1106 et
597 1053 796 1107 nullius
838 1054 1059 1106 omnino
1108 1053 1362 1105 momenti
1409 1052 1834 1108 existimentur:
1880 1053 2081 1106 nihilo-

500 1145 682 1199 minus
736 1159 803 1198 ne
850 1152 1103 1212 putemur
1151 1151 1375 1212 propter
1423 1143 1659 1212 inopiam
1716 1143 2081 1210 rel'utationis,

500 1234 703 1303 aliquid
754 1249 963 1296 eorum,
1014 1248 1134 1302 quae
1179 1234 1377 1296 attulit,
1433 1233 1693 1287 intactum
1742 1243 1796 1288 et
1851 1235 2083 1304 irreper-

498 1341 721 1381 cussum
754 1327 1049 1395 praeterire,
1073 1342 1171 1396 pro
1198 1327 1408 1382 viribus
1437 1327 1519 1380 bis
1546 1327 1732 1380 itidem
1777 1327 2083 1383 refellendis

500 1417 831 1473 insistimus.
855 1416 993 1469 Dicit
1016 1433 1028 1468 :
1053 1416 1481 1486 Unamquamque
1511 1417 1701 1469 harum
1729 1417 2083 1470 substantiam

504 1525 715 1578 puram,
755 1508 1067 1577 simplicem.
1105 1524 1365 1578 unamque
1396 1525 1509 1561 esse
1560 1517 1609 1561 et
1654 1508 1899 1577 intelligi.
1937 1508 2084 1561 Rur-

500 1618 593 1657 sus
624 1602 709 1655 hic
731 1617 794 1655 ea
826 1616 945 1670 qua:
974 1601 1137 1654 dubia
1174 1609 1321 1665 sunt,
1357 1615 1453 1669 pro
1482 1600 1646 1653 certis
1691 1610 1745 1652 et
1789 1601 2083 1669 compertis

500 1709 808 1756 assumens,
848 1700 998 1762 putat
1049 1707 1108 1746 se
1155 1693 1358 1759 aliquid
1398 1690 1598 1752 dicere,
1637 1690 1883 1746 sufﬁcere
1930 1698 2085 1746 ratus

500 1802 600 1854 pro
650 1786 795 1837 onmi
851 1784 1339 1845 demonstratione,
1382 1783 1426 1837 si
1478 1783 1594 1852 ipse
1649 1783 1898 1839 ailirmet.
1946 1783 2083 1839 Tres

500 1878 838 1933 substantias
876 1876 1027 1929 dicit.
1072 1875 1185 1929 lloc
1218 1874 1361 1929 enim
1398 1876 1653 1938 ostendit,
1686 1876 1813 1929 dum
1845 1877 1954 1932 ait:
1986 1893 2079 1928 cu-
2113 1865 2153 1920 Β

490 1969 712 2039 juslibet
749 1984 811 2022 ea:
851 1968 931 2021 Itis
970 1967 1303 2022 substantia.
1347 1966 1532 2036 Neque
1563 1968 1706 2021 enim
1761 1968 1832 2023 ita
1869 1968 2083 2022 locutus

497 2069 667 2125 esset,
698 2060 742 2114 si
781 2076 941 2112 unam
986 2060 1375 2115 cxistimasset.
1413 2062 1469 2116 Si
1513 2064 1677 2133 igitur
1709 2065 1781 2117 ita
1826 2066 2087 2118 substan-

499 2154 696 2206 tiarum
746 2153 885 2206 inter
930 2169 986 2206 se
1020 2154 1429 2208 distinctionem
1468 2156 1727 2225 assignat,
1763 2166 1821 2210 ut
1852 2172 1960 2211 non
1999 2157 2085 2211 vi-

496 2246 691 2301 deatur
750 2245 803 2299 in
865 2245 1087 2300 Sabellii
1155 2247 1489 2315 impietatem
1562 2248 1741 2303 delabi
1826 2250 1917 2318 qui
1986 2249 2085 2303 uni

498 2340 745 2408 subjecto
783 2347 894 2392 tres
924 2340 1371 2394 aeeonnnodabat
1410 2342 1842 2410 appellationes;
1886 2358 2082 2397 assen-

495 2433 665 2485 timur
688 2438 742 2485 et
773 2446 887 2495 nos,
936 2447 1112 2500 neque
1164 2432 1437 2501 quispiam
1490 2433 1617 2487 huic
1666 2435 1904 2505 dogmati
1952 2451 2086 2490 con-

497 2519 738 2580 tradicit,
771 2519 874 2572 nisi
917 2517 1060 2588 quod
1094 2519 1225 2575 solis
1275 2522 1609 2582 nominibus,
1644 2532 1696 2575 et
1744 2525 1857 2579 sola
1896 2528 2083 2595 prola-

498 2616 648 2666 tione
696 2612 964 2667 orationis
1005 2626 1193 2667 errare
1244 2612 1539 2679 videbitur,
1595 2618 1930 2671 substantias
1984 2633 2083 2686 pro

498 2703 883 2773 hypostasibus
919 2719 1229 2772 usurpans:
1268 2720 1376 2759 non
1404 2705 1571 2768 enim,
1600 2722 1721 2774 qua:
1762 2708 2083 2764 substantiae

497 2796 759 2849 rationem
786 2794 1029 2849 eamdem
1062 2795 1280 2857 habent,
1304 2797 1557 2851 similiter
1587 2800 1749 2853 etiam
1787 2800 1839 2853 in
1872 2802 2083 2857 ratione

500 2884 854 2953 hypostaseos
903 2883 1269 2948 conveniunt;
1322 2899 1444 2939 nam
1486 2885 1700 2952 Petrus,
1744 2885 1981 2943 Iacobus
2026 2898 2081 2944 et

495 2975 732 3031 Joannes
778 2977 830 3029 in
877 2977 1091 3031 ratione
1139 2977 1458 3032 substantiae
1486 2995 1653 3033 unum
1696 2990 1749 3036 et
1783 2982 1921 3036 idem
1951 2989 2080 3037 sunt

499 3069 639 3120 inter
668 3083 725 3121 se
758 3076 964 3130 mutuo,
996 3067 1226 3137 quilibet
1252 3069 1396 3123 enim
1433 3070 1626 3125 horum
1663 3072 1825 3127 homo
1848 3084 1952 3138 est,
1983 3072 2077 3128 sed

497 3160 551 3212 in
582 3159 1003 3228 proprietatibus
1035 3159 1411 3230 hypostaticis,
1463 3162 1685 3217 minime
1720 3165 2073 3218 conveniunt.

497 3250 663 3318 Igitur
686 3252 729 3304 si
761 3250 862 3303 hoc
884 3250 1184 3312 contendit,
1211 3266 1316 3305 non
1342 3266 1464 3307 esse
1491 3252 1798 3309 miscendas
1825 3270 2085 3323 personas

496 3353 593 3391 seu
646 3339 1012 3409 hypostases.
1062 3357 1240 3409 neque
1305 3342 1396 3393 uni
1448 3357 1697 3410 persona:
1750 3345 2085 3415 adaptandas

497 3439 614 3483 tres
673 3431 1111 3507 appellationes,
1168 3432 1341 3501 fidelis
1407 3433 1590 3496 fuerit,
1636 3435 1791 3505 juxta
1840 3436 2083 3505 Apostoli

497 3522 746 3581 verbum,
790 3537 983 3583 sermo.
1031 3532 1079 3575 et
1114 3524 1257 3576 onmi
1295 3526 1592 3593 acceptione
1632 3526 1819 3597 dignus
1848 3527 1913 3581 ³⁸.
1946 3528 2083 3594 Quia

496 3628 626 3666 vero
655 3628 762 3666 non
797 3614 901 3667 huc
933 3615 1127 3676 tendit,
1176 3631 1354 3686 neque
1394 3619 1556 3671 etiam
1598 3618 1712 3673 hanc
1757 3620 1976 3683 asserit,
2029 3632 2085 3678 ιιι

500 3705 824 3775 hypostases
870 3709 986 3762 suis
1030 3707 1306 3765 idiomatis
1346 3720 1400 3765 et
1466 3712 1893 3781 proprietatibus
1951 3728 1978 3764 a
2024 3728 2084 3768 se

502 3804 695 3859 mutuo
738 3807 1028 3864 secernat,
1082 3800 1177 3853 sed
1215 3809 1275 3854 ut
1315 3802 1369 3854 in
1419 3801 1535 3868 ipsa
1591 3812 1786 3856 natura
1838 3804 2083 3872 subjecta

498 3882 870 3941 diversitatem
903 3889 972 3941 ab
1008 3889 1136 3953 alia,
1173 3888 1255 3945 vel
1287 3891 1471 3960 potius
1499 3906 1528 3943 a
1561 3892 1739 3961 seipsa
1778 3893 1958 3949 inesse
1980 3894 2081 3948 do-

498 3978 639 4039 c'éat.
676 3988 731 4033 et
760 3979 829 4033 ob
878 3980 929 4033 id
980 3981 1180 4036 multas
1229 3982 1568 4037 substantias
1615 3984 1881 4049 nominat,
1924 3986 2081 4053 quasi

499 4066 755 4135 qiuelibct
784 4066 978 4121 collata
1009 4082 1132 4121 cum
1178 4069 1300 4125 aliis
1343 4072 1619 4140 pr0priam
1672 4072 1867 4128 habeat
1901 4074 2083 4130 diver-

502 4157 760 4211 sitatem:
800 4165 1085 4226 pr0pterea
1120 4158 1245 4212 dico
1301 4162 1603 4215 orationem
1640 4163 1783 4216 illius
1814 4165 2083 4234 principio

500 4256 553 4303 et
581 4250 756 4317 capite
787 4249 1103 4303 destitutam
1138 4266 1278 4316 esse,
1326 4268 1449 4306 cum
1495 4254 1692 4309 seriem
1730 4256 2083 4325 blasphemiae

500 4354 614 4392 sua:
647 4353 755 4391 non
804 4353 871 4393 ex
919 4346 1202 4396 concessis
1247 4351 1303 4397 et
1346 4343 1512 4397 certis
1552 4353 1833 4412 pertexere
1871 4356 2078 4416 pergat.

499 4427 686 4498 Neque
738 4430 881 4483 enim
922 4432 1173 4501 probatio
1218 4433 1366 4489 illius
1424 4434 1496 4487 ita
1544 4436 1812 4491 instructa
1851 4448 1967 4503 est,
2024 4448 2083 4491 ut

500 4520 625 4588 quis
660 4536 753 4588 per
795 4520 938 4574 illam
980 4522 1048 4576 ad
1094 4525 1501 4592 persuasionem
1541 4526 1725 4581 induci
1759 4530 1953 4595 possit,
1985 4531 2077 4586 sed
2113 4549 2154 4603 ι)

501 4608 701 4662 nudam
724 4615 777 4663 et
840 4611 1032 4665 exilem
1064 4612 1355 4681 impietatis
1389 4617 1778 4685 expositionem
1823 4621 2082 4685 continet,

500 4701 645 4753 sicut
681 4702 734 4754 in
768 4702 963 4755 somnii
1004 4702 1238 4771 alicujus
1278 4710 1613 4763 narratione.
1658 4708 1789 4763 Nam
1823 4728 1944 4765 eum
1978 4712 2081 4766 Ee-

501 4792 666 4846 clesia
694 4792 885 4846 doceat
918 4794 1074 4847 (idem
1112 4796 1337 4850 minime
1366 4798 1721 4854 scindendam
1750 4811 1804 4856 et
1832 4802 2080 4858 dividen—

500 4883 625 4936 dam
673 4883 725 4935 in
765 4885 1127 4953 pluralitatem
1172 4886 1623 4951 substantiarum.
1669 4891 1763 4945 sed
1802 4892 1855 4945 in
1904 4894 2079 4950 tribus

502 4975 753 5042 personis
783 4985 836 5029 et
872 4975 1257 5045 hypostasibus
1285 4979 1418 5033 nihil
1455 4981 1754 5035 secundum
1785 4985 2077 5039 essentiam

500 5062 818 5117 dilierentize
877 5066 1207 5120 credendum
1269 5084 1427 5124 esse:
1486 5072 1783 5127 adversarii
1838 5091 1966 5130 vero
2022 5078 2076 5130 in

503 5155 636 5222 ipsis
682 5154 999 5211 substantiis
1040 5159 1357 5214 varietatem
1398 5169 1452 5215 et
1499 5163 1918 5233 inatqualitatem
1962 5175 2077 5220 sta—

504 5254 682 5301 tuant;
728 5245 827 5300 iste
872 5246 946 5310 id,
996 5250 1139 5315 quod
1192 5252 1339 5305 nulla
1386 5255 1595 5309 ratione
1643 5257 2076 5312 demonstratum

501 5344 608 5400 est,
662 5343 755 5389 aut
802 5337 1171 5394 demonstrari
1232 5351 1430 5411 potest,
1485 5347 1764 5412 audacter,
1815 5358 2075 5418 tanquam

499 5428 611 5498 jam
643 5427 950 5497 probatum.
982 5430 1186 5497 profert
1210 5440 1263 5487 et
1308 5437 1648 5503 pronuntiat.
1685 5453 1807 5493 cum
1852 5437 1989 5493 forte
2024 5437 2077 5491 id

507 5535 784 5589 nunquam
840 5521 1073 5577 antehac
1118 5537 1241 5576 cum
1282 5526 1389 5580 ullo
1431 5530 1740 5584 mortalium
1774 5530 2079 5584 communi-

502 5617 718 5673 casset;
747 5610 947 5679 alioqui
977 5612 1044 5664 ab
1083 5612 1170 5679 iis,
1215 5614 1308 5683 qui
1340 5625 1485 5671 recte
1525 5626 1579 5673 et
1632 5618 1807 5687 probe
1842 5617 2077 5674 instituti

613 5787 657 5818 ⁸⁸
692 5786 871 5841 lTim.
909 5806 944 5853 I,
987 5790 1048 5845 i5

1735 383 1793 437 S.
1833 383 2161 441 GREGORII
2199 385 2488 445 NYSSENI

499 504 591 561 ait,
609 512 665 559 et
706 496 886 571 quoad
916 497 1020 552 alia
1076 499 1259 555 omnia
1286 504 1512 552 multum
1542 498 1707 553 etiam
1737 500 1879 556 inter
1909 516 1969 557 se
1995 503 2081 558 di-

2184 505 2324 559 ὦστε
2354 507 2450 570 τὰς
2502 504 2598 576 μὲν
2643 504 2892 574 μείςους.

3654 388 3761 443 520

2943 504 3121 567 καθὼς
3171 505 3331 567 αὐτός
3378 521 3529 576 φησι,
3563 505 3661 568 τὰς
3704 507 3810 575 δὲ,

2190 598 2519 669 μικροτέρας
2557 596 2819 659 νοεῖσθαι,
2866 598 2959 649 καὶ
2992 598 3132 650 κατά
3155 598 3223 650 τὰ
3260 597 3419 652 λοιπά
3459 601 3636 653 πάντα
3662 601 3760 671 τὴν

2189 688 2544 758 παραλλαγὴν
2572 687 2733 757 ἔχειν.

2270 779 2455 847 Ἡμεῖς
2483 778 2538 831 δὲ
2572 780 2675 831 κᾶν
2707 777 2956 849 περιττὸν
2985 781 3097 842 τοῖς
3130 779 3342 844 πολλοῖς
3368 777 3507 834 εἶναι
3537 781 3665 851 δοκῇ
3700 782 3761 835 τὸ

2186 873 2297 932 τοῖς
2324 869 2608 940 προδήλοις
2635 870 3003 938 ὲνδιατρίὸειν,
3034 872 3126 924 καὶ
3148 870 3218 923 τὰ
3256 872 3376 925 καθ’
3406 874 3634 925 ἕκαστον
3684 872 3760 925 δι-

2190 961 2429 1031 ελέγχειν
2481 961 2801 1032 πειρᾶσθαι,
2830 962 2928 1014 ὅσα
2956 964 3106 1033 παρὰ
3142 965 3255 1025 τοῖς
3281 964 3493 1027 πολλοῖς
3537 963 3759 1017 αὐτόθεν

2187 1053 2374 1123 ψευδῆ,
2412 1056 2504 1106 καὶ
2535 1052 2814 1122 βδελυκτά,
2846 1055 2937 1107 καὶ
2971 1055 3225 1125 οὐδεμίαν
3252 1057 3403 1126 ίσχύν
3430 1056 3569 1125 ἔχειν
3608 1055 3760 1126 νομί-

2190 1140 2359 1204 ζεται,
2395 1142 2543 1211 ὅμως
2574 1140 2712 1211 ὑπὲρ
2735 1139 2827 1192 τοῦ
2859 1141 2932 1211 μὴ
2961 1141 3134 1193 δοκεῖν
3162 1141 3227 1194 δι’
3262 1142 3493 1213 ἀπορίαν
3522 1142 3759 1212 ἐλέγχων

2191 1235 2542 1300 ἀνεξέταστὸν
2567 1252 2617 1286 τι
2652 1238 2897 1306 παρορᾷν
2930 1233 3039 1287 τῶν
3072 1235 3201 1305 παρ’
3230 1236 3437 1288 ἐκείνου
3462 1235 3755 1305 ῥηθέντων,

2192 1329 2333 1382 κατὰ
2361 1328 2588 1396 δύναμιν
2618 1328 2711 1379 καὶ
2737 1326 2944 1391 τούτοις
2976 1327 3410 1397 ἐπελευσόμεθα.
3459 1329 3759 1395 Ἐκάστην

2192 1422 2324 1491 φησι
2352 1422 2576 1472 τούτων
2594 1420 2813 1472 οὐσίαν
2843 1418 3153 1486 εἰλικρινῆ,
3180 1419 3408 1488 ἁπλῆν,
3440 1423 3539 1474 καὶ
3561 1422 3755 1485 πάντη

2184 1514 2332 1582 μίαν
2354 1510 2507 1566 εἷναί
2528 1528 2591 1563 τε
2616 1510 2711 1563 καὶ
2742 1510 3005 1563 νοεῖσθαι
3043 1517 3192 1564 κατὰ
3227 1511 3342 1579 τὴν
3380 1510 3536 1564 ἰδίαν
3553 1511 3753 1574 ἀξίαν,

2192 1603 2351 1658 πάλιν
2377 1602 2605 1655 ἐνταῦθα
2639 1602 2713 1664 ὼς
2749 1599 3150 1670 ὁμολογούμενα
3190 1603 3260 1655 τὰ
3312 1601 3757 1671 ἀμφιϐαλλόμενα

2192 1694 2621 1767 προτεινόμενος,
2634 1691 2802 1745 οἴεταί
2824 1710 2877 1744 τι
2895 1692 3091 1762 λέγειν,
3104 1693 3222 1746 ἀντὶ¹
3238 1693 3417 1762 πάσης
3436 1692 3757 1757 ἀποδείξεως

2174 1789 2439 1859 ’ἐξαρκεῖν
2456 1787 2687 1856 νομίζων
2702 1786 2762 1838 τὸ
2789 1786 2949 1850 αὐτὸς
2969 1785 3365 1855 ἀποφήνασθαι.
3389 1786 3547 1854 Τρεῖς
3573 1786 3757 1849 οὐσίας

2185 1877 2334 1947 φησί.
2357 1875 2525 1929 Τοῦτο
2540 1875 2649 1944 γὰρ
2669 1875 2997 1927 ἐνδείκνυται
3014 1873 3091 1944 τῷ
3112 1875 3303 1934 εἰπεῖν,
3320 1871 3609 1937 Ἐκάστης
3632 1872 3756 1924 τού-

2185 1986 2303 2023 των
2320 1971 2553 2033 οὐσίας.
2591 1965 2724 2018 Οὐδὲ
2756 1965 2861 2035 γὰρ
2887 1964 2953 2017 ἂν
2970 1964 3140 2028 οὑτως
3167 1960 3341 2021 εἶπεν,
3372 1965 3419 2015 εί
3450 1963 3576 2033 μίαν
3597 1962 3752 2031 ᾣετο.

2186 2060 2247 2112 Εί
2278 2058 2375 2129 μὲν
2402 2053 2493 2111 οὖν
2526 2056 2666 2109 οὑτω
2696 2056 2842 2123 λέγει
2866 2055 2961 2124 τὴν
2983 2054 3089 2107 τῶν
3131 2053 3327 2107 οὐσιῶν
3361 2053 3495 2123 πρὸς
3523 2052 3755 2122 ἀλλήλας

2183 2150 2463 2220 διαφορὰν.
2496 2150 2570 2212 ὡς
2626 2148 2699 2219 μὴ
2740 2148 2914 2200 δοκεῖν
2956 2149 3023 2217 τῇ
3070 2145 3293 2215 ἀσεϐείᾳ
3325 2144 3419 2197 τοῦ
3470 2142 3754 2196 Σαϐελλίω

2187 2239 2575 2309 συμφέρεσθαι,
2601 2237 2680 2289 ἑνὶ
2708 2235 2783 2306 τῷ
2810 2235 3152 2305 ὑποκειμένῳ
3182 2237 3328 2305 τρεῖς
3355 2234 3756 2305 ὲφαρμόζοντος

2187 2331 2574 2401 προσηγορίας,
2606 2328 2699 2381 καὶ
2729 2330 2886 2397 ἡμεῖς
2927 2326 3302 2397 συντιθέμεθα·
3334 2328 3426 2380 καὶ
3452 2327 3622 2389 οὐδεὶς
3647 2327 3756 2379 τῶν

2184 2421 2542 2475 εὐσεϐούντων
2569 2420 2837 2486 ἀντιλέγει
2868 2418 2944 2490 τῷ
2970 2419 3220 2489 δόγματιο
3258 2418 3393 2489 πλὴν
3423 2420 3545 2471 ὅσον
3577 2418 3757 2487 μόνοις

2182 2516 2293 2577 τοῖς
2334 2514 2556 2583 ὀνόμασι
2596 2514 2688 2566 καὶ
2731 2515 2798 2582 τῇ
2829 2512 3078 2582 προφορᾷ
3102 2509 3196 2563 τοῦ
3224 2510 3378 2579 λόγου
3423 2509 3756 2579 πλημμελεῖν

2182 2606 2329 2659 δοκεῖ
2371 2605 2555 2667 οὐσίας
2612 2604 2731 2656 ἀντί
2772 2604 3121 2655 ὑποστάσεων
3171 2602 3469 2672 ὀνομάζων.
3529 2602 3601 2653 Οὐ
3650 2600 3754 2673 γὰρ

2182 2695 2280 2747 ὅσα
2306 2694 2396 2747 τὸν
2423 2695 2521 2763 τῆς
2557 2692 2741 2756 οὐσίας
2768 2692 2923 2760 λόγον
2955 2691 3046 2743 τὸν
3071 2691 3232 2744 αὐτὸν
3263 2691 3374 2760 ἔχει
3393 2731 3407 2755 ,
3437 2691 3636 2761 ὁμοίως
3664 2693 3758 2744 καὶ

2182 2784 2275 2836 ἐπὶ
2306 2787 2372 2855 τῇ
2418 2783 2710 2837 ὑποστάσει
2742 2786 2808 2853 τῇ
2836 2782 3086 2836 ἀποδόσει
3118 2781 3211 2835 τοῦ
3243 2781 3401 2850 λόγου
3444 2782 3760 2853 συνενεχθή-

2184 2888 2353 2923 σεται.
2397 2871 2600 2943 Πετρὸς
2634 2871 2741 2940 γάρ
2774 2872 2867 2924 καὶ
2906 2871 3119 2935 Ίακὼὸ,
3155 2872 3247 2924 καὶ
3286 2872 3541 2941 Ἰωάννης
3566 2874 3623 2924 ὲν
3658 2873 3758 2942 μὲν

2182 2962 2259 3033 τῷ
2286 2962 2427 3032 λόγῳ
2458 2963 2555 3032 τῆς
2581 2962 2767 3024 οὐσίας
2790 3002 2805 3026 ,
2835 2962 2883 3013 οί
2913 2962 3065 3014 αὐτοὶ
3093 2958 3232 3032 ἦσαν
3255 2961 3502 3032 ἀλλήλοις
3532 2963 3760 3034 (ἄνθρω-

2182 3071 2282 3117 πος
2318 3056 2425 3124 γὰρ
2454 3054 2653 3107 τούτων
2697 3054 2967 3123 ἕκαστος),
3000 3055 3056 3106 ὲν
3104 3052 3159 3104 δὲ
3208 3055 3318 3115 τοῖς
3370 3052 3619 3122 ίδιώμασι
3658 3056 3757 3125 τῆς

2186 3147 2415 3200 ἑκάστου
2470 3145 2647 3199 αὐτῶν
2706 3145 3093 3208 ὑποστάσεως,
3142 3143 3388 3215 ἀλλήλοις
3431 3144 3493 3196 οὐ
3534 3145 3759 3213 συνεφέ-

2190 3255 2362 3310 ροντο.
2397 3237 2602 3291 Οὐκοῦν
2635 3239 2683 3290 εί
2725 3239 2821 3306 μὲν
2844 3234 3000 3288 τοῦτο
3042 3235 3430 3299 κατεσκεύαζε,
3451 3236 3512 3288 τὸ
3554 3237 3627 3307 μὴ
3650 3236 3758 3289 δεῖν

2188 3328 2377 3397 φύρειν
2423 3329 2521 3388 τὰς
2551 3328 2897 3388 ὑποστάσεις,
2931 3325 3023 3378 καὶ
3066 3326 3144 3377 ένὶ
3178 3325 3450 3396 προσώπῳ
3488 3325 3582 3388 τάς
3610 3328 3759 3396 τρεῖς

2186 3417 2515 3489 ἐφαρμόζειν
2555 3417 2925 3488 προσηγορίας
2946 3458 2959 3480 ,
3008 3416 3228 3480 Πιστός
3258 3416 3322 3470 ἂν
3356 3412 3444 3487 ἦν,
3484 3417 3625 3470 κατά
3660 3420 3758 3488 τὴν

2183 3509 2277 3561 τοῦ
2312 3509 2628 3562 Ἀποστόλου
2664 3509 2991 3579 μαρτυρίαν,
3028 3512 3059 3560 ό
3090 3509 3272 3577 λόγος
3299 3506 3478 3573 αὐτῷ,
3518 3509 3615 3561 καὶ
3649 3509 3759 3562 πά-

2184 3616 2301 3667 σης
2316 3599 2623 3670 ἀποδοχῆς
2641 3601 2829 3665 ἄξιος.
2874 3599 3024 3652 Ἐπεὶ
3043 3599 3099 3651 δὲ
3124 3601 3182 3651 οὐ
3207 3600 3340 3670 πρὸς
3369 3598 3524 3652 τοῦτο
3552 3600 3755 3669 βλέπει,

2183 3692 2301 3744 οὐδὲ
2329 3692 2430 3755 τὰς
2460 3693 2783 3754 ὑποστάσεις
2824 3692 2917 3744 ἀπ’
2947 3689 3188 3761 ἀλλήλων
3216 3691 3327 3753 τοῖς
3362 3690 3760 3761 ὲπιθεωρουμέ-

2184 3801 2295 3848 νοις
2324 3783 2893 3854 ἰδιώμασιδιακρίνων,
2925 3782 3098 3836 ταῦτά
3126 3799 3310 3851 φησιν,
3338 3781 3451 3833 ἀλλ’
3472 3783 3639 3852 αὐτὴν
3661 3782 3759 3852 τὴν

2184 3876 2548 3946 ὑποκειμένην
2578 3876 2763 3927 οὐσίαν
2789 3873 3080 3945 ἀλλοτρίως
3107 3872 3240 3944 πρὸς
3263 3872 3358 3942 τὴν
3384 3873 3595 3943 ἑτέραν,
3627 3873 3759 3942 μᾶλ-

2182 3967 2271 4022 λον
2297 3969 2351 4021 δὲ
2378 3968 2516 4040 πρὸς
2544 3966 2741 4036 ἑαυτὴν
2765 3965 2906 4034 ἔχειν
2929 3965 3344 4030 κατασκευάζει,
3377 3965 3469 4015 καὶ
3490 3962 3578 4016 διὰ
3602 3963 3758 4017 τοῦτο

2185 4061 2381 4123 πολλὰς
2402 4061 2589 4121 οὐσίας
2606 4056 2876 4127 ὀνομάζει,
2904 4054 2979 4118 ὼς
3010 4056 3243 4124 ἑκάστης
3275 4054 3578 4117 ἰδιάζουσαν
3605 4055 3758 4125 έχούτ-

2185 4171 2282 4223 σης
2306 4151 2427 4204 τινὰ
2452 4150 2549 4219 τὴν
2588 4147 2721 4217 πρὸς
2753 4146 2850 4208 τὰς
2878 4145 3042 4207 ἄλλας
3066 4144 3471 4215 ἀλλοτριότητα,
3498 4145 3582 4197 διά
3603 4145 3757 4198 τοῦτό

2184 4263 2325 4315 φημι
2367 4242 2600 4312 ἄναρχον
2645 4237 2791 4308 αὐτῷ
2834 4239 2926 4291 καὶ
2963 4236 3234 4304 ἀκέφαλον
3280 4231 3420 4288 εἶναι
3453 4236 3544 4289 τὸν
3578 4237 3755 4305 λόγον,

2184 4336 2290 4390 ἀπὸ
2322 4333 2531 4396 οὐδενὸς
2562 4330 2987 4402 ὁμολογουμένου
3007 4369 3022 4393 ,
3052 4327 3191 4381 κατά
3220 4328 3279 4380 τὸ
3316 4327 3625 4392 ἀκόλουθον,
3658 4330 3757 4399 τὴν

2185 4425 2528 4499 βλασφημίαν
2573 4420 3067 4484 κατασκευάζοντα.
3119 4421 3191 4473 Οὐ
3228 4420 3336 4490 γὰρ
3376 4420 3523 4482 ὅπως
3564 4420 3628 4474 ἄν
3672 4438 3756 4485 τις

2185 4517 2515 4590 προσαχθείη
2558 4518 2623 4586 τῇ
2652 4513 2872 4584 τοιαύτῃ
2915 4512 3008 4566 τοῦ
3045 4512 3312 4581 δόγματος
3345 4512 3624 4582 ὑπολήψει,
3663 4532 3758 4566 κα-

2183 4611 2451 4681 τασκευὴν
2495 4608 2625 4678 ἔχει·
2681 4607 2793 4661 ἀλλ’
2835 4604 3023 4677 ὥσπερ
3066 4606 3153 4659 ἐπ’
3182 4606 3388 4675 ὀνείρου
3429 4605 3754 4677 διηγήσεως,

2181 4703 2341 4773 ψιλὴν
2374 4701 2467 4756 καὶ
2508 4698 2878 4754 ἀκατάσκευον
2904 4697 3219 4767 ἐμπεριέχει
3250 4696 3348 4765 τῆς
3378 4697 3629 4758 ἀσεϐείας
3657 4699 3757 4768 τὴν

2184 4796 2414 4848 ἔκθεσιν.
2449 4792 2559 4861 Τῆς
2586 4790 2692 4860 γάρ
2726 4788 3047 4858 Ἐκκλησίας
3073 4788 3537 4859 δογματιζούσης,
3576 4790 3650 4860 μὴ
3678 4792 3757 4853 είς

2182 4886 2384 4956 πλῆθος
2422 4884 2619 4937 οὐσιῶν
2658 4883 2953 4951 διασχίζειν
2996 4882 3092 4952 τὴν
3124 4882 3324 4945 πίστιν,
3353 4882 3468 4935 ἀλλ’
3510 4885 3567 4935 ἐν
3608 4887 3755 4954 τρισὶ

2181 4978 2488 5049 προσώποις
2520 4976 2614 5028 καὶ
2664 4975 2991 5027 ὑποστάσεσι
3036 4973 3304 5044 μηδεμίαν
3356 4973 3455 5044 τὴν
3506 4975 3648 5028 κατὰ
3696 4974 3756 5026 τὸ

2183 5066 2320 5124 εἶναι
2353 5066 2611 5137 διαφορὰν
2643 5066 2936 5128 πιστεύειν,
2967 5065 3072 5117 τῶν
3105 5065 3160 5118 δὲ
3187 5066 3441 5117 ἐναντίων
3482 5067 3538 5119 ὲν
3568 5066 3755 5127 αὐταῖς

2183 5164 2301 5224 ταῖς
2326 5161 2535 5221 οὐσίαις
2574 5158 2672 5230 τὴν
2709 5156 3081 5227 παραλλαγὴν,
3129 5157 3221 5208 καὶ
3267 5155 3367 5226 τὴν
3399 5156 3755 5226 ἀνομοιότητα

2181 5253 2494 5323 τιθεμένων,
2522 5246 2673 5311 οὗτος
2702 5249 2760 5300 τὸ
2791 5248 2976 5317 μηδενὶ
2998 5247 3156 5315 λόγῳ,
3193 5248 3327 5316 μήτε
3353 5246 3577 5316 δειχθὲν,
3610 5246 3756 5315 μήτε

2181 5343 2453 5413 δειχθῆναι
2481 5341 2792 5409 δυνάμενον,
2838 5338 2911 5401 ὡς
2960 5339 3592 5408 προκατεσκευασμένον,
3624 5337 3755 5407 θαρ-

2186 5436 2293 5489 σῶν
2312 5433 2689 5503 ἀποφαίνεται,
2715 5433 2851 5500 τάχα
2878 5431 3087 5484 οὐδέπω
3110 5431 3199 5483 καὶ
3232 5431 3326 5485 νῦν
3354 5434 3429 5494 εἰς
3454 5431 3755 5484 ἀκουόντων

2183 5522 2297 5580 ὦτα
2327 5524 2582 5594 λαλήσας.
2612 5518 2687 5574 ’Ἦ
2719 5524 2825 5591 γὰρ
2851 5520 2915 5574 ἂν
2947 5521 3193 5592 ἐδιδάχθη
3228 5521 3360 5593 πρὸς
3389 5521 3493 5574 τῶν
3519 5521 3754 5585 συνετῶς

2185 5616 2571 5690 ἀκροωμένων,
2621 5614 2701 5667 ὅτι
2747 5615 2851 5678 πᾶς
2895 5613 3048 5683 λόγος
3090 5614 3193 5677 ἕως
3240 5614 3307 5668 ἂν
3353 5614 3471 5668 κατ’
3510 5614 3755 5681 ἐξουσίαν
