4166 6372
471 336 566 392 521

1669 336 1948 395 CONTRA
1988 333 2378 398 EUNOMIUM,
2424 332 2549 387 LIB.
2587 333 2605 384 l

3616 333 3722 388 322

471 455 852 521 ἀναπόδεικτος
897 457 1169 530 φέρηται,
1209 458 1268 511 τδ
1311 458 1618 528 λεγόμενον,
1669 457 1854 528 γραῶν
1885 449 2044 517 ὗθλός

2157 464 2292 517 sunt,
2355 452 2656 514 didicisset,
2715 464 2929 506 onmem
2987 459 3312 513 orationem,
3366 452 3608 520 quandiu
3658 471 3724 508 es

472 547 642 610 ἐστιν,
676 547 930 618 οὐδεμίαν
957 550 1108 618 ἰσχὺν
1137 549 1274 620 ἔχων
1304 552 1436 619 πρὸς
1458 550 1518 603 τὸ
1548 549 1717 614 δεῖξαι
1756 549 1822 601 δι’
1851 545 2042 603 ἑαυτοῦ

471 637 532 690 τὸ
570 638 918 708 ζητούμενον’
971 641 1098 695 ὅταν
1147 641 1384 712 μηδεμία
1426 641 1752 712 συνηγορία,
1803 641 1939 712 μήτε
1982 643 2046 693 ἐκ

471 727 581 781 τῶν
627 728 786 783 θείων
833 730 1046 798 φωνῶν,
1101 732 1238 802 μήτε
1281 735 1346 786 ἐκ
1383 731 1656 801 λογισμῶν
1693 730 2048 800 ἀνθρωπίνων

473 823 582 882 τοῖς
635 820 949 892 λεγομένοις
1001 823 1293 892 ἐπάγηται.
1334 826 1443 877 Καὶ
1487 823 1658 876 ταῦτα
1693 823 1792 892 μὲν
1839 821 1919 884 εἰς
1962 836 2050 873 το·

476 927 684 966 σουτον.

564 1183 748 1255 Ἡμεῖς
765 1184 822 1239 δὲ
837 1185 905 1239 τὰ
919 1185 1184 1255 εἰρημένα.
1203 1185 1620 1256 διασκεψώμεθα
1631 1231 1645 1245 .
1670 1189 1718 1243 Ἀ
1727 1186 2054 1259 πνιῆνεῖναι

479 1277 579 1330 καί
607 1277 804 1346 πάντη
817 1280 966 1347 μίαν
986 1281 1119 1350 φησὶ
1140 1281 1366 1334 τούτων
1379 1281 1648 1349 ἑκάστην
1667 1281 1784 1335 τῶν
1805 1285 2052 1350 οὐσιῶν,

479 1369 544 1432 ἃς
559 1369 636 1440 τῷ
655 1369 796 1440 λόγῳ
817 1370 1224 1426 άνετυπώσατο.
1243 1372 1404 1425 Ἀλλὰ
1421 1373 1480 1426 τὸ
1499 1375 1595 1444 μὲν
1611 1374 1786 1443 ἁπλῆν
1801 1371 1939 1430 εἶναι
1957 1375 2054 1447 τὴν

481 1460 628 1515 θείαν
647 1479 704 1515 τε
726 1460 822 1516 καὶ
857 1463 1154 1534 μακαρίαν,
1181 1466 1274 1519 καὶ
1303 1465 1480 1519 πάντα
1504 1465 1626 1519 νοῦν
1656 1467 2056 1540 ὑπεραίρουσαν

481 1552 551 1622 apti
561 1571 659 1606 σιν·
675 1554 797 1607 οὐδὲ
809 1557 934 1620 τοὺς
948 1557 1086 1624 άγαν
1107 1558 1341 1627 κτηνὼδε
1349 1576 1413 1622 ις,
1431 1562 1522 1614 καὶ
1532 1561 1817 1624 ταπεινοὺς
1830 1561 1927 1632 τὴν
1945 1562 2058 1616 διά-

479 1661 628 1699 νοιαν
654 1646 949 1716 ἀντιλέγειν
983 1648 1228 1718 οἰόμεθα.
1255 1650 1365 1718 Τὴν
1397 1651 1504 1720 γὰρ
1519 1651 1668 1720 ἀειδῆ
1694 1669 1753 1704 τε
1775 1653 1866 1705 καὶ
1888 1655 2058 1723 ἀσχη-

484 1738 740 1808 μάτιστον
757 1738 1111 1810 πηλικότητός
1137 1757 1196 1794 τε
1218 1742 1417 1813 πάσης,
1440 1743 1649 1813 καὶτῆς
1667 1746 1724 1797 ἐν
1739 1743 1816 1814 τῷ
1840 1743 2056 1814 μεγέθει

2151 559 2297 600 mera
2323 544 2572 601 libidine.
2597 552 2652 597 et
2681 543 2797 598 sine
2825 542 2932 596 ulla
2960 543 3279 612 probatione
3309 541 3574 607 cffutitur,
3605 561 3728 600 esse

2147 636 2292 707 quod
2319 637 2428 690 dici
2464 637 2622 694 solet.
2669 650 2844 704 nugas
2871 635 3066 697 aniles,
3105 643 3158 689 et
3198 650 3384 704 gerras
3413 651 3724 705 germanas,

2149 729 2355 784 nullius
2401 743 2627 798 prorsus
2679 728 2936 782 momenti
2982 735 3036 781 et
3082 725 3340 781 efﬁcaciae
3386 730 3452 780 ad
3499 727 3728 781 demon-

2150 822 2436 877 strandum
2477 821 2552 884 id,
2587 821 2730 890 quod
2778 835 2874 889 per
2909 834 3029 874 eam
3061 820 3348 888 quzeritur,
3381 821 3603 889 quando
3640 819 3726 875 vi-

2150 913 2345 969 delicct
2371 913 2506 968 nihil
2540 913 2867 968 ﬁrmamenti
2901 928 3074 982 neque
3121 928 3186 967 ex
3221 927 3378 966 sacra
3417 911 3722 983 Scriptura.

2151 1021 2326 1074 neque
2345 1022 2409 1060 ex
2440 1003 3198 1060 ratiocinationibushumani
3230 1004 3454 1074 ingenii,
3486 1005 3575 1071 iis,
3605 1021 3727 1076 quae

2151 1106 2492 1161 asseruntur,
2525 1098 2752 1152 accedit.
2785 1096 2850 1151 Et
2883 1097 2998 1152 haec
3035 1096 3254 1167 quidem
3292 1098 3578 1152 hactenus.

2225 1191 2333 1246 Nos
2375 1206 2506 1245 vero
2539 1191 2706 1245 verba
2726 1189 2978 1244 Eunomii
3009 1190 3378 1244 excutiamus.
3421 1188 3728 1260 Simplicem

2152 1299 2263 1338 esse
2290 1293 2337 1336 et
2368 1283 2509 1336 omni
2556 1281 2710 1337 modo
2747 1298 2908 1335 unam
2942 1280 3224 1352 quamlibet
3265 1282 3454 1335 [tarum
3478 1283 3731 1336 substan-

2157 1378 2353 1429 tiarum
2377 1374 2609 1428 allirmat
2642 1391 2656 1429 :
2691 1389 2830 1444 quas
2862 1375 3113 1430 oratione
3159 1389 3257 1428 sua
3292 1375 3581 1446 expressit.
3612 1376 3728 1430 Ca!-

2155 1477 2330 1522 terum
2384 1467 2688 1535 simplicem
2732 1481 2856 1520 esse
2901 1464 3142 1520 divinam
3176 1466 3324 1520 illam
3382 1473 3438 1520 et
3484 1467 3722 1528 beatam,

2155 1558 2522 1627 omnibusque
2539 1557 3036 1626 supereminentem
3057 1564 3306 1610 naturam
3327 1599 3342 1624 ,
3371 1573 3546 1628 neque
3569 1573 3728 1629 agre-

2156 1659 2270 1705 stes
2309 1648 2604 1704 admodum
2634 1656 2689 1704 et
2749 1648 2970 1704 hebetes
3018 1648 3239 1718 ingenio
3273 1659 3568 1720 negaturos
3605 1666 3729 1708 esse

2160 1749 2313 1811 puto.
2349 1739 2636 1806 Quomodo
2677 1741 2822 1794 enim
2861 1741 2987 1810 quis
3020 1749 3272 1794 naturam
3329 1742 3475 1796 illam
3525 1744 3728 1814 speciei

481 1831 776 1902 ποσότητος
805 1834 1243 1904 κεχωρισμένην,
1277 1835 1392 1899 πῶς
1425 1835 1490 1890 ἄν
1542 1854 1626 1900 τις
1667 1813 1918 1908 πολυειδῆ
1960 1837 2056 1890 καὶ

2158 1842 2212 1888 et
2251 1834 2545 1904 ﬁgurarum
2598 1833 2878 1888 varietatis
2907 1844 3206 1902 expertem,
3246 1840 3303 1888 et
3336 1835 3481 1888 omni
3509 1813 3728 1906 quanti-

485 1921 738 1976 σύνθετον
770 1924 1070 1990 (amicitiai;
1130 1927 1250 1980 Ὅτι
1277 1927 1333 1980 δὲ
1372 1929 1434 1981 οὐ
1469 1929 1754 1998 συμϐαίνει
1802 1928 1880 1998 τῷ
1923 1930 2053 2002 παρ’

483 2012 662 2067 αὐτῶν
715 2015 1239 2090 κατασκευαζομένῳ
1287 2017 1537 2087 δόγματι,
1589 2019 1650 2072 τὸ
1688 2019 1865 2090 ἁπλῆν
1913 2015 2054 2074 εἶναι

482 2103 582 2173 τὴν
611 2087 1013 2176 ὑπερκειμένην
1044 2107 1232 2162 οὐσίαν
1261 2108 1486 2176 οἴεσθαι,
1539 2110 1641 2164 κᾶν
1672 2110 1748 2182 τῷ
1790 2087 1934 2183 λόγῳ
1960 2129 2055 2182 χαι

488 2195 877 2262 ριεντίζωνται,
927 2199 1158 2270 φανερὸν
1201 2199 1354 2254 ἔσται
1385 2201 1462 2271 τῷ
1495 2203 1589 2256 καὶ⁴
1618 2203 1810 2274 μικρὸν
1831 2204 2058 2275 ἐπιστή-

489 2307 661 2344 σαντι.
688 2293 783 2355 Τίς
809 2292 918 2364 γάρ
942 2294 1042 2348 οὐκ
1089 2289 1228 2348 οἶδεν
1258 2296 1339 2348 ὅτι
1373 2297 1513 2350 κατὰ
1547 2297 1639 2350 τὸν
1672 2297 1801 2351 ἴδιον
1836 2297 1992 2366 λόγον
2020 2300 2053 2369 ἡ

487 2381 725 2453 ἁπλότης
764 2385 854 2437 ἐπὶ
885 2385 984 2453 τῆς
1019 2385 1181 2453 ἁγίας
1213 2386 1440 2457 Τριάδος
1472 2389 1534 2440 τὸ
1588 2387 1788 2459 μᾶλλον
1857 2391 1951 2443 καὶ
1993 2391 2056 2444 τὸ

483 2463 644 2539 ἦττον
672 2469 770 2523 οὐκ
806 2472 1153 2543 ἐπιδέχεται;
1198 2475 1330 2546 Περὶ
1365 2476 1432 2547 ἢν
1467 2477 1575 2549 γὰρ
1612 2479 1711 2532 οὐκ
1761 2480 1876 2532 ἐστι
1909 2480 2055 2550 μίξιν

485 2562 607 2616 τινα
633 2567 934 2636 ποιοτήτων
991 2567 1085 2621 καὶ
1113 2569 1416 2641 συνδρομὴν
1442 2572 1710 2642 ἐννοῆσαι,
1737 2573 1851 2627 ἀλλ’
1873 2575 2053 2647 άμερῆ

487 2673 623 2717 τινα,
654 2657 749 2710 καὶ
777 2657 1070 2712 ἀσύνθετον
1099 2659 1326 2730 δύναμιν
1354 2662 1760 2734 καταλαμϐάνει
1788 2667 1820 2735 ἡ
1856 2665 2052 2731 ἔννοια,

488 2746 605 2810 πῶς
629 2748 694 2800 ἄν
717 2767 802 2813 τις
835 2751 928 2804 καὶ
958 2751 1098 2804 κατὰ
1123 2751 1244 2804 τίνα
1271 2753 1427 2822 λόγον
1449 2755 1547 2826 τὴν
1576 2757 1725 2828 παρὰ
1757 2757 1817 2811 τὸ
1851 2757 2052 2820 πλεῖον,

486 2839 578 2892 καὶ
592 2840 654 2893 τὸ
667 2840 883 2896 ἔλαττον
899 2843 1158 2916 διαφοράν
1169 2864 1308 2900 κατα
1317 2847 1475 2916 μάθοι
1491 2866 1504 2914 ;
1532 2849 1765 2920 Ἀνάγκη
1781 2851 1887 2923 γὰρ
1908 2853 2055 2904 πᾶσα

487 2930 578 2984 τὸν
594 2933 1150 3005 παρηλλάχθαιταῦτα
1165 2938 1194 2991 δ
1201 2939 1337 3008 ιοριζ
1343 2939 1552 3009 όμενον,
1575 2941 1874 3012 ποιοτήτων
1895 2942 2055 2994 τινῶν

488 3021 798 3090 ἐμπτώσεις
831 3025 959 3096 περὶ
1003 3026 1064 3078 τὸ
1111 3027 1466 3097 ὑποκείμενον
1506 3030 1703 3083 ἐννοεῖν
1730 3049 1743 3060 ·
1796 3032 1914 3104 ἦτοι
1947 3032 2057 3104 γὰρ

487 3114 610 3170 καθ’
639 3118 943 3190 ὑπερϐολὴν
963 3121 1057 3173 καὶ
1083 3120 1377 3175 ἐλάττωσιν
1401 3122 1460 3176 τὸ
1479 3123 1733 3195 διάφορον
1761 3125 1819 3176 ἐν
1842 3125 2051 3190 τούτοις
2083 3149 2124 3208 C

489 3208 710 3274 ἐπινοεῖ,
748 3211 842 3263 καὶ
871 3210 957 3263 διὰ
990 3212 1180 3266 τούτου
1205 3215 1304 3285 τὴν
1345 3216 1443 3285 τῆς
1471 3215 1828 3286 πηλικότητος
1852 3216 2058 3271 ἔννοιαν

489 3303 768 3372 ἐπεισάγει
778 3303 856 3376 τῷ
869 3304 1199 3376 ζητουμένῳ,
1213 3307 1244 3375 ἢ
1258 3308 1397 3361 κατὰ
1407 3308 1464 3360 τὸ
1475 3307 1694 3376 ἀγαθὸν,
1710 3309 1803 3362 καλ⁵
1817 3309 2057 3374 δυνατὸν,

490 3397 584 3450 καὶ
606 3397 879 3468 σοφὸν,καὶ
902 3399 952 3451 ετ
970 3415 1022 3451 τι
1046 3398 1175 3452 ἄλλο
1197 3399 1323 3469 περὶ¹
1337 3402 1397 3456 τὸ
1417 3397 1568 3454 Θείον
1581 3400 1820 3465 εὐσεϐῶς
1841 3404 2056 3466 νοεῖται,

490 3489 826 3554 πλεονάζειν,
849 3491 880 3560 ἢ
907 3489 1302 3560 ὑποϐεϐηκέναι
1335 3492 1735 3557 κατασκευάζει
1756 3509 1770 3522 ο
1802 3494 1897 3546 καὶ
1919 3493 2062 3546 οὓτω

488 3578 580 3631 τὸν
606 3579 706 3648 τῆς
747 3579 1048 3643 συνθέσεως
1071 3580 1226 3648 λόγον
1259 3580 1320 3634 ού
1360 3580 1725 3650 διαφεύξεται.
1756 3583 1920 3636 Οὐδὲν
1953 3582 2059 3655 γὰρ

489 3665 724 3730 ἐλλιπῶς
757 3668 897 3721 κατὰ
939 3669 1148 3738 σοφίαν.
1183 3669 1214 3739 ἦ
1251 3668 1552 3742 δύναμιν,ἢ
1588 3673 1707 3723 κατ’
1729 3670 1855 3725 ἄλλο
1880 3673 2061 3724 τιτῶν

490 3759 710 3826 ἀγαθῶν
729 3760 863 3830 ἔχει,
899 3757 943 3828 ᾧ
978 3764 1050 3832 μὴ
1081 3763 1370 3834 ἐπίκτητον
1403 3767 1518 3817 ἐστι
1568 3764 1628 3816 τὸ
1663 3763 1896 3832 ἀγαθόν·
1945 3764 2060 3817 ἀλλ’

491 3851 622 3904 αὐτὸ
666 3853 799 3906 καθό
842 3856 957 3908 ἐστι
1002 3855 1240 3908 τοιοῦτον
1290 3856 1553 3926 πέφυκεν.
1609 3857 1770 3909 Ὥστε
1815 3859 1844 3910 ό
1887 3856 2060 3924 λέγων

491 3943 743 4008 ἐλάττους
767 3962 825 3998 τε
858 3946 953 3999 καὶ
996 3946 1214 4016 μείζους
1245 3950 1302 4002 ἐν
1341 3951 1407 4020 τῇ
1439 3948 1560 4020 θείᾳ
1599 3947 1756 4018 φύσει
1784 3949 2062 4020 καταλαμ-

493 4037 674 4088 ϐάνειν
704 4037 802 4100 τὰς
847 4037 1052 4102 οὐσίας,
1091 4039 1310 4111 λέληθεν
1354 4042 1546 4094 ἐαυτὸν
1584 4041 1833 4096 σύνθετον
1855 4043 1912 4110 ἐξ
1938 4043 2062 4096 dvo-

495 4127 663 4196 μοίων
689 4131 1111 4195 κατασκευάζων
1142 4132 1198 4185 τὸ
1231 4133 1401 4186 Θεῖον·
1451 4133 1526 4198 ὡς
1549 4133 1675 4190 ἄλλο
1708 4135 1804 4205 μέν
1833 4153 1885 4188 τι
1918 4139 2060 4190 νοεῖν

491 4215 710 4273 εἶναιτὸ
743 4222 1096 4293 ὑποκείμενον
1124 4241 1135 4252 ·
1190 4224 1373 4295 ἕτερον
1399 4226 1454 4279 δὲ
1480 4227 1638 4280 πάλιν
1669 4227 1730 4280 τὸ
1763 4227 2061 4298 μετεχόμε-

490 4329 581 4364 νον
609 4329 622 4341 ο
661 4305 723 4369 οὗ
753 4314 892 4367 κατὰ
927 4316 1213 4384 μετουσίαν
1246 4319 1303 4370 ἐν
1333 4316 1412 4388 τῷ
1437 4318 1626 4390 ἀγαθῷ
1643 4319 1962 4385 γίνεται,“τδ
1986 4318 2061 4392 μὴ

489 4402 732 4456 τοιοῦτον
759 4404 838 4461 δν.
901 4407 966 4460 Εἰ
1006 4407 1064 4460 δὲ
1110 4407 1324 4478 άληθῶς
1351 4410 1549 4480 ἁπλῆν,
1606 4413 1702 4464 καὶ
1729 4411 1904 4480 πάντη
1933 4412 2062 4480 μίαν

2155 1933 2294 1988 tate,
2333 1940 2454 1994 qua:
2490 1925 2544 1979 in
2579 1924 2956 1994 magnitudine
2985 1924 3201 1988 visitur,
3238 1932 3568 1994 separatam.
3615 1942 3731 1983 cre-

2155 2015 2244 2069 dat
2270 2030 2390 2070 esse
2414 2013 2798 2070 multiformem
2822 2022 2876 2069 et
2894 2017 3258 2084 compositam
3283 2015 3358 2085 (a)
3375 2019 3399 2070 Υ
3419 2016 3572 2082 Quod
3598 2034 3730 2074 vero

2151 2107 2306 2178 juxta
2341 2109 2536 2180 dogma
2591 2108 2658 2162 ab
2708 2107 2832 2162 istis
2870 2109 3162 2162 contictum
3219 2109 3469 2166 sublimis
3510 2110 3625 2174 illa,
3674 2121 3730 2166 et

2157 2216 2321 2271 super
2361 2202 2590 2255 aliarum
2649 2215 2828 2256 rerum
2879 2200 3126 2256 ordinem
3185 2202 3358 2270 posita
3418 2202 3726 2258 substantia

2155 2294 2385 2363 simplex
2419 2309 2528 2348 non
2566 2294 2636 2347 sit
2668 2293 2817 2360 (licet
2842 2293 3084 2362 alioquin
3115 2293 3291 2349 verbis
3342 2295 3567 2364 pulchre
3594 2297 3731 2352 sim-

2157 2385 2456 2455 plicitatem
2503 2382 2980 2455 asserant),facile
3031 2385 3417 2454 deprehendet,
3475 2388 3728 2458 quisquis

2156 2479 2437 2547 paululum
2488 2487 2723 2532 tuentem
2777 2477 3063 2533 advertere
3108 2479 3357 2534 voluerit.
3414 2479 3547 2534 Nam
3602 2482 3732 2550 quis

2158 2570 2392 2640 ignorat,
2445 2569 2589 2639 quod
2653 2569 2978 2638 simplicitas
3031 2571 3332 2625 secundum
3403 2588 3558 2626 suam
3607 2589 3732 2643 pro-

2157 2659 2328 2727 priam
2374 2659 2636 2712 rationem
2689 2659 2744 2711 in
2774 2659 3121 2712 sanctissima
3154 2657 3420 2716 Trinitatc
3447 2665 3730 2718 remissio-

2157 2765 2280 2803 nem
2314 2758 2368 2803 et
2399 2751 2761 2806 intcnsionem
2799 2765 2906 2804 non
2940 2751 3205 2820 recipiat?
3236 2752 3286 2804 in
3315 2769 3420 2821 qua
3452 2754 3598 2808 enim
3630 2771 3724 2809 na-

2158 2851 2279 2894 tura
2322 2843 2631 2896 mistionem
2664 2850 2719 2896 et
2755 2857 3088 2896 concursum
3123 2842 3448 2911 qualitatum
3487 2845 3732 2901 invenire

2159 2951 2266 2988 non
2323 2943 2427 2993 est.
2494 2937 2627 3004 quin
2682 2935 2864 3004 potius
2924 2935 2978 2988 in
3049 2951 3156 3005 qua
3210 2937 3616 3005 impartibiletn,
3676 2948 3733 2994 et

2157 3026 2572 3095 compositionis
2633 3026 2794 3095 plane
2839 3038 3116 3095 expertem
3176 3025 3494 3082 facultatem
3545 3031 3734 3083 animo

2158 3116 2496 3185 concipimus
2533 3135 2546 3171 :
2583 3115 2860 3185 quomodo
2901 3116 3030 3185 quis
3077 3116 3407 3173 intensionis
3437 3129 3492 3174 et
3537 3119 3734 3175 remis-

2161 3205 2334 3260 sionis
2373 3206 2747 3261 diversitatem
2796 3208 2984 3276 aliquo
3024 3207 3187 3262 modo
3221 3211 3546 3279 cogitatione
3582 3227 3733 3268 cont-

2163 3299 2468 3369 plectetur?
2495 3299 2729 3356 Necesse
2749 3302 2894 3354 enim
2915 3309 3021 3364 est,
3042 3311 3103 3356 ut
3139 3302 3206 3365 is,
3238 3305 3330 3372 qui
3365 3305 3729 3361 diﬂ‘crentiam

2161 3391 2214 3444 in
2256 3391 2340 3448 his
2383 3392 2600 3454 statuit,
2652 3393 2977 3462 qualitatum
3004 3396 3365 3464 quarumdam
3417 3398 3732 3454 conlluxum

2161 3484 2305 3539 circa
2355 3485 2665 3552 subjectum
2697 3487 2999 3548 concedat;
3033 3489 3160 3557 quia
3194 3489 3272 3543 vel
3303 3506 3395 3558 per
3419 3506 3731 3556 excessum,

2160 3577 2243 3630 vel
2297 3592 2391 3646 per
2437 3577 2707 3632 defectum
2750 3578 3110 3634 diﬂ‘erentiam
3153 3581 3206 3636 in
3257 3582 3342 3637 his
3385 3585 3732 3653 considerat;

2159 3677 2213 3722 et
2244 3685 2339 3738 per
2374 3669 2478 3723 hoc
2506 3671 2833 3739 quantitatis
2869 3673 3137 3727 rationem
3171 3673 3245 3735 ei,
3271 3676 3413 3742 quod
3447 3677 3732 3745 quaeritur,

2160 3761 2575 3830 superinducit;
2618 3763 2699 3817 vel
2736 3764 2790 3816 in
2834 3764 3096 3827 bonitate,
3133 3766 3396 3834 potentia.
3438 3770 3731 3838 sapientia,

2161 3852 2244 3906 vel
2300 3853 2346 3907 si
2395 3852 2524 3922 quid
2575 3852 2722 3905 aliud
2771 3851 2826 3905 in
2867 3852 3049 3906 divina
3097 3861 3293 3907 natura
3343 3855 3526 3912 inesse
3569 3873 3732 3928 posse

2161 3945 2454 4013 cogitatur,
2482 3943 2925 4008 redundantiam,
2945 3946 3027 3999 vel
3043 3946 3477 4004 imminutionem
3496 3953 3731 4021 astruit;

2162 4042 2216 4091 et
2268 4037 2351 4090 sic
2383 4036 2806 4106 compositionis
2852 4037 3116 4092 rationem
3158 4055 3266 4092 non
3307 4041 3566 4108 evitabit;
3604 4061 3730 4100 nam

2163 4128 2510 4197 sapientiam,
2555 4128 2850 4197 potentiam
2879 4137 2933 4183 et
2968 4129 3132 4196 hujus
3163 4133 3380 4199 generis
3424 4134 3532 4188 alia
3569 4136 3732 4199 bona,

2163 4217 2283 4274 sine
2323 4217 2706 4272 imminutione
2744 4233 2810 4273 ac
2854 4219 3067 4274 defectu
3128 4222 3370 4290 possidet
3415 4225 3490 4289 id,
3518 4227 3605 4280 cui
3639 4228 3734 4282 bo-

2163 4326 2294 4364 num
2327 4325 2434 4363 non
2469 4317 2555 4364 est
2587 4310 2980 4377 adventitium;
3038 4313 3131 4367 sed
3193 4313 3372 4383 ipsum
3411 4319 3575 4386 quale
3627 4330 3732 4384 est,

2163 4403 2272 4456 tale
2320 4411 2516 4456 natura
2563 4417 2662 4457 sua
2715 4411 2818 4456 est.
2867 4401 3054 4472 Itaque
3111 4405 3204 4473 qui
3248 4409 3447 4462 asserit
3497 4409 3736 4478 majores

492 4495 690 4549 ἐνενόει
716 4495 812 4568 τὴν
837 4499 1041 4560 οὐσίαν,
1065 4501 1195 4554 αὐτὸ
1220 4501 1358 4573 ὅπερ
1386 4503 1533 4555 ἐστὶν
1553 4501 1756 4569 ἀγαθὸν
1778 4496 1962 4566 οὖσαν,
1993 4503 2056 4556 οὐ

2169 4502 2222 4548 et
2273 4495 2516 4548 minores
2567 4509 2690 4549 esse
2741 4496 2794 4548 in
2831 4495 3018 4549 divina
3059 4507 3254 4550 natura
3291 4498 3651 4562 substantias.
3689 4503 3736 4556 is

492 4590 781 4660 γινομένην
821 4591 881 4656 ἐξ
918 4594 1277 4663 ἐπικτήσεως,
1318 4595 1418 4646 οὐκ
1446 4593 1511 4647 ἂν
1551 4593 1612 4646 τὸ
1644 4593 1849 4663 μεῖζον,
1875 4595 1969 4647 καὶ
1999 4595 2061 4648 τὸ

496 4678 714 4733 ἔλαττον
740 4683 867 4753 περὶ
885 4683 1054 4746 αὐτὴν
1077 4683 1364 4750 ἐλογίζετο.
1392 4683 1590 4755 Εἴρητο
1613 4686 1719 4755 γὰρ
1742 4687 1836 4738 καὶ
1863 4686 1921 4737 ἐν
1945 4687 2061 4749 τοῖς

495 4770 822 4843 ἔμπροσθεν,
849 4774 932 4826 ὅτι
971 4776 1106 4846 μόνῃ
1129 4777 1195 4844 τῇ
1221 4773 1316 4827 τοῦ
1340 4774 1510 4828 κακοῦ
1534 4776 1802 4846 παρουσίᾳ
1829 4775 1897 4828 τά
1920 4775 1982 4843 ἀγ
1994 4793 2058 4827 α-

493 4863 563 4918 θά
598 4865 1116 4936 κατασμικρύνεται.
1157 4866 1271 4936 Ἐφ’
1291 4860 1366 4920 ὧν
1387 4867 1442 4920 δὲ
1470 4868 1504 4938 ή
1534 4867 1694 4936 φύσις
1713 4866 2057 4928 ἁνεπίδεκτός

491 4957 607 5007 ἐστι
633 4954 728 5008 τοῦ
757 4956 1018 5027 χείρονος,
1055 4957 1178 5026 ὄρος
1210 4957 1311 5009 οὐκ
1343 4957 1632 5008 ἐπινοεῖται
1655 4955 1754 5024 τῆς
1785 4953 2055 5024 ἁγαθότη-

491 5062 580 5109 τος
606 5063 620 5076 ο
646 5047 709 5101 τὸ
735 5048 791 5100 δὲ
822 5047 1092 5120 ἀόριστον,
1124 5049 1186 5101 οὐ
1208 5051 1272 5119 τῇ
1304 5047 1440 5120 πρὸς
1465 5047 1650 5118 ἕτερον
1681 5047 1862 5116 σχέσει
1884 5045 2058 5100 τοιοῦ-

487 5139 580 5192 τόν
600 5141 766 5202 ἐστιν,
779 5139 892 5192 ἀλλ’
905 5140 1035 5194 αὐτὸ
1053 5139 1114 5193 τὸ
1131 5138 1253 5193 καθ’
1282 5139 1443 5193 ἐαυτδ
1475 5139 1782 5211 νοούμενον,
1799 5137 2054 5208 ἐκφεύγει

488 5233 578 5286 τὸν
603 5235 728 5304 ὅρον
746 5250 760 5264 ο
791 5233 1016 5304 ἄπει-ρον
1039 5234 1096 5286 δὲ
1125 5233 1374 5304 ἀπείρου,
1403 5231 1563 5286 πλέον
1588 5232 1681 5286 καὶ
1715 5231 1932 5286 ἔλαττον
1960 5231 2054 5284 λέ·-

489 5342 627 5393 γειν,
658 5326 757 5377 οὐκ
780 5320 894 5377 οἶδα
922 5325 997 5388 ὼς
1017 5323 1396 5391 λελογισμένον
1430 5321 1754 5393 συνθήσεται
1777 5336 1789 5346 ·
1841 5321 1978 5376 ὥστε
2005 5321 2054 5374 εἰ

490 5417 664 5489 ἁπλῆν
685 5417 933 5488 ὁμολογεῖ
953 5417 1052 5485 τὴν
1072 5416 1472 5487 ὑπερκειμένην
1495 5413 1703 5477 οὐσίαν,
1722 5411 1818 5466 καὶ
1841 5412 2054 5476 οἰκείως

490 5510 631 5580 ἔχειν
676 5511 848 5581 αὐτὴν
893 5509 1030 5582 πρὸς
1074 5509 1295 5580 ἑαυτὴν,
1340 5505 1664 5561 συντιθέσθω
1705 5507 1771 5576 τῇ
1809 5504 1951 5558 κατὰ
1995 5505 2058 5558 τὸ

489 5602 712 5668 ἁπλοῦν,
728 5601 823 5658 καὶ
841 5602 1062 5674 ἄπειρον
1083 5599 1335 5671 κοινωνίᾳ
1359 5597 1785 5669 συναπτομένην.
1810 5597 1872 5651 El
1897 5596 1954 5649 δὲ
1973 5597 2054 5650 δι-

563 5784 636 5853 (a)
685 5782 900 5841 Profert
965 5784 1110 5840 hunc
1148 5784 1328 5841 locum
1375 5783 1657 5856 Cypariss.
1709 5777 1902 5834 decad.
1959 5791 2038 5842 Ix,
2077 5790 2129 5830 c.

2161 4587 2483 4656 imprudens
2518 4587 2762 4641 divinum
2795 4603 2997 4641 numen
3028 4605 3092 4642 ex
3130 4589 3488 4659 inaequalibus
3511 4607 3734 4662 compo—

2160 4680 2325 4734 situm
2349 4680 2532 4743 ellicit,
2558 4687 2618 4733 ut
2645 4679 2790 4733 aliud
2816 4680 3200 4749 concipimrtus
3245 4697 3370 4736 esse
3397 4683 3734 4752 subjectum,

2159 4769 2310 4825 aliud
2347 4785 2478 4824 vero
2512 4771 2588 4833 id,
2619 4769 2764 4839 quod
2803 4773 3165 4841 participalnr
3199 4789 3213 4826 :
3251 4773 3408 4842 cujus
3430 4777 3732 4833 secundum

2162 4863 2714 4918 communicationem
2761 4863 2814 4916 in
2871 4862 3017 4916 bono
3065 4862 3159 4916 ﬁat
3199 4862 3275 4927 id,
3330 4867 3475 4934 quod
3509 4883 3616 4922 non
3648 4876 3735 4925 est

2162 4952 2291 5008 tale.
2326 4951 2480 5017 Quod
2519 4953 2564 5007 si
2593 4968 2714 5006 vere
2746 4952 3050 5020 simplicem
3081 4953 3340 5028 omnique
3376 4956 3538 5012 modo
3568 4974 3735 5014 unam

2162 5044 2531 5101 existimasset
2589 5044 2986 5109 substantiam,
3054 5044 3336 5115 ipsamque
3397 5048 3562 5103 sicuti
3615 5059 3734 5114 est,

2162 5134 2485 5195 bonitatem,
2516 5147 2625 5187 non
2666 5149 2730 5187 ex
2769 5133 3138 5202 acquisitione
3165 5134 3427 5191 bonitatis
3453 5139 3732 5206 ejusmodi

2161 5219 2362 5276 factam
2384 5237 2506 5277 esse
2539 5222 2888 5284 credidisset,
2911 5222 3340 5294 haudquaquam
3366 5227 3734 5284 iutensionem

2159 5322 2214 5369 et
2250 5314 2627 5369 remissionem
2662 5314 2716 5366 in
2755 5329 2819 5368 ea
2863 5316 3185 5380 statuisset;
3233 5333 3358 5371 nam
3392 5321 3546 5386 prius
3590 5337 3726 5390 (ιιιυ-

2160 5423 2267 5477 que
2311 5408 2551 5463 diximus
2596 5407 2769 5464 solam
2803 5408 2930 5463 mali
2967 5411 3314 5480 praesentiam
3364 5411 3504 5466 bona
3551 5413 3733 5482 immi-

2160 5519 2350 5560 nuere.
2399 5503 2456 5559 In
2510 5503 2597 5558 his
2647 5513 2852 5565 autem.
2890 5519 3126 5574 quorum
3189 5513 3388 5559 natura
3443 5506 3734 5563 deterioris

2161 5611 2272 5652 non
2307 5604 2393 5653 est
2439 5611 2634 5667 capax,
2668 5612 2776 5653 non
2821 5596 2950 5653 licet
2997 5596 3291 5652 terminum
3329 5596 3588 5654 bonitatis
3614 5601 3732 5653 ani-

2187 5796 2221 5830 ὓ
