4166 6372
427 297 532 352 523
1701 299 1758 355 S.
1792 299 2119 357 GREGORH
2144 301 2438 360 NYSSENI
3585 311 3684 367 525

426 431 515 469 mo
555 415 1042 486 comprehendere.
1079 415 1146 469 At
1174 415 1453 471 infinitum
1501 433 1609 472 non
1647 427 1732 473 est
1778 421 1873 473 tali
1904 420 2005 474 ha-
2034 431 2071 486 Α

2039 431 2079 486 Α
2111 425 2308 496 ίστησι,
2323 426 2414 479 καὶ
2435 425 2684 491 ἀποξενοῖ
2698 424 2796 488 τὰς
2812 426 3004 489 οὐσίας’
3018 427 3112 480 ἀπ’
3129 428 3393 499 ἀλλήλων,
3408 430 3574 502 ἀλλην
3591 430 3684 484 τοῦ

423 507 671 562 bitudine
703 506 771 560 ad
817 508 1000 575 aliud;
1042 508 1136 562 sed
1187 509 1370 578 ipsum
1427 511 1728 564 secundum
1765 513 2006 582 seipsum

2106 517 2441 586 Μονογενοῦς
2465 517 2615 588 παρὰ
2637 517 2725 569 τὸν
2743 519 2981 590 Πατέρα,
3003 520 3192 590 ἑτέραν
3212 520 3265 573 δὲ
3285 520 3382 591 τὴν
3401 521 3496 574 τοῦ
3520 521 3687 574 Πνεύ-

422 609 753 671 spectatum,
792 602 947 654 nullo
997 601 1232 655 termino
1269 613 1577 658 coercetur.
1614 603 1787 660 Porro
1823 607 2004 660 inﬁni-

2107 629 2274 682 ματος
2298 613 2448 683 παρὰ
2468 610 2565 681 τὴν
2584 612 2677 664 τοῦ
2702 613 3036 679 Μονογενοῦς
3065 613 3279 676 ἐννοῶν,
3299 615 3392 667 καὶ
3415 614 3476 668 τὸ
3525 612 3685 665 πλέον

419 702 536 746 tum
578 691 793 745 inﬁnito
819 693 941 762 plus
963 695 1214 747 minusve
1243 693 1466 758 habere,
1511 697 1700 750 nescio
1728 700 2004 767 quomodo

2102 701 2196 753 καὶ
2215 700 2273 752 rb
2300 702 2518 752 ἔλαττον
2546 702 2630 752 ἐπ’
2661 701 2836 754 αὐτῶν
2856 701 3023 769 λέγει,
3049 701 3122 772 μὴ
3146 702 3450 756 λανθανέτω
3482 703 3558 773 τῷ
3587 704 3684 773 μὲν

419 799 792 838 «ειιιιυιεεειιιιιε
815 785 886 838 sit
910 786 978 844 is,
1011 786 1102 854 qui
1139 801 1251 840 rem
1285 787 1603 840 accuratius
1630 791 1998 858 perpenderit.

2101 792 2277 845 δοκεῖν
2307 793 2368 844 τὸ
2407 792 2611 845 ἁπλοῦν
2636 791 2991 864 χαριζόμενος
3009 832 3024 855 ,
3073 796 3138 865 τῇ
3168 793 3225 846 δὲ
3259 793 3487 865 ἀληθείᾳ
3515 811 3683 849 κατα-

423 881 610 945 Itaque
646 879 692 932 si
721 879 1088 932 substantiam
1117 878 1266 931 illam
1302 895 1598 948 supernam
1643 881 1848 936 fatetur
1877 899 2002 939 esse

1117 878 1266 931 illam
1302 895 1598 948 supernam
1643 881 1848 936 fatetur
1877 899 2002 939 esse
2102 884 2380 948 σκευάζων
2403 885 2462 937 rb
2491 884 2740 938 σύνθετον

420 974 748 1042 simplicem,
812 987 1106 1040 secumque
1137 972 1309 1037 ipsam
1345 972 1464 1026 sine
1495 971 1839 1029 dissensione
1863 976 2304 1043 convenientem,
2357 991 2588 1032 necesse
2634 985 2739 1043 est,
2795 984 2854 1030 ut
2911 977 3178 1032 concedat
3205 994 3324 1034 eam
3369 995 3585 1049 quoque
3626 979 3682 1034 in

418 1065 918 1121 communicatione
951 1065 1346 1134 simplicitatis,
1375 1075 1427 1119 et
1464 1065 1752 1122 inﬁnitatis
1786 1068 2020 1137 junctim
2062 1069 2378 1124 convenire.
2427 1069 2484 1125 Si
2529 1086 2658 1125 vero
2716 1070 3057 1125 substantias
3092 1071 3161 1125 ab
3209 1073 3441 1127 invicem
3483 1073 3685 1126 discri-

417 1156 615 1219 minat,
673 1163 728 1210 et
775 1155 933 1224 quasi
970 1155 1173 1208 alienat
1244 1155 1408 1208 aliam
1458 1156 1741 1226 Unigeniti
1777 1173 1806 1210 a
1854 1159 2166 1214 substantia
2212 1158 2436 1224 Patris,
2488 1171 2542 1216 et
2587 1161 2750 1215 aliam
2799 1161 3037 1230 Spiritus
3085 1165 3259 1218 sancti
3303 1179 3335 1218 a
3374 1164 3681 1218 substantia

421 1255 542 1309 Filii
567 1262 834 1315 statuens,
871 1253 1344 1321 intensionemque
1374 1261 1425 1305 et
1453 1255 1830 1310 remissionem
1867 1257 2002 1326 ipsis
2029 1258 2311 1322 attribuit;
2346 1274 2454 1312 non
2483 1259 2637 1312 fallat
2670 1275 2770 1314 nos
2802 1260 3035 1315 occultis
3068 1259 3307 1324 insidiis,
3339 1259 3469 1314 dum
3512 1259 3682 1313 verbo

417 1344 636 1414 quidem
675 1341 1079 1410 simplicitatem
1116 1343 1336 1404 asserit,
1381 1343 1558 1411 reipsa
1611 1359 1738 1397 vero
1782 1347 2233 1416 compositionem
2285 1349 2377 1405 Dei
2414 1350 2646 1421 afﬁngit.

491 1438 595 1493 Sed
628 1440 738 1506 jam
775 1441 997 1491 rursus'
1020 1435 1184 1489 verba
1214 1435 1358 1489 illius
1393 1437 1588 1489 ordine
1623 1451 1993 1492 resumamus.

2175 1441 2343 1494 Πάλιν
2381 1441 2437 1495 δὲ
2484 1443 2575 1496 τὸν
2611 1443 2842 1514 ρηθέντα
2883 1445 3012 1514 παρ’
3045 1442 3208 1496 αὐτοῦ
3253 1444 3408 1512 λόγον
3446 1444 3680 1514 καθεξῆς

418 1533 508 1586 Ait
543 1549 555 1585 :
587 1529 719 1585 Cum
750 1530 956 1582 sincera
978 1527 1106 1581 silet
1136 1526 1356 1594 simplex
1377 1526 1676 1581 substantia
1697 1545 1758 1581 ac
1781 1544 1997 1597 prorsus

2100 1531 2458 1603 ἀναλάϐωμεν
2478 1573 2492 1587 .
2529 1534 2928 1611 Εμικρινοῦς,
2979 1534 3174 1606 φησὶν,
3204 1533 3410 1602 ἁπλῆς
3441 1532 3551 1603 τῆς
3582 1538 3679 1589 οὐ-

418 1639 546 1686 una,
585 1623 808 1691 talisque
837 1622 1093 1690 cogitetur
1122 1630 1168 1673 et
1204 1620 1534 1690 intelligatur
1560 1619 1841 1673 secundum
1875 1638 2000 1690 pro-

2101 1625 2262 1690 σίας,
2285 1624 2383 1678 καὶ
2411 1624 2604 1693 πάντη
2639 1623 2784 1694 μιᾶς
2817 1624 3011 1693 οὔσης
3040 1625 3139 1679 καὶ
3166 1625 3498 1694 νοουμένης
3531 1627 3678 1680 κατὰ

417 1719 591 1786 priam
633 1715 962 1785 dignitatem.
1012 1711 1152 1778 Quid
1206 1713 1308 1767 sibi
1362 1713 1472 1765 vult
1525 1711 1679 1776 illud,
1714 1713 1996 1766 secundum

2101 1713 2215 1782 τὴν
2251 1715 2408 1769 ἰδίαν
2441 1717 2640 1780 ἀξίαν.
2695 1716 2758 1770 Τί
2799 1716 3046 1786 βούλεται
3082 1718 3141 1770 rb
3179 1719 3328 1771 κατὰ
3367 1716 3481 1785 τὴν
3520 1717 3677 1771 ἰδίαν

416 1811 685 1877 proprium
738 1808 1089 1877 dignitatem?
1127 1805 1182 1858 Si
1229 1806 1373 1859 enim
1417 1805 1699 1860 existimat
1745 1807 2000 1860 substan—
2032 1848 2061 1903 Ε

2032 1848 2071 1903 Β
2101 1807 2312 1870 ἀξίαν;
2339 1809 2399 1860 Ei
2427 1810 2525 1878 μὲν
2549 1808 2658 1880 γάρ
2687 1811 2744 1861 ὲν
2769 1809 3038 1880 κοινότητι
3061 1810 3156 1880 τῆς
3178 1809 3333 1874 ἀξίας
3362 1809 3556 1880 θεωρεῖ
3578 1810 3675 1874 τὰς

419 1901 522 1954 tias
551 1913 674 1953 esse
709 1899 974 1968 dignitate
1003 1911 1184 1965 pares,
1216 1896 1397 1950 inanis
1435 1905 1584 1950 certe
1618 1904 1672 1951 et
1716 1896 1991 1965 superflua
2032 1896 2064 1903 ⁷

2032 1896 2068 1903 ⁷
2099 1901 2305 1964 οὐσίας,
2341 1901 2572 1972 περισσὴ
2617 1902 2716 1970 μὲν
2747 1903 2840 1954 καλ¹
2871 1901 3042 1964 οὕτως
3075 1897 3164 1972 ἦν,
3195 1903 3286 1955 καὶ
3331 1902 3675 1974 παρέλκουσα

420 1993 583 2046 fuerit
616 1993 809 2046 horum
860 1989 1154 2043 verborum
1187 1991 1478 2060 appositio,
1515 1999 1701 2059 utpote
1733 1990 1786 2042 in
1826 1990 1991 2046 rebus

2099 1992 2133 2062 ή
2164 1991 2450 2062 προσθήκη
2483 1992 2573 2044 τοῦ
2621 1992 2778 2061 λόγου
2818 1996 2930 2057 τοῖς
2979 1994 3426 2065 ὁμολογουμένοις
3466 1995 3675 2062 γένεσιν

416 2083 606 2146 Certis,
661 2090 715 2136 et
763 2082 1010 2136 omnium
1063 2078 1408 2134 confessione
1449 2081 1752 2150 perspicuis
1797 2081 1993 2136 immo-

2099 2083 2503 2154 ἐνδιατρίϐουσα
2529 2101 2542 2114 ·
2595 2084 2734 2156 πλὴν
2762 2085 2876 2138 ἀλλ’
2917 2081 3030 2156 εἶχέ
3071 2104 3125 2140 τι
3169 2087 3510 2155 συγγνωστὸν
3541 2090 3671 2152 ῐσως

416 2189 587 2238 rans;
641 2174 733 2226 sed
789 2173 966 2227 danda
991 2179 1075 2226 est
1132 2172 1292 2225 venia
1336 2170 1589 2227 fortassis
1623 2172 1886 2227 dictionis
1917 2174 1992 2226 in-

2098 2176 2131 2246 ή
2159 2175 2384 2245 ἀκαιρία
2407 2175 2508 2244 τῆς
2541 2173 2759 2240 λέξεως,
2791 2177 2890 2246 τῆς
2923 2177 3314 2247 εὐσεϐεστέρας
3342 2177 3551 2240 ἐννοίας
3577 2178 3675 2231 οὐκ

417 2269 759 2338 tempestivae
799 2265 1170 2335 usurpationi,
1199 2280 1322 2319 cum
1376 2265 1569 2319 melior
1606 2271 1659 2319 et
1705 2266 1891 2319 sanior
1924 2265 1991 2320 de

2097 2268 2401 2339 ἀπόϐλητον
2441 2269 2704 2340 ποιούσης
2733 2269 2794 2322 τὸ
2833 2269 3082 2340 μάταιον,
3125 2269 3216 2323 καὶ
3266 2270 3552 2342 περιρρέον
3582 2271 3673 2323 τοῦ

415 2359 528 2414 Deo
583 2358 920 2413 existimatio
988 2372 1096 2410 non
1171 2357 1427 2426 repudiet
1497 2356 1640 2409 hanc
1721 2356 1990 2409 orationis

2097 2358 2275 2428 λόγου.
2317 2359 2430 2414 Νῦν
2457 2362 2512 2414 δέ
2551 2363 2611 2416 οὐ
2651 2361 2813 2434 μέχρι
2857 2362 2957 2432 τῆς
2986 2362 3092 2413 τῶν
3134 2361 3392 2432 ῥημάτων
3423 2361 3570 2431 αὐτῴ
3596 2362 3673 2414 δι-

414 2451 732 2504 inanitatem
766 2459 821 2504 et
865 2447 1326 2518 superfluitatem.
1360 2445 1561 2500 Verum
1591 2462 1700 2500 non
1743 2447 1990 2500 imminet

2098 2451 2372 2521 αμαρτίας
2407 2453 2553 2506 ἐστὶν
2571 2454 2598 2505 ὁ
2619 2452 2862 2515 κίνδυνος
2889 2469 2903 2482 ·
2941 2455 2960 2523 (
2988 2445 3024 2523 ἦ
3061 2453 3168 2523 γὰρ
3188 2451 3252 2504 ἂν
3280 2452 3491 2504 εὐίατον
3522 2448 3589 2523 ἦν
3615 2453 3676 2507 rb

413 2546 462 2598 ei
497 2544 796 2614 periculmn
823 2541 1198 2596 committendi
1226 2549 1448 2610 peccata
1480 2541 1768 2594 verborum
1808 2539 1991 2609 (facile

2098 2537 2439 2611 ἀρρώστημα
2510 2537 2619 2593 ἀλλ’
2637 2539 2718 2593 ἔτι
2745 2540 2855 2592 τῶν
2880 2541 3130 2610 πονηρῶν
3163 2540 3341 2608 ἔχεται
3367 2541 3673 2610 τεχνασμάι

415 2637 563 2691 enim
618 2634 964 2688 medicabilis
1006 2632 1231 2687 morbus
1267 2630 1395 2699 est),
1455 2633 1546 2685 sed
1597 2632 1754 2700 longe
1805 2625 1990 2700 pejora

2096 2648 2224 2686 των.
2278 2630 2481 2700 Ἀπλῆν
2514 2630 2623 2700 γὰρ
2661 2632 2810 2702 λέγει
2847 2631 2955 2683 τῶν
2998 2631 3160 2699 τριῶν
3200 2629 3392 2684 οὐσιῶν
3441 2631 3674 2702 ἑκάστην

415 2727 660 2788 molitur.
709 2733 764 2779 et
802 2725 968 2795 impie
1007 2722 1225 2794 aggredi
1276 2728 1470 2775 tentat.
1514 2719 1646 2772 Nam
1689 2718 1989 2788 simplicem

2097 2719 2239 2774 κατὰ
2283 2719 2380 2791 τὴν
2427 2721 2559 2773 ἰδίαν
2599 2720 2754 2786 ἀξίαν
2780 2738 2793 2750 ·
2844 2722 2932 2774 ἵνα
2969 2725 3079 2783 τοῖς
3113 2721 3170 2786 ἐξ
3214 2722 3388 2793 ἀρχῆς
3437 2721 3675 2792 ῥηθεῖσιν

414 2818 553 2873 dicit
606 2817 902 2887 quamlibet
952 2815 1122 2869 trium
1193 2812 1628 2868 substantiarum
1687 2809 1988 2866 secundum

2098 2811 2248 2882 αὐτῷ
2277 2811 2597 2882 διορισμοῖς,
2635 2813 2761 2884 περὶ
2800 2813 2902 2882 τῆς
2933 2812 3154 2884 πρώτης
3181 2830 3240 2866 τε
3279 2814 3371 2866 καὶ
3397 2812 3671 2884 δευτέρας,

413 2908 692 2981 prepriam
741 2906 1088 2976 dignitatem,
1137 2916 1198 2960 ut
1266 2903 1501 2957 decretis
1557 2901 1693 2962 suis,
1745 2915 1866 2968 quae
1923 2897 1992 2952 ab

2099 2905 2194 2956 καὶ
2225 2903 2414 2976 τρίτης
2447 2905 2653 2968 οὐσίας,
2683 2905 2777 2958 καὶ
2819 2909 2846 2958 ὁ
2880 2908 2977 2975 τῆς
3003 2905 3299 2974 ἁπλότητος
3334 2922 3676 2976 συγκακουρ·

415 3002 574 3055 initio
617 2998 872 3059 sancivit,
931 2997 999 3050 de
1032 2996 1228 3065 prima,
1263 2992 1524 3053 secunda,
1563 2998 1616 3044 et
1675 2989 1830 3043 tertia
1858 2989 1987 3044 sub-

2097 2995 2261 3064 γῆται
2285 2995 2457 3062 λόγος.
2512 2997 2722 3068 ’Ὠσπερ
2745 2996 2852 3067 γάρ
2886 2997 3051 3066 μόνην
3085 2997 3363 3061 ἀνωτάτω,
3392 2998 3484 3049 καὶ
3510 2997 3674 3068 μόνην

418 3093 644 3153 stantia,
667 3097 1010 3158 pervertatur
1034 3099 1252 3155 quoque
1270 3081 1638 3151 simplicitatis
1661 3080 1824 3133 ratio.
1853 3078 1988 3132 Nam

2099 3088 2297 3160 κυρίαν
2329 3087 2425 3158 τήν
2459 3085 2552 3140 τοῦ
2579 3087 2789 3158 Πατρὸς
2817 3088 3259 3159 προσηγόρευσεν
3287 3088 3492 3152 οὐσίαν,
3525 3088 3675 3142 οὐδὲν

415 3182 878 3254 quemadmodum
929 3181 1100 3234 solam
1149 3191 1484 3246 supremam,
1539 3181 1593 3227 et
1639 3173 1809 3226 solam
1862 3184 1986 3238 pro-
2019 3204 2060 3263 α

2022 3204 2061 3263 α
2097 3179 2299 3233 τούτων
2321 3181 2411 3232 ἐπὶ
2436 3179 2529 3232 τοῦ
2555 3179 2708 3242 Υἱοῦ,
2738 3181 2831 3232 καὶ
2853 3179 2945 3232 τοῦ
2969 3180 3106 3232 Πνεύ
3115 3197 3282 3250 ματος
3308 3179 3667 3251 ὁμολογήσας,

415 3279 589 3347 priam
638 3273 817 3328 Patris
872 3272 1234 3327 substantiam
1271 3263 1594 3327 nominavit,
1633 3261 1766 3315 nihil
1796 3260 1989 3314 horum
2028 3257 2060 3263 τ

2096 3270 2217 3324 οὐτε
2233 3272 2334 3343 τὴν
2359 3271 2471 3325 ἀνω
2498 3273 2702 3341 φωνὴν,
2731 3272 2855 3324 οὐτε
2881 3271 2976 3343 τὴν
3006 3272 3348 3344 κυριωτάτην
3372 3287 3387 3303 ⁶
3421 3273 3561 3327 κατά
3586 3272 3674 3326 τὸν

415 3369 556 3424 Filio
587 3367 671 3420 vel
700 3363 927 3434 Spiritui
962 3369 1156 3418 sancto
1178 3360 1491 3427 assignans,
1531 3353 1786 3408 videlicet
1815 3367 1990 3420 neque

2096 3363 2258 3417 αὐτὸν
2287 3363 2467 3431 λόγον,
2507 3363 2600 3415 καὶ
2637 3363 2813 3426 άπλᾶς
2843 3363 3154 3434 προσειπὼν
3171 3363 3268 3427 τὰς
3295 3364 3502 3427 οὐσίας,
3535 3363 3676 3418 κατά

415 3475 705 3530 supremae,
753 3471 930 3526 neque
979 3453 1214 3506 maxime
1256 3447 1491 3520 prepriae
1530 3445 1989 3515 appellationem;

2093 3455 2156 3507 rb
2195 3453 2389 3525 μέτρον
2424 3456 2521 3525 τῆς
2563 3455 3036 3528 ὲπιθεωρουμένης
3085 3455 3321 3526 ἑκάστης
3362 3454 3536 3520 ἀξίας,
3584 3457 3674 3509 καί

413 3555 604 3608 eodem
645 3548 807 3602 modo
842 3562 967 3601 cum
1008 3542 1350 3600 substantias
1401 3540 1676 3609 simplices
1727 3536 1990 3600 nominat,

2095 3546 2194 3617 τὴν
2225 3546 2321 3615 τῆς
2345 3545 2643 3616 ἁπλότητος
2666 3546 2872 3599 ἔννοιαν
2892 3547 3223 3617 ἐφαρμόζειν
3253 3547 3424 3599 οἴεται
3446 3550 3669 3616 χρῆναι·

416 3644 722 3697 arbitratur
762 3638 987 3693 cuilibet
1042 3634 1420 3705 simplicitatis
1481 3633 1751 3686 rationem
1797 3644 1992 3684 concc-

2095 3636 2170 3700 ῶς
2199 3641 2297 3709 τῆς
2325 3638 2423 3708 μὲν
2453 3639 2815 3710 κυριωτάτης,
2850 3640 2943 3692 καὶ
2966 3638 3207 3709 πρώτης,
3240 3640 3298 3691 ἐν
3322 3643 3387 3709 τῇ
3417 3639 3561 3710 ἄκρᾳ
3584 3639 3675 3692 καὶ

415 3737 649 3791 dendam
709 3748 852 3794 esse,
905 3728 1210 3785 secundum
1278 3726 1502 3780 modum
1555 3731 1609 3778 et
1675 3736 1988 3776 mensuram

2094 3730 2274 3802 τελείᾳ
2291 3730 2666 3802 θεωρουμένης
2688 3731 2976 3801 ἁπλότητι,
2992 3732 3090 3801 τῆς
3110 3731 3164 3784 δὲ
3197 3731 3453 3801 δευτέρας
3486 3731 3673 3784 ἀναλό-

415 3826 721 3899 dignitatis,
749 3840 852 3893 qua
892 3823 1078 3892 pollet,
1127 3831 1186 3873 ut
1218 3819 1394 3888 prima
1426 3817 1645 3886 quidem
1677 3825 1730 3869 et
1759 3815 1991 3868 maxime

2096 3839 2232 3892 γως,
2264 3822 2400 3875 κατά
2421 3819 2480 3874 rb
2505 3821 2702 3894 μέτρον
2726 3825 2823 3893 τῆς
2851 3823 2959 3874 τῶν
2991 3823 3272 3892 πρωτείων
3295 3824 3559 3890 ὑφέσεως,
3583 3821 3675 3875 καὶ

415 3917 637 3990 propria
671 3915 976 3971 substantia
1001 3912 1158 3983 quasi
1191 3912 1243 3965 in
1281 3925 1406 3964 arce
1437 3918 1488 3963 et
1512 3909 1749 3963 culmine
1781 3907 1993 3976 simpli-

2095 3914 2187 3967 τὸν
2215 3914 2313 3984 τῆς
2345 3914 2643 3985 ἁπλότητος
2664 3914 2822 3982 λόγον
2845 3913 3276 3984 ὐποστελλούσης
3295 3930 3309 3943 ·
3337 3913 3431 3966 καὶ
3456 3915 3548 3966 ὲπὶ
3575 3912 3674 3982 τῆς

414 4012 598 4066 citatis
637 4010 1026 4072 constituatur;
1061 4004 1323 4068 secunda,
1352 4002 1711 4071 proportione
1753 3999 1988 4070 quadam

2095 4004 2407 4069 τελευταίας
2436 4005 2697 4069 ὡσαύτως
2730 4006 2981 4060 τοσοῦτον
3006 4005 3427 4059 ὐποκαταϋαίνει
3461 4005 3556 4076 τῆς
3584 4022 3673 4057 τε-

413 4103 713 4159 secundum
751 4115 1064 4155 mensuram
1102 4097 1378 4150 distantia!
1417 4110 1446 4148 a
1490 4095 1683 4164 prima,
1730 4092 1994 4162 simplici-

2095 4096 2246 4160 λείας
2275 4098 2594 4168 ἁπλότητος,
2628 4100 2748 4152 ὅσον
2775 4100 2867 4152 καὶ
2896 4101 2927 4168 ή
2961 4099 3221 4165 ἀναλογία
3243 4098 3338 4150 τοῦ
3367 4097 3675 4167 ἀξιώματος

414 4197 543 4251 tatis
565 4195 830 4249 rationem
868 4190 1193 4259 participet;
1223 4196 1276 4241 ct
1303 4186 1465 4241 tertia
1494 4186 1749 4240 similiter
1772 4193 1988 4238 tantum

2095 4188 2311 4242 ἐπὶτῶν
2335 4189 2577 4259 ἐσχάτων
2599 4189 3099 4258 κατασμικρύνεται
3120 4206 3133 4219 ο
3155 4189 3228 4252 ὡς
3252 4190 3316 4241 ἐκ
3335 4188 3525 4241 τούτου
3549 4205 3675 4257 συμ-

417 4305 444 4340 a
487 4286 725 4357 perfecta
765 4282 1112 4352 simplicitate
1156 4279 1396 4341 recedat,
1452 4285 1718 4348 quantum
1765 4291 1991 4331 necesse

2097 4281 2302 4334 ϐαίνειν
2339 4281 2436 4352 τὴν
2476 4281 2570 4352 μὲν
2613 4282 2706 4334 τοῦ
2733 4282 2944 4351 Πατρὸς
2973 4282 3160 4335 οὐσίαν
3195 4280 3372 4350 ἀπλῆν
3422 4280 3674 4350 καθαρῶς

415 4391 500 4435 cst
550 4376 957 4448 proportionem
1011 4383 1064 4426 et
1121 4379 1324 4426 statum
1367 4369 1654 4439 dignitatis
1713 4368 1990 4433 imminui,

2096 4372 2439 4426 ὑπονοεῖσθαι
2464 4392 2475 4403 ·
2531 4374 2628 4444 τὴν
2670 4373 2726 4426 δὲ
2773 4373 2869 4426 τοῦ
2902 4372 3054 4436 Υίοῦ,
3095 4373 3168 4443 μὴ
3205 4371 3447 4443 ἀκριϐῶς
3475 4372 3670 4442 ἁπλῆν,

415 4469 552 4521 adeo
585 4475 641 4519 ut
683 4480 750 4520 ex
777 4463 880 4518 hoc
911 4468 1192 4530 sequatur,
1223 4458 1405 4515 Patris
1457 4459 1677 4529 quidem
1729 4459 1990 4512 substan-

2096 4463 2230 4517 ἀλλά
2266 4464 2358 4517 καὶ
2393 4465 2490 4535 τῆς
2517 4464 2771 4518 συνθέτου
2800 4465 3012 4534 φύσεως
3050 4465 3186 4535 αὐτῇ
3223 4461 3670 4534 παραμεμίχθαι·

411 4562 566 4618 tiam.
628 4572 764 4626 pure
814 4566 867 4609 et
906 4569 1057 4608 mere
1113 4552 1413 4620 simplicem
1471 4566 1628 4618 esse;
1682 4549 1803 4603 Filii
1853 4565 1983 4605 vero
2023 4537 2056 4591 Π

2027 4537 2065 4591 D
2093 4556 2184 4611 τοῦ
2219 4557 2274 4610 δὲ
2316 4557 2470 4626 ἀγίου
2502 4556 2815 4626 Πνεύματος
2848 4556 3163 4620 πλεονάζειν
3212 4558 3269 4609 ὲν
3309 4554 3385 4624 τῷ
3430 4553 3672 4624 συνθέτῳ

411 4650 779 4706 subslantiam
825 4663 934 4701 non
981 4645 1305 4714 simpliciter
1347 4643 1648 4713 simplicem
1692 4658 1834 4705 esse,
1890 4644 1985 4698 sed

2089 4648 2187 4719 τὴν
2205 4647 2382 4716 φύσιν,
2397 4645 2489 4698 τοῦ
2511 4647 2610 4714 τῆς
2633 4645 2933 4715 ἁπλότητος
2957 4645 3116 4712 λόγου
3135 4641 3255 4696 κατ’
3279 4641 3458 4709 ὀλίγον
3485 4642 3542 4692 ἐν
3563 4641 3673 4701 τοῖς

383 4727 614 4810 aliquid
683 4739 1101 4809 compositionis
1160 4736 1452 4789 admistum
1501 4735 1748 4802 habere;
1810 4737 1987 4790 sancti

2091 4739 2340 4809 ἐσχάτοις
2374 4737 2786 4807 ἐλαττουμένου.
2846 4736 3056 4806 Ὥσπερ
3102 4735 3211 4806 γάρ
3243 4733 3303 4787 rb
3345 4732 3420 4801 μὴ
3458 4729 3675 4789 τελείως

411 4837 646 4906 Spiritus
710 4843 891 4889 autem
926 4833 1288 4888 substantiam
1341 4833 1632 4901 plurimum
1664 4831 1730 4886 de
1759 4846 1986 4900 compo-

2090 4832 2292 4900 ἀγαθὸν
2333 4831 2488 4903 μέρει
2516 4832 2622 4885 τινὶ
2651 4833 2749 4902 τῆς
2778 4833 3025 4895 ἐναντίας
3057 4831 3225 4897 ἕξεως
3260 4828 3511 4899 μετέχειν
3543 4826 3669 4892 ὁμο·

411 4930 629 4986 sitionis
658 4935 849 4981 natura
883 4926 1229 4996 participare,
1281 4940 1404 4978 cum
1452 4923 1818 4992 simplicitatis
1846 4926 1987 4978 ratio

2090 4923 2346 4992 λογεῖται,
2379 4924 2551 4988 οὕτως
2577 4924 2605 4976 ὃ
2631 4924 2707 4995 μὴ
2731 4923 3008 4988 παντελῶς
3041 4925 3188 4977 ἐστιν
3213 4919 3438 4985 ἀπλοῦν,
3470 4917 3531 4970 οὐ
3554 4916 3672 4968 διας

411 5027 465 5078 in
505 5019 763 5074 extremis
809 5017 1069 5088 paulatim
1107 5015 1506 5072 imminuatur:
1537 5022 1591 5068 et
1631 5013 1791 5068 sicuti
1830 5015 1982 5079 illud,

1496 5031 1506 5072 :
1537 5022 1591 5068 et
1631 5013 1791 5068 sicuti
1830 5015 1982 5079 illud,
2097 5015 2288 5085 φεύγει
2311 5017 2372 5070 rb
2400 5017 2474 5088 μὴ
2509 5017 2762 5072 σύνθετον
2791 5014 2928 5071 εἶναι
2949 5017 3141 5070 δοκεῖν.

409 5115 553 5185 quod
601 5129 708 5167 non
761 5121 845 5166 est
891 5110 1132 5181 perfecte
1177 5111 1378 5164 bonum
1410 5149 1425 5170 ,
1494 5111 1548 5164 in
1601 5117 1752 5177 parte
1795 5108 2030 5178 quadam
2107 5112 2371 5164 contrarii
2423 5111 2641 5165 habitus
2686 5125 2916 5164 consors
2958 5124 3102 5170 esse,
3159 5105 3401 5161 omnium
3452 5101 3673 5158 confes-

408 5215 580 5277 sione,
615 5209 880 5265 asseritur
912 5225 924 5258 :
967 5207 1040 5259 ita
1071 5206 1145 5270 id,
1171 5207 1317 5277 quod
1367 5222 1475 5261 non
1507 5206 1731 5259 omnino
1763 5185 2018 5273 simplex.
2034 5212 2138 5270 est,
2170 5205 2408 5277 ellugere
2439 5207 2585 5261 haud
2620 5213 2819 5276 potest,
2854 5204 3154 5274 quominus
3217 5198 3468 5254 videatur
3527 5209 3678 5251 com-

427 5307 646 5360 )ositum
701 5317 840 5357 esse.

407 5323 646 5376 posuum
701 5323 840 5357 esse.

477 5398 632 5466 Quod
658 5404 836 5452 autem
873 5395 986 5449 lucc
1019 5400 1295 5464 spectans,
1330 5392 1438 5444 isto
1474 5388 1737 5458 loquendi
1775 5403 1977 5459 genere

2131 5391 2136 5399 '
2157 5386 2267 5438 Καὶ
2286 5387 2366 5439 ὅτι
2386 5385 2558 5439 ταῦτα
2580 5385 2716 5438 νοῶν
2734 5385 2941 5447 τούτοις
2957 5387 3067 5448 τοῖς
3087 5385 3263 5451 λόγοις
3286 5383 3571 5454 κέχρηται,
3591 5382 3677 5435 διά

408 5492 478 5546 sit
534 5506 689 5552 usus,
740 5485 1080 5542 manifestius
1145 5484 1234 5538 ﬁet
1303 5499 1369 5538 ex
1432 5481 1817 5551 sequentibus,
1889 5479 1978 5534 ubi

2089 5479 2196 5532 τῶν
2217 5479 2412 5548 ἐφεξῆς
2435 5481 2765 5549 σαφέστερον
2785 5479 3080 5542 δείκνυται,
3101 5477 3165 5530 δι’
3191 5469 3264 5529 ὧν
3290 5473 3665 5547 φανερώτερον

408 5585 652 5654 apertius
682 5591 735 5638 et
771 5581 975 5636 clarius
1008 5578 1462 5634 existimationem
1487 5574 1627 5630 Filio
1657 5583 1712 5630 et
1751 5573 1980 5644 Spiritui

2089 5571 2169 5633 εἰς
2204 5567 2572 5640 χαμαιζήλους
2598 5568 2772 5631 τινάς,
2805 5569 2899 5622 καὶ¹
2929 5567 3190 5628 ταπεινὰς
3223 5564 3516 5636 ὑπολήψεις
3543 5581 3671 5616 κατε

404 5688 600 5734 sincto
626 5674 861 5729 debitam
918 5673 983 5727 ad
1028 5671 1262 5725 humiles
1297 5669 1561 5740 quasdam
1627 5675 1681 5722 et
1734 5665 1980 5735 abiectas

2089 5660 2210 5722 ἀγει
2237 5660 2333 5729 τὴν
2361 5659 2599 5730 περὶτοῦ
2625 5659 2754 5712 Υίού
2784 5659 2875 5713 καὶ
2897 5657 3211 5728 Πνεύματος
3243 5656 3468 5709 ἔννοιαν.
3517 5657 3674 5722 Eny-

408 5760 692 5832 Opinioncs
723 5763 960 5819 deducit.
991 5759 1124 5818 Cum
1154 5760 1317 5824 enim,
1348 5758 1546 5829 inquit,
1579 5755 1822 5824 operibus
1865 5756 1972 5808 cir—

2084 5749 2625 5820 περιγραφομένων,
2655 5751 2805 5820 φησὶ,
2837 5749 2958 5816 τοῖς
2985 5750 3178 5818 ἔργοις
3202 5744 3669 5815 abieram-£wa
