4166 6372
388 342 502 397 525

1559 341 1834 400 CONTRA
1879 339 2261 411 EUNOMIUM,
2306 341 2431 398 LIB.
2476 343 2514 396 ι.

3557 347 3663 401 526

397 458 495 513 καὶ
534 456 652 511 τῶν
690 460 879 528 ἔργων
903 458 1033 525 ταῖς
1068 457 1185 512 τῶν
1211 458 1636 530 ἐργασαμένων
1665 462 1985 531 ἐνεργείαις

2092 460 2517 515 cumscribantur
2544 444 2769 530 energiaz
2791 477 2881 515 seu
2905 462 3257 530 operationes,
3280 472 3330 516 et
3358 462 3483 530 ipsis
3504 468 3665 519 etiam

400 551 1002 622 παραμετρουμένων,
1025 552 1258 621 ἀνάγκη
1288 552 1485 622 δήπου
1510 555 1607 607 καὶ
1636 555 1741 621 τὰς
1759 554 1985 622 ἑκάστῃ

399 642 519 696 τῶν
551 641 778 696 οὐσιῶν
810 642 1107 711 ἑπομένας
1134 643 1459 713 ἐνεργείας,
1481 646 1772 712 ἐλάττους
1807 664 1872 700 τε
1890 646 1988 700 καὶ

393 733 632 805 μείζους
660 731 812 789 εἷναι
836 753 849 765 ο
881 735 978 788 καὶ
1006 737 1112 801 τὰς
1132 736 1248 804 μὲν
1279 737 1540 806 πρώτην,
1568 742 1676 806 τὰς
1696 739 1763 792 δὲ
1791 740 1990 793 δευτέ-

392 844 513 896 ραν
543 826 786 894 ἐπέχειν
813 826 1003 891 τάξιν.
1036 826 1222 881 Ταῦτα
1250 830 1359 900 γὰρ
1391 832 1439 883 εἰ
1473 830 1566 883 καὶ
1591 830 1889 899 φιλοπόνως
1922 833 1987 902 τῇ

399 919 597 992 ὁμίχλῃ
636 919 733 989 τῆς
773 918 973 985 λέξεως
1020 921 1369 991 συγκαλύψας
1428 922 1765 994 δυσθήρατον
1811 923 1989 975 αὐτῶν

400 1010 495 1081 τὴν
520 1010 727 1064 ἔννοιαν
762 1008 898 1065 εἶναι
922 1014 1032 1075 τοῖς
1055 1012 1263 1074 πολλοῖς
1285 1015 1692 1085 παρεσκεύασεν
1717 1036 1729 1047 ι
1754 1016 1865 1069 ἀλλ’
1898 1012 1990 1070 οῦν

404 1105 466 1155 ἐκ
494 1105 593 1173 τῆς
623 1102 943 1168 ἀκολουθίας
965 1105 1074 1157 τῶν
1104 1104 1489 1176 ἐξητασμένων
1553 1108 1791 1173 εὐκόλως
1822 1126 1991 1179 σαφη-

402 1194 734 1263 νισθήσεται.
769 1197 815 1248 Σ
817 1196 1439 1266 υμπεριγραςρομένων,
1466 1199 1619 1267 φησὶ,
1648 1199 1773 1263 τοῖς
1797 1200 1991 1268 ἔργοις

402 1280 521 1336 τῶν
538 1279 871 1353 ἐνεργειῶν.
895 1286 1072 1354 Ἔργα
1093 1284 1345 1355 ὀνομάζει
1360 1285 1450 1338 τὸν
1468 1287 1613 1349 Υἱὸν,
1633 1286 1726 1339 καὶ
1744 1287 1882 1340 Πνεῦ
1892 1304 1988 1359 μα’

399 1373 765 1445 ἐνεργείαςδέ
793 1375 889 1438 τὰς
924 1376 1349 1439 ἀποτελεστικὰς
1374 1378 1577 1430 τούτων
1605 1378 1892 1448 δυνάμεις,
1923 1381 1989 1435 δι’

403 1459 477 1517 ὧν
510 1465 995 1537 ἁπειργάσθησαν,
1041 1467 1221 1538 ἇσπερ
1276 1468 1457 1539 μικρῷ
1503 1470 1737 1541 πρόσθεν
1764 1469 1991 1525 ἕπεσθαί

406 1572 540 1625 φησι
581 1559 701 1619 ταῖς
738 1557 967 1621 οὐσίαις.
1040 1558 1103 1611 Ἡ
1148 1558 1205 1611 δὲ
1265 1556 1359 1610 τοῦ
1398 1560 1993 1631 συμπεριγράφεσθαι

404 1647 547 1713 λέξις
579 1648 729 1718 δηλοῖ
759 1648 818 1701 τὸ
851 1650 1155 1702 ἰσοστάσιον
1194 1652 1291 1719 τῆς
1324 1650 1775 1723 ἁποτελεσθείσης
1805 1654 1991 1717 οὐσίας

404 1738 541 1808 πρὸς
576 1737 673 1809 τὴν
708 1739 1097 1809 ύποστήσασαν
1123 1739 1352 1811 δύναμιν
1381 1757 1396 1772 ⁸
1444 1742 1642 1813 μᾶλλον
1668 1744 1723 1796 δὲ
1750 1746 1869 1815 οὐχὶ
1898 1746 1989 1798 δύ-

2091 551 2334 618 operibus
2364 552 2696 620 operantium
2737 558 3065 619 operationes
3101 566 3594 608 commensurentur
3616 567 3668 609 et

2090 643 2453 712 adatquentur,
2489 660 2693 697 necesse
2719 652 2795 696 est
2820 645 3173 710 operationes,
3204 662 3321 714 qua:
3371 651 3439 700 ad
3480 666 3669 718 quam-

2092 737 2213 789 libet
2244 736 2665 789 substantiarum
2695 744 3104 804 consequuntur,
3148 738 3376 806 majores
3416 749 3465 791 et
3504 740 3668 792 mino-

2091 843 2173 880 res
2203 843 2336 886 esse.
2365 836 2412 879 et
2452 826 2548 879 has
2577 826 2787 896 quidem
2818 827 3041 895 primas,
3082 827 3207 882 illas
3256 846 3373 883 vero
3406 831 3666 886 secundas

2094 929 2284 972 tenere.
2329 918 2452 972 llaec
2486 919 2630 972 enim
2667 920 2790 971 licet
2820 918 3065 973 studiose
3097 921 3391 975 verborum
3432 924 3668 994 caligine

2095 1017 2354 1077 cooperta
2387 1025 2609 1064 sensum
2647 1009 2967 1063 contineant.
3003 1010 3284 1065 intellectu
3314 1020 3366 1067 et
3396 1014 3666 1083 explicata

2095 1102 2280 1154 multis
2312 1102 2465 1154 valde
2497 1100 2792 1161 diﬁit-ilem,
2852 1111 3029 1155 tamen
3083 1116 3148 1154 ex
3183 1117 3475 1171 progressu
3518 1105 3667 1160 refu-

2094 1193 2321 1245 tationis
2352 1190 2511 1246 facile
2566 1193 2897 1246 eluccscent.
2960 1190 3093 1244 Cum
3140 1192 3667 1261 circumscribantur,

2093 1285 2290 1353 inquit,
2324 1284 2566 1350 operibus
2598 1283 2955 1351 operationes.
2986 1284 3160 1352 Opera
3194 1284 3439 1339 nominat
3467 1286 3666 1342 Filium

2092 1384 2145 1430 et
2170 1375 2454 1444 Spiritum,
2483 1378 2808 1443 operationes
2863 1390 2989 1427 vero
3038 1375 3416 1444 productrices
3469 1379 3664 1435 horum

2094 1467 2402 1531 facultates,
2440 1466 2642 1536 quibus
2671 1466 2918 1535 producti
2951 1476 3100 1531 sunt,
3128 1484 3267 1538 quas
3304 1471 3465 1538 paulo
3510 1480 3669 1526 antea

2092 1559 2231 1615 dixit
2260 1560 2415 1629 sequi
2444 1559 2509 1612 ad
2545 1558 2906 1613 substantias.
2945 1560 3013 1612 At
3045 1575 3173 1614 vero
3202 1577 3303 1615 vox
3335 1562 3671 1619 circumscri-

2094 1650 2246 1705 bendi
2281 1651 2550 1721 signiﬁcat
2576 1652 2838 1720 :equalcm
2869 1660 3068 1705 statum
3097 1652 3376 1720 producta:
3405 1656 3672 1712 substan-

2094 1746 2180 1799 tia:
2219 1760 2341 1799 cum
2396 1744 2675 1805 facultate,
2732 1760 2852 1812 qme
2910 1745 3056 1798 illam
3094 1747 3397 1814 producere
3447 1757 3669 1818 potest;

405 1847 589 1900 ναμιν,
623 1830 759 1883 ἀλλὰ
787 1831 1071 1902 δυνάμεως
1106 1833 1385 1903 ἐνέργειαν
1412 1853 1426 1865 ·
1471 1835 1655 1899 καθὼς
1681 1838 1841 1900 αὐτὸς
1872 1841 1985 1892 ὀνο-

2092 1836 2175 1890 vel
2214 1835 2395 1905 potius
2427 1850 2535 1888 non
2582 1851 2706 1887 cum
2745 1836 3023 1899 tacultate,
3062 1839 3155 1891 sed
3211 1854 3334 1892 cum
3394 1840 3671 1897 lacullatis

408 1922 569 1992 μάζει
592 1940 605 1954 °
650 1924 735 1976 ἵνα
766 1924 839 1995 μὴ
870 1925 1051 1995 πάσης
1079 1927 1177 1995 τῆς
1207 1926 1302 1978 τοῦ
1336 1928 1679 1999 ἐνεργοῦντος
1710 1930 1988 2002 δυνάμεως

404 2015 562 2085 ἔργον
642 2015 702 2067 τὸ
728 2016 1096 2087 ἀποτέλεσμα,
1117 2017 1250 2072 ἀλλά
1268 2036 1412 2083 τινος
1437 2022 1668 2092 μερικῆς
1689 2024 1986 2094 ἐνεργείας,

403 2106 658 2160 τοσοῦτον
681 2108 783 2177 τῆς
813 2108 993 2181 πάσης
1024 2110 1305 2179 δυνάμεως
1330 2112 1663 2185 κινηθείσης,
1701 2116 1822 2168 ὅσον
1854 2116 1991 2186 σύμ-

406 2214 604 2269 μετρον
680 2186 868 2267 ἔμελλε
903 2204 968 2272 τῇ
1020 2203 1335 2275 ἀπεργασίᾳ
1363 2203 1456 2257 τοῦ
1502 2208 1789 2277 γινομένου
1815 2210 1988 2281 φανή-

405 2289 613 2344 σεσθαι.
653 2291 763 2345 Καὶ
789 2292 952 2346 πάλιν
982 2293 1041 2347 τὸ
1072 2295 1204 2347 αὐτὸ
1242 2298 1658 2367 ἐπαναπρέψας
1691 2302 1843 2371 φησι,
1881 2302 1989 2355 Καὶ

402 2377 518 2430 τῶν
535 2379 723 2447 ἔργων
738 2380 867 2447 ταῖς
882 2381 1003 2435 τῶν
1022 2384 1448 2454 ἐργασαμένων
1467 2388 1780 2457 ἐνεργείαις
1806 2405 1991 2459 παρα-

397 2469 837 2539 μετρουμένων.
881 2473 1096 2527 Τούτων
1129 2475 1184 2528 δέ
1215 2477 1243 2529 ὁ
1268 2477 1391 2540 νοῦς
1421 2478 1629 2547 γένοιτο
1655 2480 1719 2533 ἂν
1751 2484 1880 2551 ἡμῖν
1923 2482 1988 2534 δι’

403 2562 796 2633 ὑποδείγματπ
837 2567 1276 2640 γνωριμώτερος.
1345 2570 1705 2642 Ὑποθώμεθα
1745 2574 1852 2644 γὰρ
1898 2576 1990 2628 ἐπὶ

399 2654 633 2724 ὀργάνου
686 2657 830 2722 τινὸς
864 2658 973 2711 τῶν
1028 2663 1436 2733 σκυτοτομικῶν
1496 2658 1636 2719 εἶναι
1691 2666 1781 2719 τὸν
1834 2666 1990 2736 λόγον

399 2746 543 2802 οὕτω
564 2766 577 2778 ·
617 2747 679 2802 τὸ
703 2749 914 2822 σμίλιον
942 2754 1019 2816 είς
1049 2753 1248 2807 κύκλου
1274 2757 1371 2826 σγῆ
1382 2774 1455 2827 μα
1485 2757 1870 2827 περιηγμένον,
1894 2758 1989 2811 ἐὰν

401 2840 666 2912 ἐπιῦληθῇ
699 2859 801 2895 τινι
828 2835 872 2910 ᾧ
899 2843 1003 2914 χρὴ
1043 2844 1134 2897 τὸν
1165 2846 1401 2899 τοιοῦτον
1433 2848 1751 2916 ἐγγενέσθαι
1796 2848 1989 2914 τύπον,

404 2932 914 3002 συμπεριγρὰφεται
957 2934 1037 3005 τῷ
1076 2941 1312 3006 σχήματι
1337 2938 1428 2991 τοῦ
1458 2942 1679 3011 σιδήρου
1709 2941 1771 2993 τὸ
1791 2941 1856 2993 δι’
1886 2942 1984 2993 αύ-

400 3024 494 3076 τοῦ
523 3025 931 3095 ἐντεμνόμενον,
962 3028 1054 3079 καὶ
1084 3029 1337 3093 τοσοῦτος
1367 3034 1395 3085 ὁ
1434 3035 1493 3085 ἐν
1523 3037 1588 3105 τῇ
1618 3037 1756 3105 τομῇ
1792 3034 1989 3099 κύκλος

400 3115 763 3187 δειχθήσεται,
798 3119 921 3182 ὅσος
958 3121 1017 3171 ἐν
1044 3120 1123 3190 τῷ
1163 3122 1376 3192 ὀργάνῳ
1392 3122 1524 3176 ἐστί·
1546 3126 1641 3178 καὶ
1672 3126 1981 3192 πάλιν,ὃσῳ

400 3208 730 3279 διαστήματι
756 3210 1049 3280 περιῆκται
1087 3213 1146 3265 τὸ
1178 3213 1429 3285 ὄργανον,
1468 3216 1719 3270 τοσοῦτον
1759 3219 1853 3271 καὶ
1892 3219 1979 3271 διὰ
2012 3182 2055 3240 c

401 3300 500 3369 τῆς
528 3302 700 3372 τομῆς
736 3302 1066 3374 περιγράψει
1102 3304 1190 3357 τὸν
1218 3305 1434 3359 κύκλον.
1475 3307 1710 3379 Τοιαύτη
1740 3308 1832 3361 τοῦ
1862 3310 1980 3363 θεο-

401 3392 558 3461 λόγου
592 3396 623 3463 ή
660 3394 836 3449 ἔννοια
867 3398 994 3464 περὶ
1026 3398 1126 3466 τῆς
1168 3399 1316 3462 θείας
1348 3399 1440 3452 τοῦ
1483 3399 1814 3468 Μονογενοῦς
1847 3402 1975 3455 ύπο·

403 3487 662 3549 στάσεως.
683 3487 1019 3558 Ἐνέργειάν
1039 3507 1171 3542 τινα
1188 3491 1450 3561 καθάπερ
1471 3492 1725 3561 ὄργανον
1743 3492 1817 3561 τῇ
1837 3492 1984 3562 πρώ·

401 3595 472 3645 τῃ
499 3580 677 3646 οὐσίᾳ
698 3581 1120 3649 παρεπομένην
1140 3583 1481 3652 σύμμετρόν
1507 3601 1668 3655 φησιν
1691 3588 1854 3657 ἑαυτῇ
1890 3586 1979 3659 ἕρ-

399 3687 494 3737 γον
524 3673 880 3741 πεποιηκέναι
899 3675 989 3726 τὸν
1013 3674 1214 3745 Κύριον
1235 3692 1248 3706 ·
1289 3676 1460 3740 οὕτως
1481 3673 1587 3729 εἶδε
1620 3678 1711 3731 τὸν
1734 3679 1862 3731 Υίὸν
1886 3678 1979 3732 τοῦ

400 3762 534 3815 Θεοῦ
562 3762 823 3829 δοξάζειν,
851 3766 939 3818 τὸν
995 3764 1069 3819 ἐν
1097 3766 1168 3834 τῇ
1194 3767 1343 3836 δόξῃ
1371 3770 1475 3823 τοῦ
1511 3772 1738 3838 Πατρὸς
1779 3772 1872 3825 νῦν
1898 3773 1981 3825 δο-

402 3853 715 3923 ξαζόμενον,
746 3858 839 3910 καὶ
867 3859 922 3910 ἐν
946 3857 1024 3927 τῷ
1050 3858 1224 3929 καιρῷ
1250 3862 1349 3929 τῆς
1374 3861 1607 3932 κρίσεως
1636 3862 1980 3934 ἐκκαλυφθη-

402 3946 626 4015 σόμενον
654 3962 669 3977 ·
712 3945 899 4000 τοῦτόν
934 3965 1096 4018 φησιν
1121 3948 1296 4018 ἔργον
1338 3953 1485 4010 ὄντα,
1520 3954 1586 4021 τῇ
1630 3953 1977 4025 ἐργασαμένη

399 4034 560 4089 αὑτὸν
590 4036 837 4108 ἐνεργείᾳ
878 4041 1389 4115 παραμετρεῖσθαι.
1420 4040 1515 4104 Τίς
1547 4042 1722 4094 τοίνυν
1750 4045 1783 4113 ἡ
1832 4044 1980 4115 ἐνέρ-

399 4144 541 4195 γεια,
580 4128 615 4198 ἡ
653 4127 728 4199 τῷ
753 4127 872 4199 Θεῷ
906 4113 1005 4198 μέν
1046 4129 1154 4183 τῶν
1186 4130 1323 4184 ὅλων
1362 4133 1748 4203 παρεπομένη·
1792 4134 1897 4204 πρὸ
1924 4113 1980 4187 δὲ

399 4218 493 4271 τοῦ
530 4218 866 4287 Μονογενοῦς
898 4220 1184 4293 νοουμένη,
1233 4224 1326 4275 καὶ
1370 4225 1783 4295 περιγράφουσα
1815 4224 1977 4278 αὑτοῦ

397 4310 495 4381 τὴν
530 4311 752 4376 οὐσίανς
798 4309 1037 4382 Δύναμίς
1064 4330 1147 4377 τις
1194 4314 1457 4385 ούσιὼδης
1497 4316 1619 4369 καθ’
1645 4317 1841 4385 ἑαυτὴν
1886 4319 1980 4387 ὑφ-

398 4402 643 4468 εστῶσα,
692 4404 787 4457 καὶ
831 4404 891 4456 τὸ
919 4403 1108 4457 δοκοῦν
1146 4405 1488 4475 ἐργαζομένη
1521 4407 1588 4460 δι’
1631 4409 1976 4475 αύτεξουσίου

398 4492 724 4562 κινήματοςς
755 4494 962 4546 υύκοῦν
988 4494 1144 4564 αὑτὴ,
1186 4497 1373 4568 Πατὴρ
1405 4497 1495 4550 τοῦ
1528 4500 1731 4569 Κυρίου
1755 4515 1770 4530 ⁸
1800 4502 1891 4554 καὶ
1924 4502 1976 4555 τί

398 4578 478 4633 ἐτι
503 4582 903 4652 ἐπιθρυλλείται
946 4584 1023 4655 τῷ
1051 4587 1137 4638 ἐπὶ
1190 4586 1404 4639 πάντων
1430 4587 1545 4658 Θεῷ
1580 4591 1612 4661 ἠ
1638 4591 1732 4643 τοῦ
1768 4593 1979 4664 Πατρός

399 4671 608 4741 κλῆσις,
637 4674 685 4725 εἰ
719 4675 793 4745 μὴ
823 4676 1051 4741 ἐκεῖνος,
1090 4677 1225 4732 ἁλλά
1252 4696 1333 4743 τις
1362 4682 1607 4752 ἐνέργεια
1647 4684 1755 4735 τῶν
1786 4684 1982 4748 ἔξωθεν

400 4766 803 4835 παρεπομένων
835 4768 925 4820 τὸν
959 4769 1084 4845 Υίὸν
1111 4770 1483 4843 ἀπειργάσατο
1508 4792 1522 4840 ;
1558 4774 1675 4837 πῶς
1703 4776 1758 4828 δὲ
1782 4776 1928 4839 Υἱὸς,
1956 4779 1984 4829 ὁ

399 4855 527 4921 Υἱός
555 4874 568 4888 ·
597 4858 654 4909 ὂν
682 4859 748 4911 δι’
774 4860 960 4929 ἐτέρου
983 4861 1078 4930 μέν
1115 4879 1261 4926 τινος
1286 4865 1587 4935 ὑποστῆναι
1621 4867 1788 4935 λέγει,
1816 4868 1985 4921 καθά-

399 4968 504 5021 περ
532 4952 589 5005 δέ
610 4971 733 5007 τινα
757 4954 861 5007 τῶν
890 4956 1291 5027 ὑποϐολιμαίων
1329 4966 1343 5029 ί
1366 4961 1521 5024 ἵλεως
1548 4962 1604 5014 δέ
1630 4964 1714 5033 εἴη
1736 4964 1812 5034 τῷ
1836 4963 1979 5034 λόγῳ

395 5043 425 5095 ὁ
446 5042 693 5114 Κύριος),
708 5043 849 5097 οὕτω
865 5046 962 5117 τὴν
988 5049 1292 5118 οἰκειότητα
1314 5051 1405 5103 τοῦ
1431 5052 1641 5121 Πατρὸς
1659 5053 1980 5109 ὑποδύεσθαι

399 5137 532 5207 μόνῃ
560 5140 625 5207 τῇ
668 5140 1009 5210 προσηγορίᾳ
1038 5141 1131 5194 τοῦ
1159 5140 1288 5194 Υἰοῦ
1324 5146 1711 5214 τετιμημένον;
1762 5148 1880 5211 πῶς
1923 5148 1980 5201 δὲ

399 5228 533 5297 μετὰ
560 5228 653 5280 τὸν
680 5228 811 5282 Θεὸν
844 5230 951 5283 τῶν
981 5232 1136 5295 ὅλων,
1172 5234 1264 5285 καὶ
1288 5234 1378 5287 τὸν
1409 5235 1612 5307 Κύριον
1637 5239 1788 5305 τάξει
1813 5242 1839 5292 ὁ
1860 5240 1977 5310 τρί-

394 5338 483 5374 τον
509 5322 574 5373 ἐκ
594 5320 689 5373 τοῦ
722 5322 933 5394 Πατρὸς
962 5325 1053 5378 τὸν
1084 5327 1212 5380 Υἱὸν
1236 5328 1505 5398 ἀριθμῶν,
1534 5333 1633 5401 τῆς
1662 5331 1974 5401 μεσιτευού-

396 5428 493 5481 σης
540 5414 820 5483 ἐνεργείας
867 5415 1082 5484 ἐκείνης
1127 5419 1182 5469 ἐν
1229 5418 1456 5493 δευτέρᾳ
1503 5422 1655 5488 τάξει
1707 5423 1844 5493 μετὰ
1881 5423 1972 5475 τὸν

394 5502 488 5553 érz’t
512 5502 729 5555 πάντων
758 5504 888 5557 Θεὸν
920 5506 1348 5579 ἀριθμουμένης,
1380 5510 1519 5563 κατὰ
1546 5510 1601 5563 δὲ
1628 5511 1724 5581 τὴν
1751 5512 1973 5564 ἀκολου-

396 5592 516 5645 θίαν
544 5593 771 5664 ταύτην,
806 5598 897 5649 καὶ
925 5598 1148 5670 Πνεῦμα
1176 5602 1236 5655 τὸ
1261 5602 1415 5670 ἅγιον
1451 5603 1665 5667 πάντως
1702 5606 1882 5657 οὐκέτι
1914 5606 1972 5657 ἐν

470 5778 513 5809 ⁸⁸
551 5779 785 5853 Philipp.
821 5797 885 5849 tt,
912 5782 991 5835 ll.

2093 1928 2439 1998 operatione,
2476 1926 2939 1996 quemadmodum
2973 1928 3088 1996 ipse
3134 1930 3401 1991 nominat,
3437 1947 3502 1985 nc
3545 1932 3670 1984 uui-

2091 2036 2266 2075 versae
2297 2020 2572 2075 facultatis
2605 2019 2747 2089 ejus.
2785 2020 2877 2088 qui
2918 2029 3197 2088 operatur,
3232 2038 3373 2091 opus
3432 2025 3523 2086 sit,
3574 2024 3669 2079 sed

2091 2110 2378 2181 cujusdam
2412 2112 2762 2181 particularis
2785 2112 3146 2180 operationis.
3170 2122 3379 2167 tantum
3416 2116 3672 2170 videlicet

2092 2218 2158 2256 ex
2200 2204 2369 2256 totius
2405 2201 2681 2257 facultatis
2707 2201 2919 2256 viribus
2958 2212 3215 2257 manante
3245 2222 3258 2257 :
3292 2213 3557 2272 quantum
3588 2207 3670 2259 vi-

2092 2293 2207 2347 deri
2240 2302 2419 2362 potest
2447 2309 2544 2364 par
2572 2300 2627 2347 et
2688 2308 2755 2347 ex
2802 2308 2961 2364 teque
2991 2295 3333 2363 respondens
3393 2297 3669 2351 ellectioni

2090 2386 2233 2453 ejus,
2264 2387 2406 2454 quod
2440 2384 2768 2455 productum
2811 2386 3273 2455 estJlursumque
3305 2386 3449 2442 idem
3492 2389 3673 2443 incul-

2091 2490 2224 2529 cans
2252 2477 2328 2528 ait
2361 2494 2373 2528 :
2412 2474 2645 2544 Cumque
2682 2492 2839 2542 opera
2892 2476 3022 2544 ipsis
3062 2478 3222 2530 etiam
3276 2480 3671 2547 operationibus

2088 2578 2580 2622 commensurentur
2610 2578 2659 2621 et
2693 2568 3032 2638 adtequentur
3060 2586 3077 2631 ,'
3112 2586 3343 2638 quorum
3377 2572 3667 2627 verborum

2092 2676 2291 2717 sensus
2342 2662 2545 2714 clarior
2600 2661 2689 2713 ﬁct
2739 2661 2919 2716 allatis
2957 2663 3242 2731 exemplis.
3299 2663 3573 2719 Ponamus
3604 2665 3672 2720 de

2091 2754 2464 2809 instrumento
2494 2755 2677 2823 aliquo
2710 2753 2920 2807 sutorio
2938 2770 3245 2808 sermonem
3280 2771 3404 2811 esse
3438 2758 3490 2810 in
3524 2758 3671 2813 hunc

2092 2847 2311 2899 modum
2338 2863 2352 2905 :
2379 2846 2654 2915 scalprum
2688 2846 2740 2897 in
2769 2846 2963 2897 circuli
2999 2846 3217 2899 modum
3242 2847 3667 2914 conformatum,

2091 2939 2135 2992 si
2168 2938 2480 3006 imponatur
2512 2936 2702 2995 alicui.
2740 2936 2793 2988 in
2820 2951 2928 3004 quo
2964 2935 3087 3004 quis
3118 2945 3305 3007 typum
3338 2937 3457 3005 ejus
3518 2948 3571 2993 et
3608 2938 3671 2992 ﬁ-

2089 3045 2280 3100 guram
2336 3029 2639 3099 exprimere
2680 3028 2826 3088 velit,
2883 3036 3014 3080 tunc
3066 3027 3117 3080 id
3176 3028 3320 3096 quod
3378 3029 3667 3095 scinditur,

2092 3118 2317 3171 formam
2348 3129 2397 3172 et
2438 3119 2664 3187 ﬁguram
2721 3116 2850 3170 ferri
2891 3116 3120 3185 recipit;
3173 3125 3227 3171 et
3269 3127 3455 3173 tantus
3494 3127 3577 3175 est
3612 3121 3667 3174 in

2091 3206 2333 3263 sectione
2367 3208 2625 3271 ambitus,
2683 3217 2924 3275 quantus
2960 3207 3014 3260 in
3077 3207 3461 3275 instrumento,
3495 3226 3671 3280 quan-

2092 3312 2253 3370 toque
2285 3301 2576 3354 intervallo
2620 3300 3063 3367 circumductum
3097 3309 3181 3355 est
3216 3302 3667 3367 instrumentum,

2092 3401 2301 3446 tantum
2340 3393 2390 3445 in
2420 3392 2662 3446 sectione
2699 3392 2862 3445 etiam
2894 3393 3161 3446 circulum
3185 3392 3482 3449 describet.
3522 3395 3670 3452 Talis

2088 3492 2173 3537 est
2209 3483 2448 3553 theologi
2501 3482 2665 3551 hujus
2714 3482 2976 3553 cogitatio
3022 3484 3089 3538 de
3155 3484 3338 3539 divina
3404 3487 3670 3557 unigeniti

2090 3573 2210 3628 Filii
2248 3575 2550 3645 hypostasi.
2592 3575 2700 3634 Ait.
2751 3574 3120 3644 Operationem
3152 3576 3461 3645 quamdam,
3516 3580 3673 3649 quasi

2089 3667 2514 3727 instrumentum,
2541 3683 2658 3737 qua:
2682 3667 2750 3719 ad
2772 3668 2999 3735 primam
3021 3666 3375 3722 substantiam
3397 3681 3668 3739 sequatur,

2086 3759 2319 3827 effecisse
2335 3774 2460 3825 opus
2474 3759 2576 3812 sibi
2591 3777 2701 3812 com
2711 3770 3092 3819 mensuratum.
3110 3761 3356 3816 videlicet
3382 3764 3668 3817 Dominum

2089 3859 2380 3905 nostrum:
2420 3851 2501 3905 sic
2532 3852 2678 3904 enim
2710 3850 2981 3921 gloriﬁcat
3032 3852 3135 3906 iste
3170 3852 3365 3906 Filium
3413 3854 3530 3918 Dei,
3571 3858 3667 3926 qui

2087 3944 2139 3997 in
2171 3944 2345 4013 gloria
2374 3942 2553 3997 Patris
2578 3945 2622 3974 ³⁸
2654 3960 2801 3999 nunc
2852 3946 3213 4015 glorilicatur,
3278 3947 3423 4001 hunc
3473 3952 3670 4004 asserit

2088 4051 2216 4104 opus
2246 4044 2752 4098 commensuratum,
2781 4044 2835 4089 ct
2864 4048 3011 4091 certa
3043 4041 3392 4107 proportione
3442 4056 3668 4111 respou-

2087 4128 2222 4182 dens
2254 4129 2326 4193 ei,
2362 4144 2467 4197 qua
2514 4127 2742 4183 eﬂ'eclus
2802 4129 2895 4192 sit,
2949 4131 3272 4199 operationi.
3332 4130 3462 4197 Quae
3502 4133 3669 4201 igitur

2086 4228 2170 4274 est
2236 4219 2349 4273 haec
2403 4220 2623 4288 encrgia
2660 4227 2713 4273 et
2750 4222 3015 4287 operatio,
3066 4240 3184 4292 quae
3241 4223 3407 4278 Deum
3444 4226 3665 4292 quidem

2086 4314 2470 4366 universorum
2523 4321 2811 4381 sequatur,
2870 4321 2923 4366 et
2957 4323 3081 4368 ante
3118 4313 3465 4385 Unigenitum
3532 4333 3662 4388 prte-

2086 4404 2432 4473 concipiatur
2491 4404 2957 4460 circumscribens
3027 4407 3200 4475 ipsius
3255 4408 3671 4465 substantiam?

2086 4496 2256 4551 Estne
2285 4496 2596 4551 esscntialis
2658 4497 2908 4565 quzedam
2974 4500 3236 4567 potentia,
3273 4515 3367 4569 per
3426 4501 3662 4570 scipsam

2085 4590 2415 4651 subsistens,
2472 4598 2526 4643 et
2588 4588 2859 4642 arbitratu
2908 4606 3029 4648 suo,
3067 4606 3161 4659 pcr
3200 4591 3425 4644 liberam
3466 4593 3661 4646 volun-

2082 4680 2210 4733 tatis
2240 4680 2511 4733 actionem
2566 4679 2640 4741 id,
2678 4678 2824 4748 quod
2887 4680 3084 4749 placet,
3154 4682 3439 4749 operans’
3491 4681 3663 4751 Igitur

2080 4773 2198 4841 ipsa
2252 4780 2357 4833 est,
2420 4770 2583 4825 Pater
2645 4769 2887 4828 Domini:
2949 4778 3002 4825 et
3036 4788 3136 4824 cur
3183 4773 3420 4841 amplius
3462 4789 3660 4828 nomen

2084 4862 2266 4917 Patris
2306 4862 2416 4917 Deo
2446 4864 2825 4917 universorum
2849 4863 3200 4918 attribuimus
3226 4906 3241 4929 ,
3289 4865 3333 4919 si
3368 4881 3476 4919 non
3524 4865 3658 4935 ipse.

2086 4958 2179 5012 sed
2214 4958 2435 5027 cnergia
2471 4957 2746 5026 quadam,
2780 4964 2834 5011 et
2864 4956 3110 5026 operatio
3133 4959 3476 5013 extrinsecus
3524 4975 3660 5013 con-

2084 5064 2324 5120 sequens
2388 5055 2442 5102 et
2501 5046 2800 5102 adveniens
2832 5046 3030 5101 Filium
3068 5047 3363 5116 producit?
3399 5048 3463 5102 Et
3519 5066 3660 5120 quo-

2083 5142 2245 5196 modo
2276 5141 2448 5195 Filius
2476 5148 2561 5195 est
2595 5137 2789 5201 Filius,
2820 5155 2981 5210 quem
3044 5156 3139 5206 per
3199 5142 3345 5196 aliud
3402 5144 3659 5213 quiddam

2083 5234 2407 5297 subsistere,
2439 5242 2491 5287 et
2514 5233 2688 5287 instar
2719 5233 3054 5302 supposititii
3089 5234 3372 5302 cujusdam
3401 5245 3457 5291 ct
3488 5240 3658 5307 spurii

2082 5326 2205 5397 (det
2234 5328 2449 5381 veniam
2485 5326 2717 5380 orationi
2760 5325 3066 5396 Dominus)
3099 5328 3152 5379 in
3186 5326 3368 5383 Patris
3426 5345 3657 5383 Consor-

2080 5420 2216 5472 tium
2247 5418 2554 5487 irrepsisse,
2583 5426 2637 5472 et
2687 5418 2804 5472 sola
2836 5414 2958 5470 Filii
2990 5418 3357 5487 appellatione
3388 5420 3647 5474 honesta-

2081 5518 2197 5564 tum
2224 5526 2347 5565 esse
2406 5510 2581 5563 dicit?
2634 5508 2919 5575 Quomodo
2970 5510 3267 5564 collocabit
3304 5520 3425 5579 post
3488 5511 3655 5567 Deum

2081 5604 2493 5668 universorum,
2527 5600 2724 5657 Filium
2751 5620 2766 5671 ;
2797 5602 2891 5673 qui
2911 5602 3133 5659 tertium
3164 5618 3194 5657 a
3230 5607 3387 5666 Patre
3411 5620 3664 5662 numerat
