4166 6372
531 351 633 407 527

1720 349 1779 403 S.
1820 348 2147 405 GREGORII
2185 349 2476 405 NYSSENI

3670 351 3775 406 3‘28

529 469 749 534 Filium,
782 470 1049 524 collocata
1078 470 1256 525 media
1286 470 1375 525 illa
1397 486 1617 541 energia
1652 486 1748 526 seu
1782 473 2097 542 operatione

2203 474 2382 545 τρίτῃ,
2420 474 2537 528 ἀλλ’
2564 476 2622 526 ἐν
2662 475 2885 547 πέμπτῃ
2929 474 3079 538 τάξει
3129 474 3632 545 καταληφθήσεται,
3676 477 3772 545 τῆς

530 564 773 617 secundo
806 563 967 617 loco?
1002 562 1113 617 Hae
1148 563 1289 617 serie
1323 561 1562 632 Spiritus
1595 571 1819 618 sanctus
1856 579 1964 617 non
2012 572 2097 619 te-

527 650 679 706 nebit
707 653 941 722 amplius
971 652 1150 705 locum
1181 652 1425 714 tertium,
1462 652 1553 705 sed
1583 652 1872 721 quintum:
1904 666 2099 722 opera-

528 742 699 809 tione,
729 758 849 812 quae
881 743 949 797 ad
990 743 1355 797 substantiam
1416 740 1689 811 Unigeniti
1721 742 1991 811 sequitur,
2043 750 2098 797 et

528 849 625 904 per
654 851 814 904 quam
844 834 1083 905 Spiritus
1125 845 1352 889 sanctus
1386 835 1658 900 subsistit,
1690 844 1749 888 ut
1797 834 2098 889 Eunomius

529 936 705 995 putat,
748 929 920 982 media
950 928 1257 997 interjecta.

602 1202 708 1258 Sed
738 1213 791 1259 et
830 1203 959 1257 illud
987 1200 1336 1272 evangelista!
1358 1242 1373 1267 ,
1409 1200 1601 1255 Omnia
1622 1217 1712 1269 per
1742 1201 1912 1269 ipsum
1950 1199 2098 1268 facta

530 1295 728 1361 sunt",
766 1296 867 1349 hac
896 1294 1103 1347 ratione
1136 1308 1333 1346 vanum
1370 1300 1424 1347 et
1456 1292 1650 1346 falsum
1680 1292 1959 1353 el'lieietur,
1993 1292 2097 1345 alia

526 1383 758 1454 quadam
790 1383 1098 1439 substantia
1130 1384 1459 1453 antiquiore,
1494 1399 1656 1451 quam
1710 1384 1784 1437 sit
1834 1382 2096 1453 Unigeni-

528 1488 652 1541 tus,
688 1478 755 1530 ah
789 1478 891 1531 hoc
916 1491 1056 1529 novo
1098 1476 1352 1543 theologo
1402 1477 1666 1540 conlieta,
1731 1475 1821 1528 cui
1876 1475 2098 1529 meliore

521 1569 644 1638 jure
673 1584 837 1622 causa
868 1569 1048 1622 omnis
1108 1568 1403 1622 creationis
1435 1576 1489 1621 et
1546 1575 1814 1621 creaturae
1874 1574 2095 1635 accepta

526 1660 751 1715 feratur.
788 1674 911 1713 cum
949 1659 1123 1729 ipsius
1150 1659 1315 1712 etiam
1347 1656 1622 1727 Unigeniti
1662 1657 1950 1726 productio
2004 1672 2093 1713 se-

524 1753 760 1806 cundum
795 1752 933 1804 hanc
959 1752 1272 1819 opinionem
1305 1751 1373 1804 ab
1410 1751 1499 1803 illa
1532 1751 1751 1818 energia
1809 1758 1863 1803 et
1897 1763 2092 1818 opera-

2199 565 2476 635 ἐνεργείας
2499 564 2710 634 ἐκείνης
2737 567 2793 617 ἐν
2825 564 3051 635 δευτέρᾳ
3080 564 3227 631 τάξει
3256 564 3390 635 μετά
3410 566 3502 617 τὸν
3532 567 3623 618 ἐπί
3644 568 3774 621 πάν.

2197 673 2305 709 των
2339 656 2471 709 Θεὸν
2495 655 2922 727 ἀριθμουμένης,
2942 655 3083 709 κατά
3102 657 3157 709 δέ
3181 656 3279 727 τὴν
3300 656 3618 711 ἀκολουθίαν
3642 658 3774 711 ταύ-

2197 764 2318 816 την,
2346 748 2437 801 καὶ
2469 748 2529 800 τὸ
2560 748 2780 817 Πνεῦμα
2804 748 2865 800 τὸ
2889 747 3041 815 ἅγιον
3065 748 3277 811 πάντως
3299 748 3479 802 οὐκέτι
3511 750 3569 801 ἐν
3592 750 3770 821 τρίτη,

2198 837 2313 891 ἀλλ’
2338 840 2396 890 ἐν
2425 838 2650 909 πέμπτῃ
2674 838 2821 901 τάξει
2842 838 3330 909 καταληφθήσεται.
3362 840 3472 908 Τῆς
3494 839 3773 910 ἐνεργείας

2200 929 2301 998 τῆς
2340 929 2419 1000 τῷ
2442 932 2739 998 Μονογενεί
2766 931 3170 1002 παρεπομένης,
3213 930 3333 984 καθ’
3361 933 3426 1002 ἣν
3460 932 3665 1003 ὑπέστη
3710 931 3772 984 τὸ

2198 1019 2421 1089 Πνεῦμα
2466 1020 2526 1072 τὸ
2560 1024 2732 1089 διγιον,
2772 1021 2844 1084 ὡς
2891 1024 2918 1074 ὁ
2946 1022 3212 1092 Εὑνομίου
3244 1022 3417 1090 λόγος,
3465 1023 3555 1077 διὰ
3604 1024 3768 1095 μέσου

2198 1111 2415 1168 πάντως
2442 1112 2866 1183 ἀριθμουμένης.

2286 1201 2445 1253 Ἀ).λὰ
2486 1202 2580 1254 καὶ
2608 1202 2694 1266 τὸ,
2738 1202 2940 1255 Πάντα
2977 1200 3074 1254 διὰ
3115 1202 3222 1255 τοῦ
3261 1201 3396 1255 Υἱοῦ
3419 1202 3771 1272 γεγενῆσθαι

2198 1294 2394 1362 λέγειν,
2412 1294 2710 1347 ἀσύστατον
2737 1294 2825 1347 διὰ
2850 1294 3053 1348 τούτων
3078 1296 3541 1366 ἐπιδειχθήσεται·
3579 1297 3770 1367 ἑτέρας

2197 1385 2338 1447 τινὸς
2368 1385 2714 1448 ὑποστάσεως
2744 1386 3118 1459 πρεσϐυτέρας
3142 1385 3236 1440 τοῦ
3267 1387 3603 1455 Μονογενοῦς
3633 1406 3770 1457 προ-

2198 1473 2634 1545 αναπλασθείσης
2667 1474 2771 1527 ὑπὸ
2814 1476 2906 1529 τοῦ
2937 1476 3123 1530 καινοῦ
3154 1476 3426 1546 θεολόγου,
3471 1480 3551 1541 είς
3590 1481 3655 1548 ἢν
3688 1481 3767 1533 εί-

2198 1563 2368 1626 κότως
2394 1565 2426 1634 ἡ
2458 1564 2604 1618 αίτία
2635 1565 2733 1635 τῆς
2765 1565 2994 1629 κτίσεως
3031 1567 3139 1621 τῶν
3170 1570 3385 1622 πάντων
3414 1568 3768 1640 ἀνενεχθὴσε-

2198 1668 2285 1703 ται
2311 1667 2323 1679 ·
2383 1651 2515 1704 διότι
2553 1654 2646 1706 καὶ
2691 1653 2858 1707 αὑτοῦ
2896 1659 2989 1708 τοῦ
3019 1656 3349 1724 Μονογενοῦς
3391 1660 3424 1728 ή
3454 1659 3765 1730 κατασκευὴ

2199 1743 2338 1795 κατά
2358 1743 2447 1796 τὸν
2476 1744 2694 1797 ἐκείνων
2716 1744 2891 1814 λόγον,
2917 1747 3015 1816 τῆς
3050 1748 3329 1819 ἐνεργείας
3360 1749 3573 1820 ἐκείνης
3600 1751 3765 1821 ἠρτη-

525 1841 672 1895 tione
703 1841 952 1910 pendeat.
986 1838 1140 1905 Quod
1171 1841 1213 1894 si
1255 1841 1352 1894 has
1390 1840 1759 1893 absurditates
1795 1839 1968 1891 vitare
1995 1853 2089 1890 vo-

2197 1852 2301 1888 ται.
2354 1833 2415 1886 Ei
2448 1835 2506 1887 δὲ
2534 1835 2702 1888 ταῦτα
2746 1836 2814 1889 τά
2847 1837 3023 1891 ἄτοπα
3055 1839 3271 1907 φεύγων
3315 1819 3685 1893 ἀνυπόστατόν
3714 1819 3764 1894 τι

525 1930 664 1990 lens,
709 1937 917 1983 asserat
948 1930 1318 1999 operationem
1351 1930 1494 1982 illam
1527 1945 1649 1983 esse
1681 1944 1793 1983 rem
1821 1944 1928 1982 non
1961 1929 2092 1981 sub-

524 2021 826 2081 sistentem,
880 2035 1075 2074 rursus
1109 2020 1343 2089 explicet
1378 2020 1567 2084 nobis,
1602 2021 1883 2090 quomodo
1917 2019 1984 2073 ad
2014 2019 2092 2085 id,

522 2114 665 2182 quod
684 2114 916 2176 exsistit,
949 2123 1209 2181 sequatur
1242 2111 1312 2169 id.
1336 2112 1477 2179 quod
1500 2127 1607 2164 non
1626 2112 1931 2175 exsistit,et
1952 2126 2093 2180 quo-

524 2205 684 2260 modo
706 2205 779 2265 id,
799 2206 942 2274 quod
962 2220 1069 2258 non
1085 2203 1355 2268 subsistit,
1368 2203 1571 2258 efliciat
1586 2219 1733 2266 eum,
1748 2205 1839 2273 qui
1857 2206 2091 2260 exsistit.

526 2296 599 2350 Ex
616 2297 699 2352 his
718 2305 868 2351 certe
884 2296 1113 2350 eﬂicitur
1137 2310 1167 2349 a
1184 2294 1293 2350 Deo
1320 2298 1538 2363 prodire
1566 2311 1651 2359 ea,
1667 2312 1788 2365 quaa
1805 2312 1912 2351 non
1944 2297 2094 2351 exsi-

524 2396 671 2441 stunt
683 2396 756 2451 ,et
772 2402 989 2442 causam
1006 2405 1183 2445 rerum
1195 2398 1884 2458 esseea,qua:nonsunt:et
1899 2403 1961 2443 ea
1975 2404 2097 2459 qua:

522 2490 723 2534 natura
762 2495 860 2534 sua
885 2494 992 2533 non
1026 2479 1357 2542 subsistunt,
1387 2479 1839 2533 circumscribere
1882 2494 2095 2543 eorum,

515 2589 644 2643 quae
679 2574 1009 2634 subsistunt,
1060 2581 1331 2627 naturam:
1372 2571 1663 2639 omnisque
1706 2579 1971 2626 creatura:
2010 2572 2096 2627 vis

522 2667 761 2720 t-ll'ertrix
797 2674 850 2719 et
892 2663 1205 2734 productrix
1252 2662 1625 2717 continebitur
1644 2663 1944 2716 secundum
1966 2678 2095 2731 pro-

522 2757 694 2827 priam
714 2771 868 2810 suam
884 2756 1148 2809 rationem
1168 2769 1232 2808 eo
1244 2755 1385 2822 quod
1404 2768 1513 2807 non
1528 2752 1954 2808 subsistit.’l‘alia
1969 2761 2097 2809 sunt

525 2849 685 2903 istius
713 2850 947 2919 theologi
998 2848 1195 2918 placita
1221 2887 1235 2911 ,
1269 2847 1360 2915 qui
1400 2845 1685 2899 Dominum
1733 2847 1856 2900 cmli
1903 2856 1958 2901 et
1986 2854 2096 2900 ter-

523 2956 618 3004 πο,
655 2951 708 2995 et
741 2941 922 2996 omnis
962 2949 1232 2995 creaturae
1286 2939 1648 3002 conditorem,
1700 2937 1930 2993 Verbum
1979 2938 2093 3005 Dei,

523 3033 669 3101 quod
706 3034 758 3086 in
814 3033 1086 3102 principio
1141 3042 1276 3096 erat,
1330 3040 1383 3085 et
1414 3045 1511 3099 per
1541 3028 1686 3099 quod
1715 3030 1897 3083 omnia
1947 3028 2091 3083 facta

524 3133 672 3188 sunt,
707 3125 1011 3180 subsistere
1052 3124 1215 3178 docet
1253 3138 1317 3177 ex
1348 3138 1455 3176 non
1502 3123 1800 3177 exsistenle
1820 3120 1906 3176 vel
1965 3121 2094 3175 sub-
2120 3161 2164 3220 ο

525 3220 752 3272 sistcute
787 3232 847 3271 re
881 3217 1114 3287 quadam
1147 3216 1229 3270 vel
1259 3216 1641 3284 conceptione,
1669 3214 1751 3267 vel
1778 3214 1962 3269 nescio
1985 3228 2095 3283 quo

525 3310 632 3362 alio
667 3309 885 3363 nomine
915 3307 1095 3361 ﬁctam
1130 3306 1198 3360 ab
1235 3305 1358 3375 ipso
1410 3307 1683 3375 energiam
1717 3312 1769 3359 et
1823 3306 2097 3374 operatio-

526 3415 647 3454 nem
684 3399 957 3469 appellare
986 3398 1171 3459 liceat,
1196 3397 1424 3466 ipsaque
1446 3412 1553 3450 non
1582 3395 1925 3457 exsistentia,
1949 3396 2097 3450 velut

526 3500 679 3561 septo
713 3493 947 3560 quodam
978 3498 1032 3544 et
1082 3489 1277 3553 limite,
1320 3488 1563 3557 undique
1607 3486 2093 3555 circumscriptum

524 3592 579 3638 et
605 3586 892 3652 obseptum
923 3597 1047 3637 esse
1076 3599 1088 3635 :
1120 3589 1175 3633 at
1205 3595 1313 3634 non
1344 3580 1601 3649 intelligit
1636 3580 1685 3634 is
1717 3579 1810 3647 qui
1843 3578 2097 3633 invisibi-

526 3676 596 3729 lia
626 3692 685 3730 se
714 3674 891 3730 videre
940 3673 1176 3739 jaetitat,
1211 3672 1265 3725 in
1325 3672 1586 3741 quidnam
1647 3670 1822 3724 oratio
1874 3668 2094 3723 tandem

526 3767 761 3821 desinat.
799 3766 855 3819 Si
907 3766 1052 3819 enim
1098 3765 1345 3834 operatio
1374 3763 1464 3817 Dei
1516 3777 1623 3815 non
1660 3761 1932 3826 subsistit,
1967 3760 2097 3814 hac—

527 3873 632 3927 que
660 3856 1135 3910 circumscribitur
1169 3864 1222 3908 et
1251 3854 1406 3924 quasi
1444 3853 1702 3915 ambitur,
1756 3851 1911 3914 illud,
1949 3851 2095 3921 quod

527 3966 558 4002 α
586 3966 691 4004 non
725 3948 1039 4003 exsistentia
1072 3947 1395 4016 producitur
1423 3987 1437 4009 ,
1465 3944 1691 3998 omnino
1723 3958 1952 3998 necesse
1981 3952 2092 4007 est,

527 4050 588 4093 ut
617 4040 919 4094 secundum
953 4047 1203 4092 naturam
1244 4051 1398 4091 suam
1428 4035 1659 4090 cli‘ectus
1684 4033 1953 4104 ejusmodi
2007 4034 2097 4102 ju-

527 4130 760 4190 dicetur,
788 4126 966 4196 qualis
998 4136 1079 4181 est
1114 4134 1309 4178 natura
1347 4124 1492 4193 ejus,
1526 4122 1671 4193 quod
1720 4124 1819 4177 iste
1869 4123 2098 4176 commi-

528 4223 775 4285 niscitur,
815 4221 1064 4276 eﬂectum
1104 4218 1471 4289 produxisse;
1536 4232 1660 4271 nam
1713 4216 1857 4284 quod
1914 4229 1942 4268 a
1967 4227 2103 4268 non-

526 4312 845 4367 exsistentia
876 4310 1128 4365 eﬁ'ectum
1174 4316 1280 4370 est,
1309 4322 1483 4375 eaque
1519 4304 1979 4374 comprehensum
2012 4303 2099 4356 in-

528 4403 787 4465 cluditur,
823 4400 875 4454 id
907 4400 1072 4471 quale
1119 4398 1211 4463 sit,
1246 4400 1381 4452 satis
1434 4397 1638 4465 liquet:
1676 4394 1933 4448 nimirum
1987 4408 2095 4448 non

2193 1928 2425 1996 πρᾶγμα
2448 1927 2595 1996 λέγοι
2636 1928 2732 1999 τὴν
2751 1930 3052 2001 ἐνέργειαν,
3074 1926 3140 2001 ἦς
3166 1932 3511 2003 ἀποτέλεσμα
3526 1933 3616 1986 τὸν
3638 1934 3767 1987 ra»

2193 2020 2504 2089 διορίζεται,
2523 2021 2681 2075 πάλιν
2697 2023 2923 2085 εἰπάτω,
2945 2024 3057 2086 πῶς
3076 2024 3265 2077 ἕπεται
3281 2025 3357 2095 τῷ
3375 2026 3488 2078 om
3509 2027 3567 2079 τὸ
3590 2027 3662 2098 μὴ
3683 2028 3763 2080 ὃν.

2195 2110 2318 2173 Πῶς
2347 2111 2402 2163 δὲ
2430 2112 2821 2183 κατεργάζεται
2846 2115 2939 2167 τὸν
2964 2116 3264 2183 ὑφεστῶτα,
3288 2117 3347 2169 τὸ
3383 2117 3455 2188 μὴ
3490 2117 3763 2186 ὑφεστὼς.

2194 2202 2563 2275 Εὑρεθήσεται
2592 2204 2698 2277 γάρ
2733 2206 2819 2259 διὰ
2866 2206 3092 2271 τούτων,
3120 2208 3515 2262 ἀκολουθοῦντα
3549 2210 3646 2279 μὲν
3688 2211 3764 2280 τῷ

2193 2295 2313 2366 Θεῷ
2337 2296 2406 2349 τὰ
2429 2297 2749 2373 ἀνύπαρκτα
2771 2316 2785 2329 ·
2841 2301 2989 2353 αῐτια
3012 2300 3070 2353 δὲ
3100 2299 3206 2353 τῶν
3230 2300 3400 2354 ὄντων
3440 2300 3509 2353 τὰ
3540 2300 3613 2372 μὴ
3638 2301 3764 2354 ὄντα

2194 2390 2474 2459 γινόμενα,
2504 2389 2596 2442 καὶ
2618 2392 3024 2461 περιγράφοντα
3057 2390 3155 2461 τὴν
3179 2391 3286 2444 τῶν
3315 2390 3637 2459 ὑφεστώτων
3666 2391 3766 2461 φύ-

2197 2495 2303 2544 σιν,
2330 2478 2366 2533 5.
2384 2482 2449 2550 τῇ
2481 2479 2685 2533 ἑαυτῶν
2707 2481 2805 2550 οὐχ
2833 2481 3103 2550 ὑφέστηκε
3122 2480 3300 2550 φύσει,
3324 2481 3416 2532 καὶ⁵
3437 2483 3469 2551 ἡ
3496 2483 3643 2535 πᾶσα
3665 2482 3767 2548 τῆς

2192 2574 2423 2639 κτίσεως
2456 2574 2867 2647 ἀποτελεστικὴ,
2923 2576 3019 2628 καὶ
3063 2575 3396 2645 δημιουργὸς
3428 2575 3655 2644 δύναμις
3688 2574 3766 2645 τῷ

2193 2664 2525 2737 ἀνυπάρκτῳ
2568 2666 2708 2719 κατά
2745 2666 2836 2718 τὸν
2899 2666 3029 2719 ῐδιον
3076 2666 3234 2733 λόγον
3282 2666 3762 2737 περιληφθήσεται.

2195 2757 2433 2809 Τοιαῦτα
2468 2756 2562 2809 τοῦ
2595 2756 2843 2824 θεολόγου
2867 2756 2933 2810 τὰ
2963 2755 3227 2826 δόγματα,
3248 2756 3307 2819 ὃς
3330 2758 3423 2810 τὸν
3446 2759 3647 2827 Κύριον
3673 2757 3765 2810 τοῦ

2194 2846 2425 2921 ούρανοῦ
2456 2848 2551 2901 καὶ
2578 2850 2676 2918 τῆς
2702 2847 2824 2917 γῆς,
2856 2847 3037 2916 πάσης
3060 2846 3159 2917 τῆς
3172 2844 3402 2910 κτίσεως
3416 2844 3766 2918 δημιουργὸν,

2194 2943 2286 2994 τὸν
2320 2944 2378 2994 ἐν
2407 2943 2548 3012 ἀρχῇ
2582 2940 2712 2995 ὄντα
2749 2940 2923 3008 Λόγον
2955 2938 3112 3004 Θεοῦ,
3162 2939 3253 2991 τὸν
3291 2938 3358 2990 δι’
3386 2933 3447 2991 οῦ
3469 2939 3538 2991 τὰ
3568 2939 3765 3001 πάντα,

2194 3032 2380 3085 τοῦτον
2413 3033 2744 3103 ἀνυπάρκτῳ
2767 3033 2871 3085 τινὶ
2895 3032 2988 3085 καὶ
3020 3030 3376 3101 άνυποστάτῳ
3397 3029 3700 3101 πράγματι,
3731 3029 3764 3101 ἢ

2195 3127 2296 3180 οὐκ
2326 3123 2423 3178 οἶδ’
2442 3126 2589 3189 ὅπως
2616 3125 2881 3196 ὀνομάσαι
2909 3125 3174 3197 προσήκει
3206 3122 3304 3195 τὴν
3329 3124 3457 3193 παρ’
3477 3120 3642 3176 αὑτοῦ
3672 3120 3768 3174 νῦν

2194 3216 2627 3270 ἀναπλασθεῖσαν
2669 3216 2977 3287 ἐνέργειαν,
3019 3215 3314 3283 ὑποστῆναι
3356 3213 3532 3281 λέγει,
3582 3210 3675 3265 καὶ
3707 3212 3767 3263 ἐν

2195 3310 2333 3379 αὑτῇ
2369 3307 2825 3377 περιγεγράφθαι,
2861 3301 2970 3360 οἷόν
3010 3323 3115 3360 τινι
3156 3306 3322 3374 έρκίῳ
3363 3307 3428 3375 τῇ
3460 3300 3767 3374 ἀνυπαρξίᾳ

2195 3400 2526 3469 πανταχόθεν
2540 3398 2936 3471 διειλημμένον.
2960 3398 3071 3452 Καὶ
3085 3398 3147 3451 οὑ
3168 3399 3412 3467 συνίησιν
3430 3398 3459 3449 ὁ
3473 3395 3543 3449 τά
3561 3395 3767 3448 ἀθέατα

2198 3488 2430 3558 βλέπων,
2458 3492 2535 3553 είς
2553 3484 2663 3543 οἷον
2693 3490 3055 3560 καταστρέφει
3088 3489 3263 3558 πέρας
3290 3490 3323 3559 ἡ
3356 3486 3645 3542 ἀκολουθία
3672 3485 3765 3538 τοῦ

2194 3582 2373 3650 λόγου.
2400 3583 2464 3637 Et
2485 3582 2594 3654 γάρ
2624 3583 2992 3646 ἀνυπόστατος
3022 3581 3121 3652 μὲν
3148 3582 3181 3651 ἠ
3216 3581 3463 3650 ἐνέργεια
3488 3578 3581 3632 τοῦ
3606 3576 3765 3643 Θεοῦ,

2192 3674 2366 3747 ταύτῃ
2396 3674 2452 3726 δὲ
2480 3674 2950 3745 ἐμπεριγράφεται
2977 3672 3038 3725 τὸ
3066 3674 3129 3725 ἐκ
3156 3672 3253 3741 τῆς
3274 3669 3609 3741 ἀνυπαρξίας
3630 3670 3737 3722 ἀπο
3755 3697 3767 3708 ο

2194 3764 2443 3817 τελεσθὲν
2477 3763 2663 3835 ἔργονο
2716 3766 2936 3826 πάντως
2966 3765 3048 3817 ὅτι
3091 3763 3329 3816 τοιοῦτόν
3353 3778 3405 3815 τι
3443 3760 3766 3831 νοηθήσεται

2193 3856 2259 3924 τῇ
2287 3852 2443 3923 φύσει
2462 3853 2522 3906 τὸ
2541 3842 3009 3924 ἀποτέλεσμα,οΜ
3031 3854 3123 3906 καὶ
3147 3855 3179 3923 ἡ
3202 3851 3296 3904 τοῦ
3322 3852 3765 3921 ὑποστησαμένου

2194 3946 2254 3998 τὸ
2289 3945 2448 4016 ἔργον
2473 3944 2633 4013 φύσις
2669 3944 2979 4013 ἀνεπλάσθη
3016 3942 3091 4013 τῷ
3124 3942 3283 4013 λόγῳ.
3346 3942 3419 3994 Τὸ
3439 3941 3549 4013 γὰρ
3580 3942 3765 4017 ἀποτε-

2196 4033 2381 4088 λεσθέν
2431 4035 2495 4087 ἐκ
2533 4034 2632 4104 τῆς
2679 4032 3049 4105 ἀνυπαρξίας,
3107 4032 3202 4087 καὶ
3238 4030 3765 4103 ἐμπεριειλημμένον

2196 4124 2386 4198 ταύτῃ,
2416 4125 2578 4178 παντὶ
2604 4125 2772 4195 δήπου
2805 4124 3086 4195 πρόδηλον,
3118 4125 3173 4178 τί
3194 4126 3390 4176 νοεῖται
3423 4139 3436 4153 ·
3476 4124 3557 4175 ὅτι
3589 4121 3760 4176 οὐδέν.

2196 4214 2331 4267 Οὐδὲ
2372 4214 2481 4284 γὰρ
2512 4212 2624 4283 ἔχει
2663 4213 2825 4282 φύσιν
2865 4214 2969 4266 ὑπὸ
3009 4212 3117 4265 τῶν
3152 4212 3406 4267 ἐναντίων
3438 4212 3506 4265 τά
3547 4210 3767 4265 ἐναντία

2197 4303 2543 4376 περιέχεσθαι
2566 4320 2582 4336 ο
2622 4302 2744 4356 οὔτε
2772 4303 2880 4374 γὰρ
2921 4303 3024 4356 ὑπὸ
3057 4304 3246 4373 πυρὸς,
3284 4302 3427 4373 ὓδωρ
3453 4318 3468 4333 ·
3513 4301 3634 4355 οὕτε
3662 4300 3767 4353 ὑπὸ

2197 4392 2449 4457 θανάτου,
2480 4394 2624 4466 ζωήν
2647 4410 2661 4424 °
2720 4394 2845 4448 οὔτε
2882 4395 2986 4447 ὑπὸ
3025 4395 3264 4457 σκότους,
3298 4393 3414 4464 φῶς
3438 4410 3452 4424 ο
3506 4392 3627 4446 οὔτε
3661 4391 3767 4446 ὑπὸ

528 4505 760 4550 ens.seu
779 4492 932 4546 nihil.
963 4490 1150 4561 Neque
1185 4490 1329 4543 enim
1360 4490 1433 4542 ita
1458 4499 1653 4541 natura
1709 4494 2085 4555 comparatum

2195 4484 2289 4538 τοῦ
2314 4487 2387 4557 μὴ
2411 4486 2582 4551 ὄντος.
2612 4488 2671 4541 τὸ
2693 4487 2772 4540 δν.
2810 4486 2969 4541 Ἀλλά
2997 4486 3171 4540 ταῦτα
3198 4487 3297 4557 μὲν
3328 4487 3433 4540 ὑπὸ
3459 4486 3557 4556 τῆς
3576 4502 3767 4557 περιτο

527 4592 628 4647 est,
664 4592 722 4637 ut
755 4583 1033 4638 contraria
1092 4580 1391 4635 contrariis
1446 4576 1984 4647 comprehendantur
2039 4584 2094 4629 et

2196 4576 2457 4648 τευούσης
2502 4578 2648 4649 αὐτῷ
2682 4579 2872 4645 σοφίας
2895 4618 2909 4639 ,
2948 4578 2979 4649 ἢ
3019 4580 3078 4631 οὑ
3109 4579 3370 4649 συνίησιν,
3422 4579 3456 4647 ἢ
3496 4577 3634 4631 ἑκὼν
3663 4579 3766 4646 άμ-

526 4676 1075 4739 rircumserihantur,
1109 4680 1240 4742 puta
1266 4672 1334 4724 ah
1361 4672 1485 4740 igne
1509 4683 1672 4738 aqua,
1700 4682 1730 4721 a
1752 4675 1926 4721 morte
1961 4667 2089 4731 vita,

2201 4667 2459 4721 6λυώττει
2493 4670 2629 4740 πρὸς
2653 4668 2752 4739 τὴν
2780 4668 3056 4739 ἀλήθειαν.

526 4783 555 4819 a
586 4768 823 4822 tenebris
866 4767 1067 4831 lumen,
1101 4766 1170 4819 ab
1199 4773 1323 4819 ente
1373 4779 1479 4816 non
1515 4778 1634 4816 ens.
1668 4762 1774 4815 Sed
1813 4762 1927 4815 haec
1964 4759 2186 4830 quidem
2221 4776 2332 4830 prae
2395 4762 2562 4816 nimia
2639 4762 2932 4831 sapientia,
2997 4770 3095 4817 aut
3150 4777 3258 4816 non
3331 4761 3603 4832 intelligit,
3668 4768 3765 4814 aut

526 4862 703 4915 sciens
724 4862 1019 4929 volensque
1073 4858 1290 4914 excutit
1331 4857 1398 4911 ad
1449 4856 1759 4911 veritatem.

583 4953 753 5005 Porro
773 4967 836 5006 ex
858 4950 1182 5004 necessitate
1196 4947 1429 5017 quadam
1446 4946 1881 4999 imminutionem
1906 4944 1960 4998 in
1980 4942 2097 4999 sub-

2281 4940 2371 5007 Ἐξ
2387 4940 2629 5011 ἀνάγκης
2652 4939 2709 4993 δέ
2730 4957 2871 5003 τινος
2895 4939 2955 4992 τὸ
2979 4940 3194 4993 ἔλαττον
3226 4941 3318 4993 ἐπὶ
3340 4941 3437 5011 τῆς
3474 4939 3568 4993 τοῦ
3588 4942 3761 4996 Μονο-

525 5044 726 5099 stantia
745 5054 799 5097 et
847 5040 1125 5112 hypostasi
1174 5037 1295 5093 Filii
1346 5038 1529 5107 ponit;
1562 5037 1870 5105 iterumque
1894 5037 1946 5089 in
1979 5034 2097 5105 Spi-

2196 5033 2386 5103 γενοῦς
2417 5033 2765 5093 ὑποστάσεως
2792 5033 2930 5084 νοεῖν
2955 5047 2969 5061 ο
3023 5032 3117 5084 καὶ
3155 5030 3338 5094 πάλιν,
3365 5031 3612 5086 ἐπίτασιν
3642 5048 3764 5085 τινα

527 5136 635 5188 ritu
660 5139 875 5195 sancto,
912 5138 1161 5201 respectu
1188 5128 1333 5191 Filii,
1365 5129 1599 5183 similem
1626 5126 1981 5197 perfectionis
2009 5128 2097 5181 de-

2195 5128 2295 5196 τῆς
2332 5124 2676 5187 ἐλαττώσεως
2714 5124 2865 5194 παρά
2893 5124 2984 5176 τὸν
3024 5123 3150 5175 Υίδν
3188 5123 3472 5194 ἐνθεωρείν
3514 5123 3592 5193 τῷ
3624 5122 3764 5193 ἁγίῳ

524 5224 826 5278 cretionem
858 5222 1049 5277 statuit
1087 5241 1100 5276 :
1146 5236 1269 5274 nam
1308 5221 1420 5274 haec
1438 5228 1564 5274 sunt
1598 5219 1719 5288 ejus
1745 5219 1910 5272 verba
1948 5236 1961 5272 :
2000 5217 2104 5272 Ne-

525 5318 816 5368 cessarium
846 5315 1058 5368 omnino
1087 5322 1259 5376 est,ut
1279 5312 1629 5379 operationes,
1658 5325 1773 5379 qua:
1825 5309 1893 5361 ad
1921 5326 2109 5377 (luant-

537 5405 658 5458 libet
705 5404 1124 5458 substantiarum
1166 5411 1575 5471 consequuntur,
1622 5401 1728 5453 sint
1780 5401 2007 5469 majores
2044 5410 2094 5453 et

528 5498 777 5551 minores.
798 5496 948 5550 lianc
967 5502 1147 5549 autem
1167 5493 1545 5549 necessitatem
1566 5506 1687 5559 quae
1706 5492 1758 5546 in
1779 5491 1960 5545 divina
1996 5506 2096 5544 na-

526 5597 648 5639 tura
680 5587 792 5640 luec
817 5585 1016 5640 eiliciat
1040 5624 1055 5649 ,
1088 5584 1565 5652 intensionemque
1609 5591 1665 5638 et
1714 5582 2092 5637 remissionem

598 5702 637 5731 ³⁷
679 5699 835 5754 Joan.
880 5716 912 5756 I.
951 5701 1002 5753 ’5.

2197 5216 2473 5285 Πνεῦματι
2498 5214 2918 5277 κατασκευάζει·
2982 5211 3119 5266 οὕτω
3152 5214 3323 5280 λέγων
3348 5216 3459 5275 τοῖς
3484 5214 3722 5283 ῥήμασιν
3745 5229 3761 5243 ο

2212 5305 2452 5373 Ἀνάγκη
2484 5304 2651 5357 πᾶσα
2684 5304 2787 5370 τὰς
2824 5305 3047 5372 ἑκάστῃ
3072 5305 3190 5358 τῶν
3216 5304 3437 5359 οὐσιῶν
3468 5304 3764 5373 ἑπομένας

2200 5395 2499 5464 ἐνεργείας
2530 5393 2818 5461 ἐλάττους
2858 5395 2952 5459 δὲ,
2992 5396 3088 5449 καὶ
3135 5395 3372 5465 μείζους
3414 5392 3580 5451 εἶναι.
3652 5397 3765 5465 Τὴν

2204 5489 2303 5558 μὲν
2332 5483 2423 5540 οὖν
2456 5487 2700 5559 ἀνάγκην
2741 5489 2839 5557 τὴν
2865 5488 3037 5541 ταῦτα
3068 5490 3125 5541 ἐν
3152 5490 3214 5557 τῇ
3244 5487 3363 5559 θείᾳ
3402 5488 3559 5555 φύσει
3585 5486 3765 5556 βιαζο-

2202 5581 2391 5642 μένην,
2420 5580 2514 5632 καὶ
2544 5579 2605 5633 τὸ
2644 5579 2825 5651 μεῖζον
2844 5622 2859 5647 ,
2901 5581 2991 5636 καὶ
3016 5580 3075 5634 τὸ
3102 5580 3318 5636 ἔλαττον
3349 5578 3767 5646 διακλτκοοῦσαν,
