4166 6372
361 340 465 414 329

1596 359 1876 425 CONTRA
1911 372 2295 438 EUNOMIUM,
2340 373 2466 428 LIB.
2510 375 2552 430 1.

3517 376 3620 429 550

354 475 477 528 οὔτε
518 476 648 546 παρ’
669 475 832 529 αὑτοῦ
859 479 1278 550 μεμαθήκαμεν,
1303 480 1423 534 οὔτε
1453 483 1542 551 ἀφ’
1571 487 1602 552 ή
1613 485 1728 555 μῶν
1753 487 1931 539 αὐτῶν

2046 497 2184 543 sorte
2205 491 2599 560 quasidividat,
2620 505 2796 562 neque
2819 493 2886 547 ab
2904 492 3023 562 ipso
3039 491 3347 552 didicimus.
3376 507 3546 562 neque
3565 494 3618 548 in

359 568 594 618 συνεῖναι
631 567 790 638 μέχρι
823 569 914 620 τοῦ
948 570 1042 622 νῦν
1075 571 1428 642 δεδυνήμεθα.
1465 575 1507 625 Τ
1511 574 1611 637 ἐως
1641 576 1750 646 γὰρ
1783 578 1934 647 παρὰ

359 655 491 707 πᾶσι
521 660 714 726 κρατεῖ
745 656 803 708 τὸ
833 658 1006 728 δόγμα
1035 662 1148 724 τοῖς
1175 661 1268 714 τὸν
1302 663 1609 734 ίδιωτισμὸν
1642 667 1935 736 καταδεχο-

361 746 543 816 μένοις
568 746 661 798 τοῦ
687 748 1052 820 άπλουστέρου
1086 752 1439 824 κηρύγματος
1457 771 1470 784 ·
1499 755 1578 808 ὅτι
1599 757 1822 827 οὐδεμία
1849 775 1934 820 τις

359 837 567 907 ἀνάγκη
593 838 688 909 τῆς
718 837 865 902 θείας
898 841 1215 911 ὑπέρκειται
1241 844 1523 916 φύσεως,ἢ
1548 847 1684 917 πρὸς
1700 849 1939 920 τδ-ἕλατ-

358 949 446 985 τον
485 934 748 1003 κάμπτει,
795 935 889 988 καὶ
924 935 1166 1004 βιάζεται
1209 938 1456 1009 καθάπερ
1487 939 1608 992 τινὰ
1634 940 1739 994 τῶν
1765 944 1934 1012 ἀργυ-‹

362 1024 613 1090 ρωνήτων
642 1022 730 1074 τὸν
775 1025 1054 1094 Μονογενῆ
1078 1041 1092 1054 ο
1142 1025 1277 1079 ἀλλά
1310 1026 1464 1080 τοῦτο
1507 1030 1722 1099 παρεὶς,
1758 1032 1934 1084 καίτοι

358 1116 418 1167 οὑ
474 1119 676 1185 μικρᾶς
724 1115 1004 1189 ζητήσεως
1053 1119 1222 1186 ἀξιον,
1277 1121 1436 1190 μόνον
1477 1121 1537 1173 τὸ
1566 1121 1674 1174 δεῖν
1716 1122 1935 1177 ἔλαττον

359 1208 495 1258 νοεῖν
525 1206 859 1276 δογματίζει.
924 1211 1030 1264 Καὶ
1081 1210 1206 1281 μὴν,
1252 1212 1351 1264 οὐκ
1385 1213 1462 1274 εἰς
1506 1212 1661 1264 τοῦτο
1699 1217 1857 1283 μόνον
1902 1217 1933 1286 ἡ

359 1297 571 1366 ἀνάγκη
600 1297 691 1350 τὸν
723 1298 880 1368 λόγον
907 1301 1250 1372 καθίστησιν,
1279 1303 1415 1356 ἀλλά
1441 1320 1492 1355 τι
1528 1305 1620 1355 καὶ
1647 1305 1825 1359 πλεῖον
1858 1308 1937 1369 είς

363 1386 704 1457 βλασφημίαν
734 1392 1164 1456 κατασκευάζει,
1197 1393 1378 1457 καθὼς
1404 1396 1502 1465 ήδη
1542 1396 1781 1468 μερικῶς
1805 1414 1938 1468 προ-

361 1477 666 1547 εξήτασται.
697 1481 759 1532 Ei
782 1481 888 1550 γὰρ
919 1481 992 1552 μὴ
1027 1485 1090 1535 ἐκ
1111 1485 1321 1553 Πατρὸς
1345 1488 1373 1537 ὀ
1401 1486 1546 1550 Υἱὸς,
1574 1488 1688 1540 ἀλλ’
1706 1487 1768 1540 ἔκ
1794 1505 1936 1551 τινος

362 1567 732 1621 ἀνυποστάτου
767 1573 1045 1640 ἐνεργείας
1079 1573 1357 1640 ἀνεφύετο,
1387 1577 1485 1628 οὐκ
1519 1576 1754 1630 ἐλάττων
1779 1579 1936 1646 μόνον

360 1656 452 1708 τοῦ
479 1657 690 1728 Πατρὸς
708 1660 1049 1729 νοηθήσεται,
1071 1663 1207 1716 ἀλλά
1237 1665 1297 1716 τὸ
1332 1666 1590 1736 παράπαν
1632 1669 1937 1731 Ἰουδαΐζειν

362 1747 575 1817 ἀνάγκη
609 1749 686 1818 τῷ
714 1749 964 1819 δόγματι.
1027 1753 1099 1805 Τὸ
1124 1755 1230 1824 γάρ
1256 1756 1348 1807 τοῦ
1391 1757 1464 1826 μη
1498 1757 1650 1820 ὄντος
1680 1759 1939 1811 ἀποτέλε-

2043 583 2189 637 hunc
2220 599 2390 652 usque
2418 582 2563 638 diem
2614 583 2837 652 proprio
2872 583 3056 638 studio
3087 583 3394 654 intelligere
3428 588 3617 653 potui-

2042 687 2188 727 mus.
2222 672 2516 742 llucusque
2541 673 2686 727 enim
2719 674 2860 742 apud
2911 689 3124 737 omnes,
3161 675 3254 742 qui
3305 675 3621 744 suscipiunt

2041 763 2368 832 evangelicae
2406 764 2807 832 praedicationis
2861 762 3291 832 simplicitatem,
3345 765 3618 820 sententia

2044 852 2134 905 illa
2187 852 2419 918 obtinet,
2486 853 2619 906 nulli
2687 853 3003 907 necessitati
3054 853 3298 908 divinam
3358 865 3615 910 naturam

2044 942 2351 1011 subjacere,
2382 957 2504 1012 qua
2533 943 2600 997 ad
2639 943 2958 997 substantiae
3009 944 3447 998 imminutionem
3485 944 3620 999 Uni~

2042 1039 2288 1106 genitum
2356 1036 2556 1091 Filium
2615 1044 2876 1104 tanquam
2948 1037 3278 1104 mancipium
3345 1037 3620 1106 quoddam

2044 1131 2350 1200 emptitium
2383 1135 2544 1197 cogat
2591 1135 2644 1181 et
2704 1125 2944 1194 dejiciat.
2997 1124 3102 1179 Sed
3141 1127 3263 1192 hoc,
3327 1126 3454 1180 licet
3509 1139 3620 1179 non

2043 1222 2240 1288 exigua
2267 1220 2652 1289 disquisitione
2685 1218 2906 1287 dignum
2938 1217 3030 1280 sit,
3081 1202 3308 1278 omisso,
3347 1216 3397 1270 id
3451 1229 3619 1269 unum

2043 1312 2308 1376 elaborat,
2369 1318 2428 1363 ut
2483 1309 2830 1380 persuadeat,
2871 1307 3145 1362 defectum
3201 1305 3617 1375 concipiendum

2042 1419 2165 1457 esse
2204 1423 2215 1456 :
2252 1417 2427 1470 neque
2483 1401 2590 1455 huc
2645 1401 2910 1454 duntaxat
2967 1400 3268 1452 necessitas
3317 1397 3619 1452 orationem

2050 1494 2242 1563 adigit,
2275 1495 2368 1547 sed
2402 1494 2464 1546 ad
2491 1492 2755 1560 majorem
2793 1491 3124 1558 impietatem
3153 1496 3205 1543 et
3230 1488 3621 1557 blasphemiam

2047 1584 2410 1654 progreditur,
2453 1584 2912 1652 quemadmodum
2960 1584 3073 1652 jam
3115 1580 3396 1650 speciatim
3447 1579 3622 1648 expli-

2046 1684 2224 1725 catum
2259 1680 2362 1727 est.
2417 1671 2473 1724 Si
2515 1673 2658 1724 enim
2690 1669 2863 1725 Filius
2910 1686 3018 1724 non
3068 1686 3130 1724 ex
3174 1668 3355 1731 Patre,
3412 1668 3507 1722 sed
3554 1685 3622 1722 ex

2046 1761 2277 1830 quadam
2311 1776 2417 1814 non
2451 1762 2750 1814 exsistente
2788 1760 3006 1829 energia
3039 1758 3344 1828 productus
3377 1766 3482 1817 est,
3513 1775 3622 1812 non

364 1852 496 1906 σμα,
523 1839 642 1908 οὑχ).
673 1840 868 1910 μικρὸν
910 1843 942 1912 ἡ
986 1845 1085 1913 τῆς
1131 1845 1375 1914 ἀνάγκης
1413 1846 1615 1916 ταύτης
1645 1848 1933 1902 ἀκολουθία

2046 1850 2216 1904 solum
2251 1849 2429 1902 minor
2448 1849 2552 1901 erit
2579 1847 2759 1908 Patre.
2790 1849 2882 1902 sed
2923 1849 3040 1915 ipsa
3071 1846 3400 1902 necessitate
3424 1861 3618 1915 cogent

361 1928 646 1984 δείκνυσιν.
687 1931 822 1984 Ἀλλ’
848 1933 984 2002 ὅπερ
1011 1935 1130 1987 οὑδὲ
1160 1932 1548 2009 κατηγοροῦντι
1574 1939 1754 2008 λέγειν
1777 1942 1936 1994 ἀκίν-

360 2019 533 2073 δυνον.
573 2022 779 2094 Ὥσπερ
824 2024 930 2095 γὰρ
965 2028 1274 2093 ἀναγκαίως
1304 2030 1644 2099 ὁμολογεῖται
1687 2030 1846 2097 εἷναι,
1880 2035 1939 2086 τὺ

363 2111 428 2163 ἐκ
453 2111 544 2165 τοῦ
575 2112 723 2176 ὄντος
759 2115 876 2184 ἔχον
909 2118 1004 2184 τὴν
1051 2119 1334 2188 γέννησιν,
1367 2119 1490 2172 οὔτε
1524 2121 1583 2174 τὸ
1612 2121 1847 2192 ἔμπαλιν
1883 2123 1941 2187 ἐξ

363 2202 606 2274 ἀνάγκης
646 2207 1125 2277 ὁμολογηθήσεται,
1179 2210 1239 2262 τὸ
1281 2212 1344 2263 ἐκ
1389 2212 1480 2264 τοῦ
1513 2215 1586 2283 μὴ
1621 2213 1771 2277 ὄντος
1808 2216 1940 2268 ἀνα-

364 2294 650 2364 φυόμενον.
703 2297 870 2350 Ὅταν
906 2298 1012 2369 γὰρ
1037 2300 1165 2351 αὐτὸ
1194 2317 1243 2352 τι
1291 2301 1364 2370 μὴ
1399 2297 1464 2373 ᾖ,
1518 2303 1632 2366 πῶς
1666 2306 1850 2373 ἕτερον
1881 2304 1940 2369 ἐξ

365 2384 529 2436 αὑτοῦ
558 2386 762 2457 ὑποστή
775 2405 851 2439 σει
877 2405 889 2449 ς

2034 1950 2106 2005 te,
2134 1940 2408 2010 oportebit
2462 1940 2528 1992 ad
2565 1938 2898 2007 judaismum
2932 1937 3242 1992 doctrinam
3285 1936 3428 1988 hanc
3456 1934 3625 1990 delle-

2035 2038 2213 2095 ctere;
2261 2045 2382 2083 nam
2411 2029 2556 2097 quod
2594 2043 2700 2082 nou
2729 2031 2871 2083 entis
2901 2027 3127 2082 effectus
3169 2036 3271 2090 ρει,
3316 2026 3448 2080 illud
3483 2025 3626 2078 ratio

2039 2122 2385 2177 necessitatis
2417 2121 2605 2188 hujus,
2647 2133 2756 2173 non
2794 2132 3024 2188 parvum
3057 2123 3151 2170 aut
3180 2116 3362 2170 minus
3409 2115 3618 2186 arguit,

2041 2213 2135 2270 sed
2157 2213 2339 2282 potius
2376 2212 2504 2265 illud
2535 2226 2658 2266 esse
2696 2209 2960 2274 declarat,
2991 2207 3138 2277 quod
3170 2223 3242 2262 ne
3272 2207 3374 2276 ipsi
3401 2207 3622 2276 quidem

2045 2303 2354 2360 accusatori
2420 2301 2665 2372 proferre
2738 2308 2915 2354 tutum
2972 2307 3078 2354 est.
3154 2298 3624 2364 Quemadmodum

2043 2396 2189 2451 enim
2221 2394 2464 2470 omnium
2503 2407 2781 2447 consensu
2828 2392 3065 2455 exsistit,
3102 2390 3153 2443 id
3187 2389 3333 2459 quod
3388 2406 3454 2444 ex
3501 2397 3626 2444 ento

363 2485 538 2570 ortum
575 2479 725 2533 ducit
752 2499 765 2535 ε
827 2481 908 2536 sic
963 2484 1241 2538 contraria
1294 2489 1504 2542 ratione
1560 2488 1626 2544 de
1661 2490 1766 2546 isto
1833 2490 2178 2546 sentiendum
2211 2492 2335 2553 erit,
2368 2488 2511 2558 quod
2543 2503 2610 2542 ex
2638 2501 2747 2541 non
2769 2490 3069 2541 exsistcnte
3101 2485 3366 2539 nascitur.
3393 2485 3448 2536 Si
3479 2485 3622 2537 enim

364 2575 540 2637 Ipsum
575 2586 683 2625 non
741 2573 812 2627 sit
838 2572 1066 2643 aliquid,
1124 2577 1399 2644 quomodo
1463 2580 1606 2634 aliud
1664 2596 1728 2635 ex
1793 2581 1913 2652 ipso
1943 2581 2209 2638 exsistet?

434 2662 496 2713 Εἰ
519 2659 614 2715 οὖν
640 2663 736 2715 οῦκ
763 2663 905 2717 ἔστιν
935 2665 990 2716 ἐν
1025 2665 1130 2736 ἰδία
1161 2665 1338 2736 οὐσίᾳ,
1365 2670 1397 2738 ἡ
1433 2669 1510 2738 τῷ
1535 2669 1652 2738 Θεῷ
1677 2671 1772 2739 μὲν
1800 2688 1933 2741 παρ·

365 2754 604 2823 επομένη
638 2755 905 2824 ἐνέργεια,
941 2757 1031 2808 τὸν
1068 2757 1122 2808 δὲ
1148 2758 1272 2809 Υίὸν
1293 2759 1662 2830 ἐργαζομένη,
1694 2761 1778 2824 τίς
1798 2761 1940 2814 οὕτω

365 2845 582 2913 τυφλὸς,
630 2845 703 2907 ὡς
738 2847 810 2917 μὴ
851 2848 1078 2900 συνιδεῖν
1129 2849 1226 2918 τὴν
1263 2849 1362 2918 τῆς
1399 2850 1742 2921 βλασφημίας
1779 2867 1943 2905 κατα-

372 2936 568 3006 σκευὴν
589 2976 602 2998 ,
657 2937 740 2988 ὅτι
769 2937 906 3008 πρὸς
927 2937 1024 3007 τὴν
1055 2938 1222 3007 αὑτὴν
1255 2941 1349 2990 τοῦ
1381 2941 1628 3010 Σωτῆρος
1660 2943 1691 3010 ἡ
1703 2940 1815 3010 μῶν
1843 2941 1941 3011 ἆρ-

369 3041 521 3094 νησιν
545 3027 573 3076 ὁ
605 3024 804 3087 σκοπὸς
829 3024 978 3093 αὑτῷ
1008 3024 1192 3093 βλέπει
1219 3042 1234 3090 ;
1294 3027 1402 3079 Καὶ
1453 3029 1500 3079 εί
1541 3026 1635 3079 τοῦ
1665 3028 1794 3080 Υίοῦ
1843 3029 1942 3098 τὴν

369 3115 668 3168 ὑπόστασιν
698 3116 729 3185 ἡ
759 3114 852 3168 τοῦ
879 3116 1148 3185 δόγματος
1177 3117 1354 3170 αὑτῶν
1390 3118 1679 3172 ἀκολουθία
1710 3121 1941 3173 ὑποκλέ-

369 3223 491 3258 πτει
531 3206 630 3276 τῆς
674 3206 928 3270 πίστεως,
974 3207 1123 3260 οὐδὲν
1163 3208 1310 3277 αὑτῷ
1359 3209 1497 3278 πλὴν
1545 3210 1700 3276 ψιλοῦ
1746 3212 1944 3281 ὀνόμα-

2117 2670 2191 2738 (α)
2221 2669 2278 2721 Si
2316 2668 2481 2738 igitur
2539 2682 2648 2720 non
2705 2665 2920 2720 exsistit
2974 2663 3284 2718 secundum
3343 2661 3625 2731 propriam

2032 2755 2367 2816 substantiae
2396 2774 2509 2812 sua:
2533 2758 2802 2810 rationem
2865 2755 3086 2824 energia
3125 2754 3236 2819 illa,
3267 2768 3389 2822 quae
3456 2751 3624 2806 Deum

2041 2851 2314 2920 sequitur,
2345 2858 2398 2902 et
2437 2863 2558 2918 qua:
2620 2847 2816 2900 Filium
2856 2846 3150 2915 producit:
3188 2845 3313 2913 quis
3362 2843 3498 2898 adeo
3529 2858 3627 2896 etes

2039 2956 2138 2996 cus
2165 2949 2272 3002 est,
2308 2948 2367 2992 ut
2400 2954 2509 2993 non
2541 2937 2808 3007 intelligat
2855 2936 3017 3003 hujus
3051 2935 3406 3004 blasphemiae
3466 2935 3624 2987 moli»

2049 3033 2254 3086 tionem
2287 3049 2300 3083 :
2333 3031 2479 3099 quod
2511 3029 2769 3083 videlicet
2799 3027 3000 3096 dirigat
3025 3041 3241 3080 omnem
3275 3040 3431 3080 suam
3458 3025 3622 3079 indu-

2046 3124 2239 3178 striam
2265 3130 2320 3175 et
2347 3120 2737 3190 cogitationem
2780 3119 2847 3172 ad
2878 3117 3006 3180 hoc,
3045 3123 3101 3169 ut
3133 3114 3386 3170 Salvator
3439 3124 3626 3170 noster

2047 3216 2263 3286 penitus
2313 3211 2649 3282 abnegetur?
2699 3209 2854 3275 Quod
2901 3209 2948 3263 si
3007 3207 3130 3260 Filii
3203 3206 3619 3261 subsistentiam

367 3312 458 3358 τος
509 3295 942 3350 καταλείπουσα·
997 3295 1156 3366 σχολῇ
1200 3298 1252 3363 γ’
1288 3296 1352 3348 ἂν
1417 3293 1554 3348 εἶναι
1622 3299 1739 3350 κατ’
1808 3298 1942 3350 ἰδίαν

2047 3305 2220 3360 series
2254 3301 2661 3371 disputationis,
2693 3315 2856 3368 quam
2893 3298 2983 3353 isti
3034 3303 3248 3359 texunt,
3303 3313 3370 3350 ex
3423 3297 3627 3350 animis

370 3387 663 3441 ὑπόστασιν
699 3386 1010 3454 πιστευθείη
1032 3387 1089 3439 τὸ
1116 3386 1337 3456 Πνεῦμα
1373 3387 1424 3439 τὸ
1453 3386 1626 3454 ἅγιον,
1651 3388 1712 3440 τὸ
1740 3388 1826 3441 διὰ
1847 3389 1944 3458 τῆς

367 3478 474 3530 τῶν
500 3477 864 3545 ἀνυπάρκτων
888 3477 1210 3540 ἀκολουθίας
1234 3477 1742 3548 γενεαλογούμενον.
1778 3479 1946 3532 Ὅταν

368 3570 476 3638 γάρ
502 3569 574 3638 μὴ
610 3569 829 3639 ὑπάρχῃ
876 3567 974 3637 μὲν
1015 3569 1133 3622 κατ’
1176 3569 1358 3622 οὐσίαν
1402 3570 1434 3639 ἡ
1481 3569 1834 3642 παρεπομένη
1870 3569 1947 3640 τῷ

368 3658 488 3728 Θεῷ
517 3657 784 3729 ἐνέργεια,
815 3657 1161 3729 ἀνύπαρκτον
1189 3659 1247 3711 δὲ
1279 3658 1338 3711 τὸ
1373 3659 1578 3729 ταύτης
1601 3661 1946 3729 ἀποτέλεσμα

371 3748 760 3820 καταλαμϐάνῃ
799 3747 856 3814 ἐξ
889 3748 1134 3818 ἀνάγκης
1164 3751 1191 3801 ὁ
1241 3749 1429 3817 λόγος,
1490 3751 1664 3818 τούτῳ
1696 3748 1750 3802 δὲ
1787 3749 1946 3803 πάλιν

371 3841 501 3910 ἄλλη
531 3856 615 3902 τις
653 3839 932 3910 ἐνεργείας
961 3839 1270 3910 ἀνυπαρξία
1307 3839 1623 3909 παρέπηται
1647 3856 1660 3870 ε
1699 3835 1818 3892 εἶτα
1859 3840 1947 3894 διὰ

369 3929 527 3983 τοῦτο
559 3929 882 3999 γεγενῆσθαι
924 3929 984 3982 τὺ
1028 3929 1252 4000 Πνεῦμα
1303 3929 1795 4000 κατασκευάζηται,
1829 3930 1947 3995 πῶς

371 4024 469 4076 οὑκ
499 4022 718 4092 εὔδηλον
755 4023 918 4074 πᾶσιν
946 4024 977 4092 ή
1019 4021 1354 4093 βλασφημία,
1396 4023 1476 4074 ὅτι
1509 4022 1648 4092 μετά
1669 4023 1760 4074 τὸν
1787 4024 1947 4090 ἀγεν-

372 4116 544 4184 νήτως
589 4114 719 4166 ὄντα
766 4113 928 4177 Θεὸν,
981 4114 1131 4166 οὐδὲν
1176 4113 1387 4184 ἀληθῶς
1436 4109 1730 4182 ὑφεστάναι
1780 4131 1946 4168 κατα-

375 4206 696 4269 σκευάζουσι
711 4254 725 4271 ,
748 4207 836 4264 διὰ
858 4209 1027 4263 σκιῶν
1048 4206 1139 4260 καὶ
1179 4206 1543 4276 ἀνυπάρκτων
1579 4207 1948 4277 ἀναπλασμῶν

373 4299 650 4368 προίόντος
684 4299 860 4352 αὐτῶν
897 4299 990 4351 τοῦ
1029 4299 1313 4368 δόγματος,
1359 4299 1452 4351 καὶ
1489 4299 1664 4351 οὐδενὶ
1695 4299 1802 4351 τῶν
1828 4302 1946 4352 κατ’

371 4387 622 4458 ἀλήθειαν
667 4388 988 4454 ὑςεεστώτων
1083 4386 1530 4458 ἐπερειδομένου·
1591 4388 1704 4441 ἀλλ’
1757 4391 1789 4458 ἡ
1852 4389 1948 4457 μὲν

372 4479 682 4548 κατασκευὴ
712 4478 819 4531 τῶν
843 4482 910 4530 τὰ
936 4479 1162 4532 τοιαῦτα
1187 4478 1642 4548 δογματιζόντων,
1671 4482 1748 4542 εἰς
1776 4476 1948 4532 τοιαύ-

370 4584 469 4637 την
493 4571 718 4624 ἀτοπίαν
753 4568 1002 4622 ἐκϐάλλει
1030 4571 1121 4623 τὸν
1153 4569 1327 4639 λόγον.

2045 3402 2101 3450 ct
2131 3394 2234 3448 [ide
2262 3391 2502 3446 ﬁdelium
2532 3389 2763 3452 aufcrat,
2793 3389 2927 3442 nihil
2959 3389 3029 3450 ei,
3060 3387 3164 3442 nisi
3193 3387 3398 3440 nudum
3427 3402 3626 3442 nomen

2048 3487 2392 3555 relinquens,
2432 3482 2574 3536 haud
2607 3482 2847 3550 proclive
2901 3480 3113 3534 creditu
3171 3478 3296 3542 erit,
3359 3478 3625 3547 Spiritum

2048 3587 2298 3633 sanctum
2334 3574 2654 3637 subsistere,
2683 3574 2887 3642 quippe
2915 3572 3076 3640 cujus
3100 3569 3392 3641 productio
3444 3584 3474 3622 a
3516 3586 3628 3624 non

2047 3665 2442 3722 exsistentibus
2471 3662 2791 3717 deducatur.
2831 3663 2888 3714 Si
2939 3660 3086 3716 enim
3137 3657 3440 3712 secundum
3501 3675 3628 3729 pro-

2049 3759 2225 3827 priam
2272 3769 2426 3811 suam
2478 3753 2844 3809 substantiam
2894 3767 3002 3805 non
3036 3751 3252 3806 exsistit
3299 3768 3363 3807 ea
3388 3765 3510 3818 qua
3559 3751 3626 3805 ad

2048 3847 2219 3902 Deum
2247 3844 2605 3913 consequitur
2651 3841 2919 3912 operatio,
2969 3841 3282 3896 necessario
3315 3841 3624 3901 conﬁcitur,

2047 3935 2209 3990 etiam
2249 3932 2302 3988 id
2333 3933 2478 4003 quod
2518 3933 2587 3985 ab
2614 3932 2716 3985 hac
2737 3930 3078 3999 producitur,
3140 3943 3264 3984 esse
3304 3930 3436 4000 quid
3501 3944 3614 3985 non

2050 4027 2393 4090 subsistens;
2421 4032 2474 4079 et
2501 4024 2548 4078 si
2583 4024 2652 4078 ab
2677 4023 2780 4076 hoc
2828 4036 3024 4076 rursus
3065 4023 3313 4090 operatio
3372 4021 3624 4091 quaedam

2051 4132 2160 4174 non
2192 4119 2467 4173 cxsistens
2497 4115 2764 4185 procedit,
2785 4126 2895 4183 per
2922 4127 3089 4183 quam
3126 4111 3369 4181 Spiritus
3403 4119 3628 4166 sanctus

2051 4211 2123 4266 sit
2151 4208 2378 4264 eﬂectus
2411 4215 2466 4261 et
2504 4205 2844 4276 productus:
2901 4203 3176 4273 quomodo
3232 4219 3342 4257 non
3372 4203 3629 4256 omnibus

2051 4298 2258 4368 liquido
2281 4303 2498 4350 constat
2531 4292 2869 4361 blasphemia
2904 4309 2916 4345 :
2959 4291 3104 4360 quod
3164 4292 3395 4355 scilicet,
3433 4301 3630 4360 praeter

2054 4389 2222 4443 Deum
2251 4386 2575 4457 ingenitum,
2619 4391 2886 4457 conentur
2921 4382 3274 4451 persuadere,
3309 4382 3446 4436 nihil
3481 4381 3628 4435 aliud

2051 4479 2376 4539 subsistere,
2407 4491 2516 4529 non
2543 4473 2924 4529 exsistentium
2967 4471 3349 4542 ﬁgmentorum
3373 4486 3629 4526 sermone

2051 4581 2107 4627 et
2167 4571 2524 4639 probamento
2560 4581 2656 4634 per
2700 4565 2883 4618 varios
2923 4571 2978 4618 et
3028 4566 3296 4617 obscuros
3345 4561 3626 4618 anfractus

373 4661 624 4726 deducto,
653 4672 706 4717 et
734 4664 866 4717 nulli
901 4677 1114 4720 eorum,
1151 4678 1274 4732 qua:
1294 4662 1594 4718 secundum
1621 4662 1701 4719 rei
1738 4662 2020 4716 veritatem
2055 4661 2389 4723 subsistunt,
2411 4659 2622 4713 innixo.
2691 4653 2758 4709 Et
2826 4661 3059 4709 conatus
3131 4652 3349 4722 quidem
3409 4667 3623 4716 eorum,

373 4756 465 4826 qui
492 4755 632 4810 hanc
676 4754 984 4809 doctrinam
1041 4761 1366 4824 propagant,
1406 4754 1514 4808 huc
1562 4753 1856 4823 impietatis
1890 4762 1945 4806 et
1983 4751 2343 4808 absurditatis
2369 4747 2699 4819 prorumpit.

441 4847 674 4902 Διδόσθω
725 4846 782 4898 δὲ
820 4845 940 4898 καθ’
990 4845 1243 4897 ὑπόθεσιν
1286 4846 1361 4916 μὴ
1405 4843 1576 4908 οὕτως
1624 4845 1785 4916 ἔχειν.
1829 4844 1938 4896 Καὶ

2115 4841 2410 4897 Faciamus
2452 4837 2858 4906 tamen,posita
2889 4833 3202 4905 hypothesi,
3251 4847 3367 4887 rem
3395 4846 3505 4886 non
3541 4831 3620 4886 ita

374 4939 482 5010 γὰρ
521 4935 840 5007 ὁμολογοῦσι
883 4935 1041 5004 δῆθεν
1076 4935 1170 4987 καὶ
1198 4933 1275 5004 τῷ
1300 4934 1443 5005 λόγῳ
1473 4933 1942 5005 φιλανθρωπεύον-

373 5046 462 5083 ται
496 5026 899 5097 συγχωροῦντες
929 5021 1067 5076 εἶναι
1109 5024 1186 5094 τῷ
1220 5027 1497 5094 μονογενεῖ
1537 5025 1650 5094 Υἰῷ
1731 5025 1825 5077 καὶ
1867 5021 1944 5092 τῷ

373 5121 650 5191 Πνεῦματι
692 5120 770 5189 τῷ
817 5118 957 5188 ἁγίῳ
999 5118 1116 5170 κατ’
1167 5117 1301 5170 ίδίαν
1345 5117 1659 5170 ὑπόστασιν.
1714 5116 1852 5168 Ἀλλ’
1897 5117 1944 5168 εί

379 5209 475 5280 μὲν
521 5208 904 5278 ὁμολογοῦντες
941 5207 1114 5260 ταῦτα
1136 5247 1148 5269 ,
1189 5207 1278 5258 καὶ¹
1310 5206 1408 5268 τὰς
1440 5207 1564 5275 περὶ
1600 5205 1780 5258 αὐτῶν
1814 5207 1946 5259 ὑπο-

375 5299 560 5372 λήψεις
591 5298 1020 5368 συνωμολόγουν,
1047 5297 1154 5350 οὐδ’
1182 5296 1248 5348 ἂν
1279 5295 1544 5363 ἐμάχοντο
1570 5295 1784 5355 πάντως
1816 5295 1942 5364 περὶ

375 5391 436 5445 τὸ
471 5392 645 5462 δόγμα
686 5391 783 5460 τῆς
833 5387 1184 5458 Ἐκκλησίας,
1231 5385 1351 5438 οὐδὲ
1381 5385 1482 5453 τῆς
1511 5384 1694 5453 κοινῆς
1733 5383 1945 5446 ἐλπίδος

375 5484 482 5536 τῶν
530 5481 870 5552 Χριστιανῶν
917 5480 1305 5549 ἀπεσχίζοντοο
1352 5476 1486 5528 εἰδὲ
1530 5475 1779 5544 καθάπερ
1813 5474 1944 5542 ῦλην

376 5576 526 5640 τινὰ,
564 5577 656 5628 καὶ
699 5574 949 5644 ἀφορμὴν
997 5569 1342 5641 βλασφημίας
1369 5569 1580 5630 ἑαυτοῖς
1614 5566 1940 5620 ὑποϐάλλον-

2053 4950 2112 4988 se
2139 4932 2337 4986 habere
2373 4929 2612 4984 :etenim
2647 4929 2812 4981 verbo
2849 4923 3073 4994 quidem
3105 4923 3460 4978 humaniores
3486 4937 3626 4976 non-s

2052 5022 2187 5076 nihil
2220 5027 2369 5083 sunt,
2403 5017 2828 5084 conceduntque
2847 5013 3132 5081 nnigenito
3155 5009 3296 5064 Filio
3317 5018 3371 5065 et
3390 5010 3620 5079 Spiritui

2053 5121 2244 5168 sancto
2277 5110 2554 5181 prepriam
2598 5105 2922 5177 hypostasin
2958 5112 3015 5158 et
3072 5102 3518 5159 subsistentiam.
3557 5103 3626 5154 At

2051 5205 2098 5259 si
2127 5204 2242 5258 haec
2271 5217 2380 5256 non
2413 5199 2810 5260 inliciarentur,
2847 5208 3313 5262 communemque
3364 5192 3433 5247 de
3485 5192 3624 5261 ipsis

2049 5295 2518 5352 existimationem
2549 5291 2944 5360 approbarent,
2978 5285 3169 5355 utique
3200 5299 3313 5339 non
3348 5283 3618 5338 adversa-

2049 5394 2241 5442 rentur
2272 5384 2529 5439 Ecclesiae
2563 5382 2617 5435 in
2642 5381 2748 5436 isto
2772 5370 3050 5446 dogmate,
3078 5391 3258 5445 neque
3281 5391 3308 5428 a
3335 5375 3622 5429 communi

2051 5475 2488 5530 Christianorum
2521 5485 2618 5539 spe
2648 5484 2769 5523 sese
2811 5465 3230 5537 abjunxissent:
3267 5465 3311 5519 si
3359 5476 3487 5518 vero
3521 5469 3622 5516 ceu

2057 5563 2338 5618 materiam
2381 5568 2435 5616 et
2476 5556 2892 5613 fundamentum
2949 5553 3305 5626 blasphemiae
3346 5566 3459 5607 suae
3493 5549 3621 5605 subl

453 5753 529 5823 (ιι)
589 5751 800 5804 Profert
854 5749 1000 5802 hunc
1054 5747 1233 5801 locum
1289 5747 1567 5816 Cypariss.
1625 5742 1817 5798 dccad.
1865 5757 1917 5807 ι,
1944 5754 2062 5810 cap.
2104 5739 2159 5792 4.

713 5872 984 5934 Parnm"
1031 5870 1149 5930 Gn.
1195 5868 1389 5928 XLV.

3276 5838 3346 5905 ll
