4166 6372
566 367 658 421 551
1806 375 1863 428 S.
1889 375 2213 429 GREGOIIII
2256 373 2546 429 NYSSEN‘I

3701 369 3806 426 339

565 489 800 539 struant,
837 479 969 534 Filio
1005 493 1056 535 et
1082 481 1313 553 Spiritui
1355 493 1545 539 saneto
1590 488 1969 542 cxsistentiam
2023 489 2125 541 Iar-

2233 507 2353 552 τες,
2385 489 2483 540 ’διὰ
2521 487 2678 538 τοῦτο
2727 486 2804 556 τῷ
2838 486 2977 555 Υἰῷ,
3017 486 3107 538 καὶ
3152 485 3227 554 τῷ
3263 483 3538 553 Πνεύματι
3566 482 3626 534 τὸ
3669 478 3805 535 εἶναι

563 570 815 638 giuntur,
869 571 1142 636 fortassis,
1205 574 1331 628 licet
1381 575 1644 629 audacius
1695 577 1900 629 dictum
1952 577 2125 630 videri

562 668 767 728 queat,
805 662 1209 719 conducibilius
1236 666 1376 734 ipsis
1399 676 1563 729 esset,
1620 669 1870 736 ahjurata
1907 668 2032 728 fide,
2061 668 2128 720 ad

562 750 876 805 Judworum
910 755 1116 807 cultum
1173 757 1430 821 transire,
1480 775 1644 826 quam
1690 759 2127 812 Christianorum

563 857 760 895 nomen
784 852 837 896 et
879 845 1278 913 professionem
1324 863 1418 916 per
1447 850 1878 903 commentitiam
1911 847 2130 902 confes-

562 934 775 986 sionem
841 936 1064 988 violare.
1115 935 1195 989 llli
1232 939 1374 990 enim
1430 938 1549 992 tidci
1621 939 1786 1007 hujus
1847 940 2128 1006 hucusque

561 1026 910 1092 expertes,in
943 1044 1007 1080 eo
1049 1036 1260 1081 tantum
1314 1030 1593 1101 impietate
1641 1038 1926 1094 notantur,
1978 1030 2125 1098 quod

560 1116 810 1168 abnuunt
841 1118 1085 1171 conﬁteri
1140 1119 1419 1174 Christum
1459 1122 1568 1190 jam
1601 1120 1858 1185 venisse;
1899 1129 1952 1174 at
1996 1137 2126 1173 vcn-

563 1212 744 1256 turum
789 1215 1035 1273 sperant,
1090 1223 1268 1276 neque
1308 1210 1598 1278 quisquam
1636 1227 1662 1262 a
1697 1223 1968 1278 quoquam
2004 1209 2128 1262 illo-

560 1310 679 1346 rum
717 1296 866 1349 audit
896 1299 1221 1352 sententiam
1258 1316 1594 1370 perversam,
1631 1311 1684 1354 et
1732 1316 1854 1369 qua
1886 1299 2125 1354 debitam

558 1384 1046 1451 existimationem,
1099 1403 1260 1456 quam
1321 1390 1522 1442 habent
1557 1390 1623 1442 de
1667 1389 1780 1448 illo.
1830 1403 1988 1456 quem
2031 1403 2126 1440 ex-

560 1483 836 1544 spectant,
893 1479 1064 1530 tollat.
1126 1478 1219 1530 Isti
1270 1495 1401 1532 vero
1459 1495 1611 1532 novae
1663 1477 2123 1537 circumcisiouis,

560 1566 640 1618 vel
680 1567 880 1635 potius,
939 1579 998 1622 ut
1063 1570 1354 1638 Apostolus
1408 1570 1726 1636 loquitur“,
1787 1568 2123 1632 concisionis,

559 1672 703 1720 eum,
745 1659 836 1726 qui
895 1661 1318 1729 exspectabatur
1374 1661 1595 1714 venisse
1643 1673 1754 1713 non
1811 1658 2126 1711 inficiantur

559 1748 815 1814 quidem;
860 1749 1144 1804 imitantur
1184 1759 1361 1804 autem
1401 1751 1542 1811 illos,
1569 1751 1660 1818 qui
1687 1748 1897 1802 Domini
1929 1764 2125 1803 secun-

2232 575 2540 646 χαρίζονται
2568 575 2726 644 τάχα,
2745 574 2846 625 κᾶν
2872 573 3139 643 τολμηρὸν
3164 574 3334 625 εἰπεῖν
3360 568 3414 641 ᾖ,
3445 569 3806 622 λυσιτελέστε-

2236 684 2323 735 ρον
2349 662 2415 735 ἦν
2449 668 2628 728 αὑτοῖς
2666 663 3032 732 αὐτομολῆσαι
3079 663 3214 732 πρὸς
3249 662 3346 729 τὴν
3384 660 3493 712 τῶν
3536 661 3802 714 Ἰουδαίων

2230 756 2482 826 λατρείαν
2530 755 2949 825 ἐξομοσαμένοις
2996 755 3094 823 τὴν
3139 753 3342 817 πίστιν,
3381 751 3414 822 ἢ
3450 750 3797 822 καθυϐρίζειν

2229 846 2315 898 διὰ
2364 847 2461 916 τῆς
2511 846 2771 915 δοκούσης
2812 847 3100 915 ὁμολογίας
3154 844 3261 897 τῶν
3314 843 3652 912 Χριστιανῶν
3704 844 3801 913 τὴν

2233 937 2620 1006 προσηγορίαν.
2689 937 2912 988 Ἐκεῖνοι
2976 937 3072 1004 μὲν
3125 933 3233 1005 γὰρ
3286 933 3650 1004 ἁπαράδεκτοι
3707 931 3799 985 τοῦ

2230 1025 2386 1090 λόγου
2417 1025 2575 1096 μέχρι
2595 1024 2686 1076 τοῦ
2711 1025 2803 1077 νῦν
2835 1024 3226 1092 διαμείναντες,
3257 1023 3507 1075 τοσοῦτον
3537 1020 3792 1075 ἀσεϐοῦσι

2234 1116 2411 1186 μόνον,
2443 1117 2564 1168 ὅσον
2602 1115 2690 1168 τὸν
2724 1115 2944 1168 ἐλθόντα
2976 1115 3206 1186 Χριστὸν
3240 1114 3312 1184 μὴ
3343 1113 3641 1182 ὁμολογεῖν,
3683 1113 3798 1166 ἀλλ’

2231 1206 2466 1270 ἐλπίζειν
2499 1207 2844 1258 ἐλεύσεσθαι·
2882 1205 3122 1277 πονηρὰν
3149 1206 3204 1258 δέ
3238 1222 3390 1266 τινα,
3426 1205 3517 1257 καὶ
3543 1204 3800 1273 καθαιρε-

2229 1300 2384 1368 τικὴν
2425 1300 2630 1352 ἔννοιαν
2659 1299 2757 1367 τῆς
2804 1297 2897 1350 τοῦ
2944 1297 3389 1368 προσδοκωμένου
3441 1297 3569 1366 παρ’
3619 1297 3800 1358 αὑτοῖς

2228 1388 2384 1458 δόξης
2429 1389 2679 1458 οὐδεμίαν
2733 1388 2846 1440 ἔστι
2893 1388 3157 1456 λεγόντων
3215 1386 3465 1440 ἀκούειν·
3517 1388 3564 1440 οἱ
3599 1387 3655 1439 δὲ
3702 1387 3801 1455 τῆς

2228 1479 2352 1540 νέας
2405 1479 2734 1548 περιτομῆς,
2799 1477 2997 1546 μᾶλλον
3047 1478 3102 1530 δὲ
3152 1477 3278 1546 τῆς,
3339 1475 3521 1540 καθώς
3569 1493 3730 1547 φησιν
3769 1476 3798 1526 ὁ

2240 1568 2584 1632 Ἀπόστολος,
2638 1567 3014 1636 κατατομῆς,
3063 1566 3378 1636 ἐληλυθέναι
3425 1568 3521 1637 μὲν
3554 1567 3652 1620 οὐκ
3694 1567 3796 1638 ἀρ-

2228 1659 2440 1712 νοῦνται
2473 1659 2562 1712 τὸν
2599 1657 3042 1728 προσδοκώμενον
3064 1675 3076 1687 ’
3126 1657 3412 1729 μιμοῦνται
3441 1656 3497 1709 δὲ
3540 1658 3662 1719 τοὺς
3696 1657 3795 1726 τὴν

2229 1749 2367 1801 κατά
2408 1749 2582 1819 σάρκα
2632 1748 2722 1800 τοῦ
2756 1750 2958 1819 Κυρίου
2993 1748 3293 1818 παρουσίαν
3332 1747 3398 1799 δι’
3424 1747 3678 1810 ἀπιστίας
3705 1745 3798 1799 καὶ

559 1837 688 1890 dum
740 1853 959 1892 carnem
1015 1842 1378 1908 praesentiam,
1433 1857 1528 1910 per
1585 1840 2014 1894 incredulitatem
2062 1846 2115 1890 et

2229 1839 2436 1910 ὕϐρεως
2467 1840 2825 1909 ἀτιμάζοντας
2851 1855 2863 1868 ·
2901 1842 3096 1891 ἐκεῖνοι
3147 1837 3314 1901 λίθοις
3360 1837 3539 1907 βαλεῖν
3586 1838 3798 1908 ἐπε-χεί-

560 1928 817 1995 injuriam
885 1929 1320 1997 inhonorarunt;
1377 1931 1456 1984 illi
1517 1930 1806 1984 Dominum
1849 1930 2123 2001 lapidibus

559 2019 790 2074 obruere
821 2022 1242 2088 conabantur”,
1279 2024 1371 2078 isti
1403 2023 1584 2093 impiis
1612 2031 1665 2077 et
1698 2022 1923 2078 nefariis
1973 2023 2125 2076 voci-

559 2110 662 2164 bus
698 2112 946 2168 veritatis
986 2098 1293 2168 sermonem
1344 2115 1609 2178 obruunt,
1653 2116 1887 2182 etquasi
1931 2113 2128 2182 lapidi-

558 2199 660 2254 bus
683 2202 974 2270 sepeliunt.
1020 2203 1101 2256 llli
1134 2204 1467 2273 objicichant
1497 2206 1863 2258 humilitatem
1898 2213 1952 2258 et
1983 2203 2124 2273 ahje-

559 2290 791 2343 clionem
837 2294 1200 2358 generationis
1231 2295 1529 2348 secundum
1552 2311 1770 2349 carnem
1796 2295 1863 2357 ⁸ο,
1899 2295 2121 2348 minime

560 2381 835 2448 progressi
871 2382 937 2435 ad
973 2383 1212 2436 divinam
1246 2385 1390 2438 illam
1449 2393 1503 2438 et
1552 2385 1990 2439 antesaecularem
2026 2399 2123 2436 na-

559 2472 824 2525 tivitatem
865 2493 876 2527 :
920 2475 1171 2529 similiter
1211 2485 1263 2530 et
1292 2475 1383 2530 isti
1437 2477 1767 2546 abnegantes
1818 2475 2125 2530 confessio-

561 2579 684 2616 nem
713 2565 1012 2634 magniﬁca:
1070 2566 1238 2627 illius,
1301 2568 1551 2622 sublimis
1605 2575 1657 2621 et
1714 2567 2003 2621 inell'abilis
2061 2584 2124 2621 ex

558 2652 720 2708 Patre
755 2656 1144 2722 generationis,
1177 2655 1447 2710 affirmant
1479 2657 1628 2710 illum
1657 2673 1753 2726 per
1782 2659 2121 2712 creationem

565 2758 690 2797 esse
721 2746 1020 2814 accepisse,
1055 2762 1120 2800 cx
1155 2763 1262 2816 qua
1317 2747 1554 2801 humana
1607 2749 1859 2816 quaelibet
1903 2756 2121 2811 natura,

557 2842 610 2886 et
643 2837 822 2888 omnia
846 2852 966 2906 qua:
996 2836 1136 2891 facta
1165 2847 1314 2899 sunt,
1341 2837 1605 2905 originem
1643 2839 1875 2891 ducunt.

627 2933 796 2996 A'Jgre
853 2927 1106 2982 ferebant
1153 2927 1329 2984 Judzci
1381 2929 1669 2983 Dominum
1714 2938 1964 2984 nostrum
2002 2945 2124 2985 esse

557 3017 752 3072 Filium
785 3017 958 3081 Dei",
997 3019 1084 3073 cui
1117 3021 1304 3074 omnia
1328 3029 1541 3090 parent.
1573 3019 1930 3088 Indignamur
1953 3028 2006 3074 et
2035 3020 2122 3074 isti

557 3109 822 3164 adversus
856 3109 1001 3173 illos,
1025 3111 1118 3180 qui
1143 3111 1286 3165 hanc
1313 3111 1718 3165 confessionem
1757 3109 1823 3165 de
1861 3111 1999 3163 Filio
2040 3113 2124 3164 iu-

556 3199 818 3252 violatam
876 3201 1216 3254 custodiunt.
1269 3199 1347 3253 llli
1403 3202 1671 3270 putabant
1727 3216 1787 3254 se
1845 3200 2122 3256 honorare

559 3288 792 3350 Patrem,
828 3288 873 3342 si
903 3289 970 3342 ab
995 3290 1307 3358 aequalitate
1334 3288 1559 3345 honoris
1597 3299 1648 3344 et
1690 3292 1994 3359 majestatis
2032 3292 2120 3346 Fi-

557 3379 690 3431 lium
727 3379 1110 3442 excluderent;
1144 3380 1233 3434 isti
1263 3379 1426 3432 etiam
1455 3381 1757 3449 gratificari
1803 3397 1861 3435 se
1885 3381 2121 3436 credunt

557 3469 939 3524 universorum
975 3471 1105 3534 Deo,
1138 3472 1183 3526 si
1211 3473 1411 3526 tollant
1445 3474 1779 3528 etaboleant
1807 3475 2121 3543 opinionem

557 3563 698 3614 hanc
736 3561 802 3616 de
826 3561 985 3625 Filio,
1023 3562 1173 3618 Patri
1209 3565 1311 3620 soli
1337 3564 1439 3619 hoc
1469 3564 1680 3620 honore
1721 3575 2030 3632 reservato,
2067 3575 2122 3620 ut

558 3659 766 3705 taceam
803 3652 854 3706 id
881 3669 1055 3721 genus
1089 3655 1217 3717 alia,
1247 3670 1367 3723 quae
1405 3656 1530 3724 quis
1554 3671 1652 3724 pro
1669 3655 1936 3725 dignitate
1967 3673 2124 3712 enar-

557 3744 690 3798 ret?
741 3745 941 3813 quibus
988 3760 1140 3800 suam
1185 3747 1446 3802 adversus
1507 3746 1858 3818 Uuigenitum
1900 3748 1992 3803 Dei
2030 3748 2120 3802 Fi-

557 3835 690 3889 lium
733 3835 987 3904 injuriam
1014 3845 1066 3888 et
1090 3839 1477 3892 contumeliam
1523 3840 1791 3907 produnt;
1829 3840 2122 3900 confictam

555 3925 930 3993 operationem
965 3925 1257 3993 quamdam
1289 3927 1696 3995 productricem
1745 3928 2124 3983 subsistentia:

555 4014 760 4068 Christi
793 4015 1297 4080 comminiscentes,
1340 4017 1572 4085 ejusque
1613 4033 1752 4084 opus
1786 4025 1840 4071 et
1869 4017 2121 4072 effectum

556 4108 736 4173 ipsum
781 4122 908 4164 esse
957 4105 1504 4176 allirrnanleszquod
1566 4123 1811 4162 asserere
1855 4110 2123 4164 hactenus

554 4194 728 4249 Judmi
753 4196 874 4250 ausi
904 4211 1015 4250 non
1049 4197 1292 4253 fuerunt.
1320 4197 1522 4253 Deinde
1554 4199 1887 4252 concludunt
1933 4208 1987 4254 ct
2022 4202 2123 4254 cir-

557 4288 944 4340 cumscribunt
972 4286 1185 4343 Domini
1216 4299 1466 4343 naturam
1495 4291 1747 4344 terminis
1796 4293 2120 4359 quibusdam

555 4383 610 4430 et
638 4376 904 4431 limitibus
929 4379 1046 4446 ejus
1075 4379 1375 4442 facultatis,
1418 4396 1446 4434 a
1482 4397 1586 4450 qua
1617 4381 1887 4450 producta
1915 4389 2017 4446 est,
2042 4384 2125 4436 iu-

556 4484 722 4538 supcr
755 4468 1089 4538 perfectione
1121 4481 1173 4524 et
1199 4473 1463 4541 qualitate
1490 4472 1735 4535 virtutis,
1768 4488 1833 4526 ac
1863 4478 2121 4542 potentiae
2158 4475 2199 4528 D

556 4560 952 4631 productricis,
989 4562 1138 4616 velut
1167 4579 1427 4618 mensura
1448 4573 1502 4618 et
1526 4565 1835 4633 quantitate
1881 4566 2122 4635 quadam

555 4665 678 4705 eum
713 4650 1098 4715 dimetiuntur,
1133 4659 1186 4705 et
1209 4653 1358 4707 velut
1397 4653 1583 4707 tunica
1612 4654 1870 4722 quadam,
1903 4656 2125 4724 energia

557 4743 624 4796 ab
657 4743 790 4811 ipsis
822 4744 1131 4813 excogitata
1174 4744 1417 4813 undique
1447 4752 1750 4799 coarctant.
1795 4744 1858 4799 in
1886 4745 1974 4802 his
2014 4763 2126 4800 nou

558 4849 851 4903 possumus
872 4849 1139 4890 accusare
1173 4833 1420 4890 Iudaeos.

622 4923 893 4978 Praeterea
952 4927 1390 4980 contractionem
1461 4926 1754 4995 quamdam
1820 4929 2120 4983 secundum

557 5010 992 5068 imminutionem
1011 5014 1065 5068 in
1081 5013 1383 5068 substantia
1401 5017 1576 5072 inesse
1591 5019 2008 5088 cogitant,~cum,
2026 5035 2091 5071 uc
2104 5048 2122 5057 -

557 5101 674 5154 scio
702 5115 809 5170 qua
831 5103 1202 5168 ratione,cum
1231 5107 1324 5171 qui
1357 5109 1498 5156 iiiole
1533 5114 1584 5156 et
1631 5107 2008 5173 magnitudine
2029 5122 2121 5161 ca-

554 5191 797 5251 ret,suis
824 5192 1256 5261 cogitationibus
1291 5200 1346 5247 et
1380 5193 1836 5262 persuasionibus
1883 5196 2122 5248 metian-

557 5289 677 5333 tur:
701 5289 755 5334 at
784 5281 1061 5350 quomodo
1090 5283 1332 5352 reperire
1364 5291 1588 5352 queant,
1611 5292 1880 5353 quantum
1915 5287 1982 5340 ad
2011 5289 2120 5340 vir-

556 5371 690 5425 tutis
723 5369 1110 5439 perfectionem
1130 5374 1268 5427 desit
1301 5375 1596 5443 Unigenito
1639 5373 1811 5437 Filio,
1851 5390 1961 5444 quo
1995 5392 2120 5431 cum

555 5463 853 5518 destitutus
913 5464 1020 5524 sit,
1059 5463 1116 5518 in
1174 5464 1371 5518 minori
1423 5473 1476 5519 et
1531 5465 1922 5534 imperfectiori
1978 5477 2120 5523 statu

555 5555 1114 5612 versatur?utsileam
1139 5555 1189 5609 id
1217 5571 1388 5626 genus
1432 5556 1534 5609 alia
1586 5557 1842 5625 plurima,
1886 5574 2119 5628 quorum

2231 1949 2354 2003 ρουν
2385 1931 2474 1983 τὸν
2508 1930 2712 2000 Κύριον
2740 1947 2752 1959 ·
2784 1925 2928 1983 οὗτοι
2960 1931 3075 1992 ταῖς
3103 1927 3436 1998 βλασφήμοις
3471 1928 3672 1994 φωναῖς
3714 1926 3798 1980 τὸν

2226 2024 2323 2092 τῆς
2369 2020 2622 2091 ἀληθείας
2677 2020 2831 2087 λόγον
2885 2017 3355 2080 καταλιθάζουσιν.
3400 2017 3625 2068 Ἐκεῖνοι
3663 2031 3798 2084 προ-

2228 2113 2421 2183 ἐφερον
2446 2113 2542 2183 τῆς
2573 2113 2711 2164 κατά
2734 2112 2909 2182 σάρκα
2944 2111 3243 2180 γεννήσεως
3260 2108 3320 2160 τὸ
3340 2107 3588 2160 ταπεινόν
3615 2123 3674 2158 τε
3705 2106 3798 2158 καὶ

2227 2205 2443 2268 ἄδοξον,
2491 2203 2586 2274 τὴν
2629 2203 2776 2255 θείαν
2856 2204 2948 2255 καὶ
2994 2199 3316 2272 προαιώνιον
3360 2200 3420 2251 οὑ
3453 2198 3798 2270 προσιέμενοι

2227 2296 2473 2363 γέννησιν
2498 2313 2510 2324 ·
2537 2296 2676 2348 κατὰ
2704 2294 2874 2347 ταῦτα
2904 2294 2997 2346 καὶ
3023 2285 3165 2345 οὗτοι
3194 2292 3290 2360 τῆς
3321 2289 3794 2361 μεγαλοπρεποῦς,

2228 2387 2320 2439 καὶ
2354 2387 2579 2456 ὑψηλῆς,
2611 2385 2703 2439 καὶ
2739 2387 2979 2456 ἀρρήτου
3010 2387 3073 2436 ἐκ
3106 2383 3318 2453 Πατρὸς
3354 2383 3661 2450 γεννήσεως
3698 2380 3797 2452 τὴν

2227 2478 2511 2547 ὁμολογίαν
2545 2477 2895 2548 ἀρνούμενοι,
2945 2474 3032 2527 διά
3077 2474 3303 2536 κτίσεως
3356 2473 3514 2527 αὑτὸν
3553 2472 3696 2543 ἔχειν
3735 2472 3797 2524 τὸ

2229 2565 2364 2620 εἶναι
2387 2566 2886 2630 κατασκευάζουσιν
2908 2583 2920 2597 ⁶
2945 2565 3064 2619 ὅθεν
3085 2567 3177 2619 καὶ
3202 2569 3266 2635 τῇ
3284 2563 3592 2635 ἀνθρωπίνῃ
3617 2563 3792 2632 φύσει,

2228 2661 2322 2712 καὶ
2357 2661 2488 2712 πᾶσι
2517 2661 2624 2722 τοῖς
2652 2659 2928 2727 γεγονόσιν
2955 2659 3101 2711 ἐστὶν
3129 2661 3162 2728 ἡ
3191 2657 3417 2725 γένεσις.

2303 2929 2592 2998 Ἔγκλημα
2638 2931 2749 2991 τοῖς
2805 2927 3075 2991 Ἰουδαίοις
3122 2923 3222 2998 ἦν,
3256 2927 3344 2989 τὸ,
3401 2926 3525 2979 Υίὸν
3557 2925 3649 2978 τοῦ
3705 2927 3796 2979 ἐπὶ

2228 3021 2440 3074 πάντων
2474 3019 2606 3074 θεοῦ
2647 3019 2984 3089 θεωρηθῆναι
3035 3020 3122 3071 τὸν
3158 3018 3360 3090 Κύριον
3385 3035 3398 3050 ο
3432 3017 3794 3086 ἀγανακτοῦσι

2150 3148 2191 3204 C
2228 3113 2318 3163 καὶ
2350 3107 2494 3164 οὗτοι
2524 3110 2664 3163 κατά
2689 3111 2794 3162 τῶν
2823 3113 2880 3164 ἐν
2912 3110 3137 3179 ἀληθείᾳ
3164 3111 3259 3181 τὴν
3284 3110 3573 3180 ὁμολογίαν
3595 3109 3795 3178 ταύτην

2226 3204 2309 3256 ἐπ’
2364 3202 2526 3255 αὑτοῦ
2572 3202 2924 3272 ποιουμένων.
2975 3203 3229 3255 Κάκεῖνοι
3273 3203 3435 3272 τιμᾷν
3479 3200 3649 3271 ᾤοντο
3706 3200 3796 3254 τὸν

2225 3292 2354 3345 Θεὸν
2392 3293 2497 3344 τῶν
2539 3293 2692 3356 ὅλων,
2725 3293 2824 3361 τῆς
2856 3292 2988 3362 πρὸς
3017 3293 3177 3345 αὑτὸν
3213 3292 3499 3362 ὁμοτιμίας
3531 3292 3618 3345 τὸν
3668 3292 3794 3344 Υἱὸν

2225 3381 2634 3443 ἀποκλείοντες·
2682 3380 2849 3433 ταῦτα
2894 3383 2987 3432 καὶ
3032 3376 3174 3434 οὗτοι
3222 3381 3298 3450 τῷ
3333 3381 3422 3434 ἐπὶ
3451 3382 3669 3434 πάντων
3700 3398 3796 3450 χα-

2229 3473 2491 3543 ρίζονται,
2523 3473 2578 3522 ἐν
2602 3474 2668 3541 τῇ
2710 3472 3022 3539 καθαιρέσει
3063 3473 3157 3542 τῆς
3181 3471 3273 3524 τοῦ
3303 3472 3504 3540 Κυρίου
3539 3471 3695 3540 δόξης
3717 3470 3796 3540 τῷ

2227 3564 2397 3632 lla-.91
2437 3563 2532 3630 τὴν
2565 3562 2725 3630 τιμὴν
2757 3561 3134 3630 χαριζόμενοι.
3167 3561 3246 3614 Τὰ
3287 3561 3342 3614 δὲ
3389 3562 3543 3624 ἄλλα,
3588 3561 3701 3624 πῶς
3729 3562 3795 3614 ἄν

2224 3670 2304 3715 τις
2333 3653 2464 3721 πρὸς
2501 3652 2654 3716 ἀξίαν
2677 3651 2930 3714 διεξέλθοι
2951 3670 2964 3715 ;
2987 3653 3052 3704 δι’
3093 3653 3230 3705 ὅσων
3258 3653 3349 3705 καὶ
3388 3653 3512 3705 οἴων
3530 3651 3626 3722 τὴν
3654 3653 3795 3706 κατά

2224 3745 2316 3796 τοῦ
2348 3743 2681 3810 Μονογενοῦς
2729 3743 2882 3812 ὕϐριν
2930 3744 3324 3798 ἐνδείκνυνται’
3362 3744 3643 3815 ἐνέργειάν
3675 3763 3795 3799 τινα

2226 3836 2766 3906 προαναπλάσσοντες
2812 3836 2911 3903 τῆς
2963 3834 3054 3888 τοῦ
3121 3836 3356 3906 Χριστοῦ
3410 3837 3791 3900 ὑποστάσεως,

2226 3927 2436 3997 ἐκείνης
2492 3928 2648 3998 ἔργον
2707 3926 2864 3979 αὑτὸν
2951 3927 3045 3978 καὶ
3103 3925 3452 3996 ἀποτέλεσμα
3512 3926 3790 3994 λέγουσιν·

2226 4019 2360 4090 ὅπερ
2403 4021 2512 4080 τοῖς
2563 4017 2834 4080 Ἰουδαίοις
2886 4015 3036 4069 οὔπω
3096 4017 3253 4086 μέχρι
3301 4015 3390 4068 τοῦ
3424 4015 3580 4086 δεῦρο
3617 4016 3797 4069 τετόλ-

2231 4125 2424 4178 μηται·
2487 4103 2602 4161 εἶτα
2652 4106 3048 4177 περιγράφουσι
3087 4106 3178 4158 τοῦ
3226 4105 3426 4176 Κυρίου
3475 4106 3574 4177 τὴν
3613 4106 3792 4174 φύσιν,

2227 4199 2374 4259 ἐντὸς
2419 4198 2558 4267 ὅρων
2589 4197 2749 4250 τινῶν
2783 4195 2879 4266 τῆς
2914 4195 3284 4266 ποιησαμένης
3323 4195 3598 4266 δυνάμεως
3635 4194 3794 4248 αὐτὸν

2228 4288 2640 4349 ἀποκλείοντες*
2687 4288 2780 4340 καὶ
2826 4287 2986 4338 οἱονεὶ¹
3032 4285 3214 4356 μέτρῳ
3262 4285 3368 4338 τινὶ
3395 4288 3460 4356 τῇ
3507 4285 3791 4355 ποσότητι,

2227 4379 2322 4447 τῆς
2369 4377 2820 4447 ὑποστησαμένης
2858 4375 3016 4427 αὑτὸν
3051 4375 3329 4444 ἐνεργείας
3372 4375 3795 4444 περισχοινίζον-

2224 4486 2342 4534 τες,
2377 4469 2562 4540 ὥσπερ
2601 4467 2784 4538 χιτῶνι
2813 4484 2916 4519 τινι
2953 4469 3018 4536 τῇ
3070 4466 3414 4536 ἐπινοηθείσῃ
3457 4467 3584 4536 παρ’
3616 4466 3794 4519 αὐτῶν

2222 4562 2471 4631 ἐνεργείᾳ
2501 4559 2834 4630 πανταχόθεν
2864 4558 3323 4628 περιειργόμενον.
3353 4559 3533 4610 Ταῦτα
3557 4573 3794 4628 κατηγο-

2228 4654 2337 4722 ρεῖν
2363 4651 2468 4703 τῶν
2511 4650 2775 4703 Ἰουδαίων
2807 4649 2903 4701 οὐκ
2935 4647 3149 4717 ἔχομεν.

2300 4919 2434 4977 Εἶτα
2469 4920 2780 4992 βραχύτητά
2808 4938 2925 4973 τινα
2950 4923 3014 4990 τῇ
3048 4920 3202 4990 οὐσίᾳ
3237 4921 3355 4972 κατ’
3385 4919 3674 4973 ἐλάττωσιν
3706 4921 3794 4975 ὲν-

2230 5013 2552 5088 θεωροῦσιν⁹
2597 5014 2696 5066 οὐκ
2723 5008 2836 5064 οἶδα
2864 5012 2966 5064 τίνι
3001 5011 3204 5082 μεθόδῳ
3228 5011 3317 5063 τὸν
3353 5010 3551 5065 ἄποσόν
3597 5029 3657 5064 τε
3701 5014 3794 5066 καὶ
3855 5047 3875 5061 .

2227 5105 2472 5175 ἀμεγέθη
2501 5107 2566 5174 τῇ
2598 5102 2804 5156 ἐαυτῶν
2838 5102 3101 5171 ὑπολήψει
3132 5109 3630 5174 περιμετρήσαντες
3649 5144 3662 5166 ,
3702 5104 3796 5156 καὶ

2229 5197 2406 5266 εὑρεῖν
2431 5194 2746 5263 δυνηθέντες
2773 5194 2936 5246 πόσον
2970 5194 3109 5246 ἐνδεῖ
3149 5193 3226 5263 τῷ
3257 5193 3474 5263 μεγέθει
3502 5193 3594 5246 τοῦ
3624 5193 3793 5247 Μονο-

2229 5285 2416 5355 γενοῦς
2442 5284 2578 5338 Θεοῦ
2615 5285 2751 5354 πρὸς
2801 5284 2896 5355 τὴν
2931 5283 3237 5337 τελείωσιν·
3284 5276 3344 5336 οῦ
3383 5284 3455 5354 μὴ
3504 5285 3796 5355 προσόντος

2229 5382 2285 5431 ἐν
2317 5377 2393 5447 τῷ
2435 5375 2738 5447 μικροτέρῳ
2764 5392 2822 5426 τε
2848 5375 2940 5427 καὶ
2969 5375 3146 5427 ἀτελεῖ
3173 5374 3476 5445 θεωρεῖται,
3509 5375 3602 5427 καὶ
3627 5374 3796 5428 πολλά

2227 5471 2414 5536 ἕτερα,
2450 5467 2518 5518 τὰ
2559 5467 2653 5536 μὲν
2696 5469 2759 5518 ἐκ
2804 5465 2895 5518 τοῦ
2930 5466 3236 5537 προφανοῦς
3281 5465 3694 5537 ὁμολογοῦντες,
3727 5466 3796 5519 τὰ

2228 5561 2284 5612 δὲ
2320 5557 2457 5611 κατὰ
2500 5557 2559 5608 τὸ
2598 5555 2854 5610 λανθάνον
2886 5558 3400 5621 κατασκευάζοντες,
3435 5555 3790 5626 ἐμμελέτημα

632 5664 675 5695 ³⁸
703 5662 935 5746 Philipp.
987 5681 1066 5733 ru,
1112 5666 1163 5720 ὅ.
1222 5666 1263 5697 ³9
1315 5663 1473 5720 Joan.
1513 5665 1757 5733 vm,59;
1802 5681 1855 5733 κ,
1894 5667 1979 5721 51.
2061 5668 2105 5700 ⁸ο

2226 5668 2358 5720 atth.
2399 5683 2512 5724 χιιι.
2573 5663 2668 5730 35;
2716 5663 2880 5720 Marc.
2921 5683 2996 5732 vr,
3031 5668 3082 5723 5.
3141 5665 3405 5721 “Matth.
3461 5681 3632 5734 xxvu,
3686 5664 3791 5733 45;

556 5733 714 5788 Joan.
741 5750 853 5800 χιχ,
881 5735 930 5786 7.
