4166 6372
359 355 468 411 335

1501 361 1780 419 CONTRA
1820 366 2205 433 EUNOMIUM,
2245 365 2367 420 LIB.
2412 366 2447 419 ι.

3506 371 3613 426 33‘

363 475 462 540 τῆς
508 472 771 542 πονηρίας
801 473 1005 527 ἑαυτῶν
1050 476 1147 546 τὴν
1188 476 1475 547 ὁμολογίαν
1508 483 1602 535 τοῦ
1630 483 1796 548 Υίοῦ,
1845 486 1940 537 καὶ

2044 486 2213 539 multa
2245 484 2530 538 manifeste
2562 483 2916 549 conﬁtentur,
2974 482 3081 537 alia
3110 497 3239 536 veto
3288 481 3606 539 clanculum

365 562 456 616 τοῦ
479 564 632 631 ἁγίου
658 564 794 617 Πνεὺ
804 583 968 634 ματος
990 570 1329 638 ἐποιήσαντο.
1347 571 1471 633 Πῶς
1488 568 1579 625 οὖν
1596 575 1695 626 οὑκ
1716 574 1937 627 ἐλεεινό-

364 672 511 726 τεροι
551 656 648 727 τῆς
694 658 989 729 Ἰουδαῖκῆς
1032 663 1439 730 κατακρίσεως,
1486 664 1642 732 εἰπερ
1669 665 1735 717 τὰ
1779 666 1937 736 μηδέ-

367 763 496 798 ποτε
547 747 677 817 παρ’
728 749 950 803 ἐκείνων
1005 751 1411 823 τετολμημένα,
1466 755 1748 826 προδήλως
1796 757 1938 809 οὕτω

368 837 517 906 παρά
544 837 747 890 τούτων
781 841 1275 909 κατασκευάζεται;
1325 844 1381 895 Ὁ
1428 845 1533 916 γάρ
1571 845 1808 901 ἐλαττῶν
1842 849 1938 919 τὴν

366 926 554 979 οὐσίαν
578 928 671 980 τοῦ
711 930 1046 998 Μονογενοῦς
1076 934 1166 985 καὶ
1194 933 1285 985 τοῦ
1318 935 1472 1001 ἁγίου
1498 936 1832 1001 Πνεὺματος,
1864 938 1940 1000 ὡς

371 1017 469 1086 μὲν
504 1020 675 1071 εἰπεῖν
715 1020 746 1091 ἢ
800 1021 1062 1087 ἀκοῦσαι,
1095 1024 1286 1094 μικρὸν
1328 1026 1541 1078 ἀσεϐεῖν
1593 1028 1720 1090 ἴσως
1761 1030 1934 1081 δοκεῖ’

367 1110 415 1160 εἰ
438 1108 494 1160 δέ
518 1126 602 1172 τις
630 1111 871 1181 ἀκριϐῶς
911 1114 1000 1165 τὸν
1037 1114 1190 1181 λόγον
1221 1115 1657 1182 κατεξετάσειεν,
1695 1123 1774 1180 εἰς
1807 1122 1937 1173 αὑτὸ

364 1198 428 1251 τὸ
474 1200 767 1269 κεφάλαιον
800 1203 1132 1274 βλασφημῶν
1171 1206 1582 1277 ἐλεγχθήσεται.
1624 1210 1833 1262 υὺτωσὶ
1878 1211 1935 1263 δὲ

369 1291 761 1360 σκοπήσωμεν,
808 1293 900 1346 καί
946 1311 1035 1363 μοι
1101 1296 1537 1366 συγκεχωρήσθω
1592 1298 1936 1359 διδασκαλίας

369 1381 527 1451 χάριν
560 1382 654 1435 καὶ
695 1384 991 1455 σαφηνείας
1029 1386 1121 1439 τοῦ
1155 1385 1304 1456 παρά
1344 1387 1448 1439 τῶν
1482 1389 1735 1441 ἐναντίων
1766 1406 1933 1442 καταο

368 1473 763 1543 σκευαζομένου
792 1475 1049 1544 ψεύδους,
1098 1477 1192 1530 ἐπὶ
1218 1478 1312 1548 τὴν
1352 1477 1562 1530 ἔκθεσιν
1595 1478 1702 1531 τῶν
1739 1480 1936 1550 ήμετέ-

368 1570 477 1628 ρων
504 1560 824 1631 ὑπολήψεων
842 1563 933 1617 τὸν
966 1564 1121 1633 λόγον
1157 1564 1472 1636 προάγοντι.

366 1663 604 1718 tuamus,
635 1659 982 1728 primumque
1010 1660 1143 1713 mihi
1176 1660 1389 1729 ignosci
1419 1660 1605 1730 cttpio,
1647 1662 1697 1717 si
1732 1662 1799 1717 ad
1829 1661 2161 1718 declaranda
2196 1665 2370 1735 magis
2410 1674 2463 1720 et
2505 1664 2851 1734 explananda
2916 1666 3031 1730 illa,

2040 575 2465 640 machinantur;
2526 574 2706 643 posita
2756 574 2903 628 velut
2941 588 3040 643 pro
3072 573 3446 643 improbitatis
3497 591 3613 630 suae

2041 666 2490 729 exercitamenta,
2532 664 2877 733 professione
2911 664 3033 720 ﬁdei
3065 664 3135 719 de
3157 664 3296 719 Filio
3321 675 3377 720 et
3402 666 3613 735 Spiritu

2043 761 2256 807 sancto.
2293 754 2580 818 Quomodo
2618 769 2749 821 ergo
2779 755 2995 808 censeri
3048 769 3157 809 non
3212 754 3414 809 debent
3464 755 3604 824 ipsis

2041 844 2262 913 perﬁdis
2293 843 2496 899 Iudaeis
2536 844 2987 908 miserabiliores,
3039 859 3164 898 cum
3192 860 3278 912 ea,
3346 861 3471 915 quze
3514 844 3613 899 Ju-

2041 936 2142 990 daei
2176 951 2519 1006 nequaquam
2557 934 2679 991 ausi
2727 934 2975 999 fuerunt,
3022 935 3146 991 luce
3192 936 3393 1005 palam,
3444 945 3500 992 et
3550 937 3609 990 in

2039 1030 2286 1083 omnium
2324 1036 2619 1098 conspectu
2658 1028 2725 1082 ab
2766 1029 2904 1096 ipsis
2946 1027 3118 1082 ﬁant?
3170 1028 3274 1097 Qui
3306 1028 3457 1083 enim
3504 1028 3612 1083 im-

2040 1118 2240 1171 minuit
2267 1117 2631 1172 substantiam
2665 1115 2791 1170 Filii
2818 1126 2873 1172 et
2904 1117 3145 1185 Spiritus
3181 1118 3385 1181 sancti,
3432 1125 3493 1172 ut
3514 1132 3609 1172 so-

2036 1207 2313 1262 lummodo
2340 1207 2547 1275 aliquid
2582 1206 2727 1261 dicat
2764 1208 2849 1262 vel
2889 1207 3094 1273 audiat,
3129 1207 3178 1261 is
3207 1205 3463 1263 (ortassis
3496 1224 3608 1267 non

2038 1314 2234 1367 magno
2293 1298 2588 1367 impietatis
2646 1298 2851 1352 scelere
2925 1312 3048 1353 sese
3099 1299 3479 1353 obstrinxerit.
3539 1299 3611 1353 At

2041 1390 2133 1459 qui
2169 1391 2273 1445 hoc
2333 1399 2594 1444 accurato
2623 1388 2811 1444 studio
2847 1398 2902 1443 et
2940 1389 3239 1445 meditatus
3287 1390 3417 1459 agit,
3458 1390 3507 1444 is
3539 1388 3609 1442 ad

2043 1494 2359 1548 supremum
2396 1479 2689 1548 impietatis
2739 1480 2958 1534 culmen
3020 1481 3360 1550 pervenisse,
3410 1482 3610 1535 merito

2042 1568 2343 1624 existimari
2382 1576 2580 1639 potest.
2628 1568 2720 1624 Sic
2798 1584 2928 1624 vero
2970 1570 3420 1641 disquisitionem
3451 1570 3611 1625 insti-

3108 1682 3231 1737 qute
3305 1666 3609 1721 adversarii

365 1745 700 1803 mendaciter
740 1750 1128 1805 machinantur
1160 1757 1213 1805 et
1266 1751 1575 1820 proferunt,
1618 1752 2019 1823 expositionem
2083 1769 2296 1818 eorum,
2356 1771 2483 1825 quae
2539 1772 2642 1811 nos
2706 1756 2795 1810 hic
2845 1756 3117 1811 sentimus
3192 1764 3248 1810 et
3318 1754 3605 1819 docemus.

366 1842 421 1895 in
453 1842 689 1897 medium
732 1844 1025 1912 protulero.

434 1935 657 1989 Πάντων
688 1933 796 1987 τῶν
823 1934 989 1988 ὄντων
1028 1936 1061 2006 ή
1094 1936 1350 1990 ἀνωτάτω
1379 1937 1639 2006 διαίρεσις
1671 1938 1749 1999 εἰς
1784 1954 1844 1990 τε
1868 1937 1928 1989 τὸ

2097 1932 2352 1988 Omnium
2384 1948 2564 1988 rerum
2597 1932 2832 1987 maxime
2860 1932 3173 1987 communis
3223 1941 3278 1987 et
3320 1936 3608 2004 generalis

366 2024 573 2095 νοητὸν,
614 2025 708 2077 καὶ
738 2024 800 2076 τὸ
828 2023 1080 2094 αἰσθητὸν
1127 2025 1228 2094 τὴν
1257 2024 1426 2096 τομὴν
1455 2026 1583 2095 ἔχει.
1612 2028 1723 2079 Kal.
1760 2028 1792 2095 ἡ
1830 2026 1925 2095 μὲν

373 2113 603 2184 αἰσθητὴ
635 2113 794 2182 φύσις
827 2113 1057 2182 γενικῶς
1102 2114 1204 2167 ὑπὸ
1238 2114 1332 2167 τοῦ
1395 2116 1714 2168 Ἀποστόλου
1744 2115 1924 2183 ὁρατὴ

365 2205 799 2274 κατωνόμασται.
847 2204 1062 2275 Ἐπειδὴ
1089 2205 1195 2275 γάρ
1222 2208 1328 2259 πᾶν
1368 2206 1523 2276 σῶμα
1548 2208 1603 2257 ἐν
1643 2206 1924 2276 χρώματι,

364 2294 552 2347 τούτου
578 2294 633 2346 δὲ
675 2296 707 2364 ἡ
743 2295 930 2364 ὅρασις
971 2295 1070 2364 τὴν
1105 2295 1385 2365 ἀντίληψιν
1432 2296 1576 2365 ἔχει·
1613 2295 1928 2349 καταλιπὼν

363 2385 462 2448 τάς
494 2385 814 2449 ὑπολοίπους
863 2386 1176 2455 ποιότητας,
1228 2388 1346 2439 ὅσαι
1393 2386 1663 2450 οὑσιωδῶς
1723 2404 1931 2456 συμπε-

370 2477 623 2546 φύκασιν,
653 2478 716 2529 ὲκ
748 2477 840 2530 τοῦ
870 2478 1156 2547 προχείρου
1180 2477 1319 2530 κατά
1361 2476 1457 2547 τὴν
1498 2477 1769 2548 αἴσθησιν,
1798 2481 1933 2545 ὀρα-

366 2567 481 2634 τὴν
515 2567 941 2638 προσηγόρευσε.
987 2568 1097 2636 Τῆς
1136 2567 1201 2620 δὲ
1240 2568 1436 2637 νοητῆς
1492 2567 1705 2635 φύσεως
1751 2568 1932 2639 πάσης

369 2657 537 2727 ὄνομα
570 2656 666 2727 μὲν
698 2656 869 2709 κοινόν
907 2658 1051 2721 ἐστι,
1084 2655 1262 2719 καθώς
1288 2673 1449 2725 φησιν
1492 2657 1838 2723 Ἀπόστολος,
1864 2657 1931 2711 τὸ

369 2750 622 2817 ἀόρατον
665 2750 764 2820 (τῇ
804 2747 912 2818 γὰρ
947 2747 1289 2817 ὑπεξαιρέσει
1334 2750 1433 2819 τῆς
1467 2748 1787 2820 αἰσθητικῆς
1836 2766 1935 2802 κα-

365 2840 669 2911 ταλήψεως,
722 2838 813 2891 ἐπὶ
859 2839 919 2891 τὸ
956 2838 1242 2908 ἀσώματόν
1286 2855 1346 2891 τε
1405 2840 1499 2893 καὶ
1551 2839 1738 2908 νοητὸν
1784 2857 1933 2911 χειρο

366 2931 572 2996 αγωγεϊ
614 2927 711 2999 τὴν
748 2927 982 2981 διάνοιαν
1002 2927 1044 2998 ).
1090 2928 1146 2979 '0
1196 2929 1251 2980 δὲ
1286 2928 1439 2995 λόγος
1490 2929 1570 2991 εἰς
1629 2928 1720 2981 δύο
1749 2930 1934 2999 τέμνει

368 3018 460 3070 καὶ
507 3017 707 3086 ταύτης
743 3017 841 3084 τὴν
888 3015 1123 3068 ἔννοιαν·
1159 3017 1191 3085 ἡ
1225 3016 1321 3085 μὲν
1370 3016 1477 3087 γὰρ
1512 3017 1784 3082 ἄκτιστος,
1819 3020 1849 3087 ἡ
1881 3018 1935 3070 δὲ

368 3109 556 3176 κτιστὴ
582 3108 685 3161 ὑπὸ
707 3108 804 3177 τῆς
834 3107 1213 3170 εὑακολουθίας
1245 3107 1720 3177 καταλαμϐάνεται
1742 3124 1754 3137 ·
1785 3108 1937 3162 ἄκτι-

370 3216 489 3263 στος
525 3199 621 3270 μὲν
652 3200 685 3269 ἡ
732 3199 986 3269 ποιητικὴ
1024 3199 1121 3268 τῆς
1151 3198 1408 3262 κτίσεως’
1450 3199 1639 3271 κτιστὴ
1677 3201 1754 3267 δὲ,
1786 3203 1819 3269 ἡ
1850 3202 1935 3256 διὰ

2032 2025 2227 2079 divisio
2249 2031 2333 2077 est
2366 2024 2420 2078 in
2440 2038 2553 2088 eas,
2578 2023 3017 2093 quagintellectu,
3044 2030 3097 2077 et
3113 2022 3277 2079 ineas
3305 2039 3427 2094 quae
3443 2040 3608 2083 sensu

2032 2114 2426 2184 percipiuntur.
2459 2113 2524 2167 Et
2555 2114 2830 2169 sensibilis
2857 2112 3075 2181 quidem
3112 2121 3307 2167 natura
3363 2114 3434 2168 ab
3459 2116 3609 2185 Apo-

2034 2204 2176 2257 Stolo
2200 2203 2498 2273 generatim
2525 2204 2667 2257 dicta
2692 2203 3007 2257 estoisibilis
3029 2203 3071 2233 δ’
3102 2218 3116 2255 :
3141 2217 3266 2256 cum
3283 2202 3427 2257 enim
3448 2218 3610 2261 omne

2033 2308 2233 2361 corpus
2260 2293 2561 2346 coloratum
2607 2292 2700 2357 sit,
2725 2293 2939 2362 hocque
2967 2292 3108 2347 visio
3153 2292 3275 2361 ipsa
3306 2294 3607 2363 percipiat;

2033 2384 2244 2438 relictis
2266 2384 2389 2439 aliis
2421 2384 2796 2454 qualitatibus,
2832 2399 2953 2453 quae
2986 2384 3309 2439 subStautiae
3337 2386 3609 2439 naturali-

2036 2470 2413 2537 terinharrent,
2432 2487 2498 2525 ex
2517 2486 2580 2525 eo
2592 2472 2739 2540 quod
2765 2472 2951 2527 seusui
2972 2479 3283 2541 promptum
3303 2481 3359 2527 et
3386 2474 3608 2531 obvium

2035 2570 2148 2629 est,
2179 2564 2438 2616 visibilem
2467 2563 2761 2633 appellavit
2801 2582 2813 2617 :
2847 2563 3179 2618 intellectilis
3222 2578 3355 2618 vero
3396 2572 3611 2619 natura!

2035 2668 2233 2708 nomen
2250 2668 2559 2717 commune,
2575 2662 2631 2707 ut
2644 2654 3044 2724 aitApostolus,
3060 2665 3142 2708 est
3162 2654 3422 2710 invisibile
3439 2656 3483 2687 ”
3504 2671 3610 2720 ;re-

2037 2745 2276 2800 motione
2292 2746 2437 2799 enim
2459 2753 2669 2800 naturae
2688 2745 2986 2807 sensibilis,
3002 2755 3239 2802 mentem
3265 2745 3332 2799 ad
3354 2755 3610 2801 naturam

2038 2835 2411 2905 ineorporcam
2426 2847 2477 2891 et
2524 2837 2891 2892 intellectiletn
2907 2839 3063 2908 quasi
3077 2853 3240 2892 manu
3261 2838 3432 2892 ducit.
3450 2838 3611 2891 Ratio

2037 2942 2203 2995 porro
2235 2928 2451 2983 induas
2482 2944 2670 2983 rursus
2709 2939 2892 2998 partes
2934 2929 3100 2997 hujus
3155 2931 3438 2984 notionem
3470 2930 3612 2984 divi-

2040 3017 2139 3080 dit,
2174 3033 2406 3086 quarum
2443 3018 2611 3072 altera
2640 3019 2905 3082 increata,
2957 3020 3353 3081 altera,creata
3390 3029 3610 3084 natura,

2046 3118 2112 3157 ex
2131 3105 2247 3172 ipsa
2277 3103 2542 3158 orationis
2579 3104 2970 3158 consecutione
2999 3103 3321 3173 appellanda
3349 3112 3434 3159 est
3461 3123 3478 3171 ;
3526 3104 3615 3158 in-

2043 3202 2526 3262 creata,crcatura:
2552 3194 2933 3261 eﬁectrixest;
2961 3207 3167 3259 creata,
3220 3210 3343 3264 quae
3378 3211 3476 3264 per
3522 3196 3611 3249 in-

370 3291 467 3363 τῆς
504 3291 757 3344 ἀκτίστου
800 3290 1008 3357 φύσεως
1042 3290 1139 3359 τὴν
1184 3290 1361 3343 αἰτίαν
1442 3292 1537 3343 καὶ
1575 3291 1673 3361 τὴν
1709 3293 1936 3362 δύναμιν

2042 3292 2279 3339 creatam
2310 3294 2566 3338 naturam
2606 3300 2761 3339 suam
2796 3286 3177 3341 exsistentiam
3209 3295 3264 3340 ct
3294 3285 3610 3341 facultatem

368 3382 460 3435 τοῦ
494 3380 627 3435 εἶναι
672 3380 885 3449 ἔχουσα.
933 3381 1017 3432 Ἐν
1055 3380 1152 3449 μὲν
1200 3376 1291 3435 οὖν
1337 3383 1448 3443 τοῖς
1507 3382 1780 3452 αἰσθητοῖς
1821 3385 1935 3437 ἐστι

370 3472 545 3525 πάντα
572 3473 673 3524 ὅσα
701 3470 785 3522 διὰ
820 3469 925 3522 τῶν
960 3469 1053 3521 τοῦ
1086 3468 1332 3540 σώματος
1366 3471 1731 3542 αἰσθητηρίων
1762 3489 1932 3523 κατα-

369 3562 749 3634 λαμϐάνομεν,
799 3563 881 3630 ἐφ’
913 3555 985 3617 ὧν
1035 3562 1090 3614 αἰ
1142 3560 1247 3614 τῶν
1301 3563 1599 3632 ποιοτήτων
1647 3562 1934 3631 διαφοραὶ,

371 3653 461 3706 τὸν
487 3654 577 3707 τοῦ
610 3654 848 3723 μείζονάς
882 3672 938 3705 τε
968 3654 1062 3706 καί
1088 3653 1367 3717 ἐλάττονος
1396 3654 1731 3723 ἐπιδέχονται
1760 3652 1937 3721 λόγον,

375 3746 514 3799 κατά
541 3747 599 3799 τὸ
640 3746 801 3799 ποσὸν
825 3788 837 3809 ,
872 3746 964 3800 κσιί¹
990 3744 1049 3798 τό
1079 3745 1224 3798 ποιὸν
1244 3786 1258 3810 ,
1292 3744 1384 3797 καὶ
1418 3745 1610 3807 λοιπὰς
1647 3744 1937 3815 ἰδιότητας,

374 3840 469 3910 τῆς
496 3839 752 3908 διαφορᾶς
784 3840 839 3891 ἐν
874 3837 1079 3899 τούτοις
1110 3836 1509 3906 θεωρουμένης.

457 3930 577 3982 Ἑπί
597 3929 651 3983 δὲ
680 3931 777 3998 τῆς
798 3930 991 3998 νοητῆς
1016 3929 1248 3996 φύσεως,
1272 3928 1369 3995 τῆς
1390 3928 1446 3979 ἐν
1476 3929 1541 3997 τῇ
1570 3927 1742 3980 κτίσει
1773 3926 1936 3995 λέγω,

376 4020 405 4071 ό
442 4020 539 4090 μὲν
578 4019 817 4082 τοιοῦτος
854 4020 956 4088 τῆς
1000 4019 1260 4089 διαφορᾶς
1307 4018 1495 4086 λόγος,
1550 4013 1660 4080 οἷος
1708 4018 1799 4071 ἐπὶ
1834 4018 1941 4072 τῶν

378 4108 647 4179 αἰσθητῶν
667 4108 978 4178 κατελήφθη
999 4148 1012 4169 ,
1036 4108 1217 4179 χώραν
1252 4108 1351 4160 οὑκ
1376 4107 1486 4177 ἔχει
1512 4124 1525 4137 ο
1566 4108 1750 4176 ἕτερος
1775 4106 1832 4160 δέ
1858 4125 1940 4171 τις

378 4200 687 4271 εὑρίσκεται
714 4200 931 4270 τρόπος,
956 4199 1052 4266 τὴν
1084 4199 1177 4252 τοῦ
1209 4200 1452 4267 μείζονος
1478 4198 1614 4268 πρὸς
1640 4201 1701 4250 τὸ
1726 4197 1943 4251 ἔλαττον

377 4292 635 4361 διαφορὰν
682 4290 1028 4359 ἐξευρίσκων.
1091 4290 1304 4361 Ἐπειδὴ
1355 4288 1461 4358 γὰρ
1507 4288 1702 4351 παντὸς
1740 4286 1944 4354 ἀγαθοῦ

380 4382 548 4452 πηγὴ,
582 4380 676 4434 καὶ
705 4379 864 4451 ἀρχὴ,
895 4381 989 4433 καὶ
1019 4379 1251 4450 χορηγία
1278 4381 1334 4431 ἐν
1365 4381 1426 4448 τῇ
1459 4380 1696 4448 ἀκτίστῳ
1728 4377 1947 4447 θεωρεῖ-

379 4492 466 4528 ται
496 4473 686 4542 φύσει·
739 4474 885 4524 πᾶσα
932 4472 988 4525 δὲ
1024 4471 1156 4541 πρὸς
1189 4472 1363 4524 ἐκεῖνο
1404 4471 1655 4524 νένευκεν
1696 4473 1725 4540 ή
1774 4470 1945 4533 κτίσις

380 4567 464 4623 δ,ιά
496 4566 595 4635 τῆς
638 4564 919 4625 κοινωνίας
963 4562 1056 4614 τοῦ
1099 4560 1313 4631 πρώτου
1363 4559 1568 4629 ἀγαθοῦ
1595 4561 1694 4630 τῆς
1740 4559 1946 4630 ὑψηλῆς

2039 3377 2220 3431 habet.
2264 3377 2319 3429 In
2380 3378 2731 3433 sensibilibus
2804 3378 2967 3449 igitur
3024 3388 3383 3433 numerantur
3428 3382 3612 3434 omnia

2041 3468 2151 3533 illa,
2195 3485 2531 3538 quiscunque
2604 3472 2854 3539 corporis
2908 3470 3161 3526 sensibus
3214 3471 3612 3541 percipiuntur,

2039 3576 2269 3630 quortun
2304 3562 2591 3630 qualitates
2623 3561 2994 3618 diversimode
3026 3563 3148 3630 plus
3201 3571 3254 3617 et
3285 3563 3469 3619 minus
3509 3563 3612 3618 ad-

2040 3651 2297 3716 mittunt;
2347 3651 2651 3707 diﬁ‘erentia
2687 3653 2741 3706 in
2794 3653 2881 3708 his
2920 3653 3268 3708 considerata
3312 3654 3614 3709 secundum

2041 3741 2385 3811 quantitatis,
2416 3751 2511 3796 aut
2558 3744 2843 3814 qualitatis
2896 3750 2989 3798 aut
3039 3744 3269 3798 aliarum
3309 3747 3615 3815 proprieta-

2044 3844 2156 3889 tum
2188 3837 2473 3890 rationem.

2116 3927 2172 3980 ln
2203 3936 2394 3980 natura
2426 3941 2557 3981 vero
2592 3926 2912 3990 intellectili,
2959 3933 3163 3993 creata,
3191 3927 3435 3996 inquam,
3487 3926 3618 3985 talis

2045 4018 2381 4076 diversitatis
2415 4022 2575 4083 ratio,
2614 4019 2794 4087 qualis
2833 4019 3106 4089 reperitur
3137 4020 3195 4073 in
3220 4020 3384 4074 rebus
3428 4018 3616 4074 sensui

2046 4109 2301 4177 objectis,
2340 4109 2521 4163 locum
2554 4126 2661 4164 non
2694 4109 2893 4173 habet;
2939 4109 3080 4163 alius
3111 4116 3289 4164 tamen
3340 4110 3617 4164 invenitur

2046 4201 2262 4264 modus,
2296 4201 2351 4254 in
2380 4216 2488 4269 quo
2518 4201 2746 4269 majoris
2776 4206 2829 4254 et
2852 4201 3085 4255 minoris
3112 4199 3417 4255 diﬁ‘erentia
3452 4215 3618 4269 appa-

2047 4300 2150 4346 ret.
2182 4291 2319 4346 Cum
2347 4291 2493 4345 enim
2530 4290 2713 4345 omnis
2744 4289 2874 4344 boni
2913 4290 3035 4346 fons
3066 4298 3120 4345 et
3146 4290 3302 4359 origo
3331 4300 3385 4345 et
3405 4290 3620 4360 largitio

2050 4382 2104 4436 in
2146 4390 2343 4435 natura
2394 4382 2639 4435 increata
2703 4380 2853 4444 insit,
2906 4382 3195 4451 omnisque
3242 4388 3498 4436 creatura
3551 4380 3621 4433 ad

2050 4475 2222 4545 ipsam
2245 4473 2420 4529 oculis
2454 4473 2605 4541 quasi
2639 4473 2869 4527 intentis
2905 4473 3196 4542 suSpiciat,
3239 4488 3339 4542 per
3371 4486 3620 4525 commu-

2050 4564 2271 4619 nionem
2297 4564 2539 4633 supremi
2568 4563 2695 4617 boni
2718 4563 2791 4616 ab
2820 4562 3006 4617 eadem
3030 4578 3322 4633 suspensa,
3347 4562 3622 4630 ejusdem-

383 4632 624 4723 φύσεως,
657 4653 1004 4723 ἐφαπτομένη
1042 4652 1098 4707 δὲ
1138 4654 1231 4704 καὶ
1279 4650 1585 4721 μετέχουσα
1616 4648 1675 4713 ἐξ
1704 4649 1940 4719 ἀνάγκης

2051 4667 2157 4723 que
2184 4654 2457 4722 particeps
2510 4651 2721 4717 eﬁecta,
2770 4654 3093 4708 necessario
3145 4651 3452 4707 secundum
3492 4667 3621 4721 pro-

383 4748 523 4802 κατά
550 4746 645 4817 τὴν
676 4746 963 4813 ἀναλογίαν
993 4745 1091 4813 τῆς
1120 4744 1226 4797 τῶν
1256 4742 1473 4814 ὑψηλῶν
1507 4742 1813 4811 μετουσίας,
1842 4743 1950 4794 τῶν

385 4839 481 4907 μὲν
511 4836 795 4902 πλειόνως,
823 4836 928 4888 τῶν
956 4835 1011 4887 δέ
1042 4833 1337 4896 ἐλαττόνως
1360 4832 1500 4885 κατὰ
1526 4830 1586 4885 τὸ
1612 4831 1953 4897 αὐτεξούσιον

383 4931 480 4998 τῆς
537 4926 905 4997 προαιρέσεως
951 4924 1498 4995 μεταλαμὸανόντων,
1546 4923 1605 4975 τὸ
1637 4922 1816 4975 πλεῖον
1861 4923 1953 4975 καὶ

384 5019 445 5071 τὸ
490 5014 650 5090 ἦττον
706 5019 763 5070 ἐν
815 5019 878 5086 τῇ
930 5015 1100 5068 κτίσει
1149 5014 1471 5085 γνωρίζεται
1537 5014 1811 5080 ἀναλόγως
1858 5014 1956 5083 τῆς

386 5110 613 5163 ἑκάστου
658 5111 850 5179 ὁρμῆς.
902 5108 1012 5178 Τῆς
1060 5108 1167 5175 γὰρ
1206 5105 1417 5175 φύσεως
1461 5105 1560 5173 τῆς
1590 5106 1647 5156 ὲν
1673 5108 1739 5175 τῇ
1780 5104 1953 5157 κτίσει

387 5202 679 5270 νοουμένης
713 5201 768 5252 ἐν
819 5197 1054 5268 μεθορίῳ
1086 5197 1191 5249 τῶν
1224 5194 1468 5263 ἀγαθῶν,
1527 5195 1618 5248 καὶ
1649 5195 1755 5249 τῶν
1799 5197 1954 5248 ἐναν-

386 5292 516 5345 τίων
568 5289 841 5359 ἑστώσης,
900 5290 974 5351 ὡς
1024 5286 1271 5355 δεκτικὴν
1322 5286 1596 5357 ἑκατέρων
1645 5281 1783 5339 εἷναι
1833 5286 1955 5338 κατ’

391 5383 658 5449 ἐξουσίαν,
687 5384 795 5444 τοῖς
844 5381 981 5436 κατά
1004 5380 1224 5450 γνώμην
1257 5378 1713 5449 προσκλινομένην
1734 5418 1746 5440 ,
1776 5376 1956 5441 καθὼς

391 5476 540 5547 παρά
579 5475 675 5545 τῆς
717 5474 755 5524 Γ
760 5474 935 5542 ραφῆς
979 5470 1409 5541 μεμαθήκαμενο
1461 5467 1595 5539 πρδς
1647 5468 1801 5535 λόγον
1858 5467 1956 5536 τῆς

392 5586 451 5623 τι
476 5567 582 5621 τῶν
612 5566 867 5638 χειρόνων
897 5563 1242 5623 ἀποστάσεως
1305 5561 1397 5613 καὶ
1430 5559 1521 5611 τοῦ
1554 5558 1956 5628 προσεγγισμοὺ

469 5734 521 5761 *⁸
546 5730 756 5783 (ἶυιυεε.
783 5743 821 5792 ι,
848 5727 931 5783 16.
999 5720 1186 5778 “ith
1217 5724 1300 5781 15.

2050 4744 2358 4814 portionem
2398 4743 2840 4811 participationis
2881 4758 3065 4798 rerum
3116 4741 3453 4803 sublimium,
3491 4742 3621 4797 dum

2052 4836 2172 4888 aliae
2204 4834 2349 4903 plus,
2387 4833 2507 4886 alire
2533 4833 2849 4901 minus,pro
2877 4833 3130 4888 libertate
3153 4832 3371 4887 arbitrii
3400 4839 3455 4886 et
3484 4846 3621 4886 con-

2051 4926 2160 4981 silii
2189 4927 2296 4989 sui,
2330 4924 2645 4993 accipiunt;
2681 4925 2803 4992 plus
2826 4932 2879 4978 et
2908 4923 3091 4977 minus
3127 4922 3183 4975 in
3228 4922 3500 4976 creaturis
3529 4923 3609 4976 ad-

2052 5015 2381 5070 mittendum
2436 5022 2542 5079 est,
2602 5013 3016 5067 accommodate
3047 5011 3416 5081 quarumlibet
3460 5028 3622 5082 appe-

2056 5107 2259 5161 titioni.
2292 5105 2497 5159 Natura
2525 5088 2685 5159 enini
2708 5113 2912 5166 creata,
2970 5104 3127 5172 quasi
3158 5102 3213 5156 in
3239 5102 3482 5156 conﬁnio
3525 5103 3597 5157 bo

2058 5212 2254 5252 norum
2283 5204 2334 5250 c1
2366 5196 2632 5249 malorum
2677 5197 2975 5250 constituta
3006 5201 3111 5255 est,
3163 5202 3223 5246 ut
3256 5207 3427 5262 capax
3471 5205 3609 5245 ιιιιόι

2060 5304 2291 5358 rumque
2321 5289 2593 5342 arbitratu
2651 5303 2773 5350 suo,
2828 5286 3029 5356 quibus
3056 5286 3298 5339 animum
3331 5286 3622 5353 adjungers

2060 5378 2315 5443 voluerit,
2343 5377 2486 5432 sicut
2515 5393 2581 5431 ex
2614 5377 2816 5431 divinis
2844 5374 3067 5429 Litteris
3093 5372 3410 5430 didicimus.
3437 5372 3622 5440 Itaque

2064 5468 2473 5537 comparatione
2533 5474 2579 5522 ct
2605 5478 2853 5535 respectu
2886 5466 2949 5521 ad
2986 5465 3208 5529 malum,
3271 5465 3354 5519 vel
3401 5465 3623 5533 pr0piu-

2064 5560 2326 5631 quatione
2351 5560 2419 5616 ad
2457 5561 2681 5628 bonum,
2716 5560 2985 5614 aﬁirmare
3009 5570 3332 5629 possumus,
3360 5552 3636 5611 intonsis-
