4166 6372
516 381 622 436 355

1757 376 1816 431 S.
1846 375 2174 432 GREGORII
2211 376 2252 430 Ν
2265 375 2504 430 YSSENI

3671 381 3775 435 530

517 509 642 552 nent
696 502 748 548 et
791 491 1178 548 remissionem
1228 491 1416 545 locum
1478 491 1681 546 habere
1733 489 1789 545 in
1817 492 2094 562 co,-quod

2208 491 2307 546 τῶν
2342 491 2550 558 καλῶν,
2602 492 2662 544 rb
2698 489 2884 558 πλέον,
2915 493 3008 546 καὶ
3047 494 3106 545 rb
3146 492 3364 546 ἔλαττον
3400 492 3576 560 λέγειν
3609 495 3664 545 ὲν
3699 496 3776 565 τῷ

521 589 724 644 virtute
757 585 999 641 excellit.
1047 586 1118 639 At
1154 585 1402 639 increata
1455 592 1650 637 natura
1694 586 1883 654 procul
1941 584 2099 638 abest

521 681 592 735 ab
621 677 1002 748 hujuscemodi
1027 675 1355 739 differentia,
1382 678 1586 747 quippe
1623 679 1712 731 cui
1735 678 1955 731 bonitas
1988 691 2097 728 non

521 780 602 826 est
629 770 950 831 adventitia,
1004 783 1182 839 neque
1213 776 1439 838 accepta
1487 768 1843 838 pulchritudo
1897 778 1951 823 et
1996 767 2097 820 lio-

524 870 711 918 uestas
727 877 793 916 ex
819 861 1205 916 communione
1231 860 1779 930 supereminentioris
1802 858 2092 928 cujusdam

523 951 950 1023 pulchritudinis
980 959 1033 1006 et
1063 950 1404 1015 honestatis;
1465 949 1561 1005 sed
1596 949 1650 1003 in
1685 964 1762 1012 se,
1818 955 1867 1002 et
1921 948 1973 1001 in
2001 962 2101 1000 na-

523 1054 645 1099 tura
683 1059 781 1098 sua
807 1044 908 1097 hoc
931 1041 1074 1111 quod
1105 1049 1210 1104 est,
1240 1041 1448 1095 bonum
1479 1051 1584 1104 est,
1633 1048 1686 1092 et
1733 1048 1791 1092 ut
1816 1039 1956 1092 bona
2012 1038 2093 1091 in-

523 1139 815 1207 telligitur,
849 1136 971 1190 fons
999 1134 1285 1197 bonitatis,
1330 1133 1562 1202 simplex
1588 1141 1642 1187 et
1667 1131 1978 1193 uniformis,
2004 1145 2100 1184 ex-

525 1243 654 1296 pers
693 1229 877 1282 omnis
924 1224 1363 1294 compositionis,
1422 1225 1590 1278 etiam
1651 1222 2098 1278 adversariorum

524 1327 843 1374 nostrorum
884 1317 1220 1371 testimonio.
1285 1315 1704 1370 Distinctionem
1767 1329 1894 1368 vero
1940 1314 1994 1367 in
2031 1327 2098 1366 eo

526 1409 691 1463 habet
741 1407 1017 1476 majestati
1069 1412 1282 1459 natura:
1333 1418 1448 1458 sua:
1503 1408 1908 1471 competcutcm
1947 1417 1960 1452 :
1994 1414 2098 1452 nou

524 1513 646 1569 quae
678 1500 731 1553 in
767 1499 1078 1554 intensione
1104 1505 1157 1552 et
1187 1495 1513 1550 remissione
1545 1494 1836 1557 consistat,
1882 1499 1940 1544 ut
1983 1491 2099 1544 vult

524 1588 829 1643 Eunomius
883 1587 998 1657 (qui
1038 1585 1185 1640 enim
1235 1585 1701 1639 existimationem
1742 1582 1810 1634 de
1861 1581 2104 1636 bonitate

527 1679 806 1731 imminuit
829 1677 885 1730 in
919 1677 1123 1746 aliquo,
1173 1675 1319 1743 quod
1359 1675 1428 1727 de
1472 1671 1574 1726 SS.
1616 1671 1883 1725 Trinitate
1935 1669 2106 1724 credi-

523 1778 638 1835 tur,
689 1770 736 1823 is
762 1768 900 1822 nihil
951 1767 1099 1821 aliud
1151 1765 1456 1829 contendit,
1517 1777 1682 1832 quam
1718 1761 1926 1829 aliquid
1973 1775 2107 1812 con—

2200 584 2319 636 κατ’
2354 585 2555 655 ἀρετὴν
2605 583 2956 654 ὑπερέχοντι,
3006 585 3189 656 χώραν
3241 586 3371 656 ἔχει.
3426 586 3490 637 'll
3532 585 3586 636 δὲ
3623 587 3773 639 ἄκτι-

2205 692 2325 738 στος
2363 677 2522 744 φύσις
2569 677 2667 746 τῆς
2720 677 2817 745 μὲν
2868 675 3122 744 τοιαύτης
3177 677 3438 748 διαφορᾶς
3491 677 3777 747 πόρρωθεν

2203 766 2463 834 ἄπεστιν,
2495 767 2586 819 ἅτε
2616 769 2715 820 οὑκ
2755 767 3045 836 ἐπίκτητον
3078 768 3273 838 ἔχουσα
3301 769 3360 820 rb
3391 768 3627 834 ἀγαθὸν,
3654 767 3776 821 οὑδὲ

2203 856 2344 909 κατὰ
2396 857 2627 928 μετοχὴν
2670 858 3063 928 ὑπερκειμένου
3114 858 3259 921 τινος
3304 858 3471 911 καλοῦ
3515 859 3574 911 rb
3612 858 3776 911 καλὸν

2203 950 2260 1001 ἐν
2291 949 2454 1018 ἑαυτῇ
2498 949 2790 1020 δεχομένηο
2823 951 2935 1003 ἀλλ’
2987 950 3120 1004 αὐτὸ
3168 951 3304 1020 ὅπερ
3337 950 3452 1003 ἐστὶ
3503 953 3568 1021 τῇ
3613 950 3771 1018 φύσει

2203 1042 2297 1093 καὶ
2333 1041 2533 1108 ἀγαθὸν
2575 1039 2738 1106 οὖσα,
2789 1045 2882 1096 καὶ
2917 1043 3114 1112 ἀγαθὸν
3148 1046 3405 1114 νοουμένη
3433 1085 3446 1106 ,
3499 1044 3589 1096 καὶ
3637 1045 3775 1110 ἁγα-

2205 1131 2298 1184 Θοῦ
2336 1132 2513 1202 πηγὴ,
2540 1133 2686 1202 ἁπλῆ
2715 1151 2803 1198 τε,
2849 1134 2942 1186 καὶ
2979 1133 3253 1204 μονοειδὴς
3273 1175 3286 1199 ,
3318 1136 3409 1188 καὶ
3451 1133 3771 1199 ἁσύνθετος,

2204 1223 2308 1276 ὑπὸ
2347 1224 2454 1277 τῶν
2490 1225 2809 1294 μαχομένων
2838 1227 2968 1295 ἡμῖν
3019 1227 3455 1298 μαρτυρουμένη.
3501 1227 3776 1296 Διαφορὰν

2203 1315 2259 1368 δὲ
2325 1315 2460 1386 πρὸς
2530 1316 2724 1385 ἑαυτὴν
2771 1316 2881 1386 ἕχει
2952 1316 3028 1387 τῷ
3097 1318 3364 1388 μεγαλείῳ
3409 1319 3505 1387 τῆς
3563 1318 3778 1386 φύσεως

2205 1406 2553 1474 πρέπουσαν,
2603 1406 2662 1456 οὐ
2712 1406 2844 1476 πρὸς
2900 1406 2959 1458 τὸ
3010 1407 3193 1477 μεῖξον
3249 1407 3340 1459 καὶ
3375 1407 3592 1459 ἔλαττον
3639 1406 3776 1461 θεω-

2209 1500 2502 1570 ρουμένην,
2546 1500 2617 1561 ὡς
2666 1503 2692 1552 ὁ
2743 1501 3006 1570 Εὑνόμιος
3039 1502 3239 1566 οἴεται,
3289 1505 3316 1555 ὁ
3347 1502 3455 1573 γὰρ
3506 1504 3602 1573 τὴν
3651 1502 3779 1572 περ)⁴⁹

2204 1590 2296 1643 τοῦ
2357 1590 2555 1658 ἀγαοοῦ
2617 1592 2820 1644 ἔννοιαν
2878 1592 3117 1645 ὲλαττῶν
3178 1593 3233 1646 ἕν
3292 1610 3396 1646 τινι
3439 1593 3544 1647 τῶν
3588 1596 3644 1646 ὲν
3707 1595 3775 1665 τῇ

2207 1681 2336 1751 ἁγίᾳ
2365 1682 2552 1748 Τριάδι
2587 1684 3062 1753 πεπιστευμένων,
3117 1684 3379 1754 μεμίχθαι
3415 1703 3467 1737 τι
3500 1687 3597 1756 τῆς
3626 1687 3779 1739 ἐναν-

2207 1773 2323 1832 τίας
2352 1772 2515 1836 ἕξεως
2553 1772 2627 1841 τῷ
2661 1774 2801 1826 κατὰ
2833 1774 2892 1827 rb
2925 1775 3127 1842 ἀγαθὸν
3165 1776 3540 1847 ὑστερουμένῳ
3563 1777 3778 1839 πάντως

524 1861 678 1916 trarii
711 1859 933 1914 habitus
973 1859 1046 1921 ei,
1111 1858 1167 1911 in
1216 1872 1326 1925 quo
1358 1855 1606 1909 defectus
1639 1852 1901 1906 bonitatis
1933 1866 2090 1918 appa-

2208 1865 2782 1937 παρασκευάσει·ὅπερ
2819 1865 2938 1918 οὔτε
2985 1868 3074 1919 ἐπὶ
3110 1868 3202 1919 τοῦ
3255 1867 3609 1934 Μονογενοῦς,
3652 1867 3776 1921 οὔτε

525 1961 631 2015 ret,
664 1944 960 2006 admistum
1005 1963 1172 2012 esse;
1210 1947 1353 2016 quod
1396 1947 1480 2000 vel
1511 1945 1582 1999 de
1619 1944 1900 2014 unigenito
1940 1942 2098 2007 Filio,

524 2043 611 2098 vel
643 2041 850 2112 Spiritu
904 2049 1098 2094 sancto
1135 2037 1400 2107 cogitare,
1438 2035 1719 2106 impietate
1751 2049 1862 2088 non
1903 2033 2100 2101 caret),

526 2133 624 2188 sed
658 2133 894 2202 positam
933 2130 988 2183 in
1029 2143 1242 2184 summa
1272 2125 1636 2197 perfectione,
1690 2133 1744 2178 et
1793 2123 2103 2190 incompre-

526 2225 785 2281 hensibili
813 2221 1156 2284 excellentia,
1208 2234 1329 2287 quae
1381 2217 1631 2286 cujusvis
1692 2229 1940 2285 persona.-
1977 2229 2104 2283 pro-

525 2313 852 2383 prietatibus
889 2311 1072 2365 inesse
1112 2307 1488 2378 cegnoscitur,
1538 2303 1996 2372 inconfusamque
2049 2310 2102 2356 et

526 2407 766 2460 discreta
789 2401 1097 2456 differentia
1128 2406 1496 2453 constantem.
1521 2398 1663 2449 Hinc
1683 2406 1873 2450 natura
1892 2395 2098 2459 divina,

523 2497 580 2550 in
640 2495 764 2559 hoc,
826 2491 971 2560 quod
1010 2498 1095 2545 est
1155 2489 1465 2542 increatum
1511 2501 1652 2549 esse,
1711 2487 2102 2538 communione

524 2586 762 2658 quadam
816 2597 1002 2639 secum
1047 2579 1465 2635 immutabiliter
1494 2579 1782 2643 convenit;
1843 2577 1899 2630 in
1944 2591 2105 2646 pecu-

526 2679 759 2733 liaribus
794 2683 978 2730 autem
1017 2673 1365 2744 singularum
1394 2685 1751 2742 personarum
1795 2671 2102 2739 proprieta-

525 2770 674 2826 tibus
702 2769 850 2822 nulla
876 2765 1266 2822 communione
1294 2763 1569 2833 jungitur.
1594 2761 1910 2831 Proprietas
1928 2763 2096 2824 enim,

527 2877 649 2933 quae
677 2860 858 2915 cuivis
890 2856 1170 2929 hypostasi
1203 2863 1257 2910 et
1280 2869 1530 2924 personae
1559 2853 1760 2907 divinae
1801 2853 1980 2907 inesse
2019 2852 2102 2905 in-

524 2955 810 3025 telligitur,
843 2949 1132 3005 manifeste
1178 2957 1234 3004 et
1272 2963 1406 3017 pure
1436 2947 1670 3002 alterum
1711 2945 1778 2998 ab
1819 2946 1992 3000 altero
2014 2944 2102 3000 di-

528 3045 780 3114 stinguit,
806 3051 863 3096 ut
894 3042 1132 3109 exempli
1158 3042 1358 3111 gratia,
1378 3039 1541 3094 Pater
1559 3038 1864 3108 appellatur
1895 3037 2104 3092 increa-

525 3149 617 3194 ιιιε
650 3148 706 3194 et
745 3137 1044 3208 ingenitus,
1078 3150 1257 3204 neque
1291 3133 1436 3188 enim
1474 3132 1693 3203 genitus
1719 3145 1900 3200 neque
1944 3144 2100 3184 crea-

527 3240 617 3286 tus
655 3237 760 3283 est.
791 3229 1095 3280 lncrealum
1121 3224 1287 3295 igitur
1304 3238 1429 3278 esse
1455 3236 1748 3276 commune
1778 3221 1944 3274 habet
1974 3235 2100 3272 cum

526 3318 669 3374 Filio
718 3325 772 3373 et
825 3316 1034 3387 Spiritu
1074 3323 1285 3370 sancto.
1321 3313 1426 3369 Sed
1479 3313 1782 3383 ingenitum
1807 3321 1859 3364 et
1887 3311 2101 3364 l’atretn

527 3426 671 3475 esse,
693 3410 794 3464 hoc
824 3407 1112 3479 proprium
1147 3415 1231 3460 cst
1258 3417 1311 3459 et
1335 3403 1894 3466 incommunicabile;
1926 3416 2105 3470 neque

529 3501 584 3554 in
621 3484 999 3554 ullaaliarum
1033 3511 1393 3567 personarum
1450 3494 1748 3564 reperitur.
1801 3492 1974 3547 Filius
2007 3508 2104 3546 an-

529 3603 637 3648 tem
667 3606 788 3646 cum
812 3590 971 3644 Patre
999 3598 1053 3644 et
1081 3588 1285 3659 Spiritu
1312 3595 1505 3641 sancto
1527 3587 1780 3655 jungitur
1800 3587 1854 3639 in
1876 3600 1943 3640 eo
1959 3585 2102 3653 quod

528 3686 812 3739 increatus
840 3692 954 3746 est;
993 3680 1142 3751 quod
1171 3696 1301 3736 vero
1343 3679 1662 3749 unigenitus
1717 3676 1889 3731 Filius
1942 3683 1993 3728 et
2033 3676 2104 3729 sit

527 3787 580 3832 et
612 3777 916 3846 appelletur
941 3818 956 3830 .
987 3773 1042 3829 id
1077 3782 1135 3828 ut
1163 3771 1444 3842 proprium
1494 3769 1600 3824 sibi
1631 3769 1901 3832 vindicat,
1955 3767 2103 3836 quod

527 3883 702 3937 neque
727 3868 792 3921 de
818 3867 1202 3921 universorum
1237 3864 1365 3923 Deo,
1405 3878 1580 3931 neque
1615 3861 1681 3914 de
1713 3861 1920 3929 Spiritu
1975 3875 2104 3912 san-

529 3968 618 4014 cto
656 3958 912 4012 aﬂirmari
945 3967 1145 4026 potest.
1209 3954 1449 4025 Spiritus
1481 3959 1703 4009 sanctus
1753 3952 2104 4005 communio-

529 4067 652 4106 nem
691 4052 851 4105 habet
884 4064 1008 4103 cum
1045 4047 1206 4102 Patre
1261 4054 1315 4101 et
1348 4045 1502 4111 Filio,
1554 4044 1608 4098 in
1638 4045 1766 4106 hoc,
1819 4041 1967 4112 quod
2023 4049 2107 4096 est

530 4145 772 4197 increata
830 4148 1031 4194 natura
1105 4139 1394 4208 praeditum
1437 4153 1559 4191 esse
1604 4152 1617 4189 :
1670 4137 2037 4189 nihilominus
2075 4149 2104 4187 a

527 4233 690 4288 Patre
715 4243 768 4287 et
807 4230 951 4285 Filio
983 4230 1224 4300 propriis
1279 4230 1395 4284 suis
1435 4228 1758 4282 notionibus
1818 4225 2109 4296 distingnia

526 4333 639 4377 tur.
674 4323 836 4376 Notio
857 4323 1002 4375 enim
1035 4321 1186 4376 illius
1217 4327 1270 4374 et
1301 4321 1520 4389 signum
1557 4317 1797 4373 maxime
1817 4319 2102 4388 proprium

528 4430 634 4478 est,
650 4423 710 4469 ιιι
737 4413 868 4468 nihil
894 4428 1083 4468 eorum
1103 4412 1194 4476 sit,
1215 4427 1336 4482 qua:
1363 4410 1512 4464 Patri
1527 4419 1580 4465 et
1607 4408 1746 4464 Filio
1769 4410 1948 4463 inesse
1968 4410 2106 4462 ratio

2203 1953 2297 2004 ἐπὶ
2324 1953 2417 2005 τοῦ
2455 1953 2610 2019 ἁγίου
2657 1955 2970 2026 Πνεύματος
3013 1959 3234 2022 εὐσεϐές
3271 1963 3384 2012 ἐστι
3432 1958 3774 2027 λογίζεσθαι⁸

2205 2043 2317 2096 ἀλλ’
2346 2046 2401 2097 ὲν
2432 2045 2576 2114 ἄκρᾳ
2599 2049 2662 2112 τῇ
2691 2046 3016 2117 τελειότητι,
3064 2050 3157 2102 καὶ⁹
3206 2052 3262 2102 ἐν
3299 2050 3664 2122 ἁκαταλήπτῳ
3708 2055 3776 2123 τῇ

2205 2136 2442 2206 ὑπεροχῇ
2474 2137 2821 2208 Θεωρουμένη
2853 2143 2962 2202 τοῖς
3001 2142 3395 2212 ἐνυπάρχουσιν
3429 2143 3633 2213 ἑκάστῃ
3669 2143 3778 2196 τῶν

2205 2226 2554 2279 ὑποστάσεων
2615 2227 2930 2298 ίδιώμασιν,
2981 2230 3313 2300 ἀσύγχυτον,
3361 2233 3452 2283 καὶ
3499 2230 3778 2303 διακεκρι-

2208 2318 2376 2388 μένην
2403 2318 2500 2388 τὴν
2527 2318 2787 2388 διαφορὰν
2829 2318 2959 2388 ἔχει.
3014 2321 3101 2372 Ἐν
3140 2321 3236 2390 μὲν
3265 2325 3331 2392 τῇ
3361 2323 3500 2374 κατὰ
3535 2322 3593 2375 rb
3622 2323 3773 2376 ἄκτι-

2207 2426 2328 2461 στον
2359 2411 2639 2482 κοινωνία,
2670 2412 2730 2463 τὸ
2776 2411 3192 2480 ἀπαράλλακτον
3227 2412 3420 2481 ἔχουσα
3440 2454 3454 2476 ,
3488 2416 3544 2465 ὲν
3583 2413 3637 2466 δὲ
3665 2415 3781 2477 τοῖς

2205 2498 2498 2569 ἐξαιρέτοις
2532 2500 2638 2552 τὼν
2675 2502 2977 2567 ἰδιωμάτων
3011 2503 3241 2556 ἑκάστου
3283 2503 3342 2555 τὸ
3392 2504 3776 2574 ἀκοινώνητον.

2217 2590 2282 2641 'H
2335 2588 2442 2660 γὰρ
2512 2590 2950 2661 ὲπιθεωρουμένη
3011 2592 3214 2664 ἑκάστῃ
3264 2592 3371 2646 τῶν
3431 2594 3781 2649 ὑποστάσεων

2207 2679 2423 2749 ἰδιότης,
2454 2681 2665 2751 τρανῶς
2692 2681 2784 2734 καὶ
2809 2681 3059 2752 καθαρῶς
3087 2684 3148 2735 rb
3180 2685 3366 2755 ἕτερον
3395 2687 3502 2740 ἀπὸ
3534 2687 3626 2739 τοῦ
3658 2689 3771 2740 ἑτέ-

2207 2788 2301 2840 ρου
2343 2771 2632 2840 διῖστησινο
2665 2765 2778 2825 οἷον
2822 2775 2850 2825 ὁ
2896 2773 3080 2844 Πατὴρ
3131 2775 3384 2840 ἄκτιστος
3419 2772 3556 2830 εἶναι
3588 2779 3779 2847 ὁμολοι

2205 2862 2415 2927 γεῖται,
2462 2861 2555 2913 καὶ
2600 2861 2924 2932 ἁγέννητος·
2959 2861 3080 2916 οὑτε
3116 2863 3224 2936 γὰρ
3263 2866 3607 2936 γεγέννηται,
3655 2867 3780 2922 οὔτε

2205 2951 2468 3004 ἔκτισται.
2503 2952 2672 3004 Τοῦτο
2700 2949 2791 3004 οῦν
2833 2953 2892 3005 τὸ
2937 2953 3220 3020 ἄκτιστον,
3254 2957 3428 3009 κοινὸν
3461 2959 3608 3028 αὑτῷ
3645 2960 3779 3030 πρὸς

2205 3043 2296 3095 τὸν
2339 3042 2466 3095 Υίόν
2515 3045 2628 3095 ἐστι
2683 3043 2775 3095 καὶ¹
2827 3044 2887 3096 τὸ
2920 3043 3140 3114 Πνεῦμα
3179 3046 3238 3097 rb
3271 3046 3457 3114 ἅγιον·
3506 3049 3640 3101 ἀλλὰ
3688 3052 3782 3102 καὶ

2207 3133 2498 3203 ἀγέννητος
2537 3134 2631 3186 καὶ
2673 3134 2894 3204 Πατήρο
2926 3134 3083 3188 τοῦτο
3111 3135 3241 3190 ἴδιόν
3270 3154 3324 3190 τι
3361 3141 3453 3191 καὶ
3490 3140 3782 3210 ἀκοινώνη-

2205 3242 2295 3277 τον
2315 3265 2327 3288 ,
2357 3224 2493 3294 ὅπερ
2521 3226 2577 3276 ὲν
2611 3223 2786 3277 οὐδενὶ
2812 3224 2922 3276 ¹τῶν
2948 3225 3255 3280 ὑπολοίπων
3280 3230 3776 3300 καταλαμϐάνεται·

2206 3318 2234 3367 ὁ
2271 3313 2326 3367 δὲ
2358 3313 2483 3376 Υἱὸς
2513 3314 2650 3366 κατᾶ
2680 3313 2740 3366 rb
2771 3312 3022 3366 ἄκτιστον
3052 3314 3127 3384 τῷ
3155 3316 3348 3386 “arpi,
3375 3320 3467 3370 καὶ
3490 3318 3567 3387 τῷ
3606 3319 3778 3370 Ilvati-

2211 3407 2344 3477 ματί.
2387 3406 2819 3474 συναπτόμενος,
2871 3408 2928 3457 ἐν
2975 3406 3053 3476 τῷ
3108 3408 3270 3470 Υἱὸς,
3325 3410 3416 3461 καὶ
3469 3411 3782 3481 Μονογενὴς

2207 3495 2347 3550 εἷναί
2374 3515 2433 3549 τε
2464 3498 2558 3550 καὶ
2586 3496 2974 3566 ὀνομάζεσθαι,
3009 3498 3070 3549 τὸ
3103 3498 3298 3563 ἰδιάζον
3328 3500 3460 3569 ἔχει,
3493 3502 3627 3572 ὅπερ
3657 3501 3780 3556 οὔτε

2208 3592 2301 3642 ἐπὶ
2351 3590 2566 3642 πάντων
2611 3587 2743 3641 Θεοῦ
2767 3629 2782 3652 ,
2821 3587 2943 3642 οὔτε
2973 3589 3062 3641 τοῦ
3101 3591 3252 3657 ἁγίου
3283 3592 3595 3663 Πνεέματός
3643 3597 3775 3650 ἐστι.

2207 3682 2280 3734 Tb
2305 3681 2358 3733 δὲ
2399 3679 2622 3750 Πνεῦμα
2660 3679 2718 3732 rb
2753 3681 2906 3748 ἅγιον
2942 3681 2998 3731 ἐν
3049 3680 3126 3751 τῷ
3157 3683 3396 3753 ἁκτίστῳ
3439 3684 3536 3751 τῆς
3569 3685 3780 3752 φύσεως

2207 3774 2304 3842 τὴν
2351 3771 2630 3825 κοινωνίαν
2677 3771 2796 3840 ἔχον
2848 3772 2981 3842 πρὸς
3025 3772 3188 3837 Υίδν,
3225 3775 3317 3828 καὶ
3364 3777 3612 3846 Πατέρα,
3667 3777 3782 3838 τοῖς

2211 3863 2358 3924 ἰδίοις
2407 3861 2567 3915 πάλιν
2622 3861 2994 3930 γνωρίσμασιν
3045 3863 3139 3914 ἀπ’
3191 3864 3369 3916 αὐτῶν
3426 3863 3777 3935 διακρίνεται.

2207 3955 2499 4025 Γνώρισμα
2527 3951 2636 4022 γὰρ
2663 3951 2823 4005 αὑτοῦ
2846 3992 2859 4014 ,
2901 3952 2996 4004 καὶ
3033 3955 3255 4023 σημεῖόν
3290 3956 3435 4007 ἐστιν
3470 3955 3776 4016 ίδιαίτατον,

2205 4047 2266 4099 τὸ
2298 4045 2462 4116 μηδὲν
2505 4043 2729 4096 ἐκείνων
2769 4039 2903 4096 εἷναι
2926 4086 2939 4108 ,
2971 4043 3114 4115 ἅπερ
3147 4046 3289 4108 ἰδίως
3328 4045 3403 4114 τῷ
3437 4045 3644 4116 Πατρὶ,
3686 4045 3785 4099 καῖ

2207 4137 2283 4207 τῷ
2316 4137 2428 4207 Υἱῷ
2455 4139 2481 4189 ὁ
2521 4135 2675 4204 λόγος
2704 4136 3052 4205 ἐνεθεώρησε.
3085 4137 3157 4188 Τὸ
3186 4137 3293 4207 γὰρ
3316 4144 3447 4208 μήτε
3477 4137 3782 4205 ἀγεννήτως

2208 4226 2342 4284 εἶναι
2377 4230 2510 4299 μήτε
2541 4227 2861 4298 μονογενῶς,
2893 4223 3030 4281 εἶναι
3074 4228 3130 4280 δὲ
3159 4228 3325 4292 ὅλως,
3362 4229 3457 4299 τὴν
3509 4227 3784 4300 ἐξαίρετον

2211 4320 2372 4374 αὑτοῦ
2415 4319 2649 4388 ἰδιότητα
2688 4317 2822 4386 πρὸς
2867 4317 2933 4370 τὰ
2987 4319 3251 4389 εἰρημένα
3298 4319 3642 4390 παρίστησιν.
3693 4315 3786 4388 Τῷ

2210 4412 2318 4482 γὰρ
2351 4411 2526 4482 Πατρὶ
2557 4408 2695 4463 κατὰ
2737 4409 2797 4460 rb
2843 4409 3094 4461 ἄκτιστον
3144 4411 3581 4479 συναπτόμενον,
3624 4408 3785 4462 πάλιν

527 4508 721 4562 dictat.
749 4505 884 4559 Nam
906 4505 1049 4574 quod
1069 4519 1176 4557 non
1197 4505 1269 4558 sit
1287 4503 1558 4572 ingenitus
1577 4505 1756 4556 et'non
1781 4500 2104 4570 ιιιιίεθιιίιιιε1

2220 4506 2314 4557 ἀπ’
2341 4502 2504 4556 αὑτοῦ
2533 4499 2610 4570 τῷ
2657 4501 2730 4570 μὴ
2759 4500 2946 4570 Πατὴρ
2983 4495 3140 4562 εῖναι,
3172 4500 3420 4572 καθάπερ
3450 4494 3603 4564 οὗτός
3631 4502 3744 4553 ἐστι
3770 4539 3784 4562 ,

527 4610 582 4657 et
604 4609 788 4654 tamen
814 4613 939 4654 vere
961 4599 1054 4659 sit,
1096 4597 1201 4650 hoc
1235 4596 1411 4665 ipsius
1439 4595 1769 4666 peculiarem
1803 4594 2112 4662 proprieta-

528 4701 660 4756 tem,
674 4706 781 4761 qna
800 4706 827 4743 ιι
847 4688 1123 4758 ρηιεᾱίοιίε
1139 4687 1517 4756 distinguitur,
1542 4691 1912 4755 repraesentat.
1938 4682 2112 4752 Spiri-

529 4792 619 4839 tus
636 4784 779 4838 cnim
802 4780 952 4834 Patri
975 4779 1306 4849 conjunctus
1341 4784 1446 4841 cst,
1476 4777 1775 4831 secundum
1799 4775 1946 4845 quod
1968 4783 2116 4829 uter-

527 4889 634 4944 que
666 4874 948 4927 increatus
974 4876 1057 4923 est
1092 4887 1105 4935 ;
1164 4882 1360 4922 rursus
1403 4868 1473 4920 ab
1507 4881 1572 4919 eo
1615 4867 1999 4934 distinguitur,
2041 4883 2106 4922 co

529 4964 676 5036 quod
708 4978 818 5016 non
851 4970 936 5016 est
967 4960 1150 5020 Pater,
1209 4966 1373 5027 prout
1400 4959 1487 5012 ille
1533 4967 1616 5012 est
1647 4973 1662 5010 :
1699 4957 1834 5012 Filio
1878 4974 2006 5013 vero
2028 4960 2106 5030 (a)

529 5064 584 5109 et
612 5052 915 5109 secundum
943 5051 1088 5120 quod
1122 5059 1352 5120 uterque
1385 5049 1664 5104 increatus
1693 5059 1798 5114 est,
1822 5057 1876 5105 et
1911 5064 2108 5104 secun-

530 5147 660 5200 dum
700 5143 844 5213 quod
878 5150 1107 5211 uterque
1135 5157 1200 5196 ex
1257 5141 1437 5212 primo
1472 5141 1746 5212 principio
1793 5157 1946 5197 suam
1979 5143 2108 5196 sub-

529 5232 832 5291 sistentiam
864 5232 1050 5294 habet,
1103 5232 1470 5300 conjunctus;
1511 5232 1866 5299 distinguitur
1917 5233 1988 5286 ab
2045 5248 2112 5286 eo

531 5342 628 5380 sua
658 5326 1011 5396 proprietate,
1042 5339 1162 5393 quze
1187 5333 1291 5387 est,
1311 5323 1454 5395 quod
1486 5323 1587 5379 nec
1621 5334 1678 5378 ut
1712 5323 2023 5393 unigenitus
2043 5340 2103 5378 ex

530 5415 693 5472 Patre
724 5415 1020 5485 productus
1043 5423 1146 5478 est,
1177 5424 1229 5470 et
1255 5416 1398 5484 quod
1446 5431 1542 5485 per
1570 5415 1747 5485 ipsum
1793 5414 1990 5468 Filium
2041 5416 2109 5469 sit

530 5509 931 5565 manifestatus.
969 5506 1034 5562 Et
1067 5524 1189 5564 cum
1220 5517 1467 5565 creatura
1495 5525 1592 5580 per
1622 5509 1818 5564 Filium
1859 5509 1930 5565 sit
1977 5524 2104 5580 pro-

602 5712 680 5779 (a)
744 5711 887 5765 Citat
922 5711 1066 5783 hunc
1098 5713 1273 5769 locum
1317 5712 1602 5768 Bessarion
1649 5711 1704 5765 in
1729 5712 1878 5767 Orat.
1917 5713 2090 5783 dogm.
2122 5723 2173 5763 c.

529 5784 753 5849 Sancto,
771 5791 902 5836 sect.
926 5781 982 5840 6.

2220 4592 2598 4666 διαχωρίζεται
2613 4609 2626 4623 ·
2649 4591 2712 4663 τῇ
2738 4592 2872 4662 πρὸς
2893 4592 2980 4644 rbv
3006 4591 3130 4644 Υίδν
3151 4592 3288 4646 κατὰ
3309 4593 3367 4645 rb
3389 4593 3634 4647 ἄκτιστον
3667 4609 3789 4644 συνε

2221 4688 2404 4757 αφεία,
2429 4685 2521 4736 καὶ
2540 4684 2596 4735 ὲν
2623 4681 2700 4751 τῷ
2719 4681 2816 4752 τὴν
2837 4682 3011 4734 αἰτίαν
3037 4683 3134 4751 τῆς
3159 4683 3440 4754 ὑπάρξεως
3461 4685 3525 4735 ὲκ
3543 4683 3636 4736 τοῦ
3655 4681 3787 4736 Θεοῦ

2221 4777 2329 4830 τῶν
2376 4776 2509 4828 ὅλων
2541 4771 2683 4842 ἔχειν
2722 4771 3041 4841 ἑνούμενον,
3078 4775 3370 4842 ἀφίσταται
3414 4772 3573 4826 πάλιν
3609 4773 3666 4825 ὲν
3709 4769 3790 4840 τῷ

2227 4870 2498 4934 ἰδιάζοντι·
2521 4867 2577 4916 ἐν
2616 4862 2692 4933 τῷ
2717 4864 2849 4933 μήτε
2877 4865 3176 4933 μονογενῶς
3205 4867 3268 4916 ἐκ
3297 4865 3386 4917 τοῦ
3426 4863 3632 4932 Πατρὺς
3659 4861 3788 4914 ὐπο-

2215 4963 2439 5030 στῆναι,
2497 4959 2589 5012 καὶ
2621 4960 2678 5012 ἐν
2705 4958 2781 5029 τῷ
2830 4958 2894 5010 δι’
2923 4955 3087 5009 αὑτοῦ
3129 4955 3224 5008 τοῦ
3267 4954 3397 5007 Υίοῦ
3443 4953 3782 5022 πεφηνέναι·

2215 5055 2375 5107 πάλιν
2395 5052 2451 5105 δὲ
2481 5051 2578 5120 τῆς
2608 5049 2836 5109 κτίσεως
2861 5047 2948 5099 διὰ
2966 5044 3059 5098 τοῦ
3093 5043 3428 5113 Μονογενοῦς
3453 5042 3783 5112 ὑποστάσης,

2213 5147 2287 5206 ὡς
2323 5144 2388 5197 ἂν
2419 5142 2494 5212 μὴ
2523 5139 2806 5209 κοινότητά
2832 5155 2954 5192 τινα
2995 5136 3128 5208 πρὸς
3152 5135 3355 5206 ταύτην
3377 5133 3519 5204 ἔχειν
3556 5130 3782 5201 νομισθῇ

2213 5233 2273 5286 rb
2329 5230 2552 5300 Πνεῦμα
2613 5229 2675 5281 ἐκ
2710 5227 2802 5281 τοῦ
2835 5227 2922 5279 διὰ
2958 5227 3048 5279 τοῦ
3089 5225 3221 5276 Υίοῦ
3266 5221 3561 5292 πεφηνέναι
3609 5221 3666 5272 ὲν
3706 5219 3785 5287 τῷ

2216 5324 2471 5394 ἀτρέπτῳ
2490 5362 2503 5384 ,
2537 5320 2631 5374 καὶ
2674 5318 3015 5388 ἀναλλοιὼτῳ
3036 5359 3048 5381 ,
3094 5317 3181 5370 καὶ
3207 5313 3498 5388 ἀπροσδεεῖ
3527 5311 3624 5381 τῆς
3673 5309 3785 5364 ἑτέ·

2220 5413 2387 5484 ρωΟεν
2428 5411 2759 5479 ἁγαθότητος
2779 5449 2792 5473 ,
2839 5407 3169 5477 διακρίνεται
3202 5403 3263 5457 rb
3305 5402 3527 5472 Πνεῦμα
3559 5399 3666 5453 ἀπὸ
3689 5397 3790 5469 τῆς

2213 5503 2461 5563 κτίσεως.
2493 5501 2565 5551 Τὸ
2587 5500 2691 5571 γὰρ
2723 5497 3039 5568 ἄτρεπτονή
3083 5495 3258 5558 κτίσις
3287 5494 3345 5544 ὲν
3400 5493 3467 5562 τῇ
3506 5490 3662 5558 φύσει
3687 5489 3789 5542 οὐκ

2215 5707 2270 5773 6,
2293 5715 2343 5761 et
2382 5701 2625 5758 Gennail.
2654 5698 2803 5766 Apol.
2831 5712 2925 5766 pro
2961 5696 3165 5758 Concil.
3200 5693 3437 5749 Floreat.
3481 5689 3545 5744 de
3576 5689 3786 5759 Spiritu
