4166 6372
320 439 425 493 ΞΠ

1447 442 1723 498 CONTRA
1764 442 2150 506 EUNOMIUM,
2192 442 2320 499 LIB.
2354 442 2392 497 l.

3473 440 3580 498 358

319 557 466 627 ἔχει,
523 556 700 620 καθώς
746 573 908 627 φησιν
953 559 987 630 ἡ
1046 558 1271 630 Γραφὴ,
1317 559 1407 612 τοῦ
1469 561 1746 632 ἑωσφόρου
1793 560 1890 632 τὴν

2005 561 2179 624 lucta,
2205 575 2274 614 ne
2299 560 2422 628 quis
2455 564 2606 627 putet
2631 556 2838 626 aliquid
2866 571 3156 612 commune
3191 572 3313 614 esse
3343 557 3578 628 Spiritui

321 647 526 703 πτῶσιν
566 648 925 718 διηγουμένη,
971 649 1100 720 περὶ
1148 645 1206 703 οὗ
1237 651 1329 702 καὶ
1361 653 1389 703 6
1436 651 1640 722 Κύριος
1679 653 1890 706 ἀποκα-

2005 662 2042 706 ει
2097 657 2386 715 creaturae,
2449 657 2737 718 prepterea
2778 648 2922 718 quod
2976 648 3182 703 dicitur
3235 665 3330 719 per
3370 649 3580 704 'Filium

319 737 535 791 λύπτων
570 739 682 800 τοῖς
718 737 984 808 μαθηταῖς
1010 740 1079 792 τὰ
1133 742 1404 810 μυστήρια
1425 741 1642 809 ἔλεγεν·
1686 740 1884 796 Ἐθεώς

315 845 468 895 ρουν
514 827 620 881 τὸν
661 828 956 894 Σατανᾶν,
1017 831 1097 894 ὡς
1149 831 1467 899 ἀστραπὴν
1521 833 1787 886 πεσόντα
1821 833 1890 885 ἐκ

319 917 424 968 τοῦ
469 917 748 984 οὐρανοῦ.
783 917 858 969 Δι’
888 911 963 970 ὧν
993 918 1048 970 δὲ
1075 921 1172 989 τῆς
1202 920 1430 983 κτίσεως
1451 922 1743 990 ἀφίσταται
1762 961 1776 985 ,
1805 921 1894 974 διὰ

319 1007 424 1073 τῶν
451 1007 628 1059 αὐτῶν
667 1009 870 1061 τούτων
911 1010 1046 1080 πρὸς
1066 1009 1155 1061 τὸν
1179 1011 1396 1080 Πατέρα
1420 1029 1478 1064 τε
1505 1014 1598 1066 καὶ
1622 1013 1746 1067 Υίὸν
1781 1012 1893 1082 ἔχει

319 1097 414 1168 τὴν
442 1100 764 1170 οἰκειότητα.
797 1097 894 1163 Εἷς
931 1102 1037 1171 γὰρ
1071 1102 1164 1166 καὶ
1203 1104 1230 1154 6
1269 1102 1428 1164 αὐτὸς
1469 1104 1560 1156 ἐπὶ
1597 1103 1704 1156 τῶν
1753 1103 1894 1157 κατὰ

321 1190 480 1257 φύσιν
527 1190 893 1244 ἀνεπιδέκτων
939 1191 1033 1243 τοῦ
1073 1194 1348 1264 χείρονος,

321 1282 412 1335 καὶ
440 1282 799 1336 ἀναλλοιώτου
824 1283 1000 1354 λόγος.

1399 1197 1426 1247 ὁ
1463 1195 1556 1248 τοῦ
1588 1196 1890 1266 ἁτρέπτου,

2480 739 2924 794 immutabilitatc
3001 747 3056 795 et
3111 741 3495 796 immobilitate
3546 757 3580 794 τι

1991 840 2246 886 creatura
2283 831 2665 899 distinguitur.
2701 830 2836 885 Nam
2867 839 3117 885 creatura
3148 848 3214 886 ex
3253 849 3350 886 sua
3383 842 3579 886 natura

1991 940 2097 977 non
2124 931 2208 980 est
2239 923 2619 986 immutabilis,
2675 932 2733 976 ut
2785 921 3070 992 Scriptura
3109 931 3346 976 testatur
3383 938 3578 976 casum

1994 1012 2230 1069 Luciferi
2259 1013 2590 1067 enarrans“
2624 1013 2731 1067 :de
2777 1027 2887 1082 quo
2923 1012 3188 1066 Dominus
3223 1028 3445 1081 quoque
3484 1026 3582 1064 cx-

1993 1105 2206 1174 plicans
2229 1104 2514 1173 discipulis
2545 1104 2662 1158 suis
2693 1104 2972 1174 mysteria,
3031 1103 3210 1158 aiebat
3238 1093 3414 1158 :IVidi
3470 1100 3575 1155 Sa-

1994 1207 2174 1249 tanam
2226 1205 2476 1264 tanquam
2519 1195 2701 1264 fulgur
2723 1195 2995 1248 cadentem
3024 1209 3090 1247 ea:
3117 1195 3246 1249 caelo
3262 1195 3329 1248 “‘.
3358 1193 3574 1258 Quibus

1994 1297 2238 1341 autem-a
2269 1287 2540 1342 creaturis
2583 1285 2782 1352 dill‘ert,
2843 1286 2930 1341 his
2972 1287 3108 1355 ipsis
3139 1301 3263 1341 cum
3323 1286 3484 1340 Patre
3527 1295 3582 1339 et

1991 739 2375 796 manifestatus
2415 756 2428 792 :

216 1427 221 1431 .
321 1373 457 1430 Filio
491 1375 868 1444 cognationem
902 1377 1084 1442 habet,
1121 1393 1230 1432 una
1259 1379 1405 1433 enim
1479 1380 1782 1450 eademque
1846 1379 2307 1435 immutabilitatis
2375 1387 2430 1434 et
2460 1378 2906 1434 invariabilitatis
2957 1378 3100 1432 ratio
3167 1384 3256 1433 est
3297 1376 3350 1431 in
3401 1373 3582 1429 omni—

319 1469 422 1522 bus
478 1467 606 1532 illis,
672 1483 795 1538 quae
844 1479 1038 1524 natura
1090 1487 1190 1526 sua
1243 1472 1533 1527 deterioris
1596 1488 1703 1527 non
1767 1483 1894 1528 sunt
1931 1474 2179 1544 capacia.

391 1558 606 1611 Τούτων
638 1557 694 1613 δὲ
733 1561 863 1630 ἡμῖν
899 1561 1040 1616 οὕτω
1089 1564 1538 1636 προειρημένων,
1589 1565 1782 1635 καιρὸς
1829 1566 1894 1619 ἂν

2067 1563 2162 1619 His
2202 1564 2277 1620 ita
2314 1564 2662 1634 explanatis,
2704 1571 2926 1632 tempus
2953 1559 3207 1631 ﬂagitare
3237 1558 3484 1622 videtur,
3520 1567 3580 1613 ut

322 1649 406 1718 εἴη
436 1649 620 1702 λοιπὸν
668 1651 760 1705 καὶ
791 1652 882 1705 τὸν
912 1653 1020 1706 τῶν
1051 1655 1304 1708 ἐναντίων
1328 1654 1684 1719 κατεξετάσαι
1716 1656 1896 1724 λόγον.

2005 1656 2268 1725 reliquam
2316 1655 2768 1710 adversariorum
2817 1653 3127 1708 orationem
3172 1653 3577 1707 examinemus.

333 1737 577 1808 Ἀνάγκη
604 1779 618 1800 ,
679 1741 848 1810 φησι,
897 1741 1134 1811 μείζους
1189 1762 1252 1797 τε
1307 1744 1402 1797 καὶ
1449 1744 1736 1810 ἐλάττους
1795 1746 1898 1812 τὰς

2005 1748 2406 1814 Necessarium,
2445 1748 2658 1819 inquit,
2709 1755 2788 1801 est
2819 1747 3052 1814 majores
3102 1754 3154 1798 et
3193 1746 3425 1798 minores
3469 1761 3583 1798 esse

321 1832 536 1896 οὐσίας
569 1829 723 1886 εἶναι
749 1835 818 1887 ἐν
848 1835 924 1904 τῇ
954 1836 1086 1904 περὶ
1124 1837 1229 1890 τοῦ
1273 1838 1428 1900 Υίοῦ,
1465 1837 1562 1892 καὶ
1589 1839 1696 1893 τοῦ
1727 1839 1898 1909 ἁγίου

2005 1839 2134 1894 Filii
2162 1848 2210 1894 et
2238 1839 2472 1908 Spiritus
2513 1841 2684 1893 sancti
2717 1837 3069 1892 substantias.
3102 1835 3218 1890 Hoc
3248 1836 3483 1899 asserit,
3522 1836 3580 1889 in

322 1924 665 1991 Πνεύματος
699 1927 1066 1994 τεχνολογίᾳ.
1114 1928 1484 1997 Σκοπὴσωμεν
1529 1931 1707 1981 τοίνυν
1758 1930 1898 1983 κατά

2005 1944 2098 1984 sua
2142 1930 2212 1984 de
2254 1928 2396 1983 Filio
2437 1938 2494 1983 et
2547 1927 2757 1998 Spiritu
2803 1935 3000 1982 sancto
3035 1926 3450 1981 dissertatione.
3487 1923 3584 1978 Vi-

321 2011 441 2066 τίνα
481 2013 718 2068 διάνοιαν
769 2017 974 2069 ἐπινοεῖ
1019 2016 1119 2087 τῆς
1168 2018 1420 2088 τοιαύτης
1477 2019 1741 2090 διαφορᾶς
1794 2021 1893 2090 τὴν

322 2103 566 2173 άενάγκην
588 2121 601 2134 ·
654 2106 883 2176 πότερον
928 2109 1242 2178 σωματικῆς
1273 2125 1420 2172 τινος
1461 2109 1758 2180 γενομένης
1794 2111 1896 2180 τῆς

323 2194 458 2264 πρὸς
489 2195 693 2265 ἄλληλα
725 2197 831 2248 τῶν
859 2200 1393 2269 παραμετρουμένων
1432 2200 1772 2270 συγκρίσεως
1794 2241 1808 2265 ,
1858 2201 1897 2269 ἢ·

323 2286 460 2339 κατὰ
489 2286 549 2338 τὸ
578 2287 766 2357 νοητὸν
795 2289 851 2340 ὲν
875 2288 951 2357 τῷ
985 2291 1102 2342 κατ’
1136 2290 1336 2359 ἀρετὴν
1359 2291 1773 2362 ὑπερϐάλλοντι,
1802 2292 1896 2346 καὶ

324 2375 556 2430 ὲνδὲοντι
595 2376 1010 2449 θεωρουμένης,
1053 2379 1257 2450 ἢκατα
1305 2381 1403 2452 τὴν
1449 2382 1635 2435 οὐσίαν
1683 2383 1892 2452 αὑτήνς

336 2466 474 2519 Ἀλλ’
506 2469 601 2520 ἐπὶ
656 2469 753 2536 μὲν
808 2471 904 2538 τῆς
962 2471 1147 2534 οὐσίας
1197 2472 1408 2543 ἐδείχθη
1466 2474 1616 2544 παρὰ
1670 2473 1778 2526 τῶν
1831 2474 1897 2527 τὰ

323 2559 543 2612 τοιαῦτα
584 2560 890 2630 φιλοσοφεῖν
923 2563 1159 2627 εἰδότων,
1193 2565 1463 2636 μηδεμίαν
1494 2565 1752 2620 δύνασθαι
1786 2566 1898 2619 δια-

327 2653 494 2722 φοράν
521 2654 769 2724 ἐννοῆσαι
797 2696 812 2720 ,
845 2655 938 2708 ὲάν
988 2672 1073 2718 τις
1104 2656 1268 2727 αὐτὴν
1308 2656 1548 2726 ψιλώσας
1568 2696 1584 2721 ,
1634 2658 1727 2711 καὶ
1760 2660 1896 2711 ἀπο-

323 2741 615 2811 γυμνώσας
661 2744 771 2798 τῶν
819 2745 1308 2820 ὲπιθεωρουμὲνων
1357 2750 1658 2820 ποιοτήτων
1698 2765 1759 2802 τε
1806 2749 1898 2802 καὶ

330 2829 632 2899 ἰδιωμάτων
659 2832 848 2904 αὐτὴν,
875 2834 960 2902 ἐφ’
989 2836 1188 2906 ἑαυτῆς
1223 2818 1448 2908 ἐξετάζῃ
1474 2879 1487 2901 ,
1518 2837 1660 2892 κατὰ
1685 2839 1775 2891 τὸν
1801 2839 1894 2892 τοῦ

324 2917 462 2974 εἶναι
486 2921 643 2989 λόγον
667 2939 681 2953 ⁸
714 2925 960 2978 ἐπιτάσει
989 2925 1045 2977 δὲ
1074 2928 1166 2979 καὶ
1208 2927 1396 2995 ὑφέσει
1435 2931 1532 2997 τῆς
1569 2929 1769 2999 ἀρετῆς
1799 2929 1897 3000 τὴν

324 3012 575 3082 τοιαύτην
607 3013 869 3085 διαφορὰν
899 3018 1098 3071 ἐννοεῖν
1129 3019 1384 3088 περὶτοῦ
1433 3021 1766 3089 Μονογενοῦς
1805 3021 1898 3074 καὶ

323 3103 416 3156 τοῦ
457 3104 806 3176 Πνεύματος,
855 3110 950 3161 καὶ
980 3108 1066 3161 διὰ
1113 3110 1270 3163 τοῦτο
1318 3111 1674 3182 μεταπτωτὴν
1727 3113 1897 3181 ἀναγ-

325 3193 491 3257 καίως
512 3195 595 3263 ἐφ’
626 3197 861 3268 ἑκάτερα
893 3197 988 3268 τὴν
1018 3199 1176 3268 φύσιν
1203 3201 1381 3253 αὐτῶν
1414 3202 1782 3265 ὑποτίθεσθαι,
1823 3202 1899 3267 ὡς

2001 2021 2232 2076 deamus
2265 2020 2454 2091 igitur,
2489 2035 2600 2089 quo
2634 2036 2802 2075 sensu
2840 2019 2985 2074 hanc
3017 2019 3355 2073 diversitatis
3387 2017 3582 2087 hujus-

2003 2113 2150 2167 modi
2184 2113 2565 2168 necessitatem
2601 2122 2783 2165 mente
2813 2110 3120 2179 concipiat;
3152 2125 3283 2162 num
3314 2123 3580 2178 corporea

2003 2205 2239 2274 quadam
2273 2203 2565 2258 collatione
2591 2201 2734 2256 facta
2761 2215 2948 2256 eorum
2969 2241 2984 2265 ,
3018 2214 3140 2268 quae
3170 2199 3317 2253 inter
3341 2214 3402 2253 se
3427 2211 3582 2251 com-

2005 2303 2419 2357 meusurantur,
2450 2308 2518 2346 an
2552 2291 2803 2346 instituta
2836 2287 3248 2358 comparatione
3275 2288 3580 2343 secundum

2006 2385 2424 2456 intelligentiam
2458 2384 2513 2438 in
2545 2397 2775 2438 excessu
2811 2383 2897 2436 vel
2946 2380 3164 2436 defectu
3206 2378 3431 2433 virtutis
3461 2421 3476 2444 ,
3511 2393 3582 2431 an

2005 2493 2188 2532 rerum
2223 2476 2552 2532 substantiis
2579 2493 2595 2542 ;
2633 2475 2729 2530 sed
2758 2475 2826 2528 ab
2853 2473 2940 2528 bis
2961 2513 2976 2537 ,
3011 2472 3105 2543 qui
3137 2471 3240 2525 hoc
3269 2470 3583 2524 accuratius

2004 2574 2450 2640 perscrutautur,
2479 2567 2918 2621 demonstratum
2946 2573 3068 2630 est,
3113 2562 3322 2616 nullam
3366 2561 3584 2630 eiusce-

2005 2659 2154 2714 modi
2185 2658 2544 2714 diﬂercntiam
2581 2656 2807 2726 reperiri
2859 2655 2915 2710 in
2966 2653 3312 2717 substantia,
3360 2651 3406 2706 si
3457 2652 3582 2721 quis

2003 2764 2126 2805 eam
2161 2749 2305 2804 nude
2333 2756 2387 2804 et
2420 2765 2516 2818 per
2547 2763 2636 2812 se,
2673 2746 2978 2808 secundum
3025 2744 3286 2800 essentize
3330 2758 3444 2798 suae
3491 2756 3582 2795 ra-

2003 2840 2209 2895 tionem
2230 2881 2246 2904 ,
2279 2849 2333 2894 et
2366 2839 2434 2894 ab
2466 2837 2724 2892 omnibus
2758 2833 3120 2906 qualitatibus
3170 2840 3225 2889 et
3265 2832 3580 2904 proprieta-

2004 2932 2152 2986 tibus
2190 2932 2496 3000 sejunctam
2533 2927 2865 2985 consideret.
2921 2927 2991 2980 At
3024 2940 3155 2980 vero
3188 2924 3500 2979 intensione
3529 2931 3584 2978 et

2005 3023 2333 3078 remissione
2386 3023 2606 3077 virtutis
2651 3031 2709 3078 et
2761 3020 3020 3091 potentiae
3064 3018 3383 3087 huiusmodi
3427 3016 3584 3072 dill‘e-

2005 3115 2240 3170 rentiam
2265 3154 2278 3177 ,
2311 3113 2366 3168 in
2412 3113 2700 3182 unigenito
2743 3110 2885 3166 Filio
2921 3121 2975 3168 et
3010 3109 3221 3181 Spiritu
3258 3117 3450 3165 sancto
3484 3107 3584 3162 de-

2006 3204 2163 3260 linire
2188 3204 2360 3269 velle,
2401 3211 2461 3258 et
2487 3203 2556 3259 ob
2587 3203 2692 3258 hoc
2727 3216 3010 3267 asserere,
3046 3201 3191 3271 quod
3224 3198 3438 3270 praediti
3472 3199 3585 3254 sint

325 3283 577 3369 δεκτικὴν
609 3282 775 3340 οὖσαν
808 3287 1002 3358 ἐπίσης
1023 3289 1130 3345 τῶν
1156 3291 1430 3354 ἐναντίων,
1461 3294 1552 3345 καὶ
1574 3294 1629 3344 ὲν
1662 3292 1897 3363 μεθορίῳ

2005 3301 2234 3362 natura,
2272 3309 2393 3364 quae
2425 3294 2734 3347 mutatione
2780 3290 2921 3346 facta
2944 3331 2959 3356 ,
3007 3291 3072 3345 ad
3119 3298 3351 3359 utraque
3383 3297 3584 3343 trans-

327 3368 492 3435 καλοῦ
540 3387 600 3423 τε
635 3372 849 3426 καὶτοῦ
902 3375 1143 3432 ἐναντίου
1184 3378 1442 3448 κειμένην
1468 3417 1482 3442 ,
1521 3380 1620 3448 τῆς
1663 3381 1898 3453 ἐσχάτης

326 3461 578 3526 ἀσεϐείας
606 3463 772 3518 ἐστίν.
807 3464 967 3518 Ἀλλο
1005 3466 1114 3540 γάρ
1145 3485 1196 3521 τι
1245 3465 1384 3520 εἶναι
1425 3469 1592 3540 αὐτὴν
1621 3470 1761 3523 κατὰ
1806 3471 1898 3524 τὸν

327 3554 456 3620 ἴδιον
500 3555 656 3624 λόγον
681 3597 696 3620 ,
730 3556 826 3611 καὶ
867 3558 994 3611 ἄλλο
1043 3577 1100 3612 τι
1142 3558 1482 3632 γίνεσθαιτῇ
1518 3561 1775 3633 μετουσίᾳ
1803 3563 1897 3616 τοῦ

327 3645 515 3710 καλοῦ,
552 3649 646 3701 καὶ
676 3649 769 3702 τοῦ
800 3652 1044 3721 χείρονος
1066 3691 1081 3716 ,
1111 3653 1139 3704 6
1166 3652 1339 3705 ταῦτα
1360 3651 1534 3720 λέγων
1561 3655 1901 3709 κατασκευά-

332 3755 412 3791 σει
437 3755 452 3769 °
482 3733 593 3792 οἷον
618 3741 710 3793 tut
740 3741 834 3794 τοῦ
877 3741 1096 3811 σιδήρου
1144 3742 1459 3812 συμϐαίνει·
1503 3743 1562 3807 ὃς
1594 3745 1685 3797 ἐπὶ
1719 3747 1899 3800 πλεῖον

333 3831 432 3901 μὲν
454 3831 530 3900 τῷ
561 3832 695 3904 πυρὶ
718 3832 1090 3904 καθομιλήσας
1107 3874 1122 3898 ,
1157 3832 1255 3904 τὴν
1282 3834 1542 3904 ποιότητα
1565 3834 1660 3888 τοῦ
1693 3834 1898 3906 θερμοῦ

331 3922 640 3986 ὑποδύεται,
672 3922 846 3993 μένων
875 3925 931 3976 ἐν
953 3924 1028 3994 τῷ
1055 3923 1268 3993 σίδηρος
1303 3919 1442 3977 εἶναι
1469 3940 1482 3954 ’
1515 3927 1564 3977 εί
1591 3925 1648 3977 δὲ
1682 3927 1740 3979 ὲν
1763 3926 1899 3995 χιόνι

330 4012 536 4077 γένοιτο
559 4053 574 4075 ,
602 4010 636 4081 ἢ
679 4010 994 4082 κρυστάλλῳ
1015 4051 1028 4073 ,
1066 4011 1385 4081 μεταϐάλλει
1417 4012 1551 4081 πρὸς
1579 4014 1640 4066 τὸ
1672 4017 1902 4085 ἐπικρα-

328 4099 453 4153 τοῦν
481 4102 580 4172 τὴν
620 4101 880 4171 ποιότητα
904 4141 918 4164 ,
946 4103 1005 4156 τὸ
1026 4102 1230 4173 ψυχρὸν
1258 4103 1357 4174 τῆς
1401 4104 1572 4174 χιόνος
1607 4107 1718 4169 τοῖς
1751 4106 1900 4170 ἰδίοις

337 4192 543 4264 μορίοις
571 4191 984 4264 ἀναδεξάμενος.

404 4376 613 4447 Ὠσπερ
637 4372 730 4430 οῦν
759 4376 858 4429 οὐκ
883 4376 947 4428 ὲκ
975 4377 1073 4446 τῆς
1100 4376 1574 4449 ὲπιθεωρουμένης
1592 4377 1670 4449 τῷ
1700 4379 1902 4450 σιδήρῳ

335 4467 614 4536 ποιότητος
658 4469 756 4538 τὴν
796 4468 927 4538 ὓλην
973 4469 1484 4539 προσαγορεύομενο
1532 4471 1593 4521 οὐ
1650 4469 1756 4540 γὰρ
1791 4471 1902 4542 πῦρ

333 4559 513 4625 αὐτὸν,
547 4559 579 4630 ἦ
619 4561 950 4630 κρύσταλλον
976 4561 1309 4630 ὀνομάζομεν
1338 4561 1430 4613 τὸν
1459 4561 1539 4614 ἐνὶ
1569 4561 1772 4615 τούτων
1796 4581 1895 4615 πε-

2007 3383 2140 3439 ferri
2183 3390 2385 3453 queat,
2441 3381 2516 3436 ita
2554 3389 2613 3434 ut
2648 3396 2712 3436 ex
2743 3395 2903 3450 atquo
2951 3378 3364 3436 contrariorum
3410 3391 3584 3448 capax

2007 3476 2080 3530 sit
2107 3475 2408 3529 constituta
2438 3473 2494 3526 in
2529 3470 2773 3528 conﬁnio
2807 3469 3072 3526 bonitatis
3095 3507 3111 3532 ,
3149 3469 3383 3538 ejusque
3428 3466 3578 3538 quod

2007 3565 2137 3621 huic
2187 3565 2555 3620 adversatur:
2614 3570 2874 3618 extremae
2927 3560 3217 3630 cujusdam
3284 3559 3583 3628 impietatis

2008 3662 2397 3726 argumentum
2425 3662 2534 3709 est.
2567 3652 2734 3707 Aliud
2761 3652 2908 3707 enim
2937 3651 3090 3708 illam
3119 3664 3246 3707 esse
3279 3647 3583 3705 secundum

2008 3747 2282 3816 propriam
2318 3760 2475 3800 suam
2508 3743 2776 3797 rationem
2801 3781 2816 3806 ,
2847 3747 2902 3795 et
2930 3739 3078 3794 aliud
3111 3739 3258 3792 illam
3291 3735 3585 3808 participa-

2011 3837 2158 3891 tione
2184 3835 2444 3890 bonitatis
2473 3833 2590 3887 ﬁeri
2622 3875 2637 3899 ,
2668 3832 2745 3895 is,
2773 3831 2866 3900 qui
2898 3829 3029 3884 talia
3056 3828 3223 3884 tradit
3253 3826 3586 3898 persuadere

2008 3935 2262 3982 conatur:
2292 3935 2349 3979 ut
2381 3925 2434 3978 in
2469 3923 2615 3978 ferro
2653 3921 2888 3986 accidit,
2916 3920 3061 3990 quod
3093 3919 3151 3974 in
3179 3919 3304 3990 igne
3333 3918 3426 3972 diu
3459 3917 3587 3972 reli-

2008 4029 2156 4074 ctum
2179 4058 2192 4081 ,
2221 4017 2424 4071 caloris
2453 4015 2778 4085 qualitatem
2808 4012 3023 4076 induit,
3051 4011 3144 4067 sed
3172 4019 3352 4064 tamen
3380 4009 3586 4065 ferrum

2009 4117 2192 4165 manet
2218 4126 2232 4175 ;
2257 4107 2303 4162 si
2331 4123 2462 4163 vero
2491 4106 2774 4175 injiciatur
2794 4104 2908 4158 nivi
2941 4104 3024 4158 vel
3049 4102 3271 4173 glaciei,
3298 4109 3431 4154 tunc
3457 4114 3587 4169 qua-

2009 4201 2214 4254 litatem
2260 4211 2416 4252 suam
2469 4194 2766 4248 valentiore
2811 4191 2954 4246 nivis
3003 4189 3207 4260 frigore
3251 4192 3583 4248 commutat,

2008 4291 2174 4360 idque
2205 4289 2344 4343 intra
2381 4274 2563 4357 partes
2595 4300 2724 4340 suas
2749 4282 2968 4351 recipit.

2080 4378 2549 4447 Quemadmodum
2576 4375 2743 4446 igitur
2763 4389 2875 4428 non
2900 4371 3258 4441 eximpressa
3285 4367 3430 4423 ferro
3453 4380 3586 4435 qua-

2010 4473 2162 4526 litate
2199 4469 2482 4523 materiam
2535 4465 2996 4529 denominamus,
3048 4475 3228 4530 neque
3280 4458 3459 4529 ignem
3503 4456 3586 4510 vel

2013 4561 2241 4633 glaciem
2273 4573 2567 4619 vocamus,
2602 4571 2668 4611 eo
2696 4552 2844 4624 quod
2879 4552 3200 4607 alterutrius
3230 4547 3615 4620 qualitatibus.

340 4653 632 4723 τοιωμὲνον
658 4668 671 4682 ο
705 4652 874 4716 οὕτως
913 4654 960 4704 εί
1002 4652 1176 4722 δοθείη
1199 4693 1212 4717 ,
1250 4653 1390 4706 κατὰ
1438 4653 1528 4706 τὸν
1559 4654 1666 4709 τῶν
1695 4654 1898 4711 ἀσεϐῶν

2012 4652 2264 4708 allectum
2318 4650 2391 4706 sit
2429 4668 2440 4702 :
2482 4650 2559 4702 ita
2592 4648 2638 4702 si
2671 4643 3028 4705 concedatur,
3061 4649 3121 4695 ut
3159 4639 3310 4709 impii
3358 4638 3584 4698 volunt,

334 4746 507 4815 λόγον,
535 4746 626 4798 ἐπὶ
653 4747 751 4812 τῆς
793 4744 1054 4809 ζωοποιοῦ
1089 4745 1368 4816 δυνάμεως
1395 4785 1409 4810 ,
1449 4747 1522 4817 μὴ
1568 4749 1687 4800 κατ’
1715 4749 1901 4802 οὐσίαν

335 4835 656 4906 ἐνυπάρχειν
689 4835 823 4906 αὐτῇ
845 4835 905 4888 τὸ
936 4835 1136 4903 ἀγαθόν
1161 4855 1174 4867 ·
1198 4837 1312 4890 ἀλλ’
1334 4839 1398 4890 ὲκ
1427 4841 1712 4908 μετουσίας
1743 4859 1904 4913 προσ-

334 4927 612 4994 γίνεσθαι’
660 4927 840 4980 οὐκέτι
895 4928 959 4978 ὲκ
998 4929 1095 4992 τῆς
1146 4928 1240 4980 τοῦ
1274 4915 1477 4996 άγαθοῦ
1533 4933 1903 5004 προσηγορίας

334 5018 538 5088 κυρίως
591 5017 1042 5088 ὀνομασθήσεται.
1087 5017 1247 5072 Ἀλλά
1292 5036 1344 5071 τι
1395 5019 1577 5091 ἕτερον
1627 5023 1826 5076 ἐννοεῖν
1871 5025 1904 5094 ή

335 5109 557 5177 τοιαύτη
587 5108 852 5179 ὑπόληψις
883 5109 1202 5177 ἀναγκάσει,
1237 5111 1314 5174 ὼς
1357 5114 1491 5183 μήτε
1526 5112 1710 5176 ἀϊδίως
1757 5114 1906 5186 αὐτῷ

335 5199 396 5251 τὸ
422 5198 622 5265 ἀγαθὸν
654 5198 1054 5270 ὲνθεωρεῖσθαι,
1094 5201 1230 5270 μήτε
1271 5202 1422 5266 αὐτὸ,
1463 5205 1600 5274 ὅπερ
1624 5204 1805 5268 ἐστὶν,
1847 5208 1905 5260 ὲν

337 5292 401 5359 τῇ
443 5287 538 5342 τοῦ
603 5287 808 5356 ἀγαθοῦ
845 5287 1001 5357 φύσει
1051 5290 1604 5360 καταλαμϐάνεσθαι·
1669 5291 1783 5345 ἀλλ’
1829 5293 1905 5357 ὡς

337 5381 432 5433 καὶ
476 5381 603 5432 ποτὲ
647 5381 718 5452 μὴ
765 5380 825 5434 ὃν
862 5382 919 5433 ὲν
965 5381 1101 5453 αὐτῇ
1145 5382 1204 5435 τὸ
1239 5383 1458 5451 ἀγαθὸν,
1515 5383 1607 5438 καὶ
1647 5385 1777 5438 ποτὲ
1830 5386 1905 5458 μὴ

337 5469 610 5539 sudus-0v.
656 5470 719 5522 El.
743 5469 848 5541 γὰρ
886 5471 962 5542 τῷ
995 5473 1243 5544 μετέχειν
1263 5473 1355 5527 τοῦ
1385 5473 1689 5544 κρείττονος
1729 5476 1908 5545 ἀγαθὰ

335 5559 580 5625 γίνεται,
655 5559 812 5628 δῆλον
856 5561 937 5613 ὅτι
990 5561 1097 5631 πρὸ
1175 5562 1275 5632 τῆς
1339 5562 1624 5633 μετουσίας
1685 5563 1909 5619 τοιαῦτα

335 5649 435 5702 οὐκ
467 5644 554 5718 ἦν.
617 5650 728 5702 Καὶ
777 5651 824 5703 εί
854 5650 979 5703 ἄλλο
1012 5668 1064 5704 τι
1091 5650 1218 5704 ὅντα
1245 5655 1308 5724 τῇ
1342 5653 1615 5725 παρουσίᾳ
1647 5653 1741 5708 τοῦ
1779 5655 1912 5722 dwa-

372 5818 419 5852 ⁸⁵
443 5817 545 5884 lsa.
591 5837 700 5891 xlv,
736 5824 820 5878 12.
901 5825 948 5858 ⁸⁸
987 5823 1119 5879 Luc.
1148 5840 1202 5891 κ,
1231 5825 1311 5881 18.

2010 4746 2068 4800 in
2098 4742 2451 4799 viviﬁcatrice
2481 4741 2571 4794 illa
2599 4743 2875 4809 potestate
2898 4775 2913 4799 ,
2952 4749 3062 4788 non
3094 4747 3160 4786 ex
3193 4740 3392 4784 natura
3426 4726 3588 4782 boni-

2011 4845 2178 4892 tatem
2221 4835 2436 4898 inesse,
2468 4829 2560 4884 sed
2602 4844 2668 4883 ex
2706 4825 3132 4898 participatione
3166 4821 3270 4892 ipsi
3317 4817 3584 4873 accidere:

2012 4943 2122 4981 non
2157 4925 2418 4981 sortietur
2452 4921 2673 4992 proprie
2716 4916 3154 4973 nominationem
3203 4927 3268 4966 ex
3311 4909 3584 4975 bonitate,

2015 5017 2110 5074 sed
2145 5014 2459 5071 necessario
2494 5025 2779 5082 cogemur,
2825 5006 2973 5060 aliud
3017 5003 3277 5074 quiddam
3314 5000 3502 5055 animo
3534 5006 3588 5054 et

2014 5109 2341 5180 cogitatione
2370 5103 2697 5160 ell'ormare:
2737 5101 2804 5154 ab
2836 5105 3044 5153 aeterno
3080 5093 3337 5149 videlicet
3368 5089 3589 5146 bonita-

1991 5211 2121 5264 tem
2157 5203 2207 5254 ei
2255 5211 2431 5267 neque
2470 5203 2818 5264 competere,
2865 5204 3042 5259 neque
3074 5195 3330 5242 naturam
3374 5183 3495 5254 ejus
3533 5189 3591 5237 et

2011 5289 2340 5353 essentiam,
2396 5293 2451 5340 et
2504 5285 2606 5338 hoc
2651 5283 2828 5351 ipsum
2874 5277 3020 5348 quod
3074 5283 3188 5342 est,
3224 5274 3281 5328 in
3337 5271 3589 5326 bonitate

2013 5383 2315 5439 consistere
2335 5419 2350 5444 ,
2384 5377 2542 5448 quasi
2581 5372 2878 5444 aliquando
2907 5371 3155 5427 bonitate
3190 5365 3465 5428 caruerit,
3494 5375 3590 5418 ea-

2013 5473 2248 5542 demque
2288 5469 2452 5524 etiam
2499 5464 2698 5520 futuris
2734 5460 3079 5532 temporibus
3111 5453 3420 5542 aliquando
3437 5448 3588 5505 cari-

2015 5569 2136 5616 tura
2157 5539 2254 5614 'sit.
2299 5557 2356 5610 Si
2403 5556 2548 5610 enim
2581 5551 2969 5609 communione
2991 5547 3121 5602 boni
3147 5584 3162 5611 ,
3208 5544 3265 5598 in
3294 5539 3455 5596 bonis
3486 5552 3588 5591 nu-

2017 5658 2298 5708 merantur
2340 5645 2512 5702 Filius
2545 5651 2598 5701 et
2649 5642 2886 5713 Spiritus
2919 5645 3178 5701 sanctus,
3212 5631 3422 5689 clarum
3457 5632 3545 5682 est
3571 5664 3584 5688 ,
