4166 6372
579 413 694 477 8⁵39

1826 423 1884 481 S.
1926 423 2015 482 GR
2025 423 2256 481 EGORII
2294 424 2338 480 Ν
2349 422 2591 480 ῨΞΞΕΝΙ

3738 426 3844 484 340

579 549 676 594 eos
701 543 827 592 ante
854 535 994 593 hanc
1023 538 1466 596 communionem
1493 540 1631 597 tales
1659 555 2005 613 nequaquam
2035 543 2166 599 fuis-

2279 542 2372 596 5οὖ
2409 541 2750 614 ἐπεχρώσθη,
2794 541 3023 604 πάντως.
3059 539 3158 592 κάν
3212 539 3426 613 μονωθῇ
3469 539 3678 606 τούτου,
3717 543 3846 598 ἄλλο

581 643 666 686 se:
694 639 748 686 et
771 629 841 696 si,
874 645 1001 685 cum
1031 629 1179 685 aliud
1208 631 1469 702 quiddam
1498 643 1713 699 essent,
1738 637 2028 704 praesentia
2059 634 2156 690 bo-

581 719 803 787 nitatis,
847 721 1008 791 quasi
1051 721 1237 778 colore
1280 723 1516 792 quodam
1547 725 1708 778 tincti
1738 732 1898 790 sunt,
1929 726 2156 778 omnino

581 811 998 879 sequitur,eos,
1050 813 1096 868 si
1146 827 1176 866 a
1223 813 1466 869 bonitate
1500 823 1845 884 separentur,
1881 815 2156 869 diversum

580 900 841 970 quiddam
876 916 906 954 a
936 902 1182 957 bonitate
1210 904 1515 958 censendos
1545 920 1687 960 esse.
1722 903 1792 958 Et
1815 905 1861 960 si
1893 905 2008 958 haec
2035 904 2154 973 Opi-

579 989 675 1045 nio
707 991 1049 1056 invalescat,
1082 992 1196 1062 jam
1233 1008 1351 1047 non
1377 995 1553 1064 magis
1585 995 1852 1048 bonorum
1889 993 2158 1048 submini-

582 1084 813 1138 stratrix
851 1096 906 1140 et
941 1085 1344 1157 suppeditatrix
1383 1087 1792 1142 existimabitur
1827 1087 2013 1143 divina
2052 1102 2157 1141 na-

577 1182 704 1229 tura
729 1214 744 1240 ,
780 1190 944 1246 quam
981 1191 1045 1232 ea
1081 1192 1110 1231 a
1141 1192 1247 1247 qua
1287 1177 1408 1249 ipsa
1451 1179 1601 1233 velut
1644 1178 1831 1246 indiga
1872 1176 2158 1233 beneﬁciis

580 1267 836 1322 aﬂicitur.
867 1267 1155 1334 Quomodo
1181 1270 1327 1325 enim
1358 1269 1482 1339 quis
1508 1269 1665 1323 atteri
1695 1269 1906 1324 dederit
1931 1268 1986 1322 id
2006 1311 2020 1334 ,
2048 1283 2172 1338 quo-

579 1358 700 1428 ipse
733 1359 932 1414 caret?
977 1359 1033 1415 Si
1071 1361 1238 1431 igitur
1271 1360 1511 1431 perfecte
1536 1361 1833 1415 bonitatem
1867 1360 2154 1431 possidet,

579 1450 794 1503 nullum
825 1466 955 1522 ergo
985 1451 1255 1506 defectum
1304 1453 1360 1506 in
1407 1451 1509 1506 hac
1543 1453 1879 1521 perfectione
1916 1451 2160 1505 admitti-

579 1556 735 1607 mus,
791 1545 1105 1615 stultusque
1151 1548 1347 1602 merito
1391 1545 1694 1614 judicatur,
1728 1544 1823 1611 qui
1878 1545 1932 1598 in
1976 1541 2158 1614 perie-

579 1631 763 1687 ctione
795 1632 1237 1690 imminutionem
1273 1636 1532 1689 collocat.
1571 1635 1641 1690 At
1676 1637 1720 1690 si
1763 1635 1893 1690 boni
1927 1635 2158 1706 partici-

581 1723 734 1792 patio
762 1725 897 1794 ipsis
929 1725 1248 1797 imperfetna
1278 1729 1529 1792 obvenit,
1560 1709 1631 1782 ut.
1647 1728 1725 1782 ob
1753 1727 1807 1782 id
1839 1727 2158 1783 remissioni

583 1814 813 1870 obnoxii
845 1817 1127 1886 dicantur,
1155 1820 1280 1874 vide
1328 1821 1456 1890 quid
1498 1819 1627 1876 inde
1657 1827 1958 1890 sequatur:
1994 1821 2160 1874 nimi-

581 1920 707 1959 rum
744 1905 836 1972 id,
872 1909 1018 1976 quod
1058 1911 1132 1962 ita
1182 1919 1378 1963 natura
1430 1918 1808 1980 comparatum
1851 1918 1970 1978 est,
2019 1913 2159 1966 nihil

578 1996 832 2054 beneﬁcii
886 2000 942 2055 in
996 2016 1120 2056 cum
1179 2003 1272 2072 qui
1323 2002 1602 2059 inferioris
1651 2004 1988 2060 conditionis
2036 2013 2156 2069 est,

580 2090 867 2156 conferet,
906 2092 1002 2148 sed
1043 2094 1350 2149 elaborabit
1375 2136 1390 2160 ,
1441 2103 1501 2149 ut
1551 2111 1707 2151 suam
1751 2096 2035 2166 penuriam
2065 2096 2162 2150 de-

579 2181 782 2250 pellat,
816 2181 982 2252 idque
1011 2185 1158 2255 quod
1193 2185 1355 2240 deest
1381 2187 1666 2256 suppleat,
1697 2194 1757 2240 ut
1786 2186 2034 2256 proinde,
2067 2188 2166 2242 ho-

2263 649 2316 684 τι
2347 632 2406 684 τὸ
2431 631 2632 699 ἀγαθὸν
2662 630 3047 701 νομισθήσεται
3069 642 3090 659 ··
3124 630 3218 682 καὶ
3263 631 3359 684 ἐὰν
3392 631 3549 684 τοῦτο
3572 636 3840 706 κρατήσῃ,

2265 723 2324 775 οὐ
2366 721 2565 793 μᾶλλον
2607 722 2828 791 ἀγαθῶν
2863 721 3170 792 παρεκτικὴ
3215 723 3246 790 ή
3301 721 3420 775 θεία
3464 722 3625 792 φύσις
3671 742 3842 778 κατα-

2264 813 2633 884 ληφθήσεται,
2668 819 2715 889 ἠν
2771 814 2864 867 καὶ
2907 812 3042 884 αὑτὴ
3079 813 3449 885 προσδεομένη
3489 815 3584 867 τοῦ
3638 817 3842 884 ἀγαθό-

2265 918 2466 964 νοντος.
2525 901 2648 964 Πῶς
2679 902 2788 972 γὰρ
2828 903 2892 957 ἄν
2936 920 3019 965 τις
3066 902 3244 974 ἑτέρῳ
3270 906 3545 974 παράσχοι
3585 905 3647 958 τὸ
3692 906 3720 958 ὂ
3767 909 3841 976 μὴ

2265 993 2427 1056 αὐτὸς
2468 993 2620 1063 ἔχεις
2702 994 2764 1046 Εἰ
2815 994 2912 1064 μὲν
2968 990 3060 1049 οὖν
3112 995 3331 1058 τελείως
3375 996 3518 1065 ἔχει,
3587 997 3844 1067 οὐδεμίαν

2267 1083 2456 1152 ὕφεσιν
2501 1085 2593 1138 ἐπὶ
2643 1084 2742 1154 τῆς
2791 1086 3125 1157 τελειότητος
3185 1087 3548 1157 ἐννοήσομεν·
3595 1088 3689 1140 καὶ
3741 1089 3844 1157 μάο

2264 1196 2413 1241 ταιος
2444 1181 2473 1232 ὁ
2502 1179 2926 1243 κατασκευάζων
2951 1181 3007 1232 ἐν
3030 1179 3106 1250 τῷ
3135 1179 3323 1248 τελείῳ
3344 1180 3404 1233 τὸ
3432 1180 3667 1233 ἔλαττον.
3698 1181 3759 1232 Ei
3785 1180 3844 1233 δὲ

2266 1269 2459 1339 ἀτελὴς
2510 1272 2567 1323 ἐν
2613 1270 2796 1333 αὐτοῖς
2837 1272 2869 1342 ἡ
2911 1270 3002 1322 τοῦ
3053 1270 3257 1339 ἀγαθοῦ
3317 1271 3576 1340 μετουσία
3623 1271 3842 1341 νομίζε-

2265 1379 2375 1424 ται,
2424 1361 2519 1413 καὶ
2559 1359 2699 1413 κατὰ
2748 1359 2903 1412 τοῦτο
2942 1359 3004 1412 τὸ
3056 1359 3272 1413 ἔλαττον
3303 1361 3538 1428 λέγουσι,
3569 1361 3844 1431 σκὸπησον

2265 1450 2364 1520 τὴν
2403 1449 2721 1504 ἀκολουθίαν
2746 1465 2761 1480 ο
2804 1448 2967 1501 ὅτιτὸ
2997 1449 3169 1512 οὕτως
3195 1449 3337 1519 ἕχον,
3373 1451 3494 1520 οὐχὶ
3531 1450 3594 1502 τὸ
3627 1451 3844 1504 ὑποδεέ-

2269 1561 2456 1615 στερον
2485 1543 2856 1613 εὐεργετήσειν
2889 1541 3003 1595 ἀλλ’
3054 1543 3199 1606 ὅπως
3227 1543 3288 1595 τὸ
3315 1544 3490 1614 ἑαυτῷ
3517 1545 3694 1597 ἐνδέον
3715 1547 3845 1598 ἀνα-

2269 1635 2551 1707 πληρώσῃ,
2574 1636 2672 1707 τὴν
2689 1635 2923 1706 σπουδὴν
2939 1633 3048 1698 ἔξει
3069 1652 3083 1667 ·
3107 1634 3248 1687 ὥστε
3263 1635 3462 1705 ψευδὴς
3485 1637 3603 1688 κατ’
3641 1632 3837 1696 αὐτοὺς

2267 1729 2482 1797 καὶτῆς
2512 1727 2765 1798 προνοίας
2804 1729 2832 1780 ὁ
2856 1727 3030 1794 λόγος,
3074 1729 3168 1780 καὶ
3204 1729 3304 1798 τῆς
3339 1729 3593 1800 κρίσεως,
3620 1728 3712 1783 καὶ
3744 1729 3844 1799 τῆς

2267 1819 2596 1890 οἰκονομίας,
2632 1821 2726 1872 καὶ
2772 1821 2986 1873 πάντων
3033 1819 3140 1871 τῶν
3183 1821 3333 1890 παρὰ
3377 1819 3471 1873 τοῦ
3508 1816 3846 1888 Μονογενοῦς

2267 1910 2592 1981 γεγενῆσθαι
2669 1911 2762 1963 καὶ
2797 1913 2968 1962 εἰσαεὶ
2997 1909 3241 1978 γίνεσθαι
3273 1912 3752 1980 πεπιστευμένων,
3789 1912 3845 1962 ἐν

2265 2006 2330 2074 τῇ
2373 2003 2502 2075 περὶ
2538 2002 2600 2055 τὸ
2637 2003 2766 2056 ἴδιον
2802 2003 3006 2071 ἀγαθὸν
3045 2003 3353 2073 ἐπιμελείᾳ,
3391 2003 3533 2056 κατὰ
3576 2004 3636 2056 τὸ
3680 2005 3847 2066 εἰκὸς,

2268 2092 2689 2164 ἀσχολουμένου,
2722 2094 2816 2147 κα)⁴
2851 2093 2948 2165 τὴν
2977 2092 3071 2146 τοῦ
3101 2093 3301 2158 παντὸς
3343 2093 3664 2149 ἐπιστασίαν
3695 2095 3853 2163 διαφ-

2273 2187 2465 2249 ιέντος.

580 2289 702 2328 rum
760 2278 1068 2342 sententia,
1123 2281 1322 2334 falsum
1370 2295 1494 2336 esse
1543 2289 1826 2351 oporteat,
1880 2280 2161 2351 quidquid.
2187 2281 2432 2336 traditur
2500 2281 2569 2338 de
2600 2280 2988 2352 providentia,
3025 2279 3093 2335 de
3123 2278 3369 2350 judicio,
3444 2279 3849 2339 incarnatione,

581 2367 946 2438 omnibusque
982 2369 1124 2432 illis,
1156 2387 1276 2440 quae
1330 2379 1422 2426 aut
1466 2387 1562 2442 per
1605 2370 1962 2442 Unigenitum
2043 2373 2189 2428 facta
2229 2384 2394 2437 sunt,
2423 2383 2517 2428 aut
2546 2375 2729 2430 adhuc
2761 2373 3074 2444 peragenda
3103 2371 3446 2428 creduntur:
3503 2372 3701 2442 quippe
3728 2371 3853 2443 qui,

583 2466 648 2511 ut
685 2473 782 2529 par
819 2467 938 2523 est,
1000 2461 1056 2516 in
1106 2465 1314 2534 proprii
1359 2472 1415 2521 et
1454 2466 1650 2537 privati
1685 2468 1812 2522 boni
1855 2467 2245 2538 procuratione
2282 2477 2585 2538 occupatus
2632 2469 2737 2534 sit,
2782 2468 3010 2522 dimissa
3041 2465 3207 2536 hujus
3254 2465 3630 2520 universitatis
3681 2464 3854 2519 admi-

583 2557 936 2614 nistratione.

659 2654 716 2709 Si
744 2655 890 2711 enim
935 2659 1102 2714 semel
1138 2659 1367 2717 ﬁrmiter
1403 2661 1460 2717 in
1508 2663 1711 2720 animis
1745 2662 2029 2720 hominum
2079 2663 2165 2718 in—

587 2746 766 2803 sideat
805 2751 1091 2818 persuasio
1116 2751 1252 2817 haec,
1311 2751 1730 2824 Redemptorem
1765 2762 2016 2810 nnst’rum
2052 2769 2164 2810 non

587 2853 714 2894 esse
749 2838 803 2893 in
835 2841 1016 2898 omnis
1041 2843 1303 2900 bonitatis
1333 2846 1668 2901 abundantia
1694 2847 2162 2917 perfectissimum

593 2940 646 2986 et
669 2934 1298 3001 consummatissimum,
1319 2935 1548 2993 difﬁcile
1569 2953 1692 2993 non-
1707 2940 1812 2993 erit
1833 2940 2162 3008 perspicere,

591 3037 859 3091 quorsum
890 3039 1122 3080 evasura
1156 3025 1233 3080 sit
1260 3027 1376 3081 haec
1402 3027 1767 3097 blasphemia.
1801 3027 1936 3082 Nam
1972 3029 2018 3083 si
2057 3029 2172 3083 haec

591 3113 670 3168 ita
700 3129 822 3171 sese
849 3115 1071 3179 habent,
1106 3133 1248 3172 vana
1281 3127 1366 3175 est
1398 3119 1554 3185 ﬁdes,
1605 3120 1790 3174 inanis
1826 3121 2168 3191 praedicatio,

594 3205 790 3262 inanes
827 3222 954 3277 spes
985 3218 1210 3274 nostrae,
1255 3222 1377 3280 qua!
1416 3211 1521 3266 ﬁde
1554 3213 1702 3266 velut
1735 3212 1852 3266 basi
1887 3219 1941 3266 et
1973 3212 2169 3266 funda-

2341 2659 2404 2712 Ei
2429 2656 2538 2726 γὰρ
2562 2654 2698 2726 αὕτη
2724 2655 3049 2725 κρατήσειεν
3079 2654 3112 2722 ἡ
3139 2652 3382 2716 ὑπόνοια,
3399 2651 3459 2704 τὸ
3490 2650 3563 2722 μὴ
3581 2651 3862 2704 τετελειῶ-

2273 2750 2395 2804 σθαι
2431 2747 2521 2801 τὸν
2559 2745 2765 2816 Κύριον
2799 2747 2857 2797 ἐν
2897 2745 3060 2797 παντὶ
3099 2743 3321 2813 ἀγαθῷ,
3378 2742 3859 2796 οὐκέτιδύσκολον

2273 2841 2503 2895 συνιδεῖν
2547 2841 2625 2902 είς
2661 2839 2690 2891 ὃ
2717 2856 2764 2890 τι
2796 2836 3160 2908 καταστρέφει
3189 2838 3220 2905 ή
3257 2835 3592 2905 βλασφημία.
3651 2835 3858 2886 Ὄντων

2274 2932 2384 3002 γὰρ
2419 2929 2525 2984 τῶν
2547 2927 2824 2989 τοιούτων,
2863 2926 3067 2997 ματαία
3097 2926 3196 2997 μέν
3227 2928 3259 2995 ἡ
3293 2924 3495 2987 πίστις,
3533 2923 3685 2976 κενὸν
3713 2924 3766 2977 δὲ
3797 2924 3860 2976 rb

2279 3025 2563 3096 κήρυγμα,
2605 3019 2968 3073 ἀνυπόστατοι
2997 3017 3054 3071 δὲ
3083 3020 3137 3071 αἱ
3185 3016 3421 3080 ἐλπίδες,
3453 3016 3509 3069 αἳ
3530 3016 3618 3069 διὰ
3640 3018 3736 3087 τῆς
3765 3018 3858 3069 πί-

2278 3129 2445 3176 στεως
2470 3111 2568 3182 τὴν
2595 3110 2890 3162 ὑπόστασιν
2919 3108 3118 3179 ἔχουσι.
3166 3107 3230 3160 Τί
3253 3108 3361 3179 γὰρ
3401 3106 3748 3177 βαπτίζονται
3780 3108 3862 3169 εἰς

2276 3203 2529 3274 Χριστὸν,
2560 3194 2604 3268 ᾧ
2633 3201 2708 3271 μὴ
2742 3201 2845 3252 ἰδία
2878 3199 3112 3269 δύναμις
3153 3197 3536 3267 ἁγαθοσύνης;
3578 3196 3778 3248 Ἀπίτω
3804 3195 3863 3248 δὲ

595 3303 785 3351 mento
815 3297 1052 3366 quodam
1086 3299 1356 3355 nituntur.
1391 3299 1466 3355 Ut
1487 3301 1619 3371 quid
1649 3301 1794 3356 enim
1826 3303 2172 3372 baptizantur

2279 3294 2372 3348 τοῦ
2403 3292 2670 3362 στόματός
2701 3307 2801 3362 μου
2845 3290 2906 3343 τὸ
2947 3290 3285 3361 βλάσφημον.
3335 3289 3400 3342 Τί
3428 3289 3485 3341 δὲ
3517 3290 3864 3341 πιστεύουσιν

596 3385 654 3440 in
680 3386 889 3443 Christi
937 3392 1181 3455 nomine,
1239 3406 1363 3446 cum
1396 3403 1582 3447 careat
1635 3393 1855 3463 propria
1907 3394 2175 3449 bonitatis

595 3481 887 3550 potentia?
916 3481 1137 3538 Avertat
1174 3481 1321 3538 Deus
1352 3485 1492 3539 hanc
1527 3486 1595 3539 ab
1625 3500 1722 3540 ore
1768 3501 1888 3540 meo
1921 3485 2176 3554 blasphe-

595 3572 795 3629 miam!
819 3572 932 3628 Cur
953 3575 1185 3629 credant
1218 3576 1271 3628 in
1295 3574 1558 3645 Spiritum
1586 3583 1864 3639 sanctum,
1906 3577 1954 3632 si
1982 3578 2173 3632 eadem

597 3663 668 3719 de
708 3663 814 3720 hoc
864 3665 973 3720 sibi
1013 3665 1389 3736 persuadent?
1436 3666 1724 3732 Quomodo
1779 3676 2178 3738 regenerantur

598 3769 698 3825 per
717 3755 1076 3825 baptismum,
1107 3763 1163 3812 et
1184 3757 1251 3812 ab
1277 3757 1376 3811 illa
1395 3759 1736 3828 corruptioni
1759 3759 1993 3814 obnoxia
2016 3776 2152 3830 gene
2169 3791 2182 3802 -

598 3845 815 3901 ratione
845 3848 1238 3913 restituuntur,
1276 3849 1347 3917 si,
1382 3856 1444 3902 ut
1473 3849 1564 3903 isti
1601 3858 1849 3916 censent,
1877 3852 1962 3906 vis
1995 3859 2050 3906 et
2085 3868 2176 3922 po-

599 3945 797 4004 testas,
835 3954 932 4008 per
965 3952 1128 4008 quam
1159 3949 1575 4010 regenera‘ntur,
1608 3956 1719 3994 non
1763 3941 2049 4011 possident
2079 3958 2181 3996 na-

599 4031 856 4087 turaliter
881 4031 1411 4096 immutabilitatem,
1462 4033 1582 4087 sine
1621 4033 1770 4088 illius
1804 4033 1933 4087 boni
1965 4032 2179 4089 defectu

601 4131 658 4178 et
687 4122 1035 4193 indigentia?
1074 4122 1361 4189 Quomodo
1392 4125 1742 4194 transﬁgurat
1774 4139 1966 4194 corpus
2012 4125 2184 4178 Immi-

604 4214 776 4270 litatis
809 4229 1000 4270 eorum
1023 4215 1091 4282 “,
1118 4229 1242 4269 eum
1278 4217 1454 4286 ipsum
1485 4219 1648 4270 etiam
1676 4217 1995 4273 existiment
2021 4233 2184 4287 egere

602 4306 910 4361 mutatione
943 4308 996 4361 in
1030 4307 1247 4370 melius,
1284 4323 1347 4361 ac
1377 4308 1606 4376 proinde
1647 4323 1794 4378 opus
1822 4309 2024 4364 habere
2053 4310 2181 4372 alio,

603 4409 638 4450 a
666 4410 777 4465 quo
806 4403 861 4451 et
886 4396 1004 4466 ipse
1032 4397 1475 4467 transﬁgurctur.
1503 4393 1759 4463 Quandiu
1785 4397 1931 4456 enim
1961 4397 2186 4453 inferio-

603 4487 685 4544 ris
718 4487 886 4542 sortis
937 4487 1119 4558 quoad
1165 4489 1465 4542 bonitatem
1521 4489 1710 4552 fuerit,
1764 4503 1892 4542 cum
1949 4487 2003 4542 id
2039 4488 2185 4558 quod

604 4594 926 4649 supremum
973 4587 1081 4644 est,
1138 4580 1541 4634 indesinent‘em
1581 4579 1895 4649 quamdam,
1943 4586 1998 4634 et
2046 4579 2184 4632 irre-

2283 3387 2362 3448 εἰς
2393 3385 2452 3437 τὸ
2494 3382 2719 3452 Πνεῦμα
2759 3381 2818 3434 τὸ
2857 3381 3029 3449 ἅγιον,
3065 3383 3112 3432 εί
3158 3380 3286 3450 περὶ
3325 3379 3514 3432 τούτου
3550 3379 3688 3434 αὐτὰ
3713 3377 3864 3444 λογίὲ-

2285 3477 2464 3540 ζονται
2489 3492 2504 3542 ;
2552 3474 2676 3537 Πῶς
2705 3473 2760 3526 δὲ
2785 3474 2892 3526 ἀπὸ
2924 3473 3025 3542 τῆς
3056 3472 3301 3542 φθαρτῆς
3329 3473 3633 3542 γεννήσεως
3656 3471 3744 3524 διὰ
3768 3468 3863 3522 τοῦ

2287 3566 2657 3636 βαπτίσματος
2678 3564 3094 3634 ἀναγεννῶνται,
3120 3565 3240 3617 οὐδὲ
3263 3563 3640 3633 ἀναγεννὼσης
3669 3563 3864 3624 αὐτοὺς

2284 3658 2563 3727 δυνάμεως
2588 3657 2649 3708 τὸ
2677 3656 2926 3710 ἄπτωτον
2971 3655 3067 3706 καὶ
3089 3654 3384 3724 ἀπροσδεὲς
3410 3652 3655 3722 φυσικῶς
3688 3651 3865 3713 καθὼς

2285 3747 2487 3801 οἴονται
2540 3746 2921 3816 κεκτημένης;
2989 3743 3114 3806 Πῶς
3162 3745 3218 3797 δέ
3267 3742 3757 3814 μετασχηματίζειν
3798 3743 3866 3794 τὸ

2287 3840 2459 3909 σῶμα
2504 3838 2616 3906 τῆς
2664 3836 3077 3901 ταπεινώσεως
3127 3835 3338 3901 αὐτῶν,
3386 3836 3513 3888 ὅταν
3561 3835 3721 3887 αὐτὸν
3775 3835 3867 3888 τδν

2291 3928 2832 4002 μετασχηματίζοντα
2861 3929 2959 4000 τῆς
2987 3929 3124 4000 πρὸς
3163 3928 3224 3981 τὸ
3266 3931 3511 3998 κρεῖττον
3533 3926 3868 3992 ἀλλοιώσεως

2287 4021 2585 4076 ἐπιδεῖσθαι
2617 4019 2928 4090 νομίζωσιν,
2951 4019 3112 4072 ἄλλου
3143 4018 3306 4072 πάλιν
3329 4018 3422 4072 τοῦ
3461 4020 3554 4073 καὶ
3579 4019 3741 4072 αὐτὸν
3773 4035 3870 4089 με·

2289 4112 2785 4184 τασχηματίζοντος
2831 4110 3246 4182 προσδεόμενον.
3312 4111 3464 4174 Ἕως
3519 4111 3640 4181 γὰρ
3690 4112 3748 4162 ἐν
3789 4108 3870 4178 τῷ

2291 4200 2585 4275 ἐλάττονιῇ
2616 4201 2703 4255 διὰ
2731 4201 2788 4254 τὸ
2826 4200 3030 4268 ἀγαθὸν
3073 4199 3172 4269 τῆς
3203 4198 3438 4267 φύσεως,
3485 4199 3579 4251 τοῦ
3606 4198 3869 4269 ὑπερκει-

2294 4297 2455 4365 μένου
2487 4295 2763 4349 ἄπαυστόν
2789 4309 2909 4345 τινα
2937 4292 3072 4363 πρὸς
3107 4291 3264 4345 ἐαυτὸ
3293 4291 3390 4360 τὴν
3423 4290 3584 4359 ὁλκὴν
3609 4293 3719 4353 τοῖς
3741 4289 3873 4344 ὑπο-

2291 4388 2589 4456 δεεστέροις
2631 4383 2872 4453 φυσικῶς
2905 4383 3227 4446 ἐντιθέντος,
3264 4382 3446 4435 οὐδενὶ
3479 4382 3665 4452 τρόπῳ
3772 4380 3870 4434 τοῦ

2295 4479 2536 4540 πλείονος
2577 4476 2764 4544 ἔφεσις
2810 4475 3084 4542 στήσεται.
3147 4471 3308 4525 Ἀλλὰ
3333 4471 3469 4542 πρὸς
3500 4472 3561 4525 τὸ
3587 4473 3752 4542 μήπω
3776 4471 3875 4541 λη-

2294 4570 2426 4639 φθὲν
2468 4565 2923 4639 ὑπερτεινομένης
2975 4565 3059 4617 ἀεὶ
3101 4564 3201 4634 τῆς
3247 4563 3498 4634 ὀρέξεως,
3544 4563 3771 4617 πάντοτε
3811 4561 3876 4614 τὺ

604 4672 851 4741 quietam
901 4671 985 4726 sui
1023 4671 1379 4740 cupiditatem
1417 4671 1584 4725 rebus
1614 4669 1972 4725 inferioribus
2020 4679 2172 4723 natu-

2290 4657 2792 4729 ἐλαττούμενον-τοῦ
2825 4657 3065 4719 πλείονος
3093 4655 3469 4727 ὀρεχθήσεται,
3503 4655 3594 4708 καὶ
3615 4656 3702 4707 ἀεὶ
3736 4653 3875 4724 πρὸς

604 4764 796 4819 raliter
843 4762 1131 4826 indiderit,
1194 4764 1346 4817 nullo
1397 4763 1560 4817 modo
1608 4777 1870 4817 excessus
1924 4761 2188 4831 appetitio

606 4853 985 4922 conquiescet,
1024 4853 1119 4908 sed
1169 4869 1292 4908 cum
1327 4853 1394 4907 ad
1447 4853 1523 4916 id,
1581 4855 1724 4924 qUnd
1762 4854 2003 4907 nondum
2038 4854 2186 4907 obti-

607 4944 813 5006 nuerit,
871 4945 1227 5014 cupiditatem
1278 4959 1495 5014 semper
1537 4945 1753 5000 extendi
1810 4945 2186 5000 necessarium

608 5031 704 5097 sit,
749 5040 1014 5103 perpetuo
1064 5033 1117 5088 id
1147 5033 1296 5104 quod
1345 5033 1560 5088 defectu
1597 5035 1851 5099 laborat,
1912 5033 2190 5088 desiderio

609 5123 840 5192 majoris
893 5133 948 5178 et
992 5124 1397 5180 excellentioris
1430 5124 1694 5195 ﬁagrabit,
1747 5133 1804 5179 et
1849 5125 2056 5194 absque
2089 5125 2192 5177 ﬁne

611 5227 836 5267 sursum
865 5212 932 5266 ad
973 5214 1179 5283 majora
1217 5215 1444 5279 nitetur,
1493 5232 1668 5284 neque
1698 5232 1938 5286 unquam
1975 5216 2040 5268 ad
2075 5230 2196 5284 per-

613 5301 820 5359 fectum
869 5319 1045 5373 uSque
1078 5307 1375 5374 perveniet.
1413 5321 1480 5361 eo
1519 5308 1660 5377 quod
1711 5308 1982 5361 terminus
2033 5307 2193 5368 desit,

616 5408 729 5464 quo
777 5393 1141 5463 apprehenso,
1197 5410 1462 5452 ascensus
1520 5403 1574 5452 et
1611 5399 1837 5453 ulterior
1868 5411 2195 5468 progressus

618 5483 994 5555 prohibeatur.
1038 5483 1176 5540 Cum
1218 5487 1364 5541 enim
1409 5503 1727 5558 supremum
1759 5488 1965 5542 bonum
2001 5497 2196 5540 natura

624 5590 726 5631 sua
778 5574 1048 5629 inﬁnitum
1101 5575 1194 5640 sit,
1251 5578 1567 5633 necessario
1628 5577 1880 5647 sequitur
1930 5575 2197 5630 inﬁnitam

2287 4754 2349 4805 τὸ
2392 4752 2573 4822 μεῖζον
2607 4748 3050 4816 ἀλλοιωθήσεται,
3097 4747 3190 4800 καὶ
3221 4747 3474 4799 οὐδέποτε
3502 4746 3638 4816 πρὸς
3668 4745 3872 4798 τέλειον

2292 4843 2490 4914 φθάσει
2533 4841 2608 4910 τῷ
2659 4841 2733 4911 μὴ
2773 4839 3044 4909 εὑρίσκειν
3096 4838 3155 4889 τὸ
3195 4838 3385 4907 πέρας,
3430 4829 3490 4890 οὗ
3540 4834 3875 4906 δραξάμενον

2267 4938 2546 5006 ,στήσεται
2571 4936 2668 5005 τῆς
2699 4933 2907 4987 ἀνόδου.
2948 4930 3163 4999 Ἐπειδὴ
3195 4930 3303 4998 γὰρ
3331 4929 3554 5000 ἄπειρον
3588 4929 3644 4980 ἐν
3678 4929 3742 4996 τῇ
3773 4926 3863 4994 φύι

2297 5045 2378 5079 σει
2404 5027 2463 5078 τὸ
2493 5025 2705 5096 πρῶτον
2733 5021 2954 5091 ἀγαθὸν,
2989 5021 3212 5091 ἄπειρον
3233 5020 3291 5086 ἐξ
3319 5021 3566 5088 ἀνάγκης
3602 5018 3752 5072 ἔσται
3779 5019 3876 5070 καὶ

2297 5123 2329 5188 ή
2367 5119 2622 5189 μετουσία
2656 5115 2748 5168 τοῦ
2785 5114 3165 5174 ἀπολαύοντος,
3209 5113 3357 5164 ἐσαεὶ
3391 5112 3451 5163 τὸ
3499 5109 3662 5163 πλέον
3706 5125 3877 5162 κατα·
3907 5109 3914 5188 1

2299 5209 2670 5278 λαμϐάνουσα,
2721 5204 2817 5256 καὶ
2858 5202 3086 5254 πάντοτε
3134 5199 3459 5268 εὑρίσκουσα
3501 5198 3592 5251 τοῦ
3639 5198 3876 5267 καταλη-
3912 5195 3918 5211 “

2301 5301 2522 5370 φθέντος
2553 5299 2614 5350 τὸ
2636 5295 3039 5368 περισσότερον,
3069 5293 3160 5345 καὶ
3186 5291 3452 5361 μηδέποτε
3500 5289 3878 5360 παρισωθῆναι

2304 5390 2453 5460 αὐτῷ
2486 5388 2782 5459 δυναμένη,
2836 5386 2913 5454 τῷ
2943 5384 3078 5454 μήτε
3125 5383 3185 5435 τὸ
3219 5382 3577 5453 μετεχόμενον
3610 5381 3878 5452 περατοῦ-

2307 5482 2462 5544 σθαι,
2529 5481 2665 5551 μήτε
2712 5478 2771 5530 τὸ
2815 5476 2903 5529 διὰ
2951 5477 3049 5544 τῆς
3100 5474 3388 5544 μετουσίας
3442 5471 3878 5542 ἐπαυξανόμενον

2305 5571 2579 5626 ἵστασθαι.

626 5685 845 5742 quoque
873 5686 995 5726 esse
1041 5671 1539 5744 participationem,
1575 5682 1631 5730 et
1678 5671 2002 5730 fruitionem'
2036 5670 2200 5741 hujus
2236 5667 2384 5737 boni,
2412 5675 2598 5737 utpote
2622 5665 2711 5721 cui
2737 5679 2950 5734 semper
2969 5663 3110 5732 plus,
3136 5660 3281 5732 quod
3341 5656 3627 5729 percipiat.
3685 5660 3878 5715 restet.

701 5843 748 5876 “
775 5843 1010 5919 Philipp.
1033 5865 1114 5919 ιιι,
1144 5850 1242 5904 21.-
