4166 6372
385 386 479 440 διε

1511 392 1788 448 CONTRA
1828 394 2226 466 EUNOMIUM,
2276 403 2403 460 LIB.
2443 403 2482 456 l.

3554 413 3656 465 5-32

387 514 562 594 eoque
598 498 742 570 quod
771 498 884 594 jam
927 500 1160 570 accepit,
1198 510 1461 594 perpetuo
1495 505 1700 594 aliquid
1729 508 1963 578 amplius
2005 516 2266 582 supersit,
2299 517 2386 570 cui
2416 519 2688 586 exaequari
2727 527 2986 589 nequeat,
3031 521 3157 590 quia
3203 522 3253 576 id
3324 523 3464 591 quod
3503 529 3661 594 parti-

388 592 606 657 cipatur
668 591 902 646 termino
948 598 1155 656 careat,
1199 591 1362 663 idque
1402 593 1547 664 quod
1586 610 1683 663 per
1737 598 2213 668 participationem
2291 608 2575 675 augescit,
2627 623 2970 679 nequaquam
3033 611 3258 665 sistatur
3293 622 3353 665 ut
3401 591 3658 684 conquie—

390 690 528 742 seat.

461 775 696 830 Τοιαῦτα
727 777 824 848 μὲν
852 772 944 833 οῦν
978 780 1123 835 ἐστιν
1150 781 1215 834 ἐκ
1249 781 1348 852 τῆς
1372 783 1513 836 κατά
1543 783 1604 836 τὸ
1627 782 1828 852 ἀγαθὸν
1851 783 1967 836 δια·
2001 791 2046 845 Α

393 869 565 938 φορᾶς
601 868 980 923 ἀνακύπτοντα
1011 872 1089 924 ὲκί
1118 870 1212 923 τοῦ
1243 871 1398 939 λόγου
1446 872 1515 925 τὰ
1543 873 1856 944 βλάστρημα.
1909 873 1972 926 Εἰ

392 960 448 1012 δὲ
471 961 612 1015 κατά
649 979 770 1014 τινα
818 961 1134 1033 σωματικὴν
1169 964 1436 1034 πρόληψιν
1466 965 1526 1017 τὸ
1571 967 1752 1035 μεῖζόν
1787 982 1846 1017 τε
1881 966 1975 1018 καὶ

393 1051 613 1105 ἔλαττον
652 1051 742 1105 ἐπ’
780 1052 957 1106 αὐτῶν
1002 1052 1318 1124 θεωροῦσιν,
1368 1056 1591 1109 αὐτόθεν
1637 1057 1975 1128 ὁμολογεῖται

391 1139 486 1193 τοῦ
519 1140 678 1209 λόγου
724 1141 786 1194 τὸ
831 1143 1050 1204 ἄτοπον,
1093 1144 1197 1195 κᾶν
1255 1144 1326 1212 μὴ
1357 1143 1690 1196 καθέκαστον
1737 1144 1976 1213 ἀκριϐῶς

394 1231 731 1303 ἐξετάζηται.
817 1234 1052 1303 Ἀνάγκη
1099 1235 1206 1306 γὰρ
1258 1237 1409 1288 πᾶσα
1459 1236 1753 1306 ποιότητάς
1800 1252 1972 1298 τινας,

393 1323 720 1387 διαστάσεις,
768 1324 966 1392 ὄγκους
998 1342 1058 1378 τε
1091 1325 1180 1377 καὶ
1237 1326 1512 1396 σχήματα,
1553 1326 1644 1378 καὶ
1684 1326 1880 1389 πάντα,
1909 1325 1974 1377 δι’

392 1407 469 1467 ὦν
490 1414 789 1486 πληροῦται
824 1418 853 1470 6
896 1415 990 1470 τοῦ
1033 1416 1281 1487 σώματος
1329 1417 1503 1484 λόγος,
1547 1421 1668 1480 ταῖς
1704 1417 1976 1480 ὑπονοίαις

396 1506 640 1570 ταύταις.
678 1509 773 1560 καὶ
819 1507 909 1560 ἐπὶ
950 1510 1048 1579 τῆς
1091 1507 1240 1570 Θείας
1283 1507 1498 1577 φύσεως
1539 1506 1972 1573 συνεισάγεσοαι.

399 1598 571 1652 Ὅπου
599 1598 654 1651 δὲ
684 1600 742 1651 τὸ
768 1598 1022 1651 σύνθετον
1070 1599 1304 1665 λέγεται,
1349 1600 1562 1661 πάντως
1605 1601 1718 1650 ἐκεῖ
1752 1614 1977 1665 συνομο-

396 1691 632 1758 λογείται
673 1693 766 1744 καὶ
806 1693 838 1761 ὴ
883 1691 974 1745 τοῦ
1012 1691 1260 1744 συνθέτου
1293 1691 1552 1752 διάλυσις.
1615 1690 1752 1741 Ἂλλ⁹
1785 1692 1846 1741 ἐκ
1880 1689 1976 1756 μὲν

396 1785 495 1855 τῆς
521 1785 614 1838 τοῦ
657 1785 925 1855 δόγματος
969 1785 1197 1847 ἀτοπίας
1237 1783 1338 1854 τῆς
1379 1783 1439 1835 τὸ
1487 1782 1725 1843 ἔλαττον,
1773 1781 1864 1833 καὶ
1921 1781 1978 1830 τὸ

399 1876 665 1946 ὑπερέχον
706 1878 763 1929 ὲν
798 1878 908 1938 τοῖς
946 1876 1260 1946 ἀμεγέθεσι,
1310 1875 1404 1928 καὶ
1450 1873 1800 1944 ἀσυγκρίτοις
1845 1874 1978 1924 ἀπο-

401 1969 685 2039 φαίνεσθαι
724 1970 1025 2041 τολμώσης,
1069 1970 1241 2023 ταῦτα
1291 1971 1384 2022 καὶ
1435 1969 1502 2021 τὰ
1543 1966 1765 2020 τοιαῦτα
1811 1982 1978 2016 κατα-

401 2062 741 2126 σκευάζεται,
777 2062 850 2124 ὼς
881 2061 1034 2129 ὀλίγα
1070 2065 1133 2114 ἐκ
1178 2061 1384 2114 πολλῶν
1420 2062 1447 2112 6
1491 2059 1646 2127 λόγος
1677 2057 1973 2122 ὑπέδειξεν.

399 2152 534 2206 Οὔτε
563 2154 671 2224 γὰρ
707 2153 925 2206 εὔκολον
968 2155 1141 2206 πάντα
1176 2155 1264 2206 τὸν
1299 2151 1743 2223 ἐγκεκρυμμένον
1774 2149 1851 2219 τῷ
1890 2150 1977 2202 δό-

400 2263 567 2314 γματι
587 2246 733 2299 δόλον
761 2241 1148 2313 διανακαλῦψαι
1177 2243 1253 2314 τῷ
1276 2245 1417 2313 λόγῳ
1441 2260 1454 2272 ·
1485 2244 1578 2295 καὶ
1604 2243 1670 2295 δι’
1693 2241 1887 2308 ὀλίγων
1918 2242 1973 2294 δὲ

400 2335 506 2388 τῶν
546 2336 869 2408 εἰρημένων,
912 2337 1062 2389 οὐδὲν
1105 2331 1265 2407 ἦττον
1309 2336 1340 2403 ἡ
1380 2334 1574 2386 ἀτοπία
1614 2333 1720 2385 τῶν
1746 2332 1885 2384 κατὰ
1919 2332 1978 2384 τὸ

401 2427 692 2483 ἀκόλουθον
706 2431 804 2499 τῆς
828 2427 1174 2496 βλασφημίας
1204 2425 1647 2493 ἀναφαινομένων
1675 2422 1980 2492 ἐπιδειχθή-

404 2540 570 2578 σεται.
616 2524 818 2592 Ἡμεῖς
837 2521 892 2573 δὲ
927 2519 1062 2592 πρὸς
1086 2519 1154 2572 τὰ
1182 2519 1374 2588 ἐφεξῆς
1404 2519 1498 2570 τοῦ
1522 2518 1680 2585 λόγου
1710 2516 1973 2587 προέλθωο

404 2635 503 2689 μεν
522 2659 538 2683 ,
575 2614 785 2688 μικρῶν
813 2614 893 2667 ἔτι
919 2614 1052 2684 πρὸς
1084 2612 1339 2665 σύστασιν
1361 2609 1452 2663 τοῦ
1482 2611 1749 2680 ἡμετέρου
1769 2610 1977 2679 δόγμα-

398 2728 490 2773 τος
508 2705 1064 2780 προσδιορθωθέντων.
1085 2704 1300 2773 Ἐπειδὴ
1321 2703 1428 2774 γὰρ
1445 2703 1724 2772 κριτήριον
1742 2700 1978 2768 ἀσφαλὲς

400 2803 500 2871 τῆς
543 2799 798 2870 ἀληθείας
842 2798 934 2850 ἐπὶ
982 2796 1181 2858 παντὸς
1229 2795 1496 2864 δόγματος
1547 2796 1584 2864 ἡ
1625 2792 1977 2854 θεόπνευστός

403 2895 516 2946 ἐστι
554 2888 844 2961 μαρτυρία,
900 2887 1080 2949 καλῶς
1124 2886 1266 2954 ἔχειν
1304 2884 1543 2954 ἡγοῦμαι
1581 2886 1644 2954 τῇ
1683 2882 1978 2955 παραθέσει

401 2983 509 3035 τῶν
537 2980 713 3046 θείων,
739 2981 831 3032 καὶ
859 2979 949 3032 τὸν
982 2977 1246 3048 ἡμέτερον
1278 2976 1434 3044 λόγον
1472 2973 1867 3026 πιστώσασθαι.

472 3257 679 3312 Οὐκοῦν
699 3256 901 3317 ταύτας
931 3254 1175 3323 ἔγνωμεν
1199 3254 1253 3304 ὲν
1284 3254 1349 3322 τῇ
1378 3252 1639 3322 διαιρέσει
1671 3250 1778 3303 τῶν
1805 3251 1972 3305 ὄντων

401 3351 501 3414 τὰς
523 3348 804 3420 διαφοράς.
833 3345 1052 3416 Πρῶτον
1080 3344 1140 3396 τὸ
1173 3343 1247 3405 ὼς
1283 3343 1418 3413 πρὸς
1445 3345 1541 3412 τὴν
1569 3342 1841 3413 ἡμετέραν
1880 3361 1978 3396 κα-

403 3441 652 3512 τάληψιν⁶
668 3437 984 3510 πρῶτον,·τὸ
1007 3435 1258 3504 αἰσθητὸν
1285 3434 1452 3500 λέγω·
1486 3434 1624 3502 μετά
1647 3433 1801 3486 τοῦτο
1823 3433 1896 3496 δὲ,
1913 3433 1974 3486 τὸ
2005 3456 2048 3514 C

403 3533 490 3587 διὰ
513 3533 609 3602 τῆς
631 3531 738 3583 τῶν
759 3526 1028 3596 αἰσθητῶν
1062 3525 1428 3597 χειραγωγίας
1456 3523 1559 3577 ὑπὸ
1591 3524 1684 3576 τοῦ
1711 3523 1804 3577 νοῦ
1844 3525 1979 3578 θεω-

407 3623 685 3694 ρούμενον,
700 3621 803 3693 ὃδὴ
829 3619 1016 3690 νοητὸν
1039 3614 1176 3671 εἶναι
1198 3634 1270 3684 φα
1279 3617 1374 3686 μέν
1392 3633 1404 3644 ·
1440 3616 1644 3668 καὶτοῦ
1671 3615 1858 3686 νοητοῦ
1880 3617 1983 3669 πά-

405 3715 487 3766 λιν
509 3713 699 3782 ἑτέραν
719 3710 978 3780 διαφοράν
1005 3707 1396 3777 κατελάϐομεν,
1451 3709 1528 3770 είς
1562 3706 1621 3759 τὸ
1651 3707 1864 3758 κτιστὸν
1888 3708 1981 3759 καὶ

404 3805 655 3859 ᾶκτιστον
682 3802 1084 3873 διαιρουμένην.
1116 3797 1221 3852 Καὶ
1235 3799 1334 3869 τῆς
1357 3799 1454 3868 μὲν
1482 3797 1736 3850 ἁκτίστου
1769 3797 1982 3866 φύσεως

404 3899 502 3969 τὴν
522 3896 683 3965 ἁγίαν
715 3894 920 3964 Τριάδα
954 3888 1090 3976 εἶναι
1117 3889 1485 3960 διωρισάμεθα
1509 3905 1523 3919 ο
1555 3888 1652 3958 τῆς
1673 3888 1729 3940 δὲ
1762 3890 1982 3959 κτιστῆς

407 3990 582 4044 πάντα
609 3989 709 4040 ὅσα
750 3985 863 4056 μετ’
897 3984 1109 4052 ἐκείνην
1137 3983 1351 4050 λέγεταί
1379 3999 1437 4034 τε
1481 3982 1574 4034 καὶ
1603 3980 1717 4033 ἐστι
1743 3982 1837 4033 καὶ
1865 3982 1980 4034 ὀνο-

409 4081 657 4153 μάζεται.
727 4081 842 4131 Ἵνα
890 4077 1066 4128 τοίνυν
1104 4075 1176 4144 μὴ
1216 4074 1599 4135 ἀναπόδεικτος
1633 4072 1788 4142 ἡμῶν
1833 4074 1860 4125 6
1907 4071 1982 4124 δι-

405 4172 628 4244 ορισμὸς
665 4170 904 4240 ὑπάρχῃ,
936 4168 1066 4221 ἀλλά
1108 4170 1223 4229 ταῖς
1264 4167 1360 4236 τῆς
1396 4166 1614 4236 Γραφῆς
1659 4163 1982 4235 μαρτυρίαις

406 4262 825 4334 ὴσφαλισμένος,
870 4259 1024 4312 τοῦτο
1069 4261 1177 4320 τοῖς
1217 4258 1524 4327 εἰρημένοις
1569 4256 1978 4326 προσθήσομεν·

408 4359 488 4410 ὅτι
525 4356 626 4408 οὑκ
673 4353 894 4423 ἐκτίσθη
941 4355 968 4405 6
1000 4351 1221 4418 Κύριος,
1255 4349 1367 4402 ἀλλ’
1406 4349 1470 4401 ὲκ
1518 4347 1853 4418 τοῦπατρὸς
1899 4347 1985 4411 ἐξ·

409 4447 536 4520 ἦλθε
560 4464 573 4476 ·
617 4445 798 4508 καθὼς
827 4448 854 4498 6
880 4444 1009 4503 Θεὸς
1031 4442 1201 4510 Λόγος
1224 4440 1663 4508 αὑτοπροσώπως
1693 4442 1749 4493 ἐν
1791 4441 1866 4510 τῷ
1883 4441 1985 4492 Εὑ-

411 4539 648 4608 αγγελίῳ
705 4535 1056 4607 μαρτύρεται,
1089 4533 1230 4587 κατά
1262 4533 1350 4586 τὸν
1375 4533 1610 4604 ἄρρητον
1655 4533 1858 4585 ἐκεῖνον
1892 4532 1983 4584 καὶ

409 4627 796 4697 ἁνεκδιὴγητον
820 4624 920 4692 τῆς
947 4624 1269 4694 γεννήσεως,
1294 4623 1410 4691 ἦτοι
1429 4622 1528 4690 τῆς
1550 4621 1723 4684 ἐξόδου
1764 4622 1980 4692 τρόπον.

409 4719 518 4774 Καὶ
559 4720 644 4781 τίς
681 4717 745 4771 ἂν
784 4714 1030 4786 εὑρεθείη
1079 4715 1289 4784 μάρτυς
1341 4712 1697 4782 ἀληθέστερος
1746 4711 1844 4779 τῆς
1888 4711 1982 4765 τοῦ

2151 782 2277 838 Haec
2334 785 2501 852 igitur
2552 787 2642 839 illa
2693 797 2821 840 sunt
2874 788 3224 857 blasphemia:
3254 801 3309 845 et
3361 791 3661 862 impietatis

2080 877 2276 944 capita,
2319 893 2439 946 qua:
2467 894 2530 932 ex
2562 878 2812 933 doctrina
2845 880 2966 943 hac,
2996 880 3062 935 de
3093 880 3466 952 inaequalitate
3499 885 3657 939 boni-

2079 963 2234 1028 tatis,
2270 973 2436 1034 caput
2489 965 2644 1034 quasi
2670 968 2954 1021 extollunt.
2986 968 3142 1034 Quod
3177 971 3223 1025 si
3258 971 3433 1040 majus
3463 979 3516 1025 et
3547 974 3655 1027 mi—

2080 1071 2205 1120 nus,
2256 1072 2520 1128 corporeo
2555 1058 2786 1127 quodam
2816 1059 2996 1124 modo,
3047 1060 3226 1116 inesse
3267 1061 3372 1116 Deo
3403 1065 3660 1120 conside-

2078 1158 2223 1212 rant,
2275 1151 2410 1206 satis
2450 1167 2547 1220 per
2578 1167 2636 1206 se
2671 1167 2825 1206 suam
2862 1154 3058 1222 suique
3093 1155 3365 1225 dogmatis
3401 1158 3658 1213 absurdi-

2078 1245 2245 1294 tatem
2275 1241 2535 1309 produnt,
2567 1243 2726 1296 etiam
2757 1242 2875 1298 sine
2899 1247 3244 1301 accuratiore
3269 1247 3660 1318 disquisitione

2078 1341 2133 1387 et
2185 1332 2512 1388 refutatione
2556 1353 2566 1387 :
2616 1336 2986 1390 necessarium
3031 1338 3174 1390 enim
3234 1347 3317 1394 est
3365 1341 3657 1409 qualitates

2080 1423 2368 1491 quasdam,
2427 1423 2739 1490 distantias,
2790 1426 3070 1496 molesque
3115 1436 3168 1482 et
3215 1430 3438 1499 ﬁguras,
3493 1439 3547 1486 et
3603 1433 3654 1485 id

2080 1531 2252 1584 genus
2296 1515 2423 1577 alia,
2458 1518 2659 1586 quibus
2707 1518 2957 1586 corporis
3002 1520 3141 1574 ratio
3167 1522 3503 1584 continetur,
3539 1540 3654 1589 eos,

2081 1608 2173 1676 qui
2205 1607 2320 1661 haec
2349 1608 2455 1662 sibi
2499 1608 2889 1678 imaginantur,
2938 1611 3099 1665 etiam
3146 1613 3199 1666 in
3244 1623 3441 1668 natura
3473 1614 3654 1669 divina

2080 1699 2437 1754 constituere.
2472 1698 2540 1752 At
2569 1700 2657 1754 ubi
2691 1701 2951 1754 statuitur
2983 1703 3334 1771 compositio,
3387 1704 3459 1758 ibi
3494 1706 3654 1758 etiam

2081 1789 2431 1844 concedenda
2466 1799 2550 1844 est
2588 1789 2835 1858 ejusdem
2884 1793 3302 1860 compositionis
3341 1794 3654 1850 dissolutio.

2081 1876 2283 1932 Verum
2309 1894 2374 1932 ex
2404 1879 2746 1934 absurditate
2791 1879 3082 1950 dogmatis,
3117 1882 3263 1951 quod
3293 1883 3342 1935 in
3379 1885 3658 1952 magnitu-

2081 1969 2247 2037 dinis,
2280 1971 2566 2040 omnisque
2597 1971 2966 2025 concretionis
2993 1974 3310 2041 expertibus
3339 1974 3501 2027 rebus
3539 1990 3658 2031 ma-

2080 2063 2163 2134 gis
2187 2070 2242 2117 et
2280 2063 2462 2117 minus
2509 2062 2766 2128 admittit,
2811 2063 2925 2117 hzec
2974 2074 3023 2117 et
3061 2065 3188 2117 talia
3219 2075 3655 2136 consequuntur,

2083 2172 2145 2209 ex
2179 2155 2376 2223 quibus
2406 2155 2591 2208 multis
2625 2169 2800 2223 pauca
2833 2155 3098 2210 hactenus
3139 2155 3654 2211 demonstravimus.

2081 2244 2266 2315 Neque
2293 2246 2437 2300 enim
2465 2245 2624 2299 facile
2656 2244 2819 2298 fuerit
2845 2261 3034 2300 omnes
3065 2245 3288 2300 fraudes
3314 2258 3366 2302 et
3401 2247 3657 2316 impostu-

2081 2352 2189 2397 ras.
2222 2351 2341 2406 qua:
2373 2336 2473 2389 hac
2504 2335 2755 2389 doctrina
2789 2336 3055 2400 velantur,
3091 2339 3340 2391 oratione
3377 2340 3653 2407 persequi.

2081 2424 2444 2479 Nihilominus
2476 2434 2654 2477 tamen
2702 2438 2768 2476 ex
2801 2423 2885 2478 his
2917 2424 3109 2492 paucis
3142 2425 3276 2480 satis
3309 2425 3474 2479 etiam
3505 2433 3657 2494 pate-

2083 2515 2186 2570 scit
2235 2514 2544 2569 absurditas
2597 2514 2850 2578 aliorum,
2909 2530 3031 2583 qua:
3077 2531 3143 2570 ex
3191 2516 3293 2571 hac
3349 2517 3654 2586 impietate,

2083 2607 2228 2661 serie
2259 2606 2522 2676 quadam,
2551 2613 2794 2669 manant,
2823 2612 2878 2660 et
2901 2622 2931 2660 a
2958 2607 3154 2675 quovis
3173 2606 3369 2662 deduci
3401 2616 3655 2677 possunt.

2080 2696 2192 2752 Nos
2216 2712 2346 2752 vero
2392 2696 2458 2750 ad
2493 2698 2700 2766 reliqua
2734 2697 3001 2752 orationis
3038 2700 3400 2754 examinanda
3431 2702 3658 2756 acceda-

2081 2805 2224 2853 mus,
2250 2788 2342 2843 ubi
2379 2791 2531 2858 prius
2565 2789 2794 2857 paucula
2821 2791 3066 2858 quaedam
3097 2790 3165 2845 de
3194 2800 3383 2846 nostro
3407 2791 3660 2862 dogmate

2083 2881 2446 2935 attulerimus.
2495 2881 2631 2933 Cum
2684 2881 2827 2933 enim
2867 2881 2922 2934 in
2959 2881 3106 2934 omni
3150 2880 3404 2951 dogmate
3459 2884 3661 2951 optima

2077 2971 2357 3042 judicandi
2415 2971 2557 3024 ratio
2598 2973 2669 3025 sit
2718 2971 2981 3025 divinitus
3037 2971 3303 3042 inspirata
3358 2971 3658 3043 Scriptura,

2083 3078 2263 3132 operae
2312 3063 2544 3133 pretium
2581 3064 2859 3126 existimo,
2894 3063 3202 3118 divinorum
3229 3065 3660 3120 testimoniorum

2082 3154 2440 3230 ﬁrmamentis
2472 3155 2776 3209 doctrinam
2815 3165 3056 3208 nostram
3090 3156 3474 3210 corroborare.

2156 3243 2266 3300 llas
2315 3246 2483 3316 igitur
2527 3246 2580 3300 in
2627 3245 2896 3301 divisione
2943 3261 3124 3300 rerum
3184 3247 3365 3303 inesse
3412 3248 3663 3302 novimus

2082 3335 2440 3392 differentias.
2473 3335 2656 3391 Prima
2684 3337 2986 3392 secundum
3019 3345 3266 3392 nostrum
3301 3339 3518 3408 quidem
3550 3353 3666 3410 per-

2083 3428 2316 3495 cipiendi
2356 3427 2596 3491 modum,
2631 3435 2718 3483 est
2750 3445 2836 3483 res
2861 3428 3168 3493 sensibilis;
3229 3438 3353 3498 post
3393 3431 3534 3485 hanc
3569 3431 3665 3484 illa

2085 3520 2151 3574 ad
2184 3520 2343 3589 cujus
2394 3520 2834 3590 intelligentiam,
2890 3535 2986 3589 per
3019 3521 3160 3574 hanc
3201 3523 3357 3591 quasi
3395 3523 3668 3576 manmlu--

2083 3611 2280 3674 cimur,
2313 3627 2434 3680 quae
2470 3619 2652 3665 mente
2680 3620 2734 3664 et
2766 3611 3094 3682 cogitatione
3119 3613 3440 3682 percipitur,
3470 3630 3664 3684 quam-

2083 3717 2188 3772 que
2209 3701 2574 3756 intellcctilem
2609 3702 2975 3756 nominamus.
3002 3701 3217 3758 Rursus
3251 3704 3654 3759 intellectilium

2084 3795 2244 3848 aliam
2279 3793 2569 3862 quamdam
2602 3791 2960 3847 diﬁ‘erentiam
2990 3793 3336 3862 assignamus
3372 3795 3666 3864 (dividitur

2083 3882 2227 3936 enim
2283 3883 2336 3935 in
2387 3897 2500 3934 rem
2556 3889 2795 3935 creatam
2856 3889 2910 3936 ct
2961 3883 3286 3947 increatam,
3349 3891 3401 3938 et
3450 3887 3504 3938 in
3561 3886 3666 3940 hac

2086 3974 2487 4030 sanctissimam
2517 3971 2838 4027 Trinitatem
2875 3988 3266 4030 numeramus:
3301 3977 3502 4032 creatis
3535 3993 3664 4032 vero

2085 4067 2249 4122 rebus
2283 4073 2478 4119 caetera
2513 4066 2698 4119 omnia
2737 4065 3071 4134 deputantur
3099 4105 3113 4128 ,
3162 4081 3500 4136 quaecunque
3541 4077 3664 4138 post

2088 4159 2233 4212 illam
2257 4166 2308 4211 et
2334 4163 2535 4211 suntet
2569 4155 2976 4226 iiominantur).
3014 4155 3092 4210 Ne
3113 4173 3241 4212 vero
3273 4166 3661 4214 nostra-asser-

2088 4251 2161 4303 tio
2198 4251 2401 4317 absque
2435 4248 2755 4318 probatione
2786 4256 3021 4313 maneat,
3059 4249 3152 4303 sed
3187 4249 3488 4320 Scriptum
3517 4252 3663 4304 testi-

2087 4340 2286 4394 moniis
2309 4340 2515 4393 lirmata
2548 4340 2820 4408 persistat,
2851 4340 2955 4394 hoc
2981 4341 3259 4410 praedictis
3291 4340 3659 4411 adjiciendum

2086 4433 2334 4488 videtur:
2373 4433 2632 4486 nimirum
2667 4429 2954 4485 Dominum
2987 4446 3094 4485 non
3123 4447 3244 4488 esse
3271 4439 3538 4498 creatum,
3566 4433 3661 4489 sed

2087 4543 2152 4583 ex
2179 4525 2339 4581 Patre
2368 4525 2736 4595 progenitum,
2767 4524 2910 4578 sicut
2939 4524 3118 4593 ipsum
3148 4524 3380 4578 Verbum
3416 4524 3660 4578 divinum

2089 4626 2281 4688 suapte
2332 4616 2711 4671 testificatione
2763 4616 2817 4668 in
2863 4616 3153 4686 Evangelio
3187 4615 3444 4683 ostendit,
3502 4617 3662 4670 modo

2091 4708 2458 4780 generationis
2490 4716 2543 4761 et
2571 4707 2940 4776 processionis
2975 4707 3369 4776 inexplicabili,
3398 4716 3450 4761 et
3481 4708 3664 4762 inetia-

407 4810 613 4884 Κυρίου
641 4807 823 4877 φωνῆς
858 4805 944 4858 διὰ
977 4805 1177 4868 παντὸς
1228 4797 1322 4850 τοῦ
1380 4799 1710 4869 Εὑαγγελίου
1737 4839 1752 4865 ,
1798 4804 1981 4855 Πατέ-

2085 4800 2218 4853 bili:
2252 4806 2306 4854 ct
2336 4798 2458 4868 quis
2495 4796 2599 4850 tide
2627 4796 2844 4865 dignior
2871 4797 3027 4851 testis
3059 4797 3286 4865 reperiri
3317 4803 3479 4864 queat
3545 4797 3664 4866 ipso

400 4898 734 4969 ρα,κα“ιοὺχ“ι
765 4896 1016 4966 κτίστην
1045 4894 1234 4947 ἑαυτοῦ
1258 4893 1346 4945 τὸν
1370 4892 1618 4961 ἀληθινὸν
1646 4892 1977 4944 ἀποκαλοῦν-

406 5006 497 5052 τος
530 4987 747 5057 Πατέρα
772 5007 783 5016 ’
821 4988 911 5038 καὶ
947 4985 1066 5054 ούχὶ
1123 4986 1305 5052 ἔργον
1333 4982 1490 5048 Θεοῦ,
1526 4981 1640 5034 ἀλλ’
1677 4983 1813 5035 Υἱὸν
1840 4981 1976 5036 Θεοῦ

410 5079 596 5133 ἑαυτὸν
611 5075 998 5147 ὀνομάζοντος
1018 5076 1226 5145 Ὥσπερ
1242 5074 1349 5144 γὰρ
1368 5073 1464 5144 τὴν
1487 5073 1626 5126 κατά
1645 5073 1821 5143 σάρκα
1842 5073 1980 5144 πρὸς

407 5168 467 5221 τὸ
488 5166 822 5238 ἀνθρώπινον
845 5165 1127 5219 κοινωνίαν
1154 5163 1450 5234 σημαίνων,
1505 5165 1640 5217 Υἰὰν
1669 5163 1977 5231 ἀνθρώπου

408 5258 470 5311 τὸ
494 5259 812 5327 φαινόμενον
850 5258 1243 5330 προσηγόρευε,
1275 5255 1488 5338 δεικνὺς
1518 5254 1616 5324 τὴν
1650 5253 1790 5305 κατὰ
1825 5252 1984 5320 φύσιν

408 5351 504 5421 τῆς
533 5349 732 5420 σαρκὸς
758 5349 920 5402 αὑτοῦ
947 5349 1081 5419 πρὸς
1109 5347 1205 5418 τὴν
1230 5347 1291 5411 ἐξ
1313 5342 1378 5419 ἦς
1406 5347 1612 5417 ἐλήφθη
1640 5347 1983 5415 συγγένειαν

410 5441 549 5497 οῦτω
597 5441 692 5494 καὶ
724 5440 824 5510 τὴν
854 5441 989 5510 πρὸς
1023 5439 1114 5492 τὸν
1147 5438 1256 5492 τῶν
1293 5438 1430 5493 ὅλων
1465 5439 1596 5491 Θεὸν
1637 5438 1811 5508 ἀληθῆ
1837 5479 1850 5503 ,
1887 5439 1982 5492 καὶ

412 5533 635 5602 γνησίαν
668 5533 848 5602 σχέσιν
876 5535 942 5602 τῇ
968 5531 1307 5602 προσηγορίᾳ
1331 5516 1427 5584 τοῦ
1454 5529 1582 5582 Υίοῦ
1611 5530 1979 5599 διασημαίνει,

414 5620 473 5673 τὸ
511 5620 652 5673 κατά
680 5620 781 5689 τὴν
808 5621 968 5688 φύσιν
1007 5623 1206 5674 οἰκεῖον
1244 5620 1332 5674 διὰ
1365 5620 1461 5690 τῆς
1506 5619 1599 5672 τοῦ
1639 5619 1768 5672 Υίοῦ
1796 5619 1980 5688 φωνῆς

407 5710 831 5780 ἐνδεικνύμενος,
865 5713 964 5766 κάν
988 5729 1125 5774 τινες
1149 5713 1212 5766 ἐκ
1229 5712 1326 5779 τῆς
1352 5709 1750 5781 παροιμιώδους
1773 5710 1980 5780 ρήσεως

409 5799 476 5852 τὰ
509 5805 564 5852 εν
598 5801 877 5873 παραϐολῇ
912 5800 1198 5866 σκοτεινῶς
1246 5801 1310 5854 δι’
1346 5801 1662 5870 αἰνίγματος
1696 5798 1977 5868 εἰρημένα,

2091 4891 2341 4956 Domino,
2369 4888 2461 4958 qui
2500 4889 2556 4942 in
2597 4895 2712 4941 toto
2753 4887 3063 4956 Evangelio,
3101 4885 3317 4941 Pati-cm
3360 4904 3465 4941 non
3503 4904 3660 4943 suum

2092 4995 2403 5045 creatorem,
2456 4982 2546 5034 scd
2599 4980 2816 5033 Panem
2865 4980 3130 5042 nominat,
3192 4996 3369 5049 neque
3421 4981 3662 5048 seipsum

2092 5090 2240 5142 opus,
2271 5071 2364 5126 sed
2388 5069 2588 5122 Filium
2606 5069 2700 5122 Dei
2726 5068 2995 5137 appellat?
3017 5068 3488 5133 Quemadmodum
3514 5069 3657 5123 enim

2089 5165 2529 5220 connuunionem
2584 5170 2638 5214 et
2683 5160 3120 5214 convenientiam
3175 5175 3298 5212 cum
3341 5170 3533 5213 natura
3560 5161 3661 5212 hu-

2083 5273 2243 5310 mana
2276 5254 2406 5308 Filii
2439 5253 2664 5306 hominis
2706 5251 3067 5321 appellatione
3094 5250 3441 5319 signiﬁcavit,
3473 5259 3659 5304 osten-

2081 5346 2215 5402 dens
2243 5361 2397 5401 suam
2425 5343 2802 5414 cognationem
2827 5341 3126 5395 secundum
3150 5355 3367 5394 carnem
3395 5355 3518 5394 cum
3544 5341 3655 5402 illa,

2082 5455 2146 5494 ex
2173 5455 2280 5508 qua
2313 5453 2532 5492 carnem
2580 5441 2988 5504 assumpscrat:
3043 5433 3122 5487 sic
3155 5448 3308 5487 suam
3339 5447 3555 5500 quoque
3591 5433 3657 5486 ad

2084 5526 2461 5580 univcrsormn
2486 5523 2653 5578 Deum
2681 5537 2862 5575 veram
2889 5530 2942 5574 et
2963 5522 3254 5590 genuinam
3283 5520 3656 5574 habitudinem

2083 5616 2204 5670 Filii
2241 5616 2602 5686 appellatione
2656 5615 3028 5669 demonstrat:
3080 5620 3287 5666 natum
3334 5613 3657 5681 cognatione

2071 5707 2636 5776 perFiliivocahulum
2669 5713 2910 5767 ostensa,
2936 5705 3057 5758 licet
3085 5703 3303 5772 quidam
3324 5717 3390 5756 ex
3426 5717 3654 5771 prover—

2073 5798 2201 5854 biali
2233 5812 2479 5855 sermone
2515 5812 2574 5852 ca
2603 5813 2720 5867 quae
2751 5811 2843 5866 per
2871 5793 3184 5865 parabolam
3219 5801 3272 5850 ct
3303 5793 3529 5865 :cnigma
3555 5794 3654 5850 obs
