4166 6372
521 357 625 418 M3

1771 354 1826 410 S.
1869 346 2196 410 GREGORII
2216 345 2507 403 NYSSENI

3669 333 3777 389 5-ἰό

525 484 690 530 crure
725 468 866 524 dicta
912 475 1060 533 sunt,
1104 468 1249 524 nude
1274 477 1326 526 et
1358 470 1478 525 sine
1512 460 1895 540 explicatione,
1953 467 2100 522 veri-

2205 460 2327 530 ψιλά
2381 461 2475 514 καὶ
2501 458 2877 529 ἀνερμήνευτα
2900 453 3037 525 πρὸς
3069 452 3384 522 ἀνατροπὴν
3406 450 3503 518 τῆς
3521 448 3778 519 ἀληθείας

523 563 654 616 tntis
687 559 992 615 evertenda:
1021 560 1216 631 gratia,
1254 561 1552 631 proferant,
1589 576 1799 625 vocem,
1847 561 2093 630 inquam,

515 653 733 712 creavit.
762 667 924 720 quam
957 667 1020 706 ex
1063 667 1292 721 persona
1351 650 1642 721 Sapientia:
1675 650 2096 705 l’roverbiorum

518 753 711 797 auctor
742 743 990 812 protulit.
1032 739 1185 806 Quod
1201 733 1988 794 siillud:Dominuscreavitme
2024 742 2092 805 η,

518 850 619 904 pro
665 837 748 890 sui
788 835 1059 904 dogmatis
1093 834 1420 902 patrocinio,
1470 834 1641 887 velint
1673 850 1796 889 esse
1835 843 2094 902 tanquam

521 927 918 991 testimonium,
957 927 1102 996 quod
1135 926 1400 980 Dominus
1424 935 1643 980 creatus
1667 927 1757 988 sit,
1791 926 1947 995 quasi
1981 926 2099 995 ipse

522 1019 850 1088 Uuigenitus
892 1018 995 1073 hac
1041 1033 1176 1072 voce
1210 1017 1355 1073 istud
1397 1017 1618 1071 minime
1663 1024 1840 1086 neget,
1891 1032 2097 1086 nequa—

518 1125 684 1179 quam
714 1109 969 1163 audiendi
998 1108 1351 1176 sunt.Neque
1379 1109 1522 1163 enim
1553 1108 1834 1163 evidenter
1865 1108 2098 1178 probant

517 1199 634 1253 haec
667 1200 832 1255 verba
859 1199 1084 1254 omnino
1115 1200 1183 1254 ad
1213 1199 1502 1254 Dominum
1535 1207 1784 1253 nostrum
1814 1197 2096 1254 referenda

517 1306 683 1358 esse;
739 1305 918 1360 neque
971 1291 1135 1345 etiam
1177 1298 1408 1360 possunt
1458 1304 1679 1344 sensum
1731 1292 1877 1343 hunc
1915 1290 2098 1344 verbis

518 1391 708 1452 apta-re
741 1397 808 1436 ex
849 1381 1116 1438 Hebraico
1145 1397 1420 1445 sermone,
1453 1398 1576 1436 cum
1606 1382 1797 1451 reliqui
1834 1382 2099 1449 interpre-

518 1484 601 1528 tes
632 1474 752 1528 loco
782 1474 930 1529 verbi
964 1475 1180 1539 crearit,
1225 1473 1566 1529 reddiderint
1587 1475 1812 1530 verbum
1843 1473 2096 1542 possedit,

517 1565 604 1618 vel
647 1565 963 1628 constituit;
1025 1580 1202 1634 neque
1239 1572 1421 1620 tamen
1457 1563 1500 1618 si
1534 1564 1589 1618 in
1642 1563 1964 1634 primigenia
2008 1564 2099 1618 ilia

521 1656 807 1727 Scriptura
836 1657 1002 1712 dictio
1033 1657 1146 1712 haec
1170 1671 1428 1726 expresse
1455 1655 1654 1712 fuisset
1679 1657 1879 1727 posita,
1905 1657 2100 1726 planus

519 1749 654 1804 satis
701 1757 756 1804 et
791 1747 967 1804 facilis
1015 1763 1212 1804 sensus
1242 1748 1567 1812 exstitisset,
1618 1764 1741 1804 cum
1786 1750 2098 1824 parabolica

518 1841 766 1896 doctrina
798 1842 969 1897 soleat
994 1856 1104 1896 non
1137 1841 1444 1908 manifeste,
1476 1842 1570 1899 sed
1595 1844 1829 1907 occulte,
1861 1851 1916 1898 et
1941 1845 2098 1914 quasi

521 1933 628 1990 sub
665 1935 960 1999 velamine,
1013 1942 1069 1989 et
1110 1935 1332 2004 obliqua
1381 1936 1770 2002 insinuatione,
1827 1936 2098 1991 dictorum

519 2042 748 2098 scopum
785 2029 1005 2096 vimque
1052 2033 1108 2082 et
1156 2030 1436 2084 notionem
1468 2031 1781 2085 ostendere.
1818 2030 2004 2100 Itaque
2035 2047 2098 2087 ex

518 2118 640 2185 ipso
668 2119 982 2183 verborum,
1014 2132 1136 2186 quae
1172 2117 1274 2172 hoc
1309 2119 1429 2172 loco
1481 2128 1782 2188 ponuntur,
1819 2127 2100 2184 contextu,

520 2209 701 2265 cuivis
724 2209 776 2262 in
803 2218 1054 2281 promptu
1079 2211 1452 2266 estorationis
1472 2211 1849 2265 difﬁcultatem
1873 2227 2103 2282 cognos-

520 2315 667 2354 cere.
698 2299 765 2354 Ut
792 2316 916 2355 cum
934 2303 1088 2365 dicit,
1121 2303 1341 2372 quando
1365 2302 1652 2356 Constituit
1681 2302 1924 2355 thronum
1948 2318 2101 2355 suum

518 2408 676 2460 super
704 2402 901 2456 ventos,
942 2406 998 2449 et
1031 2395 1086 2450 id
1127 2411 1299 2464 genus
1340 2395 1479 2458 alia;
1527 2394 1654 2463 quis
1697 2396 1840 2447 enim
1870 2395 2103 2447 thronus

520 2478 642 2544 Dei,
673 2481 786 2536 sive
815 2484 1138 2548 materialis,
1173 2485 1286 2539 sive
1315 2484 1686 2539 intellectilis?
1726 2492 1781 2538 et
1811 2483 1904 2553 qui
1938 2486 2099 2549 venti,

522 2580 708 2626 utrum
743 2574 994 2630 consueti
1023 2576 1114 2632 isli
1155 2575 1420 2644 nobisque
1448 2575 1585 2640 uoti,
1619 2591 1759 2644 quos
1788 2575 2103 2646 pltilOSOphi

520 2679 587 2718 ex
612 2664 1054 2723 exhalationibus
1097 2675 1153 2722 et
1197 2665 1498 2734 vaporibus
1532 2665 1687 2719 nasci
1733 2665 1982 2729 tradunt,
2033 2681 2102 2719 an

522 2756 748 2813 alterius
778 2758 1064 2828 cujusdam
1096 2759 1330 2813 rationis
1372 2766 1501 2812 sunt
1541 2757 1614 2812 illi
1646 2758 1816 2828 venti,
1862 2773 2002 2826 quos
2030 2758 2104 2812 ait

522 2850 717 2906 baseos
743 2859 796 2904 et
845 2850 1004 2906 fulcri
1033 2851 1208 2906 vicem
1262 2851 1460 2905 throno
1512 2850 1814 2919 praestare?
1866 2849 1930 2902 Et
1981 2866 2104 2920 quae

522 2941 782 2996 cathedra
842 2941 1149 3011 incorporei
1198 2951 1252 2996 et
1302 2940 1771 3009 incircumscripti
1824 2941 2105 3012 ﬁguraque

522 3031 764 3086 carentis
795 3029 931 3085 Dei?
971 3030 1097 3085 Haec
1139 3038 1194 3084 et
1231 3031 1431 3085 similia
1471 3037 1676 3084 cuncta
1719 3030 1844 3100 quis
1875 3046 1942 3088 ex
1971 3045 2105 3087 con-

524 3129 680 3175 sueta
719 3120 1109 3177 vocabulorum
1135 3120 1536 3195 signiﬁcatione
1565 3121 1870 3191 intelligat?

595 3393 818 3448 Clarum
878 3394 1045 3463 igitur
1089 3395 1291 3458 evadit,
1355 3399 1470 3453 hzec
1517 3410 1638 3465 qua;
1683 3395 1807 3450 istic
1847 3396 2108 3452 dicuntur

523 3487 836 3557 aenigmata,
863 3487 1193 3554 aliquorum,
1215 3494 1269 3540 et
1296 3486 1516 3556 quidem
1541 3487 1794 3553 obseura,
1822 3489 2107 3545 involucra

525 3589 685 3641 esse;
723 3573 1120 3628 abstrusiorem
1152 3574 1468 3642 quamdam,
1503 3591 1666 3644 quam
1695 3578 1766 3631 sit
1797 3581 2106 3636 communis

525 3673 582 3718 et
630 3663 792 3727 trita,
827 3662 1240 3734 intelligentiam
1299 3665 1738 3734 complementia.
1802 3668 1990 3738 Itaque
2041 3687 2109 3740 ex

528 3757 616 3812 his
655 3757 806 3814 nulla
847 3757 1062 3813 ratione
1099 3757 1234 3812 oriri
1285 3765 1464 3828 potest
1499 3759 1760 3827 suspicio,
1819 3759 2106 3817 Dominum

530 3857 775 3905 creatum
811 3865 956 3914 esse,
1008 3851 1151 3921 apud
1183 3865 1300 3918 eos,
1349 3851 1440 3920 qui
1477 3851 1591 3905 haec
1629 3850 1715 3921 pie
1758 3853 2111 3908 considerant

529 3950 584 3994 et
622 3941 958 4010 expendunt,
1000 3941 1304 4010 praesertim
1352 3941 1494 4011 apud
1526 3955 1642 4005 eos,
1688 3944 1780 4012 qui
1820 3959 1884 3996 ex
1928 3943 2110 4000 Evan-

532 4031 674 4100 gelio
706 4031 886 4086 edocti
914 4041 1064 4096 sunt,
1102 4033 1286 4092 omnia
1314 4047 1436 4102 quae
1467 4032 1611 4088 facta
1642 4044 1896 4105 suut.per
1930 4037 2109 4105 ipsum

533 4123 680 4177 facta
699 4137 841 4188 esse,
864 4133 919 4179 et
941 4123 996 4178 in
1019 4124 1136 4193 ipso
1157 4122 1482 4179 subsistere.
1509 4123 1703 4179 Omnia
1726 4127 1894 4192 enim,
1911 4127 2108 4196 inquit,

532 4231 624 4284 per
659 4216 835 4285 ipsum
864 4215 1012 4284 facta
1047 4224 1192 4282 sunt,
1245 4225 1293 4284 et
1322 4217 1434 4269 sine
1465 4217 1578 4282 ipso
1614 4216 1812 4283 factum
1846 4227 1922 4270 est
1955 4218 2108 4284 nihil,

530 4307 672 4379 quod
708 4307 909 4374 factum
934 4316 1013 4362 est
1043 4309 1096 4362 in
1125 4309 1238 4377 ipso
1264 4307 1332 4362 ⁸⁸.
1369 4306 1484 4362 Non
1515 4309 1702 4378 utique
1735 4309 1838 4363 hoc
1864 4309 2111 4365 dicturus

536 4402 733 4456 fuisset
765 4402 1129 4472 evangelista,
1174 4402 1221 4457 si
1255 4401 1541 4455 Dominum
1573 4417 1792 4470 quoque
1827 4418 1996 4474 unum
2045 4417 2112 4457 ex

539 4493 625 4547 his
643 4506 765 4562 qua;
798 4492 939 4546 facta
969 4499 1115 4556 sunt,
1144 4507 1266 4548 csse
1289 4491 1636 4548 credidisset.
1663 4490 1949 4557 Quomodo
1969 4491 2112 4546 enim
2149 4494 2192 4561 Ι)

540 4598 636 4651 per
665 4582 817 4636 illum
862 4582 1046 4637 omnia
1096 4581 1251 4647 flunt,
1287 4590 1341 4636 et
1374 4581 1648 4650 quomodo
1695 4580 1879 4634 omnia
1923 4580 1978 4633 in
2021 4581 2115 4634 illo

541 4672 871 4732 subsistunt,
907 4672 954 4726 si
986 4672 1056 4736 is,
1106 4673 1200 4741 qui
1236 4672 1419 4726 omnia
1456 4671 1603 4736 fecit,
1646 4672 1862 4728 diversa
1895 4673 2110 4742 penitus

541 4781 574 4819 a
612 4765 777 4820 rebus
813 4763 973 4819 factis
1011 4771 1207 4817 natura
1241 4770 1521 4827 constans,
1567 4779 1674 4817 non
1720 4764 1978 4833 seipsum,
2017 4767 2111 4820 sed

542 4861 851 4910 creaturam
897 4853 1060 4910 fecit?
1095 4853 1153 4908 Si
1196 4854 1340 4909 enim
1373 4861 1624 4909 creatura
1661 4869 1757 4924 per
1801 4857 1978 4926 ipsum
2007 4864 2114 4920 est,

545 4948 663 5015 ipse
686 4961 816 5000 vero
850 4944 1112 5000 Dominus
1142 4959 1252 5000 non
1294 4953 1378 5000 est
1429 4961 1526 5015 per
1559 4947 1838 5015 seipsum:
1893 4949 2116 5002 omnino

544 5037 791 5106 sequitur
817 5035 1091 5090 diversum
1118 5037 1376 5106 quiddam
1404 5052 1433 5090 a
1459 5048 1707 5092 creatura
1753 5052 1895 5100 esse,
1946 5052 2116 5090 evan-

543 5129 737 5198 gelista
768 5127 955 5196 utique
981 5128 1159 5196 palam
1191 5126 1500 5182 afﬁrmante
1540 5147 1552 5181 :
1589 5127 1787 5184 Omnia
1826 5144 1917 5196 per
1947 5129 2118 5196 ipsum

545 5218 689 5286 facta
711 5231 842 5279 esse,
870 5225 919 5269 et
942 5217 1054 5269 sine
1074 5218 1189 5284 ipso
1211 5203 1546 5286 factumesse
1575 5217 1729 5280 nihil,
1753 5216 1890 5287 quod
1918 5217 2118 5285 factum

545 5316 624 5362 est
651 5307 706 5360 in
736 5305 883 5373 ipso:
929 5313 983 5359 et
1015 5306 1287 5376 praecipue
1319 5305 1752 5368 demonstraute,
1797 5307 1849 5359 in
1888 5303 2025 5357 Filio
2055 5320 2119 5358 ea

547 5413 670 5469 quae
709 5396 852 5452 facta
899 5405 1047 5460 sunt,
1097 5395 1240 5451 facta
1280 5412 1425 5463 esse,
1488 5412 1665 5468 neque
1697 5397 1764 5449 ab
1803 5396 1909 5449 alio
1939 5404 2117 5447 ortum

548 5504 706 5551 suum
734 5497 786 5543 et
815 5486 1140 5559 principium
1169 5486 1388 5542 ducere.

621 5578 833 5646 Quibus
879 5579 1095 5652 egregie
1141 5576 1205 5634 D.
1243 5579 1445 5634 Paulus
1495 5580 1758 5645 concinit,
1818 5582 2119 5638 orationem

627 5765 674 5804 δ’
696 5767 852 5822 Prov.
886 5783 1002 5833 vm,
1043 5767 1132 5822 22.
1212 5766 1504 5834 "103ml,
1545 5767 1598 5838 5.

2199 552 2592 623 προφέροντες,
2631 549 2724 619 τὴν
2767 547 2861 602 τοῦ
2894 545 3163 598 ἐκτίσθαι
3189 541 3391 612 φωνὴν,
3427 541 3492 611 ἢν
3522 542 3586 592 ὲκ
3616 557 3779 610 προσ-

2199 644 2348 697 ώπου
2395 644 2492 712 τῆς
2532 642 2730 710 Σοφίας
2770 643 2798 694 ὁ
2848 634 3262 707 Παροιμιαστὴς
3312 635 3649 702 ἐποιήσατο,
3699 633 3778 693 εἰς

2203 735 2530 805 συνηγορίαν
2553 733 2652 802 τῆς
2674 731 2766 785 τοῦ
2788 731 3059 800 δόγματος
3090 726 3267 780 αὐτῶν
3295 723 3624 796 διαστροφῆς
3652 740 3782 792 προσ

2199 824 2549 896 χειρίζονται,
2584 824 2831 891 λέγοντες
2890 820 2970 885 τὸ,
2997 819 3214 884 Κύριος
3241 815 3446 869 ἓκτισέ
3461 830 3559 883 με,
3587 812 3778 882 ὁμολο-

2199 917 2323 984 γίαν
2354 912 2490 968 εἶναι
2524 916 2583 967 τὸ
2613 913 2855 967 ἐκτίσθαι
2875 909 2964 963 τὸν
2994 908 3220 978 Κύριον*
3253 907 3327 969 ὡς
3355 904 3517 959 αὐτοῦ
3544 902 3637 956 τοῦ
3662 905 3776 957 Μοη

2199 1007 2449 1075 νογενοῦς
2473 1007 2558 1059 διὰ
2579 1006 2678 1074 τῆς
2696 1003 2879 1072 φωνῆς
2902 1001 3107 1071 ταύτης
3128 999 3187 1052 τὸ
3207 997 3448 1051 τοιοῦτον
3467 996 3567 1049 οὐκ
3583 997 3777 1066 ἀρνου-

2203 1099 2387 1169 μένου,
2416 1100 2546 1168 ἠμῖν
2577 1099 2636 1149 ού
2666 1095 2994 1165 προσεκτέον
3029 1091 3106 1160 τῷ
3151 1092 3316 1161 λόγῳ.
3359 1088 3492 1142 Οὐδὲ
3529 1088 3640 1158 γὰρ
3679 1087 3775 1139 τοῦ

2206 1190 2417 1252 παντως
2448 1189 2555 1241 δεῖν
2591 1191 2668 1251 εἰς
2695 1188 2786 1241 τὸν
2818 1186 3020 1257 Κύριον
3049 1185 3270 1252 ἀνάγειν
3293 1181 3384 1235 τὸν
3417 1181 3572 1248 λόγον
3595 1180 3781 1233 τοῦτον

2204 1281 2304 1345 τὰς
2352 1281 2650 1343 ἀποδείξεις
2683 1278 3030 1348 παρέχονται·
3062 1276 3182 1328 οὐδὲ
3209 1273 3300 1328 τοῦ
3335 1272 3498 1344 ῥητοῦ
3542 1273 3640 1343 τὴν
3668 1272 3782 1325 διὰ·

2202 1389 2347 1424 νοιαν
2383 1373 2446 1424 ἐκ
2476 1370 2573 1438 τῆς
2598 1369 2704 1422 τῶν
2751 1367 3017 1438 Ἐϐραίων
3052 1367 3275 1437 Γραφῆς
3306 1365 3385 1426 είς
3412 1362 3569 1417 τοῦτο
3598 1362 3660 1415 τὸ
3686 1381 3783 1431 ση-

2205 1459 2524 1530 μαινόμενον
2557 1461 2828 1531 φέρουσαν
2871 1456 3133 1521 ὲπιδεῖξαι
3163 1457 3500 1525 δυνήσονται,
3534 1454 3643 1507 τῶν
3671 1453 3782 1506 λοι-

2201 1551 2318 1607 πῶν
2356 1550 2637 1620 ἑρμηνέων
2690 1550 2750 1602 τὸ
2819 1547 3152 1616 Ἑκτήσατο
3177 1587 3192 1611 ,
3245 1548 3339 1599 κοιλ⁸
3373 1546 3781 1611 Κατέστησειο,

2203 1642 2324 1696 ἀντ)⁸
2357 1641 2453 1695 τοῦ
2501 1643 2808 1704 Ἔκτισεν,
2838 1639 3212 1693 ἐκδεδωκότων
3237 1655 3248 1668 ·
3287 1636 3414 1691 οὗτε
3439 1637 3496 1690 δὲ
3530 1639 3578 1690 εί
3612 1636 3784 1699 οὕτως

2204 1732 2348 1807 εἶχεν
2375 1739 2407 1806 ὴ
2441 1735 2585 1800 λέξις
2611 1737 2667 1788 ὲν
2695 1738 2760 1806 τῇ
2791 1735 3133 1806 πρωτοτύπῳ
3162 1734 3375 1804 Γραφῇ,
3408 1730 3694 1802 πρόχειρος
3719 1731 3794 1793 ἂν,

2134 1824 2175 1879 Β
2201 1823 2269 1897 ἦν
2302 1828 2396 1880 καὶ
2436 1827 2612 1896 σαφὴς
2641 1828 2673 1896 ἡ
2717 1826 2944 1887 διάνοια,
2981 1828 3079 1896 τῆς
3119 1822 3496 1894 παροιμιακῆς
3531 1822 3782 1875 διδασκα-

2205 1920 2323 1982 λίας
2353 1920 2412 1979 ού
2447 1920 2758 1990 προδήλως,
2811 1918 2946 1972 ἀλλὰ
2989 1919 3106 1987 μετ’
3148 1915 3496 1986 ἐπικρύψεως
3532 1914 3623 1967 τὸν
3673 1913 3783 1966 τῶν

2206 2011 2510 2080 λεγομένων
2541 2010 2742 2063 σκοπὸν
2776 2007 3194 2078 ἐνδεικνυμένης
3219 2007 3307 2059 διὰ
3329 2005 3564 2072 πλαγίας
3602 2004 3782 2073 ὲμφὰ-

2207 2118 2362 2165 σεως,
2391 2099 2466 2163 ὡς
2497 2102 2560 2152 ὲκ
2591 2100 2689 2170 τῆς
2727 2100 2855 2169 περὶ
2874 2100 2966 2151 τὸν
3011 2097 3173 2150 τόπον
3204 2095 3391 2149 τοῦτον
3425 2094 3787 2165 συμφράσεως

2203 2191 2311 2245 τῶν
2328 2191 2632 2262 εἰρημένων
2649 2191 2912 2261 πάρεστιν
2941 2188 3238 2256 ἐπιγνῶναι
3263 2189 3354 2240 τοῦ
3385 2186 3541 2254 λόγου
3571 2185 3631 2237 τὸ
3657 2185 3795 2254 δυσ-ι

2207 2284 2510 2354 θεώρητον·
2554 2285 2611 2335 ὲν
2644 2277 2726 2347 οἷς
2781 2298 2975 2352 φησιν,
3005 2279 3169 2350 ήνίκα
3209 2277 3480 2347 Ἀμιῖεριζε
3516 2277 3622 2329 τὸν
3654 2273 3789 2329 ἐαυ-

2205 2372 2311 2426 τοῦ
2349 2374 2567 2440 θρόνον
2604 2371 2696 2423 ἐπ’
2732 2371 2987 2438 ἀνέμων,
3020 2368 3114 2422 καὶ¹
3147 2367 3247 2420 ὅσα
3279 2365 3523 2420 τοιαῦτα.
3559 2367 3654 2430 Τίς
3679 2366 3800 2442 γὰρ.

2145 2489 2156 2496 ·
2204 2464 2340 2517 Θεοῦ
2371 2463 2594 2532 θρόνος;
2633 2461 2741 2513 εἴτε
2791 2461 2994 2523 ύλικὸς,
3051 2459 3161 2510 εἴτε
3214 2458 3439 2527 νοητόςς
3491 2457 3600 2510 Καὶ
3640 2455 3788 2518 τίνες

2209 2551 2417 2620 ἄνεμοι
2446 2564 2468 2613 ;
2515 2547 2742 2618 πότερον
2792 2546 2840 2598 οἱ
2875 2545 3122 2614 συνήθεις
3149 2536 3294 2596 οὗτοι
3319 2583 3332 2606 ,
3365 2542 3459 2595 καὶ
3498 2541 3786 2613 γνώριμοι,

2205 2641 2298 2703 οὓς
2321 2642 2386 2692 ὲκ
2413 2638 2520 2691 τῶν
2541 2637 2728 2707 ἀτμῶν
2749 2655 2808 2690 τε
2835 2638 2929 2690 κα)¹
2955 2635 3063 2688 τῶν
3093 2634 3509 2704 ἀναθυμιάσεων
3537 2631 3790 2686 συνίστα-

2209 2731 2332 2784 σθαι
2357 2731 2604 2798 λέγουσιν
2633 2729 2681 2781 οἱ
2704 2727 2876 2781 ταῦτα
2905 2725 3369 2795 φυσιολογοῦντες
3398 2725 3506 2778 εἴτε
3531 2723 3650 2777 καθ’
3673 2723 3790 2777 ἓτε-

2206 2842 2299 2894 ρον
2316 2824 2514 2893 τρόπον
2536 2821 2938 2891 ὑπονοούμενοι,
2961 2817 3019 2870 δν
3036 2819 3134 2871 οὐκ
3157 2815 3506 2886 ἐπιγινώσκει
3532 2817 3564 2885 ἡ
3587 2814 3682 2868 ἀνθ
3693 2832 3790 2885 ρων

2207 2912 2335 2982 πίνη
2371 2910 2626 2978 συνήθεια
2647 2928 2660 2940 ·
2694 2909 2788 2972 οῦς
2818 2927 2981 2980 φησιν
3009 2908 3128 2962 ἀντὶ
3163 2908 3370 2976 βάσεως
3397 2906 3474 2974 τῷ
3497 2905 3668 2975 θρόνῳ
3701 2907 3798 2975 γίο-

2207 3001 2429 3067 νεοθαι;
2466 3001 2575 3060 Καὶ
2609 2999 2692 3062 τίς
2726 2998 2966 3068 καθέδρα
2996 2997 3089 3050 τοῦ
3123 2996 3437 3065 ἀσωμάτου,
3471 2994 3566 3046 καὶ
3600 2995 3788 3062 ἀπερι-

2206 3093 2489 3163 γράπτου,
2533 3091 2626 3144 καὶ
2672 3091 3079 3166 ἀσχηματίστου
3128 3087 3301 3153 Θεοῦ,
3346 3088 3438 3162 καὶ
3486 3086 3661 3139 πάντα
3719 3085 3788 3138 τὰ

2155 3177 2174 3232 ἑ
2211 3183 2432 3236 τοιαῦτα
2500 3182 2583 3246 τίς
2617 3182 2681 3236 ἂν
2707 3184 2770 3235 ἐκ
2798 3183 2898 3252 τῆς
2936 3179 3200 3250 συνήθους
3232 3179 3339 3232 τῶν
3382 3179 3639 3250 ῥημάτων
3663 3177 3790 3230 τού-

2207 3293 2316 3328 των
2349 3273 2623 3344 σημασίας
2651 3274 3007 3343 κατανοήσειε
3031 3289 3045 3337 ;

2279 3364 2447 3434 Δῆλον
2477 3359 2568 3416 οῦν
2597 3364 2679 3416 ὅτι
2709 3361 3007 3430 αἰνίγματά
3046 3359 3208 3413 τινών
3244 3360 3359 3427 ἐστι
3393 3357 3461 3411 τὰ
3492 3357 3788 3427 λεγόμενα,

2211 3455 2513 3525 βαθυτέραν
2552 3453 2673 3516 τινὰ
2701 3454 2796 3522 τῆς
2836 3452 3125 3522 προχείρου
3160 3449 3397 3512 διανοίας
3428 3449 3524 3520 τὴν
3558 3446 3791 3518 θεωρίαν

2209 3546 2634 3616 ὲμπεριέχοντα·
2677 3544 2852 3607 ὼςηὲκ
2887 3542 3089 3606 τούτων
3145 3540 3332 3610 μηδενὶ
3381 3540 3524 3610 λόγῳ
3560 3540 3658 3608 τὴν
3693 3537 3802 3618 τοῦ.

2209 3638 2452 3691 ἐκτίσθαι
2480 3637 2571 3690 τὸν
2596 3635 2799 3707 Κύριον
2828 3635 3080 3686 ὑπόνοιαν
3116 3636 3179 3685 ἐκ
3208 3635 3306 3703 τῆς
3340 3632 3561 3702 Γραφῆς
3587 3628 3797 3709 ταύτης,

2209 3733 2320 3798 τοῖς
2350 3727 2587 3790 εὐσεϐῶς
2611 3724 2976 3795 λογιζομένοις
3005 3722 3334 3792 ἐγγίνεσθαι,
3361 3725 3470 3784 τοῖς
3504 3721 3794 3774 πεπαιδευ-

2216 3821 2394 3892 μένοις
2425 3819 2655 3889 μάλιστα
2683 3817 2771 3870 διὰ
2797 3801 2893 3886 τῆς
2937 3813 3323 3884 εὐαγγελιστοῦ
3360 3812 3791 3882 μεγαλοφωνίας,

2210 3913 2271 3966 τὸ
2307 3912 2482 3966 πάντα
2519 3909 2586 3962 τὰ
2631 3908 2892 3977 γεγονότα
2930 3907 2996 3958 δι’
3030 3904 3192 3958 αὐτοῦ
3225 3903 3578 3974 γεγενῆσθαι,
3613 3903 3705 3954 καὶ
3735 3903 3792 3954 ὲν

2213 4003 2361 4073 αὐτῷ
2409 4001 2754 4065 ωνεστᾴναι,
2780 3999 3056 4068 λέγοντος·
3085 3996 3286 4051 Πάντα
3332 3997 3440 4065 γὰρ
3462 4037 3475 4059 ,
3511 3995 3675 4066 φησὶ,
3715 3993 3792 4047 δι’

2211 4094 2396 4150 αὐτοῦ
2426 4091 2681 4162 ἐγένετο,
2716 4090 2812 4143 καὶ
2844 4089 3023 4158 χωρὶς
3053 4088 3238 4141 αὐτοῦ
3271 4087 3506 4155 ἐγένετο
3535 4085 3677 4138 οὐδὲ
3701 4084 3790 4149 ἓν,

2213 4166 2255 4238 ὃ¹
2278 4183 2524 4254 γέγονεν
2561 4182 2630 4234 ἐν
2660 4180 2838 4245 αὐτῷ,
2872 4181 2985 4246 υύκ
3012 4179 3077 4232 ἂν
3119 4178 3278 4232 τοῦτο
3307 4176 3701 4248 διορισάμενος,
3737 4179 3785 4228 εἰ

2214 4279 2308 4329 καὶ
2350 4274 2509 4328 αὐτὸν
2537 4273 2628 4324 τὸν
2664 4271 2866 4343 Κύριον
2919 4270 2976 4322 ἓν
3027 4270 3133 4322 τῶν
3166 4269 3467 4338 γεγονότων
3515 4267 3789 4319 ἐπίστευε.

2215 4368 2339 4429 Πῶς
2366 4366 2473 4437 γὰρ
2515 4365 2581 4417 δι’
2618 4363 2824 4417 ἐκείνου
2853 4362 2921 4415 τὰ
2955 4361 3132 4417 πάντα
3168 4361 3397 4428 γίνεται,
3427 4359 3521 4410 καὶ
3556 4360 3612 4410 ὲν
3647 4355 3795 4426 αὐτῷ

2214 4457 2282 4510 τὰ
2309 4457 2567 4526 γεγονότα
2592 4456 2690 4526 τὴν
2717 4453 2972 4507 σύστασιν
3002 4439 3138 4522 ἔχει,
3167 4452 3214 4502 εἰ
3243 4451 3315 4520 μὴ
3349 4449 3566 4511 πάντως
3598 4447 3723 4500 ἄλλο
3744 4465 3794 4499 τι

2226 4547 2379 4620 παρὰ
2415 4547 2515 4618 τὴν
2552 4545 2661 4599 τῶν
2707 4544 3090 4615 πεποιημένων
3125 4542 3286 4611 φύσιν
3315 4543 3342 4595 ὁ
3372 4539 3596 4610 ποιητὴς
3622 4539 3798 4608 ύπάρ-
3887 4555 3896 4564 ·

2223 4657 2354 4710 χων,
2381 4639 2480 4708 οὐχ
2512 4637 2726 4700 ἑαυτὸν,
2759 4636 2894 4689 ἀλλὰ
2915 4637 3013 4706 τὴν
3047 4634 3222 4687 κτίσιν
3247 4633 3541 4703 εἰργάσατο
3570 4648 3585 4696 ;
3615 4631 3664 4682 εί
3689 4629 3797 4697 γὰρ

2231 4713 2467 4804 ήθκτίσις
2497 4730 2562 4784 δι’
2593 4729 2797 4792 ἐκείνου
2823 4766 2836 4788 ,
2866 4728 3026 4798 αὐτὸς
3051 4727 3108 4780 δὲ
3131 4728 3159 4779 ὁ
3180 4725 3381 4795 Κύριος
3401 4724 3460 4776 οὐ
3486 4723 3549 4775 δι’
3581 4719 3795 4782 ἑαυτοῦ,

2230 4825 2354 4877 ἄλλο
2375 4841 2426 4876 τι
2447 4822 2663 4888 πάντως
2685 4821 2776 4874 καὶ
2797 4821 2916 4890 auxi
2940 4819 3115 4882 κτίσις
3144 4817 3260 4872 ἐστί
3267 4860 3279 4873 .
3305 4816 3410 4887 Τοῦ
3432 4816 3607 4870 τοίνυν
3637 4815 3797 4882 εὐαγ-

2227 4911 2471 4985 γελιστοῦ
2523 4914 2787 4982 φήσαντος
2807 4950 2821 4969 ,
2851 4913 2931 4964 ὅτι
2979 4909 3180 4963 Πάντα
3205 4907 3278 4962 δι’
3310 4907 3497 4962 αὐτοῦ
3541 4905 3795 4975 ἐγένετο,

2215 5007 2312 5060 καὶ
2327 5007 2502 5076 χωρίς
2515 5004 2701 5058 αὐτοῦ
2716 5003 2949 5072 ἐγένετο
2962 5003 3099 5055 οὐδὲ
3116 5002 3203 5065 ἓν,
3224 5001 3254 5055 ὃ
3275 5000 3516 5071 γέγονεν
3529 5000 3598 5053 ἐν
3617 4997 3794 5063 αὐτῷ·

2217 5100 2309 5153 καὶ
2341 5096 2588 5168 φανερῶς
2612 5097 2698 5149 διὰ
2723 5096 2928 5149 τούτων
2957 5094 3330 5165 ἐνδειξαμένου
3351 5133 3366 5153 ,
3397 5093 3477 5146 ὅτι
3507 5092 3600 5144 καὶ
3628 5092 3684 5143 ἐν
3716 5089 3794 5160 τῷ

2219 5191 2332 5260 Υἱῴ
2363 5189 2428 5242 τὰ
2452 5176 2718 5258 γενόμενα
2749 5189 2960 5255 γέγονε,
2993 5185 3086 5238 καὶ
3112 5187 3173 5237 ού
3201 5184 3265 5237 δι’
3297 5184 3485 5254 ἐτέρου
3529 5182 3673 5244 τινὸς
3699 5181 3806 5250 τὴν⁵

2227 5283 2302 5344 εἰς
2334 5281 2392 5333 τὸ
2419 5278 2667 5348 γενέσθαι
2696 5278 2928 5350 πάροδον
2955 5277 3128 5357 ἔσχεν,

2310 5596 2614 5665 Ἐκδέχεται
2649 5595 2742 5649 τὸν
2764 5593 2919 5662 λόγον
2949 5589 3135 5645 τοῦτον
3159 5592 3186 5642 ὁ
3209 5587 3415 5650 Παῦλος
3441 5603 3452 5615 ·
3497 5583 3589 5638 καὶ
3624 5581 3698 5647 ὡς
3734 5581 3802 5638 ἂν
