4166 6372
448 367 554 423 Ξᾶΐὶ

1606 362 1885 420 CONTRA
1909 362 2214 418 EUNOMIU
2227 361 2295 426 Μ,
2323 360 2452 416 LIB.
2494 361 2534 414 l-.

3591 362 3700 418 3-10

451 477 716 550 μηδεμίαν
765 475 1050 528 καταλίποι
1094 474 1362 546 πρόφασιν
1410 477 1476 545 τῇ
1531 475 1835 546 βλασφήμῳ
1870 479 2017 546 φωνῇ

2136 474 2470 544 evangelista:
2532 473 2843 542 excipiens;
2907 480 2959 527 et
2997 488 3065 528 ne
3095 472 3236 527 ullus
3271 473 3448 543 impiis
3485 475 3699 528 subter-

446 569 540 621 τοῦ
559 566 779 637 συναριθ
789 568 905 637 μεῖν
930 568 1040 628 τοῖς
1064 567 1306 633 γεγονόσι
1333 566 1425 618 καὶ
1459 566 1556 636 τὴν
1589 566 1681 619 τοῦ
1707 567 2020 636 Πνεύματος

451 660 630 728 φύσιν,
666 659 753 712 ὑπ’
782 657 1012 728 ἀριθμὸν
1047 657 1170 724 ἄγει
1202 657 1270 710 τὰ
1294 658 1490 720 πάντα,
1525 659 1651 711 ποῖά
1681 659 1796 710 ἐστι
1830 657 2018 722 ταῦτα,

452 750 489 804 ὃ.
512 747 709 801 πάντα
733 748 808 817 τῷ
851 747 1204 819 εὑαγγελιστῇ
1249 749 1340 802 καὶ
1373 749 1583 820 εἴρηται
1622 748 1714 801 καὶ
1753 749 2020 818 νενόηται.

452 841 562 893 Καὶ
594 839 840 910 καθάπερ
873 840 902 890 ὁ
931 838 1104 907 μέγας
1133 838 1312 899 Δαυῒδ,
1345 841 1521 892 πάντα
1556 838 1917 909 ὑποτετάχθαι
1945 836 2023 905 τῷ

451 925 720 998 ἀνθρώπῳ
755 930 951 997 φήσας,
985 929 1080 981 καὶ
1103 927 1164 979 το
1192 930 1312 980 κατ’
1351 923 1486 989 εἶδος
1523 928 1827 997 προσέθηκε
1848 966 1862 990 ,
1898 931 2024 979 ποῖα

449 1012 516 1091 ἦν
563 1015 632 1068 τὰ
674 1015 1260 1086 ἐμπεριλαμϐανόμενα
1302 1019 1369 1086 τῇ
1420 1017 1538 1070 τῶν
1570 1017 1810 1069 πάντων
1840 1019 2022 1086 φωνῇ,

450 1113 715 1171 τουτέστι,
741 1113 809 1166 τὰ
841 1115 1090 1183 χερσαῖα,
1121 1114 1214 1164 καὶ
1242 1112 1309 1165 τὰ
1341 1112 1554 1184 ἔνυδρα,
1585 1113 1678 1166 καὶ
1709 1112 1780 1165 τὰ
1797 1112 2026 1199 ἐυαὲεα

454 1203 604 1267 ζῶαο
640 1203 780 1256 οὑτω
818 1205 910 1256 καὶ
950 1205 978 1254 ὁ
1025 1202 1132 1255 τῶν
1180 1203 1337 1256 θείων
1370 1204 1654 1273 δογμάτων
1703 1203 1970 1272 ἐξηγητὴς
1999 1203 2071 1270 ὁ..

450 1297 744 1357 ἀπόστολος
773 1296 999 1358 Παῦλος,
1031 1297 1208 1350 πάντα
1237 1297 1293 1349 ὲν
1316 1296 1463 1366 αὑτῷ
1491 1295 1815 1365 γεγενῆσθαι
1837 1294 2022 1359 εἰπὼν,

454 1386 784 1454 περιγράφει
818 1389 929 1447 τοῖς
961 1385 1305 1455 ἁριθμηθεῖσι
1357 1385 1477 1439 τῶν
1527 1385 1768 1439 πάντων
1804 1387 1901 1455 τὴν
1945 1384 2026 1436 ἔν-

451 1490 616 1526 νοιαν.
663 1473 864 1540 Ὀρατὰ
883 1475 1012 1546 γάρ,
1063 1477 1217 1546 φησὶ,
1252 1479 1350 1529 καὶ
1381 1477 1623 1543 ἀόρατα.
1654 1476 1752 1528 Διὰ
1791 1476 1888 1546 μὲν
1919 1474 2028 1528 τῶν

451 1564 684 1635 ὁρατῶν,
726 1564 906 1629 καθὼς
953 1567 1208 1638 εἴρηται,
1255 1566 1323 1618 τὰ
1367 1569 1432 1638 τῇ
1481 1567 1728 1638 αἰσθήσει
1777 1565 2028 1636 γνώριμα

454 1653 760 1724 περιλαϐὼν
788 1655 867 1724 τῷ
888 1656 1111 1724 ὀνόματι
1131 1675 1143 1688 ·
1168 1655 1256 1709 διὰ
1283 1656 1340 1710 δὲ
1363 1655 1474 1710 τῶν
1501 1658 1564 1710 dio
1575 1656 1770 1727 ράτων,
1793 1656 1891 1727 τὴν
1919 1655 2027 1710 τῶν

452 1746 656 1816 νοητῶν
686 1747 1026 1818 αἰνιξάμενος
1064 1747 1242 1815 φύσιν.

2123 565 2363 635 fugiendi
2392 565 2544 619 locus
2584 565 2942 634 relinquatur,
2977 552 3214 634 Spiritus
3243 566 3416 620 sancti
3446 574 3697 620 naturam

2125 658 2290 712 rebus
2345 657 2545 711 creatis
2603 657 3024 718 annumerandi,
3082 658 3357 727 sigillatim
3414 668 3699 727 percenset

2123 748 2306 801 omnia
2335 747 2448 812 illa,
2481 748 2664 816 qualia
2697 749 2825 809 sint,
2857 764 2976 816 quae
3002 749 3070 801 ab
3100 748 3430 817 evangelista
3467 747 3699 800 omnium

2124 839 2344 892 nomine
2373 839 2517 891 dicta
2551 845 2603 889 et
2629 839 3020 907 (-mnprehensa
3055 848 3216 892 sunt:
3259 845 3313 891 et
3341 837 3699 906 quemadmo-

2125 928 2252 982 dum
2296 928 2355 983 Β.
2406 929 2573 982 David
2623 947 2745 983 cum
2787 930 3215 998 pronuntiasset,
3262 930 3440 983 omnia
3492 928 3699 983 homini

2125 1034 2248 1074 esse
2282 1020 2551 1088 subjecta,
2603 1023 2763 1075 etiam
2808 1022 2861 1074 in
2896 1021 3076 1090 specie
3110 1021 3422 1084 declaravit,
3452 1037 3701 1090 quamam

2127 1111 2236 1164 sint
2282 1111 2395 1174 illa,
2431 1127 2552 1181 quae
2583 1114 2816 1165 omnium
2853 1113 3122 1166 vocabulo
3163 1113 3562 1166 intellexisset:
3602 1112 3704 1166 hoc

2124 1210 2230 1265 est,
2265 1204 2566 1268 terrestria,
2597 1204 2877 1271 aquatilia,
2905 1211 2959 1258 et
2982 1203 3124 1257 aeria
3153 1204 3406 1256 animalia
3430 1203 3506 1249 "3
3546 1204 3624 1258 sic
3651 1211 3705 1256 et

2127 1290 2435 1344 divinorum
2466 1293 2814 1345 oraculorum
2845 1292 3112 1361 interpres
3161 1291 3443 1359 apostolus
3478 1291 3700 1353 Paulus,

2127 1398 2251 1436 cum
2280 1382 2529 1445 dixisset,
2573 1384 2755 1436 omnia
2783 1383 2835 1436 in
2870 1383 2988 1453 ipso
3023 1398 3146 1438 esse
3177 1382 3339 1448 facta,
3382 1383 3570 1437 definit
3605 1396 3707 1436 no-

2130 1472 2332 1525 tionem
2394 1474 2650 1534 omm‘um,
2718 1473 2962 1541 ipsarum
3027 1488 3210 1527 rerum
3271 1471 3704 1528 enumeratione.

2140 1562 2410 1628 Visibilia,
2473 1564 2672 1633 inquit,
2739 1574 2790 1617 et
2840 1562 3131 1617 invisibilia
3157 1564 3224 1615 ⁵⁸.
3279 1563 3706 1630 Aspectabilium

2130 1654 2351 1708 nomine
2386 1652 2454 1706 iis
2484 1653 2914 1722 comprehensis,
2950 1668 3071 1722 quae
3101 1653 3202 1706 sub
3227 1667 3448 1706 sensum
3481 1652 3712 1722 cadunt,

2130 1755 2190 1799 ut
2230 1754 2388 1800 antea
2444 1746 2687 1800 diximus
2736 1763 2749 1798 :
2792 1745 3010 1798 nomine
3058 1761 3186 1798 vero
3234 1743 3707 1812 inaspectabilium

2024 1894 2025 1897 η
2056 1830 2100 1885 Β
2130 1837 2320 1890 eorum
2358 1842 2610 1889 naturam
2662 1835 2998 1905 significans,
3034 1850 3156 1903 quae
3198 1834 3315 1889 sola
3351 1831 3713 1902 intelligentia

537 2114 696 2167 Ἀλλὰ
733 2115 859 2185 περὶ
895 2113 992 2184 μὲν
1020 2113 1128 2167 τῶν
1172 2111 1467 2183 αΞσθητῶν,
1504 2113 1654 2166 οὐδὲν
1709 2113 1898 2184 ἐδέησε
1935 2116 2025 2168 λε-

455 2207 740 2276 πτομερῶς
780 2206 1065 2272 διεξελθεῖν
1093 2207 1177 2259 ἐπ’
1217 2205 1495 2274 ὀνόματος.
1528 2205 1713 2268 Οὐδεὶς
1754 2205 1858 2275 γὰρ
1889 2208 2027 2260 οὓτω

457 2297 710 2368 σάρκινος
739 2296 858 2348 οὐδὲ
910 2294 1186 2366 κτηνώδης
1212 2294 1379 2356 ἐστὶν,
1414 2293 1490 2357 ὼς
1531 2294 1587 2346 ἐν
1617 2296 1728 2356 τοῖς
1756 2291 2028 2362 αἰσθητοῖς

457 2383 792 2438 ὑποπτεῦσαι
843 2385 940 2437 καὶ
979 2384 1040 2436 τὸ
1079 2383 1306 2454 Πνεῦμα
1333 2383 1394 2436 τὸ
1423 2382 1575 2452 ἆγιον
1605 2378 1764 2436 εἶναι.
1813 2381 1932 2435 Τῶν
1972 2382 2029 2436 δὲ

457 2477 701 2548 ἀοράτων
734 2475 1010 2546 μνησθεὶς,
1041 2475 1227 2545 ἐπειδὴ
1258 2474 1441 2546 νοερὰ.
1471 2476 1564 2528 καὶ
1594 2475 1900 2545 ἀσώματος,
1937 2475 2031 2530 καὶ

457 2570 491 2639 ἡ
528 2567 620 2620 τοῦ
660 2566 973 2636 Πνεύματος
1009 2567 1168 2636 φύσις
1212 2567 1376 2629 ἐστὶν,
1409 2565 1484 2629 ὡς
1512 2565 1577 2621 ἂν
1613 2568 1686 2636 μή
1715 2583 1798 2628 τις
1823 2569 1878 2618 ὲν
1908 2565 2032 2619 τού-

456 2677 568 2722 τοις
601 2659 946 2727 ὑπονοήσειεν
973 2657 1270 2726 ὑφεστάναι
1303 2657 1365 2710 τὸ
1393 2656 1615 2726 Πνεῦμα
1652 2657 1739 2710 διὰ
1770 2657 1867 2727 τὴν
1896 2656 2033 2708 κατὰ

457 2751 518 2804 τὸ
561 2750 791 2820 ἀόρατον
837 2749 1142 2813 κοινωνίαν,
1195 2749 1598 2820 ἐναργεστάτην
1653 2750 1887 2801 ποιεῖται
1936 2748 2034 2816 τὴν

458 2843 716 2912 διαίρεσιν
763 2841 869 2894 τῶν
890 2858 948 2893 τε
975 2840 1062 2894 διὰ
1087 2841 1186 2910 τῆς
1209 2841 1437 2903 κτίσεως
1457 2838 1778 2908 γεγονότων,
1813 2839 1908 2893 καὶ
1934 2839 2035 2908 τῆς

461 2933 598 3002 ὑπὲρ
619 2931 714 3002 τὴν
748 2931 921 2984 κτίσιν
949 2931 1155 2993 οὐσίας.
1204 2932 1246 2983 Τ
1252 2930 1286 2984 ὰ
1315 2930 1414 3001 μὲν
1436 2930 1542 3002 γὰρ
1585 2930 1870 2984 κτισθέντα
1903 2947 2034 2983 κατ-

461 3021 773 3092 αριθμεῖται
804 3021 882 3091 τῷ
906 3021 1070 3090 λόγῳ,
1093 3022 1355 3088 Θρόνους
1379 3020 1550 3085 τινὰς,
1579 3022 1672 3074 καὶ
1704 3020 1924 3090 Ἀρχὰς,
1943 3019 2037 3072 καὶ

476 3113 794 3180 Ἐξουσίας
826 3153 840 3177 ,
875 3114 968 3166 καὶ
1016 3113 1381 3179 Κυριότητας
1409 3111 1582 3180 λέγων
1607 3128 1620 3142 ·
1653 3113 1888 3178 γενικοῖς
1928 3126 2037 3166 τισι

462 3206 553 3272 καὶ
593 3204 1005 3276 περιληπτικοῖς
1033 3203 1257 3271 ὀνόμασι
1286 3202 1394 3256 τῶν
1439 3203 1686 3274 ἀοράτων
1720 3202 1920 3255 τούτων
1940 3201 2032 3254 δυ·
2063 3179 2108 3238 C

460 3298 676 3367 νάμεων
705 3296 800 3366 τὴν
833 3295 1178 3348 διδασκαλίαν
1204 3294 1542 3364 ποιούμενος,
1573 3294 1640 3347 τά
1674 3294 1731 3347 δὲ
1765 3294 1906 3362 ὑπὲρ
1935 3294 2034 3363 τὴν

465 3389 664 3454 κτίσιν,
712 3389 780 3441 δι’
812 3388 980 3457 αὑτῆς
1021 3387 1117 3456 τῆς
1168 3386 1375 3455 σιωπῆς
1414 3385 1743 3457 ἁποχωρίζει
1789 3385 1885 3438 τοῦ
1926 3387 2037 3456 ἀριο

467 3481 602 3550 θμοῦ
635 3480 741 3534 τῶν
787 3479 1129 3534 κτισθέντων.
1161 3479 1370 3549 Ὥσπερ
1400 3478 1465 3531 ἂν
1499 3479 1652 3541 εἴτις
1680 3478 2035 3547 προσταχθεὶς

467 3574 558 3624 ἐπὶ
598 3571 952 3642 στρατοπέδου
991 3571 1088 3634 τὰς
1121 3571 1476 3639 λεπτομερεῖς
1519 3569 1610 3621 καὶ
1639 3566 2038 3636 ὑποϐεϐηκυίας

469 3662 639 3732 ἀρχὰς
671 3664 840 3714 εἰπεῖν
868 3662 954 3714 ἐπ’
979 3662 1262 3732 ὀνόματος,
1283 3659 1599 3729 ταξιάρχας,
1630 3661 1725 3712 καὶ
1752 3659 2035 3730 λοχαγοὺς,

476 3756 903 3826 ἑκατοντάρχους
933 3771 991 3806 τε
1025 3753 1121 3805 καὶ
1151 3751 1481 3822 χιλιάρχους,
1507 3751 1599 3804 καὶ
1629 3749 1683 3802 εἴ
1711 3767 1850 3813 τινες
1883 3749 2038 3802 ἄλλαι

469 3844 574 3897 τῶν
605 3843 742 3897 κατὰ
774 3845 936 3914 μέρος
957 3841 1286 3897 δυναστειῶν
1309 3841 1688 3911 ὠνομασμέναι
1717 3842 1840 3906 εἰσὶ,
1861 3841 2038 3915 πάσας

470 3934 750 3999 διεξελθὼν
778 3934 854 4004 τῷ
882 3935 1043 4004 λόγῳ,
1067 3935 1165 4003 τῆς
1195 3933 1411 3986 πάντων
1445 3931 1770 4002 κρατούσης,
1816 3932 1909 3983 καὶ
1941 3932 2041 3983 πᾶ·

473 4043 571 4079 σαν
594 4025 688 4096 τήν
718 4024 942 4094 δύναμιν
985 4025 1272 4094 διεπούσης
1300 4023 1475 4095 ἀρχῆς
1516 4022 1783 4093 μηδεμίαν
1820 4023 2040 4092 μνήμην

471 4118 778 4186 ποιήσαιτο·
814 4117 874 4168 οὑ
901 4116 967 4168 δι’
1011 4115 1328 4187 ὑπεροψίαν,
1362 4113 1587 4184 ἢλήθην
1625 4099 1720 4184 τὴν
1754 4113 2042 4182 ὑπερέχου-

473 4226 569 4262 σαν
596 4207 767 4278 ἀρχὴν
795 4211 1105 4277 σιωπήσας,
1140 4207 1254 4259 ἀλλ’
1289 4207 1370 4258 ὃτι
1399 4204 1558 4275 μόνον
1585 4204 1680 4264 τὴν
1712 4204 1950 4274 ὑπήκοόν
1982 4221 2041 4258 τε

471 4303 564 4355 καὶ
584 4285 890 4370 ὑποχείριον
911 4297 1062 4364 τάξιν
1081 4294 1366 4360 διεξελθεῖν
1389 4296 1421 4366 ἢ
1448 4293 1824 4365 προσταχθεὶς,
1854 4294 1886 4363 ἢ
1909 4311 2042 4364 προ-

473 4391 695 4461 θέμενος
724 4408 736 4421 ·
771 4389 1046 4461 ὑϐρίσειεν,
1065 4388 1129 4441 ἂν
1159 4389 1213 4439 ἐν
1240 4390 1304 4456 τῇ
1330 4386 1433 4438 τῶν
1461 4385 1832 4455 ὑποκειμένων
1857 4386 2041 4456 μνήμῃ

2132 1927 2529 1998 percipiuntur.

2205 2105 2308 2162 Sed
2352 2107 2418 2162 de
2459 2105 2813 2186 sensibilihus
2853 2105 3071 2174 quidem
3110 2105 3413 2167 enucleate,
3444 2113 3497 2158 et
3532 2105 3710 2158 nomi-

2134 2201 2306 2254 natim
2361 2199 2610 2269 exsequi,
2651 2199 2800 2252 nulla
2859 2196 3160 2252 necessitas
3213 2197 3498 2264 exigebat;
3554 2209 3713 2249 nemo

2135 2292 2291 2346 enim
2341 2291 2476 2345 adeo
2516 2290 2757 2344 carnalis
2785 2296 2838 2343 et
2868 2289 3121 2357 stupidus
3147 2296 3251 2351 est,
3283 2289 3373 2356 qui
3401 2286 3714 2354 suspicetur

2139 2383 2401 2452 Spiritum
2441 2391 2688 2436 sanctmn
2732 2395 2915 2435 rerum
2955 2379 3296 2433 sensibilium
3350 2379 3542 2431 ordine
3583 2392 3715 2430 eon-

2137 2475 2326 2529 tineri.
2354 2474 2424 2526 At
2465 2489 2586 2528 cum
2613 2471 3085 2540 inaspectabilium
3112 2469 3442 2524 mentionem
3475 2468 3712 2533 fecisset,

2138 2581 2262 2620 cum
2285 2565 2404 2636 ipsa
2431 2566 2596 2618 etiam
2632 2562 2873 2633 Spiritus
2902 2562 3074 2616 sancti
3110 2572 3303 2615 natura
3323 2561 3392 2614 sit
3425 2560 3715 2615 intellecti-

2139 2657 2208 2711 lis
2251 2667 2304 2712 et
2349 2658 2702 2725 incorporea,
2749 2671 2816 2710 ne
2873 2655 2998 2724 quis
3032 2654 3284 2708 fortassis
3330 2653 3508 2721 ipsum
3548 2650 3712 2705 etiam

2142 2747 2410 2818 Spiritum
2464 2755 2716 2802 sanctum
2767 2745 2816 2799 itt
2872 2745 3066 2798 harum
3115 2745 3346 2798 classem
3395 2742 3714 2812 conjiceret,

2140 2843 2212 2898 ob
2237 2841 2682 2897 communionem
2707 2854 2831 2893 ettm
2857 2839 3024 2893 rebus
3052 2838 3120 2892 ab
3161 2838 3449 2892 oculorum
3489 2844 3714 2907 aspectu

2143 2933 2385 2998 remotis,
2426 2932 2892 2987 evidentissimam
2915 2931 3329 2985 distinctionem
3361 2930 3488 2984 facit
3528 2945 3716 2985 eorum

2143 3039 2264 3093 quze
2318 3039 2416 3092 per
2472 3023 2807 3077 creationem
2843 3021 2982 3076 facta
3012 3030 3160 3087 sunt,
3192 3023 3420 3090 ejusque
3462 3022 3720 3076 substan-

2146 3118 2252 3180 tim,
2300 3131 2420 3185 qua:
2453 3116 2733 3170 creatione
2769 3115 3022 3184 superior
3046 3122 3150 3168 est.
3181 3115 3375 3170 Creata
3413 3116 3556 3169 enim
3599 3131 3720 3184 per-

2139 3215 2327 3262 censet
2373 3207 2464 3260 illa
2512 3208 2785 3269 oratione,
2831 3222 2954 3259 cum
3011 3205 3268 3270 Thronos,
3315 3207 3607 3275 quosdam,
3665 3213 3720 3261 et

2138 3298 2502 3366 Prinnipatus,
2557 3307 2612 3353 et
2645 3297 2962 3363 Poteslales,
3011 3305 3065 3353 et
3099 3298 3493 3352 nominationes
3549 3298 3723 3352 nomi-

2141 3398 2234 3443 nat
2262 3391 2308 3422 ⁸¹
2333 3408 2347 3443 :
2374 3391 2724 3460 generalibus
2760 3390 3089 3459 quibusdam
3122 3399 3177 3445 et
3206 3393 3310 3444 vim
3344 3392 3718 3448 multitudinis

2095 3500 2108 3507 ·
2139 3481 2490 3541 habentibus.
2522 3481 2831 3534 doctrinam
2875 3482 3068 3535 harum
3101 3483 3572 3551 inaspectabilium
3612 3483 3722 3536 vir—

2141 3580 2318 3626 ιυιυηι
2372 3570 2634 3638 tradens;
2687 3588 2751 3626 ea
2818 3588 2970 3636 vero,
3045 3589 3168 3643 quae
3218 3589 3384 3643 supra
3451 3585 3722 3628 creatura:

2140 3677 2368 3717 censum
2401 3670 2590 3717 evecta
2634 3672 2785 3726 sunt,
2821 3663 2941 3732 ipso
2975 3662 3192 3717 silentio
3221 3679 3285 3718 ex
3318 3679 3548 3718 numero
3570 3679 3718 3719 crea-

2141 3762 2388 3808 turarum
2433 3761 2701 3824 segregat.
2751 3753 3216 3819 Quemadmodum
3267 3756 3313 3809 si
3370 3757 3494 3825 quis
3523 3755 3718 3824 jussus

2141 3845 2399 3900 distincte
2445 3854 2498 3899 et
2546 3845 2868 3898 nominatim
2901 3860 3228 3900 enumerans
3280 3847 3521 3901 minores
3556 3861 3610 3902 et
3642 3849 3719 3901 in-

2144 3936 2374 3992 feriores
2409 3935 2722 3991 functiones
2752 3937 2996 3999 bellicas,
3028 3936 3281 3990 ordinum
3312 3938 3594 4004 ductores,
3629 3940 3722 3994 de-

2141 4028 2420 4089 euriones,
2470 4029 2843 4091 centuriones,
2892 4029 3246 4093 chiliarchas,
3279 4039 3332 4082 et
3367 4030 3410 4084 si
3438 4045 3560 4098 quae
3592 4041 3720 4085 sunt

2143 4119 2249 4172 alia
2271 4118 2458 4172 munia
2480 4117 2764 4187 speciatim
2793 4126 3160 4186 percenseret,
3197 4121 3562 4190 omnibusque
3583 4137 3722 4175 enus

2144 4209 2368 4264 meratis
2419 4223 2752 4277 supremam,
2788 4217 2842 4264 et
2893 4225 3015 4280 qme
3048 4210 3183 4264 alias
3231 4225 3421 4266 omnes
3449 4212 3719 4275 continet,

2145 4307 2475 4372 potestatem
2519 4300 2740 4354 silentio
2777 4300 3099 4370 praeteriret,
3137 4317 3245 4355 non
3291 4311 3605 4371 contemptu
3634 4305 3718 4357 vel

2144 4393 2421 4448 oblivione
2469 4407 2629 4446 suum
2679 4391 2920 4446 ofllcium
2953 4393 3391 4463 praetermittens,
3445 4395 3717 4462 sedquod

476 4479 894 4552 συμπεριλαϐὼν
910 4481 1004 4534 καὶ
1018 4479 1115 4548 τὴν
1137 4477 1406 4548 ἄρχουσαν
1431 4492 1443 4503 ·
1466 4475 1608 4528 οὕτω
1629 4491 1714 4544 μοι
1731 4474 1877 4526 δοκεῖ
1901 4475 1993 4529 καὶ
2016 4475 2039 4525 ὁ

2149 4483 2232 4538 vel
2273 4484 2485 4551 jussus,
2541 4483 2628 4537 vel
2681 4481 2865 4536 dedita
2915 4497 3079 4552 opera
3135 4490 3347 4536 tantum
3395 4499 3724 4540 enumerare

474 4576 532 4626 ὲν
558 4572 871 4643 παραδείσῳ
901 4570 1124 4640 μυηθεὶς
1154 4568 1220 4621 τὰ
1249 4567 1529 4638 ἀπόρρητα
1562 4564 1791 4627 Παῦλος,
1825 4566 1912 4617 ὅτε
1945 4567 2040 4635 ἁρ-

477 4664 671 4730 παγεὶς
705 4664 763 4715 ὲν
791 4660 938 4732 αὐτῷ
969 4661 1182 4727 ἐγένετο
1217 4659 1310 4712 καὶ
1339 4658 1445 4710 τῶν
1485 4659 1889 4729 ὑπερουρανίων
1916 4657 2048 4711 θαυ-

480 4755 663 4824 μάτων
703 4753 899 4823 θεατὴς
935 4751 1235 4814 καταστὰς,
1271 4749 1341 4802 τὰ
1369 4747 1672 4819 ἀνθρώποις
1702 4749 1913 4819 ἄρρητα
1958 4748 2057 4819 καὶ,

477 4841 608 4908 εἰδε,
644 4845 738 4896 καὶ
765 4844 996 4912 ἤκουσεν
1022 4861 1033 4873 ·
1067 4836 1221 4904 οὗτος
1249 4841 1317 4894 τά
1342 4840 1418 4910 τῷ
1448 4841 1634 4910 Κυρίῳ
1662 4840 1947 4892 κτισθέντα
1978 4839 2055 4892 δι-

481 4937 637 5000 δάξαι
675 4935 1029 5006 προθέμενος,
1079 4934 1265 5002 ἐπειδὴ
1318 4932 1560 5001 διεξῆλθε
1609 4931 1779 4984 ταῦτα
1807 4931 1883 5001 τῷ
1914 4931 2056 5001 λόγῳ

481 5046 546 5080 πε
555 5029 899 5099 ριληπτικαῖς
920 5043 1028 5079 τισι
1052 5027 1273 5094 φωναῖς,
1299 5023 1606 5093 διαδραμὼν
1622 5023 1716 5092 τὴν
1737 5023 2052 5092 ἀγγελικὴν,

481 5120 574 5172 καὶ
602 5118 965 5188 ὑπερκὸσμιον
989 5117 1234 5186 δύναμιν,
1270 5115 1494 5184 ἔστησεν
1523 5116 1581 5166 ὲν
1613 5117 1724 5176 τοῖς
1755 5128 2057 5182 μνημονευ-

483 5211 620 5264 θεῖσι
654 5211 742 5264 τὸν
795 5210 976 5277 λόγον,
1007 5208 1114 5262 τῶν
1154 5208 1294 5278 ὑπὲρ
1326 5207 1423 5276 τὴν
1456 5207 1632 5258 κτίσιν
1666 5203 1816 5256 οὐδὲν
1847 5205 1926 5266 είς
1969 5203 2058 5256 τὸν

483 5301 779 5367 κατάλογον
819 5299 925 5352 τῶν
959 5297 1190 5352 κτιστῶν
1227 5295 1562 5358 καθελκύσας
1587 5310 1598 5324 ·
1642 5292 1716 5356 ὡς
1751 5293 1813 5345 ἐκ
1869 5292 2068 5362 τούτου,

487 5391 668 5460 σαφῶς
691 5391 801 5444 ἄνω
821 5391 920 5461 τῆς
945 5390 1171 5452 κτίσεως
1201 5383 1420 5441 εἶναιτὸ
1444 5385 1668 5455 Πνεῦμα
1693 5384 1755 5437 τὸ
1781 5383 1934 5452 ἅγιον
1954 5382 2057 5436 ὑπὸ

481 5484 582 5554 τῆς
608 5484 826 5555 Γραφῆς
859 5481 1269 5553 μαρτυρεῖσθαι.

2151 4576 2309 4628 vellet
2350 4588 2575 4627 munera
2622 4572 2878 4630 inferiora
2913 4583 2967 4628 et
3017 4574 3086 4627 ab
3135 4574 3257 4628 aliis
3305 4573 3595 4644 pendentia
3628 4593 3642 4631 :
3675 4576 3723 4630 is

2150 4664 2354 4734 injuria
2394 4665 2783 4735 imperatorem
2830 4663 3093 4729 afficeret,
3149 4666 3192 4718 si
3241 4680 3366 4718 eum
3425 4667 3478 4719 in
3526 4665 3724 4722 ordino

2149 4773 2359 4816 eorum,
2401 4757 2494 4826 qtti
2547 4755 2825 4812 inferioris
2875 4767 3000 4811 sunt
3044 4757 3346 4824 dignitatis,
3392 4765 3719 4825 reponeret:

2151 4846 2224 4899 ita
2275 4846 2488 4900 videtur
2529 4847 2663 4900 mihi
2709 4847 2869 4900 etiam
2919 4846 2978 4899 D.
3033 4847 3235 4902 Paulus
3279 4863 3366 4902 res
3415 4849 3631 4904 abditas
3665 4849 3722 4904 in

2153 4937 2409 5007 paradiso
2461 4937 2711 5000 edoctus,
2751 4937 2967 5007 quando
3007 4939 3060 4992 iu
3101 4953 3223 4992 eum
3266 4951 3477 5008 raptus,
3513 4948 3567 4995 et
3615 4956 3727 4996 (ιω-ι

2155 5026 2377 5079 lestiutn
2428 5039 2752 5078 arcanorum
2806 5034 3084 5094 spectator
3129 5027 3354 5081 clfectus
3405 5035 3510 5090 est,
3551 5044 3729 5098 eaque

2153 5116 2287 5169 vidit
2335 5122 2390 5170 et
2438 5115 2668 5177 audivit,
2702 5131 2823 5184 quae
2849 5116 3056 5169 homini
3091 5116 3244 5171 nefas
3274 5117 3453 5187 eloqui
3493 5119 3562 5183 ⁸²,
3599 5135 3726 5174 cum

2151 5221 2412 5262 enarrare
2435 5207 2809 5276 proposuisset
2844 5223 2933 5262 res
2966 5208 3020 5261 iu
3050 5206 3281 5263 Domino
3321 5220 3537 5265 creatas
3571 5219 3726 5280 post-

2155 5312 2316 5366 quam
2363 5298 2746 5354 commuuibus
2798 5298 3126 5369 quibusdam
3154 5301 3438 5356 vocabulis
3463 5317 3556 5357 eas
3597 5319 3731 5356 enu-

2161 5395 2428 5444 merasset
2453 5407 2464 5442 :
2486 5399 2811 5461 pervagatus
2837 5392 3133 5462 angelicam
3153 5399 3206 5446 et
3230 5393 3730 5463 supermundanam

2161 5478 2310 5532 illam
2355 5487 2701 5547 potestatem,
2737 5485 3038 5537 orationem
3083 5483 3136 5536 in
3183 5481 3516 5552 supradictis
3549 5484 3733 5537 termi-

486 5578 654 5640 navit,
702 5578 835 5630 nihil
887 5592 1098 5640 eorum,
1149 5591 1270 5645 quae
1325 5587 1488 5642 supra
1533 5580 1839 5626 creaturam
1903 5576 2050 5633 sunt,
2092 5569 2147 5625 in
2197 5572 2444 5626 ordinem
2492 5582 2866 5629 creaturarum
2917 5576 3166 5642 trahens,
3211 5583 3269 5630 ut
3310 5589 3374 5628 ex
3447 5573 3549 5631 hoc
3612 5577 3734 5646 ipso

593 5691 637 5722 ι’
665 5691 808 5747 Psal.
843 5707 958 5757 vnt,
989 5690 1023 5746 8
1054 5706 1173 5761 sqq.
1251 5689 1295 5722 ³ο
1326 5689 1537 5745 Coloss.
1566 5703 1607 5753 ι,
1638 5687 1723 5744 i6.
1836 5687 1880 5718 ⁵⁸
1909 5685 2039 5740 ibid.

2163 5687 2209 5718 "
2241 5685 2284 5741 ll
2306 5686 2434 5744 Cor.
2469 5703 2564 5754 xu,
2588 5688 2622 5741 2
2661 5705 2782 5760 ειμι.
