4166 6372
398 299 499 358 547

1632 296 1691 351 S.
1732 295 2062 355 GREGORH
2101 298 2142 352 Ν
2157 297 2415 355 ΥΞΞΕΝΓ

3552 303 3666 360 548

396 410 753 468 manifestum
782 408 1157 466 testimonium
1219 423 1249 462 a
1308 406 1484 465 sacris
1543 406 1764 467 Litteris
1832 410 2201 480 perhibeatur,
2274 414 2537 485 Spiritum
2589 422 2841 471 sanctum
2907 421 3061 471 extra
3110 413 3416 470 creatarum
3471 431 3654 472 rerum

395 517 684 559 numerum
737 502 1046 558 habendum
1102 517 1243 558 esse.

466 593 624 661 Quod
669 594 716 649 si
764 592 892 663 quis
941 590 1220 646 refutandi
1264 591 1436 662 gratia
1468 593 1712 664 objieiat,
1749 608 1817 649 ne
1851 592 1979 647 che-

2159 594 2221 646 Εί
2251 592 2307 645 δέ
2357 609 2438 657 τις
2494 591 2793 663 ἀνατρέποι
2823 591 2913 644 τὸν
2947 592 3125 660 λόγον,
3165 591 3240 655 ὼς
3267 592 3389 645 οὐδὲ
3419 593 3529 645 τῶν
3557 594 3657 646 Χε-

395 685 720 739 rubinorum
770 681 994 752 quidem
1049 681 1389 736 mentionem
1445 697 1473 735 a
1515 682 1581 737 D.
1637 681 1807 737 Paulo
1856 698 1978 739 esse

397 775 620 839 factam,
660 790 848 830 verum
896 783 948 829 et
982 773 1081 829 hos
1116 789 1331 844 quoque
1369 788 1494 827 cum
1528 773 1734 844 Spiritu
1785 782 1978 829 sancto

396 866 453 920 in
476 866 720 921 ordinem
744 873 1123 921 creaturarum
1151 866 1269 937 ipsa
1292 866 1661 936 prteteritione
1690 866 1978 935 conjectos

395 972 539 1021 esse,
585 956 858 1025 simulque
914 957 1147 1026 probare
1204 964 1455 1021 conetur,
1505 957 1590 1011 vel
1640 958 1743 1013 hos
1787 958 1974 1024 etiam,

395 1060 463 1101 eo
508 1046 651 1116 quod
700 1046 812 1101 sint
878 1045 1256 1115 praatermissi,
1312 1061 1480 1115 super
1528 1054 1812 1101 creaturas
1855 1063 1980 1101 eve-

397 1136 629 1204 hendos,
687 1138 769 1192 vel
818 1153 995 1207 neque
1040 1136 1309 1207 Spiritum
1358 1144 1611 1191 sanctum
1663 1153 1731 1193 ex
1765 1139 1979 1192 illorum

397 1230 589 1285 ordine
630 1229 975 1285 eximendum
1011 1245 1134 1285 esse
1178 1249 1191 1285 :
1242 1230 1289 1285 is
1320 1229 1665 1300 diligentius,
1697 1245 1817 1296 oro,
1856 1246 1981 1300 per-

397 1319 599 1390 pendat
638 1332 857 1373 sensum
901 1332 1114 1382 eorum,
1168 1333 1289 1387 quae
1326 1317 1381 1371 in
1432 1317 1525 1371 illa
1564 1318 1982 1373 enumeratione

399 1411 576 1481 posita
626 1419 776 1471 sunt.
825 1408 988 1478 idque
1037 1408 1185 1479 quod
1238 1409 1506 1463 omissum
1563 1408 1800 1474 videtur,
1856 1411 1981 1479 quia

398 1501 721 1557 nominatim
773 1515 882 1555 non
922 1508 1007 1555 est
1050 1515 1394 1570 expressum,
1439 1500 1678 1555 inveniet
1709 1516 1835 1555 cum
1885 1518 1979 1557 su-

398 1592 657 1662 pradictis
726 1590 987 1661 positum.
1037 1590 1142 1656 Qui
1202 1592 1347 1646 enim
1398 1590 1611 1645 thronos
1661 1593 1979 1657 nominavit,

399 1682 449 1736 is
502 1680 613 1734 alio
664 1680 880 1734 nomine
925 1680 1188 1733 cherubim
1244 1683 1555 1752 expressit,
1607 1683 1980 1740 obscuriorem

408 1773 652 1828 videlicet
692 1788 877 1828 vocem
925 1772 1248 1828 llebraicam
1295 1774 1528 1829 clariore
1575 1773 1763 1829 Graeca
1807 1776 1977 1845 signi-

409 1879 611 1919 aeans:
639 1879 764 1918 cum
793 1865 1033 1935 legisset,
1062 1864 1230 1920 Deum
1259 1866 1449 1920 sedere
1483 1882 1649 1935 super
1692 1868 1978 1935 cherubim,

2048 1728 2051 1731 λ
2086 1690 2185 1757 ϐὶμ
2215 1687 2452 1750 ἀκούσας
2475 1726 2490 1751 ,

2084 684 2283 753 ρουὸὶμ
2317 682 2426 735 ὑπὸ
2448 682 2541 735 τοῦ
2586 681 2799 735 Παύλου
2838 681 3323 752 μνημονευθέντων
3345 702 3356 713 ·
3399 674 3537 736 ἀλλὰ
3564 685 3658 737 καὶ

2080 774 2285 827 τούτων
2321 773 2459 843 μετὰ
2503 772 2614 826 τοῦι
2642 772 2957 843 Πνεύματος
2998 773 3055 825 ἐν
3096 776 3163 844 τῇ
3209 773 3316 826 τῶν
3357 775 3658 842 γεγονότων

2082 865 2460 937 ἀπαριθμήσει
2479 863 2879 935 σιωπηθέντων,
2911 866 3004 918 καὶ
3035 866 3427 929 κατασκευάζοι
3452 866 3540 919 διὰ
3561 866 3656 921 τοῦ

2084 956 2509 1028 παραλελεῖφθαι
2529 956 2626 1026 τὴν
2649 957 2776 1027 περὶ
2798 956 3001 1009 τούτων
3026 958 3267 1028 μνήμην,
3292 958 3323 1028 ἢ
3350 959 3442 1011 καὶ
3486 955 3661 1012 ταῦτα

2084 1050 2225 1120 ὑπὲρ
2248 1050 2346 1120 τὴν
2375 1050 2574 1115 κτίσιν,
2596 1049 2629 1119 ἢ
2656 1049 2789 1119 μηδὲ
2800 1048 2860 1101 τὸ
2886 1048 3107 1119 Πνεῦμα
3128 1049 3237 1103 δεῖν
3259 1048 3486 1113 οἴεσθαι,
3504 1050 3656 1119 λογι-

2085 1142 2269 1195 σάσθω
2320 1142 2407 1212 τὴν
2436 1141 2544 1194 τῶν
2581 1140 2785 1211 ἀτπιριθ
2795 1159 2866 1212 μη
2877 1142 3053 1211 μένων
3077 1141 3333 1206 διάνοιαν,
3356 1143 3450 1195 καὶ
3472 1141 3531 1195 τδ
3556 1158 3661 1194 παι

2085 1235 2294 1305 ρείσθαι
2321 1232 2533 1298 δοκοῦν,
2570 1234 2649 1286 ὅτι
2681 1232 2756 1303 μὴ
2785 1231 2844 1296 ἐξ
2865 1232 3127 1301 ὀνόματος
3146 1233 3178 1301 ἡ
3199 1232 3386 1302 μνήμη
3416 1232 3657 1299 γέγονεν,

2083 1327 2140 1379 ὲν
2170 1329 2280 1389 τοῖς
2313 1325 2620 1396 εἰρημένοις
2649 1323 2961 1392 κατόψεται.
3015 1322 3071 1375 'U
3102 1320 3210 1392 γὰρ
3247 1322 3485 1390 Θρόνων
3522 1339 3658 1393 μνη-

2087 1415 2374 1486 μονεύσας,
2403 1412 2547 1483 ἄλλῳ
2578 1411 2805 1482 ὀνόματι
2834 1410 2906 1464 τὰ
2932 1408 3219 1479 Χερουϐὶμ
3249 1409 3563 1480 διηγήσατο,
3592 1409 3658 1477 τῇ

2084 1505 2482 1576 γνωριμωτέρα
2536 1503 2877 1573 προσηγορίᾳ
2901 1503 2962 1555 τὸ
2995 1503 3202 1572 ἀσαφὲς
3238 1503 3338 1573 τῆς
3382 1501 3659 1571 Ἐϐραΐδος

2083 1596 2444 1667 ὲξελληνὶσας.
2467 1594 2751 1666 Καθῆσθαι
2774 1594 2881 1663 γὰρ
2907 1593 2996 1646 τὸν
3016 1594 3146 1646 Θεὸν
3173 1594 3265 1647 ἐπὶ
3300 1593 3407 1646 τῶν
3442 1595 3660 1659 Χερου-

2535 1688 2634 1750 τὰς
2675 1686 2930 1755 δυνάμεις
2959 1685 3161 1748 ταύτας
3200 1684 3293 1738 τοῦ
3343 1686 3429 1737 ἐπ’
3479 1682 3661 1735 αὐτῶν

2085 1779 2448 1849 καθεζομένου
2488 1779 2709 1849 θρόνους
2736 1779 3013 1849 ὠνόμασεν
3037 1794 3050 1806 ·
3082 1777 3344 1841 ὡσαύτως
3380 1778 3433 1831 δὲ
3467 1779 3560 1831 καὶ
3594 1779 3661 1831 τὰ

2087 1868 2236 1938 παρὰ
2269 1866 2346 1938 τῷ
2390 1868 2584 1939 Ἡσαΐᾳ
2620 1868 2871 1937 Σεραφὶμ
2894 1906 2907 1928 ,
2941 1867 3067 1937 παρ’
3097 1861 3171 1919 ὧν
3200 1866 3442 1937 ἐναργῶς
3470 1867 3531 1919 τὸ
3562 1866 3661 1935 τῆς

409 1957 637 2012 virtutes
678 1958 814 2012 istas
848 1958 989 2026 ejus,
1028 1958 1121 2026 qui
1160 1974 1323 2027 supra
1351 1959 1500 2027 ipsas
1536 1958 1708 2024 sedet,
1752 1961 1979 2015 thronos

2092 1962 2314 2031 Τριάδος
2345 1959 2620 2030 ἐκηρύχθη
2654 1959 2948 2029 μυστήριον
2972 1974 2985 1986 ·
3015 1960 3102 2011 ὅτε
3125 1958 3223 2028 τὴν
3253 1958 3449 2027 Ἄγιος
3479 1959 3660 2028 φωνὴν

409 2048 727 2118 appellavit;
780 2049 1035 2103 similiter
1076 2057 1132 2103 et
1181 2048 1456 2118 seraphim
1498 2049 1641 2119 apud
1690 2049 1909 2114 Isaiam,
1948 2066 1977 2103 a

410 2138 606 2208 quibus
644 2139 968 2210 mysterium
996 2146 1200 2194 sanctae
1236 2138 1525 2193 Trinitatis
1554 2142 1842 2209 perspicue
1880 2157 1977 2194 an-

410 2232 713 2286 nuntiatum
766 2240 894 2289 est:
941 2233 1164 2303 quando
1207 2234 1471 2303 hymnum
1514 2234 1691 2300 illum,
1734 2233 1980 2298 Sanetus,

2084 2054 2142 2106 τὸ
2176 2055 2232 2105 ὲν
2264 2052 2475 2123 ἑκάστῳ
2508 2052 2615 2106 τῶν
2644 2057 2700 2106 ἐν
2734 2056 2798 2124 τῇ
2840 2054 3028 2124 Τριάδι
3058 2053 3251 2115 κάλλος
3280 2052 3661 2124 καταπλησσό-

2086 2161 2255 2213 μενα,
2311 2143 2698 2213 θαυμαστικῶς
2756 2142 3082 2213 ἐξεϐόησαν·
3145 2144 3523 2215 περιείληπται
3584 2141 3663 2212 τῷ

2083 2234 2367 2304 καταλόγῳ
2406 2233 2515 2287 τῶν
2548 2235 3049 2305 μνημονευθὲντων,
3081 2237 3147 2306 τῇ
3185 2235 3522 2306 προσηγορίᾳ
3555 2233 3662 2287 τῶν

410 2338 460 2375 ιιι
506 2323 750 2392 qualibet
792 2333 995 2379 sanctae
1044 2324 1330 2380 Trinitatis
1385 2338 1618 2393 persona
1669 2324 1983 2393 pulchritu-

2092 2326 2365 2394 δυνάμεων
2384 2325 2749 2395 ὀνομασθέντα
2771 2327 2921 2395 παρά
2946 2344 3005 2379 τε
3026 2326 3118 2379 τοῦ
3148 2326 3384 2397 μεγάλου
3413 2324 3648 2387 Παύλου,

410 2410 586 2467 dinem
614 2422 669 2467 et
701 2413 956 2470 decorem
990 2416 1466 2484 obstupescentes,
1495 2416 1820 2470 mirabiliter
1848 2432 1983 2470 con-

411 2506 722 2571 cinuerunt,
776 2508 1164 2576 comprehensi
1219 2516 1349 2562 sunt
1399 2509 1451 2562 in
1508 2510 1760 2579 catalogo
1795 2525 1987 2578 supra-

411 2594 586 2665 posito
644 2612 675 2649 a
715 2611 908 2666 magno
960 2597 1147 2659 Paulo,
1210 2606 1263 2652 et
1324 2599 1543 2667 quidem
1605 2599 1826 2654 nomine
1862 2601 1990 2653 vir-

411 2694 585 2739 tutum
617 2705 631 2739 :
663 2696 716 2740 et
742 2694 867 2742 ante
905 2703 934 2740 a
970 2689 1235 2759 propheta
1268 2687 1489 2750 Davide,
1525 2690 1617 2759 qui
1648 2690 1722 2744 ait
1763 2708 1776 2744 :
1812 2689 1987 2744 Bene-

411 2774 565 2829 dicite
608 2774 915 2842 Dominum,
955 2794 1130 2830 omnes
1167 2778 1381 2831 virtutes
1407 2778 1551 2846 ejus;
1594 2779 1824 2831 ministri
1852 2779 1990 2847 ejus,

412 2867 500 2935 qui
546 2865 723 2935 facitis
770 2870 1090 2921 voluntatem
1123 2867 1238 2936 ejus
1284 2868 1331 2899 ⁸³
1368 2888 1381 2923 :
1434 2869 1605 2923 Isaias
1651 2879 1830 2923 autem
1866 2870 1988 2925 loco

412 2955 563 3010 verbi
586 2954 903 3025 Benedicite,
938 2959 1055 3028 ipsa
1078 2957 1478 3013 benedictionis
1525 2968 1582 3013 et
1612 2960 1797 3030 hymni
1831 2962 1991 3014 verba

414 3047 595 3116 posuit
631 3066 644 3102 :
682 3047 934 3113 Sanctus,
972 3048 1203 3104 Sanctus
1272 3049 1500 3105 Sanctus
1560 3050 1816 3104 Dominus
1856 3052 1991 3103 Deus

413 3136 651 3191 Sabaoth
693 3150 713 3190 :
766 3137 923 3206 plena
969 3147 1047 3192 est
1086 3140 1255 3192 omnis
1310 3148 1452 3193 terra
1507 3140 1679 3208 gloria
1729 3140 1844 3208 ejus
1900 3140 1989 3194 ’δε

419 3227 709 3284 ministros
736 3243 867 3283 vero
893 3244 1016 3283 esse
1037 3228 1137 3283 bas
1164 3228 1419 3295 virtutes,
1458 3229 1719 3283 facientes
1748 3230 1994 3282 volunta-

416 3325 523 3373 tem
555 3319 674 3386 Dci,
711 3336 807 3391 per
825 3331 1172 3390 peccatorum
1198 3320 1663 3382 emundationem,
1689 3320 1987 3375 secundum

415 3414 753 3469 voluntatem
789 3414 1080 3480 mittentis,
1113 3413 1181 3467 ab
1204 3428 1314 3467 uno
1362 3430 1425 3468 ex
1460 3414 1871 3483 seraphinorum
1901 3428 1990 3466 or-

2087 2416 2180 2467 καὶ
2220 2415 2325 2485 πρὸ
2365 2415 2555 2467 τούτου
2604 2417 2751 2485 παρὰ
2796 2415 2891 2468 τοῦ
2954 2417 3231 2488 προφήτου
3270 2416 3459 2469 Δαϐίδο
3506 2417 3535 2469 ὁ
3569 2416 3665 2486 μὲν

2088 2505 2194 2575 γάρ
2231 2522 2392 2575 φησιν
2416 2522 2429 2536 ·
2463 2505 2781 2573 Εὐλογεῖτε
2827 2506 2932 2559 τὸν
2962 2508 3202 2575 Κύριον,
3243 2507 3433 2563 πᾶσαι
3470 2510 3529 2559 αἱ
3570 2506 3669 2559 δυ-

2087 2589 2295 2658 νάμεις
2334 2590 2559 2654 αὐτοῦ,
2598 2592 2929 2659 λειτουργοὶ
2978 2590 3197 2656 αὐτοῦ,
3251 2591 3563 2656 ποιοῦντες
3600 2589 3666 2643 τὸ

2090 2664 2319 2747 θέλημα
2352 2681 2557 2735 αὑτοῦ.
2607 2679 2666 2735 Ὀ
2697 2682 2753 2734 δὲ
2798 2682 3025 2744 Ἡσαΐας
3052 2683 3172 2735 ἀντὶ
3212 2682 3307 2735 τοῦ
3350 2674 3681 2751 Εὐλογεῒτε·

2091 2771 2284 2834 εἰπεῖν,
2315 2770 2384 2823 τὰ
2424 2774 2645 2842 ῥήματα
2672 2772 2772 2841 τῆς
2799 2772 3048 2840 εὐλογίας
3078 2773 3406 2844 ἀνέγραψεν,
3441 2773 3665 2842 Ἄγιος,

2093 2862 2326 2930 ”Αγιος,
2366 2863 2559 2932 Ἄγιος
2585 2864 2798 2930 Κύριος
2835 2862 3106 2917 Σαϐαὼθ·
3139 2863 3379 2931 πλήρης
3422 2861 3589 2917 πᾶσα
3628 2864 3666 2930 ὴ

2101 2952 2175 3022 γῆ
2207 2953 2317 3022 τῆς
2350 2953 2536 3021 δόξης
2568 2955 2782 3008 αὑτοῦ·
2831 2954 2891 3006 τὸ
2920 2954 2976 3007 δὲ
3013 2954 3354 3026 λειτουργοὺς
3393 2951 3529 3007 εἶναι
3568 2955 3689 3016 τὰς

2093 3044 2347 3115 δυνάμεις
2378 3045 2579 3108 ταύτας
2625 3047 2881 3109 ποιούσας
2924 3046 2984 3098 τὸ
3014 3047 3225 3118 θέλημα
3259 3047 3352 3099 τοῦ
3379 3047 3515 3100 Θεοῦ
3536 3087 3549 3111 ,
3581 3047 3669 3100 διὰ

2094 3137 2192 3207 τῆς
2215 3137 2512 3207 γενομένης
2540 3137 2819 3208 ἁμαρτιῶν
2843 3137 3161 3208 καθάρσεως
3179 3137 3320 3191 κατὰ
3342 3138 3402 3191 τὸ
3425 3137 3671 3208 βούλημα

2096 3228 2191 3282 τοῦ
2238 3228 2653 3291 ἀποστείλαντος
2679 3269 2692 3293 ,
2727 3231 2856 3300 παρ’
2891 3229 3010 3293 ἐνὸς
3049 3228 3155 3282 τῶν
3204 3230 3454 3300 Σεραφὶμ
3480 3229 3670 3301 ὑπῃνί-

2102 3322 2229 3387 ξατο
2250 3338 2263 3350 ·
2301 3321 2437 3391 αῦτη
2484 3321 2592 3392 γάρ
2622 3323 2767 3375 ἐστιν
2802 3323 2833 3391 ἡ
2868 3321 3180 3393 λειτουργία
3207 3322 3315 3375 τῶν
3348 3322 3695 3393 πνευμάτων·

2100 3413 2320 3474 τούτων,
2348 3413 2441 3464 ἐπὶ
2465 3414 2707 3483 σωτηρίᾳ
2746 3412 2852 3465 τῶν
2888 3410 3209 3482 σωζομένων
3236 3415 3633 3487 ἐκπέμπεσθαι.

415 3502 545 3558 dine
589 3505 922 3560 insinuatum
972 3513 1074 3561 est.
1123 3504 1237 3560 Hoc
1278 3505 1423 3559 enim
1466 3513 1549 3560 est
1623 3505 1990 3560 ministerium
2032 3504 2225 3558 horum
2266 3505 2582 3574 spirituum,
2627 3504 2771 3558 mitti
2799 3504 3053 3559 videlicet
3082 3504 3163 3559 ad?
3187 3504 3418 3561 salutem
3479 3521 3693 3561 eorum

415 3592 712 3646 curandam
750 3593 844 3662 qui
877 3592 1178 3648 salvantur.

491 3771 647 3839 Quod
682 3770 812 3824 mihi
868 3770 1318 3827 animadvertisse
1358 3771 1573 3826 videtur
1606 3771 1824 3827 divinus
1852 3774 1998 3842 Apo-

420 3865 616 3927 stolus,
664 3871 717 3917 et
754 3862 1088 3917 intellexisse
1118 3863 1365 3918 eamdem
1397 3880 1513 3918 rem
1560 3880 1588 3918 a
1617 3865 1833 3919 duobus
1865 3880 1992 3934 pro-

418 3953 600 4022 phetis
638 3950 872 4006 diversis
910 3951 1378 4020 appellationibus
1420 3952 1741 4022 significari,
1773 3963 1997 4022 accepta

414 4060 481 4100 ex
514 4045 601 4109 iis,
630 4059 749 4113 quae
780 4043 1023 4096 omnium
1058 4048 1175 4097 erat
1210 4042 1512 4111 aptissima,
1545 4044 1866 4112 seraphinos
1891 4057 1988 4112 ap-

415 4136 637 4206 pellavit
678 4136 906 4189 virtutes
936 4153 949 4189 :
986 4141 1044 4187 ut
1073 4134 1221 4187 nulla
1256 4134 1478 4187 oecasio
1510 4134 1867 4204 symphantis
1899 4149 1988 4189 re-

417 4228 551 4293 licta
568 4226 658 4292 sit,
686 4224 965 4280 asserendi
994 4224 1257 4295 Spiritum
1287 4232 1539 4280 sanctum
1571 4226 1987 4291 relictumesse,

418 4318 593 4373 instar
611 4317 807 4371 horum
831 4317 1086 4387 alicujus,
1110 4319 1160 4370 in
1186 4316 1378 4371 ordine
1396 4325 1788 4372 creaturarum.
1806 4316 1989 4373 Nomi-

420 4409 534 4462 nati
558 4408 703 4463 enim
736 4414 887 4474 sunt,
916 4415 975 4462 ut
995 4408 1107 4476 jam
1130 4417 1411 4463 ostensum
1435 4416 1519 4463 est
1544 4427 1557 4473 ;
1582 4409 1670 4461 illa
1703 4423 1830 4463 vero
1851 4424 1989 4478 prae-

420 4500 580 4556 terita
611 4509 757 4564 sunt,
786 4499 1240 4571 quemadmodum
1268 4516 1331 4553 ex
1368 4499 1484 4568 ipSa
1510 4498 1753 4554 Paulinae
1781 4516 1992 4563 ,narra-

420 4591 587 4646 tionis
615 4592 757 4647 serie
782 4604 1118 4662 cognoscere
1143 4590 1291 4652 licet,
1323 4590 1415 4659 qui
1440 4604 1656 4644 omnem
1687 4600 1991 4644 creaturam

423 4696 654 4736 numero
683 4680 1055 4737 multitudinis
1084 4680 1314 4736 extulit:
1341 4694 1529 4733 eorum
1558 4696 1707 4744 vero,
1733 4696 1853 4750 qua:
1889 4681 1995 4734 sin-

425 4771 689 4841 gulariter
716 4772 995 4837 dicuntur,
1020 4772 1371 4839 singulariter
1401 4787 1625 4839 quoque
1662 4772 1990 4827 mentionem

2165 3770 2237 3822 ’Ἃ
2279 3785 2364 3839 μοι
2412 3768 2567 3822 δοκεῖ’
2602 3770 2939 3840 κατανοήσας
2967 3772 2995 3823 ὁ
3028 3770 3169 3833 θεῖος
3204 3770 3549 3837 ’Λπόστολος,
3577 3772 3688 3824 καῖ’

2096 3858 2281 3929 μαθὼν
2310 3861 2391 3912 ὄτι
2413 3857 2474 3911 τὸ
2513 3859 2645 3911 αὐτὸ
2674 3861 2904 3930 πρᾶγμα
2939 3860 3091 3930 παρὰ
3118 3860 3226 3913 τῶν
3260 3860 3352 3913 δύο
3376 3862 3697 3932 προφητῶν

2095 3951 2151 4001 εν
2201 3948 2480 4019 διαφόροις
2518 3951 2642 4011 ταῖς
2694 3950 3092 4019 προσηγορίαις
3148 3951 3515 4019 σημαίνεται,
3568 3952 3672 4023 τὴν

2095 4038 2532 4108 γνωριμωτάτην
2563 4038 2670 4091 τῶν
2700 4040 2890 4107 φωνῶν
2922 4038 3298 4108 ἐκλεξάμενος,
3320 4038 3575 4110 δυνάμεις
3602 4042 3672 4095 τὰ

2096 4129 2346 4199 Σεραφὶμ
2369 4129 2669 4199 ὠνόμασεν,
2696 4130 2770 4192 ὡς
2799 4129 3065 4199 μηδεμίαν
3094 4130 3346 4200 ἀφορμὴν
3374 4134 3484 4194 τοῖς
3515 4148 3673 4184 συκο-

2096 4222 2321 4290 φάνταις
2342 4220 2760 4289 καταλελεῖφθαι
2794 4220 2885 4273 τοῦ
2923 4221 3063 4274 κατὰ
3084 4222 3142 4273 τὸ
3177 4222 3289 4274 ἴσον
3314 4222 3518 4276 τούτων
3556 4225 3672 4289 ἐνὸς

2095 4312 2187 4364 καὶ
2204 4311 2264 4363 τὸ
2288 4310 2511 4381 Πνεῦμα
2551 4312 2611 4363 τὺ
2642 4311 2794 4379 ἅγιον
2823 4312 2879 4363 ὲν
2902 4310 2980 4380 τῷ
3008 4311 3293 4383 καταλόγῳ
3320 4313 3416 4384 τῆς
3448 4313 3673 4377 κτίσεως

2096 4402 2521 4472 παραλελεῖφθαι
2537 4402 2733 4470 λέγειν’
2757 4401 2825 4454 τὰ
2849 4402 2946 4472 μὲν
2976 4401 3083 4472 γὰρ
3096 4403 3306 4474 εἴρηται
3336 4403 3514 4467 καθὼς
3534 4406 3672 4457 ἀπο-

2094 4495 2379 4559 δέδεικται,
2412 4493 2480 4546 τὰ
2500 4494 2555 4547 δὲ
2585 4493 2941 4563 σεσιώπηται,
2962 4493 3139 4556 καθὼς
3158 4496 3303 4548 ἔστιν
3326 4497 3388 4548 ὲκ
3406 4496 3512 4548 τῶν
3541 4511 3670 4549 κατ-

2096 4587 2422 4657 ειλεγμένων
2462 4585 2566 4637 ὑπο
2601 4583 2692 4636 τοῦ
2726 4583 2939 4637 Παύλου
2979 4584 3188 4653 μαθεῖν,
3219 4584 3311 4638 τοῦ
3344 4588 3523 4639 πᾶσαν
3578 4588 3675 4655 μὲν

2100 4677 2473 4748 πληθυντικῶς
2516 4674 3033 4747 άναριθμησαμένου
3085 4677 3182 4746 τὴν
3222 4677 3430 4729 κτίσιν·
3480 4678 3587 4731 τῶν
3618 4678 3673 4731 δὲ

2104 4769 2402 4839 μοναδικῶς
2434 4768 2739 4838 λεγομένων
2766 4767 2961 4831 ἑνικῶς
2993 4769 3481 4839 μνημονεύσαντος.
3507 4770 3674 4822 Τοῦτο

430 4854 593 4907 facit:
630 4852 737 4908 hoc
787 4854 932 4908 enim
969 4854 1253 4923 pr0prium
1295 4861 1378 4907 est
1427 4853 1712 4911 Trinitatis
1758 4860 1987 4929 singula-

2102 4858 2208 4927 γὰρ
2232 4858 2360 4910 ἴδιον
2391 4857 2491 4927 τῆς
2519 4856 2677 4925 ἁγίας
2704 4856 2933 4928 Τριάδος
2960 4859 3077 4910 ἐστὶ
3101 4899 3114 4922 ,
3138 4858 3197 4911 τὸ
3224 4860 3472 4929 μοναχῶς
3512 4860 3674 4928 ἐξαγ-

430 4939 563 4993 riter
618 4939 931 5002 enuntiari;
991 4956 1135 4995 unus
1185 4938 1368 5009 Pater,
1416 4959 1555 4999 unus
1600 4943 1796 5013 Filius,
1858 4966 2000 5005 unus

430 5029 667 5099 Spiritus
718 5040 965 5087 sanctus.
1017 5036 1085 5086 At
1143 5035 1326 5088 omnia
1374 5037 1625 5106 superius
1656 5051 1997 5107 enumerata,

429 5120 485 5173 En
536 5118 906 5177 multitudinis
939 5139 1170 5178 numero
1206 5126 1475 5181 recensita
1528 5136 1658 5182 sunt
1691 5129 2002 5198 :Principa-

431 5220 534 5275 tus,
566 5219 872 5278 potestates,
906 5212 1295 5269 dominationes
1332 5223 1387 5270 et
1416 5219 1676 5281 virtutes;
1721 5230 1782 5275 ut
1818 5224 2001 5277 nullus

430 5296 734 5366 praebeatur
781 5299 1098 5369 suspieandi
1130 5303 1303 5369 locus,
1336 5320 1497 5359 unam
1541 5311 1851 5380 quampiam
1884 5327 1996 5366 rem

429 5401 495 5439 ex
532 5387 616 5442 his
664 5403 786 5443 esse
833 5389 1017 5445 itidem
1057 5391 1235 5460 ipsum
1283 5393 1545 5463 Spiritum
1584 5407 1832 5454 sanctum
1867 5401 1999 5458 :sed

430 5473 636 5532 Paulus
691 5479 909 5534 silentio
964 5482 1205 5551 pt‘teterit
1263 5483 1695 5557 inexplicabilia,
1754 5500 1808 5545 ct
1864 5493 1999 5548 bene

500 5654 547 5685 ”
570 5654 712 5709 Psal.
741 5673 835 5724 ett,
859 5658 945 5713 '21.
1023 5663 1068 5693 ⁵⁵
1092 5662 1192 5717 lsa.
1232 5678 1305 5729 vt,
1343 5666 1393 5718 5.

2100 4948 2385 5017 γέλλεσθαι
2411 4964 2423 4977 °
2462 4942 2541 5011 εἷς
2575 4947 2765 5017 Πατὴρ
2784 4989 2799 5015 ,
2828 4949 2923 5001 καὶ
2946 4942 3025 5010 εἷς
3061 4949 3207 5012 Υἱὸς,
3243 4951 3336 5003 καὶ
3364 4950 3419 5003 ἓν
3450 4951 3674 5021 Πνεῦμα

2100 5039 2267 5107 ἅγιον.
2338 5038 2419 5091 Τά
2455 5037 2512 5091 δὲ
2549 5038 2815 5108 εἰρημένα
2862 5038 3038 5092 πάντα
3097 5039 3154 5090 ὲν
3195 5039 3387 5110 πλήθει
3433 5042 3675 5093 κατείλε-

2100 5146 2246 5191 κται,
2288 5127 2501 5197 Ἄρχαὶ,
2530 5128 2625 5182 καὶ
2668 5128 2973 5190 Ἔξουσίαι
2997 5170 3010 5193 ,
3040 5128 3132 5181 καὶ
3165 5130 3549 5196 Κιιριότητες,
3583 5131 3685 5182 και

2102 5219 2407 5289 Δυνάμεις,
2450 5219 2524 5283 ὡς
2576 5219 2845 5289 μηδεμίαν
2896 5219 3153 5290 παρέχειν
3187 5220 3440 5275 ὑπόνοιαν
3479 5220 3571 5274 τοῦ
3619 5221 3677 5274 ἒν

2102 5309 2306 5364 τούτων
2350 5305 2490 5362 εἶναι
2542 5310 2636 5362 καὶ
2666 5309 2725 5361 τὸ
2776 5307 3001 5378 Πνεῦμα
3051 5308 3236 5375 ἆγιονο
3287 5308 3421 5363 ἀλλὰ
3466 5308 3677 5372 Παῦλος

2109 5404 2207 5474 μὲν
2240 5401 2419 5471 σιωπᾷ
2445 5400 2513 5453 τὰ
2540 5400 2848 5471 ἀπόρρητα,
2888 5399 2982 5453 καὶ
3013 5399 3191 5461 καλῶς
3226 5402 3368 5452 ποιεῖ
3388 5418 3400 5431 ·
3434 5395 3540 5453 οἶδε
3567 5401 3675 5470 γὰρ

2109 5494 2323 5549 ἀκούειν
2389 5494 2483 5562 μὲν
2539 5494 2593 5544 ἐν
2659 5492 2972 5563 παραδείσῳ
3028 5491 3096 5544 τὰ
3145 5492 3357 5565 ἄρρητα
3414 5484 3687 5564 ῥήματα,
