4166 6372
495 374 607 437 διν

495 496 772 566 φείδεσθαι
799 495 854 549 δέ
885 497 983 566 τῆς
1028 495 1133 549 τῶν
1186 494 1588 567 ἀνεκφωνὴτων
1626 495 2036 567 ἐξαγορεύσεως
2062 536 2077 561 ,
2109 505 2157 559 Α
2185 495 2319 549 facit
2371 515 2383 550 :

495 590 624 644 ὅταν
670 589 801 661 περὶ
834 587 942 641 τῶν
975 589 1302 659 κατωτέρων
1332 590 1555 661 ποιῆται
1604 589 1694 642 τὸν
1720 590 1897 657 λόγον.

565 773 627 826 Οἱ
659 772 716 825 δὲ
757 772 856 843 τῆς
898 771 1154 843 ἀληθείας
1203 772 1488 843 πολέμιοι,
1531 773 1625 826 καὶ
1676 773 1784 826 τῶν
1823 775 2078 845 ἀρρήτων

495 865 878 935 κατατολμῶσι
899 905 912 927 ,
947 866 1009 917 τὸ
1038 866 1320 937 μεγαλεῖον
1352 864 1447 918 τοῦ
1479 865 1789 934 Πνεύματος
1868 865 1943 935 τῷ
1977 883 2076 918 τα-

493 956 664 1027 πεινῴ
699 955 796 1025 τῆς
833 956 1061 1019 κτίσεως
1106 955 1528 1027 καθυϐρίζοντες
1548 973 1559 986 ⁸
1590 956 1779 1027 ὥσπερ
1804 963 1906 1014 οὐκ
1937 958 2078 1027 ἀκη-

494 1045 719 1110 κοότες,
764 1046 849 1098 ὅτι·
878 1046 1039 1108 αὐτὸς
1090 1047 1118 1098 ό
1160 1046 1293 1108 Θεὸς
1330 1046 1536 1114 Λόγος,
1583 1046 1911 1117 παραδιδοὺς
1964 1050 2076 1109 τοῖς

497 1137 765 1207 μαθηταῖς
830 1137 890 1189 τὸ
931 1138 1031 1207 τῆς
1084 1138 1410 1207 θεογνωσίας
1464 1139 1782 1207 μυστήριον,
1822 1137 1891 1189 ἐν
1940 1138 2075 1189 ὀνό-

487 1243 628 1294 ματι
674 1225 933 1293 Πατρός,
992 1227 1090 1281 καὶ
1143 1228 1277 1281 Υίοῦ
1305 1267 1319 1290 ,
1369 1228 1466 1280 καὶ
1508 1227 1681 1296 ἁγίου
1729 1227 2076 1294 Πνεύματος

490 1319 606 1379 τοῖς
661 1317 1124 1387 ἀναγεννωμένοις
1186 1315 1305 1371 εἷπε
1352 1318 1451 1390 τὴν
1510 1317 1655 1388 ζωὴν
1727 1317 2071 1387 συμπληροῦ-

496 1407 649 1471 σθαι,
704 1408 798 1461 καὶ
847 1408 1243 1477 παραγίνεσθαι
1321 1408 1415 1462 καὶ
1477 1407 1565 1461 διὰ
1608 1408 1767 1460 τοῦτο
1812 1399 2076 1471 συντάξας

492 1497 570 1569 τῷ
598 1498 799 1570 Πατρὶ,
831 1499 926 1552 καὶ
956 1498 1133 1569 ἐαυτῷ
1153 1539 1167 1562 ,
1192 1500 1291 1570 τῆς
1327 1500 1457 1570 περὶ
1488 1500 1587 1570 τὴν
1615 1500 1793 1553 κτίσιν
1824 1500 2077 1562 ὑπονοίας

494 1591 554 1643 τὸ
587 1590 811 1661 Πνεῦμα
839 1590 1122 1662 ἐχώρισεν,
1158 1592 1234 1654 ὼς
1266 1589 1326 1656 ἐξ
1364 1593 1687 1661 ἀμφοτέρων
1720 1592 1915 1661 εὐσεϐῆ
1982 1593 2075 1644 καὶ

496 1682 811 1753 πρέπουσαν
841 1682 1085 1751 γίνεσθαι
1120 1684 1247 1755 περὶ
1278 1684 1442 1738 αὐτοῦ
1467 1685 1566 1756 τὴν
1608 1685 1874 1755 ὑπόληψιν
1893 1703 1904 1715 ·
1930 1686 2076 1739 Παύ-

494 1772 586 1826 λου
630 1774 727 1844 μὲν
759 1775 815 1827 ἐν
842 1777 908 1846 τῇ
956 1776 1143 1847 μνήμῃ
1175 1777 1274 1847 τῆς
1308 1776 1537 1839 κτίσεως
1566 1775 1661 1846 τὴν
1695 1778 1914 1848 μνήμην
1942 1778 2075 1830 ἀπο-

496 1867 849 1936 σιγήσαντος
891 1866 984 1919 τοῦ
1022 1867 1077 1918 δὲ
1120 1866 1325 1937 Κυρίου
1366 1868 1422 1919 ὲν
1459 1870 1525 1937 τῇ
1560 1870 1747 1940 μνήμῃ
1788 1868 1886 1938 τῆς
1934 1867 2071 1931 ζωο-

495 1957 649 2012 ποιοῦ
680 1957 980 2027 δυνάμεως,
1017 1958 1078 2010 τὸ
1117 1957 1340 2027 Πνεῦμα
1367 1958 1427 2010 τὸ
1456 1958 1611 2025 ἅγιον
1640 1959 1717 2028 τῷ
1748 1960 1923 2028 Πατρὶ
1978 1960 2073 2011 καὶ

494 2047 670 2117 ἐαυτῷ
704 2047 1165 2119 συναρμόσαντος.
1221 2046 1405 2110 υῦτως
1435 2050 1567 2118 ἡμῖν
1615 2050 1642 2101 ὁ
1670 2048 1824 2117 λόγος
1862 2048 1949 2101 διὰ
1975 2053 2072 2119 τῆς

495 2141 654 2207 ἁγίας
704 2139 927 2209 Γραφῆς
982 2138 1341 2210 όδηγούμενος
1420 2140 1751 2211 ὐπερτίθησι
1812 2142 1911 2209 μὲν
1974 2143 2073 2212 τῆς

494 2231 723 2294 κτίσεως
762 2231 851 2283 τὸν
898 2232 1204 2303 Μονογενῆ,
1255 2231 1347 2285 καὶ
1386 2232 1447 2285 τὸ
1495 2232 1717 2304 Πνεῦμα
1771 2234 1831 2286 τὸ
1878 2234 2031 2303 ἅγιον
2057 2254 2068 2266 ·

496 2323 637 2376 κατὰ
674 2323 730 2375 δὲ
758 2322 855 2393 τὴν
880 2322 973 2375 τοῦ
1023 2323 1272 2393 Σωτῆρος
1315 2323 1605 2391 ἀπόφασιν,
1638 2326 1694 2377 ἐν
1732 2327 1795 2393 τῇ
1829 2326 2074 2397 μακαρίᾳ

494 2430 554 2467 τε
594 2414 686 2466 κα)⁵
722 2412 969 2484 ζωοποιῷ
994 2452 1007 2476 ,
1040 2414 1131 2466 κα)⁸
1161 2415 1401 2485 ἁκτίστῳ
1431 2415 1590 2483 φύσει
1614 2414 1835 2486 θεωρεῖν
1861 2416 1945 2471 διὰ
1988 2417 2076 2469 πί-

496 2522 666 2568 στεως
696 2505 1009 2559 ὑποτίθεται
1029 2522 1041 2533 ·
1065 2505 1203 2557 ὥστε
1232 2505 1291 2557 τὸ
1323 2506 1433 2558 ἄνω
1464 2509 1562 2576 τῆς
1585 2506 1831 2572 κτίσεως,
1858 2508 1949 2559 καὶ
1973 2507 2073 2576 τῆς

495 2596 916 2668 πρωτευούσης,
968 2598 1061 2651 καὶ
1097 2597 1186 2650 διὰ
1224 2596 1443 2649 πάντων
1490 2598 1701 2659 τελείας
1747 2597 1965 2665 φύσεως
2015 2598 2072 2651 ἓν

496 2688 916 2759 πιστευόμενον,
967 2688 1155 2758 μηδενὶ
1196 2687 1415 2758 τρόπῳ,
1454 2688 1545 2740 τὸν
1585 2688 1682 2757 τῆς
1728 2686 2075 2751 ἐλαττώσεως

494 2780 890 2852 παραδέχεσθαι
924 2780 1079 2848 λόγον
1098 2795 1111 2807 ⁸
1141 2778 1245 2831 κᾶν
1276 2781 1303 2831 ὁ
1331 2779 1431 2848 τῆς
1462 2780 1726 2850 αἱρέσεως
1762 2781 2075 2851 προστάτης

494 2871 817 2940 περικόπτει
848 2870 911 2922 τὸ
941 2871 1189 2941 ἀόριστον
1226 2872 1283 2923 ἐν
1306 2873 1371 2941 τῇ
1403 2870 1495 2923 τοῦ
1532 2871 1811 2933 ἐλάττονος
1840 2873 2070 2942 ἐπινοίᾳ,

492 2962 652 3014 οἱονεὶ
677 2962 1003 3015 διακολοϐὦν
1021 2962 1115 3014 καὶ
1142 2962 1442 3013 συστέλλων
1464 2963 1561 3032 τῆς
1583 2962 1730 3025 θείας
1754 2963 1942 3025 οὐσίας
1970 2963 2068 3033 τὴν

493 3053 803 3124 τελειότητα
848 3056 905 3105 ἐν
932 3053 1011 3124 τῷ
1031 3092 1045 3117 ,
1092 3053 1152 3105 τὸ
1184 3054 1368 3123 μεῖζον
1402 3054 1494 3107 καὶ
1538 3054 1599 3107 τὸ
1630 3054 1844 3109 ἔλαττον
1892 3055 2074 3117 αὐτοῖς

494 3142 795 3213 ἐνθεωρείν,
822 3142 1167 3214 διορίζεσθαι.

566 3326 630 3380 Τί
657 3327 834 3382 τοίνυν
868 3325 1189 3397 προστίθησι
1206 3328 1269 3396 τῇ
1294 3326 1582 3399 ἀκολουθίᾳ
1622 3328 1726 3380 τῶν
1750 3327 2076 3400 εἰρημένων,

498 3420 880 3490 σκοπήσωμεν,
935 3419 1087 3472 Μετὰ
1126 3418 1185 3470 τὸ
1230 3421 1426 3484 εἰπεῖν,
1485 3419 1557 3482 ἐξ
1591 3419 1880 3488 ἀνάγκης,
1910 3419 2081 3472 ἐλάτ-

495 3530 638 3577 τους
658 3528 721 3564 τε
744 3510 841 3564 καὶ
855 3509 1089 3580 μείζους
1122 3511 1228 3575 τὰς
1251 3512 1465 3575 οὐσίας
1485 3510 1709 3563 οἴεσθαι
1732 3511 1860 3564 δεῖν
1890 3506 2043 3565 εἶναι
2062 3528 2076 3542 ·

497 3602 711 3665 καὶτὰς
760 3600 855 3672 μὲν
908 3600 1133 3670 πρώτην
1164 3601 1379 3670 ἐπέχειν
1403 3600 1555 3664 τάξιν
1596 3601 1736 3653 κατά
1772 3617 1890 3653 τινα
1921 3600 2084 3670 μεγέο

498 3694 624 3759 θους
652 3694 744 3747 κα)⁸
772 3692 926 3757 ἀξίας
955 3692 1216 3763 διαφορὰν
1249 3694 1305 3744 ἐν
1350 3695 1414 3762 τῇ
1454 3695 1779 3762 προτιμήσει
1812 3693 2081 3763 τεταγμέ-

497 3803 620 3847 var
660 3786 759 3848 τὰς
785 3785 839 3838 δὲ
868 3785 1141 3855 δευτέρας,
1168 3785 1255 3837 διὰ
1283 3784 1341 3836 τὸ
1370 3783 1706 3853 ὐποϐεϐηκὸς
1738 3784 1835 3853 τῆς
1866 3784 2081 3852 φύσεώς

496 3896 556 3931 τε
608 3878 703 3931 καὶ
759 3876 858 3947 τῆς
904 3876 1057 3942 ἀξίας
1114 3875 1492 3945 ἁπεωσμένας,
1550 3874 1721 3927 ταῦτα
1764 3876 2075 3945 ἐπήγαγεν·

507 3964 657 4035 πρὸς
684 3965 987 4032 τοσαύτην
1012 3966 1173 4035 φησὶν
1199 3964 1561 4029 ἐξικνεῖσθαι
1588 3965 1898 4033 διαφορὰν,
1929 3966 2080 4033 πρὸς

497 4060 734 4123 ὁπόσην
763 4056 839 4109 ἂν
862 4053 1164 4121 ἐξικνῆται
1188 4055 1260 4107 τὰ
1282 4054 1445 4123 ἔργα.
1482 4054 1635 4106 Ἐπεὶ
1664 4052 1819 4121 μηδὲ
1841 4055 2081 4123 θεμιτὸν

495 4150 609 4218 τὴν
658 4148 852 4215 αὐτὴν
899 4147 1202 4217 ἐνέργειαν
1233 4146 1425 4199 εἰπεῖν
1471 4149 1597 4199 καθ’
1633 4146 1710 4213 ἢν
1738 4146 1878 4212 τοὺς
1909 4146 2081 4215 ἀγγέ-

493 4247 644 4307 λους
664 4242 971 4307 ἐποίησεν,
1002 4238 1040 4307 ἣ
1073 4238 1214 4303 τοὺς
1235 4238 1493 4306 ἀστέρας
1536 4237 1636 4290 καὶ
1670 4238 1776 4291 τὸν
1797 4238 2081 4307 οίιοανὸν,

493 4336 532 4404 ἣ
561 4335 667 4389 τὸν
712 4334 1044 4401 ἄνθρωπον.
1086 4332 1238 4385 Ἀλλ’
1274 4330 1399 4395 ὅσῳ
1436 4331 1508 4383 τὰ
1555 4328 1698 4398 ἔργα
1734 4329 1853 4383 τῶν
1892 4330 2081 4400 ἔργων

493 4426 882 4493 πρεσϐύτερα,
907 4423 1003 4478 καὶ
1020 4422 1343 4493 τιμιώτερα,
1369 4423 1635 4487 τοσούτῳ
1661 4422 1759 4475 καὶ
1789 4422 1901 4491 τὴν
1920 4423 2082 4491 ἐνέρ-

1622 376 1903 434 CONTRA
1937 376 2333 447 EUNOMIUM,
2374 378 2504 433 UB.
2546 378 2589 433 1.

2100 3189 2147 3247 C

3654 376 3762 434 550

2437 496 2587 551 novit
2632 494 2779 551 enim
2812 492 3178 575 impar-adiso
3226 492 3419 547 audire
3460 488 3759 547 ineffabilia

2180 586 2367 646 verba.
2388 597 2440 643 et
2455 588 2728 646 abstinere
2744 588 2813 643 ab
2830 587 3020 643 iisdem
3038 583 3417 654 espromendis
3429 575 3483 637 et
3501 582 3765 651 eloquen-

2179 674 2288 738 dis,
2333 674 2555 742 quando
2590 677 2657 728 de
2687 674 2853 727 rebus
2886 672 3167 727 inferioris
3203 672 3542 727 conditionis
3570 680 3625 728 et
3658 680 3766 729 sta-

2181 774 2271 821 tus
2311 780 2619 821 sermonem
2656 766 2913 821 instituit.

2250 860 2321 910 At
2368 857 2619 912 veritatis
2659 857 2965 913 adversarii
3030 858 3196 913 etiam
3240 856 3619 913 ineil‘abilibus
3653 874 3763 915 non

2180 950 2480 1015 abstinent,
2533 950 2878 1019 majestatem
2938 950 3177 1021 Spiritus
3237 950 3429 1004 humili
3500 957 3766 1006 creaturae

2180 1043 2491 1098 conditione
2552 1044 2844 1108 violantes,
2895 1044 3051 1114 quasi
3104 1042 3279 1113 ignari
3334 1052 3519 1098 essent
3584 1042 3763 1112 ipsum

2185 1134 2424 1189 Verbum
2452 1134 2642 1197 Deum,
2666 1134 2888 1205 quando
2903 1134 3189 1203 discipulis
3214 1136 3533 1205 mysterium
3566 1136 3765 1190 divina:

2179 1226 2478 1297 agnitionis
2527 1227 2799 1290 tradebat,
2854 1227 3185 1289 asseruisse,
3232 1226 3287 1279 in
3324 1228 3534 1280 nomine
3580 1226 3763 1280 Patris

2177 1328 2228 1371 et
2269 1316 2401 1372 Filii
2446 1326 2495 1371 et
2546 1316 2783 1387 Spiritus
2848 1320 3019 1373 sancti
3073 1318 3143 1381 ",
3204 1318 3540 1386 regeneratis
3592 1320 3761 1372 vitam

2178 1406 2417 1463 conferri
2470 1417 2524 1462 et
2560 1409 2933 1463 consummari
2976 1428 2989 1463 :
3026 1423 3090 1462 ac
3122 1409 3351 1479 proinde
3386 1408 3511 1477 quia
3551 1423 3761 1473 secum,

2177 1503 2387 1551 etcum
2437 1494 2597 1551 Patre
2633 1497 2901 1567 Spiritum
2950 1506 3202 1553 sanctum
3249 1499 3560 1567 conjunxit,
3606 1513 3763 1553 eum-

2177 1587 2300 1642 dem
2338 1603 2369 1641 a
2414 1603 2595 1643 rerum
2627 1598 2941 1645 creatarum
2970 1590 3164 1646 ordine
3194 1592 3393 1647 exemit
3429 1608 3443 1644 :
3493 1603 3551 1645 ut
3580 1606 3643 1645 ex
3678 1591 3763 1647 his

2176 1679 2392 1734 duobus
2447 1680 2589 1735 locis
2646 1681 2792 1736 inter
2840 1698 2899 1737 se
2948 1683 3290 1752 comparatis
3336 1690 3655 1752 competens
3708 1690 3762 1736 et

2178 1768 2339 1839 digna
2382 1771 2448 1826 de
2486 1771 2692 1842 Spiritu
2731 1780 2924 1827 sancto
2959 1773 3295 1828 existimatio
3328 1774 3601 1829 exsistat:
3636 1788 3759 1828 cum

2180 1861 2383 1917 Paulus
2426 1863 2479 1917 in
2510 1866 2926 1921 enumeratione
2967 1876 3344 1922 creaturarum
3378 1868 3497 1937 ejus
3532 1868 3763 1922 mentio-

2180 1969 2303 2009 nem
2354 1956 2562 2010 nullam
2600 1956 2827 2024 fecerit;
2864 1967 2919 2013 et
2949 1958 3232 2022 Dominus,
3270 1976 3392 2014 cum
3422 1960 3633 2013 viviﬁca
3666 1960 3760 2013 illa

2180 2048 2613 2116 regenerationis
2651 2050 2818 2103 verba
2844 2049 3205 2114 describeret,
3239 2050 3491 2105 eumdem
3527 2049 3673 2105 Patri
3705 2058 3761 2105 et

2180 2140 2284 2193 sibi
2332 2141 2627 2209 copularit.
2675 2140 2795 2207 Quo
2836 2140 2914 2204 lit,
2942 2148 3003 2194 ut
3045 2142 3207 2206 ratio,
3261 2141 3561 2211 Scriptum
3590 2158 3762 2198 sacra:

2180 2234 2443 2302 auspiciis
2486 2243 2540 2287 et
2573 2233 2742 2287 ductu
2771 2234 3003 2296 directa,
3038 2250 3205 2304 supra
3232 2245 3500 2290 creaturae
3552 2249 3753 2298 sortem

2180 2326 2372 2380 evehat
2422 2324 2769 2395 Unigenitum
2820 2334 2875 2380 et
2924 2326 3186 2396 Spiritum
3230 2336 3504 2391 sanctum,
3557 2335 3611 2382 et
3666 2345 3754 2383 se-

2180 2416 2418 2471 cundum
2463 2415 2765 2471 Salvatoris
2791 2417 3130 2483 mandatum,
3167 2419 3219 2472 iu
3270 2420 3425 2474 beata
3463 2420 3577 2481 illa,
3620 2422 3760 2474 vivi-

2182 2506 2423 2561 ﬁcatrice
2453 2514 2506 2561 et
2529 2508 2773 2561 increata
2809 2516 3006 2560 natura
3043 2509 3218 2577 ipsum
3258 2510 3360 2564 lide
3396 2513 3758 2581 contemplari

2175 2596 2350 2666 jubet.
2402 2596 2590 2666 Itaque
2622 2598 2697 2659 id,
2736 2599 2881 2665 quod
2930 2598 3175 2653 creditur
3216 2616 3385 2654 unum
3427 2618 3491 2656 ex
3530 2603 3596 2658 iis
3640 2619 3763 2673 qum

2182 2704 2347 2760 supra
2391 2699 2701 2744 creaturam
2750 2699 2901 2756 sunt,
2956 2697 3275 2761 natumque
3310 2694 3517 2762 prium,
3549 2704 3603 2749 et
3636 2711 3756 2749 0m-

2180 2781 2343 2834 nibus
2370 2781 2614 2833 numeris
2646 2780 2931 2840 absolutaz.
2966 2783 3115 2836 nullo
3155 2784 3325 2838 modo
3357 2785 3761 2842 imminutionis

2182 2872 2448 2925 rationem
2482 2872 2667 2925 subire
2720 2880 2899 2941 potest
2943 2892 2954 2927 :
2990 2874 3208 2929 etiamsi
3249 2876 3519 2933 haereseos
3570 2890 3764 2933 auctor

2181 2963 2639 3018 circumscribere
2678 2973 2731 3019 et
2768 2966 2924 3034 quasi
2961 2968 3307 3024 circumdare
3333 2971 3460 3024 velit
3491 2971 3761 3027 inﬁnitum

2181 3056 2410 3110 minoris
2460 3057 2740 3124 opinione,
2796 3058 2946 3112 velut
2999 3059 3263 3115 mutilatis
3328 3067 3383 3115 et
3433 3064 3764 3121 contraheus

2181 3145 2377 3199 divinae
2423 3154 2633 3201 naturae
2684 3146 3107 3213 perfectionem;
3148 3150 3276 3206 dum
3320 3153 3444 3221 plus
3485 3160 3539 3208 et
3582 3156 3765 3212 minus

2181 3235 2235 3287 in
2280 3248 2343 3289 ea
2386 3234 2844 3289 considerandum
2894 3252 3018 3292 esse
3062 3236 3243 3292 docet.

2252 3325 2545 3382 Videamus
2574 3327 2738 3397 igitur
2764 3328 2895 3397 quid
2937 3329 3176 3397 amplius
3216 3329 3431 3394 afferat,
3460 3331 3589 3386 dum
3639 3348 3764 3388 ora-

2183 3418 2348 3473 tionis
2390 3433 2503 3472 siue
2545 3419 2746 3473 seriem
2784 3427 3069 3489 pertexere
3100 3420 3299 3489 pergit.
3346 3419 3484 3475 Cum
3528 3420 3763 3479 dixisset

2182 3524 2245 3563 ea:
2283 3511 2589 3562 necessitate
2611 3509 2841 3577 quadam
2878 3512 3103 3564 minores
3136 3519 3185 3564 et
3235 3511 3466 3580 majores
3509 3513 3763 3568 substan-

2184 3596 2286 3648 tias
2327 3596 2711 3649 existimandus
2750 3612 2892 3659 esse;
2928 3606 2983 3650 et
3019 3598 3116 3651 has
3145 3598 3366 3668 quidem
3403 3601 3639 3669 primum
3685 3615 3766 3659 te-

2183 3707 2314 3746 nere
2350 3694 2553 3753 locum,
2602 3692 2907 3747 secundum
2952 3694 3350 3761 magnitudinis
3394 3704 3449 3752 et
3475 3696 3763 3767 dignitatis

2182 3782 2568 3845 dill'erentiam,
2610 3781 2664 3835 in
2702 3782 2932 3837 honoris
2968 3784 3335 3852 praecellentia
3386 3785 3676 3843 ordinatas
3709 3795 3764 3843 et

2182 3869 2482 3940 dispositas
2518 3886 2531 3922 :
2567 3869 2667 3923 has
2712 3884 2844 3923 vero
2898 3871 3228 3937 secundum,
3276 3881 3505 3944 propter
3549 3884 3764 3930 naturae

2183 3960 2496 4014 inferiorem
2545 3960 2938 4027 conditionem,
2993 3962 3381 4034 delectumque
3425 3966 3759 4038 dignitatis:

2182 4051 2295 4106 haec
2341 4051 2576 4119 subjecit
2609 4070 2623 4104 :
2657 4050 2829 4106 Tanto
2854 4054 3161 4107 discrimine
3200 4055 3336 4109 inter
3377 4072 3432 4110 se
3481 4056 3760 4125 dissidere,

2180 4152 2377 4212 quanto
2424 4141 2681 4196 dissident
2727 4143 2845 4210 ipsa
2877 4160 3055 4212 opera,
3100 4162 3218 4198 cum
3253 4146 3400 4215 nefas
3447 4148 3519 4201 sit
3568 4148 3761 4216 dicere,

2181 4235 2417 4288 eamdem
2441 4250 2551 4288 esse
2579 4235 2955 4302 operationem,
2993 4253 3097 4305 qua
3126 4238 3338 4307 angelos
3362 4238 3506 4307 fecit,
3533 4240 3613 4294 vel
3638 4244 3765 4296 stel-

2183 4326 2261 4379 las
2290 4334 2339 4379 et
2367 4325 2575 4389 cazlum,
2611 4325 2686 4379 vel
2715 4326 2979 4381 hominem
3015 4341 3033 4380 :
3064 4327 3153 4381 sed
3178 4339 3379 4398 quanto
3403 4345 3560 4398 opera
3592 4334 3765 4400 operi-

2182 4415 2277 4469 bus
2307 4416 2681 4470 excellentiora
2720 4427 2769 4471 et
2801 4420 3180 4486 pra'stantiora
3220 4430 3365 4489 sunt,
3414 4432 3465 4476 et
3498 4426 3759 4491 operatio-

492 4534 659 4587 γειαν
708 4516 818 4585 τῆς
858 4515 1159 4586 ἐνεργείας
1199 4513 1630 4581 ἀναϐεϐηκέναι
1687 4516 1833 4583 φαίη
1879 4515 1956 4568 ἄν
1987 4533 2076 4581 τις

2181 4524 2296 4561 nem
2344 4510 2638 4575 operationi
2685 4518 2951 4564 antestare
2985 4513 3171 4567 merito
3208 4515 3326 4584 quis
3365 4522 3759 4586 asseveraverit,

492 4611 625 4678 περὶ
660 4612 878 4663 τούτου
936 4608 1455 4676 διαϐεϐαιούμενος
1474 4623 1486 4635 ·
1520 4605 1622 4660 ἅτε
1646 4605 1721 4673 δὴ
1742 4604 1861 4658 τῶν
1883 4604 2082 4659 αὐτῶν

490 4701 800 4771 ἐνεργειῶν
816 4701 930 4768 τὴν
944 4702 1274 4767 ταυτότητα
1289 4697 1405 4751 τῶν
1421 4699 1610 4768 ἔργων
1627 4697 2075 4762 ἀποτελουσῶν,

492 4792 587 4845 καὶ
630 4791 747 4845 τῶν
772 4790 1289 4859 παρηλλίιῃιένων
1315 4790 1523 4859 ἔργων,
1574 4789 2078 4859 παρηλλαγμένας

490 4883 588 4937 καὶ
611 4884 715 4948 τὰς
737 4883 1037 4951 ἐνεργείας
1064 4882 1493 4951 ἐμφαινόντων.

562 4974 745 5027 Ταῦτα
798 4975 978 5026 τοίνυν
1018 4972 1130 5041 ἐγὼ
1177 4972 1274 5043 μὲν
1306 4971 1693 5041 ὑπολαμϐάνω,
1736 4972 1871 5043 μηδέ
1914 4972 2075 5025 αὐτὸν

489 5067 580 5119 τὸν
614 5065 935 5136 συγγραφέα
965 5064 1221 5117 δύνασθαι
1246 5064 1310 5116 ἂν
1331 5063 1576 5134 εὐπόρως
1597 5065 1791 5129 εἰπεῖν,
1819 5068 1847 5120 ὃ
1868 5082 1919 5117 τι
1947 5063 2078 5115 ποτὲ

489 5160 690 5227 νοήσας
762 5156 1140 5227 συνέγραψενσ
1194 5155 1368 5219 οὕτως
1416 5155 1814 5209 ἁνατεθόλωται
1866 5157 1931 5224 τῇ
1974 5154 2079 5207 ἰλύῖ

490 5250 589 5319 τῆς
651 5250 903 5321 φράσεως
955 5251 988 5319 ἡ
1033 5249 1241 5302 διάνοια
1270 5248 1377 5301 τῶν
1403 5246 1730 5318 εἰρημένων,
1762 5246 1837 5309 ὡς
1877 5246 2078 5316 μηδένα

489 5343 555 5395 ἂν
609 5341 793 5394 διῖδεϊν
849 5339 1084 5403 εὐκόλως
1141 5342 1198 5393 ἐν
1237 5338 1313 5410 τῷ
1359 5338 1605 5409 βορϐόρῳ
1641 5337 1741 5406 τῆς
1782 5337 2078 5408 ἑρμηνείας

489 5431 784 5501 δυνηθῆναι
812 5429 874 5483 τὺ
902 5429 1168 5499 βούλημα.
1205 5428 1278 5482 Τὸ
1309 5428 1433 5499 γὰρ,
1451 5428 1603 5495 πρὸς
1642 5427 1947 5493 τοσαύτην
1988 5425 2078 5490 ἐξ·

490 5521 782 5576 ικνεῖσθαι
801 5522 1112 5591 διαφορὰν,
1140 5522 1288 5589 πρὸς
1310 5521 1549 5586 ὁπόσην
1576 5519 1653 5572 ἂν
1676 5517 1980 5587 ἐξικνῆται
2004 5519 2074 5571 τὰ

486 5615 649 5684 ἔργα,
672 5614 865 5678 Λοξίου
911 5614 1053 5675 τινὸς
1096 5613 1234 5666 κατὰ
1276 5613 1367 5665 τὸν
1414 5610 1611 5678 ἔξωθεν
1646 5610 1812 5680 μῦθον
1842 5611 2071 5679 ὑπονοή-

563 5790 609 5824 ⁸⁸
646 5789 836 5848 Matth.
868 5789 1189 5850 vam,_19.

2179 4601 2268 4669 qui
2296 4600 2379 4668 pie
2408 4600 2473 4653 de
2495 4600 2591 4653 hoc
2614 4601 2846 4671 cogitare
2876 4602 2993 4655 velit
3026 4620 3180 4657 :cum
3206 4606 3400 4660 eadem
3431 4613 3761 4678 operationes

2176 4692 2385 4745 eosdem
2441 4694 2599 4746 etiam
2659 4694 2873 4762 e/fectus
2920 4694 3255 4763 producant;
3293 4715 3510 4769 cumque
3556 4701 3761 4759 diversa
3812 4738 3815 4739 ν

2178 4800 2336 4853 opera
2365 4784 2602 4839 dit'ersas
2642 4787 2800 4839 etiam
2829 4789 3159 4855 operationes
3181 4789 3555 4848 demonstrent.

2248 4963 2372 5018 Habe
2432 4980 2499 5018 ne
2556 4964 2736 5033 ipsum
2786 4963 3005 5034 quidem
3060 4975 3343 5020 auctorem
3397 4967 3759 5039 intelligentia

2178 5058 2419 5127 assequi,
2477 5065 2629 5111 certo
2685 5056 2816 5109 mihi
2886 5056 3212 5126 persuadeo,
3274 5059 3409 5114 adeo
3468 5061 3758 5116 verborum

2176 5152 2337 5221 quasi
2369 5166 2528 5206 coeno
2554 5150 2825 5205 sententia
2866 5150 3045 5205 omnis
3076 5151 3361 5220 inquinata
3391 5162 3445 5207 et
3478 5155 3759 5209 sordidata

2176 5255 2281 5308 est,
2318 5254 2378 5298 ut
2424 5258 2585 5298 nemo
2617 5245 2708 5309 sit,
2740 5244 2829 5312 qui
2878 5243 2932 5296 in
2970 5242 3073 5297 hoc
3110 5244 3435 5300 elocutionis
3475 5261 3635 5302 emno
3676 5248 3759 5300 di-

2181 5337 2396 5406 spicere
2446 5344 2613 5405 queat
2673 5349 2927 5404 qumnam
2976 5334 3048 5388 sit
3094 5335 3346 5405 subjecta
3403 5337 3578 5392 notio.
3621 5338 3757 5392 Illud

2181 5429 2325 5483 enim
2358 5447 2370 5482 :
2408 5428 2578 5481 Tanto
2612 5426 2913 5481 discrimine
2940 5426 3159 5491 distare,
3184 5438 3380 5499 quanto
3412 5429 3614 5484 distant
3642 5431 3758 5500 ipsa

2182 5538 2361 5590 opera,
2412 5520 2630 5575 videtur
2686 5534 2811 5573 esse
2866 5518 3136 5588 Apollinis
3194 5520 3482 5588 cujusdam
3534 5520 3758 5590 oblique

2179 5612 2550 5680 vaticinantis,
2607 5619 2661 5666 ut
2694 5618 3011 5667 exterorum
3061 5611 3285 5681 scriptis
3332 5611 3523 5678 fertur,
3558 5622 3613 5669 et
3667 5627 3759 5667 au-
