4166 6372
375 330 473 385 531

1619 321 1676 376 S.
1713 319 2039 377 GREGURII
2062 323 2349 380 NYSSENI

3528 328 3630 382 55-2
3644 367 3648 372 .

376 444 580 498 ditores
631 455 686 493 in
750 437 1000 494 fraudem
1050 449 1107 494 ct
1161 437 1534 508 deceptionem
1599 438 1955 508 ambiguitate

2060 457 2201 493 σειεν
2232 441 2296 494 ἄν
2331 459 2412 504 τις
2451 435 2590 492 εἶναι
2627 439 2756 511 πρὸ;
2784 441 2997 511 ἀπάτην
3037 441 3141 493 τῶν
3168 441 3470 494 ἀκουόντων
3499 443 3603 511 φλη
3633 469 3636 472 ~

375 532 716 604 garrulitatis
755 531 1016 586 inducere
1064 531 1316 586 volemis.
1353 528 1409 583 Si
1443 542 1572 584 vero
1603 544 1689 583 me
1728 529 1797 584 iis
1829 543 1950 598 quae

376 626 646 679 hactenus
686 623 949 686 discussi,
1015 623 1378 683 insistentem,
1423 619 1802 690 conjecturam
1869 617 1954 671 fa—

377 731 502 770 cere
546 722 759 785 Oportet
794 715 860 769 de
909 714 999 776 iis,
1057 729 1180 782 quae
1215 713 1318 766 hoc
1361 712 1484 766 loco
1522 710 1754 769 subdole
1793 710 1950 773 texit,

376 805 481 859 hoc
511 804 764 858 videlicet
795 805 911 856 vult
953 817 1224 863 asserere,
1283 811 1490 859 tantam
1563 797 1950 869 operationum

374 896 750 950 diversitatem
797 894 1143 949 statuendam
1190 909 1330 956 esse,
1369 899 1572 962 quanta
1604 892 1675 946 sit
1705 891 1950 961 ipsorum

376 1003 598 1058 operum
633 986 776 1040 inter
827 1001 886 1039 se
922 993 1108 1038 mutuo
1150 984 1478 1039 differentia.
1515 983 1584 1034 At
1617 983 1684 1036 de
1725 981 1954 1051 quibus-

375 1091 502 1128 nam
535 1075 797 1144 operibus
837 1075 926 1128 hic
971 1090 1278 1130 sermonem
1333 1073 1520 1136 faciat,
1555 1089 1663 1126 non
1697 1080 1783 1127 est
1821 1084 1952 1140 pro-

376 1165 513 1220 clive
542 1180 609 1220 ex
648 1167 810 1222 dictis
840 1167 1101 1236 colligere
1145 1185 1158 1220 :
1191 1167 1236 1221 si
1283 1167 1429 1220 enim
1470 1165 1710 1234 loquitur
1767 1163 1836 1219 de
1865 1179 1953 1218 re-

377 1257 501 1322 bus,
530 1273 653 1326 quie
682 1259 737 1312 in
777 1269 1157 1313 creaturarum
1197 1258 1393 1314 ordine
1434 1259 1801 1320 collocantur,
1839 1269 1950 1309 non

378 1348 513 1403 satis
541 1349 796 1417 dispicio,
831 1351 1055 1420 quinam
1099 1351 1408 1404 cohaereant
1449 1350 1562 1404 hare
1595 1364 1719 1403 cum
1754 1362 1952 1418 praece-

377 1439 657 1494 dentibus.
703 1440 839 1495 Cum
878 1442 1024 1494 enim
1055 1441 1286 1510 quaestio
1317 1441 1388 1496 sit
1417 1441 1484 1495 de
1518 1440 1677 1495 Patre
1721 1447 1776 1494 et
1810 1440 1952 1493 Filio

352 1530 430 1584 ‘ct
463 1530 669 1601 Spiritu
704 1541 918 1598 sancto,
951 1548 1060 1586 non
1093 1542 1340 1602 apparet,
1371 1548 1476 1602 qua
1514 1533 1803 1586 occasione
1832 1532 1950 1594 dis-

378 1629 526 1675 serat
555 1622 622 1676 de
652 1629 818 1686 terra,
852 1639 1016 1691 aqua,
1049 1639 1193 1690 aere,
1232 1625 1376 1694 igne,
1415 1623 1845 1692 animaliumque
1867 1622 1951 1675 (Ιίφ

377 1713 732 1769 versitatibus
759 1731 773 1776 ;
805 1715 1096 1783 verbisque
1115 1716 1374 1784 explicet,
1408 1723 1459 1768 et
1483 1715 1760 1770 describat
1784 1730 1948 1784 opera

2057 532 2415 600 ναφουμένου.
2445 533 2505 584 Εἰ
2527 531 2582 584 δὲ
2621 531 2726 601 χρὴ
2770 535 2882 594 τοῖς
2920 530 3413 603 προεξητασμένιοις
3437 532 3637 601 ἐπομε-

2057 643 2144 678 νον
2176 626 2268 678 καὶ
2291 625 2397 677 τῶν
2421 625 2650 678 ἐνταῦθα
2691 623 2838 694 αὑτῷ
2869 623 3424 694 κατασκευαζομένων
3450 624 3660 692 στοχά-,

2058 714 2278 777 σασθαι,
2341 714 2499 766 τοῦτό
2559 716 2726 777 ἐστιν,
2773 713 2802 764 ὃ
2842 711 3204 773 ἐνδείκνυται]
3266 714 3348 768 ὅτι
3379 711 3476 778 ὅση
3530 710 3638 762 τῶν

2055 804 2290 875 ἐργωνή
2334 805 2467 875 πρὸς
2512 800 2715 874 ἄλληλά
2761 805 2877 856 ἐστι
2912 801 3252 872 παραλλαγὴ,
3289 801 3520 871 τοσαύτη
3551 800 3642 854 καὶ

2055 896 2163 948 τῶν
2196 896 2482 966 ἐνεργειῶν
2531 896 2563 964 ἡ
2606 896 2837 968 διαφορά
2869 895 3002 965 πρὸς
3034 893 3267 964 ἀλλήλας
3302 891 3663 963 ἐπιγνωσθή-,

2056 1001 2226 1037 σεται.
2258 985 2393 1054 Περὶ
2429 984 2590 1038 τίνων
2621 985 2796 1038 τοίνυν
2829 983 3004 1055 έργων
3033 982 3265 1035 ἐνταῦθα
3293 985 3523 1034 ποιεῖται
3553 983 3644 1034 τὸν

2053 1075 2231 1142 λόγον,
2263 1077 2360 1128 οὑκ
2413 1075 2558 1146 ἔστιν
2611 1077 2674 1128 ἐκ
2718 1073 2825 1129 τῶν
2860 1074 3161 1144 εἰρημένων
3210 1073 3409 1145 εὑρεῖν.
3442 1074 3504 1124 ΕΞ
3547 1073 3643 1142 μὲν

2053 1165 2162 1235 γὰρ
2183 1165 2311 1235 περὶ
2338 1165 2446 1217 τῶν
2476 1167 2533 1217 ἐν
2573 1167 2640 1235 τῇ
2686 1165 2861 1217 κτίσει
2900 1163 3046 1231 λέγει
3086 1164 3492 1233 θεωρουμένων,
3547 1162 3647 1215 οὑκ

2053 1254 2169 1311 οἶδα
2192 1258 2349 1312 ποίαν
2373 1257 2694 1328 ἀκολουθίαν
2722 1257 2832 1328 ἔχει
2859 1257 3032 1309 ταῦτα
3059 1256 3192 1327 πρὸς
3222 1257 3290 1310 τὰ
3307 1257 3642 1327 προάγοντα,

2052 1349 2165 1420 Τῆς
2194 1350 2302 1420 γὰρ
2331 1349 2608 1419 ζητήσεως
2629 1349 2758 1419 περὶ
2791 1347 3022 1419 Πατρδς,
3053 1348 3146 1401 καὶ
3173 1346 3324 1409 Υίοῦ,
3359 1347 3454 1398 καὶ
3484 1346 3643 1411 ἁγίου

2050 1440 2372 1512 Πνεύματοςν
2401 1440 2565 1510 οῦσης
2587 1482 2601 1504 ,
2669 1440 2791 1494 τίνα
2829 1440 3018 1511 καιρὸν
3045 1439 3158 1510 ἔχει
3193 1440 3314 1509 γῆν,
3352 1439 3444 1492 καὶ
3480 1437 3644 1507 ὕδωρ,

2051 1532 2144 1605 καὶ
2166 1533 2322 1602 ἀέρα,
2347 1532 2447 1586 καὶ»
2484 1531 2616 1603 πῦρ,
2663 1532 2755 1585 καὶ
2783 1532 2898 1594 τὰς,
2922 1531 3030 1585 τῶν
3062 1531 3215 1595 ζώων
3241 1530 3501 1602 διαφορὰς
3529 1547 3643 1597 τρο--

2055 1623 2340 1691 σιολογεῖν,
2389 1626 2485 1677 καὶ
2532 1622 2787 1690 διεξιέναι
2831 1622 2909 1694 τῷ
2961 1624 3139 1691 λόγῳ,
3184 1624 3278 1676 καὶ
3323 1623 3672 1690 διαγράφειν.

2056 1711 2194 1783 ἔργα
2224 1712 2402 1783 ἔργων
2460 1713 2828 1783 πρεσϐύτερα,
2879 1712 2970 1765 καὶ
3016 1711 3338 1782 τιμιώτερα,
3372 1713 3466 1764 καὶ
3498 1711 3665 1781 ἐνέρ-,

377 1805 635 1873 operibus
676 1805 943 1875 dignitate
972 1813 1028 1860 et
1075 1807 1400 1862 excellentia
1445 1808 1852 1875 praestantiora,
1906 1812 1956 1860 et

2060 1819 2216 1871 γειαν
2255 1803 2534 1873 ἐνεργείας
2596 1803 2989 1874 ἀναϐεϐηκέναι
3030 1803 3209 1870 λέγειν
3248 1803 3484 1872 εὐλόγως
3527 1803 3646 1858 δια-

377 1909 541 1964 quam
589 1895 751 1960 etiam
788 1896 1111 1965 prudenter,
1159 1904 1213 1951 et
1257 1910 1382 1952 cum
1421 1897 1636 1952 ratione
1677 1897 1956 1966 operatio-

379 2001 501 2039 nrm
533 1987 842 2054 operationi
867 1989 1196 2043 autecellere
1227 1997 1526 2044 asseverat.
1568 1989 1624 2042 Si
1665 2004 1798 2043 vero
1831 1989 1957 2043 uni-

377 2079 618 2148 genitum
642 2078 840 2134 Filium
864 2089 919 2134 et
943 2079 1210 2150 Spiritum
1231 2090 1480 2138 sanctum
1501 2083 1748 2136 nominat
1768 2096 1958 2151 opera,

376 2183 645 2238 quasnam
677 2169 914 2238 appellat
949 2171 1328 2239 operationum
1360 2169 1721 2231 differentias,
1755 2169 1958 2237 quibus

377 2274 544 2329 opera
579 2259 694 2314 haec
738 2259 1089 2314 efficiuntur?
1131 2259 1395 2326 Quatnam
1430 2261 1547 2315 ἰειιε
1592 2261 1724 2330 ipsae
1763 2275 1956 2328 opera-

377 2351 580 2412 tiones,
609 2363 732 2418 quae
768 2349 905 2405 alias
938 2350 1289 2418 operationes
1321 2351 1640 2420 praestantia
1671 2358 1959 2412 transcen-

378 2443 561 2496 dunt?
602 2441 790 2512 Neque
827 2443 1092 2512 explicat,
1125 2441 1387 2511 quidnam
1421 2441 1693 2511 intelligat
1735 2440 1959 2494 nomine

381 2536 815 2599 transcensionis,
851 2550 958 2604 qua
989 2551 1098 2588 una
1133 2534 1382 2604 operatio
1414 2535 1644 2587 alteram
1677 2541 1960 2585 transcen-

378 2629 481 2690 dit,
527 2644 706 2698 neque
741 2628 1040 2697 quidquam
1092 2626 1161 2681 de
1205 2637 1398 2681 natura
1424 2626 1803 2696 operationmn
1845 2631 1973 2684 tra-,

378 2718 540 2781 didit,
576 2720 671 2774 sed
735 2720 1023 2789 hucusque
1065 2719 1204 2772 nihil
1241 2733 1408 2788 agens
1441 2717 1689 2772 oratione
1729 2729 1958 2784 proces-

380 2814 471 2876 sit,
509 2828 632 2865 cum
679 2828 854 2882 neque
905 2813 1243 2867 demonstret
1291 2826 1386 2865 eas
1433 2808 1738 2865 secundum
1779 2821 1958 2861 essen-

381 2906 511 2956 tiam
548 2919 703 2958 suam
751 2904 1076 2968 subsistere,
1114 2918 1294 2971 neque
1327 2901 1629 2956 voluntatis
1661 2898 1954 2968 quamdam

381 2996 674 3050 motionem
704 3012 800 3069 per
828 3012 887 3050 se
926 3013 1030 3049 non
1067 2996 1457 3050 subsistentem
1490 3009 1634 3047 esse.
1673 2991 1956 3045 Sententia

379 3088 522 3140 enim
557 3102 771 3149 eorum,
799 3103 922 3157 qme
956 3088 1239 3147 disseruit,
1267 3087 1408 3140 inter
1442 3094 1732 3152 utramque
1762 3082 1952 3135 hartnn

380 3178 699 3246 opinionum
739 3178 1032 3242 fluctuans,
1075 3186 1128 3232 et
1160 3178 1318 3246 quasi
1350 3177 1402 3229 in
1455 3176 1639 3230 medio
1665 3187 1953 3242 suspensa,

379 3268 446 3320 ad
485 3276 772 3336 utramque
803 3267 1219 3337 persuasionem
1249 3266 1501 3319 inclinat.

451 3359 618 3412 Addit
646 3374 800 3424 vero,
837 3358 991 3413 nefas
1014 3373 1152 3413 esse
1185 3357 1523 3420 existimare,
1552 3353 1798 3410 eamdem
1838 3367 1962 3408 esse

379 3453 782 3522 operationem,
830 3466 939 3521 qua
999 3450 1223 3519 angelos
1273 3448 1426 3511 fecit,
1474 3449 1559 3502 vel
1613 3446 1828 3508 stellas,
1877 3443 1961 3498 vel

381 3545 608 3604 cipiunt,
661 3543 746 3597 vel
776 3542 1047 3595 homines.
1084 3525 1303 3594 Rursus
1343 3555 1448 3608 qua
1504 3539 1833 3598 necessitate
1874 3534 1959 3589 vel

381 3637 526 3692 serie
583 3634 977 3704 disputationis
1033 3641 1291 3694 coactus,
1347 3632 1459 3686 lia:c
1513 3629 1794 3700 pra’dictis
1859 3628 1960 3681 ad-

380 3728 655 3796 iunxerit?
677 3724 788 3780 Nec
820 3725 1089 3794 intelligo,
1119 3723 1399 3793 quomodo
1440 3733 1563 3791 apte
1594 3720 1957 3776 conliciatur:

385 3821 611 3874 Tantum
643 3819 844 3872 distare
886 3835 917 3870 a
953 3835 1007 3871 se
1042 3818 1392 3885 operationes,
1429 3823 1624 3887 quanto
1654 3813 1961 3867 discrimine

381 3916 496 3982 ipsa
528 3927 686 3979 opera
727 3913 865 3964 inter
913 3927 967 3962 se
1008 3909 1292 3974 dissident,
1324 3925 1390 3962 ex
1429 3909 1531 3960 hoc
1569 3906 1714 3975 quod
1765 3904 1960 3975 probat

381 4020 491 4056 non
529 4018 720 4056 omnes
754 4001 980 4055 effectus
1017 4016 1083 4053 ex
1127 4000 1341 4064 eodem,
1402 3996 1496 4052 sed
1544 3998 1682 4050 alios
1721 4011 1784 4048 ex
1836 3995 1960 4048 aliis

380 4093 681 4147 exstitisse.
727 4090 862 4144 Nam
917 4092 1140 4156 canum,
1185 4102 1239 4144 et
1283 4090 1555 4156 angelum,
1586 4096 1639 4140 et
1680 4087 1959 4151 stellas,ct

381 4183 683 4247 hominem,
717 4191 770 4236 et
803 4183 1011 4244 omnia,
1047 4197 1168 4250 qua:
1200 4182 1253 4233 in
1283 4181 1552 4234 creaturis
1578 4184 1957 4242 numerantur,

382 4274 548 4328 unius
589 4289 712 4328 esse
746 4288 936 4343 opera,
985 4286 1014 4324 a
1051 4273 1230 4327 sacris
1273 4271 1497 4325 Litteris
1527 4269 1704 4324 edocti
1743 4282 1956 4322 sumus.

381 4365 451 4418 At
478 4381 605 4421 vero
633 4365 736 4419 iste
769 4379 893 4418 cum
937 4378 1038 4418 suo
1087 4365 1359 4433 dogmate,
1401 4367 1634 4414 conatur
1671 4358 1960 4414 ostendere

2063 1895 2370 1964 νοούμενον.
2428 1897 2493 1950 El
2535 1895 2591 1948 δὲ
2641 1895 2730 1947 τὸν
2756 1895 3035 1964 Μονογενῆ
3076 1895 3225 1959 Υἰὸν,
3270 1894 3364 1948 καὶ
3398 1895 3457 1946 τὸ
3491 1894 3674 1962 ἆγιον.

2061 1986 2287 2058 Πνεῦμα
2312 1989 2705 2059 προσαγορεύει
2730 1987 2797 2040 τά
2828 1987 2983 2058 ἔργα,
3005 1987 3158 2052 τίνας
3187 1987 3334 2056 λέγει
3365 1987 3527 2040 πάλιν
3549 1985 3648 2047 τὰς

2059 2077 2168 2132 τῶν
2198 2072 2488 2148 ἐνεργειῶν
2513 2079 2793 2148 διαφορὰς,
2827 2078 2892 2132 δι’
2914 2072 2988 2133 ὧν
3022 2077 3088 2133 τὰ
3131 2077 3267 2148 ἔργα
3305 2077 3478 2130 ταῦτα
3507 2080 3642 2130 ἀπο·

2060 2169 2340 2234 τελεῖταις.
2375 2168 2529 2232 Τίνες
2570 2169 2634 2222 δὲ-
2673 2171 2919 2223 κάκεῖναι
2965 2164 3122 2224 αὗται
3155 2172 3210 2222 αί
3259 2170 3550 2240 ἐνέργειαι,
3590 2169 3645 2220 αἱ

2059 2260 2159 2324 τὰς
2188 2260 2466 2330 ἐνεργείας
2497 2261 2885 2317 ἀναϐαίνουσαι
2913 2280 2926 2329 ;
2970 2260 3106 2314 Οῦτε
3147 2261 3255 2331 γὰρ
3285 2260 3381 2331 τὴν
3437 2258 3648 2313 ἀνάϐα-

2061 2369 2165 2406 σιν
2207 2353 2273 2422 ἠν
2306 2352 2615 2418 ἀναϐαίνει,
2659 2351 2841 2416 καθώς
2883 2369 3045 2424 φησιν
3089 2352 3282 2415 αὑτὸς,
3319 2354 3352 2420 ή
3399 2351 3647 2421 ἐνέργεια

2059 2443 2160 2512 τὴν
2175 2442 2470 2513 ἐνέργειαν,
2493 2445 2520 2496 ὅ
2542 2461 2593 2495 τι
2617 2443 2746 2496 ποτὲ
2775 2445 2885 2496 νοεῖ
2909 2443 3255 2516 διεσάφησεν,
3283 2442 3406 2496 οὔτε
3435 2459 3488 2495 τι
3519 2441 3648 2512 περὶ

2059 2533 2160 2601 τῆς
2192 2533 2406 2602 φύσεως
2451 2535 2560 2588 τῶν
2607 2536 2898 2606 ἐνεργειῶν
2921 2535 3188 2606 διελέχθη,
3229 2535 3342 2589 ἀλλ’
3377 2537 3462 2588 ἐπ’
3497 2534 3648 2587 οὐδε-

2059 2623 2148 2686 νὸς
2171 2625 2331 2695 μέχρι
2360 2625 2452 2679 τοῦ
2487 2629 2581 2680 νῦν
2609 2627 2837 2697 βέϐηκεν
2879 2629 2908 2680 ο
2929 2627 3084 2692 λόγος
3119 2627 3287 2696 αὑτῷ,
3324 2626 3449 2680 οὑτε
3475 2627 3536 2680 τὸ
3557 2628 3648 2680 οὑ-

2062 2716 2271 2780 σιωδῶς
2330 2718 2626 2786 ὑφεστάναι
2683 2710 3126 2782 κατασκευάζων,
3175 2719 3298 2773 οὔτε
3345 2719 3647 2790 θελήματός

2057 2827 2179 2864 τινα
2219 2812 2431 2882 κίνησιν
2457 2813 2824 2865 ἀνυπόστατον
2851 2811 3277 2882 ἐνδεικνύμενος.
3300 2813 3376 2863 Δι’
3404 2811 3526 2863 ὅλου
3539 2809 3647 2880 γὰρ

2057 2904 2089 2971 ἡ
2131 2903 2333 2956 διάνοια
2379 2903 2484 2956 τῶν
2515 2903 2822 2973 εἰρημένων
2869 2904 2962 2956 ἐπὶ
2994 2903 3086 2956 τοῦ
3122 2904 3285 2972 μέσου
3312 2901 3420 2956 τῶν
3445 2902 3659 2969 ὑπολή-.

2056 2995 2200 3064 ψεων
2225 2998 2460 3066 ρεφεϊσα,
2495 2996 2626 3067 πρὸς
2655 2995 2918 3067 ἑκατέρας
2949 2996 3046 3058 τὰς
3111 2995 3361 3058 ὑπονοίας
3392 2995 3650 3066 μεταῤῥιέ

2059 3087 2292 3149 πίςεται.

2131 3360 2461 3432 Προστίθησι
2489 3359 2564 3424 δέ,
2597 3360 2678 3413 ὅτι
2705 3360 2824 3413 οὑδὲ
2849 3359 3004 3429 Θέμις
3042 3361 3141 3432 τὴν
3171 3359 3661 3431 αὑτὴν.,ἐνέργειαν,

2063 3453 2256 3513 εἰπεῖν,
2293 3451 2414 3503 καθ’
2445 3452 2511 3521 ἣν
2544 3453 2668 3513 τοὺς
2693 3450 2954 3519 ἀγγέλους
2987 3451 3310 3522 ἐποίησεν,ῆ
3345 3453 3469 3514 τοὺς
3495 3453 3648 3505 ἀστέ-

2065 3559 2182 3613 ρας,
2221 3545 2312 3595 καὶ
2332 3543 2422 3594 τὸν
2455 3542 2702 3614 οὐρανὸν,
2738 3542 2770 3612 ἢ
2802 3541 2891 3594 τὸν
2911 3541 3216 3612 ἄνθρωπον.
3251 3544 3418 3596 Πάλιν
3468 3535 3642 3592 ταῦτα.

2061 3636 2126 3686 ἐκ
2156 3634 2313 3697 ποίας
2330 3633 2652 3705 ἀνάγκης,ἣ
2684 3631 3002 3696 ἀκολουθίας
3035 3637 3146 3702 τοῖς
3191 3635 3502 3706 εἰρημένοις
3547 3637 3646 3687 ἐπα

2064 3725 2268 3795 ήγαγεν
2296 3724 2365 3794 ;ἦ
2391 3725 2441 3777 τί
2473 3724 2672 3795 μᾶλλον
2705 3724 2794 3778 διὰ
2836 3725 3037 3777 τούτων
3061 3726 3548 3790 κατασκευάζεται;
3567 3723 3651 3788 τὸ,

2061 3815 2489 3884 Παρηλλάχθαι
2522 3817 2627 3882 τὰς
2675 3815 2977 3884 ἐνεργείας
3015 3815 3164 3870 κατὰ
3210 3819 3494 3876 τοσοῦτον
3535 3818 3642 3871 ἀλ-

2061 3909 2288 3973 λήλων,
2318 3906 2433 3972 ὅση
2466 3907 2564 3960 καὶ
2607 3906 2725 3959 τῶν
2749 3907 2937 3975 ἔργων
2965 3907 3138 3960 ἐστὶν
3162 3907 3199 3973 ἢ
3230 3907 3380 3975 πρὸς
3403 3909 3646 3975 ἄλληλα

2061 3997 2332 4065 διαφορὰ,
2365 3997 2538 4068 τῷ-μὴ
2566 3997 2661 4050 τοῦ
2685 3997 2848 4050 αὑτοῦ
2872 3997 3156 4066 τυγχάνειν
3188 3999 3324 4067 ἔργα
3351 3999 3419 4050 τὰ
3446 3999 3640 4062 πάντα,

2063 4091 2176 4145 ἀλλ’
2211 4092 2371 4160 ἕτερα
2400 4090 2456 4156 ἐξ
2487 4091 2674 4160 ἐτέρου
2706 4089 3029 4159 γεγενῆσθαι
3056 4091 3500 4154 κατασκευάζειν,
3534 4093 3643 4160 ἐγὼ
3657 4143 3666 4158 ,ν

2064 4183 2162 4253 μὲν
2188 4183 2248 4234 οὑ
2271 4181 2499 4253 συνορῶ.
2523 4183 2764 4252 Οὐρανὸν
2776 4181 2904 4251 γὰρ,
2929 4181 3022 4233 καὶ
3042 4181 3291 4248 ἄγγελον,
3310 4183 3403 4234 καὶ
3418 4183 3642 4252 ἀστέρα,
3665 4251 3667 4253 ι

2060 4273 2155 4326 καὶ
2188 4273 2492 4343 ἄνθρωπον,
2520 4271 2614 4325 καὶ
2631 4272 2806 4324 πάντα
2828 4272 2926 4323 ὅσα
2949 4271 3095 4323 ἐστὶν
3112 4273 3169 4325 ἐν
3194 4273 3259 4341 τῇ
3287 4272 3462 4325 κτίσει
3492 4273 3642 4326 νοού-

2064 4381 2221 4434 μενα,
2252 4365 2368 4428 ἐνὸς
2406 4365 2544 4435 ἔργα
2576 4368 2645 4418 τὰ
2695 4367 2872 4420 πάντα
2899 4369 3048 4438 παρὰ
3093 4368 3190 4437 τῆς
3215 4369 3434 4440 Γραφῆς
3464 4387 3641 4441 μεμα-

382 4475 491 4514 non
523 4456 686 4511 unius
703 4469 869 4524 Opera
905 4469 1029 4508 esse
1065 4453 1260 4506 Filium
1291 4459 1345 4505 et
1377 4449 1636 4520 Spiritum
1665 4455 1956 4510 sanctum;

2063 4454 2330 4525 θήκαμεν.
2377 4455 2433 4509 '0
2489 4457 2544 4509 δὲ
2597 4457 2690 4510 τοῦ
2722 4459 2986 4527 δόγματος
3026 4459 3204 4513 αὑτῶν
3245 4460 3640 4526 κατασκευάζει

385 4551 480 4605 sed
512 4547 708 4602 Filium
747 4545 966 4615 quidem
1003 4560 1128 4600 esse
1157 4559 1297 4613 Opus
1330 4543 1688 4612 operationis,
1743 4554 1865 4608 quae
1894 4553 1959 4591 ex

321 4656 344 4673 °
386 4643 560 4710 prima
595 4638 903 4693 substantia
939 4644 1158 4701 manat;
1193 4634 1461 4704 Spiritum
1493 4639 1672 4686 autem
1705 4639 1958 4685 sanctum

386 4732 566 4800 operis
589 4729 752 4798 hujus
783 4729 926 4782 aliud
951 4744 1073 4783 esse
1111 4743 1270 4796 opus.
1308 4727 1462 4779 Dicat
1503 4726 1672 4794 igitur
1704 4727 1842 4793 ipse,
1877 4721 1960 4775 vel

386 4825 430 4878 si
474 4823 598 4892 quis
647 4821 788 4875 alius
821 4819 1118 4875 recondita:
1173 4818 1322 4872 illius
1371 4817 1655 4886 sapientia:
1688 4814 1960 4883 particeps

385 4921 489 4977 est,
545 4925 709 4981 quam
751 4915 983 4965 tandem
1024 4926 1151 4964 cum
1220 4910 1413 4963 horum
1468 4907 1771 4962 assertione
1828 4922 1963 4959 con-

387 5005 675 5060 nexionem
695 5011 748 5057 et
771 5002 1212 5058 communionem
1237 5001 1458 5065 habeat,
1475 5002 1674 5055 caelum
1695 5008 1749 5053 et
1772 4999 1956 5062 homo,

387 5099 612 5166 angelus
643 5103 696 5150 et
727 5096 917 5158 Stellae,
951 5110 1071 5164 qua:
1111 5093 1292 5148 omnia
1342 5093 1444 5147 iste
1486 5092 1552 5146 ad
1585 5092 1958 5162 probationem

387 5203 535 5243 nunc
583 5187 853 5241 assumit?
903 5187 963 5240 In
1022 5185 1108 5240 liis
1159 5185 1306 5239 enim
1359 5183 1653 5239 manifeste
1704 5183 1958 5251 impietas

346 5301 348 5304 ·
386 5288 632 5351 apparet,
671 5286 725 5333 et
768 5293 865 5349 per
919 5293 979 5333 se
1026 5276 1324 5345 conspicua
1373 5284 1494 5343 est;
1550 5284 1605 5328 at
1662 5274 1959 5345 impietatis

387 5374 635 5442 probatio
663 5379 715 5426 et
742 5370 1032 5426 allirmatio
1064 5369 1166 5424 sibi
1205 5370 1324 5439 ipsa
1362 5383 1592 5438 prorsus
1635 5374 1719 5422 est
1747 5365 1962 5422 dissen-

386 5473 564 5518 tanea.
597 5462 833 5518 Credere
863 5463 1008 5516 enim
1060 5461 1114 5514 iu
1165 5461 1516 5516 sanctissima
1551 5459 1819 5513 'l‘rinitate
1845 5468 1963 5512 tan-

387 5563 496 5606 tam
531 5570 652 5609 esse
677 5553 1076 5618 diversitatem,
1099 5561 1304 5623 quanta
1332 5549 1674 5621 conspicitur
1705 5551 1759 5605 in
1795 5555 1958 5615 cmlo,

388 5644 532 5712 quod
565 5645 772 5699 ambitu
816 5661 916 5699 suo
945 5659 1164 5699 omnem
1211 5652 1519 5698 creaturam
1555 5643 1957 5712 complectitur,

388 5735 586 5814 collato
614 5751 736 5791 cum
765 5736 928 5793 unico
958 5737 1200 5802 homine,
1233 5737 1472 5808 t'cl_c_th
1502 5735 1670 5810 stella
1699 5735 1954 5810 quapiam

2062 4547 2239 4615 λόγος,
2267 4549 2346 4600 ὅτι
2378 4548 2474 4618 οὑχ
2503 4548 2619 4611 ἐνὸς
2650 4549 2783 4620 ἔργα
2812 4551 2839 4601 ὁ
2866 4550 3012 4615 Υἱὸς,
3045 4551 3135 4604 καὶ
3159 4553 3219 4605 τὸ
3247 4554 3469 4624 Πνεῦμα
3490 4571 3502 4583 ·
3526 4555 3639 4608 ἀλλ’

2061 4639 2088 4690 ὁ
2117 4638 2214 4709 μέν
2253 4640 2380 4702 Υἱὸς
2411 4641 2509 4708 τῆς
2551 4641 2932 4712 παρεπομένης
2960 4645 3025 4712 τῇ
3064 4643 3253 4717 πρώτῃ
3297 4646 3454 4716 οὐσίᾳ
3495 4648 3640 4717 ὲνερέ

2061 4731 2209 4798 γείας
2247 4731 2403 4801 ἔργον
2429 4732 2574 4783 ἐστί·
2607 4731 2668 4785 τὸ
2695 4733 2746 4785 δὲ
2772 4734 2993 4802 Πνεῦμα
3019 4735 3113 4787 τοῦ
3143 4736 3303 4805 ἔργου
3341 4736 3497 4790 πάλιν
3523 4738 3640 4789 ἓτε-

2064 4840 2155 4894 ρον
2198 4822 2375 4894 ἕργον.
2431 4823 2562 4876 Τίνα
2600 4821 2694 4878 οῦν
2735 4827 3018 4878 κοινωνίαν
3066 4827 3178 4896 ἔχει
3224 4829 3359 4898 πρὸς
3399 4828 3497 4899 τὴν
3527 4831 3644 4882 ἐκεῖ

2063 4914 2404 4986 κατασκευὴν
2432 4916 2678 4986 οὐρανὸς,
2729 4921 2822 4968 καὶ
2860 4917 3161 4986 ἄνθρωπος,
3203 4919 3432 4987 ἄγγελός
3462 4937 3522 4972 τε
3550 4920 3661 4973 καὶ.

2062 5005 2237 5075 ἀστὴρ
2268 5004 2362 5057 νῦν
2403 5006 2958 5075 συμπαραληφθέντες
2989 5008 3094 5060 ὑπὸ
3129 5008 3222 5069 τοῦ
3250 5007 3429 5076 λόγου,
3481 5010 3659 5078 αὑτὸς¹

2062 5099 2288 5161 εἰπάτω,
2316 5098 2348 5168 ἢ
2375 5099 2428 5151 εἴ
2455 5116 2538 5162 τις
2567 5099 2668 5169 τῆς
2696 5101 3008 5171 ἀπορρήτου
3040 5101 3228 5168 σοφίας
3253 5101 3418 5154 αὑτοῦ
3452 5119 3643 5155 κοινω-

2061 5191 2150 5254 νός
2172 5192 2350 5258 ἐστιν;
2387 5192 2475 5245 Ἐν
2523 5193 2734 5255 τούτοις
2773 5193 2880 5261 γὰρ
2931 5193 2992 5245 τὸ
3041 5193 3139 5263 μὲν
3169 5193 3362 5256 ἀσεϐὲς
3393 5193 3643 5264 φανερῶς

2061 5283 2173 5344 τοῖς
2192 5283 2498 5353 εἰρημένοις
2525 5283 2821 5351 ἐμφέρεται
2847 5300 2859 5312 ο
2903 5284 2935 5352 ἡ
2960 5283 3015 5334 δὲ
3042 5285 3139 5351 τῆς
3177 5283 3428 5345 ἀσεϐείας
3466 5301 3638 5335 καταρ

2064 5372 2250 5442 σκευὴ,
2302 5372 2395 5424 καὶ
2465 5371 2599 5442 πρὸς
2643 5373 2842 5441 ἑαυτήν
2888 5373 3034 5424 ἐστιν
3063 5371 3408 5441 ἀσύμφωνος.
3441 5372 3513 5424 Τὸ
3543 5373 3667 5442 μὲν,

2061 5461 2170 5532 γὰρ
2197 5461 2402 5514 οἴεσθαι
2458 5461 2725 5531 τοσαύτην
2770 5462 2827 5513 ὲν
2864 5464 2931 5530 τῇ
2988 5461 3120 5531 ἀγίᾳ
3146 5461 3336 5532 Τριάδι
3377 5461 3666 5533 διαφοράνΔ

2064 5552 2401 5621 θεωρεῖσθαι,
2427 5553 2548 5606 ὅσον
2578 5552 2691 5604 ἐστὶ
2721 5553 3051 5622 κατανοῆσαι
3082 5552 3308 5623 οὐρανοῦ
3331 5551 3424 5604 τοῦ
3462 5554 3642 5620 πᾶσαν

2061 5645 2160 5715 τὴν
2188 5645 2362 5698 κτίσιν
2380 5643 2863 5716 ὲμπεριειληφότος
2892 5645 3025 5716 πρὸς
3063 5645 3150 5697 τὸν
3191 5645 3286 5698 ἕνα
3319 5644 3395 5714 τῷ
3423 5643 3640 5716 ἀριθμῷ

2063 5737 2366 5808 ἄνθρωπον,
2393 5737 2424 5806 ἣ
2450 5737 2540 5792 τὸν
2571 5739 2627 5792 ἐν
2653 5735 2864 5809 ούρανῷ
2882 5737 3201 5810 φαινόμενον
3225 5737 3446 5808 ἀστέρα,
3480 5750 3636 5807 φανε.
