4166 6372
397 388 502 442 ’ὅῖιΰ

1560 380 1838 435 CONTRA
1877 379 2274 439 EUNOMIUM.
2314 379 2438 434 LIB.
2481 373 2522 433 Ι.

3546 371 3651 429 554

403 504 498 572 ράν
559 496 656 569 τὴν
705 495 958 550 ἀσέϐειαν
1009 493 1160 562 ἔχει’
1197 493 1257 546 τὸ
1295 493 1352 546 δὲ
1397 493 1822 561 συντεταγμένον
1868 493 1973 544 τῶν

2086 507 2139 546 3x
2185 491 2254 545 iis
2283 505 2404 560 quae
2453 489 2508 541 in
2559 485 2761 541 aethere
2814 477 3018 550 lucent,
3066 485 3411 555 perspicuam
3446 500 3556 554 pra:
3591 502 3652 541 se

399 587 704 658 νοημάτων.
741 584 832 637 καὶ
862 583 1153 636 ἀκόλουθον
1182 584 1279 652 τῆς
1309 583 1437 652 περὶ
1467 583 1595 634 αὐτὸ
1621 583 1778 635 τοῦτο
1813 600 1975 636 κατα-

403 680 637 748 σκευῆς,
685 676 835 729 τοῦτό
879 693 1039 746 φημι,
1091 677 1227 746 μήτε
1279 675 1420 743 ἐμοὶ,
1463 675 1599 745 μήτε
1653 674 1801 745 αὑτῷ
1835 675 1974 745 τάχα

401 773 459 826 τὸ
483 769 602 843 {erit}
623 770 788 839 πατρὶ
809 767 904 836 τῆς
921 766 1262 836 βλασφημίας
1284 765 1606 818 εὐσύνοπτον
1622 762 1776 818 εἶναι.
1794 767 1857 820 Εἰ
1877 767 1976 836 μὲν

400 864 510 932 γάρ
536 860 758 913 τοιαῦτα
788 859 915 928 περὶ
945 860 1040 929 τῆς
1070 858 1298 920 κτίσεως
1315 857 1607 924 ἐλογίζετο,
1642 859 1723 910 ὅτι
1750 858 1976 928 οὐρανὸς

405 957 503 1026 μὲν
533 954 691 1024 ἔργον
727 955 872 1005 ἐστὶν
920 950 1320 1020 ὑπερκειμένης
1359 951 1503 1013 τινὸς
1545 951 1843 1021 ἐνεργείας,
1877 951 1978 1020 τῆς

401 1045 457 1098 δὲ
489 1043 566 1112 τῷ
595 1040 806 1112 οὐρανῷ
840 1042 1224 1110 παρεπομένης
1263 1040 1539 1108 ἐνεργείας
1573 1041 1913 1110 ἀποτέλεσμα
1949 1044 1978 1093 ὁ

404 1136 598 1206 ἀστὴρ,
643 1134 848 1186 ἐκείνου
875 1133 929 1184 δὲ
959 1131 1206 1200 ἄγγελος,
1260 1132 1353 1183 καὶ
1382 1130 1591 1196 τούτου,
1617 1133 1644 1183 ὁ
1668 1131 1972 1202 ἄνθρωπος’

403 1224 544 1297 εἶχεν
578 1226 642 1279 ἄν
668 1241 720 1276 τι
761 1226 788 1276 ὁ
825 1224 981 1290 λόγος
1017 1222 1162 1293 αὑτῷ
1184 1221 1272 1276 διὰ
1302 1224 1400 1292 τῆς
1436 1222 1545 1276 τῶν
1573 1224 1770 1294 ὁμοίων
1800 1241 1978 1294 παρα-

407 1319 605 1380 θέσεως
631 1313 1056 1378 κατασκευάζειν
1079 1315 1138 1366 τὸ
1167 1314 1362 1384 δόγμα.
1406 1315 1468 1366 Εἰ
1493 1314 1549 1366 δὲ
1583 1316 1754 1368 ταῦτα
1787 1317 1882 1386 μὲν
1911 1316 1977 1368 δι’

405 1408 520 1471 ἐνὸς
591 1405 918 1474 γεγενῆσθαι
994 1405 1086 1456 καὶ
1134 1405 1296 1467 αὐτὸς
1348 1405 1650 1458 συντίθεται
1705 1407 1779 1470 (εἴ
1801 1424 1864 1474 γε
1906 1407 1978 1476 μὴ

406 1497 684 1560 παντελῶς
707 1499 771 1567 τῇ
804 1497 912 1549 τῶν
943 1494 1171 1565 Γραφῶν
1195 1498 1342 1564 φωνῇ
1377 1496 1699 1564 διαμάχεται
1725 1496 1764 1567 ),
1795 1497 1894 1566 τῆς
1923 1498 1979 1549 δὲ

405 1589 626 1644 ἐκείνων
679 1586 1026 1655 κατασκευῆς
1102 1586 1285 1656 ἕτερόν
1336 1604 1456 1638 τινα
1521 1587 1807 1657 διορίζεται
1862 1589 1981 1658 τρό-

407 1698 538 1737 πον’
574 1682 656 1743 τίς
696 1682 728 1751 ἡ
759 1680 1010 1732 κοινωνία
1047 1679 1154 1731 τῶν
1201 1679 1546 1749 ἐπαχθέντων
1587 1681 1719 1750 πρὸς
1750 1680 1815 1732 τά
1850 1697 1982 1751 προ-

407 1777 605 1842 άγοντα
626 1789 643 1838 ;

475 1954 716 2008 Δεδόσθω
737 1952 793 2008 δέ
822 1972 876 2007 τι
900 1954 992 2007 καὶ
1015 1955 1191 2007 κοινὸν
1219 1954 1362 2023 ἔχειν
1391 1953 1563 2008 ταῦτα
1594 1956 1727 2026 πρὸς
1770 1956 1984 2008 ἀπόδειη

407 2049 486 2113 ξιν
507 2048 607 2116 τῆς
633 2047 741 2098 τῶν
774 2046 971 2100 οὐσιῶν
1016 2045 1368 2116 παραλλαγῆς
1394 2061 1410 2079 ο
1443 2047 1614 2100 ταῦτα
1651 2047 1760 2116 γὰρ
1793 2047 1980 2099 ἐπιθυ-

409 2143 498 2209 μεῖ
519 2139 584 2190 δι’
610 2132 684 2191 ὦν
713 2137 862 2204 λέγει
888 2137 1314 2200 κατασκευάζειν
1341 2152 1352 2166 ·
1378 2136 1510 2189 ἀλλὰ
1532 2137 1598 2189 τὰ
1632 2137 1828 2207 ἑφεξῆς
1867 2136 1984 2201 πῶς

409 2230 708 2300 συνήρτησε
742 2230 853 2290 τοῖς
877 2227 1205 2297 εἰρημένοις,
1243 2228 1583 2297 ἀκούσωμεν.
1622 2230 1800 2295 "0ch,
1826 2230 1980 2298 φησι,

407 2319 477 2372 τὰ
526 2319 668 2386 ἔργα
710 2315 828 2370 τῶν
865 2318 1054 2384 ἔργων
1095 2318 1466 2384 πρεσϐύτερα
1507 2318 1605 2371 καὶ
1657 2317 1980 2387 τιμιώτερα,

409 2413 671 2475 τοσούτῳ
698 2410 795 2465 καὶ
840 2409 956 2476 τὴν
982 2409 1285 2479 ἐνέργειαν
1318 2409 1425 2477 τῆς
1452 2411 1752 2480 ἐνεργείας
1776 2411 1986 2465 ἀναϐε-

407 2502 646 2569 ϐηκέναι
669 2502 817 2570 φαίη
839 2501 916 2555 ἄν
933 2518 1022 2565 τις
1046 2501 1306 2567 εὐσεϐῶς
1334 2501 1776 2571 διανοούμενος.
1801 2503 1986 2558 Ταῦτα

412 2594 509 2663 μὲν
531 2594 578 2647 εἰ
611 2592 707 2663 μὲν
731 2594 856 2662 περὶ
878 2591 986 2644 τῶν
1012 2591 1282 2661 αίσθητῶν
1306 2591 1473 2659 λέγει,
1506 2593 1692 2663 πόρρω
1720 2593 1824 2646 τῶν
1855 2611 1987 2666 προ-

406 2684 669 2738 τεθέντων
705 2684 898 2736 ὲστὶνὸ
927 2682 1116 2750 λόγος·
1153 2683 1236 2746 τίς
1273 2683 1382 2754 γὰρ
1421 2685 1454 2753 ἡ
1484 2684 1695 2755 ἀνάγκη
1734 2685 1823 2739 τὸν
1857 2687 1987 2757 περὶ

407 2775 514 2829 τῶν
544 2775 826 2845 δογμάτων
853 2776 1026 2826 εἰπεῖν
1056 2791 1110 2827 τι
1133 2773 1485 2844 προθέμενον,
1515 2777 1640 2846 περὶ
1665 2776 1759 2844 τῆς
1782 2775 1988 2841 τάξεως

409 2868 516 2920 τῶν
545 2869 601 2919 έν
629 2871 692 2937 τῇ
729 2867 1059 2937 κοσμογονίᾳ
1096 2866 1604 2938 δημιουργηθέντων
1657 2871 1985 2938 φιλοσοφεῖν,

411 2960 506 3012 καὶ
530 2959 882 3028 ὑψηλοτέρας,
934 2959 1027 3010 καὶ
1092 2958 1382 3027 ὑφειμένοις
1427 2959 1525 3022 τὰς
1564 2960 1840 3030 ἐνεργείας
1892 2961 1986 3013 τοῦ

412 3051 695 3112 κτίσαντος
745 3050 880 3119 πρὸς
933 3049 1090 3116 λόγον
1134 3050 1233 3119 τῆς
1283 3051 1511 3103 ἑκάστου
1550 3050 1658 3103 τῶν
1691 3051 1989 3119 γεγονότων

414 3139 768 3210 πηλικότητος
789 3137 926 3192 εἶναι
958 3139 1410 3210 διισχυρίζεσθαι;
1440 3143 1500 3194 Ei
1530 3139 1585 3194 δὲ
1611 3142 1736 3211 περὶ
1766 3142 1988 3194 ἐκείνων

412 3235 646 3284 ¹ποιεῖται
677 3233 767 3285 τὸν
806 3232 982 3300 λόγον,
1024 3233 1115 3284 καὶ
1168 3232 1306 3302 ἔργα
1345 3233 1519 3300 ἔργων
1561 3233 1905 3305 πρεσϐύτερά
1931 3252 1991 3287 τε

413 3323 507 3375 καὶ
563 3321 861 3392 τιμιώτερα
912 3321 1056 3390 λέγει
1094 3323 1162 3373 τὰ
1191 3322 1587 3376 διαπλασθέντα
1637 3327 1764 3395 παρ’
1799 3325 1989 3390 αὑτοῦ,

415 3410 508 3466 νῦν
538 3415 593 3465 ὲν
616 3413 692 3482 τῷ
714 3413 960 3482 δόγματι,
981 3413 1122 3465 τοῦτ’
1147 3413 1258 3465 ἔστι
1286 3415 1375 3466 τὸν
1397 3415 1544 3476 Υἱδν,
1573 3415 1664 3466 καὶ
1695 3415 1754 3467 τὸ
1772 3416 1993 3485 Πνεῦμα

413 3505 474 3556 τὸ
508 3504 680 3571 ἅγιον,
711 3504 851 3573 τάχα
883 3503 1060 3566 καλῶς
1105 3503 1236 3573 ἔχει,
1284 3508 1457 3574 σιωπῇ
1493 3505 1689 3574 μᾶλλον
1728 3507 1818 3559 τὸν
1839 3506 1992 3575 λόγον

417 3595 787 3664 βδελύξασθαι,
839 3595 870 3664 ἦ
894 3595 980 3648 διὰ
1009 3595 1100 3660 τοῦ
1125 3597 1505 3666 συμπλακῆναι
1535 3597 1592 3647 τὸ
1611 3597 1785 3651 δοκεῖν
1808 3599 1990 3662 αὑτὸν,

417 3687 511 3740 καὶ
540 3686 695 3752 λόγον
722 3680 860 3738 εἶναι
885 3686 1309 3739 κατασκευάσαι.
1357 3686 1479 3749 Πῶς
1509 3686 1616 3755 γὰρ
1647 3687 1712 3740 ἂν
1745 3688 1991 3759 εὑρεθείη

417 3777 830 3848 προτιμότερον,
865 3771 1021 3838 ὲνοῖς
1059 3773 1302 3829 οὐκέστι
1335 3777 1394 3828 τὸ
1431 3778 1775 3847 ἀτιμότερον;
1806 3780 1866 3832 El
1894 3779 1992 3849 μὲν

416 3869 521 3939 γὰρ
573 3869 734 3939 μέχρι
787 3869 973 3922 τούτου
1020 3872 1086 3940 τῇ
1127 3867 1262 3938 πρὸς
1306 3868 1366 3920 τὸ
1403 3868 1570 3922 κακὸν
1614 3869 1850 3938 εὐκολίᾳ,
1901 3871 1994 3922 κα)⁵

421 3964 723 4033 ὲτοιμότητι
766 3963 1029 4032 πρόεισιν,
1060 3961 1197 4016 ὥστε
1245 3962 1337 4014 τοῦ
1393 3962 1738 4032 ἀτιμοτέρου
1774 3963 1868 4016 καὶ
1894 3964 1993 4034 τὴν

418 4055 596 4123 φωνὴν
623 4054 714 4107 καὶ
739 4055 833 4124 τὴν
849 4054 1051 4106 ἔννοιαν
1073 4053 1162 4106 ἐπί
1187 4071 1328 4116 τινος
1355 4057 1460 4107 τῶν
1484 4055 1538 4106 ἐν
1561 4058 1622 4124 τῇ
1659 4055 1783 4126 ἁγίᾳ
1804 4058 1992 4127 Τριάδι

414 4143 907 4213 διαπιστευομένων
952 4144 1262 4214 ὑπονοῆσαι,
1296 4143 1452 4213 βῧσαι
1497 4145 1562 4197 τά
1587 4141 1702 4199 ὦτα
1727 4149 1992 4217 προσῆκει

417 4235 509 4287 καὶ
560 4237 769 4304 φυγεῖν,
820 4236 920 4303 ὅση
967 4235 1214 4304 δύναμις,
1266 4235 1373 4286 άπὸ
1418 4236 1586 4305 ἀκοῆς
1619 4238 1887 4308 πονηρᾶς
1917 4237 1993 4300 ὡς

417 4327 484 4379 ἂν
521 4327 594 4397 μὴ
618 4327 869 4379 κοινωνία
902 4343 986 4390 τις
1037 4325 1128 4380 τοῦ
1157 4327 1461 4397 μιάσματος
1491 4328 1698 4395 γένοιτο
1726 4327 1801 4398 τῷ
1835 4328 1993 4382 ἀκού·

415 4433 560 4471 οντι·
596 4417 844 4488 καθάπερ
875 4418 932 4484 ἐξ
960 4419 1180 4487 ἀγγείου
1213 4419 1355 4482 τινὸς
1381 4419 1620 4490 πλήρους
1653 4419 1991 4490 ἀκαθαρσίας

2081 583 2185 637 fert
2231 582 2592 652 impietatem;
2648 579 3044 634 connexionem
3082 594 3211 633 vero
3262 578 3651 648 disputationis

2078 683 2131 727 et
2167 673 2415 728 ordinem
2449 673 2852 743 probationum,
2887 671 2954 726 ad
2983 671 3085 724 hoc
3112 671 3290 740 ipsum
3317 669 3652 724 concluden-

2079 763 2207 817 dum
2258 771 2312 817 et
2362 761 2875 824 demonstrandum,
2923 762 3009 814 aio
3059 775 3236 829 neque
3279 759 3432 824 mihi,
3477 775 3654 828 neque

2080 855 2334 910 fortassis
2367 855 2471 926 ipsi
2507 855 2803 924 impietatis
2843 854 3055 922 parenti
3092 854 3225 908 satis
3253 853 3481 922 liquere.
3514 850 3650 903 Nam

2081 951 2126 1004 si
2178 950 2251 1002 ita
2285 948 2352 1002 de
2399 949 2564 1002 rebus
2606 947 2806 1001 creatis
2841 945 3144 1008 statuisset,
3194 945 3395 998 caelum
3431 943 3652 1013 quidem

2081 1055 2219 1110 opus
2262 1054 2386 1094 esse
2413 1054 2680 1107 supremae
2711 1037 3000 1105 cujusdam
3036 1035 3371 1104 operationis
3395 1073 3408 1096 ,
3440 1033 3650 1087 stellam

2080 1148 2210 1187 vero
2239 1132 2574 1201 Operationis
2605 1130 2745 1198 ejus,
2784 1145 2906 1198 qua:
2932 1138 3186 1181 naturam
3213 1127 3338 1181 caeli
3369 1127 3653 1194 sequitur,

2082 1225 2250 1294 hujus
2291 1235 2472 1277 autem
2517 1222 2796 1292 angelum,
2820 1232 2873 1275 et.
2903 1220 3068 1288 hujus
3096 1219 3371 1272 hominem
3401 1235 3414 1272 :
3449 1217 3651 1286 potuiso

2083 1327 2165 1372 set
2200 1317 2454 1371 fortassis
2485 1315 2663 1369 oratio
2686 1316 2806 1383 ejus
2837 1313 3041 1382 aliquid
3080 1313 3333 1366 evincere
3366 1327 3460 1378 per
3501 1310 3657 1365 simi-

2085 1412 2215 1464 lium
2251 1411 2410 1463 allata
2441 1416 2780 1479 argumenta.
2832 1408 2889 1460 Si
2929 1415 3107 1460 autem
3152 1408 3266 1458 haec
3292 1403 3474 1456 omnia
3505 1401 3654 1471 ipseé

2085 1511 2195 1555 met
2225 1503 2292 1554 ab
2343 1517 2451 1554 uno
2487 1500 2676 1554 eifecta
2709 1499 2912 1554 fatetur
2937 1498 3064 1561 (nisi
3107 1495 3332 1549 omnino
3371 1507 3656 1548 sacrarum

2084 1591 2416 1645 Litterarum
2467 1593 2708 1646 oraculis
2747 1591 3131 1646 contradicere
3161 1588 3335 1657 velit),
3386 1595 3440 1641 et
3475 1593 3657 1639 tamen

2084 1683 2394 1738 elfectionis
2424 1700 2605 1736 rerum
2641 1685 2855 1736 illarum
2905 1683 3069 1734 alium
3101 1680 3392 1750 quemdam
3431 1677 3656 1732 modum

2086 1775 2407 1836 introducit,
2445 1791 2552 1829 non
2594 1783 2817 1844 apparet
2859 1772 3134 1843 quomodo
3163 1772 3276 1825 haec
3301 1785 3424 1824 cum
3455 1784 3657 1840 praece-

2085 1868 2342 1921 dentihus
2377 1869 2711 1922 cohaereant.

2157 1960 2262 2014 Sed
2298 1959 2560 2013 faciamus
2602 1959 2715 2013 haec
2749 1967 2874 2029 apta
2905 1973 3028 2015 esse
3076 1957 3145 2013 ad
3177 1956 3656 2025 demonstrandam

2084 2048 2447 2102 diversitatem
2501 2049 2976 2102 substantiarum:
3021 2049 3124 2102 hoc
3197 2048 3341 2101 enim
3410 2047 3659 2102 obtinere

2084 2139 2274 2208 cupit:
2325 2147 2562 2193 attamen
2623 2139 2894 2210 quomodo
2927 2155 3047 2208 qua:
3083 2147 3385 2208 sequuntur
3423 2154 3544 2192 eum
3591 2138 3658 2192 iis

2086 2243 2205 2296 quze
2269 2243 2431 2297 supra
2489 2227 2777 2291 disseruit,
2829 2243 3078 2284 connexa
3127 2230 3280 2293 sint,
3347 2229 3654 2282 audiamus.

2087 2319 2298 2384 Quanto
2325 2320 2486 2389 igitur
2524 2311 2682 2387 opera
2733 2319 2972 2388 operibus
3004 2320 3248 2391 digniora
3302 2329 3351 2374 et
3395 2329 3660 2392 praestan-

2087 2412 2224 2463 tiora
2262 2420 2404 2473 sunt,
2443 2419 2588 2464 tanta
2641 2411 2801 2464 etiam
2847 2411 3202 2475 operationem
3241 2409 3306 2462 ab
3360 2409 3659 2478 operatione

2085 2506 2322 2570 superari
2343 2504 2512 2557 omnis
2539 2501 2630 2556 ille
2651 2518 2756 2556 non
2782 2513 2995 2572 gravate
3024 2501 3193 2566 dabit,
3223 2502 3313 2572 qui
3343 2503 3428 2571 pie
3476 2500 3539 2555 de
3576 2501 3659 2556 his

2086 2595 2428 2664 cogitaverit:
2462 2595 2575 2648 haec
2608 2594 2752 2648 enim
2803 2595 2848 2650 si
2881 2594 2947 2648 de
2989 2595 3152 2648 rebus
3182 2593 3284 2648 sub
3320 2608 3538 2650 sensum
3567 2608 3658 2647 ea-

2087 2687 2342 2741 demihus
2362 2687 2579 2748 asserit,
2613 2686 2774 2756 longe
2827 2701 2856 2739 a
2888 2687 3172 2757 proposito
3202 2685 3419 2739 aberrat
3441 2686 3656 2752 oratio;

2087 2795 2212 2832 nam
2245 2795 2365 2848 qua:
2411 2779 2712 2833 necessitas
2757 2779 2901 2846 COgit
2961 2779 3109 2831 illum
3168 2778 3259 2846 qui
3312 2777 3378 2832 de
3409 2778 3660 2831 doctrina

2089 2867 2208 2920 ﬁdei
2239 2867 2519 2936 disputare
2549 2866 2874 2936 ingreditur,
2910 2867 3181 2921 disserere
3215 2867 3282 2921 de
3310 2867 3519 2931 ordine,
3551 2882 3662 2936 quo

2089 2975 2178 3013 res
2233 2959 2388 3012 initio
2431 2959 2616 3012 mundi
2678 2958 2880 3011 fuerint
2930 2957 3240 3026 dispositae,
3274 2957 3661 3028 Creatorisque

2090 3050 2434 3119 operationes
2466 3049 2779 3117 superiores
2806 3057 2860 3102 et
2881 3048 3173 3102 inferiores
3216 3047 3384 3103 fuisse
3413 3063 3662 3104 asserere

2015 3165 2059 3224 α
2091 3157 2190 3212 pro
2217 3141 2550 3211 perfectione
2604 3141 2862 3194 nimirum
2907 3157 3084 3195 rerum
3114 3143 3462 3196 creatarnm?
3504 3141 3661 3208 Quod

2093 3233 2137 3288 si
2163 3233 2230 3286 de
2257 3234 2364 3288 illis
2416 3248 2722 3288 sermonem
2773 3233 2918 3294 facit,
2968 3248 3142 3304 eaque
3187 3249 3350 3304 opera
3398 3235 3660 3304 operibus

2092 3325 2334 3394 digniora
2373 3333 2424 3379 et
2453 3327 2829 3394 praestantiora
2863 3327 3013 3391 dicit,
3041 3342 3160 3396 qua:
3200 3327 3317 3396 ipse
3357 3343 3503 3382 nunc
3548 3330 3662 3398 pri-

2091 3432 2236 3470 mum
2269 3425 2611 3472 commentus
2640 3425 2722 3473 est
2749 3421 2895 3472 circa
2924 3419 3044 3472 fidei
3069 3419 3394 3482 doctrinam,
3422 3419 3526 3475 hoc
3554 3429 3659 3484 est,

2091 3502 2158 3557 de
2185 3501 2322 3556 Filio
2358 3513 2412 3557 et
2445 3501 2646 3571 Spiritu
2677 3514 2886 3565 sancto,
2925 3519 3102 3573 Opera:
3131 3507 3364 3575 pretium
3409 3506 3666 3564 fortassis

2092 3592 2264 3661 magis
2295 3591 2477 3654 fuerit,
2503 3595 2720 3648 silentio
2751 3596 3075 3649 sententiam
3095 3596 3234 3650 hanc
3261 3599 3556 3661 exsecrari,
3592 3614 3663 3654 ne

2091 3683 2161 3738 ob
2194 3683 2572 3737 refutationem
2599 3685 2851 3738 videatur
2881 3686 3086 3754 aliquid
3143 3688 3544 3756 probabilitatis
3599 3704 3664 3746 ac

2090 3774 2324 3828 rationis
2354 3775 2576 3829 habere.
2609 3774 2892 3840 Quomodo
2921 3778 3065 3830 enim
3096 3778 3150 3830 in
3184 3777 3258 3831 iis
3312 3780 3666 3848 prmatantius

2090 3872 2146 3920 et
2191 3865 2411 3934 dignius
2463 3866 2786 3934 reperiatur,
2842 3867 2932 3919 ubi
2992 3883 3100 3921 non
3142 3869 3418 3923 invenitur
3477 3873 3660 3927 minus

2090 3963 2359 4026 praestans
2382 3963 2435 4010 et
2465 3958 2647 4011 minus
2671 3957 2894 4025 dignum
2925 3959 2948 4010 ?
2982 3957 3036 4011 Si
3068 3959 3210 4012 enim
3245 3974 3341 4014 sua
3370 3961 3436 4015 ad
3459 3965 3662 4033 impro-

2094 4048 2312 4100 bitatem
2345 4045 2603 4101 facilitate
2651 4057 2704 4101 et
2735 4049 3015 4103 alacritate
3045 4064 3110 4104 eo
3166 4067 3337 4120 usque
3367 4054 3652 4122 processit.

2095 4148 2151 4191 ut
2179 4137 2493 4206 indignioris
2525 4151 2742 4207 quoque
2777 4154 2964 4194 vocem
2991 4148 3044 4194 et
3075 4142 3322 4196 notitiam
3375 4143 3430 4197 in
3468 4159 3660 4199 eorum

2093 4230 2296 4298 aliquo,
2348 4245 2469 4300 qua!
2503 4231 2556 4283 in
2596 4232 2946 4288 sanctissima
2977 4231 3250 4288 'l‘rinitate
3309 4233 3491 4290 inesse
3543 4250 3663 4291 ere-

2090 4323 2316 4387 duntur,
2341 4323 2615 4386 admittat,
2644 4338 2743 4393 par
2772 4332 2875 4380 est.
2905 4332 2964 4377 ut
2998 4323 3269 4379 obturatis
3301 4325 3526 4380 auribus
3561 4341 3663 4396 pro

2094 4415 2236 4469 virili
2263 4424 2452 4469 nostra
2482 4424 2632 4484 parte
2685 4413 2956 4483 fugiamus
2983 4415 3050 4468 ab
3084 4415 3364 4470 auditione
3388 4418 3530 4469 mala
3555 4435 3570 4471 :
3596 4433 3664 4471 ne

419 4510 500 4572 εἰς
542 4507 640 4580 τὴν
683 4509 789 4562 τῶν
835 4508 1137 4562 ἀκουόντων
1187 4509 1411 4579 καρδίαν
1439 4509 1837 4580 μεταχεομένου
1889 4510 1982 4564 τοῦ

2092 4509 2403 4561 communio
2437 4508 2614 4577 aliqua
2639 4509 2772 4561 tanti
2818 4508 3019 4578 piaculi
3049 4508 3116 4561 ad
3147 4508 3454 4563 audientem
3485 4517 3665 4563 transd

415 4598 595 4668 λόγου.
683 4631 687 4634 -

487 4777 614 4840 Πῶς
643 4777 750 4848 γὰρ
778 4777 842 4830 ἄν
864 4795 946 4841 τις
974 4779 1064 4830 ἐπὶ
1093 4779 1189 4848 τῆς
1219 4779 1368 4841 θείας
1389 4797 1448 4832 τε
1470 4782 1562 4833 καὶ
1591 4781 1989 4852 ὑπερκειμένης

420 4869 632 4939 φύσεως
672 4871 843 4922 εἰπεῖν
889 4886 940 4922 τι
992 4869 1199 4922 τοιοῦτο
1247 4871 1566 4942 τολμήσειε,
1597 4873 1661 4925 δι’
1704 4866 1762 4925 οὗ
1792 4873 1850 4925 τὸ
1878 4875 1994 4925 άτι-

422 4959 648 5031 μότερον
713 4959 1076 5031 συγκριτικῶς
1127 4960 1230 5012 ὑπὸ
1277 4959 1457 5029 λόγου.
1493 4961 1989 5028 κατασκευάζεται;

420 5051 551 5107 Ἵνα
574 5051 815 5117 πάντες,
849 5051 1002 5121 φησὶ,
1030 5051 1237 5120 τιμῶσι
1266 5052 1371 5106 τὸν·
1399 5053 1552 5117 Υιὸν,
1579 5054 1769 5120 καθὼς
1784 5055 1992 5123 τιμῶσι

416 5143 524 5198 τὸν·
555 5142 802 5210 Πατέρα.
849 5141 958 5212 Τῆς
993 5139 1084 5196 οὖν
1115 5146 1298 5215 φωνῆς
1332 5145 1532 5215 ταύτης
1560 5145 1618 5199 τὺ
1645 5141 1760 5199 ἴσον
1787 5149 1883 5218 τῆς
1914 5166 1993 5200 τι·

423 5236 527 5305 μῆς
551 5232 942 5305 νομοθετούσης
970 5250 985 5266 ⁸
1039 5235 1201 5305 νόμος
1245 5237 1352 5304 γάρ
1395 5239 1540 5291 ἐστιν
1579 5239 1612 5308 ἠ
1646 5237 1763 5291 θεία
1807 5240 1990 5310 φωνήν

419 5319 573 5390 οὗτος
602 5327 808 5381 καὶτὸν
844 5329 1006 5399 νόμον
1035 5329 1126 5381 καὶ
1159 5328 1248 5380 τὸν
1281 5329 1573 5398 νομοθέτην
1620 5328 1780 5382 αὑτὸν
1817 5346 1995 5399 παρα-

420 5422 690 5491 γράφεται
717 5462 730 5486 ,
758 5421 950 5492 καὶτῷ
986 5422 1084 5492 μὲν
1126 5421 1365 5484 πλείονα,
1396 5420 1472 5491 τῷ
1523 5421 1578 5474 δὲ
1613 5421 1869 5475 ἐλάττονα
1898 5421 1994 5492 τὴν

419 5513 582 5583 τιμὴν
609 5511 875 5580 διανέμει,
901 5513 1001 5566 οὑκ
1053 5509 1168 5567 οἴδα
1195 5513 1341 5576 ὅπως
1368 5513 1436 5567 τὰ
1465 5511 1636 5584 μέτρα
1659 5512 1752 5566 τοῦ
1774 5512 1996 5565 πλεονά-

421 5603 602 5667 ζοντος
630 5607 728 5673 τῆς
776 5604 941 5675 τιμῆς
981 5604 1341 5676 ἐξευρίσκων·
1369 5604 1461 5658 ἐπὶ
1504 5605 1601 5676 μὲν
1631 5604 1736 5676 γάρ
1768 5606 1866 5675 τῆς
1896 5605 1989 5659 ἁν-

491 5803 539 5836 ἐ
577 5797 735 5856 man.
762 5817 816 5862 ν.
843 5800 930 5856 2?).

2094 4600 2299 4651 feratur
2328 4598 2594 4662 oratione,
2645 4598 2795 4653 velut
2847 4614 2914 4653 ex
2954 4613 3082 4652 vase
3115 4599 3292 4652 omnis
3326 4599 3663 4667 impuritatis

2094 4691 2412 4760 plenissimo
2443 4691 2496 4744 in
2525 4689 2857 4745 audientium
2904 4690 3117 4745 animos
3145 4689 3444 4744 transfusa.

2164 4781 2297 4834 Nam
2329 4780 2603 4851 quomodo
2659 4781 2784 4850 quis
2841 4781 2894 4834 in
2941 4780 3125 4834 divina
3174 4781 3265 4834 illa
3309 4788 3363 4834 et
3409 4780 3664 4836 omnibus

2093 4876 2452 4931 eminentiore
2473 4885 2664 4928 natura
2700 4873 2808 4927 tale
2837 4872 3040 4942 aliquid
3094 4871 3294 4941 fingere
3349 4872 3567 4938 audeat,
3605 4883 3665 4927 ut

2095 4963 2276 5017 minus
2337 4961 2558 5032 dignum
2635 4976 2730 5030 per
2793 4960 3252 5030 comparationem
3337 4960 3391 5014 in
3461 4959 3666 5017 divinis

2097 5053 2344 5108 adstruat
2374 5050 2398 5105 ?
2441 5047 2509 5106 Ut
2537 5069 2748 5118 omnes,
2783 5052 2982 5122 inquit,
3039 5053 3383 5120 honoriﬁcent
3420 5051 3619 5107 Filium
3643 5092 3660 5118 ,

2094 5144 2534 5214 quemadmodum
2593 5143 2942 5211 honorificam
2996 5143 3212 5196 Patrem
3235 5144 3300 5196 ⁸⁸.
3333 5142 3466 5197 Cum
3501 5145 3666 5214 igitur

2092 5253 2193 5291 vox
2219 5237 2333 5291 haec
2375 5236 2736 5306 aequalitatem
2773 5235 3019 5301 honoris,
3050 5236 3208 5305 quasi
3256 5236 3374 5306 lege
3408 5237 3515 5290 lata
3546 5253 3666 5292 san-

2094 5333 2204 5386 ciat
2231 5350 2245 5387 :
2274 5332 2359 5387 lex
2393 5332 2536 5386 enim
2565 5339 2648 5386 est
2681 5345 2782 5384 vox
2817 5330 3004 5386 divina
3037 5350 3050 5387 :
3085 5332 3191 5387 iste
3219 5340 3272 5386 et
3296 5333 3469 5403 legem
3509 5341 3562 5388 et
3587 5332 3667 5388 le‘

2093 5425 2402 5495 gislatorem
2442 5424 2620 5495 ipsum
2646 5423 2907 5488 traducit,
2965 5433 3018 5479 et
3060 5424 3188 5479 huic
3230 5425 3449 5494 quidem
3488 5424 3664 5494 made

2095 5529 2230 5578 rem,
2269 5514 2394 5568 huic
2424 5528 2553 5568 vero
2581 5514 2846 5569 minorem
2872 5514 3132 5570 honorem
3163 5513 3506 5583 impertitur,
3566 5530 3667 5569 nee

2097 5606 2213 5661 scio
2245 5605 2464 5663 ubinam
2490 5605 2713 5675 majoris
2735 5614 2788 5660 et
2815 5604 3046 5661 minoris
3069 5617 3327 5661 mensura
3353 5605 3672 5674 repertam
