4166 6372
507 372 612 427 555

1771 368 1827 423 S.
1855 365 2177 423 GREGORII
2206 369 2498 428 NYSSENI

3646 379 3749 437 3'58

507 485 787 540 hominum
834 482 979 537 enim
1029 479 1303 535 communi
1342 478 1617 534 societate
1648 478 1942 536 diversitas
1983 481 2065 534 di-

2170 483 2443 554 θρωπίνης
2470 485 2772 555 συνηθείας,
2807 488 2859 538 αἱ
2884 488 3021 540 κατὰ
3046 486 3156 554 Ϊτάς
3183 488 3336 553 ἀξίας
3357 490 3627 562 διαφοραὶ,
3651 495 3749 558 τάς

508 573 776 644 gnitatnm
850 572 1084 626 honores
1133 571 1317 624 itidem
1372 570 1725 640 eptimatibus
1767 571 2066 633 dimetitur,

509 663 581 716 ita
606 670 664 715 ut
695 660 897 716 subditi
931 676 1043 714 non
1089 660 1275 715 eodem
1336 668 1491 729 gestu
1552 666 1607 713 et
1662 661 1817 713 vultu
1874 661 2071 715 adeant

512 767 663 821 rcges
704 767 812 820 quo
862 750 1098 805 minores
1155 750 1525 820 magistratus.
1593 748 1697 804 Sed
1753 750 2068 804 adeuntium

510 842 683 911 major
716 841 933 910 quidem
963 848 1016 894 et
1060 841 1390 895 submissior
1419 841 1633 896 timoris
1665 848 1719 896 et
1744 842 2072 896 reverentiae

511 931 838 1001 significatio
872 930 1108 984 ostendit
1166 945 1383 998 quoque
1419 930 1679 997 majorem
1718 936 1772 982 et
1804 930 2069 983 minorem

511 1038 698 1077 eorum
783 1023 876 1093 qui
977 1022 1321 1075 honorantur
1384 1020 1704 1091 dignitatem
1764 1028 1817 1073 et
1895 1020 2072 1075 excel-

511 1114 769 1178 lentiam,
837 1114 1038 1182 quique
1102 1111 1362 1182 dignitate
1409 1110 1617 1179 priores
1691 1110 1833 1175 sint,
1894 1111 2070 1163 maxi-

510 1218 595 1258 me
660 1203 900 1257 declarat
940 1201 1289 1256 subditorum
1344 1200 1563 1254 habitus
1607 1209 1661 1255 ct
1696 1201 1761 1254 ad
1810 1201 2070 1255 honorem

508 1294 871 1350 exhibendum
927 1291 1310 1359 conformatio,
1360 1290 1583 1361 quando
1644 1291 1769 1360 quis
1807 1290 2072 1360 proximis

508 1386 831 1441 metuendus
862 1399 1144 1455 apparere,
1193 1392 1247 1439 et
1280 1383 1490 1452 majore
1541 1383 1870 1449 reverentia,
1908 1396 2072 1450 quam

509 1478 623 1541 alii,
654 1476 799 1530 allici
842 1476 1013 1544 cupit.
1054 1473 1111 1528 ln
1142 1474 1325 1529 divina
1382 1480 1563 1528 autem
1598 1480 1794 1526 natura
1850 1479 2074 1543 propter

507 1568 876 1625 Omttimodam
902 1567 1164 1622 bonitatis
1193 1566 1607 1636 perfectionem,
1639 1580 1760 1635 qua:
1810 1566 1864 1618 in
1886 1565 2073 1618 divino

509 1660 732 1714 numine
758 1659 920 1722 inest,
977 1674 1047 1713 ne
1088 1658 1389 1714 secundum
1437 1664 1681 1711 nostram
1737 1656 1954 1725 quidem
1990 1655 2073 1708 in-

510 1749 787 1819 telligendi
837 1749 1103 1804 rationem
1135 1748 1521 1819 praecellentia:
1556 1747 1792 1815 alicujus
1851 1745 2071 1799 modum

510 1840 755 1895 invenire
780 1839 925 1893 licet.
962 1839 1171 1904 Quibus
1198 1839 1342 1893 enim
1382 1852 1558 1906 neque
1586 1835 1864 1905 potentiae,
1897 1850 2072 1904 neque
2105 1814 2145 1867 Β

509 1931 715 2001 gloriae,
742 1944 916 2000 neque
947 1929 1247 1999 sapientia),
1276 1943 1453 1997 neque
1486 1927 1864 1997 benignitatis,
1894 1940 2073 1995 neque

509 2022 734 2076 alterius
781 2020 1103 2090 cujusquam
1146 2019 1493 2097 perfectionis
1528 2032 1788 2074 excessus
1853 2018 1935 2071 vel
1981 2017 2073 2070 de-

511 2113 687 2167 fectus
717 2112 890 2176 adest,
942 2112 1035 2166 sed
1060 2112 1248 2181 potius
1299 2113 1483 2166 omnia
1544 2110 1705 2173 bona,
1732 2123 1852 2178 quae
1905 2106 2073 2161 Filius

509 2204 692 2265 habet,
718 2202 896 2257 Patris
951 2202 1137 2256 itidem
1168 2210 1317 2269 sunt,
1358 2211 1413 2258 et
1447 2216 1567 2272 quae
1608 2200 1768 2255 Pater
1804 2199 2068 2269 possidet,

510 2296 564 2349 in
595 2294 729 2348 Filio
763 2310 978 2364 quoque
1004 2295 1350 2362 reperiuntur
1382 2313 1395 2348 :
1446 2308 1680 2363 quanam
1725 2294 1935 2347 ratione
1975 2292 2074 2346 ho~

510 2388 661 2442 noris
683 2402 793 2455 prae
822 2384 962 2440 Filio
992 2386 1409 2455 praerogativam
1439 2383 1591 2438 Patri
1634 2384 1971 2438 tribuemus?
2015 2381 2073 2438 Si

509 2477 713 2547 regiam
746 2485 1071 2547 potestatem
1110 2484 1165 2532 et
1193 2476 1573 2531 excellentiam
1608 2485 1789 2531 mente
1825 2473 2075 2530 eﬂorme-

511 2585 649 2630 mus.
709 2584 801 2624 rex
838 2577 919 2623 est
943 2568 1151 2623 Filius:
1206 2568 1513 2639 sijudicem
1558 2568 1879 2638 cogitemus,
1914 2582 2074 2622 omne

508 2658 773 2726 judicium
800 2655 1147 2723 Filiiest”-";
1177 2657 1222 2711 si
1252 2657 1674 2727 magnitudinem
1705 2657 1925 2713 creandi
1960 2658 2074 2710 ani-

510 2761 600 2800 mo
638 2747 1031 2815 concipiamus,
1064 2747 1247 2800 omnia
1289 2761 1382 2815 per
1436 2747 1610 2815 ipsum
1648 2746 1788 2800 facta
1838 2748 2069 2801 sunt":

510 2836 558 2891 si
604 2836 658 2889 in
684 2837 999 2891 memoriam
1048 2852 1363 2892 revocemus
1414 2845 1615 2892 nostra:
1655 2839 1780 2891 vita:
1825 2852 2070 2902 causam,

511 2927 761 2981 novimus
790 2942 971 2981 veram
1029 2927 1173 2980 illam
1204 2928 1394 2992 vitam,
1446 2943 1566 2998 quae
1625 2943 1797 2997 usque
1859 2928 1926 2981 ad
1977 2942 2074 2981 no-

511 3026 682 3071 stram
722 3027 969 3071 naturam
1022 3032 1142 3072 sese
1177 3017 1424 3073 demisit:
1490 3018 1535 3073 si
1563 3020 1970 3073 translationem
2009 3034 2073 3073 ex

2170 576 2333 644 τιμὰς
2361 580 2470 639 τοῖς
2500 578 2789 647 κρατοῦσιν
2830 580 3121 649 ὁρίζονται,
3153 580 3229 642 ὡς
3272 582 3345 652 μὴ
3372 583 3428 634 ἐν
3463 583 3631 653 ὁμοίῳ
3657 586 3750 638 καὶ

2175 666 2273 734 ἴσῳ
2324 666 2401 735 τῷ
2453 670 2709 737 σχήματι,
2776 671 2903 731 τοὺς
2965 670 3307 739 ὑποχειρίους
3364 670 3638 740 βασιλεῦσί
3687 691 3749 727 τε

2175 757 2478 826 προσιέναι,
2531 761 2625 811 xui
2667 762 2786 822 ταῖς
2830 760 3254 830 ὑποϐεϐηκυίαις
3298 763 3528 832 ἀρχαῖς’
3557 763 3671 816 ἀλλ’
3712 766 3747 835 ή

2172 845 2370 899 πλείων
2397 864 2456 898 τε
2479 848 2572 899 καὶ
2598 849 2858 921 ὑφειμένη
2888 849 2978 902 τοῦ
3011 850 3172 917 φόϐου
3206 852 3299 905 xui
3322 852 3421 921 τῆς
3444 853 3623 917 αἰδοῦς
3642 854 3749 907 τῶν

2172 937 2497 1005 προσιόντων
2541 939 2793 1003 ἐπίδειξις
2859 941 2915 993 τὸ
2954 942 3127 994 ἐνδέον
3163 944 3254 995 xui
3310 945 3620 1014 περιττεῦον
3648 948 3749 1015 τῆς

2171 1028 2331 1097 τιμῆς
2368 1029 2457 1080 ἐπὶ
2500 1029 2607 1081 τῶν
2654 1031 2978 1100 τιμωμένων
3029 1032 3357 1086 ἐνδείκνυται
3384 1051 3396 1063 ·
3440 1035 3533 1087 xui
3574 1035 3748 1106 τούτῳ

2175 1119 2406 1187 μάλιστα
2432 1121 2556 1183 τοὺς
2576 1122 2999 1192 προτιμοτέρους
3036 1123 3095 1174 ἐν
3130 1126 3194 1193 τῇ
3221 1124 3454 1176 διαθέσει
3481 1125 3588 1177 τῶν
3618 1127 3749 1179 ὑπο-

2173 1210 2392 1279 χειρίων
2422 1211 2575 1264 ἔστιν
2624 1214 2823 1282 εὑρεῖν,
2880 1214 3007 1266 ὅταν
3040 1231 3124 1276 τις
3163 1215 3300 1285 ὑπὲρ
3322 1215 3413 1267 τοῦ
3442 1218 3554 1279 τοῖς
3583 1216 3749 1279 πέλας

2174 1302 2417 1372 φοϐερῶς
2465 1299 2603 1356 εἶναι
2653 1305 2869 1373 μᾶλλον,
2931 1305 3026 1358 καὶ
3088 1304 3331 1367 πλείονος
3380 1309 3479 1376 τῆς
3503 1306 3744 1378 αίδοῦςῆ

2172 1394 2314 1447 κατά
2337 1395 2460 1456 τοὺς
2482 1393 2699 1457 λοιποὺς
2732 1395 3010 1459 ἀξιοῦσθαι
3035 1396 3197 1449 δοκεῖ.
3245 1395 3367 1447 Ἐπὶ
3389 1397 3445 1450 δὲ
3472 1400 3569 1467 τῆς
3601 1399 3748 1462 θείας

2173 1485 2405 1552 φύσεως,
2435 1485 2523 1537 διά
2549 1485 2610 1537 τὸ
2643 1486 2822 1538 πᾶσαν
2850 1485 2945 1556 τὴν
2966 1486 3106 1540 κατὰ
3122 1486 3179 1539 τὸ
3208 1487 3413 1555 ἀγαθὸν
3441 1488 3748 1559 τελειότητα

2175 1574 2631 1643 συνεμφαίνεσθαι
2658 1575 2737 1645 τῷ
2761 1575 2853 1628 τοῦ
2882 1577 3038 1629 Θείου
3077 1579 3447 1648 προσρήματι,
3470 1580 3569 1632 οὑκ
3601 1579 3747 1632 ἔστιν

2173 1667 2371 1737 εὑρεῖν,
2407 1667 2546 1720 κατά
2581 1683 2645 1735 γε
2673 1666 2770 1737 τὴν
2803 1668 3079 1738 ἡμετέραν
3122 1670 3377 1732 διάνοιαν,
3411 1670 3501 1723 τὸν
3548 1671 3746 1740 τρόπον

2172 1757 2271 1827 τῆς
2299 1759 2694 1829 προτιμήσεως.
2727 1759 2813 1810 Ἑν
2840 1754 2919 1820 οἷς
2942 1759 3048 1830 γὰρ
3078 1759 3137 1812 οὑ
3160 1760 3459 1829 δυνάμεως,
3479 1761 3538 1813 οὑ
3565 1761 3742 1830 δόξης,

2172 1846 2231 1898 οὑ
2263 1846 2471 1915 σοφίας,
2490 1847 2549 1898 οὐ
2582 1846 3007 1918 φιλανθρωπίας,
3030 1848 3149 1901 οὑδέ
3171 1866 3312 1913 τινος
3336 1850 3470 1913 ὅλως
3489 1852 3587 1920 τῆς
3606 1852 3746 1904 κατά

2171 1937 2232 1989 τὸ
2277 1937 2478 2005 ἀγαθὸν
2527 1939 2736 2002 ἐννοίας
2823 1939 3158 2011 πλεονασμὸς
3209 1942 3241 2012 ἢ
3293 1940 3585 2004 ἐλάττωσις
3626 1943 3747 1993 ἐπι-

2173 2030 2391 2091 νοεῖται,
2422 2028 2556 2081 ἀλλὰ
2584 2030 2778 2093 πάντα,
2817 2030 2917 2082 ὅσα
2947 2029 3057 2099 ἔχει
3082 2031 3109 2082 6
3130 2030 3256 2091 Υἱὸς
3278 2029 3475 2098 ἀγαθὰ,
3510 2029 3600 2082 τοῦ
3630 2032 3745 2084 Πα-

2172 2119 2297 2188 τρός
2316 2120 2450 2181 ἐστι,
2479 2120 2571 2172 xui
2606 2120 2679 2173 τὰ
2707 2120 2799 2173 τοῦ
2826 2121 3037 2191 Πατρὸς
3062 2121 3241 2173 πάντα
3265 2123 3321 2173 ὲν
3342 2121 3417 2191 τῷ
3446 2120 3558 2190 Υίῷ
3608 2120 3744 2173 καθ-

2173 2214 2361 2282 ορᾶται
2384 2229 2397 2242 ο
2426 2212 2543 2273 πῶς
2587 2212 2917 2275 διατεθέντες
2944 2213 3004 2264 τὸ
3039 2211 3200 2264 πλέον
3215 2213 3312 2281 τῆς
3335 2213 3499 2281 τιμῆς
3530 2212 3622 2265 ἐπὶ
3650 2210 3744 2266 τοῦ

2174 2303 2385 2374 Πατρδς
2412 2302 2750 2374 ὲνδειξόμεθα
2773 2320 2788 2369 ;
2816 2304 2878 2356 Εἰ
2906 2302 3184 2374 βασιλικὴν
3207 2302 3434 2373 δύναμιν
3448 2306 3568 2357 κατ’
3590 2304 3746 2369 ἀξίαν

2173 2398 2239 2465 τῇ
2272 2394 2479 2464 διανοίᾳ
2526 2394 2804 2464 λάϐοιμεν,
2842 2393 3091 2464 βασιλεὺς
3147 2397 3174 2447 6
3216 2393 3376 2456 Υἱός·
3427 2394 3520 2448 ἐὰν
3555 2394 3745 2466 κριτὴν

2170 2486 2532 2554 ἐννοήσωμεν,
2564 2486 2597 2554 ἠ
2656 2484 2833 2555 κρίσις
2876 2486 3025 2537 πᾶσα
3057 2484 3150 2537 τοῦ
3191 2485 3319 2538 Υἱοῦ
3354 2487 3529 2538 ἐστιν’
3554 2485 3648 2537 ἐὰν
3685 2482 3746 2535 τὸ

2177 2573 2456 2643 μεγαλεῖον
2494 2574 2591 2642 τῆς
2618 2573 2846 2634 κτίσεως
2875 2574 2940 2640 τῇ
2973 2570 3117 2641 ψυχῇ
3144 2571 3446 2641 δεξώμεθα,
3474 2571 3649 2624 πάντα
3678 2568 3742 2621 δι’

2173 2664 2334 2717 αὑτοῦ
2386 2664 2631 2731 ἐγένετοσ
2691 2662 2783 2716 ἐὰν
2833 2663 2929 2732 τῆς
2964 2663 3238 2733 ἡμετέρας
3279 2663 3420 2732 ζωῆς
3448 2662 3545 2733 τὴν
3570 2661 3745 2714 αἰτίαν

2175 2756 2611 2823 κατανοήσωμεν,
2666 2753 2883 2821 οἴδαμεν
2928 2752 3027 2822 τὴν
3073 2752 3247 2821 ἀληθῆ
3280 2752 3424 2822 ζωὴν
3455 2753 3553 2821 τὴν
3583 2750 3742 2821 μέχρι

2174 2843 2270 2912 τῆς
2304 2843 2514 2910 φύσεως
2556 2840 2710 2911 ἡμῶν
2774 2840 3086 2893 καταϐᾶσαν
3119 2858 3131 2870 ’
3168 2842 3267 2894 κᾶν
3306 2842 3369 2894 ἐκ
3396 2840 3487 2893 τοῦ
3523 2842 3744 2903 σκότους

2178 2935 2503 3003 μετάστασιν
2530 2931 2950 3002 καταμάθωμεν,
2984 2932 3083 2984 οὑκ
3119 2931 3420 3001 ἀγνοοῦμεν
3453 2930 3512 2983 τὸ
3541 2930 3654 2999 φῶς
3683 2929 3741 2983 τὸ

2175 3023 2442 3094 ἀληθινὸν,
2497 3023 2561 3075 δι’
2610 3016 2667 3075 οὗ
2714 3021 2807 3074 τοῦ
2849 3024 3072 3085 σκότους
3103 3019 3569 3091 ἠλλοτριὼθημεψ
3600 3021 3648 3072 εί
3682 3020 3739 3073 δέ

510 3110 748 3165 tenebris
783 3110 941 3164 nobis
966 3110 1035 3165 ob
1064 3110 1253 3165 oculos
1299 3125 1586 3180 ponamus,
1615 3126 1722 3163 non
1762 3112 2073 3180 ignoramus

2175 3137 2273 3171 τινι
2322 3118 2498 3187 τίμιον
2527 3118 2560 3186 ὴ
2615 3116 2773 3184 σοφία
2802 3116 2971 3181 δοκεῖ,
3020 3113 3256 3187 Χριστὸς
3306 3113 3451 3168 Θεοῦ
3492 3112 3740 3183 δύναμις

511 3200 691 3253 lumen
724 3214 932 3261 verum,
978 3213 1086 3268 quo
1136 3213 1168 3251 a
1202 3200 1550 3253 tenebrarum
1587 3199 1821 3268 caligine
1858 3199 2073 3252 liberati

510 3306 730 3345 sumus:
767 3289 910 3359 quod
938 3290 983 3343 si
1016 3288 1102 3342 cui
1142 3288 1408 3358 sapientia
1442 3288 1779 3343 honorabilis
1806 3288 2020 3341 videtur
2055 3306 2069 3341 :

507 3395 577 3435 en
605 3378 853 3434 Christus
884 3378 977 3431 Dei
1005 3375 1268 3446 sapientia
1288 3386 1337 3430 et
1363 3379 1525 3431 virtus
1549 3385 1629 3430 est
1662 3377 1726 3431 ".

580 3471 776 3523 Animo
801 3470 963 3539 igitur
997 3476 1184 3523 nostro
1234 3469 1301 3522 ad
1350 3469 1463 3522 haec
1516 3475 1571 3523 et
1618 3469 1815 3523 similia
1866 3467 2070 3523 Christi

510 3561 793 3624 miracula,
826 3568 987 3630 prout
1014 3575 1110 3630 par
1130 3560 1696 3629 est,quantumvalet,
1730 3567 1940 3613 tantum
1971 3561 2074 3612 mi-

508 3653 662 3708 rifico
700 3652 934 3722 quodam
987 3650 1149 3706 modo
1203 3650 1535 3714 attendente,
1588 3652 1809 3720 quinam
1844 3650 2071 3705 honoris

504 3760 787 3807 excessus,
806 3751 860 3798 et
890 3758 1009 3812 quae
1032 3742 1437 3813 prazeminentia
1463 3742 1700 3811 relinqui
1734 3751 1929 3811 potest,
1953 3758 2073 3811 quae

506 3834 659 3888 Patri
700 3835 799 3890 soli
836 3834 1116 3903 speciatim
1155 3840 1211 3887 et
1246 3833 1461 3902 proprie
1492 3840 1785 3902 competat,
1824 3841 1877 3886 et
1914 3833 2071 3902 cujus

505 3926 629 3996 jure
657 3940 850 3994 expers
880 3924 950 3978 sit
979 3923 1190 3979 Filius?
1221 3922 1332 3978 Nec
1369 3923 1642 3978 humanus
1670 3938 1794 3991 erga
1828 3922 2069 3976 divinum

509 4032 707 4071 numen
740 4015 913 4069 honos
948 4024 1099 4070 recta
1127 4015 1337 4069 ratione
1380 4014 1755 4069 consideratus
1789 4013 1935 4068 aliud
1963 4022 2068 4078 est,

504 4122 671 4178 quam
725 4105 941 4161 alfectio
986 4104 1233 4175 quaedam
1294 4106 1499 4160 amoris
1554 4107 1734 4175 plena,
1783 4112 1837 4159 et
1881 4120 2069 4159 earum

507 4199 924 4269 perfectionum,
952 4213 1072 4269 quae
1125 4197 1204 4251 illi
1247 4198 1457 4261 insunt,
1493 4194 1789 4257 confessio,
1829 4195 2071 4263 mihique

510 4289 741 4353 videtur,
781 4290 856 4343 ita
898 4288 1273 4343 honorandum
1321 4301 1443 4341 esse
1476 4284 1693 4349 Filium,
1726 4286 1867 4339 sicut
1901 4284 2071 4337 hono-

515 4390 666 4435 ratur
686 4379 864 4445 Pater,
899 4378 1000 4433 sub
1025 4377 1317 4431 dilectionis
1343 4376 1559 4430 nomine
1592 4375 1886 4428 indicatum
1924 4388 2064 4428 esse.

2172 3209 2271 3264 καὶ
2295 3210 2443 3263 Θεοῦ
2472 3208 2678 3277 σοφία.

2244 3469 2385 3540 Πρὸς
2415 3470 2590 3522 τοίνυν
2612 3470 2680 3522 τὰ
2701 3468 2922 3523 τοιαῦτα
2944 3469 3035 3521 xui
3060 3470 3357 3539 τηλικαῦτα
3377 3470 3467 3523 τοῦ
3500 3473 3735 3542 Χριστοῦ

2175 3558 2443 3629 θαύματα,
2502 3560 2602 3628 τῆς
2651 3560 2827 3629 ψυχῆς
2885 3558 3061 3630 ἡμῶν,
3119 3560 3260 3613 κατὰ
3316 3560 3375 3612 τὸ
3422 3561 3566 3624 εἰκὸς
3616 3563 3736 3614 ὅσον

2173 3653 2358 3721 χωρεῖ,
2385 3649 2631 3703 τοσοῦτον
2648 3650 3029 3720 θαυμαστικῶς
3059 3650 3449 3720 διατιθεμένης,
3474 3652 3555 3714 τίς
3580 3652 3738 3722 ὑπερ-

2173 3741 2301 3811 ϐολὴ
2334 3742 2497 3811 τιμῆς
2532 3741 2937 3812 καταληφθῆναι
2969 3744 3276 3813 δυνήσεται,
3317 3745 3415 3810 τῆς
3460 3742 3535 3811 τῷ
3565 3744 3738 3813 Πατρὶ

2175 3830 2318 3900 μόνῳ
2382 3830 2760 3901 κατεξαίρετον
2820 3832 3273 3902 προσαγομένης,
3331 3825 3397 3900 ἧς
3450 3832 3735 3902 ἀμοιρήσει

2171 3921 2487 3989 πρεπόντως
2520 3923 2548 3972 6
2587 3920 2819 3991 Κύριος;
2869 3922 3009 3976 Αὐτὸ
3036 3924 3142 3995 γὰρ
3170 3924 3326 3977 τοῦτο
3357 3925 3389 3996 ἡ
3427 3922 3735 4000 ἀνθρωπίνη

2173 4011 2307 4080 πρὸς
2338 4011 2398 4063 τὸ
2439 4012 2589 4065 Θεῖον
2636 4012 2800 4082 τιμὴ,
2853 4014 2993 4065 κατὰ
3023 4014 3112 4066 τὸν
3141 4016 3323 4068 εἰκότα
3354 4016 3478 4070 νοῦν
3506 4018 3737 4091 θεωρου-

2175 4100 2307 4169 μένη
2336 4142 2348 4163 ,
2390 4101 2611 4170 οὐδεμία
2656 4119 2739 4165 τις
2783 4102 2915 4172 ἄλλη
2960 4103 3143 4167 ἐστὶν,
3193 4104 3304 4158 ἀλλ’
3350 4106 3380 4177 ἢ
3424 4108 3735 4180 ἀγαπητωὴ

2172 4190 2371 4259 σχέσις,
2413 4190 2507 4243 xui
2545 4194 2577 4261 ή
2628 4192 2733 4244 τῶν
2763 4192 3070 4261 προσόντων
3124 4194 3272 4264 αὑτῷ
3301 4196 3519 4263 ἀγαθῶν
3550 4199 3735 4268 ὁμολο-

2170 4282 2284 4349 γία,
2329 4281 2421 4334 καί
2450 4300 2540 4353 μοι
2572 4283 2718 4336 δοκεῖ
2746 4283 2806 4335 τὸ
2832 4283 2972 4337 οὕτω
3002 4285 3109 4337 δεῖν
3150 4288 3409 4355 τιμᾶσθαι
3468 4289 3556 4342 τὸν
3587 4291 3729 4355 Υίὸν,

2168 4371 2242 4434 ὡς
2270 4372 2298 4423 6
2345 4373 2533 4443 Πατὴρ
2562 4375 2806 4442 τιμᾶται,
2845 4375 2964 4425 ἀντὶ
2996 4373 3101 4440 τῆς
3132 4374 3365 4443 ἀγάπης
3398 4377 3501 4430 ὑπὸ
3527 4378 3619 4431 τοῦ
3648 4379 3733 4432 λό-
3780 4422 3785 4425 .

507 4471 614 4526 Lex
639 4473 782 4526 enim
805 4470 1044 4534 mandat,
1064 4477 1123 4523 ut
1154 4467 1319 4522 Deum
1351 4484 1418 4521 ex
1448 4473 1562 4520 toto
1579 4465 1743 4520 corde
1776 4474 1829 4519 et
1857 4464 2066 4518 viribus

2170 4480 2267 4531 γου
2292 4465 2563 4534 τετάχθαι.
2608 4467 2666 4518 '0
2711 4465 2817 4535 γὰρ
2844 4465 3005 4534 νόμος
3037 4467 3095 4517 ἐν
3132 4466 3209 4536 τῷ
3240 4470 3459 4538 ἀγαπᾷν
3483 4470 3573 4524 τὸν
3600 4472 3733 4525 Θεὸν

504 4563 816 4631 diligamus,
840 4575 947 4629 quo
974 4559 1303 4615 conveniens
1332 4559 1380 4612 ei
1428 4558 1601 4611 honor
1634 4555 1976 4617 exhibeatur,
2012 4562 2066 4609 et

506 4662 850 4723 praeceptum,
876 4651 1020 4721 quod
1068 4650 1157 4704 hic
1185 4649 1549 4719 aequalitatem
1609 4647 1915 4702 dilectionis
1955 4647 2067 4701 vel.

501 4752 564 4797 ut
602 4746 714 4815 lege
748 4745 854 4799 lata
880 4744 1072 4810 sancit,
1126 4744 1206 4799 sic
1246 4743 1321 4796 ait
1370 4748 1622 4810 oportere
1656 4738 1850 4793 Filium
1898 4741 2067 4793 hono-

501 4851 647 4900 rare,
662 4836 807 4890 sicut
854 4836 1160 4889 honoratur
1193 4834 1371 4888 Pater.
1402 4832 1558 4886 Hunc
1591 4832 1813 4885 honoris
1846 4832 2064 4885 modum

502 4924 807 4978 observavit
859 4925 1023 4980 etiam
1085 4939 1211 4992 erga
1268 4923 1554 4977 Dominum
1600 4937 1828 4990 magnus
1866 4920 2057 4981 David,

501 5012 556 5067 in
584 5014 845 5082 prooemio
904 5013 1185 5082 cujusdam
1226 5014 1415 5083 psalmi
1470 5014 1534 5076 ³⁸,
1582 5012 1709 5065 dum
1771 5011 2060 5064 conlitetur

495 5104 724 5173 diligere
758 5119 815 5157 se
842 5102 1149 5167 Dominum,
1199 5104 1468 5173 simulque
1519 5101 1824 5155 dilectionis
1863 5114 2058 5154 causas

498 5194 754 5263 explicat,
786 5195 927 5262 quod
975 5195 1183 5250 scilicet
1238 5195 1338 5249 sibi
1370 5203 1514 5248 esset
1558 5192 1834 5260 fortitudo,
1877 5191 2059 5257 ﬁrma-

500 5292 751 5347 mentum,
792 5292 845 5336 et
871 5284 1149 5352 refugium,
1182 5291 1235 5337 et
1272 5284 1537 5345 liberator,
1567 5290 1620 5336 ct
1667 5281 1800 5334 Deus
1824 5280 2058 5333 auxilia-

500 5382 602 5435 tor,
633 5378 687 5426 et
708 5381 991 5439 protector,
1025 5380 1079 5426 et
1119 5389 1278 5425 cornu
1315 5372 1527 5435 salutis,
1561 5379 1613 5426 et
1664 5370 1885 5439 adjutor
1914 5370 1982 5434 ³⁸,
2005 5378 2057 5423 et

499 5461 554 5514 id
595 5477 764 5532 genus
796 5462 922 5514 alia.
958 5461 1014 5515 Si
1044 5462 1208 5532 igitur
1259 5463 1568 5531 unigenitus
1609 5462 1697 5516 Dei
1728 5460 1896 5516 Filius
1943 5462 2056 5514 haec

495 5551 682 5607 omnia
709 5567 811 5608 nec
842 5562 947 5621 est,
970 5568 1071 5609 nec
1101 5560 1339 5625 praestat,
1378 5553 1696 5623 negeturilli
1730 5568 1859 5608 sane
1878 5553 2055 5605 hono-

529 5722 823 5786 "-"Joan.
854 5746 904 5795 v,
944 5732 1033 5786 Ἡ.
1143 5730 1186 5761 ’³
1223 5729 1377 5783 Joan.
1412 5748 1447 5795 ι,
1477 5732 1527 5784 5.
1604 5731 1690 5783 “l
1725 5731 1845 5785 (Συΐ-
1892 5730 2039 5795 1,94-

2118 5730 2163 5761 ”
2187 5726 2332 5783 Psal.
2369 5746 2460 5794 vn,
2501 5730 2551 5784 l.

2163 4552 2222 4619 ἐξ
2240 4553 2367 4623 ὅλης
2395 4554 2619 4623 καρδίας
2668 4554 2761 4606 xui
2784 4553 3063 4623 δυνάμεως
3118 4556 3214 4625 τὴν
3249 4559 3559 4628 πρέπουσαν
3586 4563 3737 4634 αὑτῷ

2162 4643 2324 4714 τιμὴν
2353 4644 2641 4713 ἀπονέμειν
2673 4643 2882 4697 κελεύει
2903 4661 2915 4675 ⁸
2959 4647 3051 4699 xui
3078 4648 3308 4701 ἐνταῦθα
3336 4650 3397 4702 τὸ
3432 4653 3739 4707 ἰσοστάσιον

2162 4735 2261 4804 τῆς
2289 4734 2534 4804 ἀγάπης,
2582 4734 2610 4787 ὃ
2648 4735 2675 4787 6
2717 4735 2872 4804 λόγος
2929 4737 3229 4807 νομοθετῶν
3276 4740 3416 4794 οὕτω
3452 4745 3582 4813 φησὶ
3619 4746 3728 4799 δεῖν

2162 4824 2422 4893 τιμᾶσθαι
2451 4824 2542 4877 τὸν
2571 4824 2719 4889 Υἱὺν,
2754 4824 2827 4888 ὡς
2859 4829 2887 4879 6
2913 4827 3097 4897 Πατὴρ
3126 4832 3367 4898 τιμᾶται.
3418 4832 3615 4887 Τοῦτον
3639 4835 3728 4889 τὸν

2164 4913 2360 4983 τρόπον
2388 4914 2485 4983 τῆς
2508 4914 2671 4983 τιμῆς
2701 4915 2937 4985 ἐπλήρου
2976 4917 3069 4968 xui
3107 4918 3136 4969 6
3186 4920 3355 4987 μέγας
3393 4921 3555 4974 Δαόὶδ
3594 4922 3729 4993 πρὸς

2163 5004 2253 5056 τὸν
2280 5003 2479 5074 Κύριον
2514 5004 2569 5055 ἕν
2597 5022 2700 5055 τινι
2727 5007 2992 5076 προοιμίῳ
3021 5008 3116 5077 τῆς
3144 5008 3476 5079 ψαλμῳδίας,
3513 5013 3728 5084 ἀγαπᾷν

2164 5092 2437 5162 ὁμολογῶν
2483 5090 2572 5144 τὸν
2619 5092 2840 5164 Κύριον,
2876 5096 2967 5146 xui
3008 5095 3214 5158 διεξιὼν
3259 5099 3326 5149 τὰ
3371 5100 3467 5168 τῆς
3511 5102 3728 5169 ἀγάπης

2165 5185 2331 5248 αἴτια,
2380 5184 2581 5251 ἰσχὺν,
2624 5186 2716 5237 xui
2798 5188 3146 5254 κραταίωμα,
3194 5189 3283 5239 xui
3354 5191 3724 5259 καταφυγὴν,

2160 5275 2251 5327 xui
2268 5276 2529 5342 ρυστὴν,
2576 5277 2667 5327 xui
2716 5277 2863 5329 Θεὸν
2913 5278 3163 5343 βοηθόν,
3207 5279 3300 5332 καὶ
3341 5280 3574 5345 ἐλπίδα,
3636 5282 3728 5334 xui

2160 5365 2635 5433 ὑπερασπιστὴν,
2665 5369 2756 5419 xui
2803 5369 3096 5435 σωτηρίας
3132 5370 3327 5436 κέρας,
3359 5371 3449 5423 xui
3494 5372 3729 5441 ἀντιλή-

2160 5470 2363 5521 πτορα,
2390 5455 2481 5506 καὶ
2511 5453 2579 5505 τὰ
2608 5454 2829 5507 τοιαῦτα
2860 5455 3055 5510 καλῶν.
3089 5458 3147 5508 Εί
3178 5458 3276 5526 μὲν
3304 5454 3396 5511 οῦν
3426 5459 3522 5512 οὐκ
3584 5460 3727 5512 ἐστιν

2158 5544 2186 5595 6
2212 5543 2503 5612 μονογενὴς
2545 5543 2669 5605 Υἱὸς
2714 5544 2882 5595 ταῦτα
2924 5548 3034 5607 τοῖς
3081 5546 3386 5616 ἀνθρώποις
3419 5548 3726 5617 γενόμενος,

2629 5731 2675 5762 ³⁵
2713 5728 2857 5784 Psal.
2890 5746 3020 5795 xvu,
3058 5731 3112 5796 ‘2,
3148 5732 3184 5786 3
