4166 6372
415 378 519 435 357

1598 380 1876 438 CONTRA
1916 379 2317 448 EUNOMIUM,
2355 380 2480 435 LIB.
2521 380 2557 435 1.

3588 377 3689 433 558

416 496 824 571 ὑποπελλέσθω
850 498 911 551 τὸ
944 498 1233 563 πλεονάζον
1281 498 1379 569 τῆς
1424 497 1589 568 τιμῆς
1634 499 1727 551 ἐπὶ
1777 498 1991 563 τούτου,

2100 497 2173 551 ris
2214 512 2355 566 praec
2380 496 2623 558 ellentia,
2658 503 2715 548 ut
2759 494 3122 551 limresiarclia
3152 497 3468 565 contendit;
3505 501 3549 556 si
3582 516 3675 558 au-

415 588 559 641 κατὰ
584 590 674 641 τὸν
702 589 799 661 τῆς
823 590 1086 661 αἱρέσεως
1111 590 1273 659 νόμον
1293 605 1306 618 ’
1334 592 1381 643 εί
1411 590 1467 643 δὲ
1488 590 1663 644 πάντα
1687 589 1878 654 ταῦτα,
1902 591 1995 643 καὶ

417 680 559 750 ὑπὲρ
588 679 761 733 ταῦτα
810 681 900 734 τὸν
933 682 1194 752 μονογενῆ
1228 681 1361 734 Θεὸν
1389 676 1526 734 εἷναί
1572 699 1631 735 τε
1670 682 1763 735 καὶ
1795 684 1991 752 ὀνομά-

418 770 606 835 ζεσθαι
659 771 1140 843 πεπιστεύκαμεν,
1186 774 1327 826 κατά
1374 775 1553 827 πᾶσαν
1609 773 1814 843 ἀγαθοῦ
1858 776 1997 845 πρά-

417 878 622 930 γματος
663 862 757 915 καὶ
798 864 1066 933 νοήματος
1125 864 1387 928 ἐπίνοιαν,
1430 863 1564 933 πρὸς
1610 864 1669 915 τὸ
1714 864 1996 934 μεγαλεῖον

417 951 516 1020 τῆς
543 954 598 1002 ὲν
630 950 706 1022 τῷ
738 954 914 1022 Πατρὶ
940 952 1272 1023 ἀγαθότητος
1304 954 1682 1023 ὲξισαζόμενον
1716 972 1728 985 ο
1779 954 1896 1017 πῶς
1931 956 1996 1008 ἄν

416 1058 501 1105 τις
520 1041 747 1111 -εῠλογον
777 1041 911 1097 εἶναι
956 1046 1124 1114 λέγοι,
1158 1046 1189 1115 ἦ
1226 1046 1297 1115 μὴ
1341 1047 1557 1116 ἀγαπᾷν
1585 1047 1646 1098 τὸ
1670 1046 1929 1108 τοιοῦτον,
1961 1048 1992 1116 ἢ

420 1135 704 1204 ἀτιμάζειν
730 1136 790 1189 τὸ
819 1136 1214 1208 ἀγαπώμενον;
1282 1140 1354 1192 Οὑ
1391 1141 1499 1208 γάρ
1531 1138 1595 1191 ἂν
1621 1139 1763 1192 εἴποι
1791 1156 1874 1203 τις
1896 1141 1995 1210 τὴν

423 1226 523 1295 μὲν
550 1228 768 1299 ἀγάπην
793 1229 899 1282 δεῖν
928 1231 985 1296 ἐξ
1013 1230 1137 1298 ὅλης
1166 1230 1444 1300 ἔρχεσθαι·
1482 1233 1581 1301 τῆς
1613 1230 1837 1301 καρδίας
1902 1230 1996 1283 καὶ

419 1317 519 1386 τῆς
546 1318 844 1390 δυνάμεως,
878 1320 975 1393 τὴν
1022 1322 1077 1374 δὲ
1120 1323 1280 1393 τιμὴν
1310 1323 1367 1389 ἐξ
1408 1323 1683 1392 ἡμισείας.
1725 1324 1787 1375 Ei
1818 1318 1908 1376 οὖν
1937 1323 1996 1387 ἐξ

421 1410 547 1480 ὅλης
575 1411 675 1481 τῆς
704 1412 925 1482 καρδίας
948 1414 1173 1483 τιμᾶται
1203 1416 1231 1467 ὁ
1259 1414 1406 1476 Υἱὸς,
1433 1413 1519 1466 διά
1544 1414 1636 1466 τοῦ
1667 1417 1845 1468 πᾶσαν
1864 1416 1995 1468 ἀνα-

426 1500 633 1555 τιθέναι
665 1501 812 1573 αὑτῷ
864 1503 1105 1575 ἀγάπην,
1140 1504 1223 1567 τίς
1263 1504 1472 1558 ἐπίνοια
1501 1506 1562 1558 τὸ
1594 1506 1752 1558 πλέον
1785 1505 1884 1575 τῆς
1913 1524 1994 1558 τι-

424 1593 532 1664 μῆς
554 1593 850 1664 ἐξευρήσει,
880 1594 1008 1665 ὅλης
1041 1595 1141 1665 τῆς
1169 1595 1415 1666 καρδίας,
1441 1596 1562 1648 ὅσον
1593 1599 1779 1666 χωρεῖ,
1807 1596 1996 1649 τοσοῦ-

422 1686 675 1757 τοναὺτῷ
699 1685 784 1739 διὰ
810 1686 905 1757 τῆς
933 1686 1153 1756 ἀγάπης
1208 1687 1267 1739 τὸ
1292 1687 1393 1756 τῆς
1416 1688 1578 1758 τιμῆς
1606 1688 1800 1758 μέτρον
1828 1688 1997 1758 δωρο-

424 1776 728 1848 φορούσης;
759 1777 919 1830 Ὥστε
964 1776 1188 1847 μάταιος
1232 1777 1324 1830 ἐπὶ
1368 1776 1474 1830 τῶν
1525 1780 1664 1832 κατά
1710 1780 1869 1847 φύσιν
1914 1797 1998 1831 τι-

2099 596 2203 641 tem
2233 589 2527 651 credimus,
2560 589 2741 640 omnia
2775 588 2908 650 lure,
2950 597 3004 641 et
3030 588 3117 642 his
3151 589 3309 659 longe
3345 592 3520 660 plura,
3558 594 3686 648 uni-

2094 679 2338 748 genitum
2378 678 2573 732 Filium
2614 686 2667 732 et
2691 694 2833 743 esse,
2860 687 2913 732 et
2946 686 3093 733 recte
3145 680 3275 745 dici,
3317 684 3689 756 mqualemque

2096 769 2243 823 Patri
2270 770 2472 823 factum
2508 770 2563 823 in
2590 771 2737 823 omni
2776 770 3131 839 perfectione,
3158 783 3211 826 et
3257 777 3684 844 magnificentia,

2096 860 2151 913 in
2192 860 2340 914 omni
2397 876 2558 930 opere
2610 869 2756 915 recto
2814 873 2867 915 et
2916 865 3264 933 cogitatione,
3298 883 3418 936 quae
3487 870 3541 923 in
3591 885 3688 924 no-

2097 961 2263 1006 stram
2292 952 2699 1021 intelligentiam
2731 953 2924 1007 cadere
2962 958 3134 1024 possit
3154 975 3166 1011 :
3186 960 3457 1027 quomodo
3489 961 3685 1031 aliquis

2100 1043 2296 1096 rationi
2324 1052 2747 1097 conscntanemn
2801 1061 2922 1101 esse
2951 1047 3158 1113 credat,
3187 1050 3268 1101 vel
3324 1066 3431 1105 non
3461 1046 3685 1122 diligere

2097 1136 2282 1199 talem,
2334 1135 2413 1187 vel
2461 1150 2620 1203 quem
2652 1136 2843 1206 diligas
2892 1138 3254 1194 inhonorare?
3298 1141 3482 1211 Neque
3536 1145 3683 1199 enim

2100 1237 2247 1280 recte
2280 1225 2401 1295 quis
2436 1224 2636 1279 dixerit
2681 1242 2920 1281 amorem
2961 1242 3026 1282 ex
3054 1237 3166 1283 toto
3206 1232 3369 1285 corde
3428 1240 3482 1285 et
3512 1248 3574 1287 ex
3607 1242 3685 1289 to-

2098 1319 2166 1371 tis
2198 1317 2405 1372 viribus
2436 1318 2707 1387 prolicisci
2742 1318 2959 1381 debere,
3017 1320 3278 1375 honorem
3312 1338 3443 1376 vero
3466 1340 3531 1378 ex
3569 1340 3683 1379 me-

2097 1406 2222 1461 diis.
2257 1406 2311 1460 Si
2347 1407 2511 1477 igitur
2537 1409 2840 1462 honoratur
2878 1408 3049 1465 Filius
3084 1427 3145 1465 ex
3179 1419 3293 1465 toto
3319 1413 3504 1476 corde,
3532 1413 3680 1482 quod

2099 1507 2247 1554 totus
2280 1515 2433 1553 amor
2470 1502 2523 1554 in
2554 1516 2679 1555 eum
2730 1502 2800 1555 sit
2830 1502 3219 1565 conferendas,
3248 1519 3494 1573 quamam
3531 1508 3681 1574 cogi-

2099 1592 2232 1644 tatio
2276 1606 2558 1646 excessum
2617 1592 2839 1647 honoris
2889 1594 3143 1653 inveniet.
3199 1609 3323 1648 cum
3367 1602 3540 1648 totum
3586 1611 3683 1649 cor

2101 1689 2365 1752 quantam
2398 1692 2598 1752 potest,
2629 1692 2835 1738 tantam
2879 1686 2979 1755 ipsi
3026 1702 3123 1756 per
3171 1702 3411 1743 amorem
3454 1688 3681 1744 honoris

2102 1788 2412 1826 mensuram
2446 1773 2804 1829 admetiatur?
2849 1777 3032 1846 ltaque
3064 1794 3233 1833 vanus
3271 1788 3354 1833 est
3388 1786 3441 1833 et
3471 1778 3678 1844 fatuus,

425 1844 566 1941 μίων
613 1844 751 1923 6'16
799 1844 1194 1941 προτιμότερον
1240 1870 1599 1941 δογματίζων,
1641 1844 1736 1924 καῖ
1774 1872 1859 1924 διὰ
1900 1872 1996 1941 τῆς

2103 1864 2195 1933 qui
2231 1879 2299 1919 ex
2324 1864 2488 1920 rebus
2523 1867 2575 1920 in
2615 1867 2715 1920 hac
2761 1883 2941 1921 rerum
2980 1869 3334 1924 universitate
3360 1870 3567 1925 honore
3598 1872 3681 1925 di-

421 1960 677 2030 τοιαύτης
718 1959 1056 2031 συγκρίσεως
1088 1958 1182 2013 τοῦ
1226 1960 1545 2031 ἀτιμοτέρου
1595 1961 1871 2031 παριστῶν
1902 1961 1997 2033 τὴν

424 2054 651 2109 ἔννοιαν.

504 2234 663 2288 Ἀλλά
706 2234 799 2288 καὶ
835 2233 894 2286 τὸ
922 2234 1327 2301 πρεσϐύτερον
1384 2233 1475 2286 ἐπὶ
1506 2232 1602 2303 μὲν
1629 2232 1725 2301 τῆς
1771 2231 1999 2294 κτίσεως

421 2327 601 2395 λέγειν
635 2325 832 2396 ἀληθές
864 2326 979 2378 ἐστι
1008 2343 1021 2356 ·
1073 2325 1173 2395 τῆς
1203 2324 1312 2395 γὰρ
1340 2323 1657 2386 ἀκολουθίας
1688 2323 1794 2376 τῶν
1823 2323 1999 2394 ἔργων

422 2420 481 2471 ὲν
526 2420 592 2488 τῇ
640 2416 789 2480 τάξει
830 2410 938 2469 τῶν
967 2415 1186 2485 ἡμερῶν
1226 2415 1603 2485 δεικνυμένης,
1650 2414 1792 2467 εἴποι
1826 2433 1906 2477 τις
1934 2415 1999 2467 ἂν

420 2509 521 2580 τῆς
569 2508 663 2562 τοῦ
718 2508 1003 2579 ἀνθρώπου
1066 2510 1408 2577 κατασκευῆς
1470 2506 1681 2559 τόσονδε
1741 2506 1999 2577 προγενέ-

423 2616 612 2667 στερον
652 2594 791 2651 εἶναι
831 2599 921 2652 τὸν
962 2598 1211 2667 οὐρανὸν,
1255 2598 1347 2651 καὶ
1392 2596 1742 2667 διαμετρήσει
1779 2596 1867 2647 τὸν
1911 2596 1999 2649 διὰ

424 2689 591 2760 μέσου
638 2689 827 2758 χρόνον
864 2688 941 2758 τῷ
974 2688 1083 2741 τῶν
1115 2687 1337 2758 ἡμερῶν
1380 2686 1730 2755 διαστήματι.
1789 2686 1911 2737 Ἐπὶ
1940 2685 1996 2738 δὲ

418 2783 521 2851 τῆς
548 2780 771 2851 πρώτης
800 2781 1012 2849 φύσεως
1037 2782 1133 2851 τῆς
1164 2782 1343 2833 πᾶσαν
1374 2779 1471 2848 μὲν
1508 2777 1761 2848 χρονικὴν
1791 2777 1997 2830 ἔννοιαν

421 2871 845 2942 ὑπεραιρούσης,
877 2873 1056 2924 πᾶσαν
1089 2871 1131 2923 δ’
1163 2870 1401 2923 ἐπίνοιαν
1426 2869 1834 2940 καταληπτικὴν
1866 2870 2002 2922 ἀπο-

419 2962 735 3033 λειπούσης,
768 2963 828 3015 τὸ
863 2962 961 3033 μέν
994 2980 1048 3014 τι
1076 2964 1335 3031 προάγειν
1362 2963 1418 3016 ὲν
1443 2966 1555 3024 τοῖς
1596 2961 1735 3015 κατά
1762 2961 1851 3013 τὸν
1877 2962 2000 3032 χρό-

422 3069 511 3106 νον
540 3052 849 3124 πρεσϐείοις
869 3094 882 3117 ,
933 3052 994 3105 τὸ
1030 3052 1087 3105 δὲ
1119 3052 1491 3123 ὲφυστερίζειν
1521 3052 1745 3115 οἴεσθαι,
1777 3053 1874 3121 τῆς
1906 3051 1998 3103 νῦν

421 3144 783 3214 ἀναφανείσης
832 3145 1022 3212 σοφίας
1057 3144 1220 3197 ἐστίν.
1282 3143 1340 3196 Ὁ
1373 3144 1480 3214 γάρ
1512 3142 1878 3214 πρεσϐύτερον
1908 3142 1998 3195 τὸν

422 3237 638 3307 Πατέρα
669 3240 768 3308 τῆς
798 3236 888 3289 τοῦ
938 3237 1271 3305 Μονογενοῦς
1315 3236 1664 3298 ὑποστάσεως
1704 3236 2001 3305 ἀποφαινό·

426 3346 621 3399 μενος,
666 3328 815 3382 οὐδὲν
860 3328 986 3382 ἄλλο
1041 3328 1074 3399 ἢ
1130 3326 1390 3397 νεώτερον
1436 3328 1543 3379 τῶν
1587 3326 1675 3378 διὰ
1727 3326 1819 3378 τοῦ
1867 3326 1995 3379 Υἰοῦ

423 3420 728 3490 γενομένων
778 3419 940 3473 αὑτὸν
974 3419 1063 3472 τὸν
1090 3420 1215 3473 Υίδν
1244 3418 1629 3486 ἀποφαίνεται·
1669 3419 1827 3486 εἴπερ
1862 3416 1995 3486 ἀλη-

423 3509 514 3574 θὲς
540 3511 746 3573 πάντας
796 3510 995 3572 αἰῶνας
1034 3509 1127 3562 καὶ
1158 3510 1264 3562 πᾶν
1290 3510 1562 3577 διάστημα
1587 3508 1833 3579 χρονικὺν
1862 3507 1997 3577 μετά

420 3602 512 3657 τὸν
543 3603 697 3667 Υίδν,
731 3603 823 3656 καὶ
869 3602 954 3656 διὰ
983 3601 1075 3655 τοῦ
1114 3601 1243 3655 Υἱοῦ
1272 3600 1596 3670 γεγενῆσθαι
1638 3600 1834 3667 λέγειν.
1886 3599 1997 3652 Καὶ

422 3696 502 3750 ἔτι
546 3697 679 3766 πρὸς
727 3695 954 3759 τούτοις,
1004 3696 1139 3766 ὅπερ
1182 3696 1276 3748 καὶ
1314 3693 1514 3764 μᾶλλον
1559 3693 1852 3762 ἀπελέγχει
1899 3692 1997 3762 τὴν

422 3789 653 3842 ἀτοπίαν
681 3788 774 3840 τοῦ
799 3788 1084 3857 δόγματος,
1120 3788 1179 3840 οὑ
1211 3786 1368 3855 μόνον
1401 3784 1478 3854 τῷ
1505 3784 1617 3854 Υἱῴ
1658 3801 1996 3836 κατασκευαο

422 3876 681 3947 σθήσεται
725 3876 946 3946 χρονική
984 3892 1068 3938 τις
1110 3876 1142 3945 ἡ
1187 3875 1329 3945 ἀρχὴ
1372 3876 1471 3944 τῆς
1498 3874 1781 3945 ὑπάρξεως
1810 3874 1871 3925 ἐκ
1903 3872 1995 3925 τοῦ

420 3967 661 4023 τοιούτου
688 3966 869 4035 λόγου,
892 3966 1003 4019 ἀλλ’
1033 3966 1150 4019 οὑδὲ
1173 3965 1263 4018 τοῦ
1292 3964 1502 4035 [ἰατρὸς
1531 3967 1594 4017 ὲκ
1622 3965 1719 4033 τῆς
1744 3963 1996 4033 τοιαύτης

422 4058 744 4122 ἀκολουθίας
772 4057 1066 4127 φείσονται,
1113 4058 1173 4110 τὸ
1208 4057 1283 4128 μὴ
1311 4058 1431 4126 οὐχὶ
1460 4056 1708 4109 κάκεῖνον
1736 4058 1844 4108 ἀπὸ
1872 4056 1997 4125 χρό-

421 4168 512 4204 νου
544 4150 643 4221 τὴν
674 4149 845 4220 ἀρχὴν
887 4150 1178 4220 ἐσχηκέναι
1214 4147 1616 4202 κατασκευάσαι
1649 4163 1661 4177 ·
1711 4149 1758 4200 εἰ
1803 4147 1909 4216 γάρ
1946 4164 1995 4197 τι

423 4245 644 4313 σημεῖον
677 4241 993 4311 ὑπέρκειται
1012 4240 1366 4310 γνωριστικὺν
1398 4240 1493 4310 τῆς
1527 4239 1617 4292 τοῦ
1649 4238 1777 4291 Υἰοῦ
1806 4240 1997 4308 γεννή-

423 4352 581 4399 σεως,
610 4335 783 4387 έκεῖνο
806 4334 1047 4405 δηλονότι
1077 4336 1169 4388 καὶ
1194 4332 1272 4404 τῷ
1304 4334 1475 4404 Πατρὶ
1502 4333 1599 4403 τὴν
1625 4331 1796 4403 ἀρχὴν
1824 4331 1993 4402 ὁρὶσει

418 4423 521 4493 τῆς
553 4423 922 4485 ὑποστάσεως.

493 4514 799 4586 Σαφηνείας
825 4514 882 4566 δὲ
916 4513 1073 4585 χάριν
1101 4514 1199 4568 οὑκ
1226 4515 1447 4584 ἄκαιρον
1482 4514 1610 4575 ἴσως
1638 4510 2000 4581 φιλοπονώτε-

425 4624 515 4677 ρον
564 4604 815 4670 ἐξετάσαι
863 4603 954 4656 τὺν
999 4603 1172 4671 λόγον.
1239 4604 1296 4656 ὐ
1337 4604 1711 4673 πρεσϐυτέραν
1754 4603 1854 4673 τῆς
1901 4600 1994 4654 τοῦ

422 4699 552 4752 Υἱοῦ
585 4698 727 4767 ζωῆς
759 4696 855 4767 τὴν
884 4694 978 4748 τοῦ
1020 4695 1233 4765 Πατρδς
1276 4694 1637 4764 δογματίζων.
1670 4692 1998 4765 διαστήματί

420 4807 526 4843 τινι
572 4787 661 4841 τὸν
711 4786 989 4855 Μονογενῆ
1039 4784 1130 4837 τοῦ
1186 4784 1279 4837 ἐπὶ
1330 4784 1543 4837 πάντων
1568 4783 1703 4837 Θεοῦ
1742 4783 1995 4854 διΐστησι·

421 4881 579 4935 τοῦτο
612 4879 667 4933 δὲ
701 4878 734 4950 ἢ
778 4878 1000 4946 ἀπειρόν
1030 4894 1081 4929 τι
1116 4875 1446 4946 ὑποθήσεται
1480 4876 1541 4928 τὸ
1565 4876 1652 4928 διὰ
1690 4875 1852 4946 μέσου
1884 4874 1997 4928 διά-

424 4990 626 5043 στημα,
673 4972 707 5041 ἡ
751 4987 859 5024 τισι
892 4968 1089 5037 πέρασι
1142 4967 1235 5020 καὶ
1266 4968 1514 5037 σημείοις
1543 4971 1790 5037 φανεροῖς
1817 4967 1995 5038 ὁριζό-

424 5081 605 5137 μενον.
677 5062 811 5115 ’Δλλ’
866 5060 1088 5131 ἄπειρον
1141 5060 1238 5130 μὲν
1285 5059 1458 5112 εἰπεῖν
1492 5061 1590 5112 οὑκ
1640 5060 1787 5113 ἐάσει
1835 5060 1862 5111 ὁ
1900 5059 1995 5128 τῆς

424 5154 718 5225 μεσότητος
750 5152 927 5221 λόγος,
958 5151 992 5221 ἢ
1045 5149 1321 5212 παντελῶς
1356 5150 1453 5221 τὴν
1476 5148 1569 5202 τοῦ
1596 5150 1805 5219 Πατρός
1824 5166 1882 5201 τε
1904 5149 1998 5201 καὶ

421 5240 552 5293 Υἱοῦ
587 5240 792 5295 ἔννοιαν
839 5238 1129 5309 διαγράφει
1178 5239 1256 5309 τῷ
1290 5238 1434 5309 λόγῳ
1466 5255 1480 5271 ⁸
1532 5239 1625 5291 καὶ
1670 5240 1790 5292 οὑδὲ
1838 5240 1998 5310 μέσον

422 5330 553 5384 αὐτὸ
586 5331 787 5402 νοήσει,
812 5329 916 5393 ἕως
944 5329 1010 5383 ἂν
1043 5330 1268 5402 ἄπειρον
1365 5332 1500 5401 πρὸς
1525 5330 1807 5401 οὐθέτερον
1827 5329 1997 5400 ὀριζὸ-

427 5438 621 5491 μενον,
673 5419 795 5475 οὔτε
844 5421 936 5473 ἐπὶ
981 5420 1040 5473 τὸ
1086 5421 1197 5475 ἀνω
1242 5421 1340 5491 τῆς
1386 5422 1479 5475 τοῦ
1530 5421 1742 5491 Πατρὸς
1790 5421 1997 5484 ἐννοίας

420 5515 832 5586 ἀποτεμνούσης
858 5512 951 5567 τοῦ
978 5513 1205 5588 ἀπείρου
1238 5514 1335 5585 τὴν
1361 5513 1640 5587 πρόσοδον,
1671 5512 1792 5566 οὔτε
1824 5513 1916 5565 ἐπὶ
1938 5513 1997 5565 τὸ

422 5607 575 5660 κάτω
604 5606 697 5660 τοῦ
733 5603 863 5661 Υἱοῦ
891 5606 989 5677 τὴν
1017 5606 1271 5663 ἀπειθίαν
1298 5606 1655 5669 ὲκκόπτοντος
1682 5624 1693 5637 σ
1730 5604 1865 5677 αὕτη
1889 5606 1996 5675 γὰρ

527 5788 571 5821 ’⁷
600 5785 735 5843 Gen.
770 5802 808 5855 ι,
837 5785 870 5840 5
903 5802 1021 5857 sqq.

2101 1955 2222 2023 guis
2285 1953 2511 2010 honoris
2552 1956 2971 2025 inmqualitatem
3004 1959 3057 2011 in
3102 1959 3301 2013 divinis
3327 1960 3553 2029 colligit,
3583 1960 3681 2013 ha-

2100 2060 2330 2114 rumque
2359 2048 2765 2115 comparatione
2803 2050 3031 2105 minoris
3081 2050 3367 2119 cujusdam
3398 2051 3679 2121 dignitatis

2098 2134 2558 2189 existimationem
2596 2136 2820 2191 invehit.

2169 2224 2435 2280 Caeterum
2483 2233 2537 2279 et
2586 2227 2907 2282 vocabulum
2941 2228 3207 2297 antiquius
3240 2228 3292 2282 in
3321 2228 3483 2283 rebus
3524 2244 3678 2282 crea-

2102 2318 2171 2371 tis
2220 2327 2370 2372 recte
2421 2327 2795 2387 usurparetur.
2830 2319 2964 2374 Cum
3014 2320 3157 2375 enim
3211 2319 3346 2374 ordo
3394 2328 3447 2374 et
3506 2321 3679 2376 series

2101 2422 2283 2462 rerum
2307 2409 2376 2464 sit
2426 2418 2479 2463 et
2506 2418 2715 2464 constet
2736 2412 2926 2465 ordine
2954 2418 3008 2466 et
3038 2412 3179 2466 serie
3196 2411 3405 2465 dierum
3434 2412 3477 2442 ’⁷
3507 2429 3519 2467 :
3551 2412 3677 2481 jure

2102 2498 2385 2553 affirmarit
2415 2500 2537 2569 quis
2565 2500 2801 2556 hominis
2836 2501 3115 2556 creatione
3147 2510 3296 2557 tanto
3325 2510 3377 2557 et
3400 2510 3552 2557 tanto
3582 2518 3679 2557 an-

2101 2592 2337 2661 tiquius,
2361 2598 2414 2646 et
2443 2592 2597 2660 prius
2627 2608 2753 2647 esse
2809 2594 3029 2658 caelum,
3070 2592 3492 2664 dimetieturque
3543 2603 3683 2651 tem.

2104 2700 2205 2753 pus
2240 2684 2582 2753 interiectum
2615 2684 2899 2741 intervallo
2950 2686 3181 2740 dierum.
3229 2686 3284 2739 In
3327 2689 3499 2756 prima
3549 2702 3681 2742 vero

2100 2775 2192 2828 illa
2250 2785 2469 2841 natura,
2533 2793 2653 2847 quae
2705 2793 2920 2831 omnem
2987 2778 3369 2847 temporariam
3410 2779 3678 2833 rationem

2052 2914 2055 2917 .
2102 2866 2481 2929 transcendit,
2520 2883 2853 2937 omnemque
2901 2868 3311 2936 intelligentiam
3360 2870 3680 2941 longissime

2100 2966 2411 3026 exsuperat,
2438 2958 2584 3012 aliud
2640 2960 2859 3028 quidem
2914 2960 3066 3029 prius
3096 2960 3321 3015 credere
3375 2969 3429 3014 et
3456 2960 3677 3027 docere,

2102 3049 2401 3104 secundum
2431 3049 2692 3119 temporis
2728 3050 3073 3104 durationem
3122 3059 3175 3105 et
3230 3052 3679 3120 praecellentiam,

2101 3141 2247 3195 aliud
2290 3156 2419 3195 vero
2460 3142 2753 3210 posterius,
2792 3141 3074 3210 proprium
3108 3149 3192 3195 est
3222 3142 3342 3210 ejus
3375 3143 3679 3211 sapientiae,

2106 3248 2226 3301 qua:
2255 3231 2365 3300 jam
2394 3247 2565 3301 nuper
2589 3232 2788 3301 prodiit
2819 3232 2873 3285 in
2902 3232 3100 3286 lucem.
3150 3230 3251 3296 Qui
3287 3232 3430 3287 enim
3465 3232 3681 3290 Patrem

2107 3323 2465 3392 antiquiorem
2512 3324 2719 3385 statuit,
2761 3337 2922 3392 quam
2977 3323 3312 3392 unigenitum
3371 3322 3586 3390 Filium,
3635 3327 3683 3383 is

2107 3414 2241 3468 nihil
2272 3414 2418 3467 aliud
2451 3415 2579 3484 agit,
2623 3429 2785 3483 quam
2811 3413 2957 3483 quod
2987 3415 3265 3483 jnniorem
3299 3415 3496 3471 Filium
3545 3416 3683 3473 facit

2107 3505 2195 3569 iis,
2224 3521 2344 3574 qua:
2376 3521 2469 3575 per
2513 3508 2689 3575 ipsum
2720 3506 2860 3560 facta
2893 3514 3021 3559 sunt
3054 3524 3065 3559 :
3103 3507 3149 3561 si
3179 3522 3369 3561 verum
3424 3519 3529 3572 est,
3567 3525 3685 3565 om-

2107 3595 2197 3648 nia
2262 3596 2460 3650 saecula
2513 3604 2565 3651 et
2621 3612 2782 3651 omne
2829 3597 3172 3651 intervallum
3222 3600 3516 3667 temporale
3560 3609 3685 3670 post

2106 3685 2325 3752 Filium,
2386 3696 2438 3742 et
2470 3704 2565 3757 per
2607 3686 2804 3742 Filium
2844 3688 2985 3743 facta
3032 3705 3175 3744 esse.
3212 3688 3501 3757 Praeterea,
3540 3693 3685 3763 quod

2105 3778 2309 3833 clarius
2340 3779 2733 3834 absurditatem
2765 3780 3038 3849 dogmatis
3069 3782 3339 3850 coarguit,
3364 3799 3470 3837 non
3504 3786 3682 3841 solum

2105 3871 2208 3925 hac
2234 3873 2443 3925 ratione
2474 3871 2590 3926 Filii
2618 3873 2898 3943 hypostasi
2924 3881 2978 3927 et
3004 3874 3338 3930 exsistentiae
3384 3880 3685 3947 temporale

2104 3963 2323 4032 aliquod
2360 3964 2689 4033 principium
2737 3965 3103 4021 attribuemus
3129 4005 3143 4030 ,
3177 3966 3270 4020 sed
3324 3975 3378 4021 et
3433 3968 3594 4025 Pater
3627 3971 3681 4025 in

2104 4054 2343 4122 periculo
2377 4054 2503 4116 erit,
2554 4071 2622 4109 ne
2659 4065 2712 4109 et
2771 4056 2886 4123 ipse
2936 4055 3244 4111 affirmetur
3285 4058 3551 4127 originem
3615 4062 3685 4117 ab

2104 4145 2286 4215 aliquo
2323 4148 2583 4216 temporis
2635 4147 2792 4200 initio
2847 4148 3113 4212 traxisse;
3146 4149 3192 4202 si
3237 4149 3381 4204 enim
3418 4150 3681 4206 indicium

2104 4235 2324 4306 aliquod
2374 4245 2478 4301 est,
2512 4253 2621 4310 quo
2660 4238 2974 4294 innotescat
3027 4237 3152 4293 Filii
3202 4242 3508 4310 generatio,
3546 4243 3683 4297 illud

2104 4328 2328 4383 omnino
2370 4327 2549 4385 Patris
2578 4345 2797 4400 quoque
2831 4338 3012 4386 ortum
3042 4338 3098 4386 et
3123 4332 3501 4389 exsistentiam
3556 4335 3686 4391 deti-

2105 4420 2215 4471 uiet
2241 4433 2303 4473 ac
2330 4420 2765 4476 eircumscrihet.

2034 4535 2075 4587 ο
2177 4510 2456 4565 Claritatis
2492 4527 2658 4580 porro
2694 4514 2868 4582 gratia
2904 4513 3046 4569 forte
3081 4530 3188 4569 non
3227 4516 3682 4586 intempestivum

2102 4599 2266 4653 fuerit
2297 4602 2615 4657 accuratius
2648 4604 2969 4658 examinare
3000 4606 3388 4660 assertionem.
3432 4606 3535 4671 Qui
3576 4605 3682 4659 Pa-

2100 4692 2202 4744 tris
2232 4690 2612 4746 exsistcntiam
2649 4692 2809 4748 docet
2845 4695 3219 4763 antiquiorem
3249 4710 3374 4750 esse
3405 4697 3683 4751 exsisten-

2098 4782 2173 4835 tia
2208 4782 2359 4846 Filii,
2402 4785 2448 4839 is
2483 4785 2776 4839 intervallo
2808 4785 3045 4855 quodam
3081 4785 3427 4855 unigenitum
3475 4785 3678 4841 Filium

2098 4886 2315 4945 separat
2365 4879 2433 4933 ab
2482 4880 2733 4933 omnium
2786 4878 2943 4935 Deo:
2995 4880 3101 4934 hoc
3146 4895 3277 4934 vero
3326 4879 3679 4949 interjectum

2098 4968 2447 5023 intervallum
2505 4981 2599 5024 aut
2632 4971 2909 5025 infinitum
2962 4979 3255 5035 statuetur,
3293 4978 3388 5024 aut
3423 4971 3589 5025 certis
3625 4978 3682 5025 et

2098 5057 2407 5113 manifestis
2440 5059 2711 5113 limitibus
2745 5059 3251 5124 circumscriptum.
3306 5059 3372 5112 At
3404 5060 3678 5114 infinitum

2098 5162 2224 5202 esse
2258 5164 2365 5203 non
2400 5151 2665 5218 permittit
2698 5150 2840 5202 ratio
2873 5149 3034 5203 medii
3066 5149 3342 5217 intcrjecti
3367 5190 3381 5215 ,
3419 5151 3505 5204 vel
3534 5160 3682 5205 certe

2104 5237 2279 5293 Patris
2310 5250 2362 5294 et
2394 5239 2514 5293 Filii
2556 5241 2815 5295 rationem
2856 5241 3074 5308 penitus
3106 5241 3295 5307 tollet;
3344 5256 3521 5311 neque
3566 5256 3680 5296 me-

2104 5330 2253 5384 dium
2292 5331 2476 5386 animo
2508 5333 2801 5402 concipere
2832 5330 3018 5386 licebit
3044 5372 3059 5398 ,
3090 5347 3378 5401 quousque
3410 5330 3573 5386 fuerit
3598 5331 3681 5384 in-

2106 5421 2354 5487 ﬁnitum,
2416 5430 2612 5478 neutra
2643 5438 2706 5477 ex
2770 5431 2927 5492 parte
2964 5422 3130 5478 certis
3172 5423 3421 5479 terminis
3451 5422 3679 5477 conclu-

2106 5529 2226 5567 sum
2258 5532 2271 5580 ;
2328 5528 2506 5583 neque
2556 5527 2812 5583 supreme
2851 5514 2895 5570 si
2952 5512 3169 5569 Patrem
3203 5512 3515 5583 concipiat,
3552 5510 3678 5565 inii-

2105 5605 2203 5659 niti
2242 5605 2609 5661 immensitate
2660 5604 2969 5675 desinente,
3035 5621 3211 5676 neque
3257 5603 3474 5661 inferne
3540 5601 3683 5661 Filio
