4166 6372
440 343 545 398 53‘)

1771 300 2094 379 caecos"
2133 291 2428 374 Nissen

3581 279 3690 356 aen

441 457 636 515 intiniti
669 455 903 524 spatium
935 447 1288 506 termina'nte.
1321 444 1429 500 ista
1457 445 1601 499 enim
1633 442 1830 496 inﬁniti
1863 439 2016 495 notio

2148 437 2212 490 ὀὗ
2243 439 2471 508 ἀπείρου
2505 440 2536 508 ἡ
2571 435 2744 488 ἔννοια
2789 431 2850 484 τὸ
2900 424 3231 495 πανταχόθεν
3269 420 3596 492 ὲκκεχύσθαι
3623 423 3690 490 τῇ

441 557 494 604 et
527 548 669 600 ratio
713 553 832 608 est,
879 553 1320 614 quaquaversum
1363 543 1560 589 natura
1606 547 1704 588 sua
1751 530 2008 586 diffusum

441 654 598 704 esse,
634 649 812 705 neque
841 635 951 688 ullo
983 632 1154 685 limite
1189 629 1300 683 ullo
1331 626 1494 682 modo
1527 622 1937 694 comprehendi.

513 749 685 818 Igitur
732 754 792 799 ut
839 743 944 796 lixa
972 749 1028 796 et
1065 741 1293 794 immota
1325 745 1548 792 maneat
1577 733 1760 788 Patris
1791 739 1846 786 et
1888 727 2013 784 Filii

445 838 753 897 substantia
775 876 788 902 ,
821 844 876 890 et
903 849 1064 904 quam
1095 833 1162 887 de
1193 833 1296 886 hac
1325 831 1613 890 habemus,
1656 821 2012 882 existimatio,

447 946 554 984 non
589 929 714 982 licet
747 927 854 980 ulla
899 927 1111 980 ratione
1161 923 1434 978 infinitum
1481 919 1828 974 intervallum
1871 913 2016 968 adir-

447 1035 630 1082 mare,
669 1018 764 1074 sed
801 1031 1029 1073 necesse
1073 1017 1210 1078 erit,
1263 1022 1324 1068 ut
1366 1012 1519 1066 ﬁnito
1565 1009 1801 1082 quodam
1839 1005 2017 1076 spatio

449 1109 621 1164 Filius
649 1125 678 1162 a
705 1108 864 1163 Patre
896 1108 968 1163 sit
1001 1115 1340 1177 segregatus.
1375 1104 1492 1155 Hoc
1519 1101 1685 1169 igitur
1717 1105 1838 1159 est,
1873 1095 2019 1165 quod

453 1217 664 1264 assero,
730 1200 1035 1254 doctrinam
1071 1199 1212 1250 lianc
1256 1212 1322 1249 eo
1361 1194 1620 1260 tendere,
1677 1196 1736 1245 ut
1777 1183 2022 1244 obtineat

455 1294 622 1348 Deum
653 1293 1034 1346 universorum
1065 1287 1133 1342 ab
1162 1283 1366 1342 aeterno
1395 1300 1500 1338 non
1531 1284 1700 1337 fuisse
1720 1322 1733 1344 ,
1769 1280 1864 1334 sed
1892 1277 2024 1332 deli-

454 1387 568 1439 nito
618 1383 853 1453 quodam
903 1380 1164 1450 temporis
1215 1385 1418 1446 puncto
1465 1385 1650 1429 ortum
1710 1371 2018 1426 habuisse:

455 1474 602 1544 quod
631 1471 897 1542 appositis
929 1471 994 1522 ad
1028 1484 1140 1522 rem
1169 1467 1432 1536 exemplis
1467 1464 1790 1525 declarabo,
1829 1468 1890 1514 ut
1921 1473 2024 1512 no-

455 1565 542 1618 bis
567 1578 664 1632 per
697 1577 758 1616 ea
788 1576 909 1630 quae
937 1569 1062 1612 nota
1095 1567 1257 1624 sunt,
1288 1555 1639 1626 perspicuum
1673 1555 1763 1605 tiat
1793 1551 1846 1605 id
1877 1547 2022 1618 quod

459 1655 758 1723 ignoratur.
791 1648 1056 1713 Quoniam
1087 1647 1322 1700 dicimus
1349 1646 1537 1711 quinta
1563 1643 1649 1696 dic
1677 1651 1796 1710 post
1826 1641 2028 1692 cmlum

460 1739 734 1795 hominem
772 1753 894 1792 esse
929 1736 1209 1790 conditum
1253 1750 1315 1789 ex
1349 1733 1551 1804 Moysis
1595 1733 1734 1786 libro
1765 1733 1834 1795 ’³,
1873 1731 2032 1783 facile

2116 529 2297 598 φύσει,
2335 532 2428 584 καὶ
2476 528 2664 600 μηδενὶ
2714 526 2909 596 πέρατι
2949 518 3256 591 μηδαμόθεν
3295 514 3692 588 περιλαμϐάνε-

2121 622 2264 676 σθαι.

2193 726 2401 780 Οὐκοῦν
2447 727 2532 779 ἵνα
2572 725 2746 793 παγία
2785 725 2880 776 καὶ
2923 720 3254 792 ἀμετάθετος
3311 715 3540 784 διαμένῃ
3571 711 3698 780 περὶ

2122 819 2215 872 τοῦ
2250 819 2460 890 Πατρὸς
2493 819 2587 871 καὶ
2615 817 2708 869 τοῦ
2741 816 2872 868 Υίοῦ
2909 815 2941 884 ἡ
2971 813 3063 866 τοῦ
3101 809 3238 864 εἶναι
3269 807 3564 877 ὑπόληψις,
3611 801 3700 854 οὐ-

2119 909 2314 981 δεμίαν
2341 910 2451 974 ἕξει
2481 910 2661 980 χώραν
2691 909 2914 977 ἄπειρον
2941 907 3135 958 ὲννοεῖν
3163 902 3220 955 τὸ
3245 900 3537 968 διάστημα,
3564 893 3698 947 ἀλλὰ

2127 1002 2528 1073 πεπερασμένῳ
2569 1001 2674 1052 τινί
2713 999 2851 1052 κατὰ
2895 999 3074 1050 πᾶσαν
3117 995 3360 1061 ἀνάγκην
3403 989 3494 1042 τὸν
3533 988 3704 1040 Μονο-

2129 1097 2257 1165 γενῆ
2300 1096 2393 1147 τοῦ
2445 1093 2654 1164 Πατρὸς
2688 1092 3052 1158 διαστήσουσι.
3119 1085 3290 1139 Τοῦτο
3338 1079 3430 1135 οὖν
3483 1083 3627 1132 ἐστιν
3675 1079 3704 1130 ὅ

2133 1203 2295 1255 φημι,
2323 1186 2403 1238 ὅτι
2437 1186 2464 1236 6
2492 1183 2648 1252 λόγος
2678 1177 2830 1243 οὗτος
2867 1182 2966 1234 οὑκ
3013 1179 3072 1242 ἐξ
3109 1176 3276 1230 ἀϊδίου
3319 1170 3457 1226 εἶναι
3499 1171 3589 1223 τὸν
3613 1167 3708 1220 ἐπὶ

2133 1278 2348 1329 πάντων
2381 1275 2530 1338 Θεὸν,
2565 1274 2676 1327 ἀλλ’
2713 1273 2818 1325 ἀπό
2847 1289 2988 1335 τινος
3017 1269 3320 1342 ὡρισμένου
3357 1265 3584 1333 σημείου
3611 1258 3708 1329 τὴν

2133 1365 2305 1436 ἀρχὴν
2339 1365 2628 1436 ἐσχηκέναι
2664 1362 3098 1434 παρασκευάσει·
3136 1359 3163 1411 ὃ
3189 1359 3247 1410 δὲ
3279 1357 3442 1423 λέγω,
3475 1351 3710 1406 τοιοῦτόν

2135 1459 2249 1510 ἐστι
2273 1473 2285 1486 ·
2329 1456 2466 1521 λέξω
2495 1456 2550 1509 δὲ
2583 1454 2670 1508 διὰ
2697 1454 2802 1506 τῶν
2847 1453 3140 1522 γνωρίμων
3171 1447 3584 1517 ὑποδειγμάτων
3619 1460 3714 1495 σα-

2137 1547 2374 1616 φηνίζων
2419 1547 2478 1600 τὸ
2505 1547 2702 1615 νόημα,
2747 1546 2822 1607 ὡς
2853 1546 2918 1598 ἂν
2949 1545 3158 1611 γένοιτο
3186 1541 3272 1593 διὰ
3314 1538 3422 1590 τῶν
3454 1533 3714 1606 φαινομέ-

2135 1657 2241 1693 νων
2275 1639 2580 1706 καταφανὲς
2611 1639 2741 1710 ἡμῖν
2775 1637 2834 1689 τὸ
2881 1637 3263 1704 ἀγνοούμενον.
3309 1631 3542 1702 Πέμπτῃ
3577 1626 3714 1698 μετὰ

2137 1727 2227 1782 τὸν
2254 1729 2475 1798 οὐρανὸν
2502 1729 2683 1798 ἡμέρᾳ
2705 1724 3028 1795 γεγενῆσθαι
3047 1725 3136 1776 τὸν
3163 1723 3446 1793 ἄνθρωπον
3466 1719 3712 1786 λέγοντες

462 1833 628 1889 etiam
659 1831 1035 1900 signiﬁcamus
1066 1836 1191 1880 ante
1221 1827 1362 1880 hunc
1391 1827 1584 1879 borum
1613 1825 1823 1879 dierum
1853 1837 2033 1876 nume-

2148 1822 2202 1872 ὲκ
2244 1821 2340 1890 τῆς
2393 1821 2635 1881 Μωσέως
2692 1819 2950 1888 Γραφῆς,
3003 1812 3591 1884 συγκατεσκευάσαμεν
3637 1808 3716 1878 τῷ

463 1939 584 1978 rum
653 1938 720 1977 ne
752 1923 950 1976 coelum
983 1921 1201 1988 quidem
1236 1919 1551 1972 exstitisse:
1614 1917 1746 1970 adeo
1797 1915 1850 1968 id
1890 1915 2036 1984 quod

463 2014 740 2085 posterius
773 2020 858 2068 est
882 2051 898 2070 .
935 2011 1127 2066 deﬁnit
1161 2025 1381 2080 quoque
1419 2021 1470 2062 et
1505 2008 1909 2063 circumscribit
1945 2023 2039 2075 per

467 2106 846 2170 intervallum,
894 2103 945 2156 id
977 2103 1122 2172 quod
1169 2102 1498 2164 anteceSsit,
1547 2113 1741 2167 nempe
1784 2099 2040 2153 substan-

467 2197 598 2250 tiam
664 2204 716 2250 et
755 2195 1126 2250 exsistentiam
1175 2191 1329 2261 ejus,
1372 2191 1516 2260 quod
1593 2199 1850 2258 tanquam
1890 2193 2038 2258 prius

466 2287 777 2356 concipitur
826 2293 880 2340 et
912 2285 1313 2340 consideratur.
1343 2281 1496 2347 Quod
1527 2281 1569 2336 si
1597 2299 1704 2334 non
1733 2281 1868 2336 satis
1896 2282 2040 2335 clare

467 2394 580 2434 rem
631 2379 735 2432 hoc
783 2361 1035 2446 excutplo
1082 2374 1514 2439 illustravimus,
1559 2387 1855 2443 possumus
1887 2387 2036 2426 onln-

467 2469 588 2524 dem
621 2470 728 2524 alio
759 2467 1066 2522 evidentius
1109 2467 1488 2520 demonstrare
1517 2484 1528 2517 :
1568 2479 1690 2516 cum
1725 2464 1895 2532 legem
1945 2461 2043 2533 per

467 2559 690 2628 Moysen
719 2557 899 2610 datam
919 2597 934 2622 ,
963 2555 1379 2626 quadringentis
1407 2561 1460 2608 et
1494 2553 1717 2622 triginta
1753 2553 1916 2606 atinis
1947 2567 2044 2622 po-

471 2651 754 2706 steriorem
783 2663 909 2702 esse
939 2647 1270 2702 aliirmamus
1323 2645 1688 2715 promissione
1741 2643 1831 2699 illa
1857 2644 2040 2698 divina

472 2755 592 2810 qua:
622 2740 690 2793 ad
723 2739 995 2792 Abraham
1023 2737 1164 2792 facta
1195 2745 1310 2799 est,
1345 2739 1416 2799 si,
1449 2735 1615 2788 ducto
1649 2752 1677 2788 a
1715 2739 1830 2806 lege
1862 2737 2044 2798 initio,

475 2841 690 2900 tempus
741 2835 1049 2882 anteaclum
1110 2825 1442 2895 cogitatione
1486 2823 1646 2893 quasi
1693 2823 2046 2878 ascendendo

473 2933 792 2992 percurrere
823 2919 1086 2980 velimus,
1120 2925 1173 2971 et
1203 2917 1420 2971 tandem
1454 2917 1520 2970 ad
1553 2915 1708 2970 tinem
1741 2929 2042 2976 annorum,

471 3026 612 3081 quos
641 3009 1052 3064 numeravimus
1072 3048 1086 3070 ,
1123 3007 1510 3076 perveniamus
1538 3045 1552 3069 ,
1585 3007 1823 3062 dilucide
1853 3007 2048 3075 depre—

473 3101 764 3155 hendimus
786 3139 799 3160 ,
831 3098 978 3168 quod
1015 3103 1142 3150 ante
1174 3097 1277 3150 hoc
1310 3107 1527 3164 tempus
1557 3095 1741 3149 divina
1783 3097 1872 3149 illa
1919 3111 2046 3164 pro-

474 3193 664 3248 missio
695 3191 936 3246 nondum
983 3189 1186 3254 fuerit;
1231 3188 1512 3256 multaque
1547 3194 1842 3256 suppetunt
1882 3186 2046 3257 hujus

2137 1911 2280 1980 λόγῳ
2311 1909 2484 1980 τούτῳ
2517 1911 2656 1963 κατὰ
2681 1911 2744 1960 τὸ
2775 1908 3126 1977 σιωπώμενον
3145 1905 3205 1958 τὸ
3234 1903 3340 1974 πρὸ
3365 1903 3457 1956 τοῦ
3481 1901 3716 1972 ἀριθμοῦ

2138 2003 2245 2053 τῶν
2278 2001 2500 2073 ἡμερῶν
2533 2003 2754 2064 τούτων,
2797 2000 2928 2069 μηδὲ
2953 2000 3042 2051 τὸν
3072 1997 3302 2067 οὐρανὸν
3348 1991 3487 2049 εἶναι
3511 2011 3524 2025 ·
3576 1992 3718 2045 οὑτω

2139 2093 2198 2144 τὸ
2233 2094 2370 2162 μετά
2397 2111 2450 2144 τι
2480 2093 2771 2160 γενόμενον
2810 2092 2897 2144 διὰ
2925 2092 3018 2143 τοῦ
3051 2091 3155 2160 πρὸ
3188 2088 3378 2142 ἑαυτοῦ
3415 2087 3718 2155 διαστήμα-

2139 2204 2230 2249 τος
2267 2186 2436 2257 ὁρίζει
2467 2187 2561 2239 καὶ
2597 2186 2695 2254 τὴν
2731 2185 2823 2237 τοῦ
2865 2181 3370 2254 προϋπονοουμένου
3403 2177 3715 2232 ὑπόστασιν.

2141 2277 2204 2328 Εἰ
2234 2275 2290 2327 δὲ
2324 2275 2420 2344 οὑχ
2452 2275 2648 2337 ἱκανῶς
2677 2275 2754 2344 τῷ
2784 2274 3137 2342 ὑποδείγματι
3165 2272 3253 2324 τὸν
3281 2270 3437 2338 λόγον
3467 2265 3722 2336 ὲσαφηνί·

2145 2383 2335 2435 σαμεν,
2365 2366 2588 2420 δυνατόν
2616 2369 2754 2428 ἐστι,
2797 2366 2888 2419 καὶ
2914 2365 2979 2418 δι’
3009 2364 3209 2434 ἐτέρων
3239 2362 3301 2414 τὸ
3339 2359 3526 2429 νοηθὲν
3554 2371 3726 2426 παρα-

2145 2459 2358 2528 στῆσαι,
2390 2459 2479 2512 τὸν
2508 2458 2597 2511 διὰ
2628 2458 2871 2521 Μωσέως
2909 2457 3126 2511 δοθέντα
3156 2456 3318 2525 νόμον
3353 2451 3721 2524 τετρακοσίοις

2144 2551 2288 2604 ἔτεσι
2333 2551 2429 2604 καὶ
2477 2551 2771 2622 τριάκοντα
2813 2551 2912 2620 τῆς
2959 2549 3050 2603 τοῦ
3095 2547 3346 2618 Ἀϐραὰμ
3393 2542 3726 2612 ἐπαγγελίας

2149 2643 2604 2714 μεταγενέστερον
2646 2642 2893 2710 λέγοντες
2931 2657 2945 2672 ·
2997 2641 3091 2694 ἐὰν
3137 2639 3244 2691 ἀπὸ
3277 2637 3372 2690 τοῦ
3427 2638 3590 2706 νόμου
3635 2633 3726 2687 τὸν

2146 2732 2374 2786 κατόπιν
2401 2734 2587 2803 χρόνον
2619 2733 2684 2785 δι’
2717 2731 3026 2792 ἀναλύσεως
3055 2729 3134 2800 τῷ
3175 2727 3419 2798 λογισμῷ
3463 2723 3728 2796 παροδεύ-

2149 2840 2360 2887 σαντες.
2407 2827 2487 2885 είς
2527 2825 2586 2877 τὸ
2619 2825 2791 2896 πέρας
2837 2825 2941 2878 τῶν
2995 2820 3387 2893 ἡριθμημένων
3434 2821 3726 2888 φθάσωμεν

2149 2913 2304 2978 ὲτῶν,
2353 2913 2539 2982 σαφῶς
2570 2913 3060 2984 καταλαμϐάνομεν
3084 2955 3098 2978 ,
3128 2913 3210 2966 ὅτι
3256 2913 3361 2981 πρὸ
3405 2912 3496 2964 τοῦ
3533 2911 3726 2981 χρόνου

2148 3003 2340 3056 τούτου
2369 3005 2401 3076 ἡ
2448 3005 2539 3057 τοῦ
2569 3005 2704 3058 Θεοῦ
2735 3005 3036 3074 ὲπαγγελῖα
3078 3003 3233 3057 οὔπω
3273 3001 3340 3075 ἧν
3373 3019 3386 3034 ·
3435 3006 3529 3056 καὶ
3561 3001 3728 3055 πολλὰ

2150 3096 2373 3147 τοιαῦτα
2400 3096 2576 3164 λέγειν
2604 3097 2750 3150 ἔστιν
2770 3139 2782 3160 ,
2821 3091 2898 3160 οἷς
2937 3097 2998 3148 τὺ
3027 3096 3147 3149 καθ’
3179 3097 3406 3150 ἕκαστον
3435 3095 3725 3161 ἐπεξιέναι,

2151 3187 2226 3250 ὼς
2261 3188 2489 3259 ὀχληρὸν
2519 3192 2948 3260 παραιτήσομαι.

472 3287 688 3358 generis
731 3285 1006 3354 exempla,
1047 3282 1248 3352 quibus
1312 3282 1588 3354 sigillatim
1649 3281 2040 3353 percensendis
2085 3283 2487 3352 supersedebo,
2525 3284 2667 3338 tmdii
2705 3284 2906 3337 vitandi
2945 3285 3140 3354 gratia.

545 3401 946 3457 Convenienter
997 3399 1166 3466 igitur
1214 3398 1374 3452 alicui
1433 3397 1597 3452 modo
1656 3398 1711 3451 in
1771 3397 2046 3466 praedictis

475 3491 738 3560 exemplis
773 3495 1031 3550 ostenso,
1061 3493 1308 3556 oportet,
1348 3495 1407 3540 ut
1439 3487 1802 3542 discutiamus
1833 3501 2048 3557 quoque

475 3583 810 3654 propositam
854 3579 1256 3648 quaastionem;
1305 3585 1390 3632 est
1429 3585 1612 3631 autem
1663 3579 1800 3642 ista,
1846 3586 1906 3631 ut
1937 3577 2052 3647 qui-

477 3675 600 3728 dem
632 3669 931 3726 adversarii
963 3669 1068 3723 sibi
1102 3671 1435 3738 persuadent
1455 3705 1470 3734 ,
1503 3670 1650 3736 prius
1681 3680 1734 3723 et
1759 3670 2047 3737 posterius,

479 3779 576 3818 seu
609 3761 876 3832 antiquius
907 3769 959 3814 et
992 3761 1246 3813 recentius
1269 3799 1282 3822 ,
1311 3760 1380 3813 de
1408 3757 1588 3814 Patris
1618 3769 1670 3814 et
1705 3759 1823 3812 Filii
1853 3769 1908 3814 et
1935 3761 2056 3828 Spi-

481 3856 622 3909 ritus
653 3852 829 3908 saneti
861 3851 1172 3906 substantia
1203 3851 1310 3905 dici
1337 3869 1352 3916 ;
1393 3866 1518 3904 cum
1550 3865 1680 3921 ergo
1727 3849 1849 3904 Filii
1893 3867 2055 3922 gene-

479 3947 692 4001 ratione
747 3950 1106 4010 transeursa,
1163 3952 1224 3997 ut
1281 3945 1570 3999 lnereticus
1627 3944 1732 3999 iste
1787 3953 2051 4014 nugatur,

481 4036 878 4092 accesserimus
909 4035 976 4088 ad
1005 4034 1060 4088 id
1094 4021 1479 4101 intervallum,
1515 4037 1660 4105 quod
1695 4035 1934 4090 medium
1973 4040 2056 4092 in-

483 4127 789 4196 terponitur
818 4125 1025 4198 (prout
1057 4141 1193 4180 vana
1227 4127 1608 4181 haereticorum
1643 4131 1927 4198 persuasio
1955 4131 2057 4183 alio

482 4219 614 4288 quid
656 4219 800 4272 inter
839 4216 1056 4271 Patrem
1099 4229 1150 4272 et
1193 4216 1390 4272 Filium
1427 4218 1688 4288 statuit),
1720 4235 1954 4290 cumque
1989 4220 2056 4274 ad

483 4320 787 4365 extremum
834 4309 968 4363 illud
999 4318 1261 4380 punctum
1309 4312 1778 4380 processerimus,
1813 4329 1923 4383 quo
1966 4314 2057 4369 isti

485 4401 948 4471 intercapedinem
983 4401 1127 4454 illam
1166 4402 1488 4466 terminant,
1525 4404 1681 4468 istic,
1713 4405 1765 4457 in
1797 4421 2053 4475 supremo

485 4494 642 4564 quasi
671 4493 912 4548 culmine
938 4533 952 4555 ,
991 4493 1082 4546 Dei
1118 4483 1283 4548 totius
1311 4495 1688 4551 universitatis
1721 4497 1888 4550 vitam
1924 4500 2059 4554 sub-

486 4587 768 4641 sistentem
803 4585 1107 4654 reperimus
1128 4623 1143 4648 ,
1171 4600 1237 4639 ex
1264 4599 1373 4655 quo
1399 4587 1713 4641 necessario
1739 4589 2052 4654 coniicitur,

487 4686 548 4731 ut
596 4675 886 4731 credamus
939 4676 1147 4740 Deum,
1201 4675 1296 4746 qui
1346 4691 1561 4746 semper
1612 4689 1725 4743 est,
1760 4690 1884 4734 ante
1923 4679 2058 4734 illud

487 4773 748 4838 punctum
771 4781 881 4822 non
912 4765 1106 4822 fuisse.

2225 3397 2380 3450 Κατὰ
2423 3399 2599 3450 τοίνυν
2633 3400 2730 3470 τὴν
2761 3400 3082 3454 ἀκολουθίαν
3130 3401 3238 3452 τῶν
3282 3402 3337 3452 ἐν
3369 3403 3477 3464 τοῖς
3505 3399 3725 3454 ὑποδεί-

2151 3507 2354 3560 γμασιν
2389 3489 2715 3560 εἰρημένων,
2753 3493 2846 3544 καὶ
2875 3493 2964 3544 τον
2993 3494 3348 3564 προκείμενον
3385 3491 3728 3562 ἐξετάσωμεν

2151 3583 2307 3652 λόγον
2328 3599 2342 3614 ο
2374 3579 2442 3652 ἧν
2469 3583 2523 3634 δὲ
2555 3578 2706 3644 οὗτος
2734 3584 2872 3636 κατὰ
2903 3585 2999 3653 τὴν
3030 3583 3134 3636 τῶν
3157 3585 3409 3638 ἐναντίων
3441 3585 3725 3655 ὑπόληψιν,

2152 3673 2213 3726 τὸ
2243 3673 2647 3740 πρεσϐύτερον
2687 3674 2777 3725 καὶ
2831 3673 3116 3742 νεώτερον
3146 3674 3238 3726 ἐπὶ
3263 3674 3363 3742 τῆς
3395 3673 3485 3727 τοῦ
3518 3657 3730 3746 Πατρός

2156 3783 2212 3818 τε
2250 3765 2342 3818 καὶ
2384 3765 2478 3817 τοῦ
2520 3765 2668 3829 Υίοῦ,
2707 3766 2801 3819 καὶ
2831 3765 2924 3818 τοῦ
2955 3765 3111 3833 ἁγίου
3153 3766 3468 3834 Πνεύματος
3496 3767 3731 3818 ὑποστά-

2159 3874 2316 3921 σεως,
2336 3857 2519 3928 ἓτερον
2551 3857 2734 3929 ἑτέρου
2768 3858 2946 3926 λέγειν
2968 3855 3125 3912 εἶναι.
3153 3858 3359 3911 Οὐκοῦν
3391 3857 3605 3910 ἐπειδάν
3631 3857 3728 3928 τὴν

2157 3947 2248 4001 τοῦ
2281 3949 2408 4001 Υἱοῦ
2437 3949 2684 4018 γέννησιν
2710 3949 3007 4014 διαϐάντες,
3052 3949 3231 4012 καθὼς
3270 3953 3554 4021 ὑφηγεῖται
3578 3953 3605 4004 6
3631 3953 3730 4022 τῆς

2157 4037 2418 4108 αἱρέσεως
2445 4038 2626 4107 λόγος,
2655 4039 2844 4093 ἔπειτα
2865 4041 3190 4111 προσ-δῶμεν
3215 4041 3291 4110 τῷ
3318 4041 3406 4093 διὰ
3437 4043 3600 4111 μέσου
3621 4043 3732 4096 δια-

2161 4131 2394 4200 στήματι
2415 4149 2426 4160 ·
2477 4133 2610 4201 ὅπερ
2641 4135 2672 4202 ἡ
2717 4133 2922 4202 ματαία
2959 4133 3066 4186 τῶν
3097 4133 3270 4187 ταῦτα
3301 4134 3731 4204 δογματιςὸντων

2159 4219 2333 4288 οἴησις
2364 4221 2694 4284 ὑποτίθεται,
2722 4221 2828 4274 τῶν
2865 4221 3065 4292 μεταξὺ
3091 4222 3182 4276 τοῦ
3213 4222 3342 4276 Υίοῠ
3369 4225 3462 4276 καὶ
3490 4223 3581 4276 τοῦ
3617 4225 3730 4276 Πα-

2159 4311 2285 4379 τρὸς
2315 4306 2454 4363 εἷναί
2495 4329 2545 4363 τι
2591 4311 2954 4382 λογιζομένων
2977 4331 2988 4344 ·
3035 4315 3128 4367 ἐὰν
3157 4317 3236 4377 είς
3263 4315 3324 4366 τὸ
3357 4314 3522 4384 ἄκρον
3560 4317 3732 4366 ἐκεῖνο

2164 4405 2385 4471 σημεῖον
2423 4403 2734 4472 φθάσωμεν,
2857 4406 2917 4458 τὸ
2949 4405 3223 4476 διάστημα
3255 4405 3316 4457 τὸ
3353 4406 3553 4475 μεταξὺ
3587 4422 3734 4474 περι-

2161 4494 2481 4564 γράφουσιν,
2532 4495 2647 4546 ἐκεῖ
2681 4495 2774 4547 καὶ
2805 4495 2897 4548 τοῦ
2945 4496 3080 4550 Θεοῦ
3119 4497 3227 4550 τῶν
3272 4497 3406 4550 ὅλων
3438 4497 3731 4568 ἱσταμένην

2162 4585 2254 4653 επὶ
2279 4586 2338 4638 τὸ
2365 4587 2475 4640 ἄνω
2500 4586 2597 4656 τὴν
2621 4587 2764 4658 ζωὴν
2789 4588 3135 4660 εὑρίσκομεν,
3165 4590 3242 4652 ὠς
3274 4589 3332 4654 ἐξ
3364 4590 3606 4660 ἀνάγκης
3631 4607 3731 4643 κα-

2161 4679 2591 4743 τασκευάζεσθαι
2637 4680 2696 4732 τὸ
2740 4681 2846 4751 πρὸ
2887 4681 3116 4747 ἐκείνου,
3155 4683 3287 4752 μηδὲ
3321 4684 3407 4736 ἀεὶ
3441 4682 3567 4734 ὄντα
3603 4681 3732 4735 Θεὸν

2164 4769 2438 4822 πιστεύειν
2468 4765 2626 4824 εἶναι.

560 4875 718 4941 Quod
753 4877 801 4930 si
834 4875 1014 4930 adhuc
1043 4877 1274 4948 ambigis
1295 4919 1308 4944 ,
1341 4893 1536 4934 rursus
1568 4879 1624 4934 id
1653 4883 1918 4952 exemplis
1952 4899 2042 4937 ex-

2237 4885 2299 4937 Εί
2329 4883 2384 4937 δὲ
2417 4883 2772 4954 ἀμφιϐάλλεις
2805 4884 2906 4948 ἔτι,
2937 4885 3098 4939 πάλιν
3126 4885 3216 4938 τὸν
3254 4887 3407 4955 λόγον
3436 4887 3500 4939 δι’
3527 4886 3738 4940 ὑποδει-

491 4966 744 5036 planabo.
782 4965 1250 5031 Quemadmodum
1285 4971 1427 5024 enim
1463 4971 1684 5040 quando
1717 4971 1933 5029 duabus
1969 4990 2060 5029 re-

491 5056 633 5124 gulis
662 5057 922 5125 acceptis,
955 5056 1126 5112 altera
1159 5059 1365 5128 majore
1387 5101 1402 5125 ,
1433 5063 1602 5118 altera
1637 5063 1850 5118 minore
1874 5105 1889 5130 ,
1923 5067 2059 5122 lines

491 5147 805 5204 earumdem
839 5163 1059 5218 aequare
1091 5152 1372 5211 volumus.
1410 5153 1464 5206 in
1493 5155 1842 5210 extremitate
1871 5172 2064 5213 exces-

491 5247 614 5300 s'um
641 5243 1072 5312 cognoscimus;
1103 5243 1440 5312 juxtaposita
1502 5247 1646 5301 enim
1695 5250 1924 5304 minoris
1969 5266 2066 5305 ex-

489 5335 800 5399 tremitate,
849 5349 1138 5390 excessum
1193 5337 1414 5406 majoris
1465 5337 1963 5408 deprehendimus,
2010 5355 2063 5398 et

493 5433 758 5495 quantum
787 5425 1018 5480 breviori
1065 5427 1235 5491 desit,
1282 5445 1538 5484 mensura
1568 5432 1748 5501 aliqua
1772 5475 1786 5498 ,
1822 5434 1936 5490 sive
1979 5437 2062 5490 ul-

493 5529 562 5568 na
588 5555 602 5579 ,
641 5516 754 5570 sive
785 5513 934 5569 aliud
967 5515 1246 5585 quidpiam
1285 5519 1388 5582 sit,
1436 5522 1614 5577 minus
1659 5539 1784 5577 cum
1817 5526 2060 5582 termino

601 5695 645 5726 ”
671 5693 804 5750 Gen.
838 5711 878 5766 t,
909 5697 1001 5753 Q6.

2166 4975 2392 5044 γμάτων
2419 4977 2864 5048 κατανοήσωμεν.
2901 4977 3108 5048 Ὥσπερ
3126 4979 3232 5049 γὰρ
3253 4979 3344 5030 ἐπὶ
3365 4979 3455 5031 δύο
3477 4979 3734 5044 κανόνων,

2165 5070 2293 5124 ὅταν
2321 5073 2349 5124 6
2385 5070 2484 5141 μὲν
2531 5069 2790 5134 ἐλάττων,
2839 5071 2867 5122 6
2910 5069 2966 5124 δὲ
2997 5071 3277 5140 ὑπερέχων
3324 5066 3382 5140 ᾗ,
3417 5069 3518 5133 τὰς
3553 5069 3739 5139 βάσεις

2165 5161 2490 5230 ἀμφοτέρων
2519 5161 2834 5226 ίσὼσαντες,
2877 5163 2934 5214 ὲν
2979 5164 3098 5222 ταῖς
3126 5164 3390 5230 κορυφαῖς
3421 5159 3481 5212 τὸ
3511 5161 3742 5214 πλεονά-

2167 5253 2256 5316 ζον
2301 5253 2733 5324 ὲπιγινώσκομεν
2769 5253 3138 5324 (παραθέντες
3186 5252 3294 5324 γὰρ
3349 5253 3410 5305 τὸ
3450 5252 3544 5305 τοῦ
3589 5253 3745 5306 ὲλὰτ-

2173 5361 2324 5407 τονος
2357 5345 2560 5414 πέρας,
2587 5346 2680 5398 ἀπ’
2711 5345 2929 5397 ἐκείνου
2947 5345 3008 5397 τὸ
3043 5344 3299 5416 περισσὸν
3325 5343 3416 5397 τοῦ
3449 5344 3743 5416 ὑπερέχον-

2171 5452 2262 5499 τος
2291 5435 2534 5505 ἔγνωμεν
2555 5453 2566 5466 ·
2603 5438 2696 5490 καὶ
2727 5439 2848 5490 ὅσον
2871 5436 3008 5489 ἐνδεῖ
3029 5434 3108 5506 τῷ
3133 5435 3469 5507 βραχυτέρας),
3491 5435 3578 5490 διά
3599 5451 3744 5500 τινος

2175 5525 2375 5597 μέτρου
2407 5526 2467 5579 τὸ
2490 5525 2674 5581 λεῖπον
2723 5526 2858 5597 πρὸς
2891 5525 2954 5580 τὸ
2987 5526 3158 5596 πέρας
3191 5526 3286 5579 τοῦ
3321 5527 3566 5598 μείζονος
3606 5539 3746 5596 παρ·-
