  <div class='ocr_page' id='page_1' title='image "/cluster/home/n/w/nwhite01/storage/ocr_20150623/45/nnc1.0046978445/192.png"; bbox 0 0 4166 6372; ppageno 0'>
   <div class='ocr_carea' id='block_1_1' title="bbox 432 364 531 421">
    <p class='ocr_par' dir='ltr' id='par_1_1' title="bbox 432 364 531 421">
     <span class='ocr_line' id='line_1_1' title="bbox 432 364 531 421; baseline 0 0"><span class='ocrx_word' id='word_1_1' title='bbox 432 364 531 421; x_wconf 73' lang='grc'><strong>561</strong></span> 
     </span>
    </p>
   </div>
   <div class='ocr_carea' id='block_1_2' title="bbox 1577 371 2534 438">
    <p class='ocr_par' dir='ltr' id='par_1_2' title="bbox 1577 371 2534 438">
     <span class='ocr_line' id='line_1_2' title="bbox 1577 371 2534 438; baseline 0 -10"><span class='ocrx_word' id='word_1_2' title='bbox 1577 372 1853 429; x_wconf 77' lang='lat' dir='ltr'><strong>CONTRA</strong></span> <span class='ocrx_word' id='word_1_3' title='bbox 1885 372 2251 431; x_wconf 72' lang='lat' dir='ltr'><strong>EUNOMIUM</strong></span> <span class='ocrx_word' id='word_1_4' title='bbox 2285 416 2299 438; x_wconf 86' lang='lat'><strong>,</strong></span> <span class='ocrx_word' id='word_1_5' title='bbox 2333 371 2459 429; x_wconf 83' lang='lat' dir='ltr'><strong>LIB.</strong></span> <span class='ocrx_word' id='word_1_6' title='bbox 2493 373 2534 428; x_wconf 83' lang='lat'><strong>1.</strong></span> 
     </span>
    </p>
   </div>
   <div class='ocr_carea' id='block_1_3' title="bbox 3572 374 3681 429">
    <p class='ocr_par' dir='ltr' id='par_1_3' title="bbox 3572 374 3681 429">
     <span class='ocr_line' id='line_1_3' title="bbox 3572 374 3681 429; baseline 0 0"><span class='ocrx_word' id='word_1_7' title='bbox 3572 374 3681 429; x_wconf 65' lang='lat'><strong>36%</strong></span> 
     </span>
    </p>
   </div>
   <div class='ocr_carea' id='block_1_4' title="bbox 434 481 2026 571">
    <p class='ocr_par' dir='ltr' id='par_1_4' title="bbox 434 481 2012 571">
     <span class='ocr_line' id='line_1_4' title="bbox 434 481 2012 571; baseline 0.005 -36"><span class='ocrx_word' id='word_1_8' title='bbox 434 481 1002 571; x_wconf 61' lang='lat' dir='ltr'><strong>nrbeavzsg_ei&#39;ipotts‘a</strong></span> <span class='ocrx_word' id='word_1_9' title='bbox 1030 525 1043 547; x_wconf 92' lang='lat'><strong>,</strong></span> <span class='ocrx_word' id='word_1_10' title='bbox 1094 484 1205 538; x_wconf 73' lang='grc' dir='ltr'>εἴτε</span> <span class='ocrx_word' id='word_1_11' title='bbox 1258 487 1471 557; x_wconf 83' lang='grc' dir='ltr'>πῆχυς,</span> <span class='ocrx_word' id='word_1_12' title='bbox 1528 489 1638 542; x_wconf 76' lang='grc' dir='ltr'>εἴτε</span> <span class='ocrx_word' id='word_1_13' title='bbox 1688 491 1884 543; x_wconf 80' lang='grc' dir='ltr'><strong>ὁπόσον</strong></span> <span class='ocrx_word' id='word_1_14' title='bbox 1919 487 2012 543; x_wconf 83' lang='grc' dir='ltr'><strong>οὖν</strong></span> 
     </span>
    </p>
   </div>
   <div class='ocr_carea' id='block_1_5' title="bbox 2130 481 3684 571">
    <p class='ocr_par' dir='ltr' id='par_1_5' title="bbox 2130 486 3684 560">
     <span class='ocr_line' id='line_1_5' title="bbox 2130 486 3684 560; baseline -0.002 -14"><span class='ocrx_word' id='word_1_15' title='bbox 2130 492 2343 559; x_wconf 86' lang='lat' dir='ltr'><strong>najoris</strong></span> <span class='ocrx_word' id='word_1_16' title='bbox 2384 496 2802 560; x_wconf 74' lang='lat' dir='ltr'><strong>comparantes,</strong></span> <span class='ocrx_word' id='word_1_17' title='bbox 2841 486 3167 559; x_wconf 81' lang='lat' dir='ltr'><strong>indagamus</strong></span> <span class='ocrx_word' id='word_1_18' title='bbox 3190 529 3205 554; x_wconf 94' lang='lat'><strong>,</strong></span> <span class='ocrx_word' id='word_1_19' title='bbox 3240 494 3503 558; x_wconf 86' lang='lat' dir='ltr'><strong>quantum</strong></span> <span class='ocrx_word' id='word_1_20' title='bbox 3537 488 3684 543; x_wconf 85' lang='lat' dir='ltr'><strong>absit</strong></span> 
     </span>
    </p>
   </div>
   <div class='ocr_carea' id='block_1_6' title="bbox 437 573 2026 653">
    <p class='ocr_par' dir='ltr' id='par_1_6' title="bbox 437 573 2011 653">
     <span class='ocr_line' id='line_1_6' title="bbox 437 573 2011 653; baseline 0.008 -30"><span class='ocrx_word' id='word_1_21' title='bbox 437 575 624 635; x_wconf 82' lang='grc' dir='ltr'>ἐστιν,</span> <span class='ocrx_word' id='word_1_22' title='bbox 670 573 794 625; x_wconf 86' lang='grc' dir='ltr'>ὅσον</span> <span class='ocrx_word' id='word_1_23' title='bbox 844 573 939 626; x_wconf 86' lang='grc' dir='ltr'>τοῦ</span> <span class='ocrx_word' id='word_1_24' title='bbox 1006 574 1287 640; x_wconf 81' lang='grc' dir='ltr'>ἐλάττονος</span> <span class='ocrx_word' id='word_1_25' title='bbox 1336 577 1397 631; x_wconf 80' lang='grc' dir='ltr'>τὸ</span> <span class='ocrx_word' id='word_1_26' title='bbox 1446 580 1630 647; x_wconf 79' lang='grc' dir='ltr'>μεῖζον</span> <span class='ocrx_word' id='word_1_27' title='bbox 1659 580 2011 653; x_wconf 59' lang='grc' dir='ltr'>ἀφέστηκεν)</span> 
     </span>
    </p>
   </div>
   <div class='ocr_carea' id='block_1_7' title="bbox 2130 573 3685 653">
    <p class='ocr_par' dir='ltr' id='par_1_7' title="bbox 2130 579 3685 653">
     <span class='ocr_line' id='line_1_7' title="bbox 2130 579 3685 653; baseline -0.002 -15"><span class='ocrx_word' id='word_1_28' title='bbox 2130 585 2287 653; x_wconf 84' lang='lat' dir='ltr'><strong>najor</strong></span> <span class='ocrx_word' id='word_1_29' title='bbox 2321 598 2352 637; x_wconf 92' lang='lat' dir='ltr'><strong>a</strong></span> <span class='ocrx_word' id='word_1_30' title='bbox 2389 585 2603 637; x_wconf 91' lang='lat' dir='ltr'><strong>minore</strong></span> <span class='ocrx_word' id='word_1_31' title='bbox 2644 598 2657 633; x_wconf 92' lang='lat'><strong>:</strong></span> <span class='ocrx_word' id='word_1_32' title='bbox 2698 582 2769 635; x_wconf 91' lang='lat' dir='ltr'><strong>ita</strong></span> <span class='ocrx_word' id='word_1_33' title='bbox 2792 581 2859 647; x_wconf 89' lang='lat' dir='ltr'><strong>si,</strong></span> <span class='ocrx_word' id='word_1_34' title='bbox 2898 589 2957 635; x_wconf 92' lang='lat' dir='ltr'><strong>ut</strong></span> <span class='ocrx_word' id='word_1_35' title='bbox 2992 579 3294 635; x_wconf 83' lang='lat' dir='ltr'><strong>adversarii</strong></span> <span class='ocrx_word' id='word_1_36' title='bbox 3330 580 3549 644; x_wconf 88' lang='lat' dir='ltr'><strong>volunt,</strong></span> <span class='ocrx_word' id='word_1_37' title='bbox 3582 581 3685 635; x_wconf 85' lang='lat' dir='ltr'><strong>ali-</strong></span> 
     </span>
    </p>
   </div>
   <div class='ocr_carea' id='block_1_8' title="bbox 434 661 2007 737">
    <p class='ocr_par' dir='ltr' id='par_1_8' title="bbox 434 661 2007 737">
     <span class='ocr_line' id='line_1_8' title="bbox 434 661 2007 737; baseline 0.004 -22"><span class='ocrx_word' id='word_1_38' title='bbox 434 661 608 725; x_wconf 79' lang='grc' dir='ltr'>οὖτως</span> <span class='ocrx_word' id='word_1_39' title='bbox 651 663 704 715; x_wconf 75' lang='grc' dir='ltr'><strong>εἴ</strong></span> <span class='ocrx_word' id='word_1_40' title='bbox 732 663 817 727; x_wconf 90' lang='grc' dir='ltr'><strong>τίς</strong></span> <span class='ocrx_word' id='word_1_41' title='bbox 850 666 988 733; x_wconf 79' lang='grc' dir='ltr'>ἐστι,</span> <span class='ocrx_word' id='word_1_42' title='bbox 1022 667 1164 720; x_wconf 84' lang='grc' dir='ltr'><strong>κατά</strong></span> <span class='ocrx_word' id='word_1_43' title='bbox 1201 668 1290 722; x_wconf 80' lang='grc' dir='ltr'><strong>τὸν</strong></span> <span class='ocrx_word' id='word_1_44' title='bbox 1313 669 1421 736; x_wconf 71' lang='grc' dir='ltr'><strong>τῶν</strong></span> <span class='ocrx_word' id='word_1_45' title='bbox 1442 670 1774 724; x_wconf 79' lang='grc' dir='ltr'>ὑπεναντίων</span> <span class='ocrx_word' id='word_1_46' title='bbox 1801 672 1963 737; x_wconf 84' lang='grc' dir='ltr'>λόγον</span> <span class='ocrx_word' id='word_1_47' title='bbox 1992 710 2007 734; x_wconf 92' lang='grc'><strong>,</strong></span> 
     </span>
    </p>
   </div>
   <div class='ocr_carea' id='block_1_9' title="bbox 435 754 2008 831">
    <p class='ocr_par' dir='ltr' id='par_1_9' title="bbox 435 754 2008 831">
     <span class='ocr_line' id='line_1_9' title="bbox 435 754 2008 831; baseline 0.005 -26"><span class='ocrx_word' id='word_1_48' title='bbox 435 755 533 823; x_wconf 83' lang='grc' dir='ltr'><strong>τῆς</strong></span> <span class='ocrx_word' id='word_1_49' title='bbox 560 754 653 807; x_wconf 81' lang='grc' dir='ltr'>τοῦ</span> <span class='ocrx_word' id='word_1_50' title='bbox 710 756 922 827; x_wconf 87' lang='grc' dir='ltr'>Πατρὸς</span> <span class='ocrx_word' id='word_1_51' title='bbox 951 754 1097 828; x_wconf 82' lang='grc' dir='ltr'>ζωῆς</span> <span class='ocrx_word' id='word_1_52' title='bbox 1132 761 1208 819; x_wconf 83' lang='grc' dir='ltr'>ὡς</span> <span class='ocrx_word' id='word_1_53' title='bbox 1256 760 1393 828; x_wconf 84' lang='grc' dir='ltr'>πρὸς</span> <span class='ocrx_word' id='word_1_54' title='bbox 1422 762 1522 831; x_wconf 83' lang='grc' dir='ltr'>τὴν</span> <span class='ocrx_word' id='word_1_55' title='bbox 1568 761 1711 831; x_wconf 80' lang='grc' dir='ltr'>ζωὴν</span> <span class='ocrx_word' id='word_1_56' title='bbox 1752 761 1845 813; x_wconf 82' lang='grc' dir='ltr'>τοῦ</span> <span class='ocrx_word' id='word_1_57' title='bbox 1880 759 2008 814; x_wconf 82' lang='grc' dir='ltr'>Υίοῢ</span> 
     </span>
    </p>
   </div>
   <div class='ocr_carea' id='block_1_10' title="bbox 437 844 2005 920">
    <p class='ocr_par' dir='ltr' id='par_1_10' title="bbox 437 844 2005 920">
     <span class='ocr_line' id='line_1_10' title="bbox 437 844 2005 920; baseline 0.006 -26"><span class='ocrx_word' id='word_1_58' title='bbox 437 844 796 914; x_wconf 87' lang='grc' dir='ltr'>πλεονασμὸς,</span> <span class='ocrx_word' id='word_1_59' title='bbox 827 844 883 898; x_wconf 79' lang='grc' dir='ltr'><strong>ἕν</strong></span> <span class='ocrx_word' id='word_1_60' title='bbox 919 863 1025 899; x_wconf 89' lang='grc' dir='ltr'>τινι</span> <span class='ocrx_word' id='word_1_61' title='bbox 1070 848 1218 918; x_wconf 82' lang='grc' dir='ltr'>ῥητῷ</span> <span class='ocrx_word' id='word_1_62' title='bbox 1246 848 1570 920; x_wconf 79' lang='grc' dir='ltr'><strong>διαστήματι</strong></span> <span class='ocrx_word' id='word_1_63' title='bbox 1614 852 1827 913; x_wconf 88' lang='grc' dir='ltr'>πάντως</span> <span class='ocrx_word' id='word_1_64' title='bbox 1871 850 2005 903; x_wconf 79' lang='grc' dir='ltr'>ἐστί·</span> 
     </span>
    </p>
   </div>
   <div class='ocr_carea' id='block_1_11' title="bbox 437 932 2014 1009">
    <p class='ocr_par' dir='ltr' id='par_1_11' title="bbox 437 932 2014 1009">
     <span class='ocr_line' id='line_1_11' title="bbox 437 932 2014 1009; baseline 0.006 -26"><span class='ocrx_word' id='word_1_65' title='bbox 437 932 594 985; x_wconf 77' lang='grc' dir='ltr'>τοῦτο</span> <span class='ocrx_word' id='word_1_66' title='bbox 627 934 683 985; x_wconf 84' lang='grc' dir='ltr'><strong>δὲ</strong></span> <span class='ocrx_word' id='word_1_67' title='bbox 720 935 820 986; x_wconf 85' lang='grc' dir='ltr'><strong>οὐκ</strong></span> <span class='ocrx_word' id='word_1_68' title='bbox 851 936 929 997; x_wconf 84' lang='grc' dir='ltr'><strong>είς</strong></span> <span class='ocrx_word' id='word_1_69' title='bbox 956 936 1019 988; x_wconf 84' lang='grc' dir='ltr'><strong>τὸ</strong></span> <span class='ocrx_word' id='word_1_70' title='bbox 1060 937 1261 1007; x_wconf 80' lang='grc' dir='ltr'>ἐφεξῆς</span> <span class='ocrx_word' id='word_1_71' title='bbox 1309 938 1651 1009; x_wconf 74' lang='grc' dir='ltr'>περισσεύειν</span> <span class='ocrx_word' id='word_1_72' title='bbox 1701 940 2014 1009; x_wconf 78' lang='grc' dir='ltr'><strong>ἀναγκαίως</strong></span> 
     </span>
    </p>
   </div>
   <div class='ocr_carea' id='block_1_12' title="bbox 442 1023 2013 1101">
    <p class='ocr_par' dir='ltr' id='par_1_12' title="bbox 442 1023 2013 1101">
     <span class='ocr_line' id='line_1_12' title="bbox 442 1023 2013 1101; baseline 0.006 -28"><span class='ocrx_word' id='word_1_73' title='bbox 442 1023 816 1095; x_wconf 82' lang='grc' dir='ltr'>συνθήσονται.</span> <span class='ocrx_word' id='word_1_74' title='bbox 858 1025 1147 1079; x_wconf 82' lang='grc' dir='ltr'>Ἀθάνατον</span> <span class='ocrx_word' id='word_1_75' title='bbox 1188 1028 1294 1098; x_wconf 84' lang='grc' dir='ltr'>γὰρ</span> <span class='ocrx_word' id='word_1_76' title='bbox 1324 1029 1523 1099; x_wconf 82' lang='grc' dir='ltr'>ὁμοίως</span> <span class='ocrx_word' id='word_1_77' title='bbox 1568 1030 1827 1101; x_wconf 77' lang='grc' dir='ltr'>ἑκάτερον</span> <span class='ocrx_word' id='word_1_78' title='bbox 1875 1027 2013 1084; x_wconf 81' lang='grc' dir='ltr'>εἶναι</span> 
     </span>
    </p>
   </div>
   <div class='ocr_carea' id='block_1_13' title="bbox 439 1119 2017 1192">
    <p class='ocr_par' dir='ltr' id='par_1_13' title="bbox 439 1119 2017 1192">
     <span class='ocr_line' id='line_1_13' title="bbox 439 1119 2017 1192; baseline 0.004 -23"><span class='ocrx_word' id='word_1_79' title='bbox 439 1119 532 1170; x_wconf 80' lang='grc' dir='ltr'><strong>καὶ</strong></span> <span class='ocrx_word' id='word_1_80' title='bbox 563 1121 611 1171; x_wconf 79' lang='lat' dir='ltr'><strong>oi</strong></span> <span class='ocrx_word' id='word_1_81' title='bbox 643 1119 825 1190; x_wconf 74' lang='grc' dir='ltr'>ἐχθροὶ</span> <span class='ocrx_word' id='word_1_82' title='bbox 857 1121 955 1191; x_wconf 84' lang='grc' dir='ltr'><strong>τῆς</strong></span> <span class='ocrx_word' id='word_1_83' title='bbox 983 1121 1242 1191; x_wconf 80' lang='grc' dir='ltr'><strong>ἀληθείας</strong></span> <span class='ocrx_word' id='word_1_84' title='bbox 1270 1122 1622 1192; x_wconf 77' lang='grc' dir='ltr'>ὁμολογοῦσιν</span> <span class='ocrx_word' id='word_1_85' title='bbox 1642 1140 1655 1152; x_wconf 84' lang='grc'><strong>·</strong></span> <span class='ocrx_word' id='word_1_86' title='bbox 1700 1123 1811 1176; x_wconf 88' lang='grc' dir='ltr'>ἀλλ’</span> <span class='ocrx_word' id='word_1_87' title='bbox 1843 1125 1922 1186; x_wconf 81' lang='grc' dir='ltr'>εἰς</span> <span class='ocrx_word' id='word_1_88' title='bbox 1955 1122 2017 1176; x_wconf 81' lang='grc' dir='ltr'><strong>τὸ</strong></span> 
     </span>
    </p>
   </div>
   <div class='ocr_carea' id='block_1_14' title="bbox 442 1209 2016 1283">
    <p class='ocr_par' dir='ltr' id='par_1_14' title="bbox 442 1209 2016 1283">
     <span class='ocr_line' id='line_1_14' title="bbox 442 1209 2016 1283; baseline 0.003 -21"><span class='ocrx_word' id='word_1_89' title='bbox 442 1209 554 1262; x_wconf 83' lang='grc' dir='ltr'>ἄνω</span> <span class='ocrx_word' id='word_1_90' title='bbox 592 1210 689 1279; x_wconf 80' lang='grc' dir='ltr'><strong>τήν</strong></span> <span class='ocrx_word' id='word_1_91' title='bbox 735 1210 995 1281; x_wconf 77' lang='grc' dir='ltr'>διαφορὰν</span> <span class='ocrx_word' id='word_1_92' title='bbox 1039 1214 1241 1283; x_wconf 85' lang='grc' dir='ltr'>ταύτην</span> <span class='ocrx_word' id='word_1_93' title='bbox 1280 1215 1601 1278; x_wconf 78' lang='grc' dir='ltr'>ἐπινοοῦσιν,</span> <span class='ocrx_word' id='word_1_94' title='bbox 1641 1217 1740 1267; x_wconf 91' lang='grc' dir='ltr'><strong>οὑκ</strong></span> <span class='ocrx_word' id='word_1_95' title='bbox 1775 1216 2016 1277; x_wconf 80' lang='grc' dir='ltr'>ἱσοῦντες</span> 
     </span>
    </p>
   </div>
   <div class='ocr_carea' id='block_1_15' title="bbox 442 1300 2015 1376">
    <p class='ocr_par' dir='ltr' id='par_1_15' title="bbox 442 1300 2015 1376">
     <span class='ocr_line' id='line_1_15' title="bbox 442 1300 2015 1376; baseline 0.003 -24"><span class='ocrx_word' id='word_1_96' title='bbox 442 1300 580 1372; x_wconf 84' lang='grc' dir='ltr'>πρὸς</span> <span class='ocrx_word' id='word_1_97' title='bbox 613 1301 702 1354; x_wconf 79' lang='grc' dir='ltr'><strong>τὸν</strong></span> <span class='ocrx_word' id='word_1_98' title='bbox 736 1303 955 1372; x_wconf 85' lang='grc' dir='ltr'>Πατέρα</span> <span class='ocrx_word' id='word_1_99' title='bbox 983 1305 1077 1357; x_wconf 83' lang='grc' dir='ltr'>τοῦ</span> <span class='ocrx_word' id='word_1_100' title='bbox 1112 1304 1241 1358; x_wconf 84' lang='grc' dir='ltr'><strong>Υἱοῦ</strong></span> <span class='ocrx_word' id='word_1_101' title='bbox 1271 1306 1368 1376; x_wconf 83' lang='grc' dir='ltr'>τὴν</span> <span class='ocrx_word' id='word_1_102' title='bbox 1398 1305 1562 1376; x_wconf 80' lang='grc' dir='ltr'>ζωὴν.</span> <span class='ocrx_word' id='word_1_103' title='bbox 1597 1306 1711 1359; x_wconf 87' lang='grc' dir='ltr'>ἀλλ’</span> <span class='ocrx_word' id='word_1_104' title='bbox 1746 1307 2015 1358; x_wconf 74' lang='grc' dir='ltr'>ἐκτείνον-</span> 
     </span>
    </p>
   </div>
   <div class='ocr_carea' id='block_1_16' title="bbox 440 1392 2017 1468">
    <p class='ocr_par' dir='ltr' id='par_1_16' title="bbox 440 1392 2017 1468">
     <span class='ocr_line' id='line_1_16' title="bbox 440 1392 2017 1468; baseline 0.003 -25"><span class='ocrx_word' id='word_1_105' title='bbox 440 1409 531 1455; x_wconf 85' lang='grc' dir='ltr'>τες</span> <span class='ocrx_word' id='word_1_106' title='bbox 558 1392 655 1462; x_wconf 84' lang='grc' dir='ltr'><strong>τὴν</strong></span> <span class='ocrx_word' id='word_1_107' title='bbox 684 1395 810 1463; x_wconf 77' lang='grc' dir='ltr'>περὶ</span> <span class='ocrx_word' id='word_1_108' title='bbox 843 1393 935 1447; x_wconf 81' lang='grc' dir='ltr'>τοῦ</span> <span class='ocrx_word' id='word_1_109' title='bbox 978 1396 1188 1466; x_wconf 70' lang='grc' dir='ltr'>Πατρός</span> <span class='ocrx_word' id='word_1_110' title='bbox 1228 1396 1430 1450; x_wconf 78' lang='grc' dir='ltr'>ἔννοιαν</span> <span class='ocrx_word' id='word_1_111' title='bbox 1493 1397 1569 1466; x_wconf 82' lang='grc' dir='ltr'>τῷ</span> <span class='ocrx_word' id='word_1_112' title='bbox 1602 1399 1696 1467; x_wconf 83' lang='grc' dir='ltr'><strong>τῆς</strong></span> <span class='ocrx_word' id='word_1_113' title='bbox 1730 1396 1874 1468; x_wconf 80' lang='grc' dir='ltr'>ζωῆς</span> <span class='ocrx_word' id='word_1_114' title='bbox 1902 1397 2017 1449; x_wconf 81' lang='grc' dir='ltr'>δια-</span> 
     </span>
    </p>
   </div>
   <div class='ocr_carea' id='block_1_17' title="bbox 446 1483 2018 1561">
    <p class='ocr_par' dir='ltr' id='par_1_17' title="bbox 446 1483 2018 1561">
     <span class='ocr_line' id='line_1_17' title="bbox 446 1483 2018 1561; baseline 0.004 -25"><span class='ocrx_word' id='word_1_115' title='bbox 446 1486 701 1553; x_wconf 81' lang='grc' dir='ltr'>στήματι.</span> <span class='ocrx_word' id='word_1_116' title='bbox 743 1486 893 1538; x_wconf 71' lang='grc' dir='ltr'>Ἐπεὶ</span> <span class='ocrx_word' id='word_1_117' title='bbox 936 1483 1031 1539; x_wconf 77' lang='grc' dir='ltr'><strong>οὖν</strong></span> <span class='ocrx_word' id='word_1_118' title='bbox 1072 1487 1344 1559; x_wconf 87' lang='grc' dir='ltr'>διάστημα</span> <span class='ocrx_word' id='word_1_119' title='bbox 1386 1489 1591 1553; x_wconf 86' lang='grc' dir='ltr'>διπλοῖς</span> <span class='ocrx_word' id='word_1_120' title='bbox 1630 1491 1829 1561; x_wconf 82' lang='grc' dir='ltr'>πέρασι</span> <span class='ocrx_word' id='word_1_121' title='bbox 1861 1508 2018 1560; x_wconf 58' lang='grc' dir='ltr'>περιρ</span> 
     </span>
    </p>
   </div>
   <div class='ocr_carea' id='block_1_18' title="bbox 441 1577 2015 1651">
    <p class='ocr_par' dir='ltr' id='par_1_18' title="bbox 441 1577 2015 1651">
     <span class='ocr_line' id='line_1_18' title="bbox 441 1577 2015 1651; baseline 0.002 -21"><span class='ocrx_word' id='word_1_122' title='bbox 441 1577 732 1647; x_wconf 68' lang='grc' dir='ltr'>γράφεται,</span> <span class='ocrx_word' id='word_1_123' title='bbox 766 1578 979 1641; x_wconf 87' lang='grc' dir='ltr'>πάντως</span> <span class='ocrx_word' id='word_1_124' title='bbox 1017 1579 1226 1650; x_wconf 80' lang='grc' dir='ltr'>ἀνάγκη</span> <span class='ocrx_word' id='word_1_125' title='bbox 1261 1582 1428 1643; x_wconf 84' lang='grc' dir='ltr'>πᾶσα,</span> <span class='ocrx_word' id='word_1_126' title='bbox 1463 1582 1557 1634; x_wconf 75' lang='grc' dir='ltr'><strong>καὶ</strong></span> <span class='ocrx_word' id='word_1_127' title='bbox 1584 1582 1674 1633; x_wconf 77' lang='grc' dir='ltr'>τοῦ</span> <span class='ocrx_word' id='word_1_128' title='bbox 1704 1581 2015 1651; x_wconf 79' lang='grc' dir='ltr'>ἐπινοηθέν-</span> 
     </span>
    </p>
   </div>
   <div class='ocr_carea' id='block_1_19' title="bbox 441 1666 2022 1740">
    <p class='ocr_par' dir='ltr' id='par_1_19' title="bbox 441 1666 2022 1740">
     <span class='ocr_line' id='line_1_19' title="bbox 441 1666 2022 1740; baseline 0.003 -22"><span class='ocrx_word' id='word_1_129' title='bbox 441 1684 533 1729; x_wconf 85' lang='grc' dir='ltr'>τος</span> <span class='ocrx_word' id='word_1_130' title='bbox 556 1668 681 1737; x_wconf 83' lang='grc' dir='ltr'>παρ’</span> <span class='ocrx_word' id='word_1_131' title='bbox 704 1666 879 1719; x_wconf 81' lang='grc' dir='ltr'>αὑτῶν</span> <span class='ocrx_word' id='word_1_132' title='bbox 898 1668 1282 1739; x_wconf 86' lang='grc' dir='ltr'>διαστήματος,</span> <span class='ocrx_word' id='word_1_133' title='bbox 1308 1671 1374 1723; x_wconf 79' lang='grc' dir='ltr'>τὰ</span> <span class='ocrx_word' id='word_1_134' title='bbox 1396 1670 1487 1723; x_wconf 89' lang='grc' dir='ltr'><strong>δύο</strong></span> <span class='ocrx_word' id='word_1_135' title='bbox 1516 1674 1713 1740; x_wconf 86' lang='grc' dir='ltr'>σημεία</span> <span class='ocrx_word' id='word_1_136' title='bbox 1739 1674 1805 1723; x_wconf 68' lang='grc' dir='ltr'>τὰ</span> <span class='ocrx_word' id='word_1_137' title='bbox 1828 1689 2022 1739; x_wconf 87' lang='grc' dir='ltr'>γνωρι-</span> 
     </span>
    </p>
   </div>
   <div class='ocr_carea' id='block_1_20' title="bbox 445 1758 2021 1834">
    <p class='ocr_par' dir='ltr' id='par_1_20' title="bbox 445 1758 2021 1834">
     <span class='ocr_line' id='line_1_20' title="bbox 445 1758 2021 1834; baseline 0.003 -24"><span class='ocrx_word' id='word_1_138' title='bbox 445 1758 601 1810; x_wconf 87' lang='grc' dir='ltr'>στικά</span> <span class='ocrx_word' id='word_1_139' title='bbox 628 1759 735 1811; x_wconf 82' lang='grc' dir='ltr'><strong>τῶν</strong></span> <span class='ocrx_word' id='word_1_140' title='bbox 778 1761 1024 1830; x_wconf 79' lang='grc' dir='ltr'>περάτων</span> <span class='ocrx_word' id='word_1_141' title='bbox 1046 1761 1472 1832; x_wconf 67' lang='grc' dir='ltr'>καταληφθῆναι.</span> <span class='ocrx_word' id='word_1_142' title='bbox 1509 1763 1725 1834; x_wconf 83' lang='grc' dir='ltr'>’Ὥσπερ</span> <span class='ocrx_word' id='word_1_143' title='bbox 1753 1759 1843 1815; x_wconf 78' lang='grc' dir='ltr'>οὖν</span> <span class='ocrx_word' id='word_1_144' title='bbox 1874 1763 1935 1814; x_wconf 84' lang='grc' dir='ltr'>τὸ</span> <span class='ocrx_word' id='word_1_145' title='bbox 1963 1763 2021 1815; x_wconf 84' lang='grc' dir='ltr'><strong>ἒν</strong></span> 
     </span>
    </p>
   </div>
   <div class='ocr_carea' id='block_1_21' title="bbox 2111 670 3686 747">
    <p class='ocr_par' dir='ltr' id='par_1_21' title="bbox 2111 670 3686 747">
     <span class='ocr_line' id='line_1_21' title="bbox 2111 670 3686 747; baseline -0.002 -18"><span class='ocrx_word' id='word_1_146' title='bbox 2111 677 2239 747; x_wconf 88' lang='lat' dir='ltr'><strong>quis</strong></span> <span class='ocrx_word' id='word_1_147' title='bbox 2264 690 2533 731; x_wconf 84' lang='lat' dir='ltr'><strong>excessus</strong></span> <span class='ocrx_word' id='word_1_148' title='bbox 2581 681 2667 729; x_wconf 86' lang='lat' dir='ltr'><strong>est</strong></span> <span class='ocrx_word' id='word_1_149' title='bbox 2705 675 2830 726; x_wconf 63' lang='lat' dir='ltr'><strong>vita:</strong></span> <span class='ocrx_word' id='word_1_150' title='bbox 2890 680 2947 726; x_wconf 91' lang='lat' dir='ltr'><strong>et</strong></span> <span class='ocrx_word' id='word_1_151' title='bbox 2989 671 3325 727; x_wconf 71' lang='lat' dir='ltr'><strong>exsistentize</strong></span> <span class='ocrx_word' id='word_1_152' title='bbox 3366 670 3547 726; x_wconf 89' lang='lat' dir='ltr'><strong>Patris</strong></span> <span class='ocrx_word' id='word_1_153' title='bbox 3594 687 3686 726; x_wconf 69' lang='lat' dir='ltr'><strong>reo</strong></span> 
     </span>
    </p>
   </div>
   <div class='ocr_carea' id='block_1_22' title="bbox 2113 762 3690 838">
    <p class='ocr_par' dir='ltr' id='par_1_22' title="bbox 2113 762 3690 838">
     <span class='ocr_line' id='line_1_22' title="bbox 2113 762 3690 838; baseline -0.003 -15"><span class='ocrx_word' id='word_1_154' title='bbox 2113 777 2303 838; x_wconf 90' lang='lat' dir='ltr'><strong>spectu</strong></span> <span class='ocrx_word' id='word_1_155' title='bbox 2320 768 2443 821; x_wconf 78' lang='lat' dir='ltr'><strong>vita:</strong></span> <span class='ocrx_word' id='word_1_156' title='bbox 2464 773 2517 819; x_wconf 91' lang='lat' dir='ltr'><strong>ct</strong></span> <span class='ocrx_word' id='word_1_157' title='bbox 2538 764 2870 821; x_wconf 77' lang='lat' dir='ltr'><strong>exsistentia:</strong></span> <span class='ocrx_word' id='word_1_158' title='bbox 2892 762 3036 825; x_wconf 86' lang='lat' dir='ltr'><strong>Filii,</strong></span> <span class='ocrx_word' id='word_1_159' title='bbox 3052 762 3276 818; x_wconf 88' lang='lat' dir='ltr'><strong>omnino</strong></span> <span class='ocrx_word' id='word_1_160' title='bbox 3294 772 3527 833; x_wconf 89' lang='lat' dir='ltr'><strong>oportet,</strong></span> <span class='ocrx_word' id='word_1_161' title='bbox 3542 774 3601 818; x_wconf 93' lang='lat' dir='ltr'><strong>ut</strong></span> <span class='ocrx_word' id='word_1_162' title='bbox 3616 764 3690 818; x_wconf 87' lang='lat' dir='ltr'><strong>sit</strong></span> 
     </span>
    </p>
   </div>
   <div class='ocr_carea' id='block_1_23' title="bbox 2114 853 3689 927">
    <p class='ocr_par' dir='ltr' id='par_1_23' title="bbox 2114 853 3689 927">
     <span class='ocr_line' id='line_1_23' title="bbox 2114 853 3689 927; baseline -0.002 -15"><span class='ocrx_word' id='word_1_163' title='bbox 2114 859 2168 912; x_wconf 91' lang='lat' dir='ltr'><strong>in</strong></span> <span class='ocrx_word' id='word_1_164' title='bbox 2199 857 2433 927; x_wconf 90' lang='lat' dir='ltr'><strong>quodam</strong></span> <span class='ocrx_word' id='word_1_165' title='bbox 2466 864 2620 910; x_wconf 89' lang='lat' dir='ltr'><strong>certo</strong></span> <span class='ocrx_word' id='word_1_166' title='bbox 2650 854 2958 909; x_wconf 86' lang='lat' dir='ltr'><strong>durationis</strong></span> <span class='ocrx_word' id='word_1_167' title='bbox 2988 853 3316 920; x_wconf 85' lang='lat' dir='ltr'><strong>intervallo;</strong></span> <span class='ocrx_word' id='word_1_168' title='bbox 3348 864 3404 908; x_wconf 88' lang='lat' dir='ltr'><strong>at</strong></span> <span class='ocrx_word' id='word_1_169' title='bbox 3428 869 3689 909; x_wconf 86' lang='lat' dir='ltr'><strong>necessa-</strong></span> 
     </span>
    </p>
   </div>
   <div class='ocr_carea' id='block_1_24' title="bbox 2114 946 3687 1016">
    <p class='ocr_par' dir='ltr' id='par_1_24' title="bbox 2114 946 3687 1016">
     <span class='ocr_line' id='line_1_24' title="bbox 2114 946 3687 1016; baseline -0.003 -11"><span class='ocrx_word' id='word_1_170' title='bbox 2114 953 2198 1005; x_wconf 89' lang='lat' dir='ltr'><strong>rio</strong></span> <span class='ocrx_word' id='word_1_171' title='bbox 2228 950 2384 1004; x_wconf 78' lang='lat' dir='ltr'><strong>fateri</strong></span> <span class='ocrx_word' id='word_1_172' title='bbox 2414 950 2616 1003; x_wconf 89' lang='lat' dir='ltr'><strong>debent</strong></span> <span class='ocrx_word' id='word_1_173' title='bbox 2650 948 2752 1001; x_wconf 90' lang='lat' dir='ltr'><strong>hoc</strong></span> <span class='ocrx_word' id='word_1_174' title='bbox 2785 964 2895 1001; x_wconf 89' lang='lat' dir='ltr'><strong>non</strong></span> <span class='ocrx_word' id='word_1_175' title='bbox 2941 960 3065 1001; x_wconf 91' lang='lat' dir='ltr'><strong>esse</strong></span> <span class='ocrx_word' id='word_1_176' title='bbox 3105 946 3409 1000; x_wconf 87' lang='lat' dir='ltr'><strong>secundum</strong></span> <span class='ocrx_word' id='word_1_177' title='bbox 3443 946 3687 1016; x_wconf 87' lang='lat' dir='ltr'><strong>aliquem</strong></span> 
     </span>
    </p>
   </div>
   <div class='ocr_carea' id='block_1_25' title="bbox 2117 1024 3692 1108">
    <p class='ocr_par' dir='ltr' id='par_1_25' title="bbox 2117 1024 3692 1108">
     <span class='ocr_line' id='line_1_25' title="bbox 2117 1024 3692 1108; baseline -0.003 -11"><span class='ocrx_word' id='word_1_178' title='bbox 2117 1043 2313 1097; x_wconf 72' lang='lat' dir='ltr'><strong>futura:</strong></span> <span class='ocrx_word' id='word_1_179' title='bbox 2354 1042 2663 1095; x_wconf 90' lang='lat' dir='ltr'><strong>durationis</strong></span> <span class='ocrx_word' id='word_1_180' title='bbox 2694 1055 2981 1094; x_wconf 82' lang='lat' dir='ltr'><strong>excessum</strong></span> <span class='ocrx_word' id='word_1_181' title='bbox 3013 1078 3027 1092; x_wconf 94' lang='lat'><strong>.</strong></span> <span class='ocrx_word' id='word_1_182' title='bbox 3084 1037 3387 1108; x_wconf 88' lang='lat' dir='ltr'><strong>Utrumque</strong></span> <span class='ocrx_word' id='word_1_183' title='bbox 3433 1024 3578 1093; x_wconf 87' lang='lat' dir='ltr'><strong>enim</strong></span> <span class='ocrx_word' id='word_1_184' title='bbox 3611 1038 3692 1093; x_wconf 86' lang='lat' dir='ltr'><strong>si-</strong></span> 
     </span>
    </p>
   </div>
   <div class='ocr_carea' id='block_1_26' title="bbox 2115 1128 3692 1198">
    <p class='ocr_par' dir='ltr' id='par_1_26' title="bbox 2115 1128 3692 1198">
     <span class='ocr_line' id='line_1_26' title="bbox 2115 1128 3692 1198; baseline -0.003 -12"><span class='ocrx_word' id='word_1_185' title='bbox 2115 1134 2316 1187; x_wconf 87' lang='lat' dir='ltr'><strong>militer</strong></span> <span class='ocrx_word' id='word_1_186' title='bbox 2348 1148 2471 1188; x_wconf 91' lang='lat' dir='ltr'><strong>esse</strong></span> <span class='ocrx_word' id='word_1_187' title='bbox 2499 1132 2861 1185; x_wconf 83' lang='lat' dir='ltr'><strong>immortalem</strong></span> <span class='ocrx_word' id='word_1_188' title='bbox 2893 1146 3001 1185; x_wconf 89' lang='lat' dir='ltr'><strong>non</strong></span> <span class='ocrx_word' id='word_1_189' title='bbox 3032 1130 3349 1185; x_wconf 89' lang='lat' dir='ltr'><strong>inﬁciantur</strong></span> <span class='ocrx_word' id='word_1_190' title='bbox 3384 1128 3487 1198; x_wconf 85' lang='lat' dir='ltr'><strong>ipsi</strong></span> <span class='ocrx_word' id='word_1_191' title='bbox 3522 1128 3692 1183; x_wconf 83' lang='lat' dir='ltr'><strong>etiam</strong></span> 
     </span>
    </p>
   </div>
   <div class='ocr_carea' id='block_1_27' title="bbox 2117 1220 3693 1284">
    <p class='ocr_par' dir='ltr' id='par_1_27' title="bbox 2117 1220 3693 1284">
     <span class='ocr_line' id='line_1_27' title="bbox 2117 1220 3693 1284; baseline -0.003 -7"><span class='ocrx_word' id='word_1_192' title='bbox 2117 1224 2365 1279; x_wconf 76' lang='lat' dir='ltr'><strong>veritatis</strong></span> <span class='ocrx_word' id='word_1_193' title='bbox 2417 1224 2602 1278; x_wconf 81' lang='lat' dir='ltr'><strong>hostes</strong></span> <span class='ocrx_word' id='word_1_194' title='bbox 2625 1261 2638 1284; x_wconf 85' lang='lat'><strong>,</strong></span> <span class='ocrx_word' id='word_1_195' title='bbox 2688 1222 2781 1277; x_wconf 91' lang='lat' dir='ltr'><strong>sed</strong></span> <span class='ocrx_word' id='word_1_196' title='bbox 2813 1222 3188 1276; x_wconf 85' lang='lat' dir='ltr'><strong>diversitatem</strong></span> <span class='ocrx_word' id='word_1_197' title='bbox 3215 1221 3357 1274; x_wconf 90' lang='lat' dir='ltr'><strong>hanc</strong></span> <span class='ocrx_word' id='word_1_198' title='bbox 3389 1220 3693 1275; x_wconf 87' lang='lat' dir='ltr'><strong>secundum</strong></span> 
     </span>
    </p>
   </div>
   <div class='ocr_carea' id='block_1_28' title="bbox 2119 1310 3697 1385">
    <p class='ocr_par' dir='ltr' id='par_1_28' title="bbox 2119 1310 3697 1385">
     <span class='ocr_line' id='line_1_28' title="bbox 2119 1310 3697 1385; baseline -0.003 -18"><span class='ocrx_word' id='word_1_199' title='bbox 2119 1316 2446 1385; x_wconf 64' lang='lat' dir='ltr'><strong>praelerilam</strong></span> <span class='ocrx_word' id='word_1_200' title='bbox 2492 1313 2835 1367; x_wconf 89' lang='lat' dir='ltr'><strong>durationem</strong></span> <span class='ocrx_word' id='word_1_201' title='bbox 2881 1311 3221 1381; x_wconf 84' lang='lat' dir='ltr'><strong>concipiunt,</strong></span> <span class='ocrx_word' id='word_1_202' title='bbox 3276 1312 3406 1365; x_wconf 89' lang='lat' dir='ltr'><strong>dum</strong></span> <span class='ocrx_word' id='word_1_203' title='bbox 3437 1310 3563 1364; x_wconf 86' lang='lat' dir='ltr'><strong>Filii</strong></span> <span class='ocrx_word' id='word_1_204' title='bbox 3598 1311 3697 1367; x_wconf 61' lang='lat' dir='ltr'><strong>vi-</strong></span> 
     </span>
    </p>
   </div>
   <div class='ocr_carea' id='block_1_29' title="bbox 2121 1403 3695 1473">
    <p class='ocr_par' dir='ltr' id='par_1_29' title="bbox 2121 1403 3695 1473">
     <span class='ocr_line' id='line_1_29' title="bbox 2121 1403 3695 1473; baseline -0.004 -11"><span class='ocrx_word' id='word_1_205' title='bbox 2121 1418 2229 1463; x_wconf 92' lang='lat' dir='ltr'><strong>tam</strong></span> <span class='ocrx_word' id='word_1_206' title='bbox 2260 1417 2315 1463; x_wconf 91' lang='lat' dir='ltr'><strong>et</strong></span> <span class='ocrx_word' id='word_1_207' title='bbox 2346 1406 2724 1462; x_wconf 81' lang='lat' dir='ltr'><strong>exsistentiaiu</strong></span> <span class='ocrx_word' id='word_1_208' title='bbox 2773 1421 2897 1459; x_wconf 85' lang='lat' dir='ltr'><strong>cum</strong></span> <span class='ocrx_word' id='word_1_209' title='bbox 2943 1403 3122 1458; x_wconf 91' lang='lat' dir='ltr'><strong>Patris</strong></span> <span class='ocrx_word' id='word_1_210' title='bbox 3156 1403 3267 1456; x_wconf 86' lang='lat' dir='ltr'><strong>vita</strong></span> <span class='ocrx_word' id='word_1_211' title='bbox 3311 1418 3418 1457; x_wconf 90' lang='lat' dir='ltr'><strong>non</strong></span> <span class='ocrx_word' id='word_1_212' title='bbox 3452 1410 3695 1473; x_wconf 70' lang='lat' dir='ltr'><strong>aequant,</strong></span> 
     </span>
    </p>
   </div>
   <div class='ocr_carea' id='block_1_30' title="bbox 2120 1496 3699 1569">
    <p class='ocr_par' dir='ltr' id='par_1_30' title="bbox 2120 1496 3699 1569">
     <span class='ocr_line' id='line_1_30' title="bbox 2120 1496 3699 1569; baseline -0.004 -13"><span class='ocrx_word' id='word_1_213' title='bbox 2120 1513 2347 1556; x_wconf 77' lang='lat' dir='ltr'><strong>extensa</strong></span> <span class='ocrx_word' id='word_1_214' title='bbox 2380 1510 2784 1569; x_wconf 87' lang='lat' dir='ltr'><strong>prorogataque</strong></span> <span class='ocrx_word' id='word_1_215' title='bbox 2818 1514 2915 1568; x_wconf 87' lang='lat' dir='ltr'><strong>per</strong></span> <span class='ocrx_word' id='word_1_216' title='bbox 2945 1496 3296 1552; x_wconf 82' lang='lat' dir='ltr'><strong>intervallum</strong></span> <span class='ocrx_word' id='word_1_217' title='bbox 3328 1498 3451 1551; x_wconf 71' lang='lat' dir='ltr'><strong>vita:</strong></span> <span class='ocrx_word' id='word_1_218' title='bbox 3484 1498 3699 1566; x_wconf 82' lang='lat' dir='ltr'><strong>cogita-</strong></span> 
     </span>
    </p>
   </div>
   <div class='ocr_carea' id='block_1_31' title="bbox 2123 1588 3699 1659">
    <p class='ocr_par' dir='ltr' id='par_1_31' title="bbox 2123 1588 3699 1659">
     <span class='ocr_line' id='line_1_31' title="bbox 2123 1588 3699 1659; baseline 0 -14"><span class='ocrx_word' id='word_1_219' title='bbox 2123 1593 2271 1647; x_wconf 87' lang='lat' dir='ltr'><strong>tione</strong></span> <span class='ocrx_word' id='word_1_220' title='bbox 2303 1599 2358 1645; x_wconf 85' lang='lat' dir='ltr'><strong>et</strong></span> <span class='ocrx_word' id='word_1_221' title='bbox 2404 1590 2811 1645; x_wconf 81' lang='lat' dir='ltr'><strong>existimatione</strong></span> <span class='ocrx_word' id='word_1_222' title='bbox 2851 1589 2919 1643; x_wconf 82' lang='lat' dir='ltr'><strong>de</strong></span> <span class='ocrx_word' id='word_1_223' title='bbox 2958 1588 3141 1643; x_wconf 85' lang='lat' dir='ltr'><strong>Patre.</strong></span> <span class='ocrx_word' id='word_1_224' title='bbox 3171 1589 3307 1643; x_wconf 85' lang='lat' dir='ltr'><strong>Cum</strong></span> <span class='ocrx_word' id='word_1_225' title='bbox 3344 1588 3512 1659; x_wconf 90' lang='lat' dir='ltr'><strong>igitur</strong></span> <span class='ocrx_word' id='word_1_226' title='bbox 3537 1604 3699 1645; x_wconf 88' lang='lat' dir='ltr'><strong>omne</strong></span> 
     </span>
    </p>
   </div>
   <div class='ocr_carea' id='block_1_32' title="bbox 2124 1680 3701 1750">
    <p class='ocr_par' dir='ltr' id='par_1_32' title="bbox 2124 1680 3701 1750">
     <span class='ocr_line' id='line_1_32' title="bbox 2124 1680 3701 1750; baseline -0.001 -14"><span class='ocrx_word' id='word_1_227' title='bbox 2124 1682 2469 1737; x_wconf 84' lang='lat' dir='ltr'><strong>intervallum</strong></span> <span class='ocrx_word' id='word_1_228' title='bbox 2498 1680 2701 1750; x_wconf 82' lang='lat' dir='ltr'><strong>duplici</strong></span> <span class='ocrx_word' id='word_1_229' title='bbox 2727 1681 2964 1735; x_wconf 86' lang='lat' dir='ltr'><strong>termino</strong></span> <span class='ocrx_word' id='word_1_230' title='bbox 2994 1680 3511 1745; x_wconf 83' lang='lat' dir='ltr'><strong>circumscribatur,</strong></span> <span class='ocrx_word' id='word_1_231' title='bbox 3541 1696 3701 1750; x_wconf 91' lang='lat' dir='ltr'><strong>opor-</strong></span> 
     </span>
    </p>
   </div>
   <div class='ocr_carea' id='block_1_33' title="bbox 2122 1772 3701 1843">
    <p class='ocr_par' dir='ltr' id='par_1_33' title="bbox 2122 1772 3701 1843">
     <span class='ocr_line' id='line_1_33' title="bbox 2122 1772 3701 1843; baseline -0.001 -14"><span class='ocrx_word' id='word_1_232' title='bbox 2122 1783 2201 1830; x_wconf 87' lang='lat' dir='ltr'><strong>tet</strong></span> <span class='ocrx_word' id='word_1_233' title='bbox 2252 1783 2310 1829; x_wconf 91' lang='lat' dir='ltr'><strong>ut</strong></span> <span class='ocrx_word' id='word_1_234' title='bbox 2354 1782 2409 1829; x_wconf 89' lang='lat' dir='ltr'><strong>et</strong></span> <span class='ocrx_word' id='word_1_235' title='bbox 2458 1773 2749 1827; x_wconf 88' lang='lat' dir='ltr'><strong>intervallo</strong></span> <span class='ocrx_word' id='word_1_236' title='bbox 2795 1772 2863 1827; x_wconf 88' lang='lat' dir='ltr'><strong>ab</strong></span> <span class='ocrx_word' id='word_1_237' title='bbox 2906 1773 2993 1828; x_wconf 88' lang='lat' dir='ltr'><strong>his</strong></span> <span class='ocrx_word' id='word_1_238' title='bbox 3039 1775 3386 1843; x_wconf 84' lang='lat' dir='ltr'><strong>excogitato,</strong></span> <span class='ocrx_word' id='word_1_239' title='bbox 3415 1773 3525 1828; x_wconf 94' lang='lat' dir='ltr'><strong>duo</strong></span> <span class='ocrx_word' id='word_1_240' title='bbox 3583 1774 3701 1829; x_wconf 65' lang='lat' dir='ltr'><strong>haec</strong></span> 
     </span>
    </p>
   </div>
   <div class='ocr_carea' id='block_1_34' title="bbox 446 1835 2026 1939">
    <p class='ocr_par' dir='ltr' id='par_1_34' title="bbox 446 1851 2015 1926">
     <span class='ocr_line' id='line_1_34' title="bbox 446 1851 2015 1926; baseline 0.003 -24"><span class='ocrx_word' id='word_1_241' title='bbox 446 1851 631 1921; x_wconf 90' lang='grc' dir='ltr'>μέρος,</span> <span class='ocrx_word' id='word_1_242' title='bbox 673 1853 791 1905; x_wconf 85' lang='grc' dir='ltr'>κατ’</span> <span class='ocrx_word' id='word_1_243' title='bbox 836 1852 1049 1917; x_wconf 72' lang='grc' dir='ltr'>αὐτοὺς,</span> <span class='ocrx_word' id='word_1_244' title='bbox 1083 1854 1189 1906; x_wconf 83' lang='grc' dir='ltr'><strong>ἀπὸ</strong></span> <span class='ocrx_word' id='word_1_245' title='bbox 1208 1854 1308 1923; x_wconf 85' lang='grc' dir='ltr'><strong>τῆς</strong></span> <span class='ocrx_word' id='word_1_246' title='bbox 1355 1855 1657 1926; x_wconf 81' lang='grc' dir='ltr'>γεννήσεως</span> <span class='ocrx_word' id='word_1_247' title='bbox 1705 1855 1799 1907; x_wconf 84' lang='grc' dir='ltr'>τοῦ</span> <span class='ocrx_word' id='word_1_248' title='bbox 1840 1857 2015 1908; x_wconf 86' lang='grc' dir='ltr'>Μονο-</span> 
     </span>
    </p>
   </div>
   <div class='ocr_carea' id='block_1_35' title="bbox 2130 1835 3700 1939">
    <p class='ocr_par' dir='ltr' id='par_1_35' title="bbox 2130 1864 3700 1939">
     <span class='ocr_line' id='line_1_35' title="bbox 2130 1864 3700 1939; baseline -0.001 -17"><span class='ocrx_word' id='word_1_249' title='bbox 2130 1869 2305 1939; x_wconf 86' lang='lat' dir='ltr'><strong>signa,</strong></span> <span class='ocrx_word' id='word_1_250' title='bbox 2339 1875 2596 1936; x_wconf 87' lang='lat' dir='ltr'><strong>tanquam</strong></span> <span class='ocrx_word' id='word_1_251' title='bbox 2621 1866 3032 1920; x_wconf 78' lang='lat' dir='ltr'><strong>extremitatum</strong></span> <span class='ocrx_word' id='word_1_252' title='bbox 3064 1865 3288 1927; x_wconf 89' lang='lat' dir='ltr'><strong>indicia,</strong></span> <span class='ocrx_word' id='word_1_253' title='bbox 3323 1864 3700 1935; x_wconf 80' lang='lat' dir='ltr'><strong>assignentur.</strong></span> 
     </span>
    </p>
   </div>
   <div class='ocr_carea' id='block_1_36' title="bbox 443 1943 2012 2017">
    <p class='ocr_par' dir='ltr' id='par_1_36' title="bbox 443 1943 2012 2017">
     <span class='ocr_line' id='line_1_36' title="bbox 443 1943 2012 2017; baseline 0.004 -23"><span class='ocrx_word' id='word_1_254' title='bbox 443 1943 631 2010; x_wconf 81' lang='grc' dir='ltr'>γενοῢς</span> <span class='ocrx_word' id='word_1_255' title='bbox 674 1945 772 2013; x_wconf 82' lang='grc' dir='ltr'><strong>τὴν</strong></span> <span class='ocrx_word' id='word_1_256' title='bbox 814 1944 985 2014; x_wconf 76' lang='grc' dir='ltr'>ἀρχὴν</span> <span class='ocrx_word' id='word_1_257' title='bbox 1034 1945 1166 2015; x_wconf 83' lang='grc' dir='ltr'>ἔχει,</span> <span class='ocrx_word' id='word_1_258' title='bbox 1212 1946 1353 1997; x_wconf 75' lang='grc' dir='ltr'>οὕτω</span> <span class='ocrx_word' id='word_1_259' title='bbox 1383 1947 1477 1998; x_wconf 75' lang='grc' dir='ltr'><strong>καὶ</strong></span> <span class='ocrx_word' id='word_1_260' title='bbox 1521 1947 1582 1998; x_wconf 84' lang='grc' dir='ltr'><strong>τὸ</strong></span> <span class='ocrx_word' id='word_1_261' title='bbox 1614 1947 1798 2016; x_wconf 73' lang='grc' dir='ltr'>ἕτερον</span> <span class='ocrx_word' id='word_1_262' title='bbox 1827 1948 2012 2017; x_wconf 81' lang='grc' dir='ltr'>ἄκρον,</span> 
     </span>
    </p>
   </div>
   <div class='ocr_carea' id='block_1_37' title="bbox 443 2021 2016 2108">
    <p class='ocr_par' dir='ltr' id='par_1_37' title="bbox 443 2021 2016 2108">
     <span class='ocr_line' id='line_1_37' title="bbox 443 2021 2016 2108; baseline 0.002 -21"><span class='ocrx_word' id='word_1_263' title='bbox 443 2036 612 2106; x_wconf 80' lang='grc' dir='ltr'>ἑτέρῳ</span> <span class='ocrx_word' id='word_1_264' title='bbox 638 2021 968 2105; x_wconf 79' lang='grc' dir='ltr'>τινὶ-πέρατι</span> <span class='ocrx_word' id='word_1_265' title='bbox 1008 2038 1224 2099; x_wconf 87' lang='grc' dir='ltr'>πάντως</span> <span class='ocrx_word' id='word_1_266' title='bbox 1255 2036 1631 2108; x_wconf 83' lang='grc' dir='ltr'>συναπολήξει,</span> <span class='ocrx_word' id='word_1_267' title='bbox 1741 2055 2016 2107; x_wconf 86' lang='grc' dir='ltr'>συναπαρ-</span> 
     </span>
    </p>
   </div>
   <div class='ocr_carea' id='block_1_38' title="bbox 442 2126 2017 2201">
    <p class='ocr_par' dir='ltr' id='par_1_38' title="bbox 442 2126 2017 2201">
     <span class='ocr_line' id='line_1_38' title="bbox 442 2126 2017 2201; baseline 0.002 -21"><span class='ocrx_word' id='word_1_268' title='bbox 442 2127 719 2198; x_wconf 77' lang='grc' dir='ltr'>τιζόμενον</span> <span class='ocrx_word' id='word_1_269' title='bbox 742 2129 803 2181; x_wconf 83' lang='grc' dir='ltr'><strong>τὸ</strong></span> <span class='ocrx_word' id='word_1_270' title='bbox 826 2129 1097 2200; x_wconf 80' lang='grc' dir='ltr'>διάστημα</span> <span class='ocrx_word' id='word_1_271' title='bbox 1127 2131 1285 2182; x_wconf 82' lang='grc' dir='ltr'>ἑαυτὸ</span> <span class='ocrx_word' id='word_1_272' title='bbox 1311 2131 1661 2201; x_wconf 79' lang='grc' dir='ltr'>περιγράφει.</span> <span class='ocrx_word' id='word_1_273' title='bbox 1691 2131 1754 2181; x_wconf 91' lang='grc' dir='ltr'><strong>Τί</strong></span> <span class='ocrx_word' id='word_1_274' title='bbox 1782 2126 1873 2183; x_wconf 79' lang='grc' dir='ltr'><strong>οὖν</strong></span> <span class='ocrx_word' id='word_1_275' title='bbox 1902 2132 2017 2183; x_wconf 75' lang='grc' dir='ltr'>ἐστι</span> 
     </span>
    </p>
   </div>
   <div class='ocr_carea' id='block_1_39' title="bbox 442 2220 2023 2292">
    <p class='ocr_par' dir='ltr' id='par_1_39' title="bbox 442 2220 2023 2292">
     <span class='ocr_line' id='line_1_39' title="bbox 442 2220 2023 2292; baseline 0.001 -20"><span class='ocrx_word' id='word_1_276' title='bbox 442 2220 597 2273; x_wconf 81' lang='grc' dir='ltr'>τοῦτο</span> <span class='ocrx_word' id='word_1_277' title='bbox 638 2221 699 2274; x_wconf 85' lang='grc' dir='ltr'><strong>τὸ</strong></span> <span class='ocrx_word' id='word_1_278' title='bbox 741 2222 931 2292; x_wconf 82' lang='grc' dir='ltr'>πέρας,</span> <span class='ocrx_word' id='word_1_279' title='bbox 974 2223 1124 2274; x_wconf 70' lang='grc' dir='ltr'>αὐτοὶ</span> <span class='ocrx_word' id='word_1_280' title='bbox 1150 2223 1493 2285; x_wconf 85' lang='grc' dir='ltr'>εἰπάτωσαν,</span> <span class='ocrx_word' id='word_1_281' title='bbox 1545 2221 1699 2291; x_wconf 80' lang='grc' dir='ltr'>εἴπερ</span> <span class='ocrx_word' id='word_1_282' title='bbox 1729 2225 1840 2284; x_wconf 88' lang='grc' dir='ltr'>τοῖς</span> <span class='ocrx_word' id='word_1_283' title='bbox 1875 2221 2023 2285; x_wconf 80' lang='grc' dir='ltr'>ἰδίοις</span> 
     </span>
    </p>
   </div>
   <div class='ocr_carea' id='block_1_40' title="bbox 442 2314 1492 2384">
    <p class='ocr_par' dir='ltr' id='par_1_40' title="bbox 442 2314 1492 2384">
     <span class='ocr_line' id='line_1_40' title="bbox 442 2314 1492 2384; baseline 0.002 -19"><span class='ocrx_word' id='word_1_284' title='bbox 442 2314 620 2381; x_wconf 87' lang='grc' dir='ltr'>λόγοις</span> <span class='ocrx_word' id='word_1_285' title='bbox 653 2314 959 2367; x_wconf 79' lang='grc' dir='ltr'>ἀκολουθεῖν</span> <span class='ocrx_word' id='word_1_286' title='bbox 989 2314 1088 2367; x_wconf 82' lang='grc' dir='ltr'><strong>οὐκ</strong></span> <span class='ocrx_word' id='word_1_287' title='bbox 1118 2314 1492 2384; x_wconf 84' lang='grc' dir='ltr'>αἰσχύνονται.</span> 
     </span>
    </p>
   </div>
   <div class='ocr_carea' id='block_1_41' title="bbox 2125 1956 3704 2027">
    <p class='ocr_par' dir='ltr' id='par_1_41' title="bbox 2125 1956 3704 2027">
     <span class='ocr_line' id='line_1_41' title="bbox 2125 1956 3704 2027; baseline -0.003 -13"><span class='ocrx_word' id='word_1_288' title='bbox 2125 1958 2593 2027; x_wconf 84' lang='lat' dir='ltr'><strong>Quemadmodum</strong></span> <span class='ocrx_word' id='word_1_289' title='bbox 2643 1958 2811 2027; x_wconf 83' lang='lat' dir='ltr'><strong>igitur</strong></span> <span class='ocrx_word' id='word_1_290' title='bbox 2838 1972 2905 2012; x_wconf 80' lang='lat' dir='ltr'><strong>ex</strong></span> <span class='ocrx_word' id='word_1_291' title='bbox 2939 1957 3158 2010; x_wconf 88' lang='lat' dir='ltr'><strong>illorum</strong></span> <span class='ocrx_word' id='word_1_292' title='bbox 3192 1956 3499 2021; x_wconf 87' lang='lat' dir='ltr'><strong>sententia,</strong></span> <span class='ocrx_word' id='word_1_293' title='bbox 3530 1956 3704 2010; x_wconf 77' lang='lat' dir='ltr'><strong>altera</strong></span> 
     </span>
    </p>
   </div>
   <div class='ocr_carea' id='block_1_42' title="bbox 2125 2046 3701 2123">
    <p class='ocr_par' dir='ltr' id='par_1_42' title="bbox 2125 2046 3701 2123">
     <span class='ocr_line' id='line_1_42' title="bbox 2125 2046 3701 2123; baseline -0.004 -16"><span class='ocrx_word' id='word_1_294' title='bbox 2125 2054 2345 2123; x_wconf 91' lang='lat' dir='ltr'><strong>quidem</strong></span> <span class='ocrx_word' id='word_1_295' title='bbox 2380 2067 2508 2122; x_wconf 92' lang='lat' dir='ltr'><strong>pars</strong></span> <span class='ocrx_word' id='word_1_296' title='bbox 2537 2050 2754 2105; x_wconf 86' lang='lat' dir='ltr'><strong>initium</strong></span> <span class='ocrx_word' id='word_1_297' title='bbox 2788 2048 2941 2104; x_wconf 90' lang='lat' dir='ltr'><strong>ducit</strong></span> <span class='ocrx_word' id='word_1_298' title='bbox 2974 2049 3045 2103; x_wconf 90' lang='lat' dir='ltr'><strong>ab</strong></span> <span class='ocrx_word' id='word_1_299' title='bbox 3079 2057 3202 2102; x_wconf 86' lang='lat' dir='ltr'><strong>ortu</strong></span> <span class='ocrx_word' id='word_1_300' title='bbox 3237 2048 3505 2118; x_wconf 88' lang='lat' dir='ltr'><strong>unigeniti</strong></span> <span class='ocrx_word' id='word_1_301' title='bbox 3539 2046 3701 2111; x_wconf 85' lang='lat' dir='ltr'><strong>Filii,</strong></span> 
     </span>
    </p>
   </div>
   <div class='ocr_carea' id='block_1_43' title="bbox 2127 2139 3705 2209">
    <p class='ocr_par' dir='ltr' id='par_1_43' title="bbox 2127 2139 3705 2209">
     <span class='ocr_line' id='line_1_43' title="bbox 2127 2139 3705 2209; baseline -0.003 -10"><span class='ocrx_word' id='word_1_302' title='bbox 2127 2147 2207 2200; x_wconf 90' lang='lat' dir='ltr'><strong>sic</strong></span> <span class='ocrx_word' id='word_1_303' title='bbox 2234 2154 2287 2199; x_wconf 88' lang='lat' dir='ltr'><strong>et</strong></span> <span class='ocrx_word' id='word_1_304' title='bbox 2316 2144 2540 2197; x_wconf 90' lang='lat' dir='ltr'><strong>alteram</strong></span> <span class='ocrx_word' id='word_1_305' title='bbox 2566 2140 2966 2197; x_wconf 78' lang='lat' dir='ltr'><strong>extremitatem</strong></span> <span class='ocrx_word' id='word_1_306' title='bbox 3001 2142 3172 2194; x_wconf 86' lang='lat' dir='ltr'><strong>altero</strong></span> <span class='ocrx_word' id='word_1_307' title='bbox 3202 2139 3440 2209; x_wconf 88' lang='lat' dir='ltr'><strong>quodam</strong></span> <span class='ocrx_word' id='word_1_308' title='bbox 3467 2140 3705 2195; x_wconf 88' lang='lat' dir='ltr'><strong>termino</strong></span> 
     </span>
    </p>
   </div>
   <div class='ocr_carea' id='block_1_44' title="bbox 2130 2231 3700 2302">
    <p class='ocr_par' dir='ltr' id='par_1_44' title="bbox 2130 2231 3700 2302">
     <span class='ocr_line' id='line_1_44' title="bbox 2130 2231 3700 2302; baseline -0.003 -13"><span class='ocrx_word' id='word_1_309' title='bbox 2130 2236 2275 2290; x_wconf 91' lang='lat' dir='ltr'><strong>ﬁniri</strong></span> <span class='ocrx_word' id='word_1_310' title='bbox 2311 2248 2536 2297; x_wconf 82' lang='lat' dir='ltr'><strong>necesse</strong></span> <span class='ocrx_word' id='word_1_311' title='bbox 2564 2240 2681 2296; x_wconf 89' lang='lat' dir='ltr'><strong>est,</strong></span> <span class='ocrx_word' id='word_1_312' title='bbox 2715 2248 2778 2287; x_wconf 80' lang='lat' dir='ltr'><strong>ex</strong></span> <span class='ocrx_word' id='word_1_313' title='bbox 2816 2248 2926 2302; x_wconf 92' lang='lat' dir='ltr'><strong>quo</strong></span> <span class='ocrx_word' id='word_1_314' title='bbox 2957 2231 3308 2286; x_wconf 83' lang='lat' dir='ltr'><strong>intervallum</strong></span> <span class='ocrx_word' id='word_1_315' title='bbox 3341 2231 3478 2284; x_wconf 88' lang='lat' dir='ltr'><strong>illud</strong></span> <span class='ocrx_word' id='word_1_316' title='bbox 3507 2247 3700 2286; x_wconf 88' lang='lat' dir='ltr'><strong>verum</strong></span> 
     </span>
    </p>
   </div>
   <div class='ocr_carea' id='block_1_45' title="bbox 2121 2323 3708 2399">
    <p class='ocr_par' dir='ltr' id='par_1_45' title="bbox 2121 2323 3708 2399">
     <span class='ocr_line' id='line_1_45' title="bbox 2121 2323 3708 2399; baseline -0.002 -16"><span class='ocrx_word' id='word_1_317' title='bbox 2121 2338 2412 2399; x_wconf 86' lang='lat' dir='ltr'><strong>aptumque</strong></span> <span class='ocrx_word' id='word_1_318' title='bbox 2431 2326 2506 2379; x_wconf 85' lang='lat' dir='ltr'><strong>sei</strong></span> <span class='ocrx_word' id='word_1_319' title='bbox 2513 2340 2669 2396; x_wconf 91' lang='lat' dir='ltr'><strong>psum</strong></span> <span class='ocrx_word' id='word_1_320' title='bbox 2694 2324 2946 2379; x_wconf 85' lang='lat' dir='ltr'><strong>deﬁnitet</strong></span> <span class='ocrx_word' id='word_1_321' title='bbox 2960 2323 3536 2395; x_wconf 64' lang='lat' dir='ltr'><strong>circumscribitErgo</strong></span> <span class='ocrx_word' id='word_1_322' title='bbox 3553 2325 3708 2394; x_wconf 82' lang='lat' dir='ltr'><strong>quis-</strong></span> 
     </span>
    </p>
   </div>
   <div class='ocr_carea' id='block_1_46' title="bbox 444 2415 3705 2496">
    <p class='ocr_par' dir='ltr' id='par_1_46' title="bbox 444 2415 3705 2496">
     <span class='ocr_line' id='line_1_46' title="bbox 444 2415 3705 2496; baseline -0.002 -17"><span class='ocrx_word' id='word_1_323' title='bbox 444 2442 568 2480; x_wconf 85' lang='lat' dir='ltr'><strong>nam</strong></span> <span class='ocrx_word' id='word_1_324' title='bbox 611 2428 713 2481; x_wconf 90' lang='lat' dir='ltr'><strong>iste</strong></span> <span class='ocrx_word' id='word_1_325' title='bbox 752 2426 823 2479; x_wconf 88' lang='lat' dir='ltr'><strong>sit</strong></span> <span class='ocrx_word' id='word_1_326' title='bbox 858 2426 1143 2491; x_wconf 88' lang='lat' dir='ltr'><strong>terminus,</strong></span> <span class='ocrx_word' id='word_1_327' title='bbox 1179 2426 1397 2495; x_wconf 90' lang='lat' dir='ltr'><strong>ipsimet</strong></span> <span class='ocrx_word' id='word_1_328' title='bbox 1427 2435 1721 2496; x_wconf 78' lang='lat' dir='ltr'><strong>exponant,</strong></span> <span class='ocrx_word' id='word_1_329' title='bbox 1758 2423 2024 2493; x_wconf 88' lang='lat' dir='ltr'><strong>siquidem</strong></span> <span class='ocrx_word' id='word_1_330' title='bbox 2047 2421 2323 2493; x_wconf 88' lang='lat' dir='ltr'><strong>propriam</strong></span> <span class='ocrx_word' id='word_1_331' title='bbox 2355 2433 2510 2472; x_wconf 90' lang='lat' dir='ltr'><strong>suam</strong></span> <span class='ocrx_word' id='word_1_332' title='bbox 2560 2415 2869 2470; x_wconf 86' lang='lat' dir='ltr'><strong>doctrinam</strong></span> <span class='ocrx_word' id='word_1_333' title='bbox 2896 2415 3141 2484; x_wconf 87' lang='lat' dir='ltr'><strong>proﬁteri</strong></span> <span class='ocrx_word' id='word_1_334' title='bbox 3180 2431 3291 2469; x_wconf 89' lang='lat' dir='ltr'><strong>non</strong></span> <span class='ocrx_word' id='word_1_335' title='bbox 3346 2416 3705 2473; x_wconf 86' lang='lat' dir='ltr'><strong>erubescunt.</strong></span> 
     </span>
    </p>
   </div>
   <div class='ocr_carea' id='block_1_47' title="bbox 525 2514 2016 2587">
    <p class='ocr_par' dir='ltr' id='par_1_47' title="bbox 525 2514 2016 2587">
     <span class='ocr_line' id='line_1_47' title="bbox 525 2514 2016 2587; baseline -0.003 -19"><span class='ocrx_word' id='word_1_336' title='bbox 525 2515 661 2568; x_wconf 82' lang='grc' dir='ltr'>Ἀλλ’</span> <span class='ocrx_word' id='word_1_337' title='bbox 686 2516 936 2585; x_wconf 82' lang='grc' dir='ltr'>οὐδεμίαν</span> <span class='ocrx_word' id='word_1_338' title='bbox 968 2517 1291 2587; x_wconf 73' lang='grc' dir='ltr'>ἀμφιϐολίαν</span> <span class='ocrx_word' id='word_1_339' title='bbox 1323 2518 1351 2566; x_wconf 88' lang='grc' dir='ltr'>ὁ</span> <span class='ocrx_word' id='word_1_340' title='bbox 1384 2515 1537 2584; x_wconf 85' lang='grc' dir='ltr'>λόγος</span> <span class='ocrx_word' id='word_1_341' title='bbox 1568 2516 1700 2585; x_wconf 71' lang='grc' dir='ltr'>ἔχει.</span> <span class='ocrx_word' id='word_1_342' title='bbox 1735 2516 1857 2568; x_wconf 83' lang='grc' dir='ltr'>’Ὁτι</span> <span class='ocrx_word' id='word_1_343' title='bbox 1895 2514 2016 2566; x_wconf 79' lang='grc' dir='ltr'>οὐδὲ</span> 
     </span>
    </p>
   </div>
   <div class='ocr_carea' id='block_1_48' title="bbox 444 2606 2014 2679">
    <p class='ocr_par' dir='ltr' id='par_1_48' title="bbox 444 2606 2014 2679">
     <span class='ocr_line' id='line_1_48' title="bbox 444 2606 2014 2679; baseline -0.002 -19"><span class='ocrx_word' id='word_1_344' title='bbox 444 2608 732 2678; x_wconf 84' lang='grc' dir='ltr'>εὑρήσουσι</span> <span class='ocrx_word' id='word_1_345' title='bbox 758 2608 816 2660; x_wconf 80' lang='grc' dir='ltr'><strong>τὸ</strong></span> <span class='ocrx_word' id='word_1_346' title='bbox 860 2609 1044 2679; x_wconf 72' lang='grc' dir='ltr'>ἕτερον</span> <span class='ocrx_word' id='word_1_347' title='bbox 1077 2608 1260 2678; x_wconf 83' lang='grc' dir='ltr'>μέρος,</span> <span class='ocrx_word' id='word_1_348' title='bbox 1292 2609 1382 2659; x_wconf 76' lang='grc' dir='ltr'>ἐπὶ</span> <span class='ocrx_word' id='word_1_349' title='bbox 1407 2608 1469 2658; x_wconf 81' lang='grc' dir='ltr'><strong>τὸ</strong></span> <span class='ocrx_word' id='word_1_350' title='bbox 1511 2608 1697 2679; x_wconf 75' lang='grc' dir='ltr'>ἕτερον</span> <span class='ocrx_word' id='word_1_351' title='bbox 1728 2606 1890 2677; x_wconf 84' lang='grc' dir='ltr'>μέρος</span> <span class='ocrx_word' id='word_1_352' title='bbox 1920 2606 2014 2657; x_wconf 77' lang='grc' dir='ltr'><strong>τοῦ</strong></span> 
     </span>
    </p>
   </div>
   <div class='ocr_carea' id='block_1_49' title="bbox 444 2699 2015 2769">
    <p class='ocr_par' dir='ltr' id='par_1_49' title="bbox 444 2699 2015 2769">
     <span class='ocr_line' id='line_1_49' title="bbox 444 2699 2015 2769; baseline -0.001 -18"><span class='ocrx_word' id='word_1_353' title='bbox 444 2700 875 2763; x_wconf 85' lang='grc' dir='ltr'>ἀναπλασθέντος</span> <span class='ocrx_word' id='word_1_354' title='bbox 905 2702 1032 2769; x_wconf 88' lang='grc' dir='ltr'>παρ’</span> <span class='ocrx_word' id='word_1_355' title='bbox 1073 2699 1249 2751; x_wconf 82' lang='grc' dir='ltr'>αὑτῶν</span> <span class='ocrx_word' id='word_1_356' title='bbox 1277 2700 1662 2768; x_wconf 75' lang='grc' dir='ltr'>διαστήματος,</span> <span class='ocrx_word' id='word_1_357' title='bbox 1707 2701 1756 2750; x_wconf 88' lang='grc' dir='ltr'><strong>εί</strong></span> <span class='ocrx_word' id='word_1_358' title='bbox 1793 2699 1865 2767; x_wconf 90' lang='grc' dir='ltr'><strong>μή</strong></span> <span class='ocrx_word' id='word_1_359' title='bbox 1896 2714 2015 2757; x_wconf 82' lang='grc' dir='ltr'>τινα</span> 
     </span>
    </p>
   </div>
   <div class='ocr_carea' id='block_1_50' title="bbox 446 2783 2017 2860">
    <p class='ocr_par' dir='ltr' id='par_1_50' title="bbox 446 2783 2017 2860">
     <span class='ocr_line' id='line_1_50' title="bbox 446 2783 2017 2860; baseline -0.001 -19"><span class='ocrx_word' id='word_1_360' title='bbox 446 2791 661 2853; x_wconf 81' lang='grc' dir='ltr'>πάντως</span> <span class='ocrx_word' id='word_1_361' title='bbox 707 2791 878 2860; x_wconf 80' lang='grc' dir='ltr'>ἀρχὴν</span> <span class='ocrx_word' id='word_1_362' title='bbox 912 2790 1192 2843; x_wconf 86' lang='grc' dir='ltr'>ὑπόθοιντο</span> <span class='ocrx_word' id='word_1_363' title='bbox 1220 2790 1314 2842; x_wconf 79' lang='grc' dir='ltr'>τοῦ</span> <span class='ocrx_word' id='word_1_364' title='bbox 1359 2790 1673 2859; x_wconf 83' lang='grc' dir='ltr'>ἀγεννήτου,</span> <span class='ocrx_word' id='word_1_365' title='bbox 1722 2790 1812 2857; x_wconf 82' lang='grc' dir='ltr'><strong>ἀφ’</strong></span> <span class='ocrx_word' id='word_1_366' title='bbox 1857 2783 1923 2859; x_wconf 78' lang='grc' dir='ltr'>ἧς</span> <span class='ocrx_word' id='word_1_367' title='bbox 1958 2788 2017 2840; x_wconf 78' lang='grc' dir='ltr'><strong>τὸ</strong></span> 
     </span>
    </p>
   </div>
   <div class='ocr_carea' id='block_1_51' title="bbox 450 2880 2019 2952">
    <p class='ocr_par' dir='ltr' id='par_1_51' title="bbox 450 2880 2019 2952">
     <span class='ocr_line' id='line_1_51' title="bbox 450 2880 2019 2952; baseline -0.001 -18"><span class='ocrx_word' id='word_1_368' title='bbox 450 2882 614 2949; x_wconf 89' lang='grc' dir='ltr'>μέσον</span> <span class='ocrx_word' id='word_1_369' title='bbox 642 2882 716 2945; x_wconf 84' lang='grc' dir='ltr'>ῶς</span> <span class='ocrx_word' id='word_1_370' title='bbox 748 2883 881 2950; x_wconf 74' lang='grc' dir='ltr'>πρὸς</span> <span class='ocrx_word' id='word_1_371' title='bbox 925 2881 1022 2952; x_wconf 85' lang='grc' dir='ltr'>τὴν</span> <span class='ocrx_word' id='word_1_372' title='bbox 1051 2881 1143 2934; x_wconf 78' lang='grc' dir='ltr'><strong>τοῦ</strong></span> <span class='ocrx_word' id='word_1_373' title='bbox 1174 2881 1304 2933; x_wconf 81' lang='grc' dir='ltr'>Υἱοῦ</span> <span class='ocrx_word' id='word_1_374' title='bbox 1332 2881 1582 2951; x_wconf 83' lang='grc' dir='ltr'>γέννησιν</span> <span class='ocrx_word' id='word_1_375' title='bbox 1614 2880 1691 2951; x_wconf 81' lang='grc' dir='ltr'>τῷ</span> <span class='ocrx_word' id='word_1_376' title='bbox 1737 2880 1881 2951; x_wconf 86' lang='grc' dir='ltr'>λόγῳ</span> <span class='ocrx_word' id='word_1_377' title='bbox 1905 2881 2019 2933; x_wconf 90' lang='grc' dir='ltr'>δια-</span> 
     </span>
    </p>
   </div>
   <div class='ocr_carea' id='block_1_52' title="bbox 446 2969 2019 3043">
    <p class='ocr_par' dir='ltr' id='par_1_52' title="bbox 446 2969 2019 3043">
     <span class='ocr_line' id='line_1_52' title="bbox 446 2969 2019 3043; baseline 0 -20"><span class='ocrx_word' id='word_1_378' title='bbox 446 2972 798 3043; x_wconf 77' lang='grc' dir='ltr'>λαμϐάνουσι.</span> <span class='ocrx_word' id='word_1_379' title='bbox 832 2972 1002 3025; x_wconf 77' lang='grc' dir='ltr'>Τοῦτο</span> <span class='ocrx_word' id='word_1_380' title='bbox 1032 2969 1123 3025; x_wconf 78' lang='grc' dir='ltr'>οὖν</span> <span class='ocrx_word' id='word_1_381' title='bbox 1152 2974 1297 3025; x_wconf 79' lang='grc' dir='ltr'>ἐστιν</span> <span class='ocrx_word' id='word_1_382' title='bbox 1324 2972 1351 3024; x_wconf 82' lang='grc' dir='ltr'><strong>ὃ</strong></span> <span class='ocrx_word' id='word_1_383' title='bbox 1374 2972 1601 3043; x_wconf 90' lang='grc' dir='ltr'>λέγομεν</span> <span class='ocrx_word' id='word_1_384' title='bbox 1622 3011 1636 3035; x_wconf 93' lang='grc'><strong>,</strong></span> <span class='ocrx_word' id='word_1_385' title='bbox 1687 2972 1768 3025; x_wconf 86' lang='grc' dir='ltr'><strong>ὅτι</strong></span> <span class='ocrx_word' id='word_1_386' title='bbox 1799 2974 1827 3024; x_wconf 89' lang='grc' dir='ltr'><strong>ό</strong></span> <span class='ocrx_word' id='word_1_387' title='bbox 1861 2990 2019 3041; x_wconf 87' lang='grc' dir='ltr'>μετα-</span> 
     </span>
    </p>
   </div>
   <div class='ocr_carea' id='block_1_53' title="bbox 448 3062 2014 3134">
    <p class='ocr_par' dir='ltr' id='par_1_53' title="bbox 448 3062 2014 3134">
     <span class='ocr_line' id='line_1_53' title="bbox 448 3062 2014 3134; baseline -0.001 -18"><span class='ocrx_word' id='word_1_388' title='bbox 448 3063 759 3133; x_wconf 85' lang='grc' dir='ltr'>γενέστερον</span> <span class='ocrx_word' id='word_1_389' title='bbox 780 3063 867 3115; x_wconf 79' lang='grc' dir='ltr'><strong>τὸν</strong></span> <span class='ocrx_word' id='word_1_390' title='bbox 890 3064 1038 3125; x_wconf 81' lang='grc' dir='ltr'>Υἱὸν,</span> <span class='ocrx_word' id='word_1_391' title='bbox 1063 3062 1117 3115; x_wconf 78' lang='grc' dir='ltr'><strong>ἕν</strong></span> <span class='ocrx_word' id='word_1_392' title='bbox 1137 3081 1241 3115; x_wconf 86' lang='grc' dir='ltr'>τινι</span> <span class='ocrx_word' id='word_1_393' title='bbox 1265 3063 1660 3134; x_wconf 82' lang='grc' dir='ltr'>διαστηματικῇ</span> <span class='ocrx_word' id='word_1_394' title='bbox 1687 3081 1763 3115; x_wconf 88' lang='grc' dir='ltr'><strong>πα</strong></span> <span class='ocrx_word' id='word_1_395' title='bbox 1773 3064 2014 3134; x_wconf 84' lang='grc' dir='ltr'>ρατάσει,</span> 
     </span>
    </p>
   </div>
   <div class='ocr_carea' id='block_1_54' title="bbox 448 3154 2022 3227">
    <p class='ocr_par' dir='ltr' id='par_1_54' title="bbox 448 3154 2022 3227">
     <span class='ocr_line' id='line_1_54' title="bbox 448 3154 2022 3227; baseline -0.002 -17"><span class='ocrx_word' id='word_1_396' title='bbox 448 3155 544 3225; x_wconf 81' lang='grc' dir='ltr'><strong>τῆς</strong></span> <span class='ocrx_word' id='word_1_397' title='bbox 570 3155 661 3209; x_wconf 81' lang='grc' dir='ltr'>τοῦ</span> <span class='ocrx_word' id='word_1_398' title='bbox 689 3157 899 3227; x_wconf 73' lang='grc' dir='ltr'>[ἰατρὸς</span> <span class='ocrx_word' id='word_1_399' title='bbox 923 3155 1065 3225; x_wconf 79' lang='grc' dir='ltr'>ζωῆς</span> <span class='ocrx_word' id='word_1_400' title='bbox 1090 3155 1281 3223; x_wconf 88' lang='grc' dir='ltr'>λέγων,</span> <span class='ocrx_word' id='word_1_401' title='bbox 1311 3155 1619 3227; x_wconf 84' lang='grc' dir='ltr'>ὡρισμένην</span> <span class='ocrx_word' id='word_1_402' title='bbox 1647 3154 1805 3208; x_wconf 82' lang='grc' dir='ltr'>δώσει</span> <span class='ocrx_word' id='word_1_403' title='bbox 1828 3156 1922 3208; x_wconf 75' lang='grc' dir='ltr'><strong>καὶ</strong></span> <span class='ocrx_word' id='word_1_404' title='bbox 1946 3156 2022 3225; x_wconf 80' lang='grc' dir='ltr'><strong>τῷ</strong></span> 
     </span>
    </p>
   </div>
   <div class='ocr_carea' id='block_1_55' title="bbox 450 3247 2026 3320">
    <p class='ocr_par' dir='ltr' id='par_1_55' title="bbox 450 3247 2026 3320">
     <span class='ocr_line' id='line_1_55' title="bbox 450 3247 2026 3320; baseline -0.001 -19"><span class='ocrx_word' id='word_1_405' title='bbox 450 3248 625 3320; x_wconf 82' lang='grc' dir='ltr'>Πατρὶ</span> <span class='ocrx_word' id='word_1_406' title='bbox 648 3249 745 3319; x_wconf 85' lang='grc' dir='ltr'><strong>τὴν</strong></span> <span class='ocrx_word' id='word_1_407' title='bbox 772 3250 943 3319; x_wconf 74' lang='grc' dir='ltr'>ἀρχὴν</span> <span class='ocrx_word' id='word_1_408' title='bbox 970 3251 1067 3319; x_wconf 83' lang='grc' dir='ltr'><strong>τῆς</strong></span> <span class='ocrx_word' id='word_1_409' title='bbox 1091 3248 1395 3319; x_wconf 79' lang='grc' dir='ltr'>ὑπάρξεως,</span> <span class='ocrx_word' id='word_1_410' title='bbox 1427 3248 1504 3318; x_wconf 80' lang='grc' dir='ltr'>τῷ</span> <span class='ocrx_word' id='word_1_411' title='bbox 1530 3248 1864 3318; x_wconf 86' lang='grc' dir='ltr'>ὲπινοηθέντι</span> <span class='ocrx_word' id='word_1_412' title='bbox 1886 3247 2026 3301; x_wconf 82' lang='grc' dir='ltr'><strong>κατά</strong></span> 
     </span>
    </p>
   </div>
   <div class='ocr_carea' id='block_1_56' title="bbox 448 3338 2028 3409">
    <p class='ocr_par' dir='ltr' id='par_1_56' title="bbox 448 3338 2028 3409">
     <span class='ocr_line' id='line_1_56' title="bbox 448 3338 2028 3409; baseline 0.001 -19"><span class='ocrx_word' id='word_1_413' title='bbox 448 3338 511 3391; x_wconf 75' lang='grc' dir='ltr'><strong>τὸ</strong></span> <span class='ocrx_word' id='word_1_414' title='bbox 534 3338 695 3407; x_wconf 88' lang='grc' dir='ltr'>μέσον</span> <span class='ocrx_word' id='word_1_415' title='bbox 716 3339 1041 3408; x_wconf 86' lang='grc' dir='ltr'>διαστήματι</span> <span class='ocrx_word' id='word_1_416' title='bbox 1067 3356 1128 3391; x_wconf 93' lang='grc' dir='ltr'><strong>συ</strong></span> <span class='ocrx_word' id='word_1_417' title='bbox 1137 3339 1657 3409; x_wconf 77' lang='grc' dir='ltr'>μπεριγραφομένην</span> <span class='ocrx_word' id='word_1_418' title='bbox 1682 3356 1696 3369; x_wconf 74' lang='grc'><em>’</em></span> <span class='ocrx_word' id='word_1_419' title='bbox 1734 3340 1829 3392; x_wconf 76' lang='grc' dir='ltr'><strong>καὶ</strong></span> <span class='ocrx_word' id='word_1_420' title='bbox 1857 3338 2028 3403; x_wconf 80' lang='grc' dir='ltr'>οὕτως</span> 
     </span>
    </p>
   </div>
   <div class='ocr_carea' id='block_1_57' title="bbox 451 3430 2030 3501">
    <p class='ocr_par' dir='ltr' id='par_1_57' title="bbox 451 3430 2030 3501">
     <span class='ocr_line' id='line_1_57' title="bbox 451 3430 2030 3501; baseline 0 -19"><span class='ocrx_word' id='word_1_421' title='bbox 451 3430 631 3492; x_wconf 77' lang='grc' dir='ltr'>αὐτοῖς</span> <span class='ocrx_word' id='word_1_422' title='bbox 652 3430 1002 3499; x_wconf 78' lang='grc' dir='ltr'>εὑρεθήσεται</span> <span class='ocrx_word' id='word_1_423' title='bbox 1022 3431 1054 3498; x_wconf 86' lang='grc' dir='ltr'><strong>ή</strong></span> <span class='ocrx_word' id='word_1_424' title='bbox 1076 3430 1505 3501; x_wconf 83' lang='grc' dir='ltr'>πολυθρύλλητος</span> <span class='ocrx_word' id='word_1_425' title='bbox 1520 3430 1613 3484; x_wconf 82' lang='grc' dir='ltr'>τοῦ</span> <span class='ocrx_word' id='word_1_426' title='bbox 1636 3431 1843 3501; x_wconf 71' lang='grc' dir='ltr'>Πατρός</span> <span class='ocrx_word' id='word_1_427' title='bbox 1870 3432 2030 3499; x_wconf 84' lang='grc' dir='ltr'>ἀγεν-</span> 
     </span>
    </p>
   </div>
   <div class='ocr_carea' id='block_1_58' title="bbox 451 3520 2030 3592">
    <p class='ocr_par' dir='ltr' id='par_1_58' title="bbox 451 3520 2030 3592">
     <span class='ocr_line' id='line_1_58' title="bbox 451 3520 2030 3592; baseline 0.001 -19"><span class='ocrx_word' id='word_1_428' title='bbox 451 3520 611 3591; x_wconf 84' lang='grc' dir='ltr'>νησία</span> <span class='ocrx_word' id='word_1_429' title='bbox 651 3520 738 3573; x_wconf 84' lang='grc' dir='ltr'><strong>διὰ</strong></span> <span class='ocrx_word' id='word_1_430' title='bbox 771 3521 868 3588; x_wconf 85' lang='grc' dir='ltr'><strong>τῆς</strong></span> <span class='ocrx_word' id='word_1_431' title='bbox 896 3521 1148 3591; x_wconf 77' lang='grc' dir='ltr'>τοιαύτης</span> <span class='ocrx_word' id='word_1_432' title='bbox 1195 3524 1537 3592; x_wconf 89' lang='grc' dir='ltr'>κατασκευῆς</span> <span class='ocrx_word' id='word_1_433' title='bbox 1589 3523 1679 3575; x_wconf 88' lang='grc' dir='ltr'>ὑπ’</span> <span class='ocrx_word' id='word_1_434' title='bbox 1713 3523 1890 3576; x_wconf 84' lang='grc' dir='ltr'>αὐτῶν</span> <span class='ocrx_word' id='word_1_435' title='bbox 1921 3523 2030 3575; x_wconf 84' lang='grc' dir='ltr'>τῶν</span> 
     </span>
    </p>
   </div>
   <div class='ocr_carea' id='block_1_59' title="bbox 452 3612 2030 3683">
    <p class='ocr_par' dir='ltr' id='par_1_59' title="bbox 452 3612 2030 3683">
     <span class='ocr_line' id='line_1_59' title="bbox 452 3612 2030 3683; baseline 0.001 -19"><span class='ocrx_word' id='word_1_436' title='bbox 452 3612 752 3683; x_wconf 83' lang='grc' dir='ltr'>προμάχων</span> <span class='ocrx_word' id='word_1_437' title='bbox 790 3616 887 3682; x_wconf 80' lang='grc' dir='ltr'><strong>τῆς</strong></span> <span class='ocrx_word' id='word_1_438' title='bbox 916 3613 1237 3683; x_wconf 88' lang='grc' dir='ltr'>ἀγεννησίας</span> <span class='ocrx_word' id='word_1_439' title='bbox 1275 3613 1701 3683; x_wconf 79' lang='grc' dir='ltr'>ὲγκλεπτομένη,</span> <span class='ocrx_word' id='word_1_440' title='bbox 1742 3613 1831 3667; x_wconf 78' lang='grc' dir='ltr'><strong>τὸν</strong></span> <span class='ocrx_word' id='word_1_441' title='bbox 1869 3613 2030 3681; x_wconf 85' lang='grc' dir='ltr'>ἀγέν-</span> 
     </span>
    </p>
   </div>
   <div class='ocr_carea' id='block_1_60' title="bbox 452 3700 2030 3775">
    <p class='ocr_par' dir='ltr' id='par_1_60' title="bbox 452 3700 2030 3775">
     <span class='ocr_line' id='line_1_60' title="bbox 452 3700 2030 3775; baseline 0 -19"><span class='ocrx_word' id='word_1_442' title='bbox 452 3721 609 3773; x_wconf 86' lang='grc' dir='ltr'>νητον</span> <span class='ocrx_word' id='word_1_443' title='bbox 630 3703 761 3757; x_wconf 85' lang='grc' dir='ltr'>Θεὸν</span> <span class='ocrx_word' id='word_1_444' title='bbox 790 3704 863 3774; x_wconf 82' lang='grc' dir='ltr'><strong>μὴ</strong></span> <span class='ocrx_word' id='word_1_445' title='bbox 891 3704 976 3756; x_wconf 73' lang='grc' dir='ltr'><strong>ἀεὶ</strong></span> <span class='ocrx_word' id='word_1_446' title='bbox 1002 3700 1138 3756; x_wconf 83' lang='grc' dir='ltr'>εἶναι</span> <span class='ocrx_word' id='word_1_447' title='bbox 1170 3703 1367 3772; x_wconf 88' lang='grc' dir='ltr'>λέγειν,</span> <span class='ocrx_word' id='word_1_448' title='bbox 1398 3704 1512 3757; x_wconf 81' lang='grc' dir='ltr'>ἀλλ’</span> <span class='ocrx_word' id='word_1_449' title='bbox 1534 3704 1642 3756; x_wconf 86' lang='grc' dir='ltr'><strong>ἀπό</strong></span> <span class='ocrx_word' id='word_1_450' title='bbox 1668 3720 1810 3767; x_wconf 73' lang='grc' dir='ltr'>τινος</span> <span class='ocrx_word' id='word_1_451' title='bbox 1856 3706 2030 3775; x_wconf 85' lang='grc' dir='ltr'>ἀρχῆς</span> 
     </span>
    </p>
   </div>
   <div class='ocr_carea' id='block_1_61' title="bbox 452 3789 2030 3863">
    <p class='ocr_par' dir='ltr' id='par_1_61' title="bbox 452 3789 2030 3863">
     <span class='ocr_line' id='line_1_61' title="bbox 452 3789 2030 3863; baseline 0.001 -19"><span class='ocrx_word' id='word_1_452' title='bbox 452 3792 546 3845; x_wconf 83' lang='grc' dir='ltr'><strong>τοῦ</strong></span> <span class='ocrx_word' id='word_1_453' title='bbox 566 3789 703 3846; x_wconf 78' lang='grc' dir='ltr'>εἶναι</span> <span class='ocrx_word' id='word_1_454' title='bbox 729 3792 827 3863; x_wconf 82' lang='grc' dir='ltr'><strong>τὴν</strong></span> <span class='ocrx_word' id='word_1_455' title='bbox 860 3793 1029 3863; x_wconf 77' lang='grc' dir='ltr'>ἀρχὴν</span> <span class='ocrx_word' id='word_1_456' title='bbox 1060 3794 1350 3863; x_wconf 80' lang='grc' dir='ltr'>ἐσχηκέναι</span> <span class='ocrx_word' id='word_1_457' title='bbox 1378 3791 1807 3857; x_wconf 80' lang='grc' dir='ltr'>κατασκευάζειν</span> <span class='ocrx_word' id='word_1_458' title='bbox 1827 3810 1840 3823; x_wconf 91' lang='grc'><strong>·</strong></span> <span class='ocrx_word' id='word_1_459' title='bbox 1875 3796 1902 3846; x_wconf 90' lang='grc' dir='ltr'>ὁ</span> <span class='ocrx_word' id='word_1_460' title='bbox 1922 3792 2030 3863; x_wconf 84' lang='grc' dir='ltr'>γὰρ</span> 
     </span>
    </p>
   </div>
   <div class='ocr_carea' id='block_1_62' title="bbox 454 3880 2031 3957">
    <p class='ocr_par' dir='ltr' id='par_1_62' title="bbox 454 3880 2031 3957">
     <span class='ocr_line' id='line_1_62' title="bbox 454 3880 2031 3957; baseline 0.001 -20"><span class='ocrx_word' id='word_1_461' title='bbox 454 3884 627 3954; x_wconf 83' lang='grc' dir='ltr'>ἀρχὴν</span> <span class='ocrx_word' id='word_1_462' title='bbox 656 3883 749 3937; x_wconf 80' lang='grc' dir='ltr'>τοῦ</span> <span class='ocrx_word' id='word_1_463' title='bbox 776 3880 908 3936; x_wconf 80' lang='grc' dir='ltr'>εἶναι</span> <span class='ocrx_word' id='word_1_464' title='bbox 938 3885 1073 3953; x_wconf 74' lang='grc' dir='ltr'>ἔχων</span> <span class='ocrx_word' id='word_1_465' title='bbox 1128 3885 1361 3957; x_wconf 82' lang='grc' dir='ltr'>ἄναρχος</span> <span class='ocrx_word' id='word_1_466' title='bbox 1382 3885 1481 3937; x_wconf 83' lang='grc' dir='ltr'><strong>οὐκ</strong></span> <span class='ocrx_word' id='word_1_467' title='bbox 1506 3884 1673 3939; x_wconf 77' lang='grc' dir='ltr'>ἔστιν.</span> <span class='ocrx_word' id='word_1_468' title='bbox 1710 3887 1771 3939; x_wconf 86' lang='grc' dir='ltr'><strong>Εἰ</strong></span> <span class='ocrx_word' id='word_1_469' title='bbox 1790 3886 1846 3938; x_wconf 83' lang='grc' dir='ltr'><strong>δὲ</strong></span> <span class='ocrx_word' id='word_1_470' title='bbox 1870 3887 2031 3939; x_wconf 81' lang='grc' dir='ltr'>παντὶ</span> 
     </span>
    </p>
   </div>
   <div class='ocr_carea' id='block_1_63' title="bbox 454 3976 2029 4049">
    <p class='ocr_par' dir='ltr' id='par_1_63' title="bbox 454 3976 2029 4049">
     <span class='ocr_line' id='line_1_63' title="bbox 454 3976 2029 4049; baseline 0.002 -21"><span class='ocrx_word' id='word_1_471' title='bbox 454 3977 640 4047; x_wconf 83' lang='grc' dir='ltr'>τρόπῳ</span> <span class='ocrx_word' id='word_1_472' title='bbox 659 3977 720 4029; x_wconf 84' lang='grc' dir='ltr'>τὺ</span> <span class='ocrx_word' id='word_1_473' title='bbox 744 3977 971 4047; x_wconf 80' lang='grc' dir='ltr'>ἄναρχον</span> <span class='ocrx_word' id='word_1_474' title='bbox 995 3976 1087 4029; x_wconf 81' lang='grc' dir='ltr'>τοῦ</span> <span class='ocrx_word' id='word_1_475' title='bbox 1112 3978 1321 4048; x_wconf 84' lang='grc' dir='ltr'>Πατρὸς</span> <span class='ocrx_word' id='word_1_476' title='bbox 1345 3977 1722 4045; x_wconf 80' lang='grc' dir='ltr'>ὁμολογεῖσθαι</span> <span class='ocrx_word' id='word_1_477' title='bbox 1743 3980 2029 4049; x_wconf 82' lang='grc' dir='ltr'>προσήκει,</span> 
     </span>
    </p>
   </div>
   <div class='ocr_carea' id='block_1_64' title="bbox 463 4066 2036 4140">
    <p class='ocr_par' dir='ltr' id='par_1_64' title="bbox 463 4066 2036 4140">
     <span class='ocr_line' id='line_1_64' title="bbox 463 4066 2036 4140; baseline 0.002 -21"><span class='ocrx_word' id='word_1_478' title='bbox 463 4068 595 4138; x_wconf 84' lang='grc' dir='ltr'>μηδὲ</span> <span class='ocrx_word' id='word_1_479' title='bbox 616 4068 715 4137; x_wconf 86' lang='grc' dir='ltr'><strong>τῆς</strong></span> <span class='ocrx_word' id='word_1_480' title='bbox 741 4067 835 4120; x_wconf 70' lang='grc' dir='ltr'>τοῦ</span> <span class='ocrx_word' id='word_1_481' title='bbox 867 4066 996 4119; x_wconf 80' lang='grc' dir='ltr'><strong>Υἱοῦ</strong></span> <span class='ocrx_word' id='word_1_482' title='bbox 1023 4068 1166 4137; x_wconf 77' lang='grc' dir='ltr'>ζωῆς</span> <span class='ocrx_word' id='word_1_483' title='bbox 1183 4067 1483 4139; x_wconf 86' lang='grc' dir='ltr'>ὡρισμένον</span> <span class='ocrx_word' id='word_1_484' title='bbox 1500 4086 1549 4121; x_wconf 92' lang='grc' dir='ltr'><strong>τι</strong></span> <span class='ocrx_word' id='word_1_485' title='bbox 1572 4069 2036 4140; x_wconf 84' lang='grc' dir='ltr'>πολυπραγμονεί-</span> 
     </span>
    </p>
   </div>
   <div class='ocr_carea' id='block_1_65' title="bbox 466 4152 2033 4231">
    <p class='ocr_par' dir='ltr' id='par_1_65' title="bbox 466 4152 2033 4231">
     <span class='ocr_line' id='line_1_65' title="bbox 466 4152 2033 4231; baseline 0.003 -22"><span class='ocrx_word' id='word_1_486' title='bbox 466 4157 577 4210; x_wconf 85' lang='grc' dir='ltr'><strong>σθω</strong></span> <span class='ocrx_word' id='word_1_487' title='bbox 606 4159 827 4227; x_wconf 85' lang='grc' dir='ltr'>σημεῖον</span> <span class='ocrx_word' id='word_1_488' title='bbox 855 4196 869 4219; x_wconf 99' lang='grc'><strong>,</strong></span> <span class='ocrx_word' id='word_1_489' title='bbox 909 4159 1000 4226; x_wconf 77' lang='grc' dir='ltr'><strong>ἀφ’</strong></span> <span class='ocrx_word' id='word_1_490' title='bbox 1032 4152 1091 4211; x_wconf 74' lang='grc' dir='ltr'><strong>οὗ</strong></span> <span class='ocrx_word' id='word_1_491' title='bbox 1113 4158 1205 4211; x_wconf 83' lang='grc' dir='ltr'>τοῦ</span> <span class='ocrx_word' id='word_1_492' title='bbox 1228 4155 1366 4212; x_wconf 74' lang='grc' dir='ltr'>εἶναι</span> <span class='ocrx_word' id='word_1_493' title='bbox 1395 4158 1719 4230; x_wconf 84' lang='grc' dir='ltr'>ἀρξάμενος,</span> <span class='ocrx_word' id='word_1_494' title='bbox 1749 4164 1848 4231; x_wconf 86' lang='grc' dir='ltr'><strong>τῆς</strong></span> <span class='ocrx_word' id='word_1_495' title='bbox 1874 4164 1951 4224; x_wconf 84' lang='grc' dir='ltr'>εἰς</span> <span class='ocrx_word' id='word_1_496' title='bbox 1974 4162 2033 4214; x_wconf 86' lang='grc' dir='ltr'><strong>τὸ</strong></span> 
     </span>
    </p>
   </div>
   <div class='ocr_carea' id='block_1_66' title="bbox 466 4247 2036 4323">
    <p class='ocr_par' dir='ltr' id='par_1_66' title="bbox 466 4247 2036 4323">
     <span class='ocr_line' id='line_1_66' title="bbox 466 4247 2036 4323; baseline 0.001 -20"><span class='ocrx_word' id='word_1_497' title='bbox 466 4250 723 4303; x_wconf 77' lang='grc' dir='ltr'>ἐπέκεινα</span> <span class='ocrx_word' id='word_1_498' title='bbox 743 4247 837 4301; x_wconf 77' lang='grc' dir='ltr'>τοῦ</span> <span class='ocrx_word' id='word_1_499' title='bbox 872 4250 1095 4320; x_wconf 80' lang='grc' dir='ltr'>σημείου</span> <span class='ocrx_word' id='word_1_500' title='bbox 1124 4250 1269 4319; x_wconf 83' lang='grc' dir='ltr'>ζωῆς</span> <span class='ocrx_word' id='word_1_501' title='bbox 1296 4251 1660 4321; x_wconf 86' lang='grc' dir='ltr'>ἀποτέμνεται</span> <span class='ocrx_word' id='word_1_502' title='bbox 1684 4268 1698 4281; x_wconf 83' lang='lat'><strong>&#39;</strong></span> <span class='ocrx_word' id='word_1_503' title='bbox 1741 4251 1854 4304; x_wconf 83' lang='grc' dir='ltr'>ἀλλ’</span> <span class='ocrx_word' id='word_1_504' title='bbox 1875 4253 2036 4323; x_wconf 83' lang='grc' dir='ltr'>ἀρκεῖ</span> 
     </span>
    </p>
   </div>
   <div class='ocr_carea' id='block_1_67' title="bbox 462 4341 2033 4412">
    <p class='ocr_par' dir='ltr' id='par_1_67' title="bbox 462 4341 2033 4412">
     <span class='ocr_line' id='line_1_67' title="bbox 462 4341 2033 4412; baseline 0.001 -17"><span class='ocrx_word' id='word_1_505' title='bbox 462 4342 604 4395; x_wconf 85' lang='grc' dir='ltr'>κατὰ</span> <span class='ocrx_word' id='word_1_506' title='bbox 654 4342 812 4411; x_wconf 86' lang='grc' dir='ltr'>μόνον</span> <span class='ocrx_word' id='word_1_507' title='bbox 853 4341 944 4393; x_wconf 84' lang='grc' dir='ltr'><strong>τὸν</strong></span> <span class='ocrx_word' id='word_1_508' title='bbox 991 4343 1087 4412; x_wconf 84' lang='grc' dir='ltr'><strong>τῆς</strong></span> <span class='ocrx_word' id='word_1_509' title='bbox 1135 4342 1313 4405; x_wconf 75' lang='grc' dir='ltr'>αἰτίας</span> <span class='ocrx_word' id='word_1_510' title='bbox 1364 4342 1518 4411; x_wconf 90' lang='grc' dir='ltr'>λόγον</span> <span class='ocrx_word' id='word_1_511' title='bbox 1566 4347 1904 4412; x_wconf 88' lang='grc' dir='ltr'>προεπινοεῖν</span> <span class='ocrx_word' id='word_1_512' title='bbox 1939 4344 2033 4396; x_wconf 78' lang='grc' dir='ltr'><strong>τοῦ</strong></span> 
     </span>
    </p>
   </div>
   <div class='ocr_carea' id='block_1_68' title="bbox 461 4433 2034 4507">
    <p class='ocr_par' dir='ltr' id='par_1_68' title="bbox 461 4433 2034 4507">
     <span class='ocr_line' id='line_1_68' title="bbox 461 4433 2034 4507; baseline -0.001 -18"><span class='ocrx_word' id='word_1_513' title='bbox 461 4434 593 4489; x_wconf 83' lang='grc' dir='ltr'>Υἱοῢ</span> <span class='ocrx_word' id='word_1_514' title='bbox 630 4433 719 4487; x_wconf 86' lang='grc' dir='ltr'><strong>τὸν</strong></span> <span class='ocrx_word' id='word_1_515' title='bbox 762 4433 1012 4503; x_wconf 80' lang='grc' dir='ltr'>Πατέρα,</span> <span class='ocrx_word' id='word_1_516' title='bbox 1061 4435 1155 4487; x_wconf 75' lang='grc' dir='ltr'>καὶ</span> <span class='ocrx_word' id='word_1_517' title='bbox 1187 4435 1261 4505; x_wconf 83' lang='grc' dir='ltr'><strong>μὴ</strong></span> <span class='ocrx_word' id='word_1_518' title='bbox 1300 4436 1733 4507; x_wconf 84' lang='grc' dir='ltr'>κεχωρισμένην,</span> <span class='ocrx_word' id='word_1_519' title='bbox 1770 4436 1864 4487; x_wconf 70' lang='grc' dir='ltr'><strong>καὶ</strong></span> <span class='ocrx_word' id='word_1_520' title='bbox 1903 4435 2034 4488; x_wconf 80' lang='grc' dir='ltr'>ἰδιά-</span> 
     </span>
    </p>
   </div>
   <div class='ocr_carea' id='block_1_69' title="bbox 2194 2505 3708 2577">
    <p class='ocr_par' dir='ltr' id='par_1_69' title="bbox 2194 2505 3708 2577">
     <span class='ocr_line' id='line_1_69' title="bbox 2194 2505 3708 2577; baseline -0.001 -13"><span class='ocrx_word' id='word_1_521' title='bbox 2194 2511 2299 2565; x_wconf 75' lang='grc' dir='ltr'>5οι1</span> <span class='ocrx_word' id='word_1_522' title='bbox 2332 2524 2420 2563; x_wconf 86' lang='lat' dir='ltr'><strong>res</strong></span> <span class='ocrx_word' id='word_1_523' title='bbox 2454 2507 2602 2561; x_wconf 92' lang='lat' dir='ltr'><strong>omni</strong></span> <span class='ocrx_word' id='word_1_524' title='bbox 2633 2506 2993 2577; x_wconf 78' lang='lat' dir='ltr'><strong>ambiguitate</strong></span> <span class='ocrx_word' id='word_1_525' title='bbox 3020 2515 3189 2560; x_wconf 90' lang='lat' dir='ltr'><strong>caret.</strong></span> <span class='ocrx_word' id='word_1_526' title='bbox 3224 2505 3340 2561; x_wconf 84' lang='lat' dir='ltr'><strong>Non</strong></span> <span class='ocrx_word' id='word_1_527' title='bbox 3379 2508 3522 2561; x_wconf 90' lang='lat' dir='ltr'><strong>enim</strong></span> <span class='ocrx_word' id='word_1_528' title='bbox 3556 2507 3708 2565; x_wconf 81' lang='lat' dir='ltr'><strong>inve-</strong></span> 
     </span>
    </p>
   </div>
   <div class='ocr_carea' id='block_1_70' title="bbox 2121 2602 3710 2669">
    <p class='ocr_par' dir='ltr' id='par_1_70' title="bbox 2121 2602 3710 2669">
     <span class='ocr_line' id='line_1_70' title="bbox 2121 2602 3710 2669; baseline -0.002 -11"><span class='ocrx_word' id='word_1_529' title='bbox 2121 2604 2272 2658; x_wconf 89' lang='lat' dir='ltr'><strong>nient</strong></span> <span class='ocrx_word' id='word_1_530' title='bbox 2302 2604 2527 2656; x_wconf 83' lang='lat' dir='ltr'><strong>alteram</strong></span> <span class='ocrx_word' id='word_1_531' title='bbox 2550 2608 2757 2669; x_wconf 86' lang='lat' dir='ltr'><strong>partem</strong></span> <span class='ocrx_word' id='word_1_532' title='bbox 2788 2614 3092 2654; x_wconf 78' lang='lat' dir='ltr'><strong>connexam</strong></span> <span class='ocrx_word' id='word_1_533' title='bbox 3128 2615 3252 2653; x_wconf 92' lang='lat' dir='ltr'><strong>cum</strong></span> <span class='ocrx_word' id='word_1_534' title='bbox 3299 2602 3467 2654; x_wconf 89' lang='lat' dir='ltr'><strong>altera</strong></span> <span class='ocrx_word' id='word_1_535' title='bbox 3495 2602 3549 2654; x_wconf 92' lang='lat' dir='ltr'><strong>in</strong></span> <span class='ocrx_word' id='word_1_536' title='bbox 3572 2616 3710 2655; x_wconf 88' lang='lat' dir='ltr'><strong>con-</strong></span> 
     </span>
    </p>
   </div>
   <div class='ocr_carea' id='block_1_71' title="bbox 2123 2691 3711 2763">
    <p class='ocr_par' dir='ltr' id='par_1_71' title="bbox 2123 2691 3711 2763">
     <span class='ocr_line' id='line_1_71' title="bbox 2123 2691 3711 2763; baseline 0 -14"><span class='ocrx_word' id='word_1_537' title='bbox 2123 2696 2250 2749; x_wconf 84' lang='lat' dir='ltr'><strong>ﬁcto</strong></span> <span class='ocrx_word' id='word_1_538' title='bbox 2293 2694 2360 2748; x_wconf 90' lang='lat' dir='ltr'><strong>ab</strong></span> <span class='ocrx_word' id='word_1_539' title='bbox 2400 2694 2535 2763; x_wconf 89' lang='lat' dir='ltr'><strong>ipsis</strong></span> <span class='ocrx_word' id='word_1_540' title='bbox 2573 2692 2883 2757; x_wconf 87' lang='lat' dir='ltr'><strong>intervallo,</strong></span> <span class='ocrx_word' id='word_1_541' title='bbox 2919 2692 3024 2746; x_wconf 88' lang='lat' dir='ltr'><strong>nisi</strong></span> <span class='ocrx_word' id='word_1_542' title='bbox 3060 2691 3349 2746; x_wconf 88' lang='lat' dir='ltr'><strong>admittant</strong></span> <span class='ocrx_word' id='word_1_543' title='bbox 3383 2701 3439 2748; x_wconf 91' lang='lat' dir='ltr'><strong>et</strong></span> <span class='ocrx_word' id='word_1_544' title='bbox 3466 2701 3711 2749; x_wconf 85' lang='lat' dir='ltr'><strong>statuant</strong></span> 
     </span>
    </p>
   </div>
   <div class='ocr_carea' id='block_1_72' title="bbox 2123 2783 3710 2855">
    <p class='ocr_par' dir='ltr' id='par_1_72' title="bbox 2123 2783 3710 2855">
     <span class='ocr_line' id='line_1_72' title="bbox 2123 2783 3710 2855; baseline 0 -16"><span class='ocrx_word' id='word_1_545' title='bbox 2123 2784 2345 2855; x_wconf 83' lang='lat' dir='ltr'><strong>aliquod</strong></span> <span class='ocrx_word' id='word_1_546' title='bbox 2393 2784 2609 2837; x_wconf 88' lang='lat' dir='ltr'><strong>initium</strong></span> <span class='ocrx_word' id='word_1_547' title='bbox 2663 2783 2805 2851; x_wconf 87' lang='lat' dir='ltr'><strong>ejus,</strong></span> <span class='ocrx_word' id='word_1_548' title='bbox 2857 2784 2950 2853; x_wconf 92' lang='lat' dir='ltr'><strong>qui</strong></span> <span class='ocrx_word' id='word_1_549' title='bbox 3005 2784 3231 2836; x_wconf 86' lang='lat' dir='ltr'><strong>omnino</strong></span> <span class='ocrx_word' id='word_1_550' title='bbox 3299 2791 3383 2838; x_wconf 89' lang='lat' dir='ltr'><strong>est</strong></span> <span class='ocrx_word' id='word_1_551' title='bbox 3432 2784 3710 2853; x_wconf 82' lang='lat' dir='ltr'><strong>ingenitus</strong></span> 
     </span>
    </p>
   </div>
   <div class='ocr_carea' id='block_1_73' title="bbox 2123 2872 3712 2942">
    <p class='ocr_par' dir='ltr' id='par_1_73' title="bbox 2123 2872 3712 2942">
     <span class='ocr_line' id='line_1_73' title="bbox 2123 2872 3712 2942; baseline 0.001 -15"><span class='ocrx_word' id='word_1_552' title='bbox 2123 2873 2409 2942; x_wconf 86' lang='lat' dir='ltr'><strong>omnisque</strong></span> <span class='ocrx_word' id='word_1_553' title='bbox 2454 2882 2609 2926; x_wconf 82' lang='lat' dir='ltr'><strong>ortus</strong></span> <span class='ocrx_word' id='word_1_554' title='bbox 2648 2888 2863 2941; x_wconf 81' lang='lat' dir='ltr'><strong>expers,</strong></span> <span class='ocrx_word' id='word_1_555' title='bbox 2916 2888 2980 2927; x_wconf 83' lang='lat' dir='ltr'><strong>ex</strong></span> <span class='ocrx_word' id='word_1_556' title='bbox 3029 2888 3135 2941; x_wconf 90' lang='lat' dir='ltr'><strong>quo</strong></span> <span class='ocrx_word' id='word_1_557' title='bbox 3185 2874 3422 2926; x_wconf 92' lang='lat' dir='ltr'><strong>medium</strong></span> <span class='ocrx_word' id='word_1_558' title='bbox 3477 2876 3539 2927; x_wconf 88' lang='lat' dir='ltr'><strong>ad</strong></span> <span class='ocrx_word' id='word_1_559' title='bbox 3585 2872 3712 2929; x_wconf 84' lang='lat' dir='ltr'><strong>Filii</strong></span> 
     </span>
    </p>
   </div>
   <div class='ocr_carea' id='block_1_74' title="bbox 2124 2964 3715 3035">
    <p class='ocr_par' dir='ltr' id='par_1_74' title="bbox 2124 2964 3715 3035">
     <span class='ocr_line' id='line_1_74' title="bbox 2124 2964 3715 3035; baseline -0.002 -18"><span class='ocrx_word' id='word_1_560' title='bbox 2124 2980 2299 3034; x_wconf 87' lang='lat' dir='ltr'><strong>usque</strong></span> <span class='ocrx_word' id='word_1_561' title='bbox 2341 2964 2747 3034; x_wconf 79' lang='lat' dir='ltr'><strong>generationem</strong></span> <span class='ocrx_word' id='word_1_562' title='bbox 2786 2964 3116 3032; x_wconf 82' lang='lat' dir='ltr'><strong>cogitatione</strong></span> <span class='ocrx_word' id='word_1_563' title='bbox 3156 2965 3461 3033; x_wconf 87' lang='lat' dir='ltr'><strong>producant</strong></span> <span class='ocrx_word' id='word_1_564' title='bbox 3504 2973 3559 3019; x_wconf 92' lang='lat' dir='ltr'><strong>et</strong></span> <span class='ocrx_word' id='word_1_565' title='bbox 3592 2981 3715 3035; x_wconf 90' lang='lat' dir='ltr'><strong>pro.</strong></span> 
     </span>
    </p>
   </div>
   <div class='ocr_carea' id='block_1_75' title="bbox 2123 3054 3711 3126">
    <p class='ocr_par' dir='ltr' id='par_1_75' title="bbox 2123 3054 3711 3126">
     <span class='ocr_line' id='line_1_75' title="bbox 2123 3054 3711 3126; baseline -0.002 -14"><span class='ocrx_word' id='word_1_566' title='bbox 2123 3058 2363 3112; x_wconf 86' lang='lat' dir='ltr'><strong>trahant.</strong></span> <span class='ocrx_word' id='word_1_567' title='bbox 2401 3056 2514 3110; x_wconf 88' lang='lat' dir='ltr'><strong>Hoc</strong></span> <span class='ocrx_word' id='word_1_568' title='bbox 2558 3056 2726 3126; x_wconf 83' lang='lat' dir='ltr'><strong>igitur</strong></span> <span class='ocrx_word' id='word_1_569' title='bbox 2758 3065 2841 3110; x_wconf 91' lang='lat' dir='ltr'><strong>est</strong></span> <span class='ocrx_word' id='word_1_570' title='bbox 2876 3056 3023 3126; x_wconf 87' lang='lat' dir='ltr'><strong>quod</strong></span> <span class='ocrx_word' id='word_1_571' title='bbox 3062 3056 3422 3122; x_wconf 80' lang='lat' dir='ltr'><strong>afﬁrmamus,</strong></span> <span class='ocrx_word' id='word_1_572' title='bbox 3453 3071 3577 3111; x_wconf 89' lang='lat' dir='ltr'><strong>eum</strong></span> <span class='ocrx_word' id='word_1_573' title='bbox 3616 3054 3711 3126; x_wconf 92' lang='lat' dir='ltr'><strong>qui</strong></span> 
     </span>
    </p>
   </div>
   <div class='ocr_carea' id='block_1_76' title="bbox 2129 3149 3713 3219">
    <p class='ocr_par' dir='ltr' id='par_1_76' title="bbox 2129 3149 3713 3219">
     <span class='ocr_line' id='line_1_76' title="bbox 2129 3149 3713 3219; baseline 0.001 -16"><span class='ocrx_word' id='word_1_574' title='bbox 2129 3149 2326 3204; x_wconf 90' lang='lat' dir='ltr'><strong>Filium</strong></span> <span class='ocrx_word' id='word_1_575' title='bbox 2387 3151 2741 3219; x_wconf 88' lang='lat' dir='ltr'><strong>posteriorem</strong></span> <span class='ocrx_word' id='word_1_576' title='bbox 2804 3152 3023 3211; x_wconf 88' lang='lat' dir='ltr'><strong>asserit,</strong></span> <span class='ocrx_word' id='word_1_577' title='bbox 3083 3150 3383 3204; x_wconf 88' lang='lat' dir='ltr'><strong>secundum</strong></span> <span class='ocrx_word' id='word_1_578' title='bbox 3439 3149 3713 3204; x_wconf 87' lang='lat' dir='ltr'><strong>intervalli</strong></span> 
     </span>
    </p>
   </div>
   <div class='ocr_carea' id='block_1_77' title="bbox 2130 3239 3710 3309">
    <p class='ocr_par' dir='ltr' id='par_1_77' title="bbox 2130 3239 3710 3309">
     <span class='ocr_line' id='line_1_77' title="bbox 2130 3239 3710 3309; baseline -0.001 -16"><span class='ocrx_word' id='word_1_579' title='bbox 2130 3240 2421 3309; x_wconf 87' lang='lat' dir='ltr'><strong>quamdam</strong></span> <span class='ocrx_word' id='word_1_580' title='bbox 2459 3240 2857 3302; x_wconf 78' lang='lat' dir='ltr'><strong>extensionem,</strong></span> <span class='ocrx_word' id='word_1_581' title='bbox 2899 3239 3077 3294; x_wconf 88' lang='lat' dir='ltr'><strong>Patris</strong></span> <span class='ocrx_word' id='word_1_582' title='bbox 3130 3240 3238 3292; x_wconf 85' lang='lat' dir='ltr'><strong>vita</strong></span> <span class='ocrx_word' id='word_1_583' title='bbox 3273 3246 3327 3293; x_wconf 88' lang='lat' dir='ltr'><strong>et</strong></span> <span class='ocrx_word' id='word_1_584' title='bbox 3364 3239 3710 3305; x_wconf 81' lang='lat' dir='ltr'><strong>exsistentia,</strong></span> 
     </span>
    </p>
   </div>
   <div class='ocr_carea' id='block_1_78' title="bbox 2131 3331 3716 3401">
    <p class='ocr_par' dir='ltr' id='par_1_78' title="bbox 2131 3331 3716 3401">
     <span class='ocr_line' id='line_1_78' title="bbox 2131 3331 3716 3401; baseline -0.003 -13"><span class='ocrx_word' id='word_1_585' title='bbox 2131 3332 2385 3388; x_wconf 89' lang='lat' dir='ltr'><strong>similiter</strong></span> <span class='ocrx_word' id='word_1_586' title='bbox 2410 3347 2629 3401; x_wconf 86' lang='lat' dir='ltr'><strong>quoque</strong></span> <span class='ocrx_word' id='word_1_587' title='bbox 2658 3334 2822 3385; x_wconf 88' lang='lat' dir='ltr'><strong>certis</strong></span> <span class='ocrx_word' id='word_1_588' title='bbox 2867 3331 3064 3400; x_wconf 89' lang='lat' dir='ltr'><strong>spatiis</strong></span> <span class='ocrx_word' id='word_1_589' title='bbox 3099 3339 3154 3384; x_wconf 89' lang='lat' dir='ltr'><strong>et</strong></span> <span class='ocrx_word' id='word_1_590' title='bbox 3193 3331 3393 3385; x_wconf 87' lang='lat' dir='ltr'><strong>ﬁnibus</strong></span> <span class='ocrx_word' id='word_1_591' title='bbox 3437 3332 3716 3386; x_wconf 82' lang='lat' dir='ltr'><strong>exsisten-</strong></span> 
     </span>
    </p>
   </div>
   <div class='ocr_carea' id='block_1_79' title="bbox 2132 3423 3716 3493">
    <p class='ocr_par' dir='ltr' id='par_1_79' title="bbox 2132 3423 3716 3493">
     <span class='ocr_line' id='line_1_79' title="bbox 2132 3423 3716 3493; baseline -0.001 -15"><span class='ocrx_word' id='word_1_592' title='bbox 2132 3426 2262 3478; x_wconf 89' lang='lat' dir='ltr'><strong>tiam</strong></span> <span class='ocrx_word' id='word_1_593' title='bbox 2298 3423 2471 3479; x_wconf 83' lang='lat' dir='ltr'><strong>Patris</strong></span> <span class='ocrx_word' id='word_1_594' title='bbox 2500 3432 2779 3478; x_wconf 83' lang='lat' dir='ltr'><strong>coarctare</strong></span> <span class='ocrx_word' id='word_1_595' title='bbox 2800 3461 2816 3485; x_wconf 89' lang='lat'><strong>,</strong></span> <span class='ocrx_word' id='word_1_596' title='bbox 2840 3432 3029 3492; x_wconf 90' lang='lat' dir='ltr'><strong>utpote</strong></span> <span class='ocrx_word' id='word_1_597' title='bbox 3077 3425 3561 3493; x_wconf 88' lang='lat' dir='ltr'><strong>circumscriptam</strong></span> <span class='ocrx_word' id='word_1_598' title='bbox 3619 3437 3716 3493; x_wconf 90' lang='lat' dir='ltr'><strong>per</strong></span> 
     </span>
    </p>
   </div>
   <div class='ocr_carea' id='block_1_80' title="bbox 2132 3516 3713 3573">
    <p class='ocr_par' dir='ltr' id='par_1_80' title="bbox 2132 3516 3713 3573">
     <span class='ocr_line' id='line_1_80' title="bbox 2132 3516 3713 3573; baseline -0.001 -2"><span class='ocrx_word' id='word_1_599' title='bbox 2132 3518 2367 3571; x_wconf 88' lang='lat' dir='ltr'><strong>medium</strong></span> <span class='ocrx_word' id='word_1_600' title='bbox 2392 3526 2617 3573; x_wconf 78' lang='lat' dir='ltr'><strong>extenso</strong></span> <span class='ocrx_word' id='word_1_601' title='bbox 2641 3518 2957 3571; x_wconf 85' lang='lat' dir='ltr'><strong>intervallo:</strong></span> <span class='ocrx_word' id='word_1_602' title='bbox 2981 3526 3031 3571; x_wconf 82' lang='lat' dir='ltr'><strong>et</strong></span> <span class='ocrx_word' id='word_1_603' title='bbox 3062 3518 3141 3571; x_wconf 90' lang='lat' dir='ltr'><strong>sic</strong></span> <span class='ocrx_word' id='word_1_604' title='bbox 3175 3516 3423 3572; x_wconf 86' lang='lat' dir='ltr'><strong>videmus</strong></span> <span class='ocrx_word' id='word_1_605' title='bbox 3445 3516 3713 3571; x_wconf 88' lang='lat' dir='ltr'><strong>celebrem</strong></span> 
     </span>
    </p>
   </div>
   <div class='ocr_carea' id='block_1_81' title="bbox 2132 3608 3713 3680">
    <p class='ocr_par' dir='ltr' id='par_1_81' title="bbox 2132 3608 3713 3680">
     <span class='ocr_line' id='line_1_81' title="bbox 2132 3608 3713 3680; baseline 0 -18"><span class='ocrx_word' id='word_1_606' title='bbox 2132 3611 2283 3663; x_wconf 88' lang='lat' dir='ltr'><strong>illam</strong></span> <span class='ocrx_word' id='word_1_607' title='bbox 2340 3612 2656 3680; x_wconf 86' lang='lat' dir='ltr'><strong>passimque</strong></span> <span class='ocrx_word' id='word_1_608' title='bbox 2693 3610 2954 3678; x_wconf 91' lang='lat' dir='ltr'><strong>jactatam</strong></span> <span class='ocrx_word' id='word_1_609' title='bbox 2997 3608 3176 3664; x_wconf 91' lang='lat' dir='ltr'><strong>Patris</strong></span> <span class='ocrx_word' id='word_1_610' title='bbox 3209 3609 3713 3674; x_wconf 88' lang='lat' dir='ltr'><strong>iunascibilitatem,</strong></span> 
     </span>
    </p>
   </div>
   <div class='ocr_carea' id='block_1_82' title="bbox 2132 3698 3715 3770">
    <p class='ocr_par' dir='ltr' id='par_1_82' title="bbox 2132 3698 3715 3770">
     <span class='ocr_line' id='line_1_82' title="bbox 2132 3698 3715 3770; baseline -0.001 -15"><span class='ocrx_word' id='word_1_611' title='bbox 2132 3716 2229 3770; x_wconf 91' lang='lat' dir='ltr'><strong>per</strong></span> <span class='ocrx_word' id='word_1_612' title='bbox 2267 3701 2411 3753; x_wconf 85' lang='lat' dir='ltr'><strong>hanc</strong></span> <span class='ocrx_word' id='word_1_613' title='bbox 2449 3702 2701 3755; x_wconf 83' lang='lat' dir='ltr'><strong>technam</strong></span> <span class='ocrx_word' id='word_1_614' title='bbox 2736 3709 2789 3753; x_wconf 90' lang='lat' dir='ltr'><strong>et</strong></span> <span class='ocrx_word' id='word_1_615' title='bbox 2835 3698 3296 3753; x_wconf 89' lang='lat' dir='ltr'><strong>machinationem</strong></span> <span class='ocrx_word' id='word_1_616' title='bbox 3343 3700 3410 3753; x_wconf 91' lang='lat' dir='ltr'><strong>ab</strong></span> <span class='ocrx_word' id='word_1_617' title='bbox 3455 3700 3590 3769; x_wconf 89' lang='lat' dir='ltr'><strong>ipsis</strong></span> <span class='ocrx_word' id='word_1_618' title='bbox 3625 3698 3715 3753; x_wconf 83' lang='lat' dir='ltr'><strong>in-</strong></span> 
     </span>
    </p>
   </div>
   <div class='ocr_carea' id='block_1_83' title="bbox 2132 3792 3718 3862">
    <p class='ocr_par' dir='ltr' id='par_1_83' title="bbox 2132 3792 3718 3862">
     <span class='ocr_line' id='line_1_83' title="bbox 2132 3792 3718 3862; baseline 0 -15"><span class='ocrx_word' id='word_1_619' title='bbox 2132 3793 2518 3847; x_wconf 83' lang='lat' dir='ltr'><strong>nascibilitatis</strong></span> <span class='ocrx_word' id='word_1_620' title='bbox 2542 3794 3035 3862; x_wconf 66' lang='lat' dir='ltr'><strong>propugnatoribus</strong></span> <span class='ocrx_word' id='word_1_621' title='bbox 3069 3793 3260 3855; x_wconf 84' lang='lat' dir='ltr'><strong>everti,</strong></span> <span class='ocrx_word' id='word_1_622' title='bbox 3289 3792 3418 3845; x_wconf 92' lang='lat' dir='ltr'><strong>dum</strong></span> <span class='ocrx_word' id='word_1_623' title='bbox 3459 3801 3718 3847; x_wconf 89' lang='lat' dir='ltr'><strong>asserunt</strong></span> 
     </span>
    </p>
   </div>
   <div class='ocr_carea' id='block_1_84' title="bbox 2132 3883 3718 3952">
    <p class='ocr_par' dir='ltr' id='par_1_84' title="bbox 2132 3883 3718 3952">
     <span class='ocr_line' id='line_1_84' title="bbox 2132 3883 3718 3952; baseline -0.001 -14"><span class='ocrx_word' id='word_1_624' title='bbox 2132 3884 2305 3940; x_wconf 91' lang='lat' dir='ltr'><strong>Deum</strong></span> <span class='ocrx_word' id='word_1_625' title='bbox 2347 3900 2457 3938; x_wconf 92' lang='lat' dir='ltr'><strong>uou</strong></span> <span class='ocrx_word' id='word_1_626' title='bbox 2503 3899 2625 3938; x_wconf 89' lang='lat' dir='ltr'><strong>esse</strong></span> <span class='ocrx_word' id='word_1_627' title='bbox 2666 3884 2995 3952; x_wconf 89' lang='lat' dir='ltr'><strong>ingenitum,</strong></span> <span class='ocrx_word' id='word_1_628' title='bbox 3058 3883 3152 3937; x_wconf 90' lang='lat' dir='ltr'><strong>sed</strong></span> <span class='ocrx_word' id='word_1_629' title='bbox 3193 3899 3223 3935; x_wconf 91' lang='lat' dir='ltr'><strong>a</strong></span> <span class='ocrx_word' id='word_1_630' title='bbox 3266 3892 3418 3936; x_wconf 90' lang='lat' dir='ltr'><strong>certo</strong></span> <span class='ocrx_word' id='word_1_631' title='bbox 3477 3883 3718 3952; x_wconf 88' lang='lat' dir='ltr'><strong>quodam</strong></span> 
     </span>
    </p>
   </div>
   <div class='ocr_carea' id='block_1_85' title="bbox 2134 3974 3720 4046">
    <p class='ocr_par' dir='ltr' id='par_1_85' title="bbox 2134 3974 3720 4046">
     <span class='ocr_line' id='line_1_85' title="bbox 2134 3974 3720 4046; baseline -0.001 -15"><span class='ocrx_word' id='word_1_632' title='bbox 2134 3978 2289 4032; x_wconf 89' lang='lat' dir='ltr'><strong>initio</strong></span> <span class='ocrx_word' id='word_1_633' title='bbox 2316 3977 2645 4046; x_wconf 90' lang='lat' dir='ltr'><strong>principium</strong></span> <span class='ocrx_word' id='word_1_634' title='bbox 2683 3976 2935 4042; x_wconf 77' lang='lat' dir='ltr'><strong>duxisse;</strong></span> <span class='ocrx_word' id='word_1_635' title='bbox 2983 3991 3106 4029; x_wconf 89' lang='lat' dir='ltr'><strong>nam</strong></span> <span class='ocrx_word' id='word_1_636' title='bbox 3150 3974 3294 4043; x_wconf 91' lang='lat' dir='ltr'><strong>quod</strong></span> <span class='ocrx_word' id='word_1_637' title='bbox 3338 3974 3554 4029; x_wconf 90' lang='lat' dir='ltr'><strong>initium</strong></span> <span class='ocrx_word' id='word_1_638' title='bbox 3606 3990 3720 4030; x_wconf 67' lang='lat' dir='ltr'><strong>suae</strong></span> 
     </span>
    </p>
   </div>
   <div class='ocr_carea' id='block_1_86' title="bbox 2135 4067 3719 4137">
    <p class='ocr_par' dir='ltr' id='par_1_86' title="bbox 2135 4067 3719 4137">
     <span class='ocr_line' id='line_1_86' title="bbox 2135 4067 3719 4137; baseline -0.003 -10"><span class='ocrx_word' id='word_1_639' title='bbox 2135 4071 2469 4127; x_wconf 70' lang='lat' dir='ltr'><strong>exsistentite</strong></span> <span class='ocrx_word' id='word_1_640' title='bbox 2520 4070 2702 4133; x_wconf 85' lang='lat' dir='ltr'><strong>habet,</strong></span> <span class='ocrx_word' id='word_1_641' title='bbox 2756 4086 2864 4124; x_wconf 90' lang='lat' dir='ltr'><strong>non</strong></span> <span class='ocrx_word' id='word_1_642' title='bbox 2918 4076 3071 4122; x_wconf 87' lang='lat' dir='ltr'><strong>caret</strong></span> <span class='ocrx_word' id='word_1_643' title='bbox 3114 4068 3405 4137; x_wconf 90' lang='lat' dir='ltr'><strong>principio.</strong></span> <span class='ocrx_word' id='word_1_644' title='bbox 3456 4067 3613 4134; x_wconf 85' lang='lat' dir='ltr'><strong>Quod</strong></span> <span class='ocrx_word' id='word_1_645' title='bbox 3670 4068 3719 4123; x_wconf 82' lang='lat' dir='ltr'><strong>si</strong></span> 
     </span>
    </p>
   </div>
   <div class='ocr_carea' id='block_1_87' title="bbox 2135 4158 3722 4230">
    <p class='ocr_par' dir='ltr' id='par_1_87' title="bbox 2135 4158 3722 4230">
     <span class='ocr_line' id='line_1_87' title="bbox 2135 4158 3722 4230; baseline -0.004 -11"><span class='ocrx_word' id='word_1_646' title='bbox 2135 4163 2451 4219; x_wconf 87' lang='lat' dir='ltr'><strong>omnimodo</strong></span> <span class='ocrx_word' id='word_1_647' title='bbox 2508 4161 2877 4216; x_wconf 83' lang='lat' dir='ltr'><strong>conﬁtendum</strong></span> <span class='ocrx_word' id='word_1_648' title='bbox 2913 4169 2998 4215; x_wconf 90' lang='lat' dir='ltr'><strong>est</strong></span> <span class='ocrx_word' id='word_1_649' title='bbox 3039 4158 3256 4214; x_wconf 89' lang='lat' dir='ltr'><strong>Patrem</strong></span> <span class='ocrx_word' id='word_1_650' title='bbox 3304 4160 3578 4230; x_wconf 91' lang='lat' dir='ltr'><strong>principio</strong></span> <span class='ocrx_word' id='word_1_651' title='bbox 3628 4174 3722 4215; x_wconf 58' lang='lat' dir='ltr'><strong>ea-</strong></span> 
     </span>
    </p>
   </div>
   <div class='ocr_carea' id='block_1_88' title="bbox 2136 4249 3721 4323">
    <p class='ocr_par' dir='ltr' id='par_1_88' title="bbox 2136 4249 3721 4323">
     <span class='ocr_line' id='line_1_88' title="bbox 2136 4249 3721 4323; baseline -0.003 -14"><span class='ocrx_word' id='word_1_652' title='bbox 2136 4272 2280 4320; x_wconf 85' lang='lat' dir='ltr'><strong>rere,</strong></span> <span class='ocrx_word' id='word_1_653' title='bbox 2317 4262 2531 4323; x_wconf 80' lang='lat' dir='ltr'><strong>oportet</strong></span> <span class='ocrx_word' id='word_1_654' title='bbox 2578 4263 2637 4308; x_wconf 91' lang='lat' dir='ltr'><strong>ut</strong></span> <span class='ocrx_word' id='word_1_655' title='bbox 2668 4268 2847 4322; x_wconf 85' lang='lat' dir='ltr'><strong>neque</strong></span> <span class='ocrx_word' id='word_1_656' title='bbox 2875 4249 2997 4305; x_wconf 88' lang='lat' dir='ltr'><strong>Filii</strong></span> <span class='ocrx_word' id='word_1_657' title='bbox 3040 4254 3162 4307; x_wconf 63' lang='lat' dir='ltr'><strong>vitae</strong></span> <span class='ocrx_word' id='word_1_658' title='bbox 3201 4252 3486 4307; x_wconf 86' lang='lat' dir='ltr'><strong>deﬁnitum</strong></span> <span class='ocrx_word' id='word_1_659' title='bbox 3516 4260 3570 4308; x_wconf 91' lang='lat' dir='ltr'><strong>et</strong></span> <span class='ocrx_word' id='word_1_660' title='bbox 3597 4268 3721 4307; x_wconf 88' lang='lat' dir='ltr'><strong>cer-</strong></span> 
     </span>
    </p>
   </div>
   <div class='ocr_carea' id='block_1_89' title="bbox 2138 4344 3721 4415">
    <p class='ocr_par' dir='ltr' id='par_1_89' title="bbox 2138 4344 3721 4415">
     <span class='ocr_line' id='line_1_89' title="bbox 2138 4344 3721 4415; baseline -0.001 -14"><span class='ocrx_word' id='word_1_661' title='bbox 2138 4358 2250 4401; x_wconf 87' lang='lat' dir='ltr'><strong>tum</strong></span> <span class='ocrx_word' id='word_1_662' title='bbox 2298 4347 2594 4400; x_wconf 89' lang='lat' dir='ltr'><strong>terminum</strong></span> <span class='ocrx_word' id='word_1_663' title='bbox 2635 4353 2873 4405; x_wconf 81' lang='lat' dir='ltr'><strong>statuas,</strong></span> <span class='ocrx_word' id='word_1_664' title='bbox 2910 4359 2940 4397; x_wconf 90' lang='lat' dir='ltr'><strong>a</strong></span> <span class='ocrx_word' id='word_1_665' title='bbox 2972 4359 3081 4412; x_wconf 88' lang='lat' dir='ltr'><strong>quo</strong></span> <span class='ocrx_word' id='word_1_666' title='bbox 3120 4344 3343 4400; x_wconf 85' lang='lat' dir='ltr'><strong>vivendi</strong></span> <span class='ocrx_word' id='word_1_667' title='bbox 3385 4345 3721 4415; x_wconf 89' lang='lat' dir='ltr'><strong>principium</strong></span> 
     </span>
    </p>
   </div>
   <div class='ocr_carea' id='block_1_90' title="bbox 2137 4435 3720 4508">
    <p class='ocr_par' dir='ltr' id='par_1_90' title="bbox 2137 4435 3720 4508">
     <span class='ocr_line' id='line_1_90' title="bbox 2137 4435 3720 4508; baseline -0.003 -15"><span class='ocrx_word' id='word_1_668' title='bbox 2137 4440 2372 4506; x_wconf 75' lang='lat' dir='ltr'><strong>duxerit,</strong></span> <span class='ocrx_word' id='word_1_669' title='bbox 2401 4438 2617 4508; x_wconf 88' lang='lat' dir='ltr'><strong>vitaque</strong></span> <span class='ocrx_word' id='word_1_670' title='bbox 2662 4451 2748 4499; x_wconf 89' lang='lat' dir='ltr'><strong>eo,</strong></span> <span class='ocrx_word' id='word_1_671' title='bbox 2774 4435 2917 4506; x_wconf 90' lang='lat' dir='ltr'><strong>quod</strong></span> <span class='ocrx_word' id='word_1_672' title='bbox 2942 4452 3104 4504; x_wconf 84' lang='lat' dir='ltr'><strong>supra</strong></span> <span class='ocrx_word' id='word_1_673' title='bbox 3132 4436 3277 4491; x_wconf 89' lang='lat' dir='ltr'><strong>hunc</strong></span> <span class='ocrx_word' id='word_1_674' title='bbox 3298 4436 3588 4491; x_wconf 89' lang='lat' dir='ltr'><strong>terminum</strong></span> <span class='ocrx_word' id='word_1_675' title='bbox 3614 4442 3720 4502; x_wconf 83' lang='lat' dir='ltr'><strong>est,</strong></span> 
     </span>
    </p>
   </div>
   <div class='ocr_carea' id='block_1_91' title="bbox 463 4522 2026 4597">
    <p class='ocr_par' dir='ltr' id='par_1_91' title="bbox 463 4524 2026 4597">
     <span class='ocr_line' id='line_1_91' title="bbox 463 4524 2026 4597; baseline 0.001 -18"><span class='ocrx_word' id='word_1_676' title='bbox 463 4524 661 4590; x_wconf 80' lang='grc' dir='ltr'>ζουσάν</span> <span class='ocrx_word' id='word_1_677' title='bbox 696 4543 824 4579; x_wconf 88' lang='grc' dir='ltr'>ποτε</span> <span class='ocrx_word' id='word_1_678' title='bbox 856 4524 945 4577; x_wconf 79' lang='grc' dir='ltr'>τοῦ</span> <span class='ocrx_word' id='word_1_679' title='bbox 980 4524 1190 4595; x_wconf 83' lang='grc' dir='ltr'>Πατρὸς</span> <span class='ocrx_word' id='word_1_680' title='bbox 1218 4525 1317 4597; x_wconf 86' lang='grc' dir='ltr'>τὴν</span> <span class='ocrx_word' id='word_1_681' title='bbox 1346 4525 1509 4597; x_wconf 77' lang='grc' dir='ltr'>ζωήν,</span> <span class='ocrx_word' id='word_1_682' title='bbox 1538 4526 1644 4595; x_wconf 75' lang='grc' dir='ltr'><strong>πρὸ</strong></span> <span class='ocrx_word' id='word_1_683' title='bbox 1668 4527 1767 4597; x_wconf 88' lang='grc' dir='ltr'><strong>τῆς</strong></span> <span class='ocrx_word' id='word_1_684' title='bbox 1783 4526 1877 4580; x_wconf 79' lang='grc' dir='ltr'>τοῦ</span> <span class='ocrx_word' id='word_1_685' title='bbox 1903 4526 2026 4580; x_wconf 73' lang='grc' dir='ltr'>Υἰοῦ</span> 
     </span>
    </p>
   </div>
   <div class='ocr_carea' id='block_1_92' title="bbox 2130 4522 3721 4597">
    <p class='ocr_par' dir='ltr' id='par_1_92' title="bbox 2143 4522 3721 4596">
     <span class='ocr_line' id='line_1_92' title="bbox 2143 4522 3721 4596; baseline -0.003 -14"><span class='ocrx_word' id='word_1_686' title='bbox 2143 4529 2320 4596; x_wconf 89' lang='lat' dir='ltr'><strong>spatio</strong></span> <span class='ocrx_word' id='word_1_687' title='bbox 2388 4528 2602 4596; x_wconf 90' lang='lat' dir='ltr'><strong>penitus</strong></span> <span class='ocrx_word' id='word_1_688' title='bbox 2661 4527 2939 4589; x_wconf 88' lang='lat' dir='ltr'><strong>caruerit;</strong></span> <span class='ocrx_word' id='word_1_689' title='bbox 2996 4525 3091 4580; x_wconf 90' lang='lat' dir='ltr'><strong>sed</strong></span> <span class='ocrx_word' id='word_1_690' title='bbox 3153 4524 3277 4578; x_wconf 82' lang='lat' dir='ltr'><strong>sul‘ﬁ</strong></span> <span class='ocrx_word' id='word_1_691' title='bbox 3317 4526 3358 4578; x_wconf 88' lang='lat' dir='ltr'><strong>it</strong></span> <span class='ocrx_word' id='word_1_692' title='bbox 3418 4522 3721 4580; x_wconf 88' lang='lat' dir='ltr'><strong>secundum</strong></span> 
     </span>
    </p>
   </div>
   <div class='ocr_carea' id='block_1_93' title="bbox 464 4618 2036 4691">
    <p class='ocr_par' dir='ltr' id='par_1_93' title="bbox 464 4618 2036 4691">
     <span class='ocr_line' id='line_1_93' title="bbox 464 4618 2036 4691; baseline -0.003 -17"><span class='ocrx_word' id='word_1_693' title='bbox 464 4622 768 4690; x_wconf 86' lang='grc' dir='ltr'>γεννήσεως</span> <span class='ocrx_word' id='word_1_694' title='bbox 800 4636 816 4651; x_wconf 79' lang='grc' dir='ltr'><strong><em>ο</em></strong></span> <span class='ocrx_word' id='word_1_695' title='bbox 868 4619 956 4671; x_wconf 83' lang='grc' dir='ltr'>ἵνα</span> <span class='ocrx_word' id='word_1_696' title='bbox 986 4618 1061 4688; x_wconf 85' lang='grc' dir='ltr'>μὴ</span> <span class='ocrx_word' id='word_1_697' title='bbox 1092 4618 1400 4689; x_wconf 87' lang='grc' dir='ltr'>συνεισέλθῃ</span> <span class='ocrx_word' id='word_1_698' title='bbox 1445 4621 1511 4689; x_wconf 83' lang='grc' dir='ltr'>τῇ</span> <span class='ocrx_word' id='word_1_699' title='bbox 1558 4618 1819 4689; x_wconf 77' lang='grc' dir='ltr'>ὑπολήψει</span> <span class='ocrx_word' id='word_1_700' title='bbox 1864 4618 2036 4691; x_wconf 86' lang='grc' dir='ltr'>ταύτῃ</span> 
     </span>
    </p>
   </div>
   <div class='ocr_carea' id='block_1_94' title="bbox 463 4709 2040 4783">
    <p class='ocr_par' dir='ltr' id='par_1_94' title="bbox 463 4709 2040 4783">
     <span class='ocr_line' id='line_1_94' title="bbox 463 4709 2040 4783; baseline -0.002 -17"><span class='ocrx_word' id='word_1_701' title='bbox 463 4712 884 4783; x_wconf 83' lang='grc' dir='ltr'>διαστηματικόν</span> <span class='ocrx_word' id='word_1_702' title='bbox 915 4728 968 4763; x_wconf 89' lang='grc' dir='ltr'><strong>τι</strong></span> <span class='ocrx_word' id='word_1_703' title='bbox 1017 4709 1193 4780; x_wconf 87' lang='grc' dir='ltr'>νόημα</span> <span class='ocrx_word' id='word_1_704' title='bbox 1236 4710 1341 4780; x_wconf 85' lang='grc' dir='ltr'><strong>πρὸ</strong></span> <span class='ocrx_word' id='word_1_705' title='bbox 1378 4711 1476 4780; x_wconf 83' lang='grc' dir='ltr'><strong>τῆς</strong></span> <span class='ocrx_word' id='word_1_706' title='bbox 1519 4711 1613 4764; x_wconf 81' lang='grc' dir='ltr'>τοῦ</span> <span class='ocrx_word' id='word_1_707' title='bbox 1651 4710 1781 4763; x_wconf 87' lang='grc' dir='ltr'><strong>Υἱοῦ</strong></span> <span class='ocrx_word' id='word_1_708' title='bbox 1830 4711 2040 4763; x_wconf 83' lang='grc' dir='ltr'>ἀναδεί-</span> 
     </span>
    </p>
   </div>
   <div class='ocr_carea' id='block_1_95' title="bbox 469 4801 2034 4876">
    <p class='ocr_par' dir='ltr' id='par_1_95' title="bbox 469 4801 2034 4876">
     <span class='ocr_line' id='line_1_95' title="bbox 469 4801 2034 4876; baseline -0.003 -17"><span class='ocrx_word' id='word_1_709' title='bbox 469 4807 622 4870; x_wconf 81' lang='grc' dir='ltr'>ξεως,</span> <span class='ocrx_word' id='word_1_710' title='bbox 667 4808 734 4876; x_wconf 83' lang='grc' dir='ltr'>τῇ</span> <span class='ocrx_word' id='word_1_711' title='bbox 781 4803 892 4875; x_wconf 83' lang='grc' dir='ltr'><strong>ζωῇ</strong></span> <span class='ocrx_word' id='word_1_712' title='bbox 924 4801 1017 4857; x_wconf 84' lang='grc' dir='ltr'>τοῦ</span> <span class='ocrx_word' id='word_1_713' title='bbox 1059 4804 1445 4871; x_wconf 87' lang='grc' dir='ltr'>γεγεννηκότος</span> <span class='ocrx_word' id='word_1_714' title='bbox 1478 4802 1996 4875; x_wconf 89' lang='grc' dir='ltr'>παραμετρούμενον</span> <span class='ocrx_word' id='word_1_715' title='bbox 2021 4818 2034 4831; x_wconf 91' lang='grc'>·</span> 
     </span>
    </p>
   </div>
   <div class='ocr_carea' id='block_1_96' title="bbox 468 4894 2041 4968">
    <p class='ocr_par' dir='ltr' id='par_1_96' title="bbox 468 4894 2041 4968">
     <span class='ocr_line' id='line_1_96' title="bbox 468 4894 2041 4968; baseline -0.003 -16"><span class='ocrx_word' id='word_1_716' title='bbox 468 4894 513 4968; x_wconf 81' lang='grc' dir='ltr'>ᾧ</span> <span class='ocrx_word' id='word_1_717' title='bbox 556 4901 675 4952; x_wconf 84' lang='grc' dir='ltr'>κατ’</span> <span class='ocrx_word' id='word_1_718' title='bbox 720 4897 962 4965; x_wconf 86' lang='grc' dir='ltr'>ἀνάγκην</span> <span class='ocrx_word' id='word_1_719' title='bbox 1002 4894 1353 4965; x_wconf 88' lang='grc' dir='ltr'>ἀκολουθήσει</span> <span class='ocrx_word' id='word_1_720' title='bbox 1416 4896 1476 4949; x_wconf 84' lang='grc' dir='ltr'><strong>τὸ</strong></span> <span class='ocrx_word' id='word_1_721' title='bbox 1524 4896 1617 4948; x_wconf 75' lang='grc' dir='ltr'>καὶ</span> <span class='ocrx_word' id='word_1_722' title='bbox 1667 4895 1760 4948; x_wconf 79' lang='grc' dir='ltr'>τοῦ</span> <span class='ocrx_word' id='word_1_723' title='bbox 1828 4896 2041 4964; x_wconf 78' lang='grc' dir='ltr'>Πατρὸς</span> 
     </span>
    </p>
   </div>
   <div class='ocr_carea' id='block_1_97' title="bbox 468 4984 2042 5061">
    <p class='ocr_par' dir='ltr' id='par_1_97' title="bbox 468 4984 2042 5061">
     <span class='ocr_line' id='line_1_97' title="bbox 468 4984 2042 5061; baseline -0.003 -19"><span class='ocrx_word' id='word_1_724' title='bbox 468 4992 641 5061; x_wconf 90' lang='grc' dir='ltr'>ἀρχήν</span> <span class='ocrx_word' id='word_1_725' title='bbox 660 5007 777 5041; x_wconf 92' lang='grc' dir='ltr'>τινα</span> <span class='ocrx_word' id='word_1_726' title='bbox 799 4991 896 5058; x_wconf 83' lang='grc' dir='ltr'><strong>τῆς</strong></span> <span class='ocrx_word' id='word_1_727' title='bbox 923 4985 1067 5055; x_wconf 83' lang='grc' dir='ltr'>ζωῆς</span> <span class='ocrx_word' id='word_1_728' title='bbox 1094 4984 1442 5056; x_wconf 81' lang='grc' dir='ltr'>ὑπερθέσθαι,</span> <span class='ocrx_word' id='word_1_729' title='bbox 1469 4987 1588 5039; x_wconf 87' lang='grc' dir='ltr'>καθ’</span> <span class='ocrx_word' id='word_1_730' title='bbox 1621 4986 1688 5054; x_wconf 80' lang='grc' dir='ltr'><strong>ἢν</strong></span> <span class='ocrx_word' id='word_1_731' title='bbox 1714 4986 1775 5038; x_wconf 77' lang='grc' dir='ltr'><strong>τὸ</strong></span> <span class='ocrx_word' id='word_1_732' title='bbox 1804 4986 2042 5038; x_wconf 86' lang='grc' dir='ltr'>ἀναπλα-</span> 
     </span>
    </p>
   </div>
   <div class='ocr_carea' id='block_1_98' title="bbox 473 5076 2042 5149">
    <p class='ocr_par' dir='ltr' id='par_1_98' title="bbox 473 5076 2042 5149">
     <span class='ocr_line' id='line_1_98' title="bbox 473 5076 2042 5149; baseline -0.001 -18"><span class='ocrx_word' id='word_1_733' title='bbox 473 5080 595 5132; x_wconf 79' lang='grc' dir='ltr'>σθὲν</span> <span class='ocrx_word' id='word_1_734' title='bbox 615 5079 719 5149; x_wconf 80' lang='grc' dir='ltr'><strong>πρὸ</strong></span> <span class='ocrx_word' id='word_1_735' title='bbox 750 5078 912 5131; x_wconf 80' lang='grc' dir='ltr'>αὑτοῦ</span> <span class='ocrx_word' id='word_1_736' title='bbox 932 5077 1204 5148; x_wconf 83' lang='grc' dir='ltr'>διάστημα</span> <span class='ocrx_word' id='word_1_737' title='bbox 1234 5077 1420 5145; x_wconf 74' lang='grc' dir='ltr'>προϊὸν</span> <span class='ocrx_word' id='word_1_738' title='bbox 1442 5077 1534 5129; x_wconf 73' lang='grc' dir='ltr'>ἐπὶ</span> <span class='ocrx_word' id='word_1_739' title='bbox 1555 5076 1616 5128; x_wconf 86' lang='grc' dir='ltr'><strong>τὸ</strong></span> <span class='ocrx_word' id='word_1_740' title='bbox 1645 5076 1757 5129; x_wconf 77' lang='grc' dir='ltr'>ἄνω</span> <span class='ocrx_word' id='word_1_741' title='bbox 1787 5077 2042 5145; x_wconf 88' lang='grc' dir='ltr'>στήσεται</span> 
     </span>
    </p>
   </div>
   <div class='ocr_carea' id='block_1_99' title="bbox 473 5169 2041 5242">
    <p class='ocr_par' dir='ltr' id='par_1_99' title="bbox 473 5169 2041 5242">
     <span class='ocr_line' id='line_1_99' title="bbox 473 5169 2041 5242; baseline -0.002 -16"><span class='ocrx_word' id='word_1_742' title='bbox 473 5172 923 5242; x_wconf 72' lang='grc' dir='ltr'>συμπεριγράερον</span> <span class='ocrx_word' id='word_1_743' title='bbox 956 5169 1104 5240; x_wconf 87' lang='grc' dir='ltr'>αὑτῷ</span> <span class='ocrx_word' id='word_1_744' title='bbox 1141 5170 1238 5240; x_wconf 88' lang='grc' dir='ltr'><strong>τῆς</strong></span> <span class='ocrx_word' id='word_1_745' title='bbox 1272 5169 1759 5239; x_wconf 86' lang='grc' dir='ltr'>προεπινοηθείσης</span> <span class='ocrx_word' id='word_1_746' title='bbox 1797 5169 1887 5221; x_wconf 82' lang='grc' dir='ltr'>τοῦ</span> <span class='ocrx_word' id='word_1_747' title='bbox 1928 5171 2041 5223; x_wconf 89' lang='grc' dir='ltr'><strong>Πα-</strong></span> 
     </span>
    </p>
   </div>
   <div class='ocr_carea' id='block_1_100' title="bbox 472 5258 2043 5334">
    <p class='ocr_par' dir='ltr' id='par_1_100' title="bbox 472 5258 2043 5334">
     <span class='ocr_line' id='line_1_100' title="bbox 472 5258 2043 5334; baseline 0 -17"><span class='ocrx_word' id='word_1_748' title='bbox 472 5264 597 5334; x_wconf 83' lang='grc' dir='ltr'>τρὸς</span> <span class='ocrx_word' id='word_1_749' title='bbox 631 5263 772 5332; x_wconf 83' lang='grc' dir='ltr'>ζωῆς</span> <span class='ocrx_word' id='word_1_750' title='bbox 804 5262 900 5331; x_wconf 77' lang='grc' dir='ltr'>τὴν</span> <span class='ocrx_word' id='word_1_751' title='bbox 928 5262 1123 5333; x_wconf 85' lang='grc' dir='ltr'>ἀρχήν.</span> <span class='ocrx_word' id='word_1_752' title='bbox 1164 5261 1324 5314; x_wconf 83' lang='grc' dir='ltr'>Ἀλλὰ</span> <span class='ocrx_word' id='word_1_753' title='bbox 1352 5261 1413 5313; x_wconf 84' lang='grc' dir='ltr'><strong>τὸ</strong></span> <span class='ocrx_word' id='word_1_754' title='bbox 1436 5258 1495 5325; x_wconf 78' lang='grc' dir='ltr'>ἐξ</span> <span class='ocrx_word' id='word_1_755' title='bbox 1528 5260 1693 5315; x_wconf 82' lang='grc' dir='ltr'>αὑτοῦ</span> <span class='ocrx_word' id='word_1_756' title='bbox 1725 5263 2043 5333; x_wconf 80' lang='grc' dir='ltr'>ὁμολογοῦν-</span> 
     </span>
    </p>
   </div>
   <div class='ocr_carea' id='block_1_101' title="bbox 472 5352 2043 5427">
    <p class='ocr_par' dir='ltr' id='par_1_101' title="bbox 472 5352 2043 5427">
     <span class='ocr_line' id='line_1_101' title="bbox 472 5352 2043 5427; baseline 0.001 -19"><span class='ocrx_word' id='word_1_757' title='bbox 472 5373 590 5418; x_wconf 81' lang='grc' dir='ltr'>τας,</span> <span class='ocrx_word' id='word_1_758' title='bbox 617 5355 719 5407; x_wconf 78' lang='grc' dir='ltr'>κᾶν</span> <span class='ocrx_word' id='word_1_759' title='bbox 741 5352 1006 5424; x_wconf 85' lang='grc' dir='ltr'>τολμηρόν</span> <span class='ocrx_word' id='word_1_760' title='bbox 1040 5371 1090 5406; x_wconf 89' lang='grc' dir='ltr'><strong>τι</strong></span> <span class='ocrx_word' id='word_1_761' title='bbox 1126 5354 1415 5424; x_wconf 82' lang='grc' dir='ltr'>φαίνηται,</span> <span class='ocrx_word' id='word_1_762' title='bbox 1449 5352 1545 5406; x_wconf 70' lang='grc' dir='ltr'><strong>καὶ</strong></span> <span class='ocrx_word' id='word_1_763' title='bbox 1581 5353 1642 5406; x_wconf 80' lang='grc' dir='ltr'><strong>τὸ</strong></span> <span class='ocrx_word' id='word_1_764' title='bbox 1674 5355 1768 5408; x_wconf 84' lang='grc' dir='ltr'><strong>σὺν</strong></span> <span class='ocrx_word' id='word_1_765' title='bbox 1797 5354 1943 5425; x_wconf 86' lang='grc' dir='ltr'>αὑτῷ</span> <span class='ocrx_word' id='word_1_766' title='bbox 1969 5356 2043 5427; x_wconf 83' lang='grc' dir='ltr'><strong>μὴ</strong></span> 
     </span>
    </p>
   </div>
   <div class='ocr_carea' id='block_1_102' title="bbox 476 5446 2046 5521">
    <p class='ocr_par' dir='ltr' id='par_1_102' title="bbox 476 5446 2046 5521">
     <span class='ocr_line' id='line_1_102' title="bbox 476 5446 2046 5521; baseline 0 -18"><span class='ocrx_word' id='word_1_767' title='bbox 476 5446 773 5519; x_wconf 84' lang='grc' dir='ltr'>ἀρνεῖσθαι,</span> <span class='ocrx_word' id='word_1_768' title='bbox 816 5446 920 5499; x_wconf 86' lang='grc' dir='ltr'><strong>ὑπὸ</strong></span> <span class='ocrx_word' id='word_1_769' title='bbox 962 5447 1059 5517; x_wconf 87' lang='grc' dir='ltr'><strong>τῆς</strong></span> <span class='ocrx_word' id='word_1_770' title='bbox 1090 5448 1148 5499; x_wconf 82' lang='grc' dir='ltr'>ὲν</span> <span class='ocrx_word' id='word_1_771' title='bbox 1176 5450 1293 5510; x_wconf 87' lang='grc' dir='ltr'>ταῖς</span> <span class='ocrx_word' id='word_1_772' title='bbox 1325 5447 1623 5517; x_wconf 86' lang='grc' dir='ltr'>ὑποθήκαις</span> <span class='ocrx_word' id='word_1_773' title='bbox 1666 5449 1886 5520; x_wconf 83' lang='grc' dir='ltr'>Γραφῆς</span> <span class='ocrx_word' id='word_1_774' title='bbox 1910 5451 2046 5521; x_wconf 85' lang='grc' dir='ltr'>πρὸς</span> 
     </span>
    </p>
   </div>
   <div class='ocr_carea' id='block_1_103' title="bbox 475 5537 2044 5612">
    <p class='ocr_par' dir='ltr' id='par_1_103' title="bbox 475 5537 2044 5612">
     <span class='ocr_line' id='line_1_103' title="bbox 475 5537 2044 5612; baseline 0.019 -25"><span class='ocrx_word' id='word_1_775' title='bbox 475 5540 573 5609; x_wconf 83' lang='grc' dir='ltr'><strong>τὴν</strong></span> <span class='ocrx_word' id='word_1_776' title='bbox 601 5537 804 5591; x_wconf 75' lang='grc' dir='ltr'>ἔννοιαν</span> <span class='ocrx_word' id='word_1_777' title='bbox 845 5537 1047 5608; x_wconf 85' lang='grc' dir='ltr'>ταύτην</span> <span class='ocrx_word' id='word_1_778' title='bbox 1083 5537 1493 5610; x_wconf 80' lang='grc' dir='ltr'>ὁδηγουμένους-</span> <span class='ocrx_word' id='word_1_779' title='bbox 1528 5543 1917 5612; x_wconf 78' lang='grc' dir='ltr'>Ἀπαύγασμα</span> <span class='ocrx_word' id='word_1_780' title='bbox 1939 5541 2044 5611; x_wconf 69' lang='grc' dir='ltr'><strong>γὰρ</strong></span> 
     </span>
    </p>
   </div>
   <div class='ocr_carea' id='block_1_104' title="bbox 478 5630 2045 5701">
    <p class='ocr_par' dir='ltr' id='par_1_104' title="bbox 478 5630 2045 5701">
     <span class='ocr_line' id='line_1_104' title="bbox 478 5630 2045 5701; baseline -0.003 -12"><span class='ocrx_word' id='word_1_781' title='bbox 478 5631 674 5688; x_wconf 76' lang='grc' dir='ltr'>ἀϊδίου</span> <span class='ocrx_word' id='word_1_782' title='bbox 697 5630 891 5701; x_wconf 72' lang='grc' dir='ltr'>φωτὸς</span> <span class='ocrx_word' id='word_1_783' title='bbox 912 5633 1062 5698; x_wconf 87' lang='grc' dir='ltr'>παρὰ</span> <span class='ocrx_word' id='word_1_784' title='bbox 1073 5634 1171 5701; x_wconf 75' lang='grc' dir='ltr'><strong>τῆς</strong></span> <span class='ocrx_word' id='word_1_785' title='bbox 1191 5631 1391 5698; x_wconf 76' lang='grc' dir='ltr'>Σοφίας</span> <span class='ocrx_word' id='word_1_786' title='bbox 1428 5630 1778 5693; x_wconf 84' lang='grc' dir='ltr'>ἀκούσαντες,</span> <span class='ocrx_word' id='word_1_787' title='bbox 1830 5649 2045 5686; x_wconf 86' lang='grc' dir='ltr'>συνεπι-</span> 
     </span>
    </p>
   </div>
   <div class='ocr_carea' id='block_1_105' title="bbox 482 5717 2043 5794">
    <p class='ocr_par' dir='ltr' id='par_1_105' title="bbox 482 5717 2043 5794">
     <span class='ocr_line' id='line_1_105' title="bbox 482 5717 2043 5794; baseline -0.006 -17"><span class='ocrx_word' id='word_1_788' title='bbox 482 5724 790 5793; x_wconf 81' lang='grc' dir='ltr'>θεωρουμεν</span> <span class='ocrx_word' id='word_1_789' title='bbox 833 5724 899 5792; x_wconf 78' lang='grc' dir='ltr'>τῇ</span> <span class='ocrx_word' id='word_1_790' title='bbox 950 5721 1210 5794; x_wconf 85' lang='grc' dir='ltr'>ἁῖδιότητι</span> <span class='ocrx_word' id='word_1_791' title='bbox 1275 5721 1369 5776; x_wconf 81' lang='grc' dir='ltr'>τοῦ</span> <span class='ocrx_word' id='word_1_792' title='bbox 1442 5718 1801 5791; x_wconf 88' lang='grc' dir='ltr'>πρωτοτύπου</span> <span class='ocrx_word' id='word_1_793' title='bbox 1872 5717 2043 5786; x_wconf 80' lang='grc' dir='ltr'>φωτὸς</span> 
     </span>
    </p>
   </div>
   <div class='ocr_carea' id='block_1_106' title="bbox 484 5806 2043 5882">
    <p class='ocr_par' dir='ltr' id='par_1_106' title="bbox 484 5806 2043 5882">
     <span class='ocr_line' id='line_1_106' title="bbox 484 5806 2043 5882; baseline -0.002 -13"><span class='ocrx_word' id='word_1_794' title='bbox 484 5816 543 5869; x_wconf 73' lang='grc' dir='ltr'>τὸ</span> <span class='ocrx_word' id='word_1_795' title='bbox 567 5815 923 5882; x_wconf 80' lang='grc' dir='ltr'>ἀπαύγασμα,</span> <span class='ocrx_word' id='word_1_796' title='bbox 960 5810 1052 5864; x_wconf 64' lang='grc' dir='ltr'>καὶ</span> <span class='ocrx_word' id='word_1_797' title='bbox 1086 5811 1145 5861; x_wconf 79' lang='grc' dir='ltr'><strong>τὸ</strong></span> <span class='ocrx_word' id='word_1_798' title='bbox 1183 5809 1351 5861; x_wconf 79' lang='grc' dir='ltr'>αἴτιον</span> <span class='ocrx_word' id='word_1_799' title='bbox 1383 5806 1476 5859; x_wconf 80' lang='grc' dir='ltr'>τοῦ</span> <span class='ocrx_word' id='word_1_800' title='bbox 1504 5807 1931 5881; x_wconf 84' lang='grc' dir='ltr'>ἀπαυγάσματος</span> <span class='ocrx_word' id='word_1_801' title='bbox 1959 5813 2043 5867; x_wconf 85' lang='grc' dir='ltr'>ἐν-</span> 
     </span>
    </p>
   </div>
   <div class='ocr_carea' id='block_1_107' title="bbox 806 5901 1462 5968">
    <p class='ocr_par' dir='ltr' id='par_1_107' title="bbox 806 5901 1462 5968">
     <span class='ocr_line' id='line_1_107' title="bbox 806 5901 1462 5968; baseline -0.009 0"><span class='ocrx_word' id='word_1_802' title='bbox 806 5908 1076 5968; x_wconf 65' lang='lat' dir='ltr'><strong>Ps’rnot.</strong></span> <span class='ocrx_word' id='word_1_803' title='bbox 1122 5903 1167 5963; x_wconf 63' lang='grc' dir='ltr'><strong>(Β</strong></span> <span class='ocrx_word' id='word_1_804' title='bbox 1182 5921 1238 5963; x_wconf 82' lang='lat' dir='ltr'><strong>n.</strong></span> <span class='ocrx_word' id='word_1_805' title='bbox 1273 5901 1462 5963; x_wconf 78' lang='lat' dir='ltr'><strong>XLV.</strong></span> 
     </span>
    </p>
   </div>
   <div class='ocr_carea' id='block_1_108' title="bbox 2141 4611 3723 4686">
    <p class='ocr_par' dir='ltr' id='par_1_108' title="bbox 2141 4611 3723 4686">
     <span class='ocr_line' id='line_1_108' title="bbox 2141 4611 3723 4686; baseline -0.005 -13"><span class='ocrx_word' id='word_1_806' title='bbox 2141 4621 2313 4675; x_wconf 87' lang='lat' dir='ltr'><strong>solam</strong></span> <span class='ocrx_word' id='word_1_807' title='bbox 2372 4616 2627 4686; x_wconf 89' lang='lat' dir='ltr'><strong>principii</strong></span> <span class='ocrx_word' id='word_1_808' title='bbox 2686 4618 2957 4669; x_wconf 87' lang='lat' dir='ltr'><strong>rationem</strong></span> <span class='ocrx_word' id='word_1_809' title='bbox 3024 4614 3444 4684; x_wconf 74' lang='lat' dir='ltr'><strong>prazintelligerc</strong></span> <span class='ocrx_word' id='word_1_810' title='bbox 3503 4611 3723 4666; x_wconf 89' lang='lat' dir='ltr'><strong>Patrem</strong></span> 
     </span>
    </p>
   </div>
   <div class='ocr_carea' id='block_1_109' title="bbox 2141 4702 3721 4777">
    <p class='ocr_par' dir='ltr' id='par_1_109' title="bbox 2141 4702 3721 4777">
     <span class='ocr_line' id='line_1_109' title="bbox 2141 4702 3721 4777; baseline -0.005 -14"><span class='ocrx_word' id='word_1_811' title='bbox 2141 4709 2296 4770; x_wconf 89' lang='lat' dir='ltr'><strong>Filio,</strong></span> <span class='ocrx_word' id='word_1_812' title='bbox 2334 4723 2510 4777; x_wconf 89' lang='lat' dir='ltr'><strong>neque</strong></span> <span class='ocrx_word' id='word_1_813' title='bbox 2538 4706 2718 4761; x_wconf 89' lang='lat' dir='ltr'><strong>Patris</strong></span> <span class='ocrx_word' id='word_1_814' title='bbox 2742 4708 2855 4759; x_wconf 91' lang='lat' dir='ltr'><strong>vita</strong></span> <span class='ocrx_word' id='word_1_815' title='bbox 2885 4705 3202 4774; x_wconf 87' lang='lat' dir='ltr'><strong>separatim,</strong></span> <span class='ocrx_word' id='word_1_816' title='bbox 3229 4712 3285 4757; x_wconf 84' lang='lat' dir='ltr'><strong>et</strong></span> <span class='ocrx_word' id='word_1_817' title='bbox 3307 4702 3467 4773; x_wconf 89' lang='lat' dir='ltr'><strong>quasi</strong></span> <span class='ocrx_word' id='word_1_818' title='bbox 3502 4705 3721 4773; x_wconf 83' lang='lat' dir='ltr'><strong>propria</strong></span> 
     </span>
    </p>
   </div>
   <div class='ocr_carea' id='block_1_110' title="bbox 2144 4793 3723 4867">
    <p class='ocr_par' dir='ltr' id='par_1_110' title="bbox 2144 4793 3723 4867">
     <span class='ocr_line' id='line_1_110' title="bbox 2144 4793 3723 4867; baseline -0.006 -14"><span class='ocrx_word' id='word_1_819' title='bbox 2144 4801 2313 4864; x_wconf 88' lang='lat' dir='ltr'><strong>illius,</strong></span> <span class='ocrx_word' id='word_1_820' title='bbox 2355 4808 2483 4853; x_wconf 76' lang='lat' dir='ltr'><strong>ante</strong></span> <span class='ocrx_word' id='word_1_821' title='bbox 2527 4796 2648 4851; x_wconf 89' lang='lat' dir='ltr'><strong>Filii</strong></span> <span class='ocrx_word' id='word_1_822' title='bbox 2698 4796 3104 4867; x_wconf 87' lang='lat' dir='ltr'><strong>generationem</strong></span> <span class='ocrx_word' id='word_1_823' title='bbox 3153 4793 3452 4865; x_wconf 88' lang='lat' dir='ltr'><strong>spectanda</strong></span> <span class='ocrx_word' id='word_1_824' title='bbox 3496 4803 3603 4855; x_wconf 73' lang='grc' dir='ltr'>εει,</span> <span class='ocrx_word' id='word_1_825' title='bbox 3653 4806 3723 4845; x_wconf 86' lang='lat' dir='ltr'><strong>ne</strong></span> 
     </span>
    </p>
   </div>
   <div class='ocr_carea' id='block_1_111' title="bbox 2143 4882 3721 4956">
    <p class='ocr_par' dir='ltr' id='par_1_111' title="bbox 2143 4882 3721 4956">
     <span class='ocr_line' id='line_1_111' title="bbox 2143 4882 3721 4956; baseline -0.006 -10"><span class='ocrx_word' id='word_1_826' title='bbox 2143 4894 2326 4946; x_wconf 87' lang='lat' dir='ltr'><strong>animo</strong></span> <span class='ocrx_word' id='word_1_827' title='bbox 2380 4893 2574 4945; x_wconf 85' lang='lat' dir='ltr'><strong>subeat</strong></span> <span class='ocrx_word' id='word_1_828' title='bbox 2634 4889 2904 4943; x_wconf 87' lang='lat' dir='ltr'><strong>intervalli</strong></span> <span class='ocrx_word' id='word_1_829' title='bbox 2936 4887 3172 4954; x_wconf 87' lang='lat' dir='ltr'><strong>alicujus</strong></span> <span class='ocrx_word' id='word_1_830' title='bbox 3227 4886 3527 4956; x_wconf 85' lang='lat' dir='ltr'><strong>cogitatio,</strong></span> <span class='ocrx_word' id='word_1_831' title='bbox 3570 4882 3721 4954; x_wconf 84' lang='lat' dir='ltr'><strong>quod</strong></span> 
     </span>
    </p>
   </div>
   <div class='ocr_carea' id='block_1_112' title="bbox 2143 4977 3721 5053">
    <p class='ocr_par' dir='ltr' id='par_1_112' title="bbox 2143 4977 3721 5053">
     <span class='ocr_line' id='line_1_112' title="bbox 2143 4977 3721 5053; baseline -0.003 -16"><span class='ocrx_word' id='word_1_832' title='bbox 2143 4996 2268 5039; x_wconf 83' lang='lat' dir='ltr'><strong>ante</strong></span> <span class='ocrx_word' id='word_1_833' title='bbox 2300 4983 2418 5038; x_wconf 87' lang='lat' dir='ltr'><strong>Filii</strong></span> <span class='ocrx_word' id='word_1_834' title='bbox 2456 4983 2856 5053; x_wconf 83' lang='lat' dir='ltr'><strong>generationem</strong></span> <span class='ocrx_word' id='word_1_835' title='bbox 2903 4997 3027 5033; x_wconf 75' lang='lat' dir='ltr'><strong>cum</strong></span> <span class='ocrx_word' id='word_1_836' title='bbox 3069 4979 3189 5047; x_wconf 88' lang='lat' dir='ltr'><strong>ipso</strong></span> <span class='ocrx_word' id='word_1_837' title='bbox 3220 4977 3387 5033; x_wconf 87' lang='lat' dir='ltr'><strong>Patre</strong></span> <span class='ocrx_word' id='word_1_838' title='bbox 3423 4988 3721 5049; x_wconf 87' lang='lat' dir='ltr'><strong>generante</strong></span> 
     </span>
    </p>
   </div>
   <div class='ocr_carea' id='block_1_113' title="bbox 2145 5066 3719 5137">
    <p class='ocr_par' dir='ltr' id='par_1_113' title="bbox 2145 5066 3719 5137">
     <span class='ocr_line' id='line_1_113' title="bbox 2145 5066 3719 5137; baseline -0.004 -9"><span class='ocrx_word' id='word_1_839' title='bbox 2145 5075 2305 5129; x_wconf 88' lang='lat' dir='ltr'><strong>simul</strong></span> <span class='ocrx_word' id='word_1_840' title='bbox 2371 5071 2675 5135; x_wconf 84' lang='lat' dir='ltr'><strong>exstiterit;</strong></span> <span class='ocrx_word' id='word_1_841' title='bbox 2717 5086 2781 5122; x_wconf 77' lang='lat' dir='ltr'><strong>ex</strong></span> <span class='ocrx_word' id='word_1_842' title='bbox 2827 5084 2936 5137; x_wconf 86' lang='lat' dir='ltr'><strong>quo</strong></span> <span class='ocrx_word' id='word_1_843' title='bbox 2984 5068 3301 5122; x_wconf 89' lang='lat' dir='ltr'><strong>necessario</strong></span> <span class='ocrx_word' id='word_1_844' title='bbox 3343 5066 3719 5131; x_wconf 89' lang='lat' dir='ltr'><strong>concluditur,</strong></span> 
     </span>
    </p>
   </div>
   <div class='ocr_carea' id='block_1_114' title="bbox 2143 5157 3725 5228">
    <p class='ocr_par' dir='ltr' id='par_1_114' title="bbox 2143 5157 3725 5228">
     <span class='ocr_line' id='line_1_114' title="bbox 2143 5157 3725 5228; baseline -0.005 -7"><span class='ocrx_word' id='word_1_845' title='bbox 2143 5169 2306 5221; x_wconf 88' lang='lat' dir='ltr'><strong>etiam</strong></span> <span class='ocrx_word' id='word_1_846' title='bbox 2348 5167 2471 5218; x_wconf 74' lang='lat' dir='ltr'><strong>vita:</strong></span> <span class='ocrx_word' id='word_1_847' title='bbox 2519 5174 2574 5217; x_wconf 86' lang='lat' dir='ltr'><strong>et</strong></span> <span class='ocrx_word' id='word_1_848' title='bbox 2614 5161 2950 5216; x_wconf 66' lang='lat' dir='ltr'><strong>exsisteutiaa</strong></span> <span class='ocrx_word' id='word_1_849' title='bbox 2993 5159 3175 5213; x_wconf 89' lang='lat' dir='ltr'><strong>Patris</strong></span> <span class='ocrx_word' id='word_1_850' title='bbox 3226 5157 3557 5228; x_wconf 88' lang='lat' dir='ltr'><strong>principium</strong></span> <span class='ocrx_word' id='word_1_851' title='bbox 3598 5173 3725 5213; x_wconf 85' lang='lat' dir='ltr'><strong>esse</strong></span> 
     </span>
    </p>
   </div>
   <div class='ocr_carea' id='block_1_115' title="bbox 2146 5247 3724 5325">
    <p class='ocr_par' dir='ltr' id='par_1_115' title="bbox 2146 5247 3724 5325">
     <span class='ocr_line' id='line_1_115' title="bbox 2146 5247 3724 5325; baseline -0.005 -11"><span class='ocrx_word' id='word_1_852' title='bbox 2146 5256 2569 5319; x_wconf 80' lang='lat' dir='ltr'><strong>admittendum,</strong></span> <span class='ocrx_word' id='word_1_853' title='bbox 2598 5270 2629 5309; x_wconf 91' lang='lat' dir='ltr'><strong>a</strong></span> <span class='ocrx_word' id='word_1_854' title='bbox 2661 5270 2770 5325; x_wconf 94' lang='lat' dir='ltr'><strong>quo</strong></span> <span class='ocrx_word' id='word_1_855' title='bbox 2801 5253 3096 5308; x_wconf 83' lang='lat' dir='ltr'><strong>conﬁctum</strong></span> <span class='ocrx_word' id='word_1_856' title='bbox 3131 5252 3199 5307; x_wconf 88' lang='lat' dir='ltr'><strong>ab</strong></span> <span class='ocrx_word' id='word_1_857' title='bbox 3231 5253 3339 5307; x_wconf 90' lang='lat' dir='ltr'><strong>isto</strong></span> <span class='ocrx_word' id='word_1_858' title='bbox 3374 5247 3724 5307; x_wconf 86' lang='lat' dir='ltr'><strong>intervallum</strong></span> 
     </span>
    </p>
   </div>
   <div class='ocr_carea' id='block_1_116' title="bbox 2145 5345 3727 5424">
    <p class='ocr_par' dir='ltr' id='par_1_116' title="bbox 2145 5345 3727 5424">
     <span class='ocr_line' id='line_1_116' title="bbox 2145 5345 3727 5424; baseline -0.007 -15"><span class='ocrx_word' id='word_1_859' title='bbox 2145 5352 2449 5424; x_wconf 88' lang='lat' dir='ltr'><strong>procedens</strong></span> <span class='ocrx_word' id='word_1_860' title='bbox 2476 5350 2683 5405; x_wconf 88' lang='lat' dir='ltr'><strong>ibidem.</strong></span> <span class='ocrx_word' id='word_1_861' title='bbox 2700 5364 2768 5403; x_wconf 85' lang='lat' dir='ltr'><strong>ex</strong></span> <span class='ocrx_word' id='word_1_862' title='bbox 2800 5362 3000 5417; x_wconf 83' lang='lat' dir='ltr'><strong>supera</strong></span> <span class='ocrx_word' id='word_1_863' title='bbox 3035 5354 3191 5417; x_wconf 89' lang='lat' dir='ltr'><strong>parte</strong></span> <span class='ocrx_word' id='word_1_864' title='bbox 3218 5345 3472 5411; x_wconf 89' lang='lat' dir='ltr'><strong>ﬁnietur;</strong></span> <span class='ocrx_word' id='word_1_865' title='bbox 3505 5360 3727 5401; x_wconf 80' lang='lat' dir='ltr'><strong>secum-</strong></span> 
     </span>
    </p>
   </div>
   <div class='ocr_carea' id='block_1_117' title="bbox 2146 5436 3725 5515">
    <p class='ocr_par' dir='ltr' id='par_1_117' title="bbox 2146 5436 3725 5515">
     <span class='ocr_line' id='line_1_117' title="bbox 2146 5436 3725 5515; baseline -0.005 -16"><span class='ocrx_word' id='word_1_866' title='bbox 2146 5460 2250 5515; x_wconf 87' lang='lat' dir='ltr'><strong>que</strong></span> <span class='ocrx_word' id='word_1_867' title='bbox 2295 5443 2498 5514; x_wconf 86' lang='lat' dir='ltr'><strong>pariter</strong></span> <span class='ocrx_word' id='word_1_868' title='bbox 2552 5440 2772 5495; x_wconf 88' lang='lat' dir='ltr'><strong>deﬁniet</strong></span> <span class='ocrx_word' id='word_1_869' title='bbox 2826 5449 2879 5493; x_wconf 91' lang='lat' dir='ltr'><strong>ct</strong></span> <span class='ocrx_word' id='word_1_870' title='bbox 2936 5438 3353 5493; x_wconf 87' lang='lat' dir='ltr'><strong>circumscribet</strong></span> <span class='ocrx_word' id='word_1_871' title='bbox 3391 5436 3725 5511; x_wconf 86' lang='lat' dir='ltr'><strong>principium</strong></span> 
     </span>
    </p>
   </div>
   <div class='ocr_carea' id='block_1_118' title="bbox 2145 5525 3725 5607">
    <p class='ocr_par' dir='ltr' id='par_1_118' title="bbox 2145 5525 3725 5607">
     <span class='ocr_line' id='line_1_118' title="bbox 2145 5525 3725 5607; baseline -0.007 -16"><span class='ocrx_word' id='word_1_872' title='bbox 2145 5534 2541 5607; x_wconf 71' lang='lat' dir='ltr'><strong>praeiutellectae</strong></span> <span class='ocrx_word' id='word_1_873' title='bbox 2585 5540 2639 5586; x_wconf 74' lang='lat' dir='ltr'><strong>et</strong></span> <span class='ocrx_word' id='word_1_874' title='bbox 2664 5529 3091 5601; x_wconf 74' lang='lat' dir='ltr'><strong>pracexsisteutis</strong></span> <span class='ocrx_word' id='word_1_875' title='bbox 3108 5533 3233 5582; x_wconf 69' lang='lat' dir='ltr'><strong>vitae</strong></span> <span class='ocrx_word' id='word_1_876' title='bbox 3258 5527 3459 5582; x_wconf 89' lang='lat' dir='ltr'><strong>Patris.</strong></span> <span class='ocrx_word' id='word_1_877' title='bbox 3487 5525 3725 5581; x_wconf 82' lang='lat' dir='ltr'><strong>Verum-</strong></span> 
     </span>
    </p>
   </div>
   <div class='ocr_carea' id='block_1_119' title="bbox 2146 5617 3727 5694">
    <p class='ocr_par' dir='ltr' id='par_1_119' title="bbox 2146 5617 3727 5694">
     <span class='ocr_line' id='line_1_119' title="bbox 2146 5617 3727 5694; baseline -0.006 -11"><span class='ocrx_word' id='word_1_878' title='bbox 2146 5628 2425 5683; x_wconf 88' lang='lat' dir='ltr'><strong>enimvero</strong></span> <span class='ocrx_word' id='word_1_879' title='bbox 2472 5641 2616 5687; x_wconf 74' lang='lat' dir='ltr'><strong>eunt,</strong></span> <span class='ocrx_word' id='word_1_880' title='bbox 2663 5639 2821 5694; x_wconf 90' lang='lat' dir='ltr'><strong>quem</strong></span> <span class='ocrx_word' id='word_1_881' title='bbox 2868 5638 2935 5677; x_wconf 78' lang='lat' dir='ltr'><strong>ex</strong></span> <span class='ocrx_word' id='word_1_882' title='bbox 2986 5621 3150 5677; x_wconf 89' lang='lat' dir='ltr'><strong>Patre</strong></span> <span class='ocrx_word' id='word_1_883' title='bbox 3208 5619 3504 5690; x_wconf 86' lang='lat' dir='ltr'><strong>procedere</strong></span> <span class='ocrx_word' id='word_1_884' title='bbox 3552 5617 3727 5674; x_wconf 80' lang='lat' dir='ltr'><strong>conli-</strong></span> 
     </span>
    </p>
   </div>
   <div class='ocr_carea' id='block_1_120' title="bbox 2147 5713 3727 5783">
    <p class='ocr_par' dir='ltr' id='par_1_120' title="bbox 2147 5713 3727 5783">
     <span class='ocr_line' id='line_1_120' title="bbox 2147 5713 3727 5783; baseline -0.007 -10"><span class='ocrx_word' id='word_1_885' title='bbox 2147 5727 2346 5783; x_wconf 89' lang='lat' dir='ltr'><strong>temur,</strong></span> <span class='ocrx_word' id='word_1_886' title='bbox 2396 5718 2611 5775; x_wconf 89' lang='lat' dir='ltr'><strong>etiamsi</strong></span> <span class='ocrx_word' id='word_1_887' title='bbox 2646 5717 2862 5771; x_wconf 82' lang='lat' dir='ltr'><strong>facinus</strong></span> <span class='ocrx_word' id='word_1_888' title='bbox 2894 5715 3073 5770; x_wconf 81' lang='lat' dir='ltr'><strong>audax</strong></span> <span class='ocrx_word' id='word_1_889' title='bbox 3119 5713 3391 5776; x_wconf 83' lang='lat' dir='ltr'><strong>videatur,</strong></span> <span class='ocrx_word' id='word_1_890' title='bbox 3410 5726 3523 5766; x_wconf 89' lang='lat' dir='ltr'><strong>non</strong></span> <span class='ocrx_word' id='word_1_891' title='bbox 3563 5727 3727 5783; x_wconf 76' lang='lat' dir='ltr'><strong>nege-</strong></span> 
     </span>
    </p>
   </div>
   <div class='ocr_carea' id='block_1_121' title="bbox 2149 5803 3728 5882">
    <p class='ocr_par' dir='ltr' id='par_1_121' title="bbox 2149 5803 3728 5882">
     <span class='ocr_line' id='line_1_121' title="bbox 2149 5803 3728 5882; baseline -0.007 -13"><span class='ocrx_word' id='word_1_892' title='bbox 2149 5828 2274 5870; x_wconf 84' lang='lat' dir='ltr'><strong>mus</strong></span> <span class='ocrx_word' id='word_1_893' title='bbox 2302 5811 2466 5869; x_wconf 86' lang='lat' dir='ltr'><strong>simul</strong></span> <span class='ocrx_word' id='word_1_894' title='bbox 2495 5825 2622 5869; x_wconf 88' lang='lat' dir='ltr'><strong>cum</strong></span> <span class='ocrx_word' id='word_1_895' title='bbox 2662 5810 2782 5882; x_wconf 87' lang='lat' dir='ltr'><strong>ipso</strong></span> <span class='ocrx_word' id='word_1_896' title='bbox 2817 5822 2962 5876; x_wconf 85' lang='lat' dir='ltr'><strong>esse,</strong></span> <span class='ocrx_word' id='word_1_897' title='bbox 3005 5807 3072 5864; x_wconf 81' lang='lat' dir='ltr'><strong>in.</strong></span> <span class='ocrx_word' id='word_1_898' title='bbox 3103 5806 3242 5862; x_wconf 88' lang='lat' dir='ltr'><strong>hanc</strong></span> <span class='ocrx_word' id='word_1_899' title='bbox 3281 5804 3611 5861; x_wconf 84' lang='lat' dir='ltr'><strong>sententiam</strong></span> <span class='ocrx_word' id='word_1_900' title='bbox 3657 5803 3728 5859; x_wconf 82' lang='lat' dir='ltr'><strong>ab</strong></span> 
     </span>
    </p>
   </div>
   <div class='ocr_carea' id='block_1_122' title="bbox 3325 5894 3402 5957">
    <p class='ocr_par' dir='ltr' id='par_1_122' title="bbox 3325 5894 3402 5957">
     <span class='ocr_line' id='line_1_122' title="bbox 3325 5894 3402 5957; baseline -0.039 0"><span class='ocrx_word' id='word_1_901' title='bbox 3325 5894 3402 5957; x_wconf 75' lang='grc'><strong>12</strong></span> 
     </span>
    </p>
   </div>
  </div>
