4166 6372
489 299 594 354 5ϋῦ
1725 294 1782 349 S.
1825 294 2150 353 GREGORII
2192 293 2486 351 NYSSLNI
3616 294 3720 350 56‘

479 412 613 479 ipsis
649 421 816 463 sacrae
847 405 1142 476 Scriptura:
1175 407 1411 461 oraculis
1434 405 1607 464 ducti.
1638 406 1773 462 Cum
1811 426 1955 464 enim
1983 413 2050 468 ab

2153 410 2418 474 νοοῦντες,
2445 407 2538 463 καί
2563 409 2623 461 τὸ
2658 407 3022 479 πρεσόύτερον
3051 407 3110 460 οὑ
3139 406 3447 477 δεχόμενοι·
3494 409 3586 462 καὶ
3625 410 3718 462 οὖ-

478 517 595 571 tpsa
667 499 946 570 Sapientia
1006 498 1302 564 audimus,
1359 514 1482 552 eum
1541 511 1665 554 esse
1721 501 2048 568 splendorem

2153 521 2253 566 τως
2281 505 2410 572 ἡμῖν
2434 503 2462 554 ό
2497 501 2594 570 τῆς
2629 499 2905 562 εὐσεϐείας
2943 498 3332 570 διασωθήσεται
3360 499 3514 567 λόγος
3537 517 3550 530 ·
3599 501 3720 553 οὔτε

477 592 658 646 ωιενηί
693 590 1001 652 luminis",
1045 589 1231 644 statim
1274 599 1452 643 mente
1477 591 1815 657 concipimus
1868 593 2047 660 ipsum

2153 594 2224 664 τῷ
2254 592 2366 664 Υἰῷ
2397 591 2496 661 τῆς
2540 591 2681 661 ζωῆς
2726 591 2817 642 ἐπὶ
2866 590 2925 642 τὸ
2957 590 3069 643 ἄνω
3097 590 3422 661 λειπούσης,
3469 589 3592 644 οὕτε
3627 595 3724 660 τῆς

475 683 1102 754 splendoreui.tanquam
1138 696 1290 749 aeque
1320 691 1578 734 atternum
1605 696 1670 733 ac
1700 682 1880 735 lumen
1912 684 2043 738 illtid

2153 685 2446 753 ἀῖδιότητος
2473 682 2566 735 τού
2594 669 2803 751 Πατρὺς
2828 683 2883 733 ἐν
2909 681 2985 750 τῷ
3011 681 3228 752 ὁριστὴν
3256 681 3604 736 ὑποτίθεσθαι
3629 683 3722 735 τοῦ

476 776 754 843 princeps,
778 789 841 827 ex
871 787 979 842 quo
1009 771 1498 840 splendorcmicuit
1523 789 1537 838 ;
1564 772 1801 840 dumque
1821 788 2044 828 causam

2155 775 2285 827 Υἰοῦ
2313 775 2410 845 τὴν
2436 775 2608 844 ἀρχὴν
2633 771 3047 842 κολοϐουμένης.

474 878 527 921 et
556 865 878 936 principium
906 861 1207 933 splendoris
1249 862 1617 932 intelligimus.
1672 865 1832 916 simul
1861 865 2026 918 etiam
2062 866 2327 920 rationem
2407 864 2730 934 antiquioris
2777 877 2871 918 seu
2909 863 3106 932 prioris
3158 865 3546 934 repudiamus:
3615 881 3724 935 quo

479 960 558 1024 iit,
592 967 650 1011 ut
682 957 825 1028 quod
889 958 973 1025 pie
997 957 1154 1010 nobis
1177 957 1436 1010 traditum
1469 965 1572 1018 est,
1610 957 1929 1010 inviolatum
1965 958 2328 1020 custodiatur,
2369 955 2495 1010 dum
2524 972 2699 1026 neque
2731 956 2841 1008 vita
2901 955 3024 1008 Filii
3083 956 3247 1024 priori
3309 957 3490 1026 aliquo
3557 958 3726 1011 inter-

479 1052 619 1104 vallo
669 1050 866 1113 deficit,
904 1063 1077 1116 neque
1125 1049 1286 1102 etiam
1340 1049 1618 1103 aeternitas
1672 1048 1847 1103 Patris
1881 1051 2184 1112 mutilatur,
2216 1048 2338 1102 Filii
2368 1053 2476 1104 vita
2539 1062 2590 1105 et
2625 1049 2944 1104 exsistentia
3015 1057 3178 1102 certat:
3241 1049 3476 1118 alicujus
3555 1052 3722 1105 dura-

476 1144 637 1200 tionis
670 1143 936 1197 limitibus
971 1142 1202 1196 inclusa.

550 1237 658 1293 Sed
713 1236 855 1290 forte
900 1237 1102 1291 dixerit
1162 1237 1439 1308 quispiam
1505 1253 1569 1291 ex
1607 1237 2048 1291 adversariorum

476 1345 726 1392 numero,
749 1329 922 1398 ipsam
955 1344 1172 1398 quoque
1198 1339 1503 1383 creaturam
1557 1329 1799 1383 omnium
1833 1328 2050 1383 confes-

478 1423 632 1476 sione
659 1430 869 1476 certum
909 1422 1242 1492 principium
1278 1421 1502 1482 habere,
1535 1437 1710 1490 neque
1738 1429 1921 1475 tamen
1960 1436 2049 1477 res

475 1521 689 1567 creatas
716 1520 769 1565 ut
800 1521 1098 1566 cozeternas
1147 1511 1336 1582 Opiﬁci
1359 1527 1457 1566 suo
1487 1513 1697 1580 concipi
1727 1528 1908 1581 posse,
1953 1527 2050 1566 ne-

2233 1235 2370 1286 Ἀλλ⁹
2407 1235 2535 1296 ἴσως
2578 1233 2693 1303 ἐρεῖ
2738 1249 2820 1295 τις
2860 1231 2968 1283 τῶν
3005 1229 3372 1300 ἐνισταμένων
3416 1231 3494 1302 τῷ
3543 1232 3722 1302 λόγῳ,

2150 1328 2231 1380 ὅτι
2263 1327 2355 1379 καὶ
2379 1327 2410 1396 ἡ
2441 1327 2615 1388 κτίσις
2644 1323 3083 1393 ὁμολογουμένην
3111 1323 3283 1393 ἀρχὴν
3315 1323 3448 1393 ἔχει,
3479 1324 3572 1376 καὶ
3600 1323 3726 1376 οὔτε

2151 1423 2539 1472 συνεπινοεῖται
2577 1420 2640 1487 τῇ
2681 1416 2939 1484 ἀῐδιότητι
2971 1414 3064 1468 τοῦ
3102 1416 3445 1486 Δημιουργοῦ
3477 1417 3544 1469 τὰ
3571 1418 3724 1484 γενόο

2151 1529 2308 1580 μενα,
2329 1510 2452 1563 οὕτε
2483 1511 2660 1580 ἵστησι
2688 1508 2775 1562 διά
2797 1507 2897 1576 τῆς
2931 1506 3066 1570 ἰδίας
3089 1507 3260 1579 ἀρχῆς
3280 1507 3340 1560 τὸ
3360 1509 3605 1578 ἀόριστον
3627 1507 3729 1574 τῆς

464 1622 584 1674 que
611 1605 772 1659 etiam
806 1621 899 1660 eas
934 1621 1035 1657 suo
1061 1605 1218 1658 initio
1249 1605 1570 1658 inﬁnitatem
1612 1605 1809 1658 divina:
1839 1614 2047 1658 natura

2153 1602 2298 1664 θείας
2346 1601 2511 1670 ζωῆς,
2548 1601 2736 1672 ὥσπερ
2779 1602 2872 1654 ἐπὶ
2913 1598 3007 1653 τοῦ
3054 1598 3207 1663 Υίοῦ,
3240 1597 3459 1651 καὶτοῦ
3515 1598 3725 1668 Πατρὸς

479 1695 796 1760 terminare,
837 1697 982 1765 quod
1019 1711 1116 1750 nos
1147 1711 1266 1748 cum
1300 1694 1366 1748 de
1397 1693 1556 1749 Patre
1581 1702 1635 1748 et
1670 1693 1806 1748 Filio
1859 1695 2050 1764 dispu-v

474 1787 1025 1855 tabamus,tanquam
1049 1786 1366 1849 absurdum,
1397 1787 1658 1855 consequi
1705 1786 2046 1841 dicebamus.

473 1878 662 1948 itaque
707 1878 1022 1933 necessario
1070 1878 1506 1933 concludendum
1540 1894 1662 1934 esse
1695 1879 1767 1933 ob
1802 1879 1924 1944 hoc,
1967 1879 2049 1932 vel

475 1973 788 2019 creaturam
852 1981 974 2020 esse
1027 1973 1356 2020 comternam
1420 1965 1551 2032 Deo,
1618 1967 1699 2020 vel
1739 1979 1886 2022 certe
1933 1969 2052 2022 sine

474 2057 740 2124 scrupulo
789 2056 1016 2111 concedi
1075 2072 1256 2126 posse,
1319 2055 1518 2111 Filium
1575 2072 1698 2113 esse
1741 2057 1902 2112 Patre
1949 2075 2052 2126 suo

2148 1691 2535 1761 ἐξεταζόμενος
2553 1694 2580 1745 ὁ
2610 1691 2765 1760 λόγος
2793 1693 2890 1764 τὴν
2915 1691 3142 1746 ἀτοπίαν
3163 1690 3458 1755 ὑπέδειξεν.
3477 1689 3562 1751 Ὠς
3592 1689 3724 1742 ἀκό-

2147 1785 2334 1838 λουθον
2361 1779 2498 1838 εἶναι
2524 1783 2612 1838 διὰ
2634 1785 2822 1838 τούτου
2843 1785 2876 1855 ἦ
2904 1785 2998 1856 τὴν
3013 1784 3187 1836 κτίσιν
3215 1783 3478 1835 συναῒδιον
3495 1781 3569 1851 τῷ
3586 1781 3724 1849 Θεῷ,

2147 1877 2295 1948 ἥκαὶ
2324 1876 2415 1929 τὸν
2445 1878 2570 1930 Υἰὸν
2603 1876 3058 1948 μεταγενέστερον
3078 1876 3294 1946 ἀφόϐως
3326 1875 3502 1943 λέγειν
3522 1891 3534 1903 ·
3563 1875 3592 1924 ὁ
3616 1875 3726 1946 γὰρ

2146 1969 2241 2024 τοῦ
2266 1970 2628 2041 διαστήματος
2645 1971 2798 2040 λόγος
2812 1971 3012 2042 ὁμοίως
3038 1970 3304 2034 ὑποδείξει
3335 1969 3384 2022 τὸ
3397 1969 3613 2029 ἄτοπον,
3634 1969 3727 2020 καὶ

2152 2061 2258 2115 ἀπὸ
2283 2064 2377 2133 τῆς
2407 2062 2633 2126 κτίσεως
2651 2064 2744 2116 ἐπὶ
2774 2063 2864 2116 τὸν
2891 2063 3227 2133 πεποιηκότα
3247 2060 3724 2136 διαμετρούμενος.

474 2148 874 2216 posteriorem;
950 2155 1086 2202 nam‘
1150 2148 1292 2203 ratio
1351 2150 1622 2204 intervalli
1679 2153 1962 2222 aequaliter
2019 2156 2416 2212 absurditatem
2478 2173 2663 2213 secum
2740 2157 2918 2222 affert,
2970 2157 3195 2228 quando
3274 2173 3304 2211 a
3355 2165 3605 2212 creatura
3659 2154 3727 2207 ad

476 2235 790 2289 Creatorem
820 2234 998 2304 ipsum
1029 2238 1268 2294 ducitur.

543 2327 613 2382 At
641 2330 733 2400 qui
779 2330 883 2385 hoc
917 2331 1128 2399 objicit,
1177 2333 1223 2386 is
1270 2331 1409 2389 forte
1445 2350 1552 2388 non
1603 2338 1738 2392 satis
1793 2349 2050 2394 accurate

470 2430 526 2476 et
553 2421 845 2491 diligenter
871 2422 1124 2493 dogmate
1189 2424 1310 2489 ipso
1345 2426 1699 2496 introspecto,
1743 2443 1809 2483 ex
1849 2431 2042 2485 alienis

469 2520 527 2567 et
564 2515 788 2568 omnlno
825 2515 962 2568 nihil
1017 2515 1086 2569 ad
1123 2517 1461 2586 propositum
1516 2528 1762 2574 nostrum
1799 2522 2049 2576 facienti-

472 2605 604 2669 bus,
633 2614 823 2660 eontra
859 2621 923 2661 ea
945 2623 1067 2675 qua:
1117 2608 1502 2674 disseruimus,
1557 2622 1877 2680 argumenta
1916 2630 2046 2684 pro-

471 2697 592 2751 mit.
626 2695 763 2751 Nam
799 2699 845 2753 si
889 2700 1269 2754 demonstrare
1319 2710 1527 2769 posset,
1586 2704 1791 2772 aliquid
1828 2721 2044 2773 eorum,

471 2803 593 2859 quae
644 2803 812 2857 supra
851 2801 1161 2843 creaturam
1212 2799 1362 2858 sunt,
1402 2792 1774 2848 subsistentia:
1833 2810 1944 2849 sua:
1990 2795 2045 2849 in

473 2886 679 2948 puncto
722 2880 957 2951 alicujus
989 2882 1259 2938 intervalli
1293 2884 1560 2955 originem
1597 2886 1817 2950 ducere,
1860 2889 2048 2957 sicque

470 2981 733 3042 praetcrea
780 2989 881 3043 pro
935 2984 1107 3039 certo,
1167 2977 1444 3030 communi
1488 2979 1735 3031 omnium
1780 2980 2049 3049 approba-

470 3067 622 3120 tione
652 3074 954 3129 constaret,
975 3067 1089 3121 [ieri
1121 3082 1304 3136 posse,
1331 3077 1390 3122 ut
1419 3069 1584 3122 etiam
1619 3079 1744 3124 ante
1775 3081 2047 3126 creaturae

471 3156 808 3213 eﬂ'ectionem
839 3158 1108 3212 intervalli
1142 3159 1378 3228 alicujus
1418 3162 1560 3213 ratio
1606 3162 1992 3230 conciperetur
2021 3179 2036 3218 :

470 3254 588 3301 tum
625 3246 878 3302 fortassis
907 3263 1014 3301 non
1046 3249 1271 3302 omnino
1303 3261 1498 3318 praeter
1530 3267 1643 3305 rem
1679 3252 1818 3306 foret
1855 3253 2047 3321 hujllS'

472 3338 620 3394 modi
650 3342 986 3410 argumentis
1019 3339 1446 3396 demonstratam
1476 3341 1543 3397 de
1600 3342 1737 3396 Filio
1768 3345 2044 3399 aeternita-

474 3440 585 3486 tem
624 3429 847 3484 eludere
881 3440 935 3485 et
961 3445 1277 3499 oppugnare
1323 3432 1486 3487 velle.
1531 3433 1601 3487 At
1635 3449 1759 3488 cum
1802 3436 2044 3490 omnium

470 3530 620 3577 recte
649 3523 998 3577 sentientium
1025 3522 1300 3593 suil'ragiis
1326 3534 1379 3579 et
1408 3527 1775 3581 consensione
1803 3529 2038 3598 liqueat,

472 3614 680 3668 entium
712 3613 858 3667 aliud
890 3613 1109 3697 quidem
1156 3631 1285 3670 esse
1329 3628 1594 3680 creatum.
1649 3618 1797 3672 aliud
1833 3620 2047 3674 increa-

472 3709 587 3756 tum
617 3717 882 3771 :cumque
909 3703 1154 3757 veritatis
1180 3711 1233 3757 et
1267 3704 1486 3774 pietatis
1525 3706 1820 3776 disciplina
1846 3707 2047 3762 docea-

471 3808 616 3858 mur,
685 3792 925 3847 divinam
984 3803 1235 3850 naturam
1297 3797 1592 3853 increatam
1621 3814 1768 3864 esse,
1825 3800 1880 3853 iii
1939 3815 2047 3870 qua

472 3884 616 3939 aliud
645 3885 862 3954 quidem
901 3887 974 3942 sit
1002 3887 1357 3958 principium,
1383 3888 1530 3943 aliud
1558 3905 1625 3942 ex
1653 3889 1926 3961 principio
1972 3892 2048 3945 in-

473 3974 851 4044 separabiliter
879 3978 1240 4032 substantiam
1262 3995 1417 4034 suam
1445 3981 1768 4049 accipiat,et
1793 3991 2046 4038 creatura

473 4065 532 4121 in
590 4067 880 4123 intervallo
941 4072 1175 4140 quodam
1233 4080 1619 4142 repraesentata
1677 4075 2046 4129 contineatur:

473 4160 652 4216 omnis
675 4163 900 4216 omnino
924 4164 1241 4233 temporalis
1264 4164 1401 4219 ordo
1424 4173 1474 4220 et
1495 4167 1668 4220 series
1691 4182 1873 4222 rerum
1896 4183 2048 4222 crea-

472 4259 654 4306 tarum
688 4267 718 4306 a
745 4259 991 4326 tempore
1025 4256 1542 4326 comprehenditur;
1593 4258 1685 4312 illa
1733 4274 1862 4314 vero
1895 4267 2049 4312 ante-
2085 4291 2125 4344 υ

475 4345 778 4407 εωουιετὶε,
813 4363 907 4402 seu
935 4355 1060 4403 ante
1090 4354 1306 4417 tempus
1331 4350 1604 4404 exsistens
1633 4358 1852 4414 natura.
1887 4359 2037 4406 caret

474 4437 623 4491 omni
648 4432 709 4492 ea
748 4438 1080 4497 diversitate.
1104 4455 1209 4509 qua
1233 4441 1335 4493 alia
1359 4443 1693 4510 antiquiora,
1722 4443 1826 4496 alia
1863 4459 2051 4496 recen—

473 4528 614 4583 tiora
649 4545 770 4586 esse
803 4530 1001 4592 solent,
1059 4547 1124 4585 eo
1153 4533 1297 4600 quod
1335 4533 1388 4586 in
1417 4533 1600 4585 divina
1639 4534 1730 4586 illa
1775 4541 1827 4588 et
1897 4533 2056 4586 beata

472 4619 582 4673 vita
616 4620 840 4674 minime
868 4620 1156 4687 quaerenda
1173 4630 1228 4676 et
1250 4623 1650 4677 consideranda
1685 4625 1816 4685 sint.
1836 4639 2062 4693 quiera-

477 4710 550 4763 tio
575 4717 762 4764 nostra
811 4711 864 4765 in
897 4722 1144 4766 creatura
1182 4713 1379 4768 inesse'
1401 4713 1692 4783 conspicit.
1716 4713 1852 4768 Nam
1878 4715 2062 4770 omnis

471 4803 888 4867 crcatura,sicut
905 4803 1105 4858 dictum
1121 4805 1528 4868 est,secundum
1542 4804 1786 4860 ordinem
1799 4813 1852 4859 et
1869 4807 2063 4861 seriem

473 4892 764 4961 quamdam
800 4894 1063 4964 producta
1086 4906 1436 4952 mensuratur
1471 4896 1760 4952 duratione
1777 4898 2057 4966 temporis,

473 4972 529 5035 et
551 4981 594 5034 si
609 4981 735 5052 quis
760 4986 974 5039 ratione
993 4987 1247 5041 ascendat
1262 5003 1357 5056 per
1388 5003 1567 5042 rerum
1587 4996 1893 5042 creatarum
1907 4991 2059 5044 ordi-

475 5085 600 5125 nem
629 5071 695 5126 ad
723 5077 1038 5128 earumdem
1088 5076 1862 5151 principium,indagationem
1901 5099 2058 5139 suam

475 5163 738 5232 temporis
751 5172 942 5218 exortu
967 5175 1020 5220 et
1049 5167 1361 5225 conditione
1375 5169 1810 5227 circumscribet.
1848 5173 1912 5227 At
1931 5189 2060 5228 vero

479 5253 807 5319 substantia,
834 5271 954 5328 quae
968 5273 1130 5326 supra
1145 5270 1451 5315 creaturam
1467 5271 1651 5318 evecta
1667 5272 1772 5329 est,
1791 5270 2050 5335 tanquam

481 5343 551 5421 ab
584 5346 732 5399 omni
783 5345 1195 5420 intercapedine
1253 5355 1540 5423 temporali
1591 5355 1784 5418 libera.
1831 5371 2050 5412 omnem

483 5437 745 5506 temporis
773 5439 970 5495 seriem
1001 5445 1380 5512 transcendit;
1419 5461 1458 5499 a-
1481 5448 1633 5501 nullo
1668 5447 2049 5518 hujuscemodi

481 5527 772 5600 principio,
796 5531 905 5586 ullo
939 5534 1096 5590 modo
1129 5537 1692 5595 secundumordinem
1721 5538 2046 5610 procedens,

555 5703 601 5734 δ’
648 5703 812 5762 Hebr.
845 5724 885 5774 ι,
910 5709 969 5766 5.

2217 2330 2277 2388 Ὀ
2333 2334 2390 2388 δέ
2449 2334 2507 2387 τὸ
2556 2333 2794 2388 τοιοῦτον
2851 2336 3276 2408 ἀνθυποφέρων,
3326 2337 3425 2389 οὑκ
3480 2335 3724 2404 ἀκριϐῶς

2145 2427 2289 2497 τάχα
2330 2431 2395 2498 τῇ
2426 2427 2631 2498 διανοίᾳ
2665 2428 2757 2479 τοῦ
2808 2427 3073 2498 δόγματος
3101 2429 3344 2497 ἐφιστὰς,
3376 2427 3463 2480 διὰ
3493 2429 3599 2480 τῶν
3629 2427 3725 2479 ἀλ-

2145 2516 2370 2584 λοτρίων
2433 2516 2528 2568 καὶ
2595 2516 2940 2569 παντάπασιν
2989 2518 3368 2588 άκοινωνήτων
3434 2518 3525 2569 τοῦ
3589 2534 3723 2588 προ-

2153 2607 2404 2678 κειμένου
2462 2606 2558 2677 τὴν
2611 2607 2745 2677 πρὸς
2794 2607 2859 2658 τὰ
2912 2609 3176 2680 εἰρημένα
3237 2612 3460 2662 ποιεῖται
3525 2609 3724 2679 μάχην.

2153 2699 2215 2750 Εἰ
2255 2699 2349 2768 μὲν
2379 2699 2488 2770 γάρ
2517 2716 2570 2750 τι
2604 2700 2710 2751 τῶν
2737 2698 2877 2766 ὑπὲρ
2916 2700 3013 2769 τὴν
3049 2701 3224 2752 κτίσιν
3264 2700 3528 2754 δεικνύειν
3561 2696 3726 2770 εἶχεν,

2153 2789 2208 2840 ἐν
2256 2805 2359 2843 τινι
2404 2789 2812 2860 διαστηματικῷ
2846 2792 3054 2860 σημείῳ
3097 2793 3194 2860 τὴν
3244 2793 3418 2862 ἀρχὴν
3460 2793 3579 2862 ἕχον
3627 2795 3726 2862 τῆς

2154 2881 2539 2944 ὑποστάσεως,
2589 2883 2682 2934 καὶ
2728 2880 2886 2934 τοῦτο
2930 2882 3080 2952 παρά
3132 2883 3346 2935 πάντων
3399 2883 3728 2952 ὡμολογεῖτο

2152 2972 2372 3024 δυνατὸν
2402 2968 2557 3037 εἶναι,
2597 2972 2690 3025 καὶ
2727 2972 2822 3042 τὴν
2847 2972 2940 3024 τοῦ
2969 2974 3331 3042 διαστήματος
3371 2974 3575 3027 ἔννοιαν
3632 2977 3727 3028 καὶ

2156 3065 2260 3134 πρὸ
2306 3065 2405 3133 τῆς
2436 3065 2663 3126 κτίσεως
2705 3065 2926 3124 ἐννοεῖν,
2966 3063 3109 3136 εἶχεν
3157 3066 3220 3120 ἂν
3256 3068 3382 3128 ἴσως
3413 3067 3602 3135 καιρὸν
3629 3069 3727 3136 τὴν

2153 3160 2245 3211 ἐπὶ
2269 3157 2360 3210 τοῦ
2393 3156 2726 3224 Μονογενοῦς
2752 3158 3157 3228 ἀποδειχθεῖσαν
3182 3161 3268 3210 διὰ
3291 3162 3394 3212 τῶν
3425 3161 3727 3229 εἰρημένων

2153 3250 2430 3318 ἀῖδιότητα
2459 3250 2569 3310 τοῖς
2593 3246 2850 3311 τοιούτοις
2875 3251 3295 3323 ἐπιχειρήμασιν
3327 3251 3574 3304 ἀναλύειν
3606 3267 3724 3301 πει-

2156 3341 2369 3413 ρᾶσθαι.
2420 3341 2572 3392 Ἐπεὶ
2606 3343 2661 3398 δὲ
2693 3342 2896 3406 πάσαις
2925 3345 3046 3406 ταῖς
3079 3344 3186 3397 τῶν
3219 3341 3582 3396 εὐσεϐούντων
3619 3341 3726 3410 ψη·-

2156 3450 2275 3501 φοις
2307 3434 2663 3503 ὁμολογεῖται,
2690 3437 2771 3488 ὅτι
2803 3435 3017 3488 πάντων
3047 3433 3152 3486 τῶν
3181 3433 3345 3486 ὄντων
3371 3432 3432 3485 τὸ
3487 3431 3584 3501 μέν
3639 3431 3725 3484 διὰ

2154 3524 2252 3594 τῆς
2277 3525 2504 3588 κτίσεως
2537 3528 2651 3580 ἐστι
2671 3565 2686 3589 ,
2718 3527 2777 3579 τὸ
2801 3527 2856 3579 δέ
2893 3526 2996 3594 πρὸ
3025 3525 3123 3594 τῆς
3155 3523 3412 3584 κτίσεως.
3452 3521 3546 3574 καὶ
3581 3521 3660 3572 ὅτι
3690 3521 3724 3590 ὴ

2157 3615 2253 3686 μὲν
2287 3615 2404 3669 θεία
2434 3616 2594 3684 φύσις
2627 3617 2874 3680 ἂκτιστος
2904 3611 3041 3668 εἶναι
3077 3613 3431 3666 πεπίστευται
3460 3653 3473 3672 .
3517 3615 3573 3665 ἐν
3665 3611 3727 3664 τὸ

2159 3708 2256 3778 μὲν
2283 3707 2470 3771 αἴτιον,
2493 3709 2553 3760 τὸ
2580 3708 2635 3760 δὲ
2669 3710 2725 3774 ἐξ
2753 3709 2925 3762 αἰτίου
2954 3708 3049 3779 τὴν
3076 3707 3368 3760 ὑπόστασιν
3391 3705 3726 3766 ἀδιαστάτως

2154 3799 2296 3868 ἔχειν
2329 3801 2358 3853 ὁ
2388 3802 2485 3869 τῆς
2511 3800 2789 3862 εὐσεϐείας
2815 3800 3053 3852 διδάσκει
3081 3799 3256 3866 λόγος,
3283 3799 3380 3868 τῆς
3408 3798 3463 3850 δέ
3496 3797 3727 3858 κτίσεως

2155 3891 2212 3941 ἐν
2235 3889 2572 3958 παραστάσει
2601 3891 2705 3942 τινὶ
2733 3889 3128 3960 διαστηματικῇ
3153 3888 3548 3958 θεωρουμένης·
3576 3887 3726 3939 πᾶσα

2155 3979 2374 4049 χρονικὴ
2403 3979 2555 4044 τάξις
2587 3981 2682 4032 καὶ
2738 3979 3024 4033 ἀκολουθία
3052 3981 3159 4032 τῶν
3186 3981 3484 4048 γεγονότων
3510 3979 3596 4033 διὰ
3618 3981 3726 4032 τῶν

2156 4070 2364 4123 αἰώνων
2390 4071 2893 4139 καταλαμὸάνεταιο
2935 4073 2967 4141 ἡ
3000 4072 3055 4124 δέ
3091 4071 3410 4142 προαιὼνιος
3442 4071 3600 4139 φύσις
3633 4074 3726 4124 ἐκ-ο

2157 4160 2393 4228 πέφευγε
2440 4164 2537 4224 τὰς
2572 4163 2710 4215 κατά
2751 4162 2811 4214 τὸ
2854 4163 3220 4234 πρεσϐύτερόν
3247 4182 3304 4217 τε
3339 4165 3432 4218 καὶ
3466 4163 3727 4232 νεώτερον

2155 4251 2434 4322 διαφορὰς,
2480 4251 2555 4323 τῷ
2590 4253 2662 4324 μὴ
2694 4253 3112 4325 συνθεωρεῖσθαι
3149 4256 3214 4324 τῇ
3249 4254 3367 4325 θείᾳ.
3426 4253 3522 4308 καὶ
3554 4270 3730 4322 μακα·

2157 4343 2248 4415 ρίᾳ
2298 4345 2430 4414 ζωῇ,
2459 4345 2558 4397 ὅσα
2590 4345 2715 4416 περί
2739 4346 2838 4415 τὴν
2882 4346 3057 4398 κτίσιν
3093 4346 3235 4409 ἰδίως
3266 4348 3294 4399 ὁ
3321 4345 3477 4413 λόγος
3517 4345 3725 4414 βλέπει.

2169 4435 2232 4486 Ἣ
2266 4435 2365 4504 μὲν
2392 4434 2500 4505 γὰρ
2531 4434 2704 4498 κτίσις
2734 4438 2900 4498 πᾶσα,
2936 4436 3115 4498 καθὼς
3161 4437 3394 4506 εἴρηται,
3439 4437 3580 4489 κατά
3607 4453 3727 4489 τινα

2155 4523 2359 4588 τάξεως
2391 4523 2710 4576 ἀκολουθίαν
2750 4526 3108 4595 γεγενημένη,
3142 4525 3218 4596 τῷ
3243 4526 3349 4578 τῶν
3379 4526 3588 4580 αἰώνων
3616 4528 3729 4580 δια-

2160 4618 2390 4685 στήματι
2415 4623 2844 4687 παραμετρεῖται
2861 4637 2872 4646 ·
2908 4619 3001 4670 καὶ
3024 4617 3178 4681 εἴτις
3205 4617 3340 4670 ἀνίοι
3360 4617 3436 4687 τῷ
3457 4618 3621 4688 λόγῳ,
3642 4619 3726 4672 διά

2159 4709 2257 4778 τῆς
2281 4708 2389 4760 τῶν
2418 4708 2744 4760 κτισθέντων
2774 4708 3112 4773 ἀκολουθίας,
3148 4710 3239 4761 ἐπί
3261 4709 3359 4779 τὴν
3387 4710 3493 4762 τῶν
3517 4712 3730 4779 γεγονό-

2159 4818 2267 4854 των
2293 4801 2483 4872 ἀρχὴν,
2517 4804 2582 4871 τῇ
2618 4800 2724 4854 τῶν
2758 4799 2967 4854 αἰώνων
2999 4801 3269 4870 καταϐολῇ
3301 4802 3597 4870 περιορίσει
3629 4802 3728 4872 τὴν

2164 4891 2406 4963 ζήτησιν.
2450 4893 2512 4944 Ἣ
2562 4891 2618 4944 δὲ
2669 4891 2806 4962 ὑπὲρ
2845 4891 2941 4962 τὴν
2980 4892 3154 4944 κτίσιν
3197 4892 3372 4955 οὐσία,
3403 4892 3496 4945 ἆτε
3531 4894 3728 4955 παντὸς

2156 4983 2582 5055 διαστηματικοῦ
2613 4985 2880 5054 νοήματος
2911 4984 3314 5056 κεχωρισμένη,
3344 4985 3523 5036 πᾶσαν
3552 5002 3728 5054 χρονι-

2158 5076 2261 5146 κὴν
2310 5075 2626 5128 ἀκολουθίαν
2675 5074 3032 5144 ἐκπέφευγεν,
3067 5075 3160 5127 ἀπ’
3193 5075 3445 5142 οὐδεμιᾶς
3475 5073 3728 5144 τοιαύτης

2155 5169 2328 5239 ἀρχῆς
2368 5169 2448 5231 εἰς
2483 5168 2633 5220 οὐδὲν
2659 5166 2826 5237 πέρας
2856 5165 2924 5219 δι’
2957 5165 3167 5230 οὐδενὸς
3207 5166 3405 5236 τρόπου
3438 5166 3578 5218 κατά
3608 5179 3730 5218 τινα

2153 5259 2304 5325 τάξιν
2353 5247 2734 5330 εὑρισκομένου
2780 5255 3061 5327 προϊοῦσα,
3109 5255 3142 5327 ἢ
3185 5257 3586 5326 καταλήγουσα.
3639 5255 3728 5325 Τῷ

2152 5353 2260 5423 γάρ
2286 5350 2526 5404 διαδάντι
2555 5351 2684 5413 τοὺς
2725 5350 2925 5410 αἰῶνας
2993 5348 3086 5402 καὶ
3130 5350 3302 5402 πάντα
3342 5349 3409 5402 τὰ
3457 5351 3514 5402 ὲν
3547 5346 3728 5410 αὑτοῖς

2152 5445 2428 5513 γεγονότα,
2461 5443 2710 5512 καθάπερ
2752 5460 2804 5494 τι
2835 5441 3068 5509 πέλαγος
3114 5442 3332 5510 ἀχανὲς,
3369 5443 3401 5510 ἡ
3453 5441 3549 5512 τῆς
3579 5441 3729 5502 θείας

2153 5536 2366 5607 φύσεως
2413 5535 2612 5607 θεωρία
2662 5537 2773 5598 τοῖς
2820 5534 3099 5604 λογισμοῖς
3151 5536 3527 5605 προφανεῖσα,
3576 5533 3730 5586 οὐδὲν
