4166 6372
391 395 519 459 J565

1595 373 1871 440 CONTRA
1908 375 2314 440 ΕυΝοιιιωι,
2361 373 2486 430 LIB.
2532 373 2572 426 l.

3547 372 3650 424 366

409 517 566 571 δώσει
612 515 826 585 σημεῖον
869 512 953 578 ἐφ’
1003 497 1199 578 ἑαυτῆς
1231 503 1592 576 γνωριστικὸν
1621 501 1793 572 ἀρχῆς
1835 513 1979 558 τινος

2093 512 2168 566 vel
2197 511 2250 564 in
2277 510 2446 565 ullum
2471 504 2828 566 desinens.Ei
2862 519 3032 568 enim,
3059 505 3153 574 qui
3173 504 3359 558 omnia
3406 512 3650 574 letnpnt'a

408 608 488 680 τῷ
523 610 602 671 είς
642 607 708 660 τά
764 605 1018 656 ἐπέκεινα
1061 599 1375 653 διατείνοντι
1421 595 1518 668 τὴν
1568 590 1976 662 καταληπτικὴν

410 699 733 771 φαντασίανο
764 696 902 750 ὥστε
933 695 1023 748 τὸν
1053 692 1608 763 πολυπραγμονοῦντα.
1634 686 1695 739 τὸ
1722 685 1828 740 τῶν
1849 686 1978 737 αίώο

410 809 516 845 νων
568 787 955 861 πρεσϐύτερον,
996 784 1089 838 καὶ
1137 784 1354 838 ἀνιόντα
1402 782 1494 834 ἐπὶ
1535 780 1632 851 τὴν
1664 778 1770 831 τῶν
1809 777 1976 829 ὅντων

409 881 615 952 ἀρχὴν,
662 881 720 930 ὲν
767 878 954 948 μηδενὶ
998 877 1185 946 στῆναι
1229 874 1306 944 τῷ
1350 871 1594 942 λογισμῷ
1643 869 1974 940 δυνηθῆναι,

406 973 494 1028 ἀεὶ
506 971 598 1024 τοῦ
621 970 950 1040 ζητουμένου
973 965 1552 1038 ἀπεκπροθέοντος,καὶ
1577 963 1843 1034 μηδεμίαν
1861 962 1980 1014 στά-

408 1079 492 1115 σιν
513 1065 578 1134 τῇ
619 1061 1116 1132 πολυπραγμοσύνῃ
1149 1057 1248 1126 τῆς
1269 1057 1507 1118 διανοίας
1545 1055 1974 1122 ὑποδεικνύντος.

2082 613 2137 658 et
2168 603 2373 664 omnia,
2407 617 2528 669 quae
2556 601 2612 653 in
2642 599 2754 653 illis
2785 595 3007 652 condita
3047 603 3199 660 sunt,
3252 595 3528 666 percurrit
3570 608 3654 647 at-

2083 710 2190 765 que
2219 695 2540 764 perlustrat,
2570 692 2744 762 ipsius
2779 689 2980 744 divina:
3015 697 3224 743 natura;
3257 689 3652 751 consideratio,

2082 795 2342 855 tanquam
2377 782 2705 839 immensum
2759 781 3033 853 quoddam
3089 781 3312 850 pelagus
3344 779 3513 834 menti
3560 795 3657 847 ap-

2084 878 2314 948 parebit,
2334 877 2656 946 nullumque
2679 881 3060 946 argumentum
3077 871 3472 942 suppeditabit,
3507 870 3654 940 quod

2085 970 2329 1039 alicujus
2357 969 2500 1023 initii
2531 969 2794 1022 indicium
2825 968 2896 1021 sit
2917 966 2990 1030 ei,
3027 966 3123 1036 qui
3154 965 3464 1020 facultatem
3501 980 3655 1019 suam

2085 1061 2423 1132 intelligendi
2459 1063 2514 1115 in
2543 1062 2638 1115 illa
2674 1059 2935 1114 ulteriora
2954 1058 3247 1113 extendere
3275 1057 3457 1122 volet;
3498 1055 3654 1116 adeo,

409 1163 469 1211 ut
493 1157 585 1226 qui
623 1156 772 1210 circa
805 1163 1109 1225 temporum
1150 1151 1412 1220 majorem
1456 1150 1834 1219 antiquitatem
1891 1163 2211 1222 occupatur,
2253 1161 2306 1208 et
2347 1153 2415 1207 ad
2457 1153 2694 1223 primum
2763 1150 3093 1221 principium
3151 1165 3335 1204 rerum
3374 1149 3644 1208 ascendit,

411 1266 679 1321 nusquam
717 1248 1103 1319 cogitationem
1151 1259 1307 1299 suam
1343 1245 1544 1300 sistere
1575 1251 1630 1298 et
1671 1243 1833 1314 ﬁgere
1876 1248 2049 1314 possit
2087 1266 2098 1300 :
2150 1262 2369 1315 semper
2437 1246 2583 1300 enim
2637 1245 2690 1299 id
2748 1243 2891 1314 quod
2949 1243 3342 1312 investigatur,
3393 1241 3660 1310 quodam-

409 1342 574 1396 modo
614 1337 956 1407 subterfugit,
998 1336 1318 1405 nullumque
1368 1341 1571 1388 statum
1623 1343 1678 1389 et
1709 1335 2000 1389 terminum
2034 1338 2268 1392 curiosa:
2298 1337 2637 1406 inquisitioni
2669 1335 2942 1390 concedit.

482 1432 665 1503 Σαφὴς
713 1430 768 1482 δὲ
797 1432 824 1482 ὁ
862 1429 1018 1497 λόγος
1061 1429 1154 1480 καὶ
1196 1428 1272 1497 τῷ
1316 1427 1549 1496 μετρίως
1591 1427 1987 1497 ἐπεσκεμμένῳ

412 1525 510 1595 τὴν
533 1523 640 1575 τῶν
665 1522 829 1574 ὄντων
856 1519 1034 1588 φύσιν,
1075 1519 1155 1570 ὅτι
1181 1519 1246 1587 τῇ
1279 1515 1376 1585 μὲν
1403 1515 1521 1585 θείᾳ
1541 1533 1599 1568 τε
1624 1515 1718 1568 καὶ
1747 1517 1990 1587 μακαρίᾳ

413 1617 524 1686 ζωῇ
556 1615 614 1667 τὸ
647 1610 1162 1683 παραμετρούμενόν
1194 1612 1337 1662 ἐστιν
1369 1609 1538 1662 οὐδέν.
1570 1609 1643 1660 Οὐ
1672 1609 1777 1678 γὰρ
1807 1610 1986 1679 ἐκείνη

411 1710 468 1760 ἐν
497 1707 691 1778 χρόνῳ,
728 1703 840 1757 ἀλλ’
872 1701 930 1765 ἐξ
967 1701 1180 1768 ἐκείνης
1211 1701 1239 1750 ὁ
1266 1699 1485 1769 χρόνος·
1518 1701 1550 1768 ἡ
1585 1699 1639 1750 δὲ
1675 1699 1849 1762 κτίσις
1882 1701 1988 1754 ἀπό

409 1813 552 1858 τινος
574 1792 1005 1865 όμολογουμένης
1035 1791 1246 1852 πάντως
1279 1790 1450 1861 ἀρχῆς
1483 1791 1574 1842 ἐπὶ
1602 1791 1692 1843 τὸν
1717 1791 1846 1843 ἴδιον
1876 1808 1991 1843 σκο-

410 1887 510 1939 πὸν
539 1885 627 1938 διά
663 1884 769 1937 τῶν
811 1881 1077 1953 χρονικῶν
1108 1881 1486 1952 διαστημάτων
1530 1883 1787 1935 όδεύουσα
1829 1884 1988 1954 φέρε-

409 1995 528 2043 ται,
555 1977 631 2040 ὡς
657 1975 860 2045 ταύτης
889 1975 986 2046 μὲν
1012 1975 1231 2028 δυνατὸν
1258 1971 1415 2038 εἶναι,
1452 1974 1632 2037 καθώς
1665 1976 1796 2046 φησί
1830 1993 1931 2029 που
1963 1979 1990 2030 ὁ

411 2069 680 2140 Σολομὼν,
708 2069 901 2138 ἀρχὴν,
932 2068 1026 2120 καὶ
1051 2067 1224 2130 τέλος,
1257 2067 1350 2120 καὶ
1383 2067 1654 2137 μεσότητα
1695 2068 1989 2136 διασκοπῆ-

413 2178 522 2224 σαι,
563 2159 650 2213 διὰ
697 2159 806 2212 τῶν
844 2157 1108 2230 χρονικῶν
1163 2157 1482 2228 τμημάτων,
1533 2159 1632 2227 τὴν
1674 2157 1990 2211 ἀκολουθίαν

409 2250 518 2304 τῶν
547 2251 667 2303 κατ’
706 2250 874 2320 αὐτὴν
911 2249 1296 2322 σημειούμενα.
1339 2250 1402 2302 'H
1439 2249 1494 2303 δὲ
1529 2247 1897 2320 ὑπερκειμένη
1931 2266 1989 2300 τε

411 2342 505 2396 καὶ
563 2341 805 2411 μακαρία
863 2339 1009 2408 ζωὴ,
1066 2338 1160 2391 ἆτε
1221 2337 1444 2408 μηδενὸς
1493 2339 1992 2410 συμπαροδεύοντος

412 2433 548 2504 αὐτῇ
582 2433 970 2502 διαστήματος,
1013 2429 1074 2482 τὸ
1106 2429 1432 2500 διαμετροῦν
1496 2434 1588 2483 καὶ
1627 2431 1990 2502 διαλαμϐάνον

409 2525 511 2578 οὐκ
557 2524 688 2594 ἔχει.
725 2523 805 2574 Τά
856 2522 952 2591 μὲν
997 2536 1105 2590 γαρ
1142 2521 1400 2588 γεγονότα
1459 2521 1632 2574 πάντα
1683 2526 1793 2584 τοῖς
1845 2523 1991 2584 ἰδίοις

414 2617 633 2687 μέτροις
659 2614 1218 2685 ἐμπεριγεγραμμένα
1248 2613 1388 2666 κατά
1417 2613 1478 2665 τὸ
1501 2614 1703 2684 ἀρέσαν
1731 2616 1795 2684 τῇ
1834 2616 1993 2684 σοφίᾳ

408 2707 503 2761 τοῦ
535 2709 847 2770 κτίσαντος,
886 2701 995 2758 οἷόν
1024 2721 1128 2759 τινι
1157 2707 1268 2777 ὅρῳ
1314 2705 1391 2776 τῷ
1427 2707 1751 2777 προσήκοντι
1786 2709 1990 2779 μέτρῳ,

407 2800 486 2863 ὡς
519 2798 652 2870 πρὸς
692 2797 790 2867 τὴν
832 2797 926 2848 τοῦ
980 2797 1178 2859 παντὸς
1226 2796 1590 2866 εὐαρμοστίαν
1645 2797 1994 2867 ἐμπεριείλη-

409 2909 560 2946 πται.
589 2891 688 2944 Διά
711 2888 866 2943 τοῦτο
895 2889 994 2943 κᾶν
1019 2891 1083 2959 τῇ
1112 2887 1364 2958 ἀσθενείᾳ
1395 2889 1502 2940 τῶν
1531 2888 1880 2960 ἀνθρωπίνων
1909 2890 1992 2941 λο-

405 2982 624 3052 γισμῶν
652 2983 938 3052 ἀνέφικτος
976 2982 1010 3050 ἡ
1051 2983 1160 3034 τῶν
1193 2982 1249 3032 ἐν
1290 2982 1355 3050 τῇ
1397 2980 1569 3033 κτίσει
1609 2981 1992 3050 θεωρουμένων

409 3075 617 3143 ἔφοδος,
641 3073 754 3127 ἀλλ’
788 3069 880 3126 οὖν
920 3073 979 3125 τὸ
1012 3071 1429 3142 πεπερατῶσθαι
1474 3071 1544 3123 τὰ
1587 3071 1762 3124 πάντα
1801 3075 1864 3144 τῇ
1898 3073 1991 3126 τοῦ

2155 1430 2500 1484 Manifestum
2533 1436 2617 1482 est
2649 1442 2811 1496 porro
2835 1425 2982 1478 omni
3019 1425 3119 1488 illi,
3147 1425 3241 1494 qui
3264 1424 3447 1479 sobrie
3479 1439 3658 1477 rerum

2083 1528 2338 1575 naturam
2373 1520 2725 1575 considerare
2753 1517 3083 1588 ingreditur,
3122 1517 3327 1570 nullam
3369 1532 3480 1570 rem
3511 1532 3656 1575 esse,

2085 1628 2206 1684 quae
2229 1613 2427 1668 divinae
2457 1613 2533 1666 illi
2559 1619 2614 1666 et
2641 1610 2816 1664 beatae
2842 1609 2964 1663 vita:
2999 1614 3501 1663 commensuretur.
3528 1606 3661 1659 Nam

2085 1711 2284 1759 natura
2313 1704 2497 1759 divina
2531 1719 2638 1756 non
2674 1701 2992 1756 continetur
3038 1709 3302 1768 tempore,
3351 1697 3445 1753 sed
3471 1698 3541 1752 ab
3577 1700 3665 1750 ιΙίςι

2092 1806 2306 1866 tempus
2334 1805 2438 1852 est.
2469 1793 2736 1849 Creatura
2774 1806 2903 1846 vero
2955 1805 2985 1844 a
3015 1798 3168 1858 certo
3225 1797 3279 1844 et
3326 1799 3456 1843 noto
3505 1787 3663 1844 initio

2093 1889 2160 1941 ad
2195 1889 2466 1958 praafixam
2491 1887 2594 1940 sibi
2637 1895 2835 1940 metam
2874 1899 2969 1954 per
3001 1881 3322 1952 temporalia
3378 1880 3666 1935 intervalla

2091 1982 2388 2036 decurrens
2420 1981 2614 2042 fertur,
2649 1978 2784 2033 adeo
2816 1987 2874 2031 ttt
2900 1977 3020 2046 ejus
3047 1972 3668 2045 quidetn,quemadmo-

2091 2074 2218 2127 dum
2242 2076 2462 2144 sapiens
2492 2072 2690 2126 alicubi
2713 2070 2972 2125 Salomon
2995 2069 3092 2132 ait,
3120 2068 3285 2123 liccat
3307 2065 3666 2136 principium,

2092 2164 2250 2218 finem
2278 2173 2330 2218 et
2365 2163 2600 2217 medium
2639 2161 2907 2225 invenire,
2949 2159 3300 2230 temporariis
3336 2157 3666 2228 quibusdam

2090 2255 2426 2311 sectionibus
2449 2265 2502 2309 et
2533 2255 2899 2309 divisionibus
2931 2255 3130 2308 seriem
3172 2267 3387 2314 eorum,
3447 2267 3568 2320 quae
3613 2250 3668 2305 in

2091 2351 2206 2420 ipsa
2239 2357 2388 2413 sunt,
2439 2349 2803 2420 designantia.
2867 2351 2934 2402 At
2991 2364 3247 2418 suprema
3285 2348 3375 2400 illa
3409 2356 3464 2402 et
3509 2348 3666 2399 heata

2092 2451 2311 2505 natura,
2345 2457 2506 2510 quam
2536 2440 2743 2494 nullttm
2769 2441 3035 2510 temporis
3062 2440 3302 2508 spatium
3343 2438 3668 2502 comitatur,

2093 2535 2226 2588 nihil
2261 2533 2444 2596 habet,
2477 2548 2588 2601 quo
2617 2542 2967 2586 mensuretur
2990 2539 3043 2586 et
3079 2533 3455 2596 contineatur;
3480 2531 3666 2584 omnia

2092 2625 2260 2687 enim,
2298 2639 2417 2693 qua:
2467 2622 2608 2676 facta
2637 2633 2785 2682 sunt,
2836 2623 3072 2692 propriis
3130 2624 3288 2692 quasi
3343 2623 3667 2687 ambitihns,

2094 2716 2290 2768 divinat}
2352 2717 2636 2784 sapientiae
2701 2716 2967 2770 arbitratu
3037 2715 3348 2785 descripta,
3406 2722 3668 2782 tanquam

2092 2807 2338 2861 terminis
2359 2809 2682 2875 quihusdam
2707 2808 3024 2877 congruenti
3058 2807 3238 2870 modo,
3257 2806 3322 2860 ad
3355 2807 3518 2876 hujus
3549 2807 3674 2859 uni—

2093 2899 2369 2954 versitatis
2393 2900 2666 2962 decorem,
2689 2909 2742 2954 et
2767 2903 3092 2954 concinnam
3118 2900 3672 2968 coagtnentationem.

2093 2993 2660 3062 comprehenduntur;
2720 2993 2978 3062 quocirca
3022 2992 3146 3047 licet
3203 2991 3455 3045 httmantc
3494 2991 3670 3046 imbe-

2097 3083 2313 3138 cillitati
2359 3083 2501 3137 ratio
2546 3099 2758 3144 eorum,
2805 3099 2926 3153 qua:
2975 3084 3028 3137 in
3074 3083 3274 3138 creatis
3303 3083 3468 3138 rebus
3506 3097 3671 3151 appa-

409 3165 771 3238 πεποιηκότος
806 3165 1050 3234 δυνάμει,
1088 3168 1180 3217 καὶ
1230 3165 1380 3228 ὲντὸς
1423 3161 1560 3219 εἶναι
1596 3166 1702 3220 τῶν
1741 3169 1836 3238 τῆς
1875 3170 1991 3222 κτί-

2096 3184 2240 3240 rent,
2287 3177 2358 3230 sit
2400 3175 2817 3244 investigabilis,
2862 3183 3100 3230 attamen
3142 3173 3325 3228 omnia
3358 3173 3671 3228 Conditoris

401 3277 546 3321 ·σεως
579 3259 719 3328 ὅρων
760 3256 860 3308 οὐκ
906 3255 1327 3325 ἀμφιϐάλλεται.
1370 3258 1433 3308 Ἢ
1478 3257 1532 3310 δὲ
1587 3260 1840 3331 ποιητικὴ
1887 3261 1993 3313 τῶν

409 3353 574 3404 ὄντων
606 3349 832 3420 δύναμις
854 3348 952 3421 τὴν
981 3349 1088 3402 τῶν
1115 3349 1411 3416 γεγονότων
1441 3352 1498 3403 ὲν
1534 3350 1698 3422 ἑαυτῇ
1735 3368 1998 3423 συμπερι-

408 3441 693 3510 γράφουσα
736 3437 917 3504 φύσιν,
969 3439 1108 3508 αὑτὴ
1157 3439 1218 3490 τὸ
1272 3439 1523 3510 περιέχον
1559 3441 1658 3492 οὐκ
1697 3441 1840 3512 ἔχει·
1888 3447 1995 3496 πᾶν

409 3534 586 3602 νόημα
625 3532 686 3585 τὸ
727 3532 862 3602 πρὸς
903 3531 1002 3602 τὴν
1050 3531 1224 3602 ἀρχὴν
1268 3531 1368 3600 τῆς
1393 3531 1542 3595 θείας
1572 3533 1718 3602 ζωῆς
1756 3535 1995 3588 ἀνελθεῖν

409 3627 784 3696 ἐπειγόμενον,
811 3625 960 3688 ἐντὸς
1001 3625 1198 3694 ἑαυτῆς
1238 3623 1652 3684 κατακλείουσα,
1687 3627 1779 3678 καὶ
1817 3628 1997 3696 πάσης

409 3716 729 3788 περιεργίας
764 3716 853 3769 καὶ
885 3714 1400 3785 φιλοπραγμοσύνης
1428 3715 1528 3784 τῆς
1567 3716 1700 3786 πρὸς
1725 3716 1784 3769 τδ
1823 3719 1994 3788 πέρας

406 3809 500 3861 τοῦ
529 3808 778 3879 ἀορίστου
811 3807 1010 3879 φθάσαι
1055 3805 1465 3876 φιλονεικούσης
1494 3807 1992 3876 ὑπερεκπῖπτουσα.

409 3899 634 3952 Ἅπασα
670 3899 775 3970 γάρ
806 3899 838 3968 ἡ
873 3897 1011 3967 μετά
1043 3897 1168 3958 τοὺς
1199 3895 1398 3957 αίῶνας
1425 3895 1608 3958 ἄνοδος
1664 3897 1758 3949 καὶ
1777 3896 1996 3950 διάστα-

412 4009 495 4054 σις
519 3990 613 4044 τοῦ
644 3989 736 4042 νοῦ
758 3989 1007 4042 τοσοῦτον
1032 3987 1374 4058 ὑψωθήσεται
1406 3987 1585 4056 μόνον,
1611 3987 1732 4040 ὅσον
1760 3989 1994 4040 κατιδεῖν

403 4083 472 4135 τὸ
523 4081 616 4135 τοῦ
671 4080 1001 4152 ζητουμένου
1043 4077 1394 4145 ἀδιεξίτητον,
1436 4079 1530 4131 κα)⁸
1574 4078 1746 4131 ἔοικεν
1793 4075 1902 4132 οἷόν
1942 4098 1994 4133 τι

414 4173 645 4242 μέτρον,
687 4171 780 4224 καὶ
833 4171 955 4240 ὅρος
1002 4169 1100 4239 τῆς
1157 4169 1264 4222 τῶν
1314 4168 1666 4239 ἀνθρωπίνων
1721 4169 1994 4240 λογισμῶν

411 4267 697 4336 κινήσεως,
733 4264 823 4316 καὶ
857 4262 1153 4332 ἐνεργείας,
1191 4261 1218 4312 ὁ
1256 4260 1410 4322 αἰὼν,
1447 4261 1541 4314 καὶ
1581 4261 1648 4315 τὰ
1686 4262 1834 4326 ἐντὸς
1866 4263 1990 4315 τού·

407 4376 518 4414 των
544 4355 701 4420 εἶναι,
745 4357 812 4409 τὰ
850 4357 906 4409 δὲ
959 4355 1328 4427 ὑπερκείμενα
1382 4354 1584 4407 τούτων
1641 4355 1855 4424 ἄληπτα
1903 4357 1993 4409 καὶ

409 4451 710 4504 ἀνεπίϐατα
755 4449 1034 4517 λογισμοῖς
1088 4447 1260 4519 μένει,
1310 4448 1510 4510 παντὸς
1554 4447 1645 4500 τοῦ
1695 4448 1990 4518 δυναμένου

413 4545 518 4596 ὑπὸ
550 4542 851 4610 κατάληψιν
878 4540 1220 4612 ἀνθρωπίνην
1262 4539 1433 4592 ἐλθεῖν
1473 4539 1863 4610 καθαρεύοντα.
1905 4541 1992 4592 Ἐν
2025 4537 2068 4590 D

405 4631 494 4700 οἷς
525 4635 633 4706 γὰρ
660 4637 758 4688 οὐκ
789 4629 945 4694 εἶδος,
972 4634 1030 4685 ού
1061 4634 1242 4695 τόπος,
1275 4633 1335 4685 οὐ
1373 4631 1618 4700 μέγεθος,
1643 4633 1702 4683 οὐ
1727 4631 1787 4683 τὸ
1816 4633 1880 4687 ἐκ
1904 4632 1998 4684 τοῦ

411 4727 604 4796 χρόνου
638 4725 857 4796 μέτρον,
885 4724 1005 4776 οὐδὲ
1031 4723 1158 4776 ἄλλο
1185 4741 1235 4775 τι
1263 4723 1370 4777 τῶν
1394 4722 1756 4791 καταληπτῶν
1782 4723 2000 4774 ἐπινοεῖ-

413 4837 522 4881 ται,
552 4819 610 4885 ὲξ
641 4819 884 4887 ἀνάγκης
914 4817 1003 4868 καὶ
1032 4818 1065 4885 ἡ
1095 4814 1474 4886 καταληπτικὴ
1518 4814 1610 4867 τοῦ
1651 4813 1742 4866 νοῦ
1771 4813 1999 4883 δύναμις

415 4910 657 4981 ζητοῦσά
693 4927 835 4971 τινος
868 4907 1314 4978 περιδράξασθαι,
1349 4908 1473 4968 τοὺς
1504 4906 1722 4969 αἰῶνας,
1766 4906 1858 4960 καὶ
1900 4907 1998 4976 τὴν

411 5004 472 5054 ἐν
495 5003 702 5064 τούτοις
727 5002 902 5053 κτίσιν
927 5002 1004 5062 εἰς
1023 4999 1084 5051 τὸ
1113 4998 1370 5066 συγγενὲς
1393 5000 1557 5067 ἑαυτῇ
1598 4999 1690 5050 καὶ
1726 4999 1992 5068 ὁμόφυλον

416 5092 728 5164 συζητήσει,
759 5093 859 5162 τῆς
886 5092 1126 5162 ἀλήπτου
1169 5089 1381 5158 φύσεως
1428 5091 1758 5161 πανταχόθεν
1803 5091 1991 5144 ἀπολι-

417 5184 724 5239 σθαίνουσα.

2100 3268 2338 3338 potentia
2367 3269 2512 3322 finita
2534 3277 2586 3323 et
2612 3269 2777 3322 certis
2797 3268 3062 3322 limitibus
3089 3266 3503 3336 circumscripta
3550 3281 3674 3319 esse

2097 3366 2151 3412 et
2179 3359 2318 3413 intra
2349 3372 2520 3412 metas
2557 3367 2821 3414 creatura:
2858 3359 3149 3422 contineri,
3185 3360 3410 3413 minime
3443 3357 3672 3410 dttbium

2096 3458 2200 3504 est.
2256 3451 2322 3504 At
2355 3466 2482 3504 vero
2526 3451 2610 3504 vis
2657 3450 2896 3506 efﬁciens
2956 3466 3160 3511 rerum.
3205 3466 3326 3520 qua:
3381 3450 3432 3502 in
3493 3449 3673 3518 seipsa

2095 3556 2278 3594 rerum
2317 3550 2622 3594 creatarum
2673 3548 2924 3596 naturam
2970 3540 3392 3600 circumscribit,
3439 3539 3674 3592 termino

2095 3630 2586 3686 circumscribente
2607 3638 2779 3696 caret,
2811 3646 3138 3699 omnemque
3169 3628 3502 3698 intelligendi
3539 3628 3673 3692 vim,

2095 3738 2218 3792 qua:
2251 3723 2315 3775 ad
2365 3721 2692 3792 principium
2729 3722 2928 3776 divinae
2973 3730 3181 3775 naturae
3225 3720 3513 3791 pervenire
3547 3733 3676 3774 con-

2095 3816 2292 3881 tendit,
2326 3816 2468 3868 intra
2499 3816 2734 3883 seipsam
2764 3815 3044 3869 concludit
3077 3821 3130 3868 et
3161 3813 3442 3870 terminat.
3472 3811 3675 3881 quippe

2097 3908 2496 3961 transcendens
2527 3919 2746 3958 omnem
2781 3905 3156 3960 curiositatem
3193 3913 3245 3956 et
3288 3908 3544 3956 conatum
3578 3901 3670 3969 qui

2095 3999 2162 4053 ad
2209 3998 2499 4052 terminum
2547 3996 2689 4065 ejus,
2745 3995 2888 4065 quod
2951 3994 3363 4049 interminatum
3425 4000 3530 4053 est,
3581 4007 3674 4061 pe-

2097 4101 2315 4148 netrare
2348 4093 2573 4158 nititur;
2621 4091 2800 4144 onmis
2851 4088 2996 4144 enim
3045 4101 3306 4143 ascensus
3349 4094 3404 4140 et
3473 4085 3673 4138 mentis

2095 4185 2376 4240 contentio
2426 4190 2548 4253 post
2594 4181 2858 4252 temporis
2939 4194 3234 4245 rerumque
3293 4177 3673 4248 temporalium

2093 4273 2381 4328 intervalla
2456 4279 2668 4326 tantum
2721 4271 2988 4325 duntaxat
3033 4270 3314 4336 evehetur,
3373 4277 3432 4322 ut
3490 4267 3676 4321 videre

2094 4368 2266 4435 possit
2307 4364 2447 4433 ejus,
2492 4363 2636 4434 quod
2680 4364 2964 4433 quaeritur,
3015 4360 3548 4432 imperscrutabilem
3585 4374 3675 4411 ra-

2095 4458 2319 4520 tionem,
2351 4457 2424 4509 ita
2469 4465 2527 4509 ut
2568 4456 2835 4510 terminus
2863 4462 2916 4509 et
2960 4456 3155 4508 modus
3183 4455 3546 4507 humanarum
3577 4467 3676 4504 co-

2097 4549 2442 4618 gitationum,
2504 4547 2765 4602 motionis
2817 4556 2872 4601 et
2937 4546 3191 4605 actionis,
3248 4545 3498 4597 videatur
3550 4557 3674 4595 esse

2098 4649 2336 4710 tempus,
2380 4647 2434 4694 et
2485 4654 2572 4700 ea,
2610 4654 2730 4708 quae
2786 4639 2838 4692 in
2869 4645 3113 4706 tempore
3159 4644 3309 4699 sunt,
3338 4649 3456 4702 quae
3506 4646 3672 4702 supra

2100 4729 2217 4784 haec
2269 4730 2446 4798 posita
2489 4738 2637 4789 sunt,
2675 4728 3104 4798 cogitationibus
3145 4727 3352 4780 nostris
3382 4725 3676 4792 investiga-

2096 4821 2249 4884 bilia,
2307 4828 2362 4875 et
2417 4820 2849 4891 impenetrabilia
2913 4827 3154 4881 manent,
3219 4825 3407 4887 utpote
3482 4813 3676 4885 procul

2097 4913 2345 4980 sejuncta
2385 4913 2452 4967 ab
2501 4912 2758 4968 omnibus
2802 4911 2932 4975 illis,
2989 4925 3111 4980 quae
3151 4910 3206 4962 in
3243 4908 3535 4962 humanam
3583 4919 3680 4958 cor

2101 5005 2414 5074 gitationem
2450 5005 2646 5059 cadere
2677 5011 2936 5075 possunt.
2974 5001 3047 5054 Ea
3089 5002 3256 5064 enim,
3281 4999 3476 5068 quibus
3501 5012 3676 5065 neque

2102 5096 2274 5166 ligura
2305 5104 2408 5156 est,
2458 5112 2632 5164 neque
2677 5097 2854 5158 locus,
2908 5108 3084 5162 neque
3125 5089 3464 5161 magnitudo,
3497 5104 3676 5158 neque

2100 5202 2355 5242 mensura
2387 5188 2736 5257 temporaria,
2770 5202 2946 5257 neque
2973 5183 3119 5238 aliud
3144 5183 3422 5254 quidpiam
3464 5199 3530 5238 ex
3564 5181 3670 5242 his,

416 5294 536 5350 quae
569 5282 750 5335 animo
778 5278 1312 5348 comprehendimus,
1350 5277 1394 5332 si
1430 5276 1781 5346 intelligentia
1811 5279 2010 5335 mentis
2039 5283 2255 5351 assequi
2297 5282 2446 5345 velit,
2473 5281 2784 5336 necessario
2852 5287 3122 5348 tempora,
3159 5285 3215 5332 et
3279 5275 3333 5329 in
3418 5275 3506 5330 his
3582 5289 3671 5329 res

416 5381 649 5435 creatas,
719 5371 1016 5427 secundum
1081 5379 1369 5442 cognatam
1436 5377 1491 5424 et
1553 5370 1774 5426 insitam
1837 5371 1942 5426 sibi
2000 5375 2455 5430 consuetudinem
2499 5383 2707 5446 quaeret
2750 5369 3256 5443 et'apprehendet,
3326 5368 3397 5423 ab
3461 5369 3674 5426 incomv-

415 5465 770 5540 prehensibili
819 5465 911 5519 illa
966 5473 1158 5519 natura
1207 5465 1400 5534 procul
1444 5472 1500 5519 et
1539 5463 1784 5533 undique
1839 5465 2126 5520 aberrans.

489 5561 656 5612 Παντὶ
681 5559 790 5629 γὰρ
812 5555 962 5628 οἶμαι
1005 5560 1162 5612 τοῦτο
1193 5559 1468 5630 γνώριμον
1492 5553 1631 5611 εἶναι
1660 5558 1736 5629 τῷ
1768 5559 1861 5611 καὶ
1898 5576 1992 5627 με-

407 5647 582 5716 ’τρίως
603 5648 993 5718 ὲπεσκεμμένῳ
1014 5651 1084 5700 τὰ
1103 5647 1252 5709 ὄντα,
1274 5648 1356 5700 ὅτι
1379 5648 1506 5712 τοὺς
1532 5648 1731 5710 αἰῶνας
1764 5647 1856 5700 καὶ
1904 5647 1993 5699 τὸν

418 5741 477 5791 ὲν
509 5738 713 5802 τούτοις
748 5739 913 5792 τόπον
942 5734 1051 5793 οἷόν
1081 5757 1134 5792 τι
1177 5739 1409 5811 χώρημα
1449 5740 1692 5793 δεκτικὸν
1715 5740 1822 5793 τῶν
1849 5757 1992 5808 γινο-

424 5829 598 5901 μένων
645 5830 1217 5903 προκαταὸαλλόμενος
1260 5836 1287 5886 ό
1324 5832 1431 5885 τῶν
1476 5831 1610 5892 ὅλων
1633 5833 1992 5906 Δημιουργὸς,

2175 5561 2312 5616 Puto
2350 5562 2494 5616 enim
2545 5561 2739 5625 cuivis,
2794 5564 2885 5632 qui
2945 5563 3027 5616 vel
3077 5563 3254 5618 obiter
3299 5559 3541 5613 animum
3607 5557 3673 5610 ad

2103 5646 2217 5701 hmo
2246 5646 2530 5704 advertere
2563 5651 2716 5714 velit,
2744 5650 3094 5706 manifestum
3125 5665 3268 5710 esse,
3297 5647 3541 5703 universi
3569 5647 3676 5700 hu-

2097 5738 2189 5807 jus
2223 5737 2608 5801 Conditorem,
2645 5749 2890 5811 tempora
2924 5750 2977 5796 et
3009 5742 3184 5812 spatia
3237 5740 3364 5803 loci,
3397 5739 3543 5794 velut
3587 5737 3676 5791 in-

2101 5831 2392 5888 tervallum
2424 5830 2700 5902 quoddam
2730 5850 2840 5905 quo
2874 5850 2962 5890 res
2981 5832 3345 5904 producendaa
3376 5824 3672 5901 reciperen-
