4166 6372
468 351 570 404 367

1726 345 1780 400 S.
1815 343 2140 402 GREGOBII
2174 344 2457 402 NYSSE'NI

3616 323 3725 392 ινιιῖ

469 479 580 532 tur,
620 471 1040 542 prmparavissr,
1067 481 1120 526 et
1165 471 1221 524 in
1277 469 1384 524 illis
1432 484 1521 523 res
1567 483 1757 523 omnes
1797 483 2075 530 creasse.,

2177 487 2199 520 ν
2226 469 2432 531 τούτοις
2473 467 2646 530 κτίζει
2677 465 2742 519 τὰ
2774 464 2970 518 πάντα.
2992 461 3064 514 Οὐ
3096 460 3207 531 γὰρ
3241 455 3512 526 ἐνδέχεταί
3542 473 3592 508 τι
3618 457 3728 509 τῶν

467 561 655 631 Neque
686 563 830 616 enim
867 561 982 616 licri
1019 568 1218 631 potest,
1251 569 1312 616 ut
1342 558 1547 629 aliquid
1585 559 1730 630 quod
1769 558 1855 614 vel
1893 573 2046 614 crea-

473 661 561 708 tur
598 653 686 709 vel
713 652 983 718 nascitur,
1009 668 1120 708 non
1152 652 1347 709 habeat
1373 667 1495 708 esse
1513 666 1680 706 suum
1705 650 1790 705 vel
1838 649 1893 704 in
1923 650 2046 704 loco

471 747 555 802 vel
593 746 649 800 in
698 753 962 815 tempore.
1015 745 1084 798 At
1136 761 1268 798 vero
1308 745 1400 797 illa
1450 742 1654 797 nullius
1698 742 1948 811 indigens
1993 746 2049 793 et

473 836 826 904 Sempiterna,
863 845 918 889 et
957 851 1079 904 quae
1114 836 1295 888 omnia
1341 849 1441 889 suo
1483 833 1768 903 complexu
1801 847 2050 901 compre-

475 925 664 979 hcndit
685 937 899 987 natura,
927 942 1100 997 neque
1137 927 1191 979 in
1216 927 1336 980 ioco
1359 935 1462 985 est,
1490 940 1667 993 neque
1700 925 1755 976 in
1782 931 2046 991 tempore,

476 1016 573 1070 sed
623 1025 749 1072 ante
793 1019 907 1072 haec
939 1026 1044 1081 est,
1079 1028 1130 1072 et
1167 1033 1335 1087 supra
1382 1017 1497 1070 haec
1540 1015 1887 1068 inenarrabili
1910 1029 2048 1083 qua-

473 1108 596 1161 dam
619 1108 852 1171 ratione,
878 1111 1102 1178 ipsaque
1133 1109 1187 1160 in
1211 1109 1388 1176 seipsa
1417 1105 1658 1160 solaiide
1687 1104 2046 1168 conspicitur,

480 1214 656 1267 neque
699 1200 915 1252 saeculis
950 1200 1387 1268 circumscripta,
1418 1211 1594 1265 neque
1640 1210 1764 1248 cum
1809 1205 2051 1262 tempore

481 1289 801 1350 decurrens,
844 1288 940 1342 sed
984 1288 1038 1342 in
1090 1289 1268 1358 seipsa
1314 1285 1629 1340 consistens
1675 1297 1729 1339 et
1777 1284 1830 1336 in
1870 1283 2052 1353 seipsa

480 1380 627 1433 velut
662 1379 884 1434 fundata
907 1388 961 1434 et
995 1380 1316 1443 solidata,in
1347 1393 1453 1448 qua
1485 1391 1660 1446 neque
1692 1374 2049 1445 praeteritum,

480 1482 659 1537 neque
696 1467 937 1522 futurum
976 1467 1225 1522 invenias
1261 1486 1275 1521 :
1317 1467 1449 1520 nihil
1499 1467 1642 1520 enim
1676 1463 1851 1534 ipsius
1898 1472 2051 1516 extra

480 1559 654 1629 ipsam
684 1570 788 1626 est,
817 1577 925 1629 quo
947 1567 1262 1614 transeunte
1313 1558 1458 1612 aliud
1493 1558 1710 1626 quidem
1745 1563 2052 1624 praitereat,

481 1648 629 1702 aliud
671 1663 800 1702 vero
848 1650 1091 1702 futurum
1130 1649 1220 1703 sit.
1271 1646 1397 1701 Haec
1445 1647 1590 1700 enim
1641 1646 1874 1716 propria:
1932 1653 2058 1700 sunt

482 1739 796 1795 aﬂ‘ectiones
817 1755 998 1794 rerum
1011 1747 1348 1801 creatarum,
1373 1739 1487 1807 spei
1505 1747 1558 1793 et
1579 1736 1849 1791 memoria:
1865 1751 2053 1800 causa,

2145 561 2234 614 διὰ
2270 561 2498 622 κτίσεως
2535 557 2853 628 γεγονότων,
2905 554 2937 626 ἦ
2979 551 3278 622 γινομένων
3320 550 3394 621 μὴ
3438 548 3654 610 πάντως
3691 546 3727 609 ἢ

2146 654 2204 706 ὲν
2232 653 2402 722 τόπῳ,
2427 651 2460 722 ἢ
2489 653 2547 704 έν
2575 650 2749 722 χρόνῳ
2785 648 2848 702 τὸ
2880 642 3015 700 εἶναι
3045 644 3186 715 ἔχειν
3205 659 3218 672 ·
3247 644 3287 712 ή
3318 642 3373 694 δὲ
3402 639 3727 710 ἀπροσδεὴς,

2147 746 2240 798 καὶ
2270 745 2457 807 ἀΐδιος,
2495 743 2594 795 καὶ
2635 741 2741 793 τῶν
2777 739 2942 793 ὅντων
2987 733 3380 808 ὲμπεριεκτικὴ
3425 731 3585 802 φύσις
3615 726 3730 783 οὔτ’

2147 837 2204 888 ὲν
2232 836 2381 906 τόπῳ
2403 834 2568 898 ἐστὶν,
2596 833 2719 886 οὔτε
2749 834 2807 884 ἐν
2837 831 3034 901 χρόνῳ,
3069 827 3215 879 ἀλλὰ
3241 825 3347 897 πρὸ
3390 821 3614 886 τούτων,
3637 819 3734 873 καὶ

2149 929 2288 999 ὑπὲρ
2321 927 2491 980 ταῦτα
2524 925 2663 978 κατὰ
2701 925 2790 977 τὸν
2819 923 3092 992 ἄφραστον
3129 919 3305 986 λόγον,
3337 915 3472 985 αὑτὴ
3507 913 3733 980 ὲφ“ὲαυο

2147 1021 2246 1088 τῆς
2277 1018 2364 1072 διὰ
2399 1019 2566 1088 μόνης
2599 1017 2834 1076 πίστεως
2862 1013 3164 1083 θεωρεῖται,
3200 1007 3323 1061 οὕτε
3356 1005 3513 1060 αίῶσι
3548 1019 3731 1073 παρασ-

2153 1109 2514 1181 μετρουμένη,
2542 1106 2662 1161 οὔτε
2687 1107 2896 1178 χρόνοις
2926 1099 3474 1173 συμπαρατρέχουσα,
3504 1094 3615 1148 ἀλλ’
3644 1091 3732 1162 ἐφ’

2151 1202 2347 1273 ἑαυτῆς
2377 1201 2607 1265 ἑστῶσα,
2648 1199 2742 1252 καὶ
2775 1198 2832 1250 ἐν
2865 1197 3029 1265 ἑαυτῇ
3070 1190 3458 1261 καθιδρυμένη,
3499 1185 3622 1238 οὔτε
3655 1181 3736 1254 τῷ

2151 1313 2227 1349 πα
2233 1291 2651 1366 ρῳχηκότιρίτε
2668 1289 2744 1360 τῷ
2759 1287 3001 1359 μέλλοντι
3017 1285 3317 1353 συνθεωρου
3325 1280 3479 1350 μένη·
3496 1277 3611 1330 οὐδὲ
3629 1277 3738 1346 μήν

2153 1387 2268 1440 ἐστί
2292 1405 2344 1439 τι
2366 1387 2493 1457 παρ’
2515 1382 2702 1452 αὐτὴν,
2728 1379 2829 1444 ἔξω
2851 1378 3040 1447 αὐτῆς,
3057 1370 3117 1428 οὗ
3141 1371 3526 1445 παροδεύοντος
3551 1367 3612 1420 τὸ
3629 1366 3735 1436 μέν

2153 1496 2205 1531 τι
2243 1478 2597 1549 παρέρχεται,
2617 1472 2677 1525 τὸ
2697 1472 2754 1524 δὲ
2779 1468 2981 1541 μέλλει.
3001 1465 3183 1519 Ταῦτα
3203 1468 3311 1534 γὰρ
3332 1461 3439 1514 ἴδια
3451 1459 3558 1512 τῶν
3587 1459 3643 1510 ὲν
3667 1458 3737 1527 τῇ

2155 1548 2424 1624 κτίσειτὰ
2466 1565 2612 1634 παθη
2652 1563 2786 1632 πρὸς
2830 1559 3017 1612 ἐλπίδα
3048 1557 3140 1610 καὶ
3187 1555 3406 1626 μνήμην
3466 1549 3608 1604 κατὰ
3637 1548 3736 1617 τὴν

2155 1660 2248 1714 τοῦ
2278 1659 2469 1730 χρόνου
2510 1656 2771 1724 διαίρεσιν
2821 1652 2916 1721 τῆς
2953 1648 3095 1718 ζωῆς
3140 1645 3481 1716 σχιζομένης.
3521 1638 3740 1712 Ἑκείνῃ

2156 1756 2213 1810 δὲ
2246 1756 2310 1825 τῇ
2342 1751 2516 1822 ὑψηλῇ
2579 1749 2671 1802 καὶ
2705 1744 2950 1818 μακαρίᾳ
2997 1740 3240 1810 δυνάμει,
3375 1736 3562 1825 πέινταΔ
3599 1730 3740 1785 κατὰ

481 1832 592 1884 vita
627 1831 778 1885 varie
821 1831 1018 1896 divisa,
1058 1831 1360 1885 secundum
1398 1830 1726 1882 divisionem
1771 1829 2048 1895 temporis.

2177 1815 2399 1905 ἐνεστὼς.
2549 1815 2807 1908 πάρεστιν
2836 1832 3048 1900 ἐπίσης,
3083 1829 3176 1881 καὶ
3207 1825 3266 1878 τὸ
3296 1819 3740 1896 προσδοκώμενον

483 1927 557 1976 Αι
601 1923 655 1976 in
705 1923 795 1976 illa
849 1937 1104 1992 suprema
1154 1931 1208 1976 et
1242 1922 1399 1975 beata
1435 1926 1722 1990 potestate,
1755 1919 1843 1972 cui
1877 1918 2056 1971 omnia

484 2014 767 2085 mqualiter
798 2017 864 2068 de
897 2015 1148 2084 prwsenti
1193 2015 1415 2077 adsunt,
1453 2013 1619 2066 etiam
1653 2011 1705 2064 id
1745 2010 1889 2079 quod
1912 2008 2060 2063 futu-

484 2123 606 2160 rum
642 2115 745 2172 est,
777 2107 848 2160 ob
890 2107 1034 2159 illam
1081 2105 1348 2160 infinitam
1387 2102 1883 2172 comprehendendi
1926 2101 2057 2164 vim,

485 2198 670 2254 inesse
718 2197 1123 2251 consideratur.

559 2287 681 2358 Ipsa
714 2288 900 2357 itaque
931 2297 1018 2342 est
1046 2288 1378 2354 substantia,
1421 2288 1474 2340 in
1507 2300 1637 2355 qua,
1670 2293 1728 2337 ut
1768 2280 2060 2352 Apostolus

490 2383 584 2446 ait,
622 2383 805 2437 omnia
831 2383 1131 2437 constituta
1159 2390 1304 2442 sunt,
1334 2383 1499 2436 etiam
1522 2378 1854 2448 singularia,
1879 2377 1931 2428 in
1960 2389 2063 2444 qua

490 2476 731 2539 vivimus,
762 2492 1046 2537 moventur,
1071 2485 1119 2528 et
1151 2491 1330 2528 sumus
1359 2475 1405 2505 ³⁰
1430 2492 1441 2526 :
1477 2488 1599 2541 quae
1619 2471 1767 2525 omni
1795 2466 2064 2538 principio

491 2565 861 2635 superiorest,
878 2582 1054 2635 neque
1079 2567 1185 2618 ulla
1208 2581 1320 2617 suae
1354 2572 1562 2617 natura:
1588 2566 1907 2632 argumenta
1929 2574 2065 2628 pric-

492 2659 607 2718 bet.
663 2657 753 2712 sed
811 2659 912 2712 hac
977 2659 1092 2712 sola
1145 2666 1270 2710 nota
1310 2657 1682 2726 cognoscitur,
1719 2653 1865 2723 quod
1917 2666 2067 2705 com-

496 2749 757 2814 prehendi
805 2759 1078 2821 nequeat;
1139 2766 1263 2803 nam
1323 2751 1439 2805 haec
1490 2759 1617 2803 nota
1666 2750 1715 2802 ei
1777 2756 1859 2802 est
1904 2761 2066 2815 quam

498 2863 582 2899 ma
593 2847 730 2899 xime
742 2844 1133 2912 propria,omni
1153 2853 1275 2895 nota
1296 2842 1552 2910 omnique
1569 2841 1879 2895 charactere
1899 2837 2072 2892 ad-in-

499 2937 848 3008 telligendum
864 2935 1273 2989 accommodato
1287 2935 1625 3003 superiorem
1641 2947 1782 2987 esse.
1808 2932 2067 2984 (Jreatura

497 3028 668 3097 igitur
704 3042 770 3082 eo
807 3027 928 3095 ipso
958 3025 1104 3095 quod
1140 3042 1248 3079 sua
1297 3025 1350 3078 in
1409 3024 1617 3078 ratione
1641 3038 1767 3077 cum
1824 3023 2070 3075 increato

501 3135 608 3174 non
634 3119 921 3181 convenit,
956 3132 986 3170 a
1033 3117 1444 3185 comparatione
1484 3125 1537 3170 et
1567 3112 1952 3168 communione
1985 3110 2069 3164 sui

498 3210 819 3268 Conditoris
858 3213 1188 3275 secernitur,
1242 3211 1582 3274 diversitate,
1634 3210 1888 3276 inquam,
1938 3206 2072 3261 sub-

501 3304 1003 3372 stantize,quodque
1033 3303 1086 3356 in
1115 3302 1294 3371 seipsa
1334 3301 1590 3356 exhibeat
1621 3300 1886 3354 rationem
1917 3297 2074 3367 quasi

504 3396 1042 3457 demonstratricem,
1066 3394 1211 3465 quod
1238 3411 1362 3448 cum
1381 3410 1446 3448 eo
1472 3411 1537 3448 ex
1557 3409 1663 3464 quo
1687 3392 1913 3454 exstitit,
1943 3389 2077 3443 nihil

506 3501 794 3541 commune
832 3487 1129 3555 possideat.
1166 3486 1236 3539 At
1277 3502 1407 3539 vero
1449 3485 1631 3538 divina
1665 3491 1857 3537 natura
1886 3481 2080 3552 procul

510 3576 667 3631 abest
705 3577 775 3630 ab
827 3576 1083 3630 omnibus
1130 3575 1240 3631 illis
1301 3575 1730 3645 proprietatibus
1775 3580 1829 3628 et
1873 3587 2080 3643 cogno-

508 3666 697 3725 soendi
726 3666 965 3729 indiciis,
989 3681 1109 3734 quae
1129 3666 1401 3720 creaturis
1431 3666 1609 3719 inesse
1624 3663 2080 3729 considerantur;

511 3762 639 3813 hinc
662 3768 716 3815 et
744 3759 883 3814 infra
914 3777 971 3814 se
1004 3758 1262 3828 relinquit
1281 3773 1473 3812 omnes
1499 3755 1761 3825 temporis
1792 3758 2083 3819 sectiones,

510 3853 672 3925 prius
699 3852 821 3907 dico
851 3861 903 3907 et
927 3852 1223 3921 posterius,
1246 3865 1438 3904 omnes
1468 3849 1534 3904 de
1565 3849 1686 3902 loco
1703 3849 2084 3917 cogitationes,

517 3953 574 3998 at
620 3959 721 3999 nec
766 3944 1020 4013 superius
1066 3943 1132 3996 de
1189 3957 1251 3996 ea
1309 3939 1533 4010 proprie
1588 3938 1848 3992 allirmari
1901 3944 2087 4006 queat.

515 4037 688 4094 Omne
717 4036 862 4092 enim
894 4037 1042 4106 quod
1075 4042 1357 4105 spectatur
1383 4035 1437 4087 in
1471 4033 1712 4086 increata
1745 4031 1837 4084 illa
1869 4037 2088 4094 natura,

517 4144 683 4199 supra
705 4137 808 4193 est,
837 4135 893 4209 et
925 4125 1250 4196 principium
1265 4132 1369 4188 est,
1393 4132 1447 4178 et
1477 4123 1743 4176 rationem
1765 4121 1840 4175 rei
1860 4120 2092 4173 maxime

519 4221 737 4292 proprie
766 4221 927 4275 dicta:
955 4219 1140 4273 habet.

587 4312 722 4367 Cum
763 4313 926 4383 igitur
971 4312 1236 4365 hactenus
1265 4309 1705 4363 demonstratum
1750 4309 1844 4369 sit,
1903 4309 2098 4377 unige-

520 4407 694 4461 nitum
711 4405 906 4460 Filium
924 4414 978 4460 et
994 4403 1255 4476 Spiritum
1275 4411 1522 4455 sanctum
1535 4415 1642 4454 non
1661 4401 1803 4454 inter
1817 4409 2099 4455 creaturas

521 4499 713 4572 quaeri,
750 4499 844 4554 sed
884 4511 1053 4568 supra
1105 4511 1297 4551 omnes
1346 4502 1630 4549 creaturas
1675 4500 1895 4548 evectos
1948 4491 2093 4548 credi
2127 4519 2172 4575 Β

523 4594 753 4657 debere;
793 4590 905 4644 ﬁeri
934 4588 1189 4644 fortassis
1219 4587 1438 4657 poterit,
1477 4595 1536 4640 ut
1551 4594 1821 4640 creatura:
1851 4600 1944 4654 per
1975 4593 2093 4639 stu-

523 4686 674 4739 dium
708 4683 1209 4738 ebcontentionem
1250 4695 1462 4743 eorum,
1497 4680 1589 4750 qui
1622 4680 1769 4733 circa
1812 4679 1926 4732 haec
1964 4679 2094 4732 talia

527 4778 800 4830 laboriose
843 4780 1206 4844 occupantur,
1251 4772 1582 4842 principium
1617 4772 1895 4842 proprium
1939 4787 2095 4841 repe-

526 4871 728 4922 riatur;
757 4875 813 4920 at
833 4864 980 4935 quod
1013 4879 1180 4934 supra
1214 4871 1478 4919 creaturae
1515 4870 1717 4918 sortem
1762 4871 1866 4929 est,
1915 4862 1967 4917 id
1995 4863 2098 4920 hoc

528 4959 688 5014 modo
720 4968 774 5014 et
811 4957 992 5014 medio
1026 4971 1308 5027 nunquam
1339 4956 1444 5011 sub
1490 4956 1876 5026 cogitationem
1917 4956 2096 5017 cadet,

528 5068 652 5108 eum
686 5051 895 5104 nullum
944 5051 1229 5110 indicium,
1266 5064 1374 5119 quo
1415 5048 1484 5102 ad
1519 5049 1888 5117 cognitionem
1939 5049 2100 5117 quasi

530 5158 695 5197 manu
742 5141 1029 5201 ducamur,
1079 5141 1132 5194 in
1166 5155 1232 5195 eo
1273 5149 1399 5194 ante
1446 5139 1706 5206 temporis
1733 5150 1912 5193 ortum
1944 5139 2105 5194 liceat

533 5231 802 5289 invenire.
833 5231 892 5286 Si
926 5246 1057 5300 ergo
1091 5233 1143 5285 in
1179 5231 1421 5286 increata
1448 5229 1541 5283 illa
1572 5237 1765 5283 natura
1795 5243 1902 5282 non
1943 5227 2107 5283 modo

533 5342 644 5387 res,
678 5325 772 5380 sed
791 5331 846 5380 et
873 5324 1094 5378 nomina
1116 5323 1364 5377 miranda
1390 5322 1571 5376 inesse
1589 5321 1922 5392 cogitantur,
1952 5320 2110 5374 Pater

533 5416 786 5471 videlicet
828 5421 882 5468 et
920 5411 1115 5477 Filius,
1155 5421 1209 5467 et
1251 5411 1490 5482 Spiritus
1537 5418 1783 5472 sanctus,
1834 5408 2111 5480 quomodo

539 5510 653 5564 lieri
711 5513 906 5578 potest,
961 5513 1024 5559 ut
1086 5505 1232 5575 quod
1276 5519 1429 5560 mens
1480 5504 1720 5568 curiosa,
1762 5510 1817 5557 et
1864 5500 2111 5571 pluribus

537 5615 698 5672 quam
723 5613 820 5668 par
838 5607 926 5654 est
942 5597 1167 5664 intenta,
1187 5596 1240 5650 in
1261 5595 1345 5650 his
1370 5594 1897 5652 rebusinl‘erioribus
1927 5593 2106 5648 anim-

645 5772 830 5863 '°_Act.
860 5790 995 5843 xvn,
1023 5774 1094 5830 28

2167 1935 2270 1988 ύπδ
2311 1933 2412 2004 τῆς
2448 1926 2800 2001 περιεκτικῆς
2843 1925 3058 1986 πάντως
3099 1919 3391 1990 δυνάμεως
3438 1910 3741 1985 ὲγκρατού-

2171 2045 2327 2099 μενον
2356 2022 2673 2096 καθορᾶται.

2239 2295 2385 2365 Αὕτη
2411 2292 2587 2345 τοίνυν
2619 2291 2650 2360 ἡ
2681 2285 2837 2341 οὐσία
2866 2283 3032 2347 ἐστὶν,
3063 2281 3120 2332 ὲν
3203 2277 3395 2337 πάντα,
3431 2270 3612 2334 καθώς
3634 2287 3744 2365 φη·

2172 2406 2254 2440 σιν
2281 2389 2308 2439 ὁ
2350 2379 2687 2443 Ἀπόστολος,
2717 2376 3030 2446 συνέστηκε,
3062 2370 3157 2424 καὶ
3206 2368 3256 2420 οἱ
3300 2363 3633 2421 καθέκαστον
3665 2352 3748 2412 εῖ-

2171 2497 2256 2532 ναι
2321 2475 2656 2546 μετέχοντες,
2739 2465 2923 2537 ζῶμέν
2971 2480 3037 2517 τε
3105 2458 3202 2514 καὶ
3261 2454 3603 2546 κινούμεθα,
3644 2447 3746 2546 nisi

2170 2537 2378 2636 ἐσμὲλθ,
2413 2537 2719 2634 ἡυανωτέρα
2749 2557 2844 2629 μὲν
2883 2554 3063 2623 πάσης
3098 2549 3292 2620 ἀρχῆς,
3322 2547 3520 2615 σημεῖα
3561 2539 3618 2636 δέ

2175 2628 2310 2722 ἰδίας
2347 2628 2558 2727 φύσεως
2598 2628 2665 2706 οὑ-
2712 2628 3079 2720 παρεχομένη,
3129 2641 3242 2695 ἀλλ’
3266 2640 3322 2689 ἐν
3370 2637 3524 2727 μόνω
3547 2630 3624 2700 τῷ

2171 2718 2427 2805 δύνασθαι
2484 2718 2890 2813 καταληφθῆναι
2957 2730 3353 2806 γινωσκομένη.
3420 2722 3591 2777 Τοῦτο
3642 2718 3753 2787 γὰρ

2173 2842 2345 2910 αὐτῆς
2373 2838 2656 2893 ίδιαίτατον
2705 2830 3024 2901 γνώρισμα,
3073 2825 3134 2877 τὸ
3177 2820 3374 2910 παντὸς
3419 2825 3754 2910 χαρακτηρι-

2177 2901 2358 2986 auch
2385 2930 2652 2999 νοήματος
2685 2919 3019 2992 ὑψηλοτέραν
3054 2914 3223 2983 αὐτῆς
3263 2907 3401 2963 εἶναι
3441 2906 3538 2977 τὴν
3568 2901 3752 2974 φύσιν.

2187 3024 2252 3076 Ἦ
2280 2994 2664 3078 τοίνυν-κτίσις
2697 3013 2782 3067 διὰ
2827 3011 2889 3064 τὺ
2929 3010 3002 3080 μὴ
3046 3007 3138 3060 τὸν
3189 3001 3348 3058 αὑτὸν
3391 2998 3472 3069 τῷ
3515 2994 3755 3064 ἅκτίστῳ

2179 3116 2334 3184 λόγον
2366 3114 2527 3183 ἔχειν,
2583 3106 2729 3178 αὑτῷ
2768 3104 2940 3174 τούτῳ
2983 3101 3083 3170 τῆς
3119 3097 3253 3169 πρὸς
3300 3093 3390 3146 τὸν
3421 3086 3756 3184 πεποιηκότα

2178 3200 2514 3275 συγκρίσεως
2544 3217 2602 3252 τε
2630 3199 2724 3251 καὶ
2753 3193 3038 3254 κοινωνίας
3063 3187 3378 3259 χωρίζεται,
3398 3185 3465 3252 τῇ
3492 3178 3628 3233 κατὰ
3657 3177 3757 3247 τὴν

2176 3267 2362 3351 οὐσίαν
2403 3292 2545 3359 λέγω
2587 3289 2834 3360 διαφορᾷ,
2886 3285 2978 3338 καὶ
3022 3282 3119 3352 τῷ,
3159 3279 3287 3332 ἴδιον
3328 3277 3411 3344 ἐφ’
3455 3267 3758 3360 ἑαυτῇ

2179 3356 2579 3457 παραστατικὸν
2614 3380 2710 3449 τῆς
2749 3356 2961 3446 ξρύσεως
3008 3366 3347 3439 ἐπιδέχεσθαι
3381 3363 3557 3430 λόγον,
3607 3356 3759 3457 ούδὲν

2179 3449 2627 3531 ἐπικοινωνοῦντα
2659 3470 2736 3539 τῷ
2787 3467 2846 3532 ἐξ
2885 3460 2948 3520 οὗ
2984 3463 3225 3532 γέγονεν.
3261 3457 3326 3510 Ἢ
3367 3455 3424 3508 δὲ
3457 3453 3575 3506 θεία
3600 3449 3759 3539 φύσις

2181 3569 2398 3622 πάντων
2443 3561 2551 3614 τῶν
2600 3557 2904 3621 ἰδιαζόντως
2958 3547 3434 3618 ἒπιθεωρουμένων
3476 3541 3543 3610 τῇ
3585 3535 3760 3591 κτίσει

2185 3656 2423 3728 σημείων
2455 3649 2748 3723 ἀλλοτρίως
2784 3648 3001 3718 ἔχουσα,
3032 3643 3182 3696 κάτω
3215 3638 3408 3707 ἑαυτῆς
3449 3630 3760 3688 καταλείπει

2183 3720 2341 3804 edice
2373 3720 2926 3818 xpovmhv'zpﬁpata,
2957 3735 3018 3788 τὸ
3057 3731 3423 3805 πρεσϐύτερον
3465 3726 3608 3818 λέγω
3667 3720 3761 3818 καὶ

2185 3844 2246 3896 τὸ
2276 3814 2557 3909 νεώτερον,
2610 3834 2840 3895 καὶτὰς
2894 3827 3123 3889 τοπικὰς
3174 3821 3444 3884 ἐπινοίας,
3494 3817 3570 3880 ὡς
3620 3814 3762 3909 ,μήτε

2179 3905 2460 4004 ,ἀνώτερον
2486 3931 2570 3983 ἐπ’
2609 3928 2775 3996 αὐτῆς
2810 3943 2861 3977 τι
2906 3922 3108 3993 κυρίως
3132 3914 3402 3986 λέγεσθαι.
3431 3913 3545 3966 Πᾶν
3571 3907 3680 4004 γαρ
3707 3905 3768 4004 τί)

2188 3995 2473 4098 νοούμενον
2500 4025 2590 4075 ἐπὶ
2627 3995 2741 4089 τῆς
2765 4017 3017 4072 ἁκτίστου
3051 4011 3349 4082 δυνάμεως,
3380 4006 3490 4060 ἂνω
3515 4002 3650 4064 ἐστὶ,
3675 3995 3769 4051 καὶ

2191 4095 2332 4191 ἀρχη
2359 4121 2492 4182 ἐστι,
2521 4113 2614 4167 καὶ
2643 4113 2732 4165 τὸν
2757 4109 2849 4163 τοῦ
2877 4104 3210 4177 κυριωτάτου
3241 4101 3397 4169 λόγον
3426 4095 3630 4165 ἐπέχει.

2278 4298 2429 4352 Ἐπεὶ
2457 4292 2548 4348 οὖν
2581 4293 2844 4346 δέδεικται
2883 4287 2970 4340 διὰ
3012 4285 3119 4338 τῶν
3169 4279 3467 4354 εἰρημένων
3500 4275 3574 4348 μὴ
3613 4275 3671 4326 ὲν
3701 4273 3767 4343 τῇ

2197 4395 2371 4449 κτίσει
2400 4393 2488 4444 τὸν
2527 4387 2785 4460 μονογενῆ
2825 4383 2972 4446 Υίὸν,
3015 4379 3108 4433 καὶ
3147 4377 3208 4430 τὸ
3255 4370 3509 4427 τοῦ-Θεοῦ
3545 4367 3769 4460 Πνεῦμα

2199 4478 2600 4553 διερευνᾶσθαι,
2634 4475 2744 4529 ἀλλ’
2776 4475 2886 4528 ἄνω
2915 4471 3011 4540 τῆς
3040 4467 3266 4528 κτίσεως
3305 4460 3573 4516 πιστεύειν
3604 4453 3768 4510 εἶναι·

2200 4577 2233 4646 ἡ
2265 4544 2360 4644 μὲν
2390 4570 2562 4631 κτίσις
2593 4567 2681 4621 ἐπί
2703 4581 2842 4626 τινος
2873 4557 3175 4626 ίδιαζούσης
3201 4552 3374 4625 ἀρχῆς
3395 4550 3482 4646 διὰ
3502 4548 3599 4618 τῆς
3619 4544 3776 4646 ,φιλο-

2200 4660 2590 4737 πραγμοσύνης
2617 4657 2726 4710 τῶν
2769 4655 2834 4707 τὰ
2861 4650 3086 4706 τοιαῦτα
3124 4646 3306 4718 ζητεῖν
3339 4637 3776 4712 φιλονεικούντων

2204 4729 2871 4824 ἴσως-Ἴκαταληφθήσεται·
2896 4745 2957 4798 τὸ
2994 4743 3052 4796 δὲ
3094 4741 3235 4810 ὑπὲρ
3260 4737 3493 4805 ταύτην,
3526 4730 3685 4824 οὐδὲν,
3709 4729 3776 4824 ἂν

2203 4851 2291 4906 διὰ
2314 4820 2518 4903 τούτων
2547 4820 2743 4916 μᾶλλον
2765 4842 2843 4903 εἰς
2874 4836 3073 4907 γνῶσιν
3111 4832 3272 4897 ἔλθοι,
3297 4827 3506 4888 οὐδενὸς
3533 4825 3591 4877 ὲν
3632 4820 3779 4916 abegi

2207 4943 2430 5014 σημείου
2465 4914 2731 4993 δεικτικοῦ
2764 4933 2870 5005 πρὸ
2894 4931 3003 4984 τῶν
3031 4927 3238 4982 αἰώνων
3271 4917 3673 5014 εὑρισκομένου.
3714 4914 3779 5014 Ιξί

2205 5034 2297 5091 οὖν
2322 5039 2380 5089 ὲν
2406 5037 2474 5106 τῇ
2513 5031 2750 5099 ἀκτίστῳ
2773 5026 2932 5096 φύσει
2969 5024 3165 5076 νοεῖται
3205 5016 3274 5070 τὰ
3313 5008 3599 5082 θαυμαστὰ
3642 5004 3780 5106 «poi:-

2207 5128 2393 5199 γματὰ
2505 5125 2598 5177 καὶ
2625 5092 2880 5192 ὀνόματα,
2905 5119 2933 5171 ὁ
2959 5112 3168 5183 Πατὴρ,
3201 5107 3296 5164 καὶ
3328 5107 3357 5160 ὁ
3383 5102 3557 5199 nec,
3586 5096 3679 5199 καὶ
3717 5092 3783 5198 τὸ

2203 5186 2427 5293 Πνεῦμα
2466 5218 2526 5271 τὸ
2574 5215 2748 5284 ἅγιον,
2780 5211 2893 5275 πῶς
2947 5211 3062 5261 ἐστι
3095 5199 3336 5264 δυνατὸν,
3378 5197 3512 5265 ὅπερ
3542 5190 3633 5245 ἐπὶ
3675 5186 3784 5240 τῶν

2203 5285 2364 5370 κάτω,
2387 5305 2857 5382 περιεργαζομένη
2916 5299 3010 5354 καὶ
3048 5285 3579 5382 πολυπραγμονοῦσα
3611 5293 3784 5382 κατα-

2203 5371 2472 5479 λαμϐάνεί
2496 5405 2530 5473 ἡ
2551 5371 2774 5463 ’έννοια,
2806 5371 2991 5464 ἕτερον
3023 5388 3209 5459 ἑτέρου
3258 5374 3620 5476 συγκριτικῑὲς
3653 5371 3788 5479 ὐποῖ

2205 5463 2434 5559 τιθεῖσα,
2466 5495 2556 5548 διά
2601 5507 2741 5553 τινος
2786 5481 3036 5558 χρονικοῦ
3073 5477 3458 5547 διαστήματος..
3495 5465 3654 5522 τοῦτο
3693 5463 3791 5559 καὶ

2215 5591 2306 5644 ἐπὶ
2329 5589 2439 5658 βῆς
2489 5584 2742 5643 ὰκτίστου
2789 5555 2895 5632 ’καὶ
2949 5569 3270 5645 προαιωνίου
3317 5561 3558 5634 νομίζειν
3603 5555 3791 5616 οὐσίας
