4166 6372
408 377 514 437 ’569

1547 391 1823 445 CONTRA
1862 391 2245 458 EUNOMIUM,
2284 393 2412 449 LIB.
2444 395 2483 447 1.

3592 390 3662 444 70

409 495 580 564 εἷναι;
610 490 728 572 ὲνῇ
766 500 954 572 Πατὴρ
990 503 1088 573 μὲν
1117 504 1368 576 ἄναρχος,
1414 508 1506 559 καὶ
1550 508 1858 579 ἀγέννητος,
1884 510 1974 563 καὶ

2087 512 2344 574 advertit,
2388 518 2445 564 ut
2501 509 2712 564 scilicet
2756 509 2925 561 altera
2962 506 3118 560 altcri
3177 508 3372 559 collata
3412 511 3663 577 superior

408 591 495 642 ἀεὶ
527 590 713 662 Πατὴρ
750 595 980 646 νοεῖται·
1018 593 1079 658 ἐξ
1115 595 1276 648 αὐτοῦ
1325 598 1380 650 δὲ
1430 599 1570 652 κατὰ
1614 600 1671 652 τὸ
1714 602 1974 670 προσεχὲς

411 682 739 746 ἁδιαστάτως
770 684 797 736 ὁ
837 687 1127 759 μονογενὴς
1171 689 1296 752 Υἱὸς
1335 690 1413 759 τῷ
1447 691 1620 761 Πατρὶ
1656 694 1982 744 συνεπινοεῖο

408 790 536 826 ται·
565 774 632 826 δι’
662 775 823 829 αὐτοῦ
864 778 921 830 δὲ
987 780 1079 833 καὶ
1125 782 1240 849 μετ’
1263 780 1447 844 αὐτοῦ,
1491 782 1617 852 πρίν
1646 800 1696 834 τι
1740 783 1892 834 κενόν
1922 800 1980 834 τε

410 865 504 917 καὶ
529 865 892 921 ἀνυπόστατον
913 869 998 922 διὰ
1024 872 1188 941 μέσου
1212 877 1581 943 παρεμπεσεῖν
1594 875 1799 943 νόημα.
1823 874 1981 937 εὐθὺς

412 958 503 1013 καὶ
532 958 600 1011 τὸ
625 960 846 1031 Πνεῦμα
882 962 942 1014 τὸ
969 963 1120 1032 ἅγιον
1166 966 1523 1036 συνημμένως
1573 966 1981 1036 καταλαμϐάνε-

407 1067 525 1103 ταιο
561 1052 659 1123 οὐχ
685 1054 962 1125 ὑστερίζον
987 1058 1125 1110 κατὰ
1150 1059 1245 1128 τὴν
1276 1058 1506 1130 ὓπαρξιν
1538 1060 1673 1129 μετὰ
1696 1059 1784 1113 τὸν
1815 1059 1943 1112 Υἰὸν
1964 1076 1977 1089 ο

411 1144 550 1199 ὥστε
578 1147 709 1200 ποτὲ
728 1146 819 1200 τὸν
846 1149 1121 1218 Μονογενῆ
1156 1151 1275 1220 δίχα
1306 1150 1399 1203 τοῦ
1448 1151 1585 1204 Ilva-5
1594 1169 1759 1222 ματος
1787 1154 1982 1221 νοηθῆο

409 1252 525 1289 ναι⁹
554 1237 667 1289 ἀλλ’
692 1239 765 1290 ὲκ.
802 1237 899 1307 μὲν
947 1239 1040 1292 τοῦ
1084 1241 1216 1293 Θεοῦ
1255 1241 1539 1305 τῶνηόλων,
1574 1246 1667 1295 καὶ
1712 1243 1841 1296 αὐτὸ
1884 1244 1981 1313 τὴν

410 1325 584 1379 αἰτίαν
612 1326 731 1397 ἔχον
770 1327 861 1381 τοῦ
910 1324 1067 1394 εἶναι,
1117 1331 1236 1384 ὅθεν
1274 1332 1367 1385 καὶ
1405 1332 1467 1384 τὸ
1535 1333 1819 1403 μονογενές
1867 1336 1980 1386 ἐστι

409 1415 545 1483 φῶς,
571 1416 657 1469 διὰ
682 1416 738 1469 δὲ
764 1418 855 1470 τοῦ
888 1418 1139 1489 ἀληθινοῦ
1165 1421 1336 1489 φωτὸς
1368 1421 1679 1491 ἐκλάμψαν·
1711 1421 1835 1475 οὔτε
1869 1423 1980 1475 δια-

410 1510 664 1578 στήματι,
691 1509 812 1561 οὔτε
853 1510 1063 1579 φύσεως
1106 1514 1380 1583 ἑτερότητι
1413 1514 1504 1566 τοῦ
1540 1515 1771 1587 Πατρὸς,
1814 1514 1848 1585 ἢ
1887 1514 1978 1567 τοῦ

406 1600 742 1667 Μονογενοῦς
765 1602 1148 1671 ἀποτέμνεται.
1193 1606 1473 1675 Διὰστημα
1502 1607 1598 1675 μὲν
1625 1606 1731 1678 γὰρ
1759 1606 1850 1658 ἐπὶ
1881 1606 1981 1675 τῆς

404 1693 729 1763 προαιωνίου
753 1694 965 1764 φύσεως
1005 1698 1102 1754 οὐκ
1149 1698 1292 1751 ἔστιν
1313 1717 1326 1729 ’
1363 1702 1395 1770 ἡ
1421 1699 1477 1751 δὲ
1502 1699 1641 1753 κατὰ
1675 1700 1771 1770 τὴν
1795 1700 1979 1753 οὐσίαν

401 1785 629 1855 διαφορὰ
689 1787 931 1858 οὐδεμία.
999 1791 1134 1842 Οὐδὲ
1166 1792 1272 1862 γάρ
1323 1793 1439 1845 ἐστι
1464 1793 1684 1845 δυνατὸν
1724 1793 1978 1845 ἀκτίστου

2082 605 2154 659 sit
2186 611 2239 655 et
2278 604 2450 671 prior,
2487 600 2786 656 secundum
2834 599 3072 667 aliquam
3118 600 3380 668 temporis
3418 598 3667 653 duratio-

2081 710 2205 750 nem
2225 737 2249 760 ,η
2270 694 2373 747 hoc
2411 693 2576 748 etiam
2615 692 2671 744 in
2710 692 2952 744 increata
2997 690 3089 743 illa
3127 698 3180 744 et
3218 698 3422 744 aeterna
3463 698 3662 745 natura

2081 790 2264 842 inesse
2296 784 2602 840 existimet?
2642 783 2693 837 in
2728 797 2834 851 qua
2858 781 3035 855 Pater
3068 783 3320 851 principii
3353 797 3574 851 expers,
3608 790 3663 836 et

2078 877 2376 948 ingenitus,
2400 883 2453 930 et
2486 889 2700 943 semper
2728 873 2885 927 Pater
2909 873 3232 942 concipitur.
3254 889 3320 926 ex
3345 876 3463 943 ipso
3484 882 3664 927 autem

2083 969 2399 1038 unigenitus
2435 966 2628 1029 Filius,
2661 966 2781 1019 sine
2816 966 2924 1018 ulla
2963 966 3358 1033 interruptione
3396 974 3448 1017 et
3487 964 3667 1016 divul-

2083 1062 2260 1124 sioue,
2302 1074 2409 1112 una
2431 1073 2555 1112 cum
2588 1056 2753 1110 Patre
2782 1057 3124 1129 intelligitur,
3155 1070 3277 1108 cum
3308 1058 3425 1124 ipso
3456 1071 3586 1109 vero
3612 1066 3667 1108 ct

2082 1169 2178 1223 per
2206 1153 2405 1220 ipsum,
2437 1158 2730 1218 antequam
2756 1150 2943 1202 nescio
2965 1148 3107 1216 quod
3135 1147 3315 1201 inane.
3335 1155 3386 1199 ct
3406 1146 3662 1214 quiddam

2081 1260 2189 1298 non
2209 1243 2800 1310 subsistens,tanquam
2823 1241 3060 1294 medium
3093 1239 3463 1299 interveniret,
3482 1239 3663 1292 statim

2081 1335 2244 1389 etiam
2270 1343 2321 1387 et
2344 1333 2679 1401 conjunctim
2704 1330 2942 1400 Spiritus
2965 1339 3188 1385 sanctus
3206 1330 3534 1399 concipitur,
3550 1345 3660 1383 non

2080 1426 2353 1495 posterior
2384 1424 2521 1477 Filio
2539 1423 2836 1478 secundum
2867 1438 3020 1477 suam
3049 1421 3482 1481 subsistentiam.
3507 1423 3663 1491 quasi

2082 1517 2257 1587 possit
2298 1514 2591 1585 aliquando
2628 1515 2940 1583 unigenitus
2966 1512 3139 1567 Filius
3185 1514 3411 1582 intelligi
3459 1514 3665 1583 absque

2085 1607 2311 1676 Spiritu,
2346 1615 2559 1667 sancto,
2605 1605 2699 1673 qui
2746 1614 2800 1658 et
2841 1604 2956 1671 lpse
3000 1619 3064 1656 ex
3120 1604 3497 1657 universorum
3556 1604 3666 1670 Deo

2081 1699 2164 1753 sui
2204 1697 2572 1752 subsistentia:
2599 1697 2868 1767 originem
2909 1697 3094 1757 habet,
3127 1712 3156 1747 a
3194 1710 3301 1764 quo
3329 1697 3494 1749 etiam
3541 1694 3662 1748 uui-

2079 1790 2321 1859 genitum
2364 1787 2499 1841 illud
2550 1788 2737 1840 lumen
2765 1797 2847 1842 cst
2886 1787 2952 1840 de
2986 1803 3115 1840 vero
3166 1789 3371 1839 lumine
3418 1786 3665 1855 resplen-

403 1879 540 1948 πρὸς
578 1878 832 1932 ἄκτιστον
878 1882 1137 1953 διαφορὰν
1186 1884 1469 1954 ἐννοῆσαι*
1519 1886 1769 1939 ἄκτιστον
1821 1886 1871 1938 δὲ
1926 1887 1974 1938 τί

2089 1883 2222 1935 (lens
2247 1899 2259 1934 τ
2292 1895 2469 1948 neque
2498 1878 2820 1933 diversitate
2843 1878 3171 1941 durationis,
3208 1894 3381 1947 neque
3410 1884 3601 1929 natura
3633 1892 3663 1928 ιι

403 1968 627 2039 Πνεῦμα
655 1970 713 2023 τὸ
751 1973 938 2041 ἅγιον,
982 1974 1161 2039 καθὼς
1202 1976 1261 2028 ἐν
1298 1979 1404 2039 τοῖς
1448 1975 1813 2045 προλαϐοῦσιν¹
1844 1978 1981 2030 ἀπο-

400 2058 662 2113 δέδεικται
686 2062 879 2130 λόγοις.

2084 1970 2246 2025 Patre
2276 1972 2359 2025 vel
2396 1969 2691 2039 Unigenito
2724 1980 3033 2038 separatur.
3084 1970 3395 2023 Durationis
3428 1983 3664 2036 namque

2078 2064 2430 2132 intercapedo
2455 2071 2673 2117 nonest
2696 2063 2750 2116 in
2774 2048 3105 2130 sempiterna
3133 2062 3221 2114 illa
3244 2069 3460 2123 natura,
3488 2074 3662 2129 neque

401 2153 509 2206 ulla
542 2164 751 2210 natura).
778 2156 1069 2211 diversitas
1108 2176 1119 2211 :
1155 2174 1329 2229 neque
1354 2160 1498 2214 enim
1541 2160 1658 2214 ﬁeri
1688 2168 1889 2230 potest,
1920 2167 1981 2213 ut
2017 2166 2317 2213 mercatum
2356 2156 2425 2209 ab
2472 2156 2737 2220 iucreato,
2789 2154 2965 2224 quoad
3049 2165 3320 2218 naturam,
3385 2153 3659 2208 diversum

398 2245 492 2301 sit.
525 2244 621 2302 Est
652 2258 835 2302 autem
864 2247 1101 2319 Spiritus
1129 2261 1354 2307 sanctus
1376 2252 1675 2316 incrcatus,
1703 2252 2161 2321 quemadmodum
2199 2246 2469 2317 superiori
2494 2247 2863 2316 disputatione
2883 2247 3312 2300 demonstratum
3344 2254 3446 2298 est.

470 2339 685 2393 Τούτων
707 2339 876 2404 οὕτως
906 2340 1049 2411 ἔχειν
1083 2343 1504 2413 ὑπειλημμένων
1536 2345 1686 2415 παρὰ
1704 2346 1844 2397 πᾶσι
1874 2346 1986 2407 τοῖς

400 2434 853 2504 καταδεχομένοις
891 2437 982 2488 τὸν
1022 2437 1328 2507 ἰδιωτισμὸν
1354 2438 1447 2490 τοῦ
1484 2438 1847 2510 ἁπλουστέρου
1886 2456 1986 2509 κη·-

406 2522 701 2593 ρύγματος,
726 2525 846 2578 τίνα
869 2528 1057 2597 καιρὸν
1079 2527 1190 2597 ἔχει
1218 2528 1316 2597 τὴν
1340 2529 1431 2581 τοῦ
1456 2528 1581 2581 Υἱοῦ
1608 2529 1743 2598 πρὸς
1770 2530 1859 2581 τὸν
1880 2530 1985 2581 Πα-

399 2614 532 2685 τέρα
556 2616 848 2683 συνάφειαν
870 2616 956 2669 διὰ
988 2618 1086 2688 τῆς
1116 2619 1343 2683 κτίσεως
1377 2620 1626 2673 ἀναλύειν
1654 2620 1979 2691 πειρᾶσθαι,

397 2705 475 2768 ὡς
502 2706 808 2774 ἐπάναγκες
837 2705 973 2759 εἷναί
1007 2725 1060 2760 τι
1108 2710 1201 2761 καὶ
1245 2709 1418 2781 ταύτῃ
1450 2711 1713 2763 συναῖδιον
1738 2750 1752 2774 ,
1804 2710 1836 2780 ἢ
1882 2711 1972 2762 καὶ

396 2794 488 2848 τὸν
510 2797 636 2850 Υἰὸν
660 2799 1011 2868 μεταγενέστε
1021 2816 1108 2870 ρον
1130 2800 1331 2854 οἴεσθαι
1353 2818 1367 2866 ;
1392 2801 1524 2854 Οὔτε
1547 2802 1655 2873 γὰρ
1677 2801 1975 2872 ἡγέννησις

396 2886 849 2958 τοῦνΜονογενοῦς
878 2890 1034 2953 ἐντὸς
1073 2892 1178 2945 τῶν
1204 2892 1435 2957 αἰώνων,
1457 2892 1577 2945 οὔτε
1605 2896 1636 2965 ἠ
1666 2893 1840 2955 κτίσις
1868 2892 1974 2965 πρὸ

398 2977 503 3030 τῶν
531 2978 762 3044 αἰώνων,
805 2979 943 3033 ὥστε
966 2981 1140 3035 οὐδενὶ
1181 2983 1363 3055 τρόπῳ
1404 2986 1669 3055 προσήκει
1697 2984 1793 3055 τὴν
1820 2984 1975 3041 ἀδιάστ-

402 3088 591 3124 στατον
612 3071 772 3140 φύσιν
797 3073 1274 3144 καταμερίζεσθαι·
1301 3077 1393 3129 καὶ
1422 3076 1619 3147 μεταξὺ
1642 3077 1739 3147 τῆς
1762 3079 1976 3131 πάντων

398 3166 685 3235 ποιητικῆς
730 3166 905 3229 αἰτίας
928 3211 940 3226 ,

397 3257 650 3310 ὑπόνοιαν
677 3258 734 3310 ὲν
761 3257 839 3327 τῷ
870 3258 1070 3323 λέγειν,
1104 3260 1243 3313 ποτε
1264 3260 1338 3330 μὴ
1367 3256 1502 3313 εἶναι
1534 3261 1624 3313 τὸν
1654 3262 1784 3314 πᾶσι
1816 3261 1976 3314 638w-

396 3347 531 3399 κότα
558 3346 619 3400 τὸ
645 3341 806 3400 εἶναι.
1330 3342 1331 3345 “
1404 3361 1409 3367 ’

466 3611 674 3669 Οὐκοῦν
713 3600 916 3687 ἀληθὴς
959 3619 987 3670 ὁ
1036 3620 1527 3691 προαποδεδομένος
1567 3622 1756 3690 λόγος,
1790 3625 1869 3677 ὅτι
1906 3626 1971 3694 τῇ

398 3702 498 3775 μὲν
526 3706 819 3778 ἀγεννησίᾳ
836 3706 928 3760 τοῦ
953 3708 1162 3779 Πατρὸς
1211 3711 1242 3779 ἡ
1270 3709 1361 3762 τοῦ
1382 3711 1711 3778 Μονογενοῦς
1738 3713 1975 3782 ἀῖδιότης

396 3800 665 3872 γεννητῶς
694 3803 1076 3852 συνεπινοεῖται
1100 3815 1113 3829 ·
1145 3802 1192 3852 εἰ
1216 3800 1273 3853 δέ
1302 3818 1353 3853 τι
1378 3802 1647 3872 διάστημα
1670 3803 1872 3871 μεταξὺ
1896 3821 1974 3856 νο-

401 3889 638 3958 μισθείη,
657 3880 703 3955 ᾧ
729 3890 761 3959 ἡ
794 3888 1043 3959 γέννησις
1086 3889 1179 3943 τοῦ
1201 3889 1332 3943 Υίοῦ
1361 3891 1459 3960 τῆς
1477 3892 1567 3944 τοῦ
1598 3892 1806 3963 Πατρὸς
1828 3892 1972 3963 ζωῆς

395 3979 764 4051 διατέμνεται,
799 3980 972 4051 τούτῳ
1014 3981 1108 4034 καὶ
1148 3984 1181 4052 ἡ
1228 3982 1369 4054 ἀρχὴ
1410 3984 1510 4053 τῆς
1558 3985 1703 4055 ζωῆς
1744 3985 1837 4038 τοῦ
1881 3987 1972 4038 ἐπὶ

397 4070 613 4124 πάντων
636 4070 768 4124 Θεοῦ
791 4072 1131 4143 ὁρισθήσεται
1153 4114 1169 4139 ,
1202 4074 1339 4145 ὅπερ
1376 4073 1594 4129 ἄτοπον.
1623 4075 1732 4145 Τὴν
1769 4075 1824 4127 δὲ
1860 4077 1973 4128 κτί-

399 4177 483 4214 σιν
512 4161 710 4215 κωλύει
738 4163 888 4216 οὐδὲν
915 4163 1042 4218 ἄλλο
1072 4182 1124 4218 τι
1156 4160 1321 4219 οὖσαν
1351 4165 1491 4218 κατὰ
1518 4166 1613 4236 τὴν
1651 4166 1782 4219 ἰδίαν
1813 4166 1972 4235 φύσιν

394 4255 548 4325 παρὰ
592 4254 683 4307 τὸν
716 4257 973 4310 κτίσαντα
1022 4258 1128 4311 ἁπὸ
1174 4275 1317 4322 τινος
1363 4258 1665 4329 ἰδιαζούσης
1716 4260 1970 4330 νοηθῆναι

396 4345 591 4417 ἀρχῆς,
640 4346 822 4409 καθὼς
850 4347 1076 4418 ἔφαμεν,
1121 4351 1240 4402 κατ’
1273 4350 1421 4403 οὐδὲν
1466 4352 1529 4420 τῇ
1572 4351 1830 4421 ἁκηρὰτῳ
1879 4352 1971 4403 καὶ

398 4437 704 4507 προαιωνίῳ
733 4437 1340 4509 φύσειησυμϐαίνουσαν.
1373 4442 1445 4494 Τὸ
1488 4442 1595 4513 γὰρ
1629 4443 1696 4495 ἐκ
1727 4442 1812 4511 μὴ
1876 4443 1970 4495 ἕνα

398 4543 531 4590 των,
556 4528 613 4599 ἢ,
645 4526 718 4591 ὥς
746 4545 907 4599 φησιν
930 4531 957 4582 ὁ
985 4531 1317 4597 Ἀπόστολος,
1362 4534 1430 4586 ἐκ
1459 4533 1545 4602 μὴ
1578 4535 1969 4603 φαινομένων.

396 4614 642 4687 οὐρανὸν.
665 4617 699 4686 ἢ
729 4618 853 4687 γῆν,
884 4619 918 4690 ἢ
953 4619 1079 4673 ἄλλο
1110 4639 1159 4674 τι
1184 4621 1292 4674 τῶν
1326 4624 1384 4675 ἐν
1423 4626 1488 4693 τῇ
1534 4624 1703 4677 κτίσει
1740 4625 1971 4695 θεωρου-

400 4708 575 4779 μένων
602 4711 924 4782 γεγενῆσθαι
961 4713 1171 4781 λέγειν,
1214 4715 1463 4785 οὐδεμίαν
1508 4716 1586 4786 τῷ
1613 4718 1818 4788 Ποιητῇ
1864 4718 1967 4769 τῶν

394 4801 531 4854 ὅλων
567 4801 780 4868 ἀδοξίαν
820 4805 1234 4876 προστρίϐεται·
1288 4809 1407 4859 ἐπεὶ
1442 4810 1534 4861 καὶ
1574 4809 1969 4881 μεμαθήκαμεν

396 4892 546 4963 παρὰ
569 4893 669 4963 τῆς
710 4893 854 4958 θείας
874 4896 1117 4967 Γραφῆς,
1157 4899 1292 4969 μήτε
1329 4900 1386 4963 ἐξ
1415 4902 1583 4954 ἀϊδίου
1609 4903 1777 4955 ταῦτα
1804 4884 1962 4967 εἶναι,

396 4984 535 5056 μήτε
559 4985 731 5039 εἰσαεί
750 4987 1041 5059 διαμένειν.
1067 4991 1129 5042 Εἰ
1150 4991 1208 5043 δέ
1234 5009 1286 5044 τι
1314 4992 1423 5045 τῶν
1445 4995 1501 5046 ὲν
1524 4998 1589 5065 τῇ
1620 4995 1749 5067 ἁγίᾳ
1775 4996 1961 5066 Τριάδι

395 5079 838 5148 πεπιστευμένων
861 5081 936 5152 μὴ
960 5082 1045 5135 ἀεὶ
1069 5085 1428 5156 συνυπάρχειν
1454 5085 1532 5156 τῷ
1555 5088 1727 5157 Πατρὶ
1755 5104 1967 5140 πιστευ-

395 5167 534 5240 θείη,
562 5169 697 5224 ἀλλά
721 5188 807 5236 τις
840 5173 982 5227 κατὰ
1007 5175 1098 5228 τὸν
1131 5176 1232 5247 τῆς
1275 5176 1537 5249 αἱρέσεως
1574 5178 1728 5246 λόγον
1757 5182 1965 5250 ἐπινοη-

395 5257 513 5331 θείη
537 5258 739 5315 διάνοια
770 5264 1050 5333 γυμνοῦσὰ
1076 5283 1202 5319 ποτε
1236 5267 1325 5320 τὸν
1359 5268 1450 5321 ἐπὶ
1480 5269 1694 5322 πάντων
1716 5270 1846 5323 Θεὸν
1869 5271 1965 5341 τῆς

393 5349 487 5402 τοῦ
526 5351 677 5417 Υίοῦ,
701 5353 793 5406 καὶ
822 5354 915 5407 τοῦ
950 5358 1101 5424 ἁγίου
1142 5358 1276 5411 Πνεύ
1287 5376 1452 5428 ματος
1482 5360 1658 5433 δόξης,
1685 5362 1835 5416 οὐδὲν
1862 5363 1970 5415 ἓτε-

400 5457 510 5513 ρον,
538 5443 572 5513 ἢ
605 5445 803 5508 παντὸς
871 5447 1074 5515 ἀγαθοῦ
1124 5449 1215 5501 καὶ
1254 5450 1398 5503 θείου
1441 5452 1757 5523 πράγματός
1780 5471 1838 5507 τε
1878 5454 1971 5508 καὶ

396 5533 683 5603 νοήματος,
715 5536 854 5591 κατὰ
883 5538 971 5592 τὸν
1022 5541 1118 5613 τῆς
1166 5544 1426 5611 αἱρέσεως
1454 5542 1627 5612 λόγον,
1669 5548 1695 5598 ὁ
1728 5545 1858 5608 Θεὸς
1889 5564 1970 5598 κε-

397 5626 728 5697 χωρισμένος
768 5631 1219 5704 ἐπιδειχθήσεται.
1254 5636 1312 5688 Εἰ
1345 5634 1415 5689 δὲ’
1441 5635 1525 5689 ἀεὶ
1563 5635 1765 5703 ἔνδοξος
1793 5639 1819 5690 ὀ
1855 5640 1966 5691 llat-

505 5807 543 5836 ³¹
584 5804 743 5865 Hebr.
775 5828 847 5874 ιι,
886 5813 933 5866 l:

2004 4503 2048 4558 D

2153 2342 2288 2394 Cum
2322 2338 2488 2407 igitur
2517 2338 2628 2391 haec
2661 2338 2736 2391 ita
2776 2353 2897 2391 sese
2936 2338 3195 2396 habeant,
3226 2350 3501 2389 consensu
3539 2350 3659 2388 om-

2082 2433 2232 2486 nium
2270 2432 2508 2495 illorum,
2536 2430 2631 2500 qui
2658 2446 2798 2484 verae
2833 2442 2883 2484 et
2918 2446 3065 2485 sanae
3098 2430 3219 2484 lidei
3254 2429 3661 2497 simplicitatem

2082 2524 2515 2591 amplectuntur,
2550 2539 2656 2577 non
2688 2523 2793 2577 nisi
2826 2522 3270 2591 intempestivum
3296 2528 3539 2589 apparet,
3573 2519 3661 2573 Fi-

2080 2612 2273 2667 liicum
2307 2612 2470 2671 Patre
2501 2614 2945 2682 conjunctionem
2973 2614 3273 2668 dissolvere
3293 2614 3429 2666 velle
3464 2629 3561 2680 per
3583 2612 3656 2675 id,

2079 2706 2223 2774 quod
2246 2717 2329 2760 est
2345 2715 2630 2773 creaturae,
2663 2708 2822 2777 quasi
2852 2721 3079 2760 necesse
3107 2706 3201 2767 sit,
3223 2706 3309 2760 vel
3338 2706 3461 2757 huic
3492 2704 3657 2758 etiam

2079 2796 2285 2866 aliquid
2319 2798 2761 2859 coaaternum,vel
2792 2805 2940 2852 certe
2959 2796 3156 2850 Filium
3184 2794 3346 2850 Patre
3385 2797 3657 2864 posterio-

2079 2905 2191 2943 rem
2226 2889 2363 2945 fore.
2393 2891 2531 2944 Nam
2558 2893 2840 2960 generatio
2862 2890 2986 2943 Filii
3016 2899 3262 2959 tempore
3284 2904 3394 2943 non
3434 2889 3659 2942 conclu-

2078 2978 2249 3043 ditur,
2288 2996 2464 3050 neque
2491 2988 2745 3034 creatum
2777 2989 3019 3048 tempore
3041 2978 3320 3049 antiquior
3343 2989 3446 3033 est.
3470 2977 3657 3047 Itaque

2083 3073 2234 3124 nullo
2272 3073 2435 3125 modo
2464 3072 2721 3125 convenit
2750 3080 3004 3125 naturam
3042 3070 3334 3124 indivisam
3366 3068 3656 3139 etinsepa-

988 3167 1421 3240 διαστηματικήν
1468 3187 1589 3222 τινα
1637 3169 1974 3241 παρενείρειν

2080 3172 2255 3217 ratam
2300 3163 2490 3231 partiri
2523 3173 2577 3217 et
2609 3161 3131 3223 dissecare,etinter
3161 3175 3383 3216 causam
3412 3162 3654 3213 omnium

2078 3270 2262 3310 rerum
2290 3254 2644 3322 ell'ectricem,
2677 3254 3143 3324 intercapedinem
3163 3252 3454 3322 quamdam
3491 3252 3658 3305 dura-

2077 3347 2240 3401 tionis
2278 3347 2609 3416 cogitatione
2638 3346 2976 3413 interjicere,
3007 3352 3068 3405 ut
3096 3345 3314 3399 scilicet
3348 3341 3657 3397 affirmetur

2077 3439 2377 3509 aliquando
2404 3454 2513 3493 non
2555 3439 2726 3493 fuisse
2760 3438 3063 3508 illum..qui
3107 3437 3364 3491 omnibus
3397 3435 3500 3489 fuit
3524 3450 3658 3489 auc-

2076 3537 2181 3595 tor,
2214 3540 2272 3583 ut
2302 3530 2434 3585 sint.

2142 3621 2342 3676 Verum
2371 3637 2501 3688 ergo
2535 3630 2639 3683 est,
2682 3621 2826 3689 quod
2870 3621 3231 3685 assentimus,
3269 3634 3461 3688 nempe
3509 3619 3655 3689 quod

2073 3726 2196 3766 cum
2235 3711 2410 3765 Patris
2460 3712 2890 3766 innascibilitate
2927 3710 3192 3780 unigeniti
3226 3709 3346 3763 Filii
3381 3709 3656 3761 mternitas

2073 3802 2721 3870 nascibiliterconjuncta
2778 3800 3191 3865 consideretur;
3228 3799 3273 3853 si
3316 3800 3439 3868 quis
3473 3809 3654 3851 autem

2074 3900 2225 3963 putet
2255 3892 2601 3947 intervallum
2634 3892 3151 3960 iutercessisse,quo
3181 3889 3458 3961 generatio
3480 3887 3600 3941 Filii
3625 3903 3654 3940 a

2072 3984 2248 4039 Patris
2263 3985 2368 4038 vita
2395 3992 2700 4054 separetur,
2721 3985 2767 4038 is
2794 3985 2894 4038 hoc
2915 3985 3031 4053 ipso
3047 3983 3207 4037 etiam
3236 3980 3347 4036 Deo
3374 3982 3655 4035 universo-

2072 4091 2192 4129 rum
2224 4076 2552 4145 principium
2579 4076 2773 4129 vitaeet
2792 4075 3165 4130 subsistentia
3195 4073 3478 4135 attribuat,
3509 4071 3653 4141 quod

2076 4169 2537 4223 absurdissimum
2567 4177 2672 4220 est.
2705 4167 2847 4220 Nihil
2890 4182 3019 4220 vero
3050 4164 3298 4233 prohibet
3320 4172 3649 4226 creaturam,

2073 4271 2261 4331 utpote
2293 4278 2322 4314 a
2360 4278 2461 4315 suo
2526 4262 2789 4316 Creatore
2822 4261 3119 4323 diversam,
3154 4255 3494 4317 considerari
3530 4265 3654 4308 tau-

2069 4369 2233 4425 quam
2277 4368 2306 4406 a
2362 4352 2586 4422 preprio
2634 4349 2870 4420 quodam
2920 4349 3080 4403 initio
3130 4345 3538 4417 procedentem,
3596 4354 3655 4399 ut

2076 4444 2339 4507 diximus,
2397 4442 2643 4512 quod-in
2697 4441 2848 4495 illam
2884 4439 3249 4493 immortalem
3291 4448 3346 4491 et
3391 4447 3653 4492 teternam

2077 4546 2329 4592 naturam
2368 4535 2516 4587 nullo
2545 4541 2705 4603 pacto
2737 4532 3031 4586 convenire
3056 4536 3267 4599 potest;
3289 4530 3475 4583 dicere
3500 4528 3649 4582 enim

2076 4642 2140 4680 ea:
2165 4624 2514 4688 acuentibus,
2552 4624 2658 4686 vel,
2690 4630 2750 4676 ut
2781 4622 3079 4691 Apostolus
3110 4621 3211 4687 ait,
3247 4635 3311 4673 ea:
3346 4636 3448 4673 non
3485 4633 3655 4687 appa-

2076 4719 2308 4772 rentibus
2340 4718 2404 4781 ³¹,
2448 4716 2531 4769 vel
2566 4714 2931 4770 invisibiltbus
2961 4713 3160 4767 ctelum
3194 4712 3278 4766 vel
3322 4718 3523 4765 terram
3560 4718 3655 4764 aut

2075 4809 2281 4880 aliquid
2319 4822 2506 4864 eorum
2567 4822 2689 4877 quae
2745 4806 2798 4859 in
2851 4813 3230 4860 creaturarum
3272 4802 3466 4856 ordine
3529 4818 3654 4857 cen-

2074 4911 2289 4962 sentur,
2340 4899 2642 4964 exstitisse,
2687 4899 2895 4952 nullam
2948 4896 3206 4963 iniuriam
3264 4896 3652 4949 universorum

2067 4989 2349 5045 Conditori
2379 4989 2556 5052 aﬂert,
2580 5002 2705 5042 cum
2732 5003 2798 5041 ex
2834 4987 3473 5055 St'ripturaeompertum
3493 4985 3652 5041 nobis

2069 5084 2161 5148 sit,
2200 5082 2315 5137 haec
2340 5097 2515 5152 neque
2550 5081 2618 5135 ab
2644 5078 3062 5141 aeternotl‘uisse,
3098 5093 3273 5146 neque
3304 5077 3355 5130 in
3385 5084 3650 5132 aeternum

2073 5174 2208 5230 fore.
2251 5178 2316 5228 At
2359 5175 2402 5229 si
2436 5172 2568 5244 quid
2609 5186 2822 5235 eorum,
2874 5186 2995 5240 qua:
3036 5170 3111 5224 in.
3140 5169 3411 5224 Trinitate
3466 5170 3649 5223 inesse

2071 5267 2391 5331 creduntur,
2418 5266 2673 5321 credatur
2702 5279 2810 5318 non
2851 5278 3068 5333 semper
3094 5261 3247 5316 Patri
3275 5260 3647 5325 coexstitisse;

2066 5367 2118 5415 et
2141 5360 2187 5415 si
2218 5358 2608 5415 convenienter
2628 5354 3013 5411 hareticorum
3039 5353 3306 5409 institutis
3328 5361 3380 5406 et
3408 5352 3644 5422 placitis,

2066 5449 2389 5503 admittatur
2433 5444 2769 5517 ejuscemodi
2814 5443 3096 5514 cogitatio,
3154 5458 3276 5511 quae
3322 5440 3490 5494 Deum
3528 5456 3646 5493 om-

2068 5543 2217 5596 nium
2268 5541 2439 5612 gloria
2506 5538 2631 5593 Filii
2676 5547 2731 5594 et
2779 5538 3019 5609 Spiritus
3062 5538 3237 5591 sancti
3295 5534 3535 5589 denudet
3589 5544 3645 5588 et

2065 5636 2283 5708 spoliet,
2311 5642 2441 5690 tunc
2487 5633 2619 5690 nihil
2648 5632 2823 5707 aliud
2858 5630 3105 5703 sequitur
3140 5644 3207 5687 ex
3260 5627 3642 5683 haereticorum

2044 5829 2140 5859 ἕνέστω
