4146 6370
526 438 626 495 371

1752 445 1807 500 S.
1845 446 2172 502 GREGORII
2209 447 2250 501 Ν
2263 447 2502 512 YSSENI

3658 445 3769 508 ὅτε,
3787 445 3791 449 ’

528 554 756 608 istorum
786 553 1064 624 opinione,
1099 571 1262 625 quam
1292 557 1438 626 quod
1474 556 1616 612 Deus
1659 559 1808 612 omni
1850 560 2090 615 bonitate

2192 565 2314 633 τὴρ,
2341 567 2369 618 6
2394 563 2652 636 ὑπάρχων
2678 563 2784 633 πρὸ
2809 564 2917 614 τῶν
2943 563 3151 616 αἰώνων
3169 604 3182 628 ,
3207 562 3332 626 δόξα
3355 562 3411 615 δὲ
3432 561 3524 615 τοῦ
3553 562 3763 634 Πατρὸς

525 652 581 699 et
630 643 936 711 divinitate,
979 645 1359 718 divinitatique
1411 657 1753 718 competente
1809 652 2090 705 existimas

520 740 673 792 tione
701 737 968 807 spoliatus
990 740 1291 810 apparebit.
1327 742 1394 794 At
1434 742 1478 796 si
1510 739 1920 812 suam'gloriam
1947 760 2092 798 scm-

524 842 624 894 per
671 827 832 880 habet
877 826 1058 895 Pater,
1102 829 1193 899 qui
1235 841 1318 886 est
1351 841 1475 885 ante
1507 834 1724 894 saacnla,
1759 834 1933 904 gloria
1965 851 2092 888 vero

522 915 702 970 Patris
734 923 819 970 est
861 927 1097 972 arternus
1145 917 1336 985 Filius,
1375 922 1628 975 similiter
1660 933 1712 976 et
1757 921 1874 975 Filii
1921 923 2093 991 gloria

526 1000 765 1070 Spiritus
803 1017 1048 1072 sanctus,
1079 1009 1172 1078 qui
1201 1025 1310 1063 una
1337 1026 1462 1064 cum
1496 1011 1635 1065 Filio
1672 1021 1726 1066 et
1767 1011 1926 1066 Patre
1957 1028 2096 1066 sem-

524 1110 619 1158 per
643 1099 1081 1154 consideratione
1123 1103 1390 1166 cernitur,
1433 1103 1705 1157 undenam
1751 1105 2094 1172 sapientissi-

523 1199 646 1240 mus
679 1189 778 1242 iste
800 1233 814 1255 ,
848 1200 900 1245 et
930 1208 996 1246 ex
1033 1194 1179 1262 quali
1217 1194 1506 1263 disciplina
1537 1196 1589 1247 in
1639 1195 1856 1249 aeternis
1887 1204 2094 1263 tempo-

523 1279 708 1347 risque
733 1284 1044 1350 expertibus
1073 1287 1264 1341 statuit
1289 1288 1440 1356 prius
1473 1297 1527 1341 et
1560 1288 1861 1357 antiquius,
1900 1297 1954 1342 et
1990 1287 2090 1355 ho-

521 1373 827 1429 norabilius
855 1393 948 1430 seu
984 1377 1202 1447 dignius
1236 1380 1289 1432 in
1331 1380 1400 1434 iis
1430 1395 1552 1448 qua:
1583 1394 1680 1433 sua
1731 1391 1922 1433 natura
1959 1386 2088 1434 sunt

2196 655 2224 704 6
2254 651 2572 723 προαιώνιος
2600 651 2744 714 Υἱὸς,
2772 651 2971 721 ὁμοίως
3017 652 3071 704 δὲ
3117 652 3211 704 καὶ
3241 651 3333 703 τοῦ
3377 650 3508 703 Υίοῦ
3540 651 3664 715 δόξα
3703 651 3766 703 τὸ

2193 745 2286 797 τοῦ
2319 743 2555 813 Χριστοῦ
2579 743 2820 813 Πνεῦμα,
2843 743 2903 795 τὸ
2924 743 3010 796 ἀεὶ
3034 742 3497 813 συνθεωρούμενον
3525 742 3602 812 τῷ
3654 743 3766 813 Υίῷ

2194 836 2392 906 καὶτῷ
2436 837 2628 907 Πατρὶ,
2675 836 2837 888 πόθεν
2874 839 2902 889 6
2950 836 3108 905 σοφὸς
3149 832 3320 899 οὗτος,
3355 835 3454 888 καί
3493 839 3558 888 ἐκ
3607 836 3766 898 ποίας

2191 927 2522 990 παιδεύσεως
2549 928 2609 980 τὸ
2643 929 3009 998 πρεσϐύτερον
3047 931 3105 981 ἐν
3139 931 3248 991 τοῖς
3278 929 3544 998 ἀχρόνοις,
3579 928 3670 980 καὶ
3704 927 3766 979 τὸ

2189 1019 2507 1089 τιμιώτερον
2543 1021 2600 1071 ἐν
2635 1022 2746 1083 τοῖς
2779 1021 2917 1073 κατὰ
2960 1021 3118 1089 φύσιν
3151 1021 3350 1089 τιμίοις
3377 1021 3729 1089 ἀποφαίνεται
3748 1059 3770 1086 ,_

2193 1109 2557 1178 συγκριτικῶς
2596 1109 2903 1180 ύπερτιθεὶς
2951 1109 3041 1162 τοῦ
3081 1109 3267 1179 ἐτέρου
3313 1110 3372 1162 τὸ
3414 1109 3630 1179 ἕτερον,
3671 1111 3766 1160 καὶ

2189 1200 2276 1253 διὰ
2309 1201 2409 1269 τῆς
2432 1201 2524 1253 τοῦ
2555 1201 2671 1263 ἐνὸς
2705 1203 3083 1272 προτιμήσεως
3133 1200 3192 1252 τὸ
3227 1200 3422 1270 ἐφεξῆς
3455 1199 3762 1269 ἀτιμάζωνς

2204 1291 2271 1345 Ἦ·
2317 1291 2425 1362 γὰρ
2478 1292 2845 1361 ἀντιδιαστολὴ
2889 1292 2983 1344 τοῦ
3042 1295 3364 1364 τιμιωτέρου
3419 1291 3768 1363 φανερωτέρα

2194 1383 2410 1446 πάντως
2434 1384 2599 1448 ἐστὶν,
2625 1387 2702 1446 εἰς
2727 1385 2754 1436 ὂ
2779 1402 2830 1437 τι
2858 1385 3031 1455 φέροι.

521 1480 674 1532 aeque
707 1466 1045 1522 honorabilia
1075 1478 1128 1522 et
1168 1471 1352 1540 digna,
1385 1487 1554 1526 unum
1603 1472 1759 1526 alteri
1800 1487 1896 1541 per
1929 1475 2388 1540 comparationem
2411 1477 2726 1546 praeferens,
2757 1475 2847 1544 qui
2871 1475 2973 1528 hoc
3034 1476 3153 1544 ipso
3205 1475 3350 1545 quod
3405 1476 3608 1544 primas
3667 1474 3766 1530 Ιιοτ

521 1558 678 1612 noris
705 1559 798 1611 uni
842 1558 1040 1624 defert,
1079 1561 1158 1616 sic
1193 1562 1337 1631 quod
1376 1562 1634 1634 deinceps
1672 1573 1756 1618 est
1799 1565 2092 1618 inhonorat
2127 1576 2182 1620 et
2227 1568 2430 1636 injuria
2471 1569 2673 1622 afﬁcit?
2721 1567 2855 1621 Nam
2912 1583 3172 1636 quorsum
3255 1569 3440 1627 tendat
3485 1569 3768 1623 distinctio

521 1653 625 1706 ista
660 1653 1049 1720 praestantioris
1075 1666 1127 1707 et
1161 1655 1609 1720 honorabilioris,
1648 1659 1919 1712 neminem
1946 1660 2096 1713 latet.

589 1742 707 1796 Jam
735 1761 864 1799 vero
908 1748 1087 1814 qualia
1135 1756 1262 1802 sunt
1317 1765 1438 1818 quae
1476 1751 1560 1804 his
1600 1750 1900 1822 subjungit,
1957 1768 2082 1805 cum

523 1834 774 1896 affirmat,
806 1837 1014 1890 easdem
1041 1840 1366 1904 operationes
1397 1840 1578 1903 eadem
1602 1857 1760 1909 opera
1788 1844 2002 1911 efﬁcere,
2039 1851 2088 1896 et

522 1929 739 1980 mutatis
769 1928 1006 1995 operibus
1041 1940 1270 1985 mutatas
1291 1934 1449 1986 etiam
1470 1934 1793 2001 operalimtes
1823 1937 2052 2004 conspici
2067 1938 2099 1990 Ρ-

521 2017 833 2085 Opportuue
862 2018 1102 2086 profecto
1131 2023 1380 2090 egregius
1438 2022 1540 2075 iste
1575 2023 1640 2075 ad
1681 2023 2090 2093 inexpugnabi-

523 2108 626 2161 lem
670 2109 937 2164 orationis
978 2126 1091 2165 sua:
1132 2112 1505 2167 defensionem
1533 2128 1590 2167 se
1607 2115 1841 2168 confert.
1877 2114 2090 2167 Eadem

521 2201 870 2266 oneratimtes,
905 2202 1102 2271 inquit,
1135 2204 1318 2257 eadem
1347 2206 1504 2258 etiam
1539 2221 1698 2274 opera
1728 2206 1970 2273 efﬁciunt.
2007 2204 2092 2259 Vi-

521 2294 748 2348 deamus
779 2295 945 2362 igitur
993 2312 1155 2365 quam
1189 2313 1374 2350 verum
1419 2299 1520 2350 hoc
1561 2298 1649 2363 sit,
1690 2298 1868 2351 allatis
1907 2314 2090 2351 exem-

521 2386 646 2452 plis.
691 2383 808 2438 Una
840 2385 983 2456 ignis
1017 2388 1265 2456 operatio
1303 2395 1387 2441 est
1439 2389 1782 2452 calefacere;
1830 2389 2090 2457 dispicia-

519 2492 642 2529 mus
667 2477 852 2545 igitur,
911 2480 1127 2547 qualem
1167 2481 1605 2534 convenientiam
1657 2481 1892 2534 habeant
1926 2480 2089 2546 hujus

521 2567 860 2636 operationis
893 2583 1080 2638 opera.
1119 2569 1313 2624 Calore
1347 2571 1597 2636 liquescit
1649 2585 1746 2636 tes,
1788 2571 1965 2622 lutum
2004 2571 2090 2623 in-

519 2656 784 2721 durescit,
837 2675 960 2713 cera
1017 2663 1397 2726 consumitur;
1439 2663 1645 2730 reliqua
1699 2661 1992 2716 animantia
2041 2661 2087 2716 si

519 2748 575 2801 ili
606 2749 729 2818 igne
757 2752 865 2804 sint
899 2761 1347 2821 corrumpuntur,
1389 2761 1444 2805 at
1479 2755 1823 2808 salamandra
1854 2755 2091 2806 vivifica-

520 2846 640 2892 tur:
669 2842 1021 2909 stupaardet,
1062 2844 1356 2896 amiantnm
1406 2844 1540 2913 (seu
1567 2846 1859 2906 amiantus,
1893 2862 2086 2899 nomen

520 2937 785 2998 gemmae)
820 2931 1056 2994 flamma,
1089 2934 1238 2987 velut
1270 2950 1434 3002 aqua,
1471 2943 1754 3004 purgatur.
1800 2935 1973 2990 Tanta
2005 2946 2089 2992 est

519 3021 822 3074 similitudo
858 3039 1084 3093 operum
1119 3023 1363 3092 ejusdem
1403 3025 1930 3094 operationisi-Quid
1963 3043 2088 3082 vero

522 3115 648 3166 sol?
711 3129 890 3168 annon
921 3121 975 3169 et
1009 3114 1124 3184 ipse
1143 3117 1330 3170 eadem
1362 3132 1458 3170 sua
1486 3117 1533 3170 vi
1564 3127 1616 3172 et
1640 3118 1877 3186 potentia
1905 3118 2086 3172 omnia

520 3205 803 3272 aequaliter
833 3205 1040 3266 fovens,
1078 3207 1382 3274 plantarum
1422 3209 1641 3276 quidem
1694 3209 1856 3260 aliam
1894 3218 2082 3279 auget,

2262 1738 2364 1797 υἷα
2405 1743 2460 1798 δὲ
2496 1745 2607 1806 τοῖς
2650 1744 2959 1814 εἰρημένοις
2991 1745 3219 1813 ἐπάγει,
3251 1745 3344 1798 καὶ
3373 1746 3440 1800 τὰ
3477 1749 3774 1818 ἀκόλουθας.

2197 1838 2344 1898 "Are,
2377 1835 2539 1904 φησί,
2575 1834 2694 1887 τῶν
2725 1834 2922 1888 αὐτῶν
2951 1835 3256 1905 ἐνεργειῶν
3293 1837 3403 1904 τὴν
3439 1843 3766 1908 ταυτότητα

2195 1925 2313 1979 τῶν
2347 1927 2535 1994 ἑργων
2580 1925 3023 1990 ἀποτελουσῶν,
3061 1928 3159 1980 καὶ
3188 1927 3304 1980 τῶν
3344 1933 3764 2001 παρηλλαγμέ-

2192 2036 2315 2072 νων
2359 2019 2568 2087 ἔργων,
2623 2018 3126 2086 παρηλλαγμένας
3168 2021 3264 2072 καὶ
3316 2022 3421 2086 τὰς
3463 2022 3766 2092 ἐνεργείας

2192 2107 2664 2177 ἀποφαινόντων.
2709 2107 2899 2170 Καλῶς
2946 2111 2973 2161 6
3022 2109 3285 2174 γεννάδας
3328 2107 3491 2181 ἦλθεν
3525 2115 3618 2166 ἐπὶ
3659 2116 3762 2185 τὴν

2191 2201 2400 2270 ἄμαχον
2474 2199 2794 2270 συνηγορίαν
2853 2199 2943 2251 τοῦ
2993 2200 3173 2268 λόγου.
3234 2205 3303 2266 Αἱ
3370 2205 3543 2257 αὑταὶ
3601 2206 3767 2275 ἐνέρ-

2191 2277 2339 2358 ruat
2403 2289 2516 2357 τὴν
2589 2291 2917 2357 ταυτότητα
2961 2289 3080 2343 τῶν
3133 2290 3315 2360 ἔργων
3352 2294 3720 2349 ἀποτελοῦσι
3745 2336 3762 2360 ,

2193 2385 2344 2454 φησί.
2405 2383 2626 2453 Ἱδωμεν
2669 2382 2844 2436 τοίνυν
2897 2384 2987 2435 ἐπὶ
3033 2383 3140 2436 τῶν
3171 2387 3510 2456 πραγμάτων
3553 2388 3641 2440 τὸν
3676 2389 3764 2440 λό-

2190 2463 2306 2542 γον.
2342 2474 2455 2528 Μία
2499 2473 2593 2526 τοῦ
2633 2473 2802 2543 πυρὸς
2833 2475 2865 2544 ἡ
2899 2473 2984 2527 διὰ
3021 2475 3112 2527 τοῦ
3153 2475 3464 2547 θερμαίνειν
3491 2478 3762 2548 ἐνέργεια,

2190 2565 2326 2619 ἀλλὰ
2367 2566 2434 2618 τὰ
2482 2564 2616 2634 ἔργα
2663 2564 2779 2616 οἵαν
2840 2563 2947 2633 ἔχει
3000 2565 3098 2635 τὴν
3154 2567 3489 2636 συμφωνίαν,
3547 2571 3768 2622 ἐπισκε-

2188 2657 2439 2727 ψώμεθα.
2489 2657 2722 2724 Τήκεται
2776 2657 2804 2707 6
2852 2655 3068 2724 χαλκός·
3120 2658 3149 2709 ὁ
3190 2657 3355 2727 πηλὸς
3409 2660 3693 2729 πήγνυται·
3739 2662 3777 2724 ὁ¹

2189 2735 2357 2820 κηρὸς
2386 2748 2768 2801 ἀναλίσκεται·
2807 2749 2877 2802 τὰ
2917 2748 3079 2801 λοιπὰ
3125 2747 3231 2800 τῶν
3274 2747 3426 2812 ζώων
3455 2752 3502 2802 εἰ
3533 2752 3589 2802 ἐν
3619 2750 3768 2820 αὐτῷ

2189 2840 2424 2906 γένοιτο,
2478 2838 2776 2907 φθείρεται,
2816 2840 2846 2907 ἡ
2891 2838 3236 2909 σαλαμάνδρα
3278 2839 3642 2908 ζωογονεῖται·
3707 2841 3768 2896 τὸ

2192 2930 2438 2981 στυπεῖον
2484 2927 2714 2978 καίεταιο
2746 2925 2805 2977 τὸ
2831 2925 3108 2993 ἀμίαντον,
3155 2925 3342 2995 ὥσπερ
3386 2927 3442 2977 ἐν
3492 2925 3665 2991 ὕδατι,
3695 2929 3762 2996 τῇ

2191 3019 2346 3086 φλογὶ
2378 3015 2798 3070 καταπλύνεται.
2829 3015 3073 3085 Τοσαύτη
3108 3017 3140 3086 ἡ
3164 3017 3426 3086 ταυτότης
3455 3017 3564 3069 τῶν
3589 3016 3766 3088 ἔργων

2191 3111 2254 3162 ἐκ
2280 3111 2373 3177 τῆς
2412 3109 2536 3177 μιᾶς
2567 3105 2861 3177 ἐνεργείας.
2893 3105 2956 3158 Τί
2987 3105 3042 3157 δέ
3072 3109 3098 3158 ὁ
3135 3107 3282 3176 ἥλιος
3304 3125 3326 3180 ;⁴
3349 3103 3474 3178 Ἆρ’
3505 3107 3627 3177 οὐχὶ
3674 3106 3769 3160 κα)⁸

2190 3203 2370 3263 αὐτὸς,
2403 3203 2466 3252 ἐκ
2491 3199 2588 3268 τῆς
2617 3198 2785 3267 αὐτῆς
2815 3197 3093 3267 δυνάμεως
3132 3197 3331 3266 ὁμοίως
3361 3199 3674 3251 ἐπιθάλπων
3703 3200 3769 3254 τὰ

522 3297 685 3348 aliam
729 3311 855 3349 vero
892 3296 1158 3360 exsiccat,
1202 3305 1410 3352 mutato
1449 3299 1784 3374 operationis
1835 3299 1941 3352 fine
1987 3315 2084 3368 pro

2192 3295 2383 3355 πάντα,
2422 3291 2482 3344 τὸ
2525 3290 2624 3358 μέν
2656 3306 2708 3340 τι
2740 3289 2848 3340 τῶν
2872 3288 3052 3356 φυτῶν
3086 3287 3310 3358 ηὔξησε,
3342 3288 3402 3341 τὸ
3429 3288 3487 3341 δὲ
3526 3290 3769 3360 κατεμά-

521 3387 761 3441 materiae
808 3387 1101 3442 substrata:
1144 3389 1464 3442 conditione
1517 3399 1571 3443 et
1601 3391 1904 3459 qualitate?
1933 3390 2082 3445 Illam

521 3479 667 3530 enim
704 3479 962 3544 plantam,
1000 3494 1122 3545 quae
1156 3494 1320 3548 supra
1361 3490 1570 3548 petram
1592 3490 1695 3544 est,
1739 3481 1984 3547 arefacit,
2035 3492 2088 3536 at

519 3583 660 3628 eam,
708 3582 828 3634 qua:
858 3568 997 3621 altas
1029 3567 1084 3620 in
1117 3576 1254 3620 terra
1305 3569 1414 3637 egit
1449 3569 1683 3632 radices,
1731 3571 1930 3638 patulis
1969 3571 2090 3624 ubi-

521 3674 626 3724 que
661 3659 827 3712 lamis
859 3657 1134 3712 diffundit.
1167 3658 1320 3724 Quod
1376 3660 1422 3713 si
1459 3675 1622 3729 opera
1663 3668 1872 3715 natura:
1909 3673 2089 3718 mente

527 3749 790 3808 lustrare,
815 3759 869 3803 et
900 3749 1030 3818 quid
1056 3750 1109 3803 in
1135 3751 1457 3820 corporibus
1477 3761 1670 3805 natura
1695 3769 1858 3822 agere
1893 3754 2086 3818 soleat,

523 3841 816 3894 observare
865 3841 1022 3904 velis,
1069 3841 1272 3896 clarius
1326 3842 1616 3912 intelliges,
1646 3859 1809 3912 quam
1855 3846 2093 3899 circum-

525 3939 714 4000 specte
763 3931 867 3986 iste
919 3930 1138 3997 dixerit,
1207 3933 1443 3987 eamdem
1501 3937 1857 4002 operationem
1908 3937 2090 3990 eadem

522 4024 718 4092 eﬂicere
737 4040 915 4092 opera.
954 4024 1074 4079 Una
1096 4027 1340 4094 operatio
1371 4034 1454 4080 est
1485 4042 1651 4082 causa
1683 4029 2088 4098 coneeplionis,

525 4114 621 4167 sed
649 4114 975 4183 compositio
1006 4113 1124 4181 ejus
1148 4115 1291 4184 quod
1329 4117 1476 4171 intus
1517 4117 1577 4170 fit
1611 4125 1666 4172 et
1704 4120 2088 4185 constituitur,

523 4206 676 4259 varia
708 4213 792 4260 est
819 4213 872 4260 et
899 4206 1272 4268 multiformis,
1311 4215 1370 4261 ut
1408 4209 1542 4262 nulli
1578 4208 1737 4264 facile
1776 4211 1848 4265 sit
1877 4226 2094 4269 enume-

523 4312 648 4351 rare
686 4297 1056 4351 diversitatem
1092 4299 1333 4351 omnium
1355 4315 1567 4364 earum,
1596 4316 1718 4370 qua:
1762 4301 1817 4354 in
1864 4318 2094 4370 corpore

522 4390 736 4451 insunt,
759 4389 1102 4457 qualitatum.
1142 4389 1450 4445 lnfantibus
1495 4407 1601 4444 una
1629 4393 1814 4447 itidem
1847 4396 2094 4463 operatio

525 4488 629 4542 est,
664 4479 819 4532 lactis
845 4479 1098 4532 attractio
1135 4488 1189 4533 et
1219 4481 1488 4534 exsuctio.
1533 4480 1601 4534 At
1621 4481 1745 4550 quis
1771 4483 2092 4538 varietatem

523 4568 814 4623 eﬂ‘ectnum
847 4569 972 4622 talis
1005 4570 1244 4624 alimenti
1276 4572 1641 4638 percenseat?
1666 4573 1810 4641 quod
1837 4581 2091 4642 tanquam

2190 3403 2338 3458 ρανε,
2375 3383 2508 3453 πρὸς
2525 3381 2623 3452 τὴν,
2651 3381 3014 3452 ὑποκειμένην
3042 3381 3271 3451 δύναμιν
3293 3381 3648 3435 ὑπαλλάσσων
3668 3383 3770 3452 τῆς

2189 3477 2470 3547 ἐνεργείας
2503 3475 2563 3526 τὸ
2587 3474 2771 3538 τέλος;
2803 3473 2875 3525 Τὸ
2901 3473 2999 3542 μὲν
3031 3473 3137 3542 γὰρ
3167 3473 3258 3524 ἐπὶ
3283 3473 3382 3542 τῆς
3409 3473 3615 3544 πέτρας
3643 3474 3769 3544 ἐξή-

2191 3583 2356 3636 ρανε,
2418 3563 2478 3616 τὸ
2530 3563 2586 3616 δέ
2627 3565 2690 3615 ἐκ
2733 3562 2830 3630 τῆς
2884 3559 3101 3633 βαθείας
3177 3560 3280 3630 γῆς
3342 3559 3768 3630 ἐκατοντάρχουν

2189 3657 2462 3728 ἐποίησεν.
2500 3656 2562 3707 Εἰ
2595 3655 2651 3726 δέ
2694 3652 2951 3714 είσέλθοις
2997 3655 3074 3712 είς
3106 3652 3172 3704 τὰ
3211 3653 3307 3720 τῆς
3348 3651 3560 3719 φύσεως
3611 3651 3766 3722 ἔργα,

2191 3749 2283 3802 καὶ
2303 3750 2430 3812 ἴδοις
2455 3750 2511 3800 ἐν
2533 3749 2644 3808 τοῖς
2672 3745 2916 3814 σώμασιν
2935 3747 3034 3814 ὅσα
3051 3743 3434 3813 φιλοτεχνοῦσα
3455 3744 3766 3814 ἐργάζεται,

2193 3840 2390 3912 μᾶλλον
2423 3840 2487 3893 ἂν
2512 3839 2572 3892 τὸ
2595 3837 3059 3909 περιεσκεμμένον
3081 3835 3418 3906 καταμάθοις
3453 3835 3548 3888 τοῦ
3580 3835 3766 3902 λέγον-

2191 3951 2299 3996 τος,
2327 3934 2408 3985 ὅτι
2468 3931 2540 3986 Ἦ
2583 3930 2735 3996 αὑτὴ
2786 3929 3052 3998 ἐνέργεια
3098 3930 3211 3997 τὴν
3265 3929 3596 3994 ταυτότητα
3651 3926 3770 3980 τῶν

2190 4027 2378 4094 ἔργων
2409 4023 2706 4088 ἀποτελεῖ.
2745 4023 2857 4076 Μία
2885 4021 3133 4092 ἐνέργεια
3159 4023 3256 4090 τῆς
3287 4018 3592 4090 συλλήψεως
3619 4021 3769 4071 ἐστιν

2193 4119 2226 4188 ἡ
2264 4117 2430 4170 αἰτίαο
2472 4116 2608 4169 ἀλλὰ
2635 4115 2695 4168 τὸ
2721 4115 3000 4184 σύγκριμα
3028 4113 3119 4166 τοῦ
3147 4112 3293 4174 ἔνδον
3322 4112 3768 4182 οἰκονομουμένου

2193 4209 2465 4281 πολυειδὲς
2487 4250 2502 4274 ,
2537 4208 2611 4270 ὡς
2643 4211 2706 4261 ἂν
2753 4207 2827 4277 μὴ
2858 4204 3144 4275 δυνηθῆναι
3169 4203 3364 4274 ῥᾳδίως
3390 4203 3511 4283 τινα
3531 4203 3629 4274 τὴν
3650 4203 3767 4256 δια·

2195 4301 2364 4372 φορὰν
2383 4301 2491 4353 τῶν
2517 4302 2576 4352 ἐν
2597 4299 2672 4368 τῷ
2702 4297 2910 4368 σώματι
2934 4299 3230 4367 ποιοτήτων
3256 4293 3764 4366 ἀπαριθμήσασθαι.

2194 4392 2308 4444 Μία
2337 4389 2497 4443 πάλιν
2527 4391 2772 4458 ἐνέργεια
2804 4387 2894 4438 ἐπὶ
2929 4385 3037 4438 τῶν
3066 4385 3274 4455 νηπίων
3301 4387 3334 4454 ἡ
3378 4383 3471 4438 τοῦ
3501 4383 3768 4450 γάλακτός

2195 4481 2340 4533 ἐστιν
2371 4480 2524 4550 ὁλκή·
2557 4479 2618 4531 τὸ
2655 4479 2710 4531 δέ
2743 4476 2983 4531 ποικίλον
3017 4476 3124 4530 τῶν
3169 4475 3624 4545 ἀποτελεσμάτων
3670 4475 3770 4543 τῆς

2195 4572 2450 4641 τοιαύτης
2495 4569 2701 4641 τροφῆς
2735 4568 2818 4631 τίς
2850 4567 2913 4621 ἂν
2935 4567 3188 4632 διεξέλθοι
3209 4567 3362 4635 λόγος
3391 4584 3404 4631 ;
3451 4567 3514 4620 Ἦ
3540 4566 3636 4636 μὲν
3661 4565 3769 4636 γὰρ

527 4675 622 4729 per
645 4659 889 4712 canalem
931 4673 996 4711 ex
1030 4673 1127 4711 ore
1175 4658 1229 4711 in
1283 4666 1494 4713 meatus
1526 4659 1828 4715 destinatos
1862 4661 2090 4716 descen-

2194 4660 2443 4730 καθάπερ
2465 4659 2552 4711 διὰ
2584 4659 2817 4726 σωλῆνος
2844 4659 2907 4710 ἐκ
2939 4658 3032 4710 τοῦ
3061 4657 3327 4728 στόματος
3360 4656 3453 4710 ἐπὶ
3485 4659 3609 4719 τοὺς
3631 4657 3767 4709 ἅποο

526 4751 640 4813 dit;
675 4747 1110 4806 nutriendivero
1138 4756 1191 4800 et
1220 4747 1486 4800 alterandi
1519 4746 1750 4802 facultas
1794 4748 2090 4818 unicuique

526 4841 893 4894 membrorum
939 4839 1325 4892 convenienter
1362 4837 1445 4891 lae
1505 4837 1770 4898 adducit.
1812 4841 2090 4896 sexcentis

528 4930 705 4982 modis
736 4945 830 4996 per
865 4928 1278 4982 concoctionem
1317 4928 1631 4982 alimentum
1661 4929 1791 4982 illud
1831 4930 2090 5000 subigens

526 5028 581 5073 et
614 5018 885 5081 dividens,
912 5026 966 5071 et
1004 5018 1228 5071 cuilibet
1278 5031 1346 5072 ex
1401 5017 1665 5084 subjectis
1703 5019 1959 5072 membris
2015 5020 2091 5073 si-

529 5109 654 5162 mile
705 5118 1106 5177 coguatumque
1161 5115 1531 5161 consentanea
1571 5108 1783 5162 ratione
1825 5107 2086 5164 efficiens.

526 5200 660 5254 Nam
694 5216 759 5254 ex
799 5199 986 5253 eodem
1022 5201 1282 5254 alimento
1333 5201 1557 5253 aluntur
1591 5210 1645 5254 et
1696 5211 1966 5269 augentur
2006 5218 2091 5256 ar-

532 5291 706 5353 teriae,
748 5306 918 5355 veme,
953 5293 1262 5352 cerebrum,
1291 5289 1699 5359 meninges(seu
1718 5291 2090 5357 membranae),

530 5379 787 5444 medulla,
831 5394 977 5442 ossa,
1008 5380 1182 5444 nervi,
1212 5381 1466 5442 musculi,
1503 5379 1774 5441 tendines,
1820 5394 1970 5441 caro,
2000 5395 2095 5433 ex-

530 5473 780 5526 tremitas
811 5488 904 5526 seu
957 5473 1294 5541 superficies,
1349 5471 1600 5535 choudri,
1657 5473 1843 5540 adeps,
1884 5473 2088 5542 capilli,

530 5582 766 5636 ungues,
810 5565 1060 5625 sudores.
1092 5564 1317 5633 halitus,
1340 5564 1559 5633 pituita,
1592 5564 1738 5626 bilis,
1775 5573 1828 5618 et
1869 5566 1913 5619 si
1971 5582 2090 5635 qua:

533 5661 638 5715 alia
669 5659 943 5728 superﬂua
972 5670 1024 5713 et
1051 5660 1262 5713 inutilia
1296 5676 1359 5714 ex
1381 5661 1568 5714 eadem
1604 5676 1769 5714 causa
1795 5661 2087 5715 exsistunt.
2118 5684 2121 5686 ·

536 5750 591 5803 Si
633 5751 873 5804 membra
906 5750 1194 5814 intuearis,
1226 5766 1458 5818 quorum
1492 5751 1596 5804 alia
1631 5759 1759 5806 sunt
1805 5753 2087 5819 organica,

536 5841 639 5894 alia
669 5842 919 5897 sensibus
953 5842 1338 5907 deservientia,
1380 5843 1484 5898 alia
1515 5843 1670 5898 aliter
1700 5843 1906 5910 molem,
1948 5844 2086 5907 hanc

2192 4753 2467 4824 κριτικοὺς
2509 4749 2841 4821 διεξέρχεται
2891 4749 3108 4821 πόρουςο
3158 4752 3190 4820 ἡ
3224 4750 3280 4802 δὲ
3314 4747 3630 4818 ἀλλοιωτικὴ
3672 4747 3769 4817 τῆς

2191 4844 2404 4912 φύσεως
2479 4842 2707 4911 δύναμις
2767 4841 2980 4912 ἑκάστῳ
3043 4839 3151 4893 τῶν
3197 4839 3373 4910 μελῶν
3421 4837 3768 4906 καταλλήλως
3822 4895 3824 4899 _

2192 4935 2456 5004 προσάγει
2487 4934 2548 4986 τὸ
2576 4933 2745 5001 γάλα,
2788 4931 2878 4985 διὰ
2914 4935 3015 5002 τῆς
3053 4932 3270 5001 πέψεως
3309 4932 3387 4993 είς
3425 4930 3621 5001 μυρίας
3648 4929 3766 4981 δια-

2192 5028 2361 5096 φορὰς
2385 5026 2482 5094 τὴν
2515 5023 2718 5095 τροφὴν
2753 5025 3160 5093 κερματίζουσα
3181 5063 3195 5086 ,
3219 5023 3313 5076 καὶ
3335 5025 3447 5083 τοῖς
3477 5019 3767 5088 ὑποκειμέ-

2189 5135 2300 5179 νοις
2325 5117 2561 5186 ὀμοφυές
2597 5113 3020 5184 ἀπεργαζομένη
3058 5115 3118 5166 τὸ
3161 5114 3375 5182 ἑκάστῳ
3413 5112 3761 5182 κατάλληλον.

2202 5209 2297 5260 Ἐκ
2334 5207 2441 5277 γὰρ
2471 5207 2570 5275 τῆς
2625 5205 2796 5274 αὐτῆς
2833 5205 3122 5274 τρέφονται
3168 5203 3420 5274 βρώσεως
3469 5203 3762 5274 ἀρτηρίαι,

2191 5298 2409 5368 φλέϐες,
2447 5296 2766 5364 ἐγκέφαλος,
2802 5296 3064 5366 μήνιγγες
3086 5337 3100 5358 ,
3131 5295 3344 5365 μυελὸς,
3379 5295 3541 5358 ὀστᾶ,
3575 5295 3758 5364 νεῦρα,

2193 5391 2517 5458 σύνδεσμος,
2555 5390 2830 5452 τένοντες,
2874 5387 3102 5458 σάρκες,
3154 5388 3476 5457 ἐπιφάνεια,
3522 5388 3760 5458 χόνδροι,

2196 5476 2420 5546 πιμελαὶ
2443 5515 2456 5536 ,
2493 5477 2677 5546 τρίχες
2697 5514 2712 5537 ,
2749 5475 2938 5543 ὄνυχες
2957 5513 2970 5535 ,
3004 5473 3223 5544 ἱδρῶτες
3243 5513 3258 5534 ,
3288 5474 3484 5542 ἀτμοὶ,
3511 5474 3758 5543 φλέγμα,

2195 5565 2345 5636 χολὴ,
2382 5565 2474 5618 καὶ
2502 5565 2600 5617 ὅσα
2638 5563 2798 5616 λοιπὰ
2829 5562 3055 5632 περιττὰ
3121 5565 3213 5615 καὶ
3241 5565 3432 5634 ἀχρεῖα
3460 5565 3557 5633 τῆς
3592 5565 3762 5634 αὐτῆς

2195 5658 2373 5718 αἰτίας
2406 5655 2655 5724 ἐξῆπται.
2690 5653 2806 5706 Κᾶν
2845 5654 2912 5706 τὰ
2945 5653 3052 5706 τῶν
3100 5654 3273 5724 μελῶν
3307 5655 3464 5728 εἴπῃς
3499 5655 3757 5724 ὀνόματα,

2194 5749 2265 5804 τά
2308 5765 2367 5800 τε
2416 5745 2681 5818 ὀργανικὰ
2736 5747 2829 5798 καὶ
2855 5747 2922 5798 τά
2967 5747 3330 5817 αἰσθητήρια,
3372 5747 3465 5799 καὶ
3494 5747 3591 5799 ὅσα
3628 5745 3760 5798 ἄλλα

2198 5840 2392 5910 πληροί
2427 5838 2524 5900 τὸν,
2563 5836 2655 5890 τοῦ
2708 5835 2955 5907 σώματος
3001 5837 3182 5906 δγκον,
3230 5839 3294 5902 ἐκ
3344 5839 3470 5908 μιᾶς
3542 5837 3634 5890 καὶ
3663 5838 3759 5906 τῆς
