4146 6370
341 491 441 544 573

1485 484 1761 539 CONTRA
1795 480 2199 546 EUNOMIUM,
2245 481 2374 536 LIB.
2419 478 2456 534 l.
3476 474 3543 526 37

343 593 514 663 αὐτῆς
547 595 685 647 κατᾶ
721 593 818 664 τὴν
861 591 1063 662 τροφὴν
1107 592 1382 664 ἐνεργείας
1412 595 1491 656 είς
1527 595 1624 658 τὰς
1649 594 1914 656 τοσαύτας
1945 628 1955 655 λ

2056 599 2264 668 arporis
2322 595 2731 660 constituentia,
2792 593 2999 649 videbis
3054 599 3107 647 et
3178 590 3292 643 haec
3350 603 3412 641 ex
3475 601 3584 640 una

340 686 599 755 διαφορὰς
629 683 952 737 ἀλλοιοῦται.
980 684 1043 736 Εἰ
1076 682 1131 736 δέ
1161 701 1245 747 τις
1273 685 1367 737 καὶ
1386 683 1486 748 τὰς
1509 685 1703 755 τέχνας
1728 684 1921 738 ἀναλο-

342 777 585 844 γίσαιτο,
618 775 840 846 εὑρήσει
871 774 964 827 καὶ
1011 773 1098 826 διὰ
1126 774 1330 828 τούτων
1369 777 1428 828 τὺ
1457 775 1921 847 κατεξητασμένον

343 867 438 920 τοῦ
467 868 754 935 δόγματος·
789 867 916 936 μίαν
949 867 1058 937 γὰρ
1089 866 1164 929 ὡς
1193 868 1284 920 ἐπὶ
1316 868 1376 920 τὸ
1403 869 1536 920 πολὺ
1567 868 1674 920 τῶν
1706 867 1794 921 διὰ
1813 885 1925 937 χει-

349 960 438 1030 ρός
467 975 520 1011 τι
570 959 865 1012 ποιούντων
907 960 999 1011 ἐπὶ
1037 958 1220 1028 πάσης
1267 960 1462 1030 τέχνης
1511 959 1725 1030 ὁρῶμεν
1776 960 1925 1030 ἐνέρ-

345 1068 520 1124 γειανο
556 1052 725 1120 αὐτὴν
754 1050 896 1119 λέγω
929 1051 1028 1121 τῆς
1061 1049 1240 1120 χειρὸς
1279 1050 1376 1120 τὴν
1407 1051 1639 1120 κίνησιν·
1677 1051 1814 1104 ἀλλὰ
1844 1052 1926 1115 τίς

346 1144 381 1212 ἡ
432 1143 686 1195 κοινωνία
734 1140 842 1194 τῶν
889 1141 1364 1209 ἀποτελεσμάτων,
1416 1142 1798 1212 σκοπήσωμεν.
1862 1138 1929 1193 Τί

349 1235 524 1288 κοινὸν
567 1236 678 1303 ἔχει
725 1232 853 1287 ναοῦ
897 1232 1208 1301 κατασκευὴ
1257 1230 1390 1302 πρὸς
1457 1231 1702 1301 ἱμάτιον,
1729 1231 1826 1300 τῆς
1873 1230 1930 1284 ἐν

350 1326 594 1395 ἐκατέρῳ
631 1325 824 1395 τέχνης
854 1325 1063 1394 κινήσει
1102 1323 1280 1392 χειρὸς
1311 1321 1704 1392 ἐνεργουμένης
1733 1339 1746 1386 ;
1783 1321 1935 1372 Κινεῖ

349 1418 448 1487 τὴν
487 1419 644 1487 χεῖρα
679 1417 773 1468 καὶ
801 1417 829 1468 6
878 1413 1228 1485 τοιχωρύχος,
1256 1416 1394 1464 κινεῖ
1420 1414 1512 1465 καὶ
1537 1414 1564 1465 6
1597 1411 1931 1482 φρεωρύχοςο

356 1509 448 1560 καὶ
473 1507 546 1576 γῆ
581 1505 987 1577 μεταλλεύεται,
1018 1504 1114 1556 καὶ
1136 1503 1415 1570 φονεύεται
1443 1502 1745 1572 ἄνθρωπος’
1779 1503 1934 1571 κινή-

358 1617 492 1660 σεως
537 1599 719 1669 χειρὸς
766 1598 900 1668 ἔργα
932 1595 1002 1648 τὰ
1042 1594 1240 1646 πάντα.
1274 1595 1342 1646 ’⁷0
1380 1611 1438 1645 τε
1468 1593 1577 1663 γὰρ
1606 1593 1938 1665 πολεμιστὴς

359 1693 449 1744 ἐπὶ
477 1692 573 1761 τῆς
631 1661 814 1759 ’μάχης
843 1661 942 1740 *διὰ
969 1687 1148 1758 χειρὸς
1177 1687 1387 1756 ἐνεργεῖ
1411 1687 1509 1756 τὴν
1540 1661 1649 1737 τῶν
1683 1661 1940 1736 ἐναντίων

359 1787 592 1854 σφαγήν·
625 1781 718 1834 καὶ
761 1783 790 1833 6
832 1781 1105 1847 γεωπόνος
1138 1777 1297 1832 πάλιν
1325 1779 1389 1847 τῇ
1424 1777 1565 1845 χειρὶ
1630 1775 1717 1827 διὰ
1743 1775 1838 1843 τῆς
1862 1772 1940 1824 δι-

359 1875 552 1943 κέλλης
574 1872 892 1941 ἐπιθρύπτει
919 1870 1014 1940 τὴν
1043 1868 1232 1938 βῶλον.
1266 1866 1388 1928 Πῶς
1412 1862 1503 1918 οὖν
1532 1867 1710 1934 ἡμῖνλὸ
1741 1863 1943 1930 δογμα-

359 1966 543 2033 τιστὴς
573 1963 930 2030 ἀποφαίνεται
962 1960 1062 2022 τὰς
1095 1958 1263 2020 αὐτὰς
1301 1955 1579 2026 ἐνεργείας
1616 1955 1714 2024 τὴν
1753 1951 1942 2005 ταυτό-
1977 1942 2018 2000 Β

359 2073 498 2127 τητα
529 2055 636 2108 τῶν
661 2055 834 2125 ἔργων
866 2054 1148 2107 ἀποτελεῖν
1173 2071 1186 2118 ;
1226 2052 1348 2105 Ἐὰν
1378 2050 1434 2102 δέ
1461 2049 1587 2118 δοθῇ
1613 2067 1663 2100 τι
1695 2049 1789 2100 καὶ
1812 2047 1943 2117 ἁλη-

361 2152 451 2212 θές
486 2151 626 2220 ἔχειν
657 2151 721 2202 τὰ
748 2149 1034 2220 εἰρημένα,
1069 2149 1229 2202 πάλιν
1254 2147 1347 2200 καὶ
1377 2145 1466 2197 διὰ
1492 2143 1679 2197 τούτου
1709 2142 1769 2194 τὸ
1804 2141 1945 2194 κατὰ

361 2237 458 2306 τὴν
482 2237 666 2288 οὐσίαν
695 2238 890 2304 οἰκεῖον
918 2236 1012 2288 τοῦ
1037 2254 1093 2288 τε
1122 2236 1251 2288 Υίοῦ
1279 2235 1412 2304 πρὸς
1439 2233 1532 2286 τὸν
1563 2232 1783 2302 Πατέρα
1809 2270 1823 2293 ,
1854 2231 1947 2283 καὶ¹

361 2330 455 2380 τοῦ
501 2328 814 2397 Πνεύματος
849 2328 985 2398 πρὸς
1017 2328 1108 2380 τὸν
1152 2327 1278 2379 Υίὸν
1325 2325 1484 2378 πλέον
1515 2325 1843 2376 συνίσταται.
1886 2324 1948 2374 Εἰ

368 2422 463 2494 μὲν
493 2421 600 2490 γὰρ
627 2416 694 2488 ἦν
724 2436 807 2480 τις
833 2419 941 2470 τῶν
968 2417 1256 2488 ἐνεργειῶν
1287 2415 1628 2487 παραλλαγὴ,
1662 2416 1735 2477 ὡς
1770 2413 1944 2475 ἄλλως

368 2508 467 2577 μὲν
494 2507 586 2560 τοῦ
620 2508 853 2578 Πατρὸς,
885 2507 1083 2577 ἐτέρως
1112 2507 1169 2559 δὲ
1207 2504 1300 2558 τοῦ
1325 2504 1454 2558 Υίοῦ
1478 2505 1538 2558 τὸ
1561 2504 1752 2558 δοκοῦν
1781 2506 1950 2575 ἐργα-

366 2598 627 2668 ζομένου,
685 2598 865 2660 καλῶς
919 2594 1063 2668 εἶχεν
1112 2598 1176 2648 ἐκ
1214 2596 1309 2648 τοῦ
1357 2595 1809 2666 παρηλλαγμένου
1842 2594 1949 2646 τῶν

366 2690 679 2762 ἐνεργειῶν,
712 2691 803 2742 καὶ⁵
831 2691 891 2742 τὸ
916 2690 1014 2758 τῆς
1047 2689 1403 2759 ἐργασθείσης
1430 2690 1519 2756 ὑφ’
1547 2688 1804 2757 ἐκατέρου
1835 2687 1952 2739 τού·

366 2801 472 2835 των
518 2782 703 2843 οὐσίας
745 2780 1196 2851 παρηλλαγμένον
1238 2778 1646 2848 τεκμαίρεσθαι.
1701 2778 1763 2829 Εἰ
1809 2777 1863 2828 δέ
1909 2768 1953 2843 ᾧ

368 2874 554 2943 τρόπῳ
597 2875 806 2942 ἐνεργεῖ
843 2873 872 2923 ὁ
913 2871 1122 2941 Πατὴρ,
1167 2873 1343 2924 πάντα
1380 2872 1473 2923 καὶ
1502 2871 1529 2922 ὀ
1581 2869 1710 2932 Υἱὸς
1753 2866 1954 2936 ὁμοίως

371 2966 534 3026 ποιεῖ,
567 2964 707 3015 κατὰ
726 2979 784 3014 τε
812 2962 909 3032 τὴν
932 2961 1095 3014 αὐτοῦ
1122 2961 1216 3014 τοῦ
1244 2963 1448 3032 Κυρίου
1473 2960 1673 3030 φωνὴν,
1700 2959 1794 3012 καὶ
1816 2958 1955 3010 κατὰ

371 3057 460 3108 τὸν
488 3056 674 3108 εἰκότα
695 3055 850 3121 λόγον
889 3055 971 3124 (οὐ
1009 3054 1114 3124 γὰρ
1140 3054 1168 3104 6
1210 3055 1308 3123 μὲν
1349 3051 1652 3122 ἁσωμὰτως
1675 3091 1689 3112 ,
1723 3052 1751 3102 6
1781 3049 1837 3101 δὲ
1869 3048 1956 3102 διὰ

376 3147 620 3216 σώματος
643 3186 656 3209 ,
687 3145 806 3198 οὐδέ
832 3147 1036 3206 ἐκεῖνος
1070 3145 1168 3213 μὲν
1200 3144 1264 3195 ἐκ
1302 3142 1461 3214 τῆσδε
1500 3141 1650 3210 ὕλης,
1682 3140 1746 3192 ἐκ
1774 3141 1831 3193 δὲ
1855 3140 1956 3208 τῆς

373 3239 563 3307 ἐτέρας
599 3241 627 3289 ὁ
673 3238 876 3307 ἕτερος,
904 3236 1022 3288 οὐδὲ
1049 3237 1106 3287 ἐν
1132 3234 1337 3305 χρόνῳ,
1371 3233 1491 3285 ούδέ
1526 3234 1582 3285 ἐν
1608 3231 1763 3300 τόπῳ
1799 3231 1956 3293 ἄλλος

375 3330 516 3399 ἄλλῳ
548 3329 607 3380 τὸ
650 3326 838 3380 δοκοῦν
878 3323 1276 3394 κατεργάζεται
1298 3341 1312 3354 ·
1359 3323 1468 3375 οὐδ’
1503 3321 1683 3374 αὐτῶν
1711 3321 1956 3391 ὀργάνων

376 3421 626 3492 διαφοραὶ
674 3420 733 3470 τὸ
788 3414 1238 3488 παρηλλαγμένον
1287 3411 1802 3474 κατασκευάζουσιν·
1842 3409 1955 3463 ἀλλ’

379 3515 538 3580 ἀρκεῖ
559 3511 692 3580 μόνη
710 3509 1011 3578 θελήματος
1032 3507 1265 3574 κίνησις,
1290 3504 1383 3555 καὶ
1406 3501 1771 3573 προαιρέσεως
1792 3502 1956 3571 ὁρμὴ,

382 3605 676 3674 σύνδρομον
710 3602 930 3673 ἔχουσα,
957 3599 1052 3653 καὶ
1081 3595 1550 3656 ἐπακολουθοῦσαν
1575 3593 1710 3663 πρὸς
1731 3594 1829 3662 τὴν
1853 3593 1960 3646 τῶν

379 3699 547 3752 ὅντων
579 3697 873 3750 ὑπόστασιν
907 3693 1006 3763 τὴν
1038 3689 1346 3759 ὐφιστῶσαν
1378 3687 1447 3739 τὰ
1475 3686 1654 3741 πάντα
1683 3683 1957 3754 δύναμιν),

381 3789 476 3840 καὶ
501 3790 556 3839 ἐν
581 3787 745 3838 πᾶσιν
774 3783 974 3854 ὁμοίως
997 3783 1024 3834 6
1058 3779 1267 3848 Πατὴρ,
1306 3777 1364 3842 ἐξ
1390 3768 1451 3830 οὐ
1479 3775 1549 3826 τὰ
1575 3775 1772 3836 πάντα,
1808 3771 1904 3824 κοιλ⁹
1934 3773 1962 3823 6

385 3878 532 3940 Υἱὸς,
564 3876 629 3928 δι’
666 3867 725 3926 οὗ
758 3874 826 3925 τὰ
872 3872 1066 3934 πάντα,
1103 3869 1222 3922 κατ’
1272 3865 1405 3920 αὐτὸ
1440 3865 1539 3935 τῆς
1571 3863 1849 3934 ἐνεργείας
1902 3862 1964 3914 τὸ

384 3964 523 4030 εἶδος
567 3965 926 4036 ἐργάζονται,
969 3961 1086 4023 πῶς
1127 3953 1282 4022 οὗτος
1313 3957 1412 4028 τὴν
1451 3956 1591 4008 κατὰ
1633 3955 1731 4018 τὰς
1779 3955 1964 4017 οὐσίας

385 4058 648 4127 διαφορὰν
679 4056 771 4108 ἐπὶ
807 4053 901 4107 τοῦ
937 4052 1096 4114 Υἰοῦ,
1134 4050 1229 4104 καὶ
1261 4048 1355 4101 τοῦ
1405 4045 1720 4116 Πνεύματος
1751 4044 1965 4097 ἀποδει-

387 4149 570 4202 κνύειν
589 4148 758 4200 οἴεται
786 4146 872 4199 διὰ
891 4146 984 4198 τοῦ
1014 4139 1468 4214 παρηλλαγμένου
1489 4139 1586 4208 τῆς
1616 4137 1709 4190 τοῦ
1731 4135 1962 4208 Πατρὺς,

390 4243 482 4294 καὶ
514 4240 606 4292 τοῦ
649 4237 775 4291 Υίοῦ
809 4235 1086 4307 ἐνεργείας
1125 4232 1219 4285 ἀπ’
1263 4232 1518 4301 ἀλλήλων,
1555 4227 1964 4299 χωριζομένηςς

391 4330 706 4385 Τούναντίον
756 4331 904 4398 γὰρ,
957 4325 1136 4386 καθὼς
1189 4323 1418 4393 ἔφαμεν,
1470 4317 1964 4392 παρασκευάζεται,

391 4423 576 4493 ἐπειδὴ
627 4421 796 4482 οὐδεὶς
837 4419 1038 4490 τρόπος
1094 4418 1194 4487 τῆς
1225 4415 1334 4468 τῶν
1367 4411 1657 4482 ἐνεργειῶν
1685 4408 1968 4481 παραλλα-

392 4517 494 4584 γῆς
523 4515 579 4566 ἐν
624 4511 794 4580 Πατρὶ
834 4510 927 4561 καὶ
980 4507 1093 4578 Υἱῷ
1135 4505 1435 4576 θεωρεῖται,
1461 4504 1555 4555 καὶ
1594 4501 1656 4554 τὸ
1702 4499 1970 4570 μηδεμίαν

393 4607 450 4657 ἐν
493 4606 608 4667 ταῖς
639 4603 846 4664 οὐσίαις
873 4604 888 4620 “
909 4599 1002 4652 τοῦ
1032 4595 1165 4650 Υἱοῦ
1220 4597 1314 4648 καὶ
1349 4594 1444 4647 τοῦ
1478 4593 1789 4664 Πνεύματος
1829 4587 1968 4644 εἶναι

393 4697 703 4758 διάστασιν,
734 4694 791 4745 ἐν
831 4693 897 4761 τῇ
927 4691 1211 4758 ταυτότητι
1249 4687 1344 4756 τῆς
1385 4683 1842 4753 ὐποστησαμένης
1871 4683 1976 4735 δυ·-

397 4789 610 4858 νὲιμεως
651 4783 1050 4842 ἐπιδείκνυται,
1095 4778 1276 4842 καθὼς
1309 4779 1402 4830 καὶ
1444 4778 1478 4846 ἡ
1506 4777 1602 4828 τοῦ
1635 4776 1975 4845 λογογράφου

400 4878 672 4949 μαρτυρία
694 4875 899 4945 βεϐαιοῖ
919 4872 1008 4924 τὸν
1027 4871 1203 4938 λόγον,
1227 4867 1400 4930 οῦτως
1420 4866 1512 4917 ἐπὶ
1537 4865 1732 4930 λέξεως
1758 4865 1974 4934 ἐχουσα⁶

400 4969 556 5033 Ἀτε,
591 4969 742 5036 φησὶ,
779 4963 896 5018 τῶν
923 4961 1234 5031 ἐνεργειῶν
1254 4959 1370 5026 τὴν
1390 4958 1717 5022 ταυτότητα
1745 4955 1862 5007 τῶν
1883 4953 1978 5021 ἕρ-

399 5079 519 5131 Ίων
566 5055 1014 5114 ἀποτελουσῶν.
1062 5053 1224 5106 Ὥστε
1271 5055 1317 5105 εί
1359 5051 1623 5119 ταυτότης
1656 5047 1976 5100 ἐπιτελεῖται

399 5154 504 5206 τῶν
542 5152 715 5223 ἔργων
747 5151 804 5201 ἐν
837 5151 902 5219 τῇ
934 5145 1038 5199 τῶν
1065 5143 1353 5216 ἐνεργειῶν
1383 5141 1682 5211 ὁμοιότητι,
1735 5139 1894 5209 ἔργον
1921 5137 1978 5193 δὲ

399 5244 518 5294 κατ’
574 5241 765 5302 αὐτοὺς
811 5239 900 5292 τοῦ
947 5239 1043 5307 μέν
1089 5236 1299 5306 Πατρὸς
1343 5236 1370 5286 ὁ
1409 5234 1556 5297 Υἱὸς,
1600 5231 1788 5284 τούτου
1825 5230 1881 5281 δὲ
1917 5231 1977 5282 τὸ

404 5335 626 5404 Πνεῦμα
659 5334 718 5385 τὸ
758 5332 946 5400 ἆγιονο
997 5333 1030 5401 ἡ
1068 5328 1419 5399 ὁμοιοτροττία
1465 5326 1563 5394 τῆς
1621 5322 1716 5376 τοῦ
1758 5323 1968 5392 Πατρὸς

402 5430 494 5480 καὶ
520 5427 612 5479 τοῦ
648 5425 778 5479 Υἱοῦ
824 5425 1102 5494 ἐνεργείας
1152 5420 1249 5490 τὴν
1291 5419 1594 5488 ταύτότητα
1633 5416 1846 5478 πάντως
1879 5416 1974 5484 τῆς

403 5517 856 5588 ἀποτελεσθείσης
891 5513 1074 5576 οὐσίας
1107 5513 1415 5578 ἐνδείξεται.

486 5758 648 5812 Ἀλλὰ
701 5754 1020 5825 προστίθησι
1079 5756 1192 5818 καὶ,
1238 5747 1755 5820 παρηλλαγμένων
1795 5747 1982 5816 ἔργων

409 5847 912 5918 παρηλλαγμένας
944 5845 1042 5898 καὶ
1075 5845 1180 5909 τὰς
1212 5843 1514 5912 ἐνεργείας
1547 5840 1976 5910 ἐμφαινόντων.

411 5943 581 6000 Πάλιν
607 5940 786 5994 τοίνυν
815 5940 906 5992 καὶ
933 5936 1088 5991 τοῦτο
1127 5937 1509 6006 σκοπήσωμεν,
1544 5935 1644 5986 τίνι
1676 5931 1732 5985 τὸ
1768 5931 1982 6001 ἰσχυρὸν

2021 691 2339 745 nutrimenti
2371 688 2690 759 operatione
2725 687 2778 740 in
2807 686 2968 739 talem
3001 689 3054 738 et
3095 689 3302 736 tantam
3351 679 3586 732 diversr-

2021 794 2183 839 tatem
2213 797 2553 836 excrescere.
2586 779 2643 834 Si
2667 779 2789 850 quis
2830 794 2917 832 res
2953 791 3116 850 manu
3179 781 3232 827 et
3263 782 3378 826 arte
3416 769 3589 824 factas

2023 876 2376 946 contemplari
2414 874 2617 942 cupiat,
2675 848 2913 924 inveniet
2971 848 3132 922 etiam
3169 867 3221 918 in
3257 865 3367 926 his,
3426 877 3590 933 quam

2027 968 2427 1025 inconsiderate
2461 966 2559 1017 hoc
2597 962 2741 1032 quod
2788 960 3064 1015 contraria
3124 957 3396 1012 sententia
3451 954 3589 1017 vult,

2026 1071 2295 1116 assertum
2331 1059 2440 1123 sit;
2475 1070 2636 1110 unam
2665 1055 2808 1108 enim
2840 1059 2900 1105 ut
2950 1050 3241 1120 plurimum
3291 1047 3346 1100 in
3385 1045 3453 1099 iis
3498 1043 3593 1114 qui

2030 1169 2193 1208 manu
2220 1153 2486 1214 laborant,
2519 1149 2575 1202 in
2605 1146 2752 1200 omni
2777 1153 2894 1197 arte
2918 1142 3163 1195 videmus
3199 1137 3593 1207 operationem,

2031 1249 2226 1314 ipsam,
2260 1245 2505 1312 inquam,
2537 1253 2732 1292 manus
2769 1233 3063 1287 motionem
3091 1249 3102 1284 :
3137 1238 3191 1283 at
3237 1229 3598 1298 dispiciamus

2034 1350 2281 1408 quamam
2317 1334 2387 1387 sit
2420 1327 2721 1386 similitudo
2760 1325 3074 1380 eﬂectuum.
3127 1319 3263 1385 Quid
3313 1330 3601 1370 commune

2036 1441 2090 1485 ct
2121 1427 2298 1484 simile
2324 1426 2487 1478 habet
2521 1421 2708 1490 templi
2765 1416 3065 1472 exstructio
3099 1429 3224 1467 cum
3263 1410 3434 1465 vestis
3469 1423 3601 1462 con—

2042 1523 2297 1579 fectione,
2332 1527 2447 1570 arte
2476 1514 2770 1582 utrobique
2812 1526 2905 1580 per
2937 1523 3129 1561 manus
3156 1505 3450 1557 motionem
3473 1516 3604 1570 ope-

2039 1615 2236 1670 rante?
2274 1611 2489 1664 Manum
2530 1613 2729 1670 movet,
2789 1610 2901 1656 tam
2955 1599 3048 1668 qui
3102 1611 3290 1650 muros
3344 1591 3603 1663 perfodit,

2040 1721 2202 1778 quam
2228 1704 2322 1773 qui
2352 1707 2573 1771 puteum
2605 1696 3031 1757 fodit;ex.terra
3058 1689 3270 1744 eruitur
3301 1684 3604 1746 metallum,

2041 1818 2151 1870 quo
2180 1801 2342 1852 homo
2371 1793 2660 1853 occiditur,
2695 1798 2751 1842 et
2775 1786 2958 1841 omnia
2987 1800 3085 1838 sua
3114 1782 3326 1837 eﬂicere
3366 1787 3606 1834 conatur

2045 1895 2206 1946 homo
2239 1889 2478 1942 motione
2511 1897 2727 1936 manus.
2784 1877 2918 1931 Nam
2969 1878 3124 1931 miles
3155 1877 3208 1929 in
3244 1874 3385 1929 bello
3446 1887 3610 1926 manu

2047 1987 2245 2042 caadem
2274 1990 2328 2038 et
2355 1989 2592 2048 stragem
2621 1989 2844 2031 suorum
2863 1971 3096 2026 hostium
3115 1969 3265 2030 edit,
3294 1975 3343 2021 et
3372 1963 3612 2034 agricola

2046 2094 2210 2134 manu
2249 2091 2344 2146 per
2372 2074 2606 2144 ligonem
2662 2067 2847 2137 glebas
2883 2063 3100 2130 frangit.
3133 2058 3418 2126 Quomodo
3449 2056 3616 2126 igitur

2049 2171 2334 2226 haereticus
2411 2167 2513 2218 iste
2568 2161 2830 2223 allirmat,
2871 2154 3182 2210 earumdem
3235 2148 3614 2220 operationum

2047 2263 2264 2316 eosdem
2297 2271 2420 2311 esse
2456 2250 2722 2308 eﬂ‘ectus?
2758 2258 2812 2304 et
2841 2247 2968 2301 licet
2988 2241 3412 2298 concederemus
3465 2253 3495 2290 a
3523 2252 3618 2290 ve-

2048 2358 2211 2410 ritate
2243 2350 2422 2404 aliena
2468 2362 2580 2400 non
2614 2359 2757 2406 esse,
2825 2355 2945 2410 qua:
2988 2337 3144 2398 dicit,
3184 2343 3367 2389 tamen
3430 2347 3493 2384 ex
3530 2330 3617 2384 his

2049 2450 2211 2502 etiam
2236 2451 2383 2498 recte
2413 2436 2729 2495 conﬁrmari
2758 2429 3106 2504 posset-Filii
3160 2443 3284 2482 cum
3342 2423 3524 2485 Patre,
3565 2427 3620 2476 et

2053 2537 2293 2608 Spiritus
2320 2532 2494 2589 sancti
2519 2544 2642 2584 cum
2672 2525 2811 2580 Filio
2863 2518 3243 2576 convenientia
3278 2517 3334 2570 in
3392 2522 3614 2568 natura.

2051 2607 2186 2684 Nam
2225 2629 2269 2682 si
2300 2635 2447 2681 esset
2476 2623 2657 2691 aliqua
2688 2618 3064 2689 operationum
3097 2610 3346 2671 mutatio,
3375 2616 3434 2660 ut
3464 2607 3623 2659 aliter

2053 2720 2271 2792 quidem
2310 2716 2489 2778 Pater,
2550 2713 2706 2766 aliter
2741 2716 2921 2762 autem
2988 2703 3160 2758 Filius
3225 2702 3299 2766 id,
3333 2699 3478 2769 quod
3516 2696 3621 2751 sibi

2053 2816 2355 2875 videretur,
2384 2817 2590 2879 ageret,
2623 2811 2769 2858 recte
2822 2817 2885 2855 ex
2926 2798 3227 2851 mutatione
3261 2800 3314 2848 et
3360 2790 3625 2844 varietate

2057 2907 2436 2977 operationum
2483 2897 2904 2954 concluderetur
2954 2891 3245 2946 diversitas
3308 2885 3622 2944 affectuum,

2057 2975 2150 3068 qui
2181 2999 2248 3050 ab
2279 3004 2509 3060 utroque
2540 2986 2795 3060 producti
2825 2990 3031 3039 essent.
3061 2983 3129 3035 At
3162 2981 3205 3032 si
3243 2993 3308 3033 eo
3333 2975 3494 3030 modo
3519 2988 3627 3040 quo

2059 3090 2218 3143 Pater
2260 3095 2519 3154 oneratur
2575 3080 2779 3143 omnia,
2824 3076 2995 3130 Filius
3035 3074 3219 3128 itidem
3261 3073 3442 3124 omnia
3478 3067 3625 3126 facit,

2061 3191 2120 3236 ut
2155 3183 2271 3250 ipse
2310 3177 2574 3230 Dominus
2605 3179 2836 3228 testatus
2867 3179 2970 3232 est,
3013 3175 3066 3221 et
3094 3180 3183 3218 res
3217 3165 3333 3232 ipsa
3391 3158 3629 3229 postulat

1983 3290 2025 3347 ο
2061 3281 2076 3344 (
2106 3290 2209 3326 non
2242 3272 2386 3326 enim
2420 3283 2560 3320 unus
2591 3263 2752 3318 modo
2793 3263 3138 3328 incorporeo,
3175 3255 3312 3308 alter
3341 3263 3628 3320 corporeo,

2065 3381 2239 3435 neque
2270 3363 2361 3416 ille
2388 3376 2459 3415 ex.
2488 3358 2589 3412 hac
2615 3354 2862 3414 materia,
2897 3367 2964 3405 ex
3005 3348 3110 3403 alia
3141 3361 3272 3400 vero
3303 3345 3445 3398 alius
3471 3383 3484 3405 ,
3538 3357 3631 3395 ne-

2063 3474 2169 3529 que
2198 3456 2338 3510 alius
2371 3453 2476 3506 alio
2501 3458 2744 3518 tempore
2763 3446 2846 3499 vel
2875 3443 3015 3506 loco,
3042 3454 3205 3508 quam
3234 3437 3376 3490 alius
3398 3434 3450 3488 id
3486 3433 3633 3502 quod

2063 3552 2178 3606 vult
2209 3547 2390 3607 eiiicit,
2444 3542 2536 3599 sed
2574 3555 2750 3610 neque
2814 3537 3299 3591 instrumentorum
3341 3527 3633 3582 diversitas

2068 3644 2159 3697 hic
2190 3639 2477 3708 reperitur,
2514 3650 2636 3704 quce
2664 3631 3015 3686 diversitates
3072 3631 3286 3695 arguat,
3324 3622 3452 3692 quia
3488 3615 3634 3672 suill-

2067 3738 2143 3788 cit
2171 3734 2289 3786 sola
2324 3727 2622 3784 voluntatis
2682 3723 2873 3781 motio,
2909 3727 2963 3775 et
3024 3714 3312 3772 electionis
3375 3709 3636 3781 appetitio

2068 3841 2188 3896 qua:
2219 3823 2567 3891 conjunctam
2597 3817 2782 3880 habet,
2812 3822 2866 3868 et
2897 3810 3055 3882 quasi
3079 3811 3332 3862 comitem
3357 3805 3424 3858 ad
3453 3816 3637 3856 rerum

2069 3891 2432 3971 ell‘ectionem,
2479 3912 2584 3961 vim
2625 3906 2772 3958 illam
2833 3912 2887 3958 et
2947 3901 3282 3960 facultatem,
3317 3911 3438 3964 qua:
3474 3891 3637 3945 rebus

2070 4007 2326 4060 oumihus
2359 4001 2769 4058 subsistentiam
2805 3992 3065 4062 tribuit),
3098 3991 3145 4046 si
3179 3989 3344 4060 igitur
3375 3988 3428 4040 in
3463 3983 3638 4038 omni-

2072 4099 2175 4152 bus
2207 4095 2459 4150 similiter
2489 4091 2669 4150 Pater,
2729 4105 2760 4142 a
2814 4101 2924 4156 quo
2957 4083 3162 4143 omnia,
3217 4088 3272 4135 et
3307 4076 3503 4137 Filius,
3543 4088 3640 4142 per

2072 4203 2231 4258 quem
2269 4184 2473 4249 omnia,
2506 4179 2692 4237 eadem
2729 4175 3064 4247 operationis
3116 4173 3294 4240 specie
3324 4173 3640 4237 operantur,

2073 4279 2346 4350 quomodo
2379 4277 2483 4329 iste
2513 4273 2884 4328 diversitatem
2924 4253 3250 4321 substantia:
3305 4261 3358 4314 iu
3391 4259 3551 4312 Patre
3589 4264 3643 4310 et

2073 4347 2212 4425 Filio
2258 4365 2464 4435 colligit
2501 4380 2566 4419 ex
2603 4361 2921 4416 diversitate
2979 4347 3315 4424 operationis
3347 4347 3569 4404 eosdem
3611 4361 3642 4398 a

2076 4479 2134 4518 se
2168 4469 2357 4515 mutuo
2394 4453 2747 4526 separantis?
2797 4449 3165 4519 Contrarium,
3187 4443 3353 4502 enim.
3386 4449 3448 4494 ut
3483 4447 3643 4492 antea

2077 4556 2333 4616 diximus,
2377 4549 2686 4604 conﬁcitur.
2731 4544 2868 4599 Cum
2925 4554 3160 4615 namque
3213 4536 3396 4589 nullus
3447 4531 3645 4586 modus

2006 4645 2051 4702 D
2079 4651 2416 4703 diversarum
2450 4641 2825 4712 operationum
2853 4637 2906 4689 in
2937 4633 3098 4687 Patre
3123 4638 3178 4686 et
3198 4628 3335 4682 Filio
3353 4633 3642 4697 appareat,

2080 4743 2160 4800 lit,
2203 4746 2262 4792 ut
2295 4737 2461 4791 etiam
2491 4734 2546 4786 in
2577 4729 2881 4786 substantia
2908 4725 3088 4779 Patris
3118 4732 3171 4776 et
3203 4720 3326 4773 Filii
3389 4718 3539 4771 nulla
3574 4716 3648 4772 sit

2078 4830 2338 4887 discretio
2381 4842 2478 4881 seu
2518 4821 2801 4880 distantia,
2833 4819 2979 4887 quod
3029 4815 3222 4868 attinet
3251 4812 3317 4864 ad
3352 4809 3648 4864 eﬂ'ectricis

2078 4916 2689 4994 potentiaaidentitatem
2717 4927 2733 4968 :
2762 4910 2850 4963 cui
2895 4908 2972 4962 rei
3004 4905 3213 4959 accedit
3246 4902 3421 4971 ipsius
3461 4900 3648 4954 decla-

2081 5000 3086 5080 matoris(Eunomii)testimonium,
3143 4998 3216 5050 ita
3265 5010 3324 5050 se
3380 4992 3648 5046 verbatim

2085 5107 2293 5159 habens
2323 5121 2336 5155 :
2364 5099 2550 5154 iisdem
2584 5090 2974 5162 operationibus
3039 5085 3221 5142 eadem
3250 5100 3453 5156 quoque
3493 5099 3652 5151 opera

2081 5194 2441 5267 efﬁcientibus.
2481 5190 2666 5257 Itaque
2699 5187 2744 5240 si
2775 5183 2961 5238 eadem
2991 5196 3155 5251 opera
3186 5195 3252 5234 ex
3288 5177 3480 5231 iisdem
3524 5189 3652 5244 0pc-

2082 5285 2386 5343 rationibus
2424 5278 2714 5350 prodeunt.
2770 5291 2907 5344 opus
2967 5288 3095 5328 vero
3163 5270 3361 5335 Patris,
3408 5270 3652 5337 ipsorum

2081 5379 2299 5449 quidem
2334 5374 2562 5444 judicio,
2592 5379 2676 5424 est
2709 5368 2898 5429 Filius,
2925 5366 3086 5434 hujus
3116 5379 3243 5418 vero
3273 5360 3510 5431 Spiritus
3528 5374 3654 5410 san-

2083 5446 2205 5525 ctus
2236 5484 2252 5534 ;
2286 5460 2590 5521 similitudo
2619 5457 2981 5528 operationis,
3006 5470 3127 5523 qua:
3159 5454 3210 5506 in
3247 5451 3404 5504 Patre
3429 5459 3483 5503 et
3516 5446 3653 5500 Filio

2085 5573 2190 5627 est,
2236 5558 2516 5629 productae
2541 5567 2758 5624 quoque
2787 5549 3109 5606 substantiae
3167 5544 3506 5599 identitatem
3539 5540 3654 5595 evi-

2086 5659 2279 5714 denter
2316 5651 2548 5706 evincet.

2161 5746 2341 5806 Addit,
2381 5741 2591 5794 diversa
2625 5752 2781 5805 opera
2808 5733 3168 5788 diversitatem
3191 5728 3554 5798 operationum
3577 5724 3657 5778 in-

2089 5841 2287 5894 dicare.
2323 5833 2464 5903 Ergo
2494 5829 2876 5899 dispiciamus,
2908 5832 3169 5895 quantum
3202 5819 3416 5875 roboris
3461 5818 3514 5870 in
3554 5815 3659 5869 hac

2092 5929 2395 5987 assertione
2434 5923 2583 5989 insit,
2626 5919 2860 5992 idque,si
2891 5920 3090 5994 placet,
3125 5913 3434 5988 perspicuis
3471 5921 3659 5966 exem-
