4146 6370
512 378 624 439 378

1755 392 1812 450 S.
1852 392 2176 450 GREGORII
2223 394 2507 453 NYSSENl

3663 395 3764 458 π

513 502 622 574 plin
647 501 1093 573 comprobemus.
1120 505 1206 562 An
1240 522 1348 564 non
1377 525 1483 565 uua
1519 520 1605 566 est
1645 515 1901 584 praecepti
1954 530 2084 585 ope-

2189 523 2212 573 ὁ
2251 520 2403 588 λόγος
2434 520 2566 590 ἔχει,
2594 521 2707 578 καὶ.
2742 521 2789 573 εἰ
2822 521 2993 584 δοκεῖ,
3014 519 3102 573 διὰ
3129 519 3238 574 τῶν
3275 519 3520 590 ἐναργῶν
3550 521 3761 576 ὑποδει-

513 591 662 647 ratio
719 593 863 664 ejus,
926 595 1020 666 qui
1079 598 1398 655 universum
1441 603 1726 668 mundum,
1766 613 1821 661 et
1877 606 2083 686 omnia,

512 699 637 754 qua:
691 686 841 742 illius
876 691 1169 760 complexu
1224 695 1600 762 continentur,
1648 700 1763 754 sola
1811 701 2091 756 voluntate

511 775 809 832 condidit?
862 777 984 846 Ipse
1021 783 1161 834 enim
1195 784 1332 838 dixit
1366 798 1414 840 et
1449 787 1594 855 facta
1622 801 1764 851 sunt,
1800 793 1911 859 ipse
1939 809 2092 846 mau-

515 867 660 923 davit
700 881 750 925 et
814 883 991 926 creata
1049 877 1258 934 sunt".
1321 883 1517 935 Annon
1581 884 1897 938 mandatum
1982 886 2087 941 hoc

509 963 767 1047 omnibus
793 967 1075 1036 mqualiter
1123 971 1419 1026 essentiam
1468 974 1638 1039 dedit,
1701 978 1930 1047 solaque
1982 995 2084 1032 vo-

511 1055 698 1111 luntas
732 1043 867 1114 satis
894 1057 1020 1124 fuit,
1067 1068 1128 1115 ut
1164 1062 1218 1118 id
1266 1065 1410 1133 quod
1457 1081 1566 1120 non
1614 1077 1732 1122 erat
1773 1043 2094 1139 procreare-

511 1149 652 1204 tur?
682 1149 969 1215 Quomodo
1004 1153 1191 1224 igitur,
1223 1170 1349 1210 cum
1375 1173 1440 1211 ex
1471 1175 1578 1213 una
1627 1162 1872 1216 mandati
1927 1164 2092 1234 hujus

511 1241 830 1310 Operatione
885 1250 1035 1298 tanta
1066 1259 1249 1300 rerum
1287 1247 1579 1305 diversitas
1629 1253 1922 1320 exstiterit,
1986 1256 2093 1312 iste

513 1332 673 1400 quasi
705 1333 881 1389 oculis
911 1334 1116 1390 clausis
1145 1337 1283 1391 nihil
1315 1339 1530 1408 videns,
1572 1343 1825 1411 allirmat,
1861 1360 2091 1415 operum

511 1422 831 1478 varietatem
887 1424 1261 1483 diversitatem
1318 1446 1536 1501 quoque
1589 1437 1926 1505 operationis
1988 1451 2090 1491 ar-

512 1529 684 1596 guere
711 1515 736 1569 ?
762 1517 805 1571 E
839 1521 1122 1574 contrario
1154 1521 1300 1576 enim
1331 1525 1637 1594 oportebat,
1668 1529 1851 1582 omnia
1884 1545 2006 1599 quae
2034 1530 2090 1584 in

513 1603 621 1660 hoc
654 1607 861 1662 mundo
893 1609 1172 1678 visuntur,
1202 1612 1447 1680 ejusdem
1477 1619 1677 1686 speciei
1730 1635 1873 1682 esse.
1913 1620 1982 1688 si,
2031 1631 2092 1676 ut

509 1698 784 1754 sectarius
810 1700 914 1756 iste
945 1702 1128 1766 tradit,
1162 1705 1481 1762 diversitate
1533 1725 1758 1779 operum
1793 1713 1962 1767 etiam
2006 1713 2092 1768 di-

511 1789 752 1846 versitas
777 1795 1158 1862 operatiouum
1193 1797 1624 1857 demonstratur.
1668 1805 1750 1858 An
1798 1821 1888 1860 res
1952 1807 2088 1862 istas

2191 613 2414 682 γμάτων
2435 611 2605 665 ταῦτα
2640 613 3080 683 κατανοήσωμεν.
3121 608 3246 684 'Ap‘
3280 613 3401 684 οὐχὶ
3435 612 3532 682 μία
3557 613 3704 666 ἐστὶν
3729 614 3766 685 ἠ

2190 705 2283 758 τοῦ
2336 705 2698 776 προστάσσειν
2741 705 2990 775 ἐνέργεια
3032 704 3124 757 τοῦ
3175 704 3354 758 πάντα
3403 705 3495 758 τὸν
3560 706 3766 777 κόσμον

2191 798 2284 849 καὶ
2311 797 2380 848 τά
2408 798 2465 849 ἐν
2493 795 2641 864 αὑτῷ
2663 795 3072 865 συστησαμένου
3099 794 3186 848 διὰ
3239 795 3399 865 μόνου
3429 793 3767 865 θελήματος;

2189 887 2382 952 Αὐτὸς
2427 886 2538 956 γὰρ
2580 881 2729 951 εἷπε,
2779 885 2878 940 καὶ
2905 884 3299 954 ἐγενήθησαν·
3341 885 3522 951 αὐτὸς
3549 885 3766 938 ἐνετεί-

2189 981 2360 1040 λατο,
2388 978 2486 1030 καὶ
2513 977 2906 1044 ἐκτίσθησαν.
2938 977 3052 1028 Οὐκ
3079 977 3170 1028 ἐπὶ
3207 975 3423 1027 πάντων
3448 973 3646 1044 ὁμοίως
3677 975 3766 1026 ού-

2192 1068 2359 1139 σιώθη
2389 1068 2451 1122 τὸ
2480 1070 2833 1141 πρόσταγμα,
2864 1067 2958 1120 καὶ
2989 1068 3220 1138 ἤρκεσεν
3253 1068 3285 1136 ἡ
3323 1066 3573 1136 βούλησις
3608 1069 3767 1136 μόνη,

2189 1156 2252 1209 τὸ
2285 1156 2360 1226 μὴ
2381 1156 2440 1210 δν
2473 1156 2911 1228 ύποστήσασθαι;
2935 1156 3055 1219 Πῶς
3080 1152 3169 1210 οὖν
3187 1157 3250 1208 ἐκ
3280 1157 3410 1226 μιᾶς
3429 1160 3527 1226 τῆς
3556 1157 3644 1210 διὰ
3673 1157 3765 1209 τοῦ

2193 1249 2552 1320 προστάσσειν
2581 1249 2891 1320 ἐνεργείας,
2921 1249 3186 1319 τοσαύτης
3213 1248 3314 1319 τῆς
3332 1249 3595 1320 διαφορᾶς
3632 1250 3767 1301 καθ-

2191 1337 2494 1409 ορωμένης,
2531 1333 2683 1402 οὗτος
2725 1339 2913 1410 ῶσπερ
2940 1341 3036 1411 οὐχ
3059 1341 3199 1412 ὁρῶν
3219 1339 3289 1392 τὰ
3316 1339 3636 1411 πράγματα,
3669 1340 3767 1408 τὴν

2191 1427 2299 1480 τῶν
2325 1427 2500 1498 ἔργων
2539 1428 2892 1499 παραλλαγὴν
2919 1429 2980 1482 τὺ
3010 1428 3463 1499 παρηλλαγμένον
3491 1429 3591 1497 τῆς
3617 1429 3768 1498 ἐνερ-

2193 1518 2348 1585 γείας
2395 1517 2762 1573 ἐνδείκνυσθαι
2802 1519 2980 1586 λέγει;
3025 1521 3346 1573 Τούναντίον
3382 1519 3490 1591 γὰρ
3528 1519 3632 1572 ἔδει
3664 1537 3764 1590 μο-

2193 1608 2366 1678 νοειδῆ
2399 1610 2578 1662 πάντα
2612 1610 2680 1662 τά
2708 1611 2763 1662 ἐν
2799 1609 2877 1681 τῷ
2901 1611 3089 1680 κόσμῳ
3119 1608 3278 1676 εἶναι,
3313 1611 3471 1682 εἴπερ
3509 1611 3647 1664 κατά
3675 1611 3769 1668 τὸν

2193 1697 2576 1770 δογματιστὴν,
2622 1699 2699 1769 τῷ
2745 1700 3114 1754 διαλλάσσοντι
3163 1701 3270 1752 τῶν
3317 1700 3491 1769 ἔργων
3563 1700 3656 1754 καὶ
3704 1701 3768 1753 τὸ

2195 1789 2303 1840 τῶν
2324 1790 2611 1857 ἐνεργειῶν
2640 1789 3089 1859 παρηλλαγμένον
3126 1790 3465 1859 ἐμφαίνεται.
3498 1792 3566 1843 Ἢ
3597 1791 3765 1842 ταῦτα

513 1891 710 1935 omnes
743 1888 803 1934 ut
831 1884 1073 1950 aequales
1102 1887 1368 1954 intuetur,
1398 1890 1452 1944 in
1485 1894 1603 1945 solo
1636 1904 1816 1951 autem
1847 1897 2003 1953 Patre
2033 1906 2086 1954 et

2189 1879 2346 1946 ὃμοια
2387 1879 2564 1932 πάντα
2599 1878 2804 1947 βλέπει,
2847 1881 2903 1931 ὲν
2938 1879 3084 1949 μόνῳ
3139 1879 3194 1932 δὲ
3226 1879 3302 1949 τῷ
3346 1881 3519 1951 Πατρὶ
3557 1882 3649 1934 καὶ
3688 1881 3766 1951 τῷ

512 1967 655 2026 Filio
690 1973 1115 2044 inaequalitatem
1148 1979 1546 2050 deprehendit?

584 2059 772 2135 Igitur,
795 2067 842 2121 si
861 2083 968 2122 non
988 2069 1161 2139 prius,
1179 2075 1369 2128 saltem
1395 2076 1506 2144 jam
1526 2078 1777 2147 inspiciat
1797 2095 1940 2149 eam,
1967 2097 2088 2151 quae

513 2151 572 2208 in
589 2155 873 2214 elementis
894 2159 1036 2215 inest
1053 2162 1432 2230 dill‘erentiam,
1455 2176 1508 2221 et
1523 2170 1796 2237 quomodo
1813 2174 2089 2241 quodlibet

512 2260 704 2301 eorum
723 2265 846 2319 qua:
862 2249 930 2306 ad
953 2254 1141 2308 mundi
1165 2257 1610 2315 constitutionem
1632 2273 1991 2325 concurrunt.
2017 2267 2086 2320 ad

513 2341 821 2396 contrarias
837 2350 1019 2412 partes
1037 2353 1248 2414 agatur.
1265 2345 1398 2401 Nam
1418 2349 1552 2403 levia
1579 2367 1797 2408 sursum
1827 2355 2080 2420 tendunt,

514 2429 701 2500 gravia
735 2430 988 2488 deorsum
1013 2453 1025 2489 :
1063 2445 1118 2490 et
1139 2437 1242 2491 alia
1273 2439 1494 2506 quidem
1523 2459 1734 2513 semper
1758 2447 2085 2514 consistunt,

513 2522 621 2576 alia
647 2531 908 2594 perpetuo
938 2537 1246 2583 moventur.
1279 2531 1342 2585 Et
1373 2533 1513 2587 inter
1532 2550 1595 2588 ea
1616 2552 1737 2606 qua:
1772 2549 2082 2607 moventur,

514 2615 622 2670 alia
659 2616 1056 2674 immutabilem
1087 2623 1386 2678 motionem
1420 2625 1641 2690 habent,
1662 2635 1722 2681 ut
1779 2631 1978 2684 ctelum
2019 2642 2075 2685 et

511 2704 764 2774 planetae,
814 2723 1050 2776 quorum
1081 2725 1280 2768 cursus
1309 2729 1524 2783 semper
1549 2717 1739 2770 eodem
1771 2718 2090 2773 reﬂectitur:

513 2805 571 2849 at
607 2797 720 2864 illa,
748 2814 870 2868 quas
906 2801 1339 2874 circumquaque
1359 2805 1758 2872 dill‘unduntur,
1792 2826 2008 2880 semper
2031 2820 2090 2865 ut

513 2903 636 2943 sors
659 2889 784 2957 lert,
811 2900 1068 2966 aguntur,
1099 2903 1160 2949 ut
1192 2911 1306 2962 aer,
1329 2913 1499 2963 mare,
1524 2901 1856 2972 etquidquid
1885 2903 2089 2972 liquida

513 2990 711 3036 natura
728 2992 965 3038 constat.
987 2986 1130 3052 Quid
1166 3003 1298 3042 vero
1315 2991 1501 3044 attinet
1517 2991 2089 3062 explicare,quomodo

513 3073 754 3128 calidum
802 3073 1001 3146 frigido
1040 3078 1384 3146 adversetur,
1418 3090 1510 3134 aut
1559 3082 1786 3137 humido
1841 3086 2086 3141 siccum:

511 3170 568 3218 et
591 3165 867 3233 quomodo
889 3164 942 3220 id
967 3167 1110 3237 quod
1134 3185 1299 3240 supra
1321 3180 1427 3234 est,
1461 3173 1529 3226 ab
1557 3187 1622 3226 eo
1642 3175 1786 3243 quod
1809 3174 1952 3229 infra
1981 3184 2086 3242 est,

513 3254 728 3309 distet?
766 3254 1015 3322 Quantas
1057 3275 1222 3328 porro
1245 3261 1299 3314 in
1333 3263 1663 3319 animalibus
1686 3280 1912 3322 cernere
1940 3276 2026 3323 est
2057 3284 2088 3323 a

514 3355 712 3410 natura
770 3347 966 3404 insitas
1022 3349 1547 3408 dissimilitudines?
1581 3353 1644 3408 Et
1689 3373 1812 3426 qua:
1852 3359 2091 3418 hominis

514 3437 703 3510 lingua
733 3450 1022 3496 enumeret
1071 3458 1268 3499 omnes
1307 3444 1430 3500 illas
1479 3447 1848 3513 diversitates,
1879 3468 2000 3522 quae
2035 3455 2090 3509 in

513 3531 719 3602 plantis
745 3547 870 3587 sese
908 3532 1168 3603 oll‘eruut,
1214 3538 1392 3607 quoad
1449 3539 1699 3609 ﬁguram,
1757 3547 2090 3613 magnitudio

514 3637 666 3690 nem,
691 3622 1083 3696 fructuumque
1115 3635 1170 3682 et
1193 3629 1520 3698 qualitatum
1557 3633 1949 3692 diversitates?

583 3799 655 3852 At
698 3800 1138 3870 sapientissimus
1186 3805 1292 3861 iste
1327 3807 1586 3878 magister
1631 3809 1987 3869 dissimilium
2035 3824 2092 3871 et

515 3886 863 3947 diversorum
893 3908 1120 3964 operum
1178 3896 1481 3954 dissimiles
1515 3916 1736 3970 quoque
1757 3912 1811 3958 et
1841 3904 2089 3964 diversas

516 3983 1106 4055 statuitoperationes;
1155 3987 1319 4059 idque
1347 3991 1431 4045 vel
1466 3994 1594 4061 quia
1624 3992 1856 4050 formam
1894 3999 2090 4055 divinas

515 4073 854 4142 operationis
886 4078 1118 4132 necdum
1156 4079 1443 4148 intellexit,
1469 4084 1539 4139 de
1569 4100 1676 4155 qua
1728 4103 1882 4142 sacra
1933 4089 2087 4146 Scri-

515 4169 677 4234 ptura
705 4173 959 4233 testatur,
1021 4169 1176 4226 verba
1218 4172 1458 4228 mandati
1500 4175 1614 4245 ejus
1662 4181 1841 4233 omnia
1873 4182 2087 4238 condita

511 4271 668 4321 esse;
717 4259 801 4313 vel
856 4260 985 4330 quia
1023 4261 1091 4314 ad
1129 4278 1310 4318 rerum
1366 4277 1674 4322 creatarum
1727 4270 2084 4330 differentiam

513 4349 754 4438 czpcutit,
794 4359 846 4405 et
885 4361 1066 4408 tamen
1115 4353 1183 4410 de
1243 4357 1446 4414 divinis
1507 4360 1856 4430 dogmatibus
1912 4383 2087 4438 usque

512 4429 651 4486 adeo
683 4432 1085 4494 inconsiderate
1125 4440 1284 4496 nobis
1328 4444 1486 4512 quasi
1549 4429 1694 4517 leges
1751 4429 2080 4518 praescribit,

2194 1968 2302 2038 Υἱῷ
2329 1968 2583 2040 ἐνθεωρεῐ
2607 1970 2668 2022 τὸ
2695 1969 2975 2038 άνόμοιον;

2260 2061 2467 2113 Οὐκοῦν
2493 2061 2879 2130 ἐπισκεψάσθω
2913 2062 3026 2124 νῦν,
3057 2064 3102 2115 εί
3128 2063 3222 2116 καὶ⁵
3253 2062 3328 2133 μὴ
3363 2063 3642 2135 πρότερον,
3668 2064 3766 2136 τὴν

2190 2153 2244 2204 ἐν
2289 2155 2400 2214 τοῖς
2435 2153 2712 2224 στοιχείοις
2756 2155 3035 2225 διαφορὰν,
3072 2154 3166 2208 καὶ
3196 2155 3271 2218 ὡς
3311 2156 3535 2208 ἕκαστον
3572 2156 3678 2212 τῶν
3709 2159 3766 2209 ἐν

2189 2244 2266 2314 τῷ
2296 2244 2484 2315 κόσμῳ
2513 2245 2649 2315 πρὸς
2683 2245 2779 2315 τὴν
2809 2246 2903 2299 τοῦ
2933 2247 3130 2309 παντὸς
3173 2246 3426 2299 σύστασιν
3461 2248 3768 2302 συντελούν-

2189 2355 2319 2401 των,
2348 2337 2484 2408 πρὸς
2515 2337 2576 2389 τὸ
2616 2337 2855 2390 ἐναντίον
2884 2338 3127 2406 ἀπῆκται
3159 2339 3258 2408 τῆς
3299 2339 3530 2406 φύσεως.
3559 2342 3638 2394 Τὰ
3670 2341 3766 2410 μὲν

2189 2429 2295 2499 γὰρ
2322 2427 2498 2496 κοῦφά
2524 2445 2583 2480 τε
2609 2429 2702 2481 καὶ
2732 2430 2987 2501 ἀνωφερῆ
3016 2431 3243 2498 πέφυκε,
3275 2431 3346 2483 τά
3371 2431 3427 2484 δέ
3460 2431 3629 2501 βαρέα
3673 2432 3766 2485 καὶ

2191 2521 2270 2582 εἰς
2298 2519 2355 2571 τὸ
2389 2519 2539 2571 κάτω
2583 2519 2858 2590 βρίθοντα,
2891 2521 2984 2581 καὶ
3016 2520 3082 2572 τὰ
3121 2521 3218 2591 μὲν
3246 2521 3332 2574 ἀεὶ
3360 2521 3588 2587 ἑστῶτα,
3616 2521 3683 2574 τὰ
3709 2522 3767 2574 δέ
3862 2552 3876 2559 -

2189 2610 2360 2663 διόλου
2408 2610 2720 2680 κινούμενα.
2766 2613 2874 2664 Καὶ
2919 2614 2976 2665 ἐν
3019 2613 3130 2674 τοῖς
3171 2612 3539 2682 κινουμένοις,
3571 2613 3639 2666 τά
3669 2614 3766 2684 μὲν

2190 2701 2542 2774 ἀπαράϐατον
2565 2703 2655 2755 ἐπὶ
2675 2701 2736 2755 τὸ
2761 2702 2819 2755 ἓν
2853 2702 2964 2772 ἔχει
2988 2701 3085 2773 τὴν
3115 2701 3348 2772 κίνησιν,
3370 2703 3445 2766 ὡς
3467 2705 3496 2756 ὁ
3517 2704 3762 2774 οὐρανὸς,

2191 2795 2285 2846 καὶ
2314 2793 2418 2845 τῶν
2448 2793 2689 2865 ἀστέρων
2716 2797 2764 2846 οἱ
2802 2793 3158 2865 πλανώμενοι,
3185 2792 3266 2858 οἷς
3291 2795 3319 2846 ὁ
3349 2795 3544 2866 δρόμος
3589 2797 3668 2856 είς
3704 2796 3766 2848 τὸ

2191 2889 2427 2959 ἔμπαλιν
2463 2889 2556 2942 τοῦ
2609 2889 2807 2952 παντὸς
2835 2889 3189 2942 ἁνελίσσεται·
3239 2889 3306 2940 τὰ
3344 2889 3400 2942 δέ
3433 2888 3765 2958 πανταχόθεν

2190 2981 2512 3052 διαχεόμενα
2578 2981 2718 3034 κατὰ
2760 2981 2821 3033 τὸ
2873 2981 3164 3051 συμϐαῖνον
3205 2980 3290 3033 ἀεὶ
3324 2980 3579 3052 φέρεται,
3629 2981 3703 3044 ὡς
3733 2984 3762 3034 ὁ

2191 3072 2317 3142 ἀὴρ,
2355 3075 2448 3125 καὶ
2495 3075 2528 3143 ἡ
2571 3073 2843 3136 θάλασσα,
2876 3074 2967 3126 καὶ
3005 3075 3039 3144 ἡ
3074 3076 3222 3125 πᾶσα
3254 3075 3350 3142 τῆς
3378 3073 3549 3144 ὑγρᾶς
3576 3074 3764 3137 οὐσίας

2193 3166 2374 3234 φύσις.
2425 3165 2490 3217 Τί
2531 3165 2574 3217 δ’
2625 3165 2690 3217 ἂν
2731 3165 2873 3217 εἴποι
2909 3181 2994 3226 τις
3031 3163 3130 3234 τὴν
3171 3163 3262 3216 τοῦ
3304 3164 3506 3233 θερμοῦ
3538 3164 3671 3236 πρὸς
3703 3165 3766 3218 τὸ

2192 3257 2394 3328 ψυχρὸν
2429 3256 2764 3318 ἐναντίωσιν,
2807 3254 2840 3325 ἢ
2875 3253 2968 3307 τοῦ
3000 3252 3166 3324 ὑγροῦ
3199 3253 3296 3324 τὴν
3330 3255 3462 3325 πρὸς
3497 3254 3556 3308 τὺ
3602 3254 3765 3326 ξηρδν

2191 3347 2478 3418 διαφορὰν,
2509 3347 2600 3400 τοῦ
2631 3364 2688 3398 τε
2720 3347 2831 3400 ἄνω
2862 3345 2958 3416 τὴν
2997 3345 3131 3417 πρὸς
3155 3345 3221 3398 τὰ
3263 3346 3414 3398 κάτω
3450 3345 3763 3413 διάστασιν;

2192 3443 2310 3494 ὅσαι
2335 3442 2390 3493 δὲ
2414 3441 2520 3494 τῶν
2551 3438 2703 3503 ζώων
2757 3440 2813 3491 αἱ
2842 3439 2984 3493 κατά
3021 3439 3117 3508 τὴν
3150 3439 3308 3507 φύσιν
3340 3439 3718 3510 ἀνομοιότητες
3746 3455 3760 3500 ;

2192 3534 2290 3596 τὰς
2319 3534 2375 3586 δὲ
2415 3535 2472 3584 ἐν
2510 3534 2620 3594 τοῖς
2669 3533 2854 3600 φυτοῖς
2887 3530 3039 3582 κατά.
3064 3547 3121 3581 τε
3150 3529 3218 3581 τά
3249 3531 3501 3600 σχήματα
3527 3571 3540 3591 ,
3573 3530 3667 3582 καὶ
3699 3530 3764 3581 τὰ

2195 3623 2420 3695 μεγέθη,
2448 3624 2541 3676 καὶ
2564 3623 2660 3684 τὰς
2709 3620 2816 3673 τῶν
2848 3620 3075 3690 καρπῶν
3107 3620 3200 3672 καὶ
3235 3622 3537 3692 ποιοτήτων
3560 3620 3767 3692 παραλ-

2191 3714 2360 3782 λαγὰς
2404 3713 2486 3776 τίς
2523 3713 2588 3766 ἂν
2617 3711 2829 3764 ἐπέλθοι
2863 3711 3017 3778 λόγος
3048 3710 3415 3782 ἀνθρώπινος;

2273 3809 2410 3862 Ἀλλ’
2455 3810 2484 3861 ὁ
2532 3807 2692 3876 σοφὸς
2730 3801 2882 3870 οὗτος
2923 3805 3032 3858 τῶν
3077 3804 3554 3876 παρηλλαγμένων
3587 3803 3763 3874 ἔργων

2191 3901 2661 3973 παρηλλαγμένας.
2678 3901 2771 3954 καὶ
2795 3900 2893 3963 τὰς
2926 3899 3203 3969 ἐνεργείας
3230 3900 3359 3967 ἡμῖν
3383 3897 3758 3965 ἀποφαίνεται.

2191 3988 2224 4058 ἢ
2251 3988 2313 4040 τὸ
2338 3984 2476 4050 εἶδος
2498 3991 2597 4058 τῆς
2625 3988 2773 4050 θείας
2805 3986 3082 4057 ἐνεργείας
3113 3986 3282 4056 μήπω
3308 3985 3512 4055 μαθὼν,
3543 3987 3571 4039 ὃ
3601 4003 3764 4055 φησιν

2189 4082 2222 4150 ἠ
2251 4079 2470 4148 Γραφὴ,
2494 4080 2574 4131 ὅτι
2610 4077 2692 4142 Τῷ
2717 4079 2875 4148 λόγῳ
2895 4076 3344 4146 προστάγματος
3373 4077 3567 4131 πάντα
3599 4077 3760 4146 τεγέι

2189 4186 2380 4236 rural,
2405 4169 2438 4238 ἦ
2471 4169 2606 4240 πρὸς
2632 4169 2729 4240 τὴν
2750 4169 2858 4221 τῶν
2879 4167 3173 4236 γεγονότων
3197 4167 3455 4239 διαφορὰν
3478 4168 3762 4239 ἀμϐλυώτ-

2188 4278 2312 4314 των-
2355 4261 2450 4314 καὶ
2487 4259 2656 4322 οὕτως
2713 4261 2843 4329 ἡμῖν
2890 4259 3308 4329 ἀπερισκέπτως
3360 4259 3758 4330 φθεγγόμενος,

2189 4356 2317 4422 περὶ
2369 4353 2525 4406 θείων
2569 4352 2852 4423 δογμάτων
2892 4351 3204 4422 νομοθετεῖ,
3245 4351 3398 4405 οὔπω
3438 4354 3578 4423 τάχα
3617 4355 3759 4419 τινὸς

2187 4440 2470 4512 ἀκηκοὼς,
2508 4443 2590 4494 ὃτι
2637 4443 2743 4494 πᾶν
2788 4439 2848 4492 τὸ
2897 4441 3279 4509 ἀποφαντικῶς
3325 4440 3637 4513 λεγόμενον,
3664 4443 3760 4496 ἐὰν

511 4537 636 4578 cum
671 4524 811 4582 forte
838 4529 1071 4584 necdum
1094 4547 1159 4586 ex
1183 4535 1440 4604 quopiam
1469 4537 1723 4604 audierit,
1747 4556 1907 4598 omne
1929 4544 2082 4610 illud,

2192 4532 2265 4603 μὴ
2295 4532 2544 4593 καθόλου.
2587 4533 2649 4589 τὸ
2679 4532 2893 4602 ἄμαχόν
2934 4549 2992 4584 τε
3036 4533 3130 4585 καὶ
3171 4533 3600 4605 ὁμολογούμενον
3634 4537 3759 4606 περὶ

509 4617 658 4686 quod
691 4622 963 4689 negative,
1005 4637 1113 4677 non
1140 4632 1320 4681 tamen
1352 4628 1650 4684 universim
1674 4635 2082 4701 pronuntiatur,

509 4708 880 4766 indubitatum
913 4722 968 4769 et
993 4729 1320 4772 concessum
1353 4735 1496 4787 esse,
1527 4730 1780 4792 respectu
1816 4726 1895 4781 rei
1924 4727 2084 4796 cujus

506 4799 806 4869 probandae
831 4805 1005 4873 gratia
1035 4807 1350 4864 adducitur.
1386 4809 1586 4866 Verum
1627 4813 1696 4868 de
1720 4830 1809 4882 eo,
1839 4817 1927 4870 cui
1973 4819 2082 4872 ciro

507 4905 859 4964 cumspectus
909 4905 963 4952 et
996 4915 1110 4954 rem
1151 4901 1320 4971 probe
1362 4905 1705 4974 perpendens
1738 4924 1847 4962 non
1887 4925 2082 4966 assen-

506 4981 703 5045 tiatur,
736 4985 863 5040 novi
900 4986 1172 5058 dogmatis
1198 4999 1412 5057 auctor,
1463 4994 1735 5050 arbitratu
1797 5013 1919 5062 suo,
1983 5015 2082 5070 pro

509 5086 611 5127 sua
640 5075 993 5139 auctoritate.
1019 5079 1289 5150 decernit,
1321 5083 1467 5154 quod
1491 5085 1627 5140 nihil
1660 5089 1878 5156 penitus
1896 5091 2082 5148 dill‘ert

508 5177 541 5217 a
575 5165 806 5220 somniis
853 5168 938 5221 vel
995 5171 1234 5228 anilibus
1275 5172 1511 5239 fabellis,
1541 5192 1664 5246 quae
1710 5177 1763 5230 in
1797 5189 2081 5250 compota-

507 5255 753 5312 tionihus
781 5271 1133 5319 enarrantur.
1160 5263 1408 5336 Cumque
1439 5267 1492 5320 in
1529 5283 1694 5338 supra
1735 5269 1898 5324 dictis
1929 5277 2080 5326 tanta

507 5345 644 5401 insit
670 5347 1113 5406 inconvenientia
1137 5362 1192 5409 et
1231 5355 1571 5422 absurclitas,
1612 5357 1692 5422 ﬁt,
1728 5368 1787 5414 ut
1815 5360 2082 5430 quemad-

505 5436 731 5492 modum
765 5439 864 5500 illi.
899 5441 993 5510 qui
1026 5457 1123 5510 per
1147 5445 1323 5500 somni
1352 5446 1696 5516 phantasiam
1754 5447 1958 5520 aliquid
1988 5464 2082 5505 eo-

506 5541 632 5584 tum
665 5531 870 5600 quibus
901 5533 1194 5605 vigilantes
1215 5552 1438 5609 operam
1456 5538 1746 5606 dederunt,
1770 5539 1874 5596 sibi
1894 5540 2080 5597 videre

506 5617 787 5688 videntur,
829 5625 1026 5696 cupide
1072 5627 1160 5694 iis,
1202 5645 1324 5702 quae
1355 5645 1464 5688 non
1504 5632 1784 5690 exsistunt
1815 5632 1958 5690 allixi
1993 5634 2077 5690 in-

576 5799 774 5860 ”Psal
828 5822 1048 5878 sxum,
1084 5810 1117 5866 5

2189 4623 2282 4676 τοῦ
2310 4624 2667 4695 προκειμένου
2700 4623 3020 4695 πράγματος
3055 4625 3174 4697 ἔχῃ.
3225 4626 3382 4680 Ἀλλὰ
3408 4629 3535 4698 περὶ
3557 4619 3632 4682 ὧν
3658 4629 3758 4682 οὐκ

2189 4715 2252 4768 ἄν
2274 4733 2361 4778 τις
2381 4715 2487 4768 τῶν
2512 4716 2932 4786 ἐπεσκεμμένων
2965 4715 3226 4784 σύνθοιτο,
3257 4719 3382 4790 περὶ
3407 4719 3608 4772 τούτων
3637 4723 3756 4773 κατ’

2191 4804 2434 4869 ἐξουσίαν
2457 4805 2484 4856 ὁ
2509 4805 2846 4874 δογματίζων
2866 4804 3032 4874 λέγει,
3056 4806 3220 4861 Οὐδὲν
3237 4807 3478 4878 διαφέρει
3494 4807 3600 4862 τῶν
3622 4809 3757 4861 ὀνεί-

2191 4914 2318 4968 ρους
2365 4895 2396 4968 ἢ
2427 4895 2627 4967 μύθους
2655 4896 2805 4967 παρά
2836 4897 2996 4950 πότον
3028 4896 3414 4967 διηγουμένων.
3442 4901 3552 4953 Καὶ
3575 4900 3755 4953 τοιαύ-

2188 5005 2286 5059 της
2313 4986 2478 5059 οὔσης
2511 4987 2609 5057 τῆς
2629 4989 2685 5039 ἐν
2711 4990 2824 5049 τοῖς
2839 4989 3144 5060 εἰρημένοις
3178 4989 3562 5060 ἀναρμοστίας,
3593 4990 3752 5044 καθά-

2189 5096 2295 5152 περ
2343 5081 2391 5132 οί
2451 5080 2516 5133 διτ
2583 5080 2831 5132 ἐνυπνίου
2907 5080 3204 5148 φαντασίας
3259 5081 3365 5133 τῶν
3427 5080 3545 5134 καθ’
3606 5081 3752 5152 ὕπαρ

2191 5170 2634 5238 σπουδαζομένων
2661 5172 2792 5241 όρᾷν
2815 5188 2866 5223 τι
2894 5172 3212 5239 νομίσαντες
3229 5209 3245 5231 ,
3277 5171 3570 5240 προθύμως
3600 5172 3749 5242 ἕχον-

2185 5277 2273 5315 ται
2299 5261 2405 5311 τῶν
2423 5258 2809 5332 ἀνυπάρκτων,
2830 5260 3044 5332 καὶτῆς
3066 5277 3132 5313 πε
3141 5260 3194 5332 pi.
3214 5261 3274 5314 τὸ
3295 5261 3615 5333 φαινόμενον
3637 5267 3753 5316 ἐπι-

2183 5353 2384 5424 Θυμίας
2445 5348 2533 5402 διὰ
2578 5349 2677 5418 τῆς
2741 5349 3096 5417 ὴπατημένης
3140 5352 3311 5416 ὂψεως
3359 5351 3753 5424 ἁναπειθούσης

2183 5442 2326 5514 ἔχειν
2367 5439 2588 5493 οἴονται·
2635 5437 2778 5492 οὕτω
2823 5438 2918 5491 καὶ
2969 5436 3129 5500 αὐτὸς
3170 5437 3256 5490 διὰ
3299 5439 3396 5508 τῆς
3438 5440 3753 5512 ὀνειρὼδους

2183 5533 2387 5604 ταύτης
2427 5531 2536 5586 τῶν
2571 5531 2852 5602 δογμάτων
2903 5529 3301 5589 ἀνατυπώσεως
3353 5531 3556 5601 ἰσχύειν
3602 5534 3753 5604 αὐτῷ

2184 5624 2506 5698 φαντασθεὶς
2534 5623 2602 5678 τὰ
2645 5621 2940 5694 είρημένα,
2985 5621 3158 5676 ταῦτα
3191 5619 3361 5685 οὔτως
3391 5621 3536 5694 ἔχειν
3571 5623 3751 5680 sua.
