4146 6370
416 392 523 450 ’677

1584 361 1864 460 comas
1902 403 2307 476 EUNOMlUM,
2350 410 2478 466 LIB.
2520 413 2563 468 1.

3579 423 3690 483 573

418 506 700 574 σαιοῦται,
733 507 830 565 καὶ
856 509 927 564 δι’
955 508 1138 566 αὐτῶν
1177 513 1610 582 κατασκευάζειν
1651 518 2000 592 ἐπιχειρεῖτᾶ

2115 525 2380 593 haereant,
2413 535 2717 600 putentque
2747 531 3047 602 cupiditate
3080 550 3146 590 ex
3189 534 3373 592 fallaci
3402 535 3524 594 viso
3561 555 3691 611 per-

421 599 716 654 ὐπόλοιπα·
749 600 902 666 ἄξιον
929 602 986 655 δὲ
1019 603 1114 657 καὶ
1155 603 1324 677 αὐτὴν
1362 607 1702 679 παραθέσθαι
1739 611 1837 684 τὴν
1865 611 2009 677 λέξιν

419 690 648 761 ἔχουσαν
672 691 867 757 οὕτως’

2114 621 2288 686 suasi,
2329 636 2390 676 se
2427 628 2616 677 tenere
2647 622 2794 693 quod
2829 640 2941 680 non
2987 633 3214 683 tenent:
3255 630 3331 684 ita
3377 637 3432 685 et
3466 631 3570 686 iste
3619 646 3691 686 ex

2111 714 2486 770 somniculosa
2533 715 2850 786 dogmatum
2883 718 3460 787 eﬂ'ormatione,.ratus
3495 739 3560 779 ea
3591 723 3690 778 ad-

419 803 643 859 modum
684 791 862 862 valida
894 816 949 863 et
976 807 1225 864 efﬁcacia
1257 825 1405 876 esse,
1442 811 1560 869 haec
1589 814 1666 869 ita
1697 831 1758 872 se
1788 817 1994 873 habere
2067 810 2166 876 ait,
2232 808 2413 878 iisque
2477 809 2675 877 positis
2723 811 2938 883 reliqua
2998 817 3272 872 conﬁcere
3350 815 3686 889 aggreditur.

423 893 585 964 cujus
613 895 891 966 ipsissima
931 899 1098 952 verba
1124 914 1401 969 apponere
1425 918 1535 957 non
1566 905 1666 960 abs
1697 922 1756 960 re
1777 905 1964 962 fuerit.

411 1046 419 1053 _
506 989 668 1042 Οὕτω
682 987 750 1042 δὲ
803 990 1032 1043 τούτων
1062 991 1345 1060 ἐχόντων,
1373 995 1473 1048 καὶ
1501 995 1577 1066 τῇ
1597 997 1746 1065 πρὸς
1762 998 2008 1067 ἄλληλα

421 1079 633 1150 σχέσει
680 1080 790 1134 τὸν
839 1083 1044 1151 εἱρμὸν
1092 1085 1476 1154 ἀπαράϐατον
1531 1088 2002 1158 διατηρούντω,

421 1171 714 1240 προσήκει
763 1169 960 1239 δήπου
1011 1175 1154 1242 τοὺς
1211 1177 1364 1230 κατὰ
1413 1178 1528 1248 τὴν
1577 1181 1832 1252 συμφυῆ
1878 1183 2006 1248 τοῖς

421 1265 727 1336 πράγμασι
762 1266 936 1332 τάξιν
979 1268 1097 1337 τὴν
1131 1270 1413 1336 ἐξέτασιν
1449 1274 1866 1345 ποιουμένους.
1901 1275 2002 1329 καὶ

414 1358 500 1428 μὴ
525 1361 736 1428 φύρειν
766 1361 914 1430 ὁμοῦ
937 1361 1155 1429 πάντα,
1189 1365 1290 1418 καὶ
1317 1367 1572 1437 συγχεῖν
1587 1367 1998 1437 βιαζομένους·

418 1453 471 1504 εὶ
491 1451 608 1520 μὲν
629 1451 764 1519 περὶ
790 1449 902 1520 τῆς
927 1455 1144 1522 οὐσίας
1166 1457 1389 1511 κινοῒτό
1408 1476 1498 1525 τις
1526 1460 1997 1529 ἀμφισϐήτησις,

418 1542 486 1595 ἐκ
515 1540 634 1595 τῶν
663 1541 908 1611 πρώτων
938 1546 1035 1599 καὶ
1064 1548 1384 1618 προσεχῶν
1413 1549 1545 1616 ταῖς
1573 1553 1811 1617 οὐσίαις
1841 1551 2002 1618 ἐνερ-

418 1634 587 1705 γειῶν
618 1635 914 1690 ποιεῖσθαι
936 1635 1054 1691 τῶν
1075 1639 1480 1710 δεικνυμένων
1504 1643 1621 1711 τὴν
1643 1644 1873 1709 πίστιν,
1902 1643 2000 1696 καὶ

417 1725 538 1780 τῶν
578 1729 1114 1798 ἀμφιϐαλλομένων
1151 1732 1266 1800 τὴν
1301 1732 1616 1788 διάλυσιν·
1656 1734 1773 1803 τὴν
1807 1734 1875 1788 δὲ
1904 1734 2003 1813 ἐπί

417 1819 546 1886 ταῖς
578 1821 902 1890 ἐνεργείαις
942 1823 1306 1892 ἀμφιϐολίαν
1338 1824 1609 1880 διαλύειν
1644 1828 1712 1880 ἐκ
1751 1824 1870 1879 τῶν
1901 1829 2002 1880 οὐ·

417 1925 587 1964 σιω-ν.

499 2001 640 2070 Ἐγὼ
673 2001 850 2056 τοίνυν
898 2004 1087 2069 ἀρκεῖν
1135 2005 1380 2075 ἠγοῦμαι
1419 2006 1556 2077 πρὸς
1597 2007 1869 2072 ἀπόδειξιν
1903 1996 2043 2077 τῆς’

416 2096 646 2158 ἀτοπίας
693 2095 804 2148 τῶν
844 2098 1150 2168 εἰρημένων
1185 2098 1323 2150 αὐτὰ
1357 2099 1424 2152 τὰ
1462 2100 1684 2170 ῥήματα
1729 2101 1830 2170 τῆς
1876 2103 2002 2154 ἀσε-

416 2189 588 2251 ϐείας.
616 2188 824 2259 Ὥσπερ
851 2189 959 2259 γὰρ
986 2191 1013 2242 ὁ
1032 2189 1094 2242 τὸ
1120 2189 1492 2261 λελωϐημένον
1515 2193 1578 2244 ὲκ
1607 2192 1813 2255 πάθους
1835 2193 2003 2264 πρόσ-

415 2299 564 2334 ωπον
608 2281 938 2352 ὑπογράφων
1003 2283 1078 2353 τῷ
1113 2284 1288 2354 λόγῳ,
1337 2284 1537 2355 μᾶλλον
1581 2285 1646 2338 ἂν
1689 2285 2002 2352 ἐπιδείξειεν

414 2374 822 2443 ἀπογυμνώσας
864 2373 972 2427 τῶν
1017 2375 1501 2446 προκαλυμμάτων
1549 2376 1648 2448 τὴν
1691 2378 1876 2445 νόσον,
1928 2379 2003 2443 ώς

419 2465 587 2536 μηδὲν
620 2464 828 2518 δεῖσθαι
862 2465 1007 2536 λόγῳ
1048 2466 1238 2536 μαθεῖν
1267 2468 1394 2532 τοὺς
1422 2469 1485 2521 τὸ
1529 2470 1851 2541 φαινόμενον
1885 2470 2004 2541 βλά-

415 2574 615 2621 ποντας
633 2574 648 2589 ο
686 2557 862 2622 οὕτως
891 2558 1129 2629 ἠγοῦμαι
1157 2559 1219 2613 τὸ
1252 2559 1487 2631 εἰδεχθὲς
1515 2559 1672 2616 τοῦτο
1725 2563 1820 2617 καὶ
1850 2581 2004 2634 περιτ-

415 2651 754 2720 κεκομμένον
782 2650 876 2704 τοῦ
906 2651 1182 2723 αἱρετικοῦ
1207 2651 1474 2724 δόγματος
1507 2654 1708 2717 ἱκανῶς
1739 2654 2003 2726 φανεροῦ-

418 2743 541 2796 σθαι
578 2747 691 2807 τοῖς
728 2744 1052 2816 διορατικοῖς
1082 2745 1182 2816 τὴν
1223 2745 1421 2816 ψυχὴν,
1455 2747 1550 2800 καὶ¹
1577 2747 1664 2800 διὰ
1697 2748 1863 2818 μόνης
1905 2749 2003 2819 τῆς

415 2834 772 2904 ἀναγνώσεως
798 2837 1293 2907 ἐκκαλυπτόμενον.
1329 2837 1470 2890 Ἀλλ’
1495 2839 1682 2909 ἐπειδὴ
1709 2838 1815 2910 χρὴ
1844 2839 2004 2894 καθάι

415 2943 522 2996 περ
563 2927 684 2980 τινὰ
713 2927 974 2980 δάκτυλον
1019 2928 1112 2980 ἐπὶ
1153 2928 1220 2982 τὰ
1259 2929 1434 3000 σαθρά
1482 2930 1576 2983 τοῦ
1611 2930 1880 3001 δόγματος
1913 2931 2004 2984 τὸν

415 3019 682 3073 δεικτικὸν
714 3019 871 3087 λόγον
906 3021 1198 3088 ἐπάγοντα,
1229 3021 1615 3093 φανερωτέραν
1645 3024 1756 3084 τοῖς
1790 3021 2002 3086 πολλοῖς

415 3111 754 3181 καταστῆσαι
787 3111 884 3181 τὴν
918 3111 1245 3181 ἐγκειμένην
1278 3111 1459 3181 λώϐην
1495 3112 1574 3182 τῷ
1607 3113 1856 3183 δόγματι,
1894 3113 2003 3180 πά-

412 3202 495 3256 λιν
536 3203 733 3274 ἐφεξῆς
775 3202 835 3256 τὸ
883 3203 1046 3274 ῥηθὲν
1094 3203 1470 3274 ἀναλήψομαι.
1523 3205 1685 3258 Οὕτω
1717 3205 1803 3268 δὲ,
1842 3205 1998 3275 φησι,
2029 3220 2070 3277 C

411 3296 637 3348 τούτων
676 3295 961 3364 ἐχόντων.
983 3293 1049 3348 Τί
1080 3294 1229 3363 λέγει
1255 3297 1282 3347 ὁ
1317 3297 1712 3367 ἐνυπνιαστήςς
1758 3297 1933 3350 Ποίων
1961 3297 1995 3367 ἢ

411 3387 637 3452 τούτων,
673 3389 768 3440 καὶ
818 3385 936 3450 πῶς
984 3386 1251 3457 ἐχόντωνς
1295 3388 1378 3440 ὅτι
1428 3388 1595 3455 Μόνη
1651 3389 1845 3456 κυρία,
1900 3389 1998 3442 καὶ

412 3478 690 3531 ἀνωτάτω
713 3477 819 3532 τοῦ
843 3478 1074 3546 Πατρός
1106 3479 1144 3546 ἠ
1175 3480 1377 3541 οὐσία,
1415 3479 1636 3547 ἄκυρος
1662 3479 1731 3533 δὲ
1754 3479 1904 3534 κατὰ
1933 3481 1995 3533 τὸ

412 3571 751 3624 ἀκόλουθον
793 3570 1028 3634 πάντως
1078 3572 1117 3640 ὴ
1164 3571 1409 3640 ἐφεξῆς,
1446 3572 1546 3625 καὶ
1585 3572 1913 3640 ἀκυροτέρα
1956 3572 1996 3639 ἡ

413 3665 601 3732 τρίτη.
644 3662 830 3718 Ταῦτα
875 3663 985 3734 γὰρ
1029 3657 1108 3727 οἷς
1150 3659 1301 3716 εἶπεν
1367 3663 1786 3733 ἐνομοθέτησενο
1833 3663 1866 3733 ἢ
1914 3663 2001 3717 ὅτι

414 3756 803 3826 παρεπομένης
830 3757 896 3826 τῇ
924 3755 1082 3826 οὐσίᾳ
1109 3758 1173 3825 τῇ
1209 3754 1398 3826 πρώτῃ
1429 3755 1708 3824 ἐνεργείας
1736 3755 1898 3817 τινὸς,
1928 3749 1996 3825 ἦς

411 3848 759 3920 ἀποτέλεσμα
801 3851 893 3902 καὶ
933 3848 1090 3920 ἔργον
1133 3850 1161 3900 ὁ
1207 3851 1498 3920 μονογενής
1545 3853 1690 3903 ἐστιν
1725 3851 1882 3914 Υἱὸς,
1919 3851 1996 3922 τῷ

415 3941 600 4014 μέτρῳ
637 3943 734 4012 τῆς
777 3942 1230 4013 ὑποστησαμένης
1271 3942 1431 3995 αὑτὸν
1478 3943 1755 4013 ἐνεργείας
1789 3944 1994 3997 ἐνδεδε-

417 4035 608 4106 μένος;
647 4037 716 4089 Ἢ
760 4036 840 4088 ὅτι
885 4036 1138 4097 ἐλάττους
1184 4053 1244 4087 τε
1291 4035 1386 4088 καὶ
1443 4035 1661 4105 μείζους
1712 4038 1768 4088 αἱ
1818 4037 1998 4090 οὐσίαι

413 4127 686 4190 νοοῦνται,
722 4127 808 4180 διὰ
838 4127 898 4181 τὸ
930 4126 1207 4195 ἐγκεῖσθαί
1238 4143 1354 4188 πως
1397 4125 1670 4196 ἀλλήλαις,
1713 4127 1806 4180 καὶ
1840 4145 1992 4198 περι-

413 4221 632 4292 έχεσθαι
663 4221 766 4274 ὑπὸ
794 4221 894 4291 τῆς
922 4220 1366 4291 εὑρυχωροτέρας
1408 4219 1503 4290 τὴν
1531 4219 1736 4290 ἥσσονα
1757 4236 1770 4248 ⁶
1807 4219 1994 4292 ὥσπερ

414 4314 504 4365 ἐπὶ
535 4313 644 4365 τῶν
665 4312 844 4365 κάδων
872 4311 1176 4382 συμϐαίνει,
1204 4311 1313 4363 τῶν
1339 4311 1586 4383 ἀλλήλοις
1610 4313 1992 4383 ἐντιθεμένων,

412 4404 534 4457 καθ’
561 4403 589 4456 ὃ
623 4404 841 4474 μείζους
866 4420 925 4454 τε
951 4403 1044 4456 καὶ
1072 4404 1324 4466 ἐλάττους
1350 4405 1510 4474 ἐνορᾷ
1538 4403 1636 4468 τὰς
1665 4406 1869 4468 οὐσίας,
1895 4405 1994 4468 τὰς

411 4495 588 4550 οὐδενὶ
638 4495 832 4566 πέρατι
887 4495 981 4547 καὶ
1016 4495 1126 4565 ὅρῳ
1171 4495 1634 4566 περιειλημμένας
1669 4510 1681 4522 '
1716 4490 1748 4562 ἦ
1777 4497 1856 4548 ὅτι
1885 4495 2002 4548 τῶν·

2177 985 2310 1039 Cum
2343 985 2454 1039 haec
2479 987 2556 1039 ita
2588 1002 2643 1040 se
2667 985 2915 1054 habeant,
2950 989 3163 1061 inquit,
3184 994 3466 1065 omniaque
3501 1006 3689 1054 mutua

2105 1079 2174 1133 ad
2205 1095 2261 1134 se
2286 1078 2595 1134 habitudine
2624 1081 2995 1137 invariabilem
3028 1085 3218 1138 seriem
3260 1086 3551 1157 observent,
3585 1109 3687 1162 par

2102 1182 2201 1238 est,
2232 1182 2290 1225 ut
2315 1172 2821 1243 qui'inquisitionem
2873 1175 3162 1230 secundum
3191 1182 3490 1236 naturalem
3511 1201 3687 1240 rerum

2102 1265 2339 1317 ordinem
2372 1265 2684 1331 instituunt,
2724 1282 2885 1337 neque
2915 1270 3094 1323 omnia
3118 1270 3336 1326 miscere
3366 1283 3416 1327 et
3460 1277 3688 1347 confun-

2102 1357 2227 1410 dere
2265 1357 2504 1425 cupiunt,
2534 1359 2580 1410 si
2605 1357 2814 1428 quidem
2845 1357 2908 1412 de
2948 1361 3250 1416 substantia
3285 1367 3510 1433 questio
3539 1369 3688 1423 oria-

2104 1457 2214 1512 tur,
2253 1464 2319 1502 επ
2348 1449 2534 1518 primis
2563 1457 2614 1502 et
2651 1464 2716 1503 ea:
2749 1450 2990 1520 cognatis
3033 1451 3456 1509 substantiarum
3499 1473 3688 1526 opera-

2104 1541 2335 1595 tionibus
2387 1550 2701 1610 argumenta
2722 1557 2900 1596 rerum
2927 1542 3463 1601 demonstrandarum
3481 1561 3686 1618 petant,

2104 1649 2387 1703 eorumque
2413 1632 2478 1686 de
2507 1633 2698 1704 quibus
2741 1619 3030 1705 ambigitur
3069 1637 3421 1706 solutionem;
3477 1651 3532 1696 at
3567 1660 3687 1700 vero

2104 1728 2491 1784 dubitationem
2545 1732 2612 1784 de
2661 1731 3056 1787 ouerationibus
3101 1749 3167 1786 ea:
3207 1734 3520 1792 substantiis
3570 1739 3686 1793 dis-

2107 1821 2328 1875 solvent.

2175 1995 2288 2068 Ego
2317 2012 2448 2053 vero
2480 1999 2547 2054 ad
2575 1998 2959 2066 absurditatis,
2985 2005 3175 2072 quaain
3203 2007 3481 2075 praedictis
3515 2009 3682 2077 inest,

2103 2089 2481 2145 ostensionem
2531 2090 2648 2160 ipsa
2684 2091 2983 2160 impietatis
3016 2095 3334 2165 plenissima
3373 2100 3536 2156 verba
3564 2102 3684 2158 suf-

2104 2177 2268 2234 ﬁcere
2299 2179 2562 2235 arbitror.
2591 2182 3064 2246 Quemadmodum
3096 2188 3240 2241 enim
3271 2188 3466 2246 faciem
3497 2193 3686 2248 detur-

2103 2277 2284 2336 palam
2343 2277 2395 2323 et
2433 2268 2813 2324 detruncatam
2843 2273 3094 2330 oratione
3120 2277 3464 2345 describens,
3508 2286 3686 2356 magis

2103 2359 2404 2414 videntium
2445 2362 2624 2419 oculis
2654 2365 2904 2419 morbum
2936 2367 3180 2437 subjicit,
3221 2369 3269 2426 si
3304 2373 3505 2431 ablatis
3538 2377 3688 2433 vela-

2103 2453 2304 2508 mentis
2338 2452 2531 2510 faciem
2563 2456 2769 2511 nudam
2816 2468 3256 2526 counnonstret,.
3285 2464 3360 2520 ita
3399 2474 3460 2520 ut
3501 2469 3686 2526 verbis

2104 2548 2240 2601 nihil
2265 2548 2501 2619 amplius
2543 2565 2680 2622 opus
2714 2552 2807 2616 sit,
2853 2554 3078 2624 quando
3111 2571 3226 2611 rem
3258 2557 3434 2629 ipsam
3466 2571 3685 2633 specta-

2105 2650 2251 2696 tores
2279 2642 2392 2710 jam
2441 2641 2764 2700 intuentur:
2815 2647 2897 2701 sic
2928 2648 3185 2704 existimo
3226 2651 3469 2709 bmretici
3517 2655 3687 2727 hujus

2106 2731 2378 2800 dogmatis
2407 2734 2800 2803 turpitudinem
2866 2745 2921 2792 et
2947 2738 3178 2795 laceram
3207 2741 3684 2816 deformationem,

2107 2823 2174 2876 iis
2203 2825 2406 2892 quibus
2442 2828 2812 2897 perspiciendi
2844 2828 3081 2885 facultas
3129 2835 3395 2904 suppetit,
3450 2840 3588 2896 satis
3618 2857 3684 2897 ex

2106 2917 2222 2984 ipsa
2271 2903 2560 2972 verborum
2617 2920 2882 2976 relatione
2956 2931 3010 2978 et
3057 2903 3290 2982 lectione
3340 2929 3686 2986 manifestam

2105 3007 2250 3071 fore;
2305 3010 2398 3064 sed
2439 3026 2564 3063 cum
2606 3027 2833 3067 necesse
2880 3014 2971 3078 sit,
3024 3023 3084 3068 ut
3132 3017 3688 3088 demonstrationem,

2105 3097 2248 3148 velut
2277 3096 2529 3166 digitum,
2585 3098 2638 3151 in
2668 3099 2933 3155 doctrina:
2979 3101 3144 3173 hujus
3189 3107 3533 3174 putredinem
3584 3111 3687 3164 im-

2105 3188 2407 3256 mitiamus,
2437 3191 2639 3259 quibus
2667 3193 2949 3262 turpitudo
2980 3193 3100 3262 ejus
3137 3195 3318 3252 adhuc
3344 3199 3688 3256 manifestior

2108 3279 2382 3350 plerisque
2433 3283 2653 3348 evadat,
2707 3285 2936 3354 agedum
2979 3288 3173 3343 ordine
3226 3289 3392 3346 verba
3431 3289 3690 3348 Eunomii

2104 3387 2468 3430 resumamus.
2511 3375 2641 3430 Cum
2676 3375 2786 3430 haec
2813 3379 2890 3432 ita
2918 3395 2973 3433 se
3014 3379 3263 3447 habeant,
3312 3382 3509 3454 inquit.
3542 3384 3686 3451 Quid

2105 3466 2208 3527 ais,
2260 3481 2294 3518 ο
2344 3467 2691 3528 εοιιιηίεῑοιτ]
2743 3485 2864 3538 quin
2893 3479 3023 3526 sunt
3075 3473 3198 3536 ista,
3233 3483 3287 3528 et
3319 3478 3596 3544 quomodo
3626 3494 3688 3534 se

2103 3554 2352 3609 habent?
2385 3555 2567 3610 Solam
2593 3557 2777 3612 Patris
2807 3560 3161 3614 substantiam
3188 3578 3301 3617 esse
3334 3567 3602 3633 propriam
3634 3578 3686 3622 et

2103 3661 2402 3714 supremam
2428 3663 2447 3709 ;
2474 3648 2815 3716 improprium
2837 3664 2954 3701 vero
2973 3648 3129 3716 plane
3157 3649 3332 3711 illam,
3363 3669 3481 3719 qua:
3502 3654 3686 3708 ordine

2103 3739 2458 3808 consequitur,
2511 3748 2559 3792 et
2609 3739 2780 3792 adhuc
2824 3741 2992 3807 magis
3036 3743 3401 3810 impropriam,
3449 3746 3682 3801 tertiam.

2103 3829 2209 3886 ista
2247 3832 2392 3885 enim
2444 3831 2529 3886 liis
2580 3833 2717 3900 ipsis
2765 3833 2945 3887 verbis
2976 3834 3130 3902 quasi
3168 3835 3285 3904 lege
3320 3837 3428 3890 lata
3481 3845 3680 3896 sancit.

2100 3921 2183 3976 An
2231 3921 2360 3992 quia
2391 3933 2654 3992 sequente
2699 3922 2770 3975 ad
2805 3923 3033 3991 primam
3069 3927 3434 3980 substantiam
3486 3943 3686 3999 opera-

2103 4018 2250 4072 tione
2285 4017 2543 4088 quadam,
2603 4016 2772 4084 cujus
2795 4015 3022 4071 effectus
3073 4028 3126 4070 et
3177 4035 3316 4089 opus
3369 4021 3684 4091 unigenitus

2099 4109 2272 4166 Filius
2312 4117 2416 4174 est,
2470 4125 2744 4164 mensura:
2795 4108 3090 4165 efficientis
3132 4111 3283 4165 illum
3343 4116 3685 4182 Operationis

2100 4206 2254 4273 quasi
2283 4205 2567 4274 illigatur?
2615 4205 2699 4258 An
2731 4204 2858 4274 quia
2915 4204 3150 4273 majores
3184 4214 3234 4259 et
3273 4206 3513 4265 minores
3551 4211 3683 4265 sub-

2101 4299 2330 4352 stantias
2363 4297 2623 4365 concipit,
2676 4297 2834 4365 quasi
2881 4296 2936 4350 in
2985 4312 3044 4351 se
3074 4307 3264 4351 mutuo
3305 4299 3679 4366 includantur,

2100 4391 2354 4459 quodque
2377 4390 2582 4443 vastior
2600 4396 2654 4442 et
2673 4389 2834 4442 latior
2858 4390 3126 4445 minorem
3151 4392 3454 4454 contineat,
3488 4410 3682 4465 quem-

2100 4481 2392 4536 admodum
2439 4482 2686 4536 accidere
2736 4481 2874 4537 solet
2922 4481 2977 4535 in
3027 4482 3183 4538 cadis
3236 4494 3288 4538 et
3333 4491 3509 4549 vasis,
3559 4505 3683 4560 qua:

410 4587 910 4660 δημιουργημάτων
952 4589 1009 4640 αἱ
1041 4588 1292 4660 διαφοραὶ
1359 4588 1450 4641 καὶ
1479 4589 1575 4658 τὴν
1603 4587 1708 4640 τῶν
1733 4587 1994 4659 δημιουρ-

2102 4574 2204 4628 sibi
2225 4582 2415 4628 mutuo
2434 4573 2938 4643 imponuntur?Aut
2958 4575 3259 4629 secundum
3281 4593 3441 4646 quem
3461 4581 3680 4636 tandem

411 4681 523 4749 γῶν
553 4679 848 4749 ἑτερότητα
880 4679 1351 4747 συνεμφαίνουσιν,
1381 4678 1456 4742 ὡς
1487 4680 1767 4749 ἀμήχανον
1798 4681 1860 4732 ἐκ
1889 4680 1994 4734 τῶν

413 4772 614 4841 ὁμοίων
658 4769 946 4840 ἐνεργειῶν
988 4769 1277 4840 διαφόρους
1326 4769 1422 4832 τὰς
1465 4771 1821 4840 δημιουργίας
1869 4790 1994 4825 συν-

416 4865 662 4919 ίστασθαι
687 4881 702 4930 ;
733 4859 861 4935 ’Ἆρ’
891 4858 984 4916 οὖν
1013 4863 1129 4915 ἐστί
1151 4879 1234 4925 τις
1264 4864 1500 4932 τοσούτῳ
1527 4862 1740 4934 κώματι
1770 4866 1996 4934 κατεχό-

416 4976 574 5030 μενος
602 4956 671 5010 τὰ
699 4956 799 5025 τῆς
831 4955 1010 5026 ψυχῆς
1043 4955 1404 5026 αἰσθητήρια,
1443 4954 1583 5006 ὥστε
1613 4955 1850 5018 ἀκούσας
1888 4956 1996 5008 τῶν

411 5051 669 5106 τοιούτων
695 5049 981 5120 δογμάτων
1010 5047 1169 5111 εὐθὺς
1211 5046 1498 5099 συνθέσθαι
1542 5045 1618 5116 τῷ
1657 5046 1994 5099 διαϐεϐαιου-

415 5146 582 5216 μένῳ,
617 5145 698 5197 ὅτι
735 5143 898 5196 Οὕτω
925 5140 994 5194 δὲ
1025 5141 1249 5195 τούτων
1273 5139 1557 5209 ἐχόντων,
1601 5139 1698 5192 καὶ
1733 5138 1808 5206 τῇ
1849 5139 1997 5205 πρὸς

412 5240 655 5306 ἄλληλα
700 5235 913 5305 σχέσει
967 5233 1074 5287 τὸν
1124 5231 1331 5302 εἱρμὸν
1379 5229 1760 5298 ἀπαράϐατον
1798 5230 1998 5297 διατη-

404 5331 710 5400 ρούντων;
743 5328 855 5398 Τῆς
895 5325 1004 5397 γὰρ
1030 5324 1198 5394 αὐτῆς
1227 5319 1380 5394 οἶμαι
1413 5323 1794 5394 παραπληξίας
1833 5317 1993 5386 εἶναι,

410 5422 592 5492 λέγειν
631 5438 690 5474 τε
733 5419 803 5473 τὰ
850 5417 1093 5482 τοιαῦτα,
1133 5416 1230 5471 καὶ
1273 5415 1538 5486 λεγόντων
1584 5415 1805 5469 ἀκούειν
1842 5414 1997 5480 ἀνεξ-

412 5515 672 5580 ετάστως,
694 5515 775 5568 ὃτι
803 5511 981 5584 εἱρμῷ
1004 5528 1108 5564 τινι
1135 5509 1223 5564 διὰ
1247 5509 1346 5579 τῆς
1373 5508 1508 5580 πρὸς
1533 5507 1734 5577 ἄλληλα
1761 5507 1998 5578 σχέσεως

412 5607 692 5661 εὐθύνεται
724 5605 792 5658 τὰ
822 5604 909 5657 διὰ
938 5603 1036 5669 τῆς
1072 5599 1214 5655 κατὰ
1250 5601 1351 5671 τὴν
1415 5599 1575 5669 φύσιν
1614 5596 1997 5667 ἀνομοιότητος

413 5700 508 5755 ἀπ’
541 5693 1182 5769 ἁλλὴλων-διεσχισμένα.
1211 5694 1278 5743 Ἤ
1304 5691 1411 5762 γὰρ
1438 5691 1640 5760 ἥνωται
1672 5688 1759 5740 διὰ
1787 5690 1883 5752 τῆς
1905 5686 1998 5737 οὺ-

417 5792 537 5855 σίας
570 5791 710 5844 κατὰ
736 5790 828 5842 τὸν
855 5789 1118 5859 ἡμέτερον
1146 5784 1321 5850 λόγον,
1359 5782 1450 5834 καὶ
1482 5779 1652 5842 οὕτως
1681 5781 1738 5831 ἐν
1765 5781 1829 5847 τῇ
1862 5776 1995 5846 πρὸς

413 5880 617 5947 ἁλληλα
652 5879 829 5948 σχέσει
858 5878 946 5930 τὸν
977 5877 1165 5948 είρμὺν
1197 5872 1552 5943 ἀπαράϐατον
1587 5869 1932 5941 διατηρήσει·
1962 5866 1995 5936 ἦ

2101 4666 2345 4729 modum,
2383 4676 2640 4736 tanquam
2670 4667 2908 4735 majores
2928 4673 2982 4721 et
3009 4667 3250 4722 minores
3276 4669 3522 4725 intuetur
3551 4673 3683 4727 sub.

2098 4758 2354 4820 stantias,
2413 4772 2536 4827 quae
2575 4757 2728 4811 nullo
2779 4758 2996 4825 penitus
3030 4758 3267 4812 termino
3321 4761 3681 4816 circumscri-

2098 4850 2302 4903 buntur
2332 4864 2396 4902 ac
2425 4848 2804 4904 definiuntur?
2837 4850 2919 4903 An
2959 4849 3088 4918 quia
3124 4865 3308 4904 rerum
3355 4851 3676 4908 effectarum

2096 4941 2417 4996 dillerentia:
2465 4941 2884 5010 producenlium
2925 4955 3144 5009 quoque
3176 4941 3549 4999 diversitatem
3591 4947 3679 5000 in-

2096 5033 2305 5097 dicant,
2337 5033 2495 5103 quasi
2529 5033 2644 5086 fieri
2673 5039 2929 5101 nequeat,
2976 5041 3035 5084 ut
3073 5048 3138 5086 ex
3181 5033 3456 5088 similibus
3482 5051 3678 5106 opera-

2095 5125 2339 5179 tionibus
2371 5124 2570 5179 diversi
2596 5122 2822 5179 elIectus
2855 5124 3154 5192 prodeant?
3177 5122 3315 5177 Num
3339 5126 3499 5195 cujus
3526 5143 3681 5183 men-

2096 5225 2204 5271 tem
2236 5232 2409 5286 usque
2456 5216 2592 5270 adeo
2623 5215 2809 5286 gravis
2841 5224 3098 5270 veternus
3139 5224 3394 5286 occupat,
3446 5227 3506 5271 ut
3553 5234 3677 5273 cum

2097 5311 2226 5364 talia
2256 5311 2509 5380 dogmata
2551 5309 2724 5372 audit,
2759 5324 2790 5363 e
2816 5309 3046 5379 vesugio
3078 5312 3414 5365 assentiatur
3459 5328 3678 5368 asseve-

2097 5403 2266 5456 ranti:
2311 5400 2438 5454 [hoc
2470 5417 2587 5454 cum
2622 5401 2700 5454 ita
2730 5417 2784 5454 se
2811 5400 3057 5463 habeant,
3086 5410 3136 5455 et
3163 5411 3349 5456 mutua
3373 5405 3686 5460 habitudine

2095 5493 2460 5548 invariabilem
2497 5494 2685 5548 seriem
2719 5493 2987 5547 observent
3013 5492 3036 5545 Ρ
3058 5490 3315 5562 Ejusdem
3363 5495 3509 5549 enim
3560 5503 3680 5551 stu-

2097 5589 2248 5656 pui-is
2276 5586 2535 5644 arbitror.
2567 5591 2622 5640 et
2654 5585 2837 5639 dicere
2872 5595 2926 5640 et
2969 5585 3282 5642 dicentibus
3310 5586 3518 5656 absque
3567 5588 3677 5646 ulla

2096 5679 2443 5733 discussione.
2470 5693 2631 5730 aures
2671 5676 2934 5746 praebere,
2972 5680 3112 5733 serie
3165 5677 3400 5748 quadam
3444 5687 3497 5734 et
3533 5695 3678 5734 nexu

2097 5787 2193 5840 per
2225 5779 2468 5824 mutuam
2506 5766 2884 5823 habitudinem
2938 5768 3096 5840 dirigi
3135 5783 3244 5836 res,
3294 5786 3434 5842 quas
3468 5780 3681 5826 naturae

2098 5862 2488 5920 dissimilitudo
2516 5862 2748 5920 invicem
2779 5861 3063 5932 disjunxit.
3097 5862 3203 5918 Aut
3245 5865 3389 5920 enim
3424 5865 3680 5922 substan-
