4146 6370
493 397 598 454 379

1745 382 1804 440 S.
1841 382 2167 442 GREGORII
2196 384 2490 448 NYSSENI

3654 395 3759 452 580

495 512 583 562 tia:
608 507 918 580 conjunctae
945 517 1094 574 sunt,
1125 509 1427 567 secundum
1458 519 1704 568 nostram
1735 515 2047 588 intelligend

2175 505 2482 576 ἀφέστηκεν
2514 505 2756 576 ἀλλήλων
2795 505 2881 559 διά
2913 507 3009 577 τῆς
3053 508 3193 560 κατὰ
3225 508 3386 577 φύσιν
3419 509 3757 582 ἀλλοτριότη-

495 601 794 668 rationem;
851 609 905 654 et
959 601 1041 656 sic
1085 609 1274 657 mutua
1311 603 1636 663 habitudine
1683 607 1882 662 seriem
1925 608 2072 661 illam

494 693 869 749 invariabilem
903 696 1242 762 observant;
1286 705 1382 752 aut
1417 713 1447 752 ει
1495 715 1554 755 se
1586 707 1778 755 mutuo
1813 702 2074 768 sejunctaa

493 793 622 839 sunt
655 797 878 856 propter
921 797 1131 844 natura:
1164 790 1566 856 diversitatem,
1613 793 2071 861 quemadmodum

492 877 583 931 ille
611 877 715 932 sibi
748 880 1075 948 persuadet:
1128 889 1186 934 at
1230 897 1480 951 quasnam
1519 884 1572 938 in
1603 886 1771 938 rebus
1806 884 1942 939 adeo
1987 883 2071 937 di-

489 970 667 1024 versis
695 971 922 1040 reperiri
969 973 1169 1042 poterit
1204 974 1505 1028 secundum
1543 977 1738 1030 seriem
1791 975 1937 1028 illam
1974 975 2071 1029 ha-

491 1059 702 1124 bitudo,
729 1077 850 1130 qua:
880 1062 1253 1119 invariabilem
1303 1066 1571 1120 rationem
1607 1066 1902 1120 observet?
1935 1065 2070 1132 Quis

490 1161 753 1221 prmterea
772 1161 856 1208 est
879 1155 1080 1210 insitus
1105 1156 1196 1210 ille
1223 1171 1402 1210 rerum
1428 1157 1585 1220 ordo,
1612 1158 1854 1226 excujus
1880 1173 2068 1212 norma

489 1247 595 1299 iste
631 1245 1078 1316 disquisitionem
1123 1249 1334 1309 institui
1358 1250 1553 1318 jubet?
1580 1247 1638 1303 Si
1669 1250 1814 1304 enim
1861 1250 2066 1305 doctri-

486 1351 615 1390 nam
645 1337 891 1396 veritatis
938 1338 1171 1393 intuitus
1220 1341 1339 1395 solo
1373 1341 1568 1395 ordine
1610 1355 1824 1404 eorum,
1855 1356 1976 1412 quae
2010 1342 2065 1396 in

487 1431 837 1484 Sanctissitna
869 1429 1140 1486 Trinitate
1172 1433 1472 1494 credimus.
1520 1432 1886 1489 diﬂ‘erentiam
1925 1433 2065 1488 assi-

483 1531 726 1592 gnasset,
758 1539 867 1576 non
896 1522 1144 1579 confusis
1173 1540 1270 1579 seu
1305 1525 1583 1594 permistis
1615 1541 1711 1596 per
1748 1538 2060 1596 cognatum,

483 1630 646 1683 quem
676 1625 854 1677 vocat,
884 1614 1133 1669 ordinem
1165 1615 1576 1687 bypostasibus,
1632 1618 1785 1673 salva
1817 1632 2064 1672 commu-

482 1700 648 1754 nione
664 1701 964 1758 secundum
987 1703 1376 1768 substantiam,
1401 1714 1455 1759 et
1471 1705 1745 1762 divisione
1761 1707 2062 1762 secundum

481 1791 826 1859 hypostasiu,
856 1808 962 1846 non
997 1795 1184 1863 utique
1215 1796 1271 1848 in
1295 1796 1737 1851 adversariorum
1771 1813 2059 1853 numerum

481 1887 686 1938 relatus
717 1896 884 1948 esset,
928 1887 1130 1955 quippe
1177 1890 1366 1943 eadem
1401 1891 1684 1945 nobiscum
1723 1891 1965 1946 sentiens
2011 1902 2064 1944 et
2095 1875 2140 1929 Β

478 1974 705 2034 docens.
739 1976 809 2027 At
847 1990 976 2030 vero
1008 1986 1118 2030 tota
1145 1979 1266 2048 ejus
1295 1979 1595 2048 disputatio
1623 1979 1888 2036 aliorsum
1942 1987 2061 2034 ten-

477 2070 637 2132 dens,
676 2070 860 2131 elhcit,
895 2076 954 2121 ut
985 2069 1203 2126 diliicile
1229 2073 1300 2126 sit
1328 2073 1652 2143 intelligere,
1684 2073 1812 2142 quid
1843 2072 2059 2126 tandem

480 2180 578 2233 per
607 2175 889 2233 cognatum
919 2164 1157 2217 ordinem
1189 2162 1538 2218 intellexerit.
1568 2164 1870 2216 Plurimum
1915 2163 2058 2217 enim

477 2257 708 2311 interest
734 2257 874 2311 inter
903 2272 989 2322 ea,
1024 2272 1145 2326 qua:
1172 2271 1235 2310 ex
1265 2258 1547 2326 proposito
1569 2264 1622 2312 et
1643 2256 2058 2322 deliberatione,

474 2361 527 2400 et
559 2362 620 2402 ea
654 2363 776 2416 qme
804 2359 999 2417 sponte
1023 2355 1232 2402 naturae
1255 2362 1322 2401 ex
1352 2349 1585 2402 naturali
1613 2348 1847 2418 quadam
1875 2363 2060 2402 neces-

473 2441 656 2504 sitate,
697 2439 764 2494 ad
798 2440 956 2493 linem
1008 2439 1233 2492 abeunt.
1267 2437 1547 2508 Cognatus
1597 2447 1682 2494 est
1729 2439 1840 2508 igni
1883 2440 2054 2506 calor,

471 2529 736 2598 Splendor
765 2529 942 2591 radio,
976 2527 1117 2582 ﬂuor
1145 2544 1320 2598 aqum,
1357 2529 1524 2599 lapidi
1561 2540 1742 2583 motus
1771 2531 2052 2594 deorsum,

470 2632 530 2676 ut
571 2623 728 2692 plura
771 2623 875 2674 alia
911 2622 1075 2690 hujus
1120 2622 1338 2692 generis
1371 2624 1638 2676 omittam.
1685 2623 1740 2675 Si
1773 2626 1896 2692 quis
1929 2639 2055 2678 vero

467 2717 692 2773 domum
727 2717 1038 2776 aediﬁcavit,
1067 2726 1162 2768 aut
1203 2716 1583 2786 magistratum
1622 2717 1764 2782 iniit,
1795 2727 1888 2772 aut
1913 2733 2055 2772 mer»

466 2819 716 2864 caturam
761 2809 1060 2871 inchoavit,
1092 2816 1184 2861 aut
1216 2808 1424 2877 aliquid
1456 2823 1644 2862 eorum
1677 2825 1797 2878 qua:
1824 2826 1888 2864 et
1919 2810 2054 2865 deli-

464 2901 752 2955 beratione
783 2910 836 2955 et
867 2899 1127 2954 meditata
1163 2901 1561 2969 praeparatione
1596 2902 1799 2971 suscipi
1852 2902 2055 2966 solent,

464 3008 757 3062 aggressus
810 3001 917 3056 est,
966 3009 1073 3048 non
1121 2993 1246 3045 licet
1278 2991 1496 3061 proprie
1541 2991 1721 3046 dicere
1758 2994 1920 3048 rebus
1955 3009 2051 3062 per

462 3081 615 3135 illum
649 3084 788 3136 actis
828 3093 1119 3153 cognatum
1170 3081 1417 3136 ordinem
1451 3082 1654 3138 inesse.
1693 3081 1825 3136 Nam
1855 3100 1920 3138 ex
1956 3100 2050 3139 vo-

463 3173 673 3230 luntate
700 3174 842 3243 ejus,
869 3176 964 3244 qui
993 3190 1108 3228 rem
1139 3173 1476 3242 aggreditur,
1514 3182 1568 3228 et
1597 3189 1660 3228 ex
1700 3175 1936 3230 utilitate
1967 3177 2044 3231 rei

462 3274 732 3335 suscepta:
771 3275 825 3321 et
873 3275 1125 3336 peractae,
1156 3267 1462 3320 aestimatur
1501 3265 1638 3320 ordo
1668 3268 1736 3322 ab
1768 3270 1895 3334 illis,
1947 3269 2042 3340 qui

459 3361 730 3414 actionem
761 3361 998 3429 aliquam
1037 3361 1449 3430 aggrediuntur.
1483 3362 1552 3415 At
1575 3362 1721 3424 hinc,
1750 3373 2038 3433 postquam

459 3449 750 3504 haereticus
779 3447 974 3502 Filium
1006 3466 1034 3502 a
1069 3451 1303 3503 naturali
1335 3466 1458 3504 cum
1478 3450 1638 3507 Patre
1659 3457 2043 3510 convenientia

459 3545 732 3614 abjnnxit,
785 3544 1040 3612 idemque
1082 3543 1149 3597 de
1181 3544 1387 3612 Spiritu
1423 3554 1618 3600 sancto
1663 3547 1768 3600 sibi
1812 3564 2040 3618 persua-

457 3637 568 3698 det,
625 3645 882 3705 tanquam
968 3635 1180 3689 scilicet
1223 3642 1518 3690 extraneus
1569 3651 1799 3705 prorsus
1847 3639 1919 3693 sit
1973 3646 2043 3696 ab

457 3729 658 3782 unione
691 3742 813 3782 cum
849 3725 1010 3781 Patre
1051 3735 1103 3780 et
1148 3725 1329 3793 Filio;
1385 3743 1619 3797 cumque
1673 3729 1728 3782 in
1781 3738 1892 3783 tota
1942 3747 2041 3787 sua

457 3821 828 3890 tlismitatione
885 3821 989 3873 hoc
1036 3836 1203 3872 unum
1241 3819 1516 3886 moliatur,
1587 3828 1646 3873 ut
1701 3821 2044 3879 demonstret

453 3911 652 3966 Filium
693 3928 816 3968 esse
849 3927 986 3981 Opus
1029 3910 1234 3975 Patris,
1270 3919 1324 3965 et
1367 3926 1560 3966 rursus
1589 3909 1713 3965 Filii
1749 3927 1888 3982 opus
1914 3930 2037 3971 esse

456 4004 717 4075 Spiritum
747 4014 1036 4070 sanctum;
1085 4013 1298 4060 etcum
1358 4005 1439 4061 sic
1483 4007 1667 4059 omnia
1706 4021 1877 4077 opera
1923 4011 2034 4066 sint

2177 611 2290 658 τος.
2323 598 2504 660 καθὼς
2532 599 2736 660 ἐκεῖνος
2761 596 2931 652 οἴεται
2957 616 2970 629 ·
3001 601 3092 651 καὶ
3131 601 3213 664 τίς
3245 601 3595 673 εὑρεθήσεται
3637 603 3755 657 καθ’

2177 689 2367 760 εἱρμὸν
2411 691 2591 759 σχέσις
2630 691 2687 742 ἐν
2727 693 2839 753 τοῖς
2883 690 3175 761 ἀλλοτρίως
3215 693 3458 764 ἔχουσιν,
3493 698 3526 766 ή
3563 713 3755 768 συντη-

2179 783 2346 853 ροῦσα
2402 783 2464 836 τὸ
2496 784 2884 854 ἁπαράδατονς
2926 787 3021 849 Τίς
3048 787 3103 839 δὲ
3131 789 3162 857 ή
3195 788 3446 860 συμφυὴς
3476 789 3582 842 τῶν
3609 805 3751 860 πρα-

2177 875 2402 945 γμάτων
2430 874 2604 941 τάξις,
2626 875 2744 929 καθ’
2767 877 2834 945 ἢν
2863 876 3132 939 ποιεῖσθαι
3158 877 3434 946 νομοθετεῖ
3451 879 3548 947 τὴν
3574 879 3753 944 ἐξέτα-

2179 984 2296 1033 σιν;
2324 969 2385 1021 Et
2415 969 2513 1039 μὲν
2541 968 2649 1040 γάρ
2670 971 2750 1032 είς
2773 968 2833 1021 τὸ
2860 969 3035 1040 δόγμα
3062 971 3160 1040 τῆς
3181 969 3436 1040 ἀληθείας
3462 970 3626 1042 ἐώρα,
3659 975 3750 1026 καὶ

2179 1063 2316 1135 μόνῃ
2352 1065 2416 1133 τῇ
2462 1062 2611 1126 τάξει
2655 1062 2795 1119 κατὰ
2840 1063 2899 1116 τὸ
2933 1063 3222 1117 ἀκόλουθον
3261 1065 3370 1117 τῶν
3413 1065 3469 1118 ἐν
3509 1068 3572 1136 τῇ
3621 1067 3750 1138 ἁγία

2175 1155 2364 1223 Τριάδι
2391 1156 2834 1226 πεπιστευμένων
2862 1157 3202 1227 πραγμάτων
3229 1156 3327 1226 τὴν
3355 1157 3615 1228 διαφορὰν
3647 1159 3751 1212 ἐλο-

2173 1245 2373 1316 γίζετο,
2436 1247 2534 1316 τῆς
2590 1246 2868 1317 συμφυοῦς
2920 1247 3153 1314 ταύτης,
3207 1247 3282 1310 ὥς
3340 1265 3494 1318 φησι,
3545 1248 3750 1314 τάξεως

2174 1339 2476 1409 ἀσὺγχυτον
2507 1341 2840 1411 ποιουμένης
2883 1339 2980 1411 τὴν
3019 1340 3127 1394 τῶν
3165 1340 3514 1395 ὑποστάσεων
3550 1342 3750 1412 κρίσιν,

2173 1429 2313 1483 ὥστε
2349 1432 2440 1483 καὶ
2474 1434 2748 1484 κοινωνεῖν
2787 1432 2926 1486 κατὰ
2965 1431 3061 1500 τὴν
3091 1431 3298 1492 οὑσίαν,
3333 1432 3425 1484 καὶ
3463 1431 3750 1502 διῃρῆσθαι

2174 1523 2313 1576 κατὰ
2337 1522 2428 1576 τὸν
2452 1524 2550 1594 τῆς
2580 1524 2927 1586 ὑποστάσεως
2960 1523 3116 1591 λόγον
3142 1523 3368 1584 οἴεσθαι,
3398 1523 3496 1575 οὑκ
3522 1524 3587 1576 ἂν
3617 1525 3751 1576 πάν-

2170 1631 2277 1676 τως
2306 1615 2363 1665 ἐν
2395 1616 2508 1677 τοῖς
2542 1613 2880 1677 ὑπεναντίοις
2923 1614 3180 1666 ἐτέτακτο
3199 1655 3213 1678 ,
3245 1610 3414 1675 ταῦτα
3444 1613 3637 1682 λέγων,
3675 1608 3749 1670 ὧν

2169 1704 2236 1760 ἂν
2271 1708 2430 1776 ἡμεῖς
2466 1706 2858 1776 προῖστάμεθα.
2888 1707 3025 1758 Νυνὶ
3060 1705 3117 1758 δέ
3163 1705 3304 1769 ἄπας
3335 1711 3364 1760 ὁ
3395 1707 3550 1775 λόγος
3577 1707 3746 1778 αὑτῷ,

2173 1799 2306 1868 πρὸς
2337 1799 2400 1851 τὸ
2427 1799 2668 1852 ἐναντίον
2693 1799 2924 1869 βλέπων,
2949 1800 3151 1871 ἄπορον
3179 1795 3318 1852 εἶναι
3343 1801 3748 1870 παρασκευάζει

2167 1894 2264 1962 τῆς
2300 1891 2532 1945 ἐνταῦθα
2563 1891 2880 1958 νόηθεὶσης
2916 1891 3066 1963 αὐτῷ
3099 1892 3318 1958 τάξεως
3345 1894 3444 1964 τὴν
3483 1896 3750 1965 κατανόη.

2169 1999 2272 2036 σιν.
2322 1983 2578 2036 Πλεῖστον
2623 1983 2731 2055 γὰρ
2761 1983 2934 2052 δήπου
2983 1981 3253 2052 διενήνοχε
3295 1983 3404 2038 τῶν
3450 2002 3509 2038 τε
3561 1985 3652 2039 καὶ
3685 1988 3747 2039 ἐκ

2167 2074 2625 2145 προϐουλεύσεως,
2655 2076 2749 2128 καὶ¹
2774 2075 2883 2127 τῶν
2909 2075 3050 2128 κατὰ
3082 2076 3139 2128 τὸ
3165 2076 3469 2146 αὐτόματον
3496 2081 3558 2130 ἐκ
3589 2095 3747 2146 φυσιο

2165 2166 2267 2236 κῆς
2295 2184 2437 2230 τινος
2465 2167 2710 2238 ἀνάγκης
2738 2169 3140 2222 ἀποϐαινόντων
3166 2168 3226 2221 τὸ
3264 2169 3456 2239 πέρας.
3484 2171 3747 2241 Συμφυής

2163 2257 2278 2309 ἐστι
2299 2257 2377 2328 τῷ
2397 2257 2531 2326 πυρὶ
2560 2259 2592 2328 ἡ
2616 2257 2906 2328 θερμότης,
2937 2259 3030 2311 καὶ
3060 2261 3093 2327 ἡ
3127 2257 3423 2327 λαμπηδὼν
3448 2261 3512 2329 τῇ
3541 2261 3741 2317 ἀκτῖνι·

2160 2348 2256 2402 καὶ
2293 2349 2354 2400 τὸ
2382 2349 2525 2419 ῥέειν
2553 2348 2631 2419 τῷ
2662 2347 2848 2402 ὑδατι·
2885 2349 2979 2403 καὶ⁵
3023 2349 3099 2419 τῷ
3130 2349 3261 2420 λίθῳ
3301 2352 3333 2420 ή
3366 2351 3458 2402 ἐπὶ
3501 2349 3560 2402 τὸ
3595 2351 3744 2405 κάτω

2161 2440 2322 2509 φορὰ,
2367 2441 2459 2494 καὶ
2500 2440 2670 2494 πολλὰ
2713 2440 2937 2495 τοιαῦτα
2971 2441 3116 2494 ἐστιν
3147 2443 3340 2496 εἰπεῖν.
3380 2441 3442 2493 Εἰ
3469 2441 3524 2494 δέ
3557 2457 3641 2504 τις
3668 2443 3744 2493 οί-

2159 2531 2282 2583 κίαν
2337 2533 2662 2602 ἐδομήσατο,
2717 2532 2750 2601 ἢ
2815 2531 3078 2603 μετῆλθεν
3124 2531 3320 2602 ἀρχὴν,
3379 2532 3412 2601 ἢ
3469 2531 3740 2601 ἐμπορίαν

2158 2624 2458 2686 ἐστείλατο,
2483 2625 2518 2696 ἢ
2538 2624 2666 2678 ἄλλο
2683 2643 2734 2677 τι
2755 2627 2863 2676 τῶν
2887 2625 2951 2677 ἐκ
2973 2623 3416 2694 προϐουλεύσεως
3458 2624 3550 2676 καὶ
3571 2640 3739 2693 παραο

2159 2718 2360 2788 σκευῆς
2390 2717 2838 2788 κατορθουμένων
2867 2717 3301 2788 μετεχειρίσατο,
3337 2716 3436 2769 οὑκ
3467 2715 3612 2767 ἐστιν
3644 2714 3738 2766 ἐπὶ

2153 2809 2344 2863 τούτου
2391 2810 2595 2880 κυρίως
2625 2809 2824 2876 λέγειν,
2873 2809 2954 2861 ὅτι
3016 2809 3269 2878 συμφυής
3319 2825 3402 2870 τις
3450 2809 3559 2870 τοῖς
3604 2807 3736 2876 παρ’

2155 2897 2319 2954 αὑτοῦ
2351 2898 2757 2969 πεπραγμένοις
2781 2899 2968 2950 ἔπεστι
2999 2896 3170 2962 τάξις.
3200 2896 3357 2951 Κατὰ
3383 2896 3490 2967 γὰρ
3523 2897 3584 2948 τὸ
3616 2895 3738 2965 βοὺ-

2153 2993 2301 3063 λημα
2327 2992 2420 3046 τοῦ
2451 2991 2904 3062 προαιρουμένου,
2943 2992 3036 3043 καὶ
3070 2990 3210 3043 κατὰ
3247 2989 3308 3043 τὸ
3333 2991 3602 3060 χρήσιμον
3638 2987 3734 3041 τοῦ

2151 3085 2564 3157 ἐπιτελουμένου
2597 3085 2918 3154 πράγματος
2947 3085 2980 3154 ή
3006 3081 3160 3148 τάξις
3188 3081 3338 3150 παρὰ
3364 3081 3472 3134 τῶν
3499 3080 3567 3134 τὰ
3598 3079 3734 3133 καθ-

2152 3183 2376 3231 έκαστον
2434 3177 2798 3248 ἐνεργούντων
2865 3176 3149 3243 ἐπάγεται.
3226 3171 3488 3227 Ἐνταῦθα
3555 3171 3736 3228 τοίνυν

2151 3272 2339 3341 ἐπειδὴ
2371 3269 2653 3341 άποσχίξει
2675 3269 2774 3339 τῆς
2795 3268 3027 3337 φυσικῆς
3051 3267 3378 3335 οἰκειότητος
3400 3264 3493 3318 τοῦ
3521 3263 3734 3335 Πατρὺς

2148 3364 2239 3416 τὸν
2271 3363 2397 3416 Υίὸν
2426 3363 2454 3413 ὁ
2483 3363 2581 3432 τῆς
2608 3361 2868 3433 αἱρέσεως
2900 3361 3057 3429 λόγος
3079 3375 3092 3387 ·
3121 3359 3190 3413 τά
3225 3359 3362 3411 αὑτὰ
3389 3357 3446 3410 δὲ
3473 3357 3567 3410 καὶ
3603 3356 3734 3427 περὶ

2147 3455 2240 3508 τοῦ
2274 3455 2587 3525 Πνεὺματος
2614 3453 2806 3513 οἴεται,
2837 3452 2910 3515 ὼς
2939 3449 3350 3520 ἀπεξενωμένου
3386 3449 3482 3518 τῆς
3507 3465 3564 3500 τε
3595 3447 3731 3518 πρὸς

2145 3547 2236 3598 τὸν
2264 3545 2390 3598 Υίδν
2413 3544 2508 3598 καὶ
2533 3543 2623 3596 τὸν
2667 3543 2886 3614 Πατέρα
2917 3539 3160 3602 ένὼσεως
3181 3554 3195 3568 ·
3229 3541 3286 3590 ἐν
3316 3537 3476 3590 παντὶ
3502 3535 3558 3588 δὲ
3590 3534 3730 3602 λόγῳ

2145 3637 2612 3701 κατασκευάζεται
2641 3636 2720 3695 τὸ,
2753 3635 2913 3704 ἔργον
2942 3629 3080 3684 εἶναι
3102 3629 3194 3682 τοῦ
3225 3629 3436 3700 Πατρὸς
3464 3628 3554 3679 τὸν
3577 3627 3724 3679 Υἱόν·

2145 3733 2304 3802 ἔργον
2345 3731 2399 3783 δὲ
2432 3729 2594 3782 πάλιν
2632 3729 2725 3781 τοῦ
2771 3725 2901 3780 Υἱοῦ
2939 3725 2997 3778 τὸ
3045 3723 3300 3792 Πνεῦμα·
3347 3722 3521 3774 πάντα
3570 3718 3626 3770 δέ
3659 3719 3729 3771 τὰ

2144 3824 2281 3894 ἔργα
2314 3819 2682 3892 προαιρέσεως
2704 3859 2719 3882 ,
2762 3819 2821 3870 οὑ
2857 3816 3071 3886 φύσεως
3113 3812 3562 3881 ἀποτελέσματα·
3608 3809 3726 3872 πῶς

2144 3912 2298 3979 οὗτος
2335 3914 2397 3967 τὸ
2435 3911 2525 3966 τοῦ
2574 3911 2876 3982 θελήματος
2921 3909 3080 3980 ἔργον
3120 3905 3342 3977 συμφυῆ
3396 3921 3516 3966 τινα
3572 3900 3724 3965 τάξιν

2143 4007 2480 4083 πραγμάτων
2527 4001 2664 4057 εἶναι
2701 4001 2944 4073 ὁρίζεται
2963 4018 2978 4067 ;
3271 3988 3275 3994 ’

451 4100 737 4153 electionis
783 4114 877 4153 seu
910 4098 1196 4167 propositi,
1247 4111 1361 4152 non
1392 4106 1587 4152 natura
1616 4097 1829 4162 eil'ecta,
1857 4105 2136 4172 quomodo
2191 4107 2294 4159 iste
2327 4097 2625 4156 voluntatis
2664 4111 2803 4165 opus
2841 4102 3132 4165 cognatum
3187 4090 3479 4162 quemdam
3538 4105 3718 4151 rerum

451 4192 701 4246 ordinem
736 4205 859 4244 esse
889 4189 1119 4242 statuit?

522 4283 631 4338 Nec
662 4283 776 4337 scio
807 4281 936 4350 quid
977 4281 1080 4334 sibi
1114 4281 1360 4335 oratione
1401 4296 1500 4336 sua
1539 4281 1686 4337 velit.
1745 4283 1826 4337 An
1865 4284 2030 4338 Deum

450 4378 833 4432 universorum
881 4371 1125 4426 eamdem
1173 4383 1424 4426 naturam
1458 4373 1509 4426 in
1564 4371 1702 4428 Filio
1733 4383 1787 4429 et
1825 4376 2031 4446 Spiritu

449 4473 642 4524 sancto
665 4463 1011 4534 produxisse,
1046 4471 1100 4518 et
1125 4461 1396 4531 ejusmodi
1423 4479 1712 4519 excessum
1738 4465 1790 4518 in
1820 4467 2033 4521 naturis

447 4560 720 4620 eﬂecisse,
754 4565 814 4610 ut
840 4556 1009 4610 altera
1039 4555 1198 4609 alteri
1223 4555 1623 4622 subjiceretur?
1658 4558 1702 4610 si
1728 4558 1829 4612 hac
1852 4567 2033 4614 mente

2204 4285 2318 4337 Οὑκ
2347 4278 2461 4334 οἶδα
2487 4277 2538 4333 τι
2566 4277 2702 4331 νοῶν
2725 4278 2782 4328 ἐν
2813 4274 2889 4345 τῷ
2926 4273 3190 4342 λόγῳὼς
3220 4275 3421 4344 ταύτην
3455 4276 3546 4327 τοῦ
3581 4277 3714 4330 Θεοῦ

2132 4374 2239 4427 τῶν
2272 4372 2406 4425 ὅλων
2436 4369 2533 4439 τὴν
2573 4366 2732 4435 φύσιν
2760 4366 2852 4418 ἐπὶ
2887 4363 2980 4416 τοῦ
3010 4360 3159 4424 Υίοῦ,
3210 4361 3303 4412 καὶ
3332 4362 3426 4414 τοῦ
3466 4361 3714 4433 Πνεῦμα..

2130 4479 2219 4524 τος
2245 4459 2338 4513 τοῦ
2372 4457 2527 4526 ἁγίου
2556 4454 3090 4526 δημιουργήσαντος,
3124 4451 3216 4502 καὶ
3245 4449 3304 4503 τὸ
3337 4452 3720 4522 ὑπερόεῢηκὺς,

2130 4552 2239 4605 τῶν
2267 4550 2464 4604 οὑσιῶν
2490 4547 2730 4600 τοιοῦτον
2768 4541 2907 4596 εἶναι
2940 4544 3294 4612 ποιήσαντος,
3326 4542 3465 4595 ὥστε
3495 4545 3712 4614 ὑποχει-

446 4663 550 4718 est,
584 4665 686 4706 cur
709 4649 855 4719 quod
891 4649 1151 4708 asseruit,
1183 4646 1389 4702 diserte
1428 4663 1539 4702 non
1575 4648 1890 4716 explicavit,
1921 4665 2028 4719 qua

2150 4645 2265 4707 οίως
2305 4643 2446 4712 ἒχειν
2475 4639 2552 4709 τῷ
2578 4638 2748 4708 ἑτέρῳ
2777 4637 2839 4689 τὸ
2880 4637 3102 4704 ἓτερον;
3159 4636 3248 4692 καὶ
3279 4637 3327 4689 εἰ
3375 4635 3544 4688 ταῦτα
3577 4640 3706 4701 νοεῖ,

447 4744 658 4800 scilicet
691 4742 905 4795 ratione
951 4740 1064 4793 haec
1100 4741 1155 4792 in
1192 4737 1304 4793 Deo
1351 4737 1705 4794 considerare
1745 4737 2021 4808 oporteat?

447 4827 736 4899 Anquiain
758 4828 1175 4898 irnperl‘ectione
1195 4844 1290 4882 seu
1319 4828 1706 4883 imminutione
1733 4829 2026 4884 eil'ectuum

445 4923 620 4990 major
653 4923 893 4990 potentia
937 4920 1027 4975 Dei
1081 4920 1396 4975 elucescat?
1437 4919 1501 4973 Et
1550 4921 1804 4990 quisnam
1839 4937 2028 4976 assen-

443 5016 607 5064 tietur
642 5011 768 5064 huic
819 5009 1016 5064 eﬂ‘ato:
1073 5009 1322 5080 Magnam
1355 5025 1578 5065 causam
1614 5019 1671 5065 et
1724 5013 2025 5080 potentiam

443 5103 496 5155 iu
543 5101 833 5155 elIectuum
893 5101 1311 5170 imperfectione
1362 5104 1862 5172 apparerezquasi
1914 5121 2024 5158 non

441 5193 682 5263 potuerit
707 5193 761 5246 in
787 5193 1046 5247 omnibus
1067 5207 1096 5246 a
1123 5209 1182 5248 se
1209 5193 1495 5263 productis
1519 5195 1585 5249 ad
1632 5192 2024 5263 perfectionem

439 5285 785 5356 pertingere?
817 5285 880 5338 Et
907 5285 1182 5354 quomodo
1206 5286 1537 5356 sull‘ragatur
1567 5287 1832 5341 Eunomio
1864 5289 2018 5353 illud,

439 5379 755 5446 Supremum
787 5391 836 5432 et
868 5380 1097 5432 maxime
1135 5382 1428 5448 proprium,
1472 5381 1518 5435 si
1556 5381 1738 5434 minor
1781 5388 1867 5435 est
1900 5381 2021 5447 ejus

437 5469 700 5537 potentia,
751 5483 915 5538 quam
956 5469 1124 5523 velit?
1161 5469 1242 5522 Au
1280 5471 1426 5524 dicet
1461 5470 1890 5540 imperfectionis
1931 5487 2022 5525 ra~

435 5561 637 5614 tiouem
671 5561 724 5615 in
755 5577 819 5617 ea
847 5561 1208 5631 productione
1240 5562 1452 5626 abesse,
1488 5577 1557 5617 ne
1585 5563 1810 5616 omnino
1837 5562 2012 5616 honor

431 5661 488 5706 et
518 5653 690 5720 gloria
720 5653 857 5722 ejus,
890 5655 984 5724 qui
1018 5660 1238 5724 propter
1260 5654 1642 5708 excellentiam
1677 5670 1840 5723 supra
1876 5654 2012 5710 alios

431 5745 654 5808 colitur,
681 5756 1009 5802 extenuetur
1033 5756 1087 5802 et
1121 5747 1442 5802 deteratur?
1486 5745 1554 5800 Et
1585 5747 1708 5816 quis
1741 5747 1877 5800 adeo
1907 5749 2012 5799 mi-

429 5837 685 5897 serabilis
737 5847 841 5904 est,
896 5840 991 5910 qui
1025 5856 1203 5910 neque
1235 5840 1477 5895 divinam
1530 5847 1584 5895 et
1613 5840 1827 5896 beatam
1865 5837 2010 5892 illam

2132 4737 2218 4791 διὰ
2265 4733 2310 4788 τί
2353 4733 2411 4786 τὸ
2445 4730 2730 4802 εἰρημένον
2761 4729 2820 4781 οὑ
2851 4728 3167 4797 διεσάφησε,
3208 4727 3350 4780 κατὰ
3393 4727 3515 4780 τίνα
3555 4727 3708 4796 λόγον

2128 4824 2526 4897 προεπινοεῖται
2560 4820 2729 4874 ταῦτα
2762 4819 2890 4890 περὶ
2920 4818 3054 4871 Θεοῦ
3087 4817 3402 4886 γινώσκειν;
3438 4819 3525 4883 Ὠς
3552 4821 3607 4873 ἐν
3637 4821 3704 4890 τῇ

2128 4915 2425 4989 βραχύτητι
2473 4913 2581 4966 τῶν
2630 4913 2827 4983 ἔργων,
2890 4911 3131 4981 μείζονος
3185 4911 3706 4981 ἐπιδειχθήσομένης

2125 5008 2289 5063 αὑτοῦ
2306 5010 2402 5078 τῆς
2433 5007 2753 5076 δυνάμεως;
2785 5004 2895 5058 Καὶ
2927 5004 3008 5067 τίς
3043 5003 3200 5055 τοῦτο
3249 5003 3566 5073 συνθήσεται
3590 5046 3604 5069 ,
3642 5005 3704 5057 τὸ

2127 5103 2370 5173 μεγάλην
2399 5102 2598 5163 αἰτίαν,
2627 5098 2722 5152 καὶ
2749 5098 2978 5167 δύναμιν
3021 5099 3085 5167 τῇ
3111 5097 3220 5149 τῶν
3247 5097 3701 5167 ἀποτελεσμάτων

2121 5193 2504 5265 ἐνθεωρείσθαι
2571 5189 2889 5262 βραχύτητι,
2936 5188 3048 5241 ἀλλ’
3090 5188 3165 5250 ὼς
3203 5188 3261 5240 οὑ
3294 5187 3591 5258 δυναμένου
3639 5187 3716 5240 τὸ.

2119 5286 2321 5337 τέλειον
2349 5284 2406 5337 ἐν
2435 5284 2566 5336 πᾶσι
2589 5281 2696 5333 τῶν
2713 5280 2771 5345 ἐξ
2792 5279 2954 5333 αὑτοῦ
2985 5280 3418 5350 συνυποστῆσαι;
3451 5280 3559 5334 Καὶ
3582 5280 3700 5344 πῶς

2118 5376 2268 5446 αὑτῷ
2321 5376 2701 5446 συμμαρτυρεί
2739 5373 2800 5426 τὸ
2837 5372 3144 5427 ἀνώτατώ·
3178 5389 3241 5424 τε
3276 5373 3372 5426 καὶ
3416 5371 3697 5440 κυριώτα-

2117 5485 2257 5529 τον,
2288 5467 2444 5537 εἴπερ
2475 5465 2730 5518 ἐλάττονα
2769 5463 2868 5532 τῆς
2900 5463 3270 5534 προαιρέσεως
3310 5459 3564 5526 ἐπιδείξει
3598 5463 3698 5531 τὴν

2113 5557 2372 5628 δύναμιν;
2411 5557 2481 5610 Ἣ
2509 5555 2628 5608 οὑδέ
2659 5553 3036 5625 προτεθεῖσθαι
3066 5553 3213 5622 λέγει
3242 5554 3330 5606 τὸν
3364 5553 3458 5605 τοῦ
3489 5553 3708 5610 τελείου.

2113 5650 2271 5718 λόγον
2327 5647 2405 5719 τῷ
2468 5647 2527 5712 ἐξ
2563 5647 2726 5700 αὑτοῦ
2771 5645 3120 5714 ἐγγενέσθαι,
3153 5645 3240 5698 ἵνα
3290 5645 3364 5717 μὴ
3398 5647 3612 5708 πάντως
3659 5647 3691 5716 ή

2116 5742 2249 5812 τιμὴ
2284 5742 2377 5794 καὶ
2402 5740 2576 5810 ἡδόξα
2597 5739 2688 5792 τοῦ
2713 5739 2802 5792 διὰ
2829 5739 2889 5792 τὸ
2903 5739 3168 5810 ὑπερέχον
3194 5739 3505 5808 τιμωμένου
3531 5755 3693 5791 κανα-

2121 5833 2480 5907 σμικρὺνηται
2501 5851 2515 5899 ;
2543 5834 2649 5886 Καί
2690 5832 2773 5895 τίς
2802 5831 2971 5896 οὑτως
3007 5830 3187 5894 ἄθλιος
3245 5829 3385 5886 ὥστε
3418 5831 3550 5903 μηδέ
3591 5831 3690 5899 τὴν
