4146 6370
369 470 468 530 33'

1518 461 1799 521 CONTRA
1827 458 2220 522 EUNOMlUM,
2259 456 2402 511 LIB.
2443 457 2486 512 Ι.

3522 451 3633 506 ὔὸὶ

374 583 526 650 θείαν
572 597 632 633 τε
674 578 768 634 καὶ
815 575 1088 649 μακαρίαν
1127 575 1290 643 φύσιν
1326 575 1654 647 καθαρεύειν
1703 577 1810 631 ἀπὸ
1854 574 1949 628 τοῦ

2083 581 2305 626 laturam
2338 571 2406 624 ab
2436 569 2654 624 invidia:
2681 567 2880 624 affectu
2908 569 3206 622 immunem
3227 580 3349 622 esse
3371 563 3634 621 allii-meti

375 671 517 723 κατὰ
537 668 627 721 τὸν
654 667 846 736 φθόνον
879 665 1082 727 πάθους
1123 662 1568 730 ὑπολογίζεσθαι;
1595 664 1729 727 Ποία
1753 660 1845 716 οὖν
1873 663 1959 715 εὐ-

377 758 592 831 πρεπὴς
621 757 768 810 αίτία
811 756 906 808 τοῦ
944 755 1117 809 ταῦτα
1157 754 1300 807 οὕτω
1341 754 1491 823 παρὰ
1532 755 1625 806 τοῦ
1670 754 1804 806 Θεοῦ
1847 753 1958 806 τῶν

379 855 514 906 ὅλων
552 852 644 906 ἐπὶ
675 850 771 903 τοῦ
803 848 1142 916 Μονογενοῦς
1183 850 1275 902 καὶ
1302 847 1396 901 τοῦ
1433 847 1746 917 Πνεὺματος
1789 847 1959 900 διατε-

376 941 605 1011 τάχθαι;
651 940 790 993 Ἀλλ’
819 942 930 994 οὐκ
953 937 1392 1008 ἐκεῖθεν,φησίν.
1417 939 1589 990 Πόθεν
1608 935 1699 991 οὗν
1719 939 1956 1002 ἄλλοθεν,

379 1034 425 1083 εί
459 1031 692 1100 μὴκατὰ
723 1029 817 1098 τὴν
845 1028 1004 1097 φύσιν
1025 1027 1236 1089 οἰκείως
1267 1026 1500 1096 ἔχουσιν,
1527 1029 1558 1097 ή
1588 1029 1836 1098 συμφυὴς
1863 1029 1959 1080 αὐ-

377 1125 489 1186 τοῖς
509 1120 658 1185 τάξις
676 1121 1020 1190 ἐνθεωρεῖται
1037 1117 1212 1183 ;Ἀλλ’
1237 1119 1365 1180 ἴσως
1377 1118 1437 1171 τὸ
1457 1119 1743 1188 ὑφειμένον
1763 1119 1859 1190 τῆς
1872 1120 1961 1170 06-

385 1214 504 1276 σίας
535 1214 628 1264 ἐπὶ
659 1211 751 1265 τοῦ
785 1211 914 1264 Υίοῦ
969 1212 1063 1264 καὶ
1096 1209 1187 1262 τοῦ
1219 1209 1556 1280 Πνεύματος,
1581 1210 1646 1262 τὸ
1684 1208 1961 1278 συμφυὲς

380 1303 638 1373 ὀνομάζει
669 1300 778 1369 τῆς
809 1301 1049 1366 τάξεως.
1108 1300 1245 1353 Ἀλλ’
1289 1299 1400 1368 ἐγὼ
1432 1301 1526 1351 καὶ
1561 1298 1723 1352 αὑτοῦ
1770 1298 1960 1351 τούτου

382 1397 570 1466 δέομαι
603 1394 700 1465 τὴν
731 1393 908 1447 αἰτίαν
945 1391 1156 1463 μαθεῖν.
1184 1392 1251 1444 δι’
1278 1391 1342 1462 ἢν
1369 1393 1396 1444 6
1421 1390 1548 1452 Υἱὸς
1581 1390 1722 1442 κατὰ
1747 1389 1842 1460 τὴν
1873 1391 1962 1442 οὐ·

385 1489 504 1540 σίαν
547 1487 882 1556 ἠλάττωται,
927 1487 1025 1552 τῆς
1071 1485 1258 1546 οὐσίας
1293 1486 1384 1538 καὶ
1416 1484 1690 1555 ἐνεργείας
1737 1485 1793 1534 ἐν
1851 1485 1963 1546 τοῖς

387 1574 522 1638 ἴσοις
573 1576 668 1628 καὶ
701 1577 810 1636 τοῖς
857 1574 1040 1636 αὐτοῖς
1073 1573 1412 1644 γνωρίσμασί
1448 1591 1506 1627 τε
1552 1575 1646 1627 καὶ
1681 1571 1963 1642 ίδιώμασιν

386 1667 806 1738 εὑρισκομένων.
854 1667 916 1720 Εἰ
959 1667 1015 1719 δὲ
1056 1667 1156 1718 οὐκ
1193 1665 1352 1730 αὐτὸς
1384 1667 1482 1736 τῆς
1527 1683 1584 1719 τε
1619 1665 1806 1728 οὐσίας
1870 1667 1965 1718 καὶ

386 1764 485 1830 τῆς
515 1759 794 1830 ἐνεργείας
826 1761 854 1812 ὁ
883 1758 1067 1826 λόγος,
1113 1758 1250 1811 ἀλλά
1290 1759 1541 1828 διάφορον
1574 1757 1656 1825 ἐφ’
1703 1756 1963 1828 ἐκατέρου

386 1852 448 1905 τὸ
479 1850 893 1922 σημαινόμενον,
928 1851 1044 1913 πῶς
1073 1850 1159 1903 διὰ
1194 1850 1301 1905 τῶν
1333 1850 1498 1914 ξένων
1550 1851 1642 1902 καὶ
1673 1849 1966 1919 ἀλλοτρίων

2058 663 2189 729 Quae
2218 669 2302 716 est
2339 661 2506 732 igitur
2532 659 2842 716 condecens
2884 659 3047 720 ratio,
3099 673 3200 712 cur
3231 657 3346 713 haec
3381 658 3527 712 hunc
3577 660 3634 712 in

2057 753 2279 808 modum
2330 768 2360 806 a
2409 753 2520 806 Deo
2573 751 2956 805 universorum
3023 752 3076 804 in
3124 748 3263 803 Filio
3315 759 3370 805 et
3425 747 3636 819 Spiritu

2059 859 2254 904 sancto
2275 848 2527 902 ordinata
2551 858 2603 902 et
2632 845 2898 916 disposita
2925 845 3079 900 sint?
3111 841 3236 898 Non
3264 842 3402 906 inde,
3437 843 3635 912 inquit.

2061 939 2216 994 Unde
2246 955 2400 1009 ergo,
2433 954 2479 993 st
2513 947 2783 1007 cognatus
2813 937 2947 989 ordo
2980 936 3115 1005 ipsis
3145 950 3254 989 non
3291 935 3455 997 inest,
3489 934 3639 1004 quod

2061 1034 2116 1087 in
2153 1041 2350 1087 natura
2382 1029 2746 1086 conveniant?
2792 1029 2859 1082 At
2907 1028 3158 1083 fortassis
3204 1027 3280 1089 id,
3323 1026 3468 1097 quod
3503 1026 3642 1080 inle-

2061 1128 2178 1182 rius
2226 1142 2324 1181 seu
2375 1126 2560 1179 minus
2607 1133 2690 1178 est
2723 1122 2777 1175 in
2845 1122 3080 1176 essentia
3128 1119 3250 1173 Filii
3306 1127 3359 1174 et
3406 1119 3643 1189 Spiritus

2062 1218 2262 1283 sancti,
2317 1225 2594 1288 cognatum
2635 1215 2871 1267 ordinem
2911 1214 3166 1282 appellat.
3205 1210 3310 1266 Sed
3345 1227 3446 1280 ego
3480 1209 3647 1279 hujus

2065 1311 2241 1381 ipsius
2280 1323 2502 1362 causam
2548 1321 2882 1376 cognoscere
2927 1319 3084 1370 aveo,
3139 1320 3232 1374 per
3281 1319 3442 1372 quam
3475 1301 3645 1357 Filius

2064 1403 2119 1455 in
2152 1399 2395 1455 essentia
2430 1415 2528 1454 sua
2579 1398 2758 1452 minor
2785 1397 3012 1452 elIectus
3040 1404 3157 1450 est:
3199 1394 3646 1464 quandoquidem

2063 1493 2302 1547 essentia
2337 1506 2432 1544 seu
2487 1488 2796 1543 substantia
2824 1498 2876 1542 et
2903 1487 3153 1558 operatio
3195 1500 3355 1555 pares
3393 1482 3645 1538 easdem-

2064 1600 2172 1654 que
2205 1584 2269 1638 ad
2300 1582 2634 1650 agnitionem
2671 1589 2829 1636 notas
2885 1589 2939 1634 et
2970 1579 3333 1648 proprietates
3365 1574 3646 1629 exhibent.

2068 1677 2126 1731 Si
2159 1691 2291 1732 vero
2319 1690 2429 1729 non
2471 1683 2556 1729 est
2583 1674 2774 1729 eadem
2813 1676 3066 1727 essentne
3105 1677 3158 1723 et
3190 1667 3529 1737 operationis
3561 1680 3652 1718 τε-

2068 1770 2165 1831 ιὶο,
2211 1767 2306 1822 sed
2360 1767 2579 1821 diversa
2617 1767 2910 1834 utriusque
2963 1761 3313 1834 signiﬁcatio,
3377 1759 3653 1830 quomodo

2070 1877 2166 1929 per
2220 1860 2509 1928 peregrina
2540 1866 2595 1912 et
2647 1867 2929 1919 extranea,
2977 1872 3040 1910 ea
3084 1871 3204 1924 qua:
3256 1855 3308 1908 in
3350 1853 3657 1922 quaestione

389 1941 446 1993 αἱ
471 1939 768 2004 ἀποδείξεις
794 1942 905 2002 τοῖς
929 1937 1280 2010 ζητουμένοις
1305 1939 1634 2006 ἐπάγονταις
1666 1939 1875 2008 Ὥσπερ
1899 1938 1964 1992 ἂν

2083 1963 2382 2014 versantur,
2421 1947 2800 2004 demonstrat?
2849 1947 3082 2002 Perinde
3130 1946 3281 2007 facit,
3323 1960 3386 1999 ac
3422 1943 3489 2006 si,
3525 1957 3653 1998 cum

315 2050 317 2052 ·
391 2033 442 2086 εἴ
468 2050 569 2094 τις,
602 2031 1231 2103 πολυπραγμονουμένης
1258 2032 1356 2100 τῆς
1383 2032 1729 2102 ἀνθρωπίνης
1757 2032 1962 2093 οὐσίας,

393 2124 484 2176 καὶ
526 2123 858 2192 ζητουμένου
908 2124 956 2175 εί
999 2123 1317 2190 γελαστικὸν
1351 2122 1488 2186 ζῶον
1521 2124 1549 2175 6
1594 2122 1896 2194 ἄνθρωπος,
1932 2121 1965 2191 ἢ

392 2219 782 2287 γραμματικῆς
805 2214 1068 2278 δεκτικὸν,
1094 2217 1173 2279 είς
1201 2215 1476 2281 ἀπὸῖειξιν
1501 2214 1594 2268 τοῦ
1620 2214 1968 2286 προτεθέντος

392 2306 810 2377 παραλαμϐάνοι
854 2306 1031 2369 οἰκίας
1106 2306 1140 2377 ἢ
1189 2307 1373 2359 πλοίου
1420 2306 1786 2375 κατασκευήν,
1833 2306 1899 2376 ἦν
1942 2307 1971 2357 6

392 2398 669 2467 οἰκοδόμος
702 2397 734 2467 ἢ
778 2399 806 2450 6
837 2396 1112 2467 ναυπηγὸς
1145 2398 1468 2468 ἐτεκτήνατο
1488 2414 1501 2429 ·
1529 2397 1716 2450 ἔπειτα
1762 2398 1970 2467 ἰσχυρί-

395 2489 539 2554 ζοιτο
573 2488 652 2558 τῷ
684 2486 830 2558 σοφῷ
866 2488 1040 2557 τούτῳ
1077 2487 1238 2558 λόγῳ,
1277 2489 1357 2540 ὅτι
1396 2489 1518 2550 ταῖς
1545 2487 1847 2557 ἐνεργείαις
1875 2486 1972 2550 τὰς

395 2581 579 2644 οὐσίας
609 2581 943 2649 γνωρίζομεν
963 2597 976 2610 ο
1007 2580 1254 2650 ἐνέργεια
1279 2580 1335 2633 δέ
1366 2581 1460 2634 τοῦ
1489 2580 1799 2650 ἀνθρώπου,
1834 2583 1866 2650 ἡ
1897 2582 1972 2632 οξ-

397 2671 490 2725 κία
515 2673 607 2724 καὶ
635 2670 693 2723 τὸ
724 2669 923 2723 πλοῖον.
965 2671 1058 2722 Ἐκ
1089 2669 1292 2723 τούτων
1337 2666 1443 2740 ἆρα
1489 2670 1972 2739 καταλαμϐάνομεν

396 2763 456 2816 τὸ
481 2761 860 2831 πλατυώνυχον
917 2765 1011 2816 καὶ
1036 2762 1353 2830 γελαστικὸν
1386 2758 1526 2817 εἷναι
1549 2763 1642 2816 τὸν
1665 2762 1972 2832 ἄνθρωπον,

399 2856 734 2909 ἁπλούστατε
760 2872 774 2922 ;
819 2855 956 2908 Ἀλλ’
987 2856 1046 2909 οὐ
1075 2855 1249 2920 τοῦτο,
1281 2856 1411 2926 φαίη
1447 2873 1531 2918 τις
1559 2854 1625 2908 ἂν
1645 2896 1658 2920 ,
1685 2855 1744 2908 τὸ
1780 2853 1974 2924 ζητού-

401 2949 557 3018 μενόν
592 2949 759 3009 ἐστιν,
787 2948 838 3001 εἴ
863 2966 983 3001 τινα
1011 2947 1224 3017 κίνησιν
1275 2947 1368 3001 καὶ
1407 2947 1686 3016 ἐνέργειαν
1714 2948 1742 2999 6
1763 2945 1970 3016 ἀνθρώ·

397 3057 496 3102 πος
521 3039 652 3110 ἔχει,
680 3039 798 3093 ἀλλ’
819 3039 950 3092 αὐτὸ
969 3040 1030 3092 τὸ
1060 3037 1315 3109 ἐνεργοῦν
1338 3038 1388 3090 τί
1417 3054 1546 3089 ποτε
1574 3036 1715 3090 κατά
1747 3036 1842 3107 τὴν
1872 3036 1974 3105 φύ-

401 3150 482 3186 σιν
513 3132 658 3185 ἐστίν
681 3149 693 3161 ·
725 3132 753 3184 ὃ
781 3131 972 3184 πολλοῦ
1007 3131 1112 3183 δέω
1159 3130 1348 3201 μαθεῖν
1389 3131 1452 3181 ἐκ
1482 3129 1577 3199 τῆς
1613 3129 1971 3199 ἀποκρίσεως.

399 3226 508 3279 Καὶ
530 3225 640 3292 γὰρ
669 3227 716 3276 εί
740 3225 867 3294 περὶ
904 3224 1106 3295 ἀνέμου
1138 3241 1189 3276 τι
1221 3223 1411 3293 μαθεῖν
1439 3221 1756 3292 ἐϐουλόμην,
1783 3209 1976 3274 οὐκ’ἂν

398 3312 625 3386 ψάμμου
668 3316 900 3385 σωρείαν
929 3315 986 3379 ἐξ
1016 3317 1216 3385 ἀνέμου
1247 3317 1520 3370 συστᾶσαν
1540 3354 1552 3377 ,
1589 3313 1622 3383 ἢ
1649 3314 1851 3384 ἀχύρου
1878 3312 1976 3384 θη-

403 3409 577 3479 μῶνα,
612 3408 644 3479 ἢ
689 3408 887 3472 κόνεως
914 3408 1155 3478 διάχυσιν
1181 3408 1392 3474 δείξας,
1430 3407 1618 3476 ἐντελῆ
1654 3407 1720 3459 ἂν
1752 3406 1845 3458 τοῦ
1879 3405 1976 3475 ζη-

399 3500 660 3570 τουμένου
716 3500 808 3552 τὸν
871 3500 1026 3568 λόγον
1079 3500 1385 3562 ἀπέδωκας.
1443 3500 1693 3568 ’Έτερος-
1726 3498 1832 3568 γὰρ
1883 3495 1977 3549 τοῦ

402 3590 601 3659 ἀνέμου
631 3592 660 3643 ὁ
683 3591 837 3660 λόγος
860 3607 872 3619 ·
903 3593 996 3644 καὶ
1029 3591 1163 3644 ἄλλα
1185 3592 1356 3645 ταῦτα
1385 3593 1504 3644 ἀντὶ
1527 3589 1622 3642 τοῦ
1648 3589 1979 3658 ζητουμένου

401 3680 742 3751 δεικνύμενα.
782 3682 906 3744 Πῶς
945 3677 1037 3742 οὖν
1077 3676 1229 3744 οὗτος
1265 3685 1383 3744 ταῖς
1423 3681 1724 3749 ἐνεργείαις
1772 3681 1868 3743 τὰς
1894 3681 1982 3732 οὑ-

407 3774 523 3838 σίας
551 3773 817 3832 δείκνυσι,
847 3775 938 3826 καὶ
967 3775 1057 3826 τὸν
1083 3773 1175 3826 τοῦ
1211 3768 1348 3826 εἶναι
1378 3773 1533 3841 λόγον
1564 3771 1725 3824 αὑτοῦ
1766 3771 1858 3824 τοῦ
1892 3771 1979 3824 ὃν-

406 3882 497 3929 τος
517 3909 531 3931 ,
558 3869 620 3919 ἐκ
654 3866 761 3919 τῶν
791 3867 1095 3936 γενομένων
1126 3865 1276 3936 παρά
1311 3865 1407 3918 τοῦ.
1439 3865 1593 3928 ὄντος
1622 3865 1977 3934 παρίστησινς

2073 2045 2140 2098 de
2173 2043 2390 2097 homine
2442 2041 2769 2111 disceptatio
2796 2047 2942 2095 esset
2966 2047 3176 2104 exorta,
3208 2047 3262 2092 et
3292 2047 3654 2106 quaereretur,

2075 2150 2206 2189 num
2256 2134 2457 2188 animal
2485 2133 2712 2196 risibile,
2754 2139 2848 2185 aut
2873 2130 3244 2201 grammaticae
3273 2144 3444 2197 capax
3473 2137 3652 2191 esset,

2077 2228 2275 2297 aliquis
2307 2227 2374 2279 ad
2407 2227 2700 2296 proposita:
2737 2225 3101 2279 dubitationis
3137 2224 3527 2277 resolutionem
3567 2236 3659 2276 as-

2077 2329 2316 2374 sumeret
2340 2320 2537 2374 domus
2569 2329 2660 2372 aut
2691 2321 2849 2372 navis
2876 2325 3233 2379 structuram,
3280 2331 3443 2384 quam
3477 2313 3660 2368 archi-

2077 2421 2257 2466 tectus
2289 2418 2385 2465 aut
2439 2412 2658 2464 navium
2717 2410 2869 2465 faber
2904 2409 3210 2471 exstruxit,
3265 2416 3320 2464 et
3359 2406 3558 2461 deinde
3603 2405 3659 2458 id

2077 2503 2430 2558 conﬁrmaret
2459 2503 2698 2571 eleganti
2735 2511 2968 2568 asserto,
3000 2519 3063 2557 ex
3093 2501 3504 2571 operationibus
3531 2497 3663 2554 sub-

2080 2589 2312 2643 stantias
2333 2587 2595 2656 cognosci
2624 2603 2637 2650 ;
2669 2587 3042 2657 operationem
3073 2593 3253 2640 autem
3281 2583 3519 2638 hominis
3540 2598 3664 2637 esse

2079 2691 2132 2736 et
2165 2681 2384 2735 domum
2413 2687 2467 2734 et
2497 2680 2704 2738 navim.
2724 2679 2804 2733 Au
2833 2696 2898 2734 ex
2923 2680 3030 2743 his,
3065 2695 3095 2733 ο
3123 2678 3504 2739 stolidissime,
3538 2691 3666 2730 con-

2080 2771 2355 2824 cludimus
2383 2769 2662 2824 hominem
2710 2770 2836 2825 latis
2866 2770 3142 2840 unguibus
3175 2778 3228 2823 et
3279 2769 3534 2823 facultate
3589 2766 3667 2820 ri-

2081 2863 2243 2917 dendi
2274 2862 2561 2932 praeditum
2594 2862 2756 2917 esse?
2789 2864 2857 2916 At
2885 2862 3032 2916 dicet
3075 2862 3368 2931 quispiam,
3411 2861 3514 2915 hoc
3554 2875 3663 2913 non

2080 2971 2202 3010 esse
2227 2955 2280 3009 id
2317 2954 2464 3024 quod
2519 2955 2814 3024 quzeritur,
2867 2970 2998 3007 num
3034 2954 3198 3007 homo
3233 2947 3532 3007 mctionem
3564 2953 3666 3006 ali-

2081 3063 2244 3115 quam
2277 3054 2333 3102 et
2361 3048 2738 3116 operationem
2777 3047 2995 3110 haheat,
3038 3047 3131 3101 sed
3171 3046 3435 3116 quidnam
3467 3061 3667 3099 secun-

2083 3141 2209 3193 dum
2247 3154 2403 3194 suam
2433 3147 2684 3192 naturam
2719 3139 2790 3194 sit
2848 3139 3028 3209 ipsum
3076 3138 3221 3208 quod
3258 3145 3534 3206 operatur,
3569 3151 3668 3190 seu

2084 3232 2201 3299 ipse
2232 3230 2394 3284 homo
2425 3230 2519 3300 qui
2584 3232 2727 3300 agit:
2761 3231 2928 3300 quod,
2967 3237 3025 3284 ut
3054 3246 3119 3284 ex
3157 3232 3278 3282 data
3311 3227 3671 3297 responsione

2079 3335 2429 3388 cognoscam,
2491 3321 2723 3374 multum
2799 3330 2948 3375 certe
3003 3320 3176 3374 abest.
3239 3318 3448 3373 Etenim
3503 3318 3548 3372 si
3603 3318 3672 3372 de

2087 3424 2250 3467 vento
2269 3414 2472 3483 aliquid
2492 3413 2706 3468 discere
2736 3414 2950 3478 vellem,
2975 3421 3198 3468 ostenso
3221 3427 3401 3467 arena:
3426 3410 3667 3476 cumulo,

2083 3521 2245 3573 quem
2287 3515 2481 3561 ventus
2524 3506 2823 3576 congessit,
2873 3515 2966 3560 aut
3011 3508 3290 3576 palearum
3325 3520 3542 3571 acervo,
3578 3511 3673 3558 aut

2085 3596 2324 3665 pulveris
2358 3597 2714 3666 disjectione,
2753 3598 2896 3651 haud
2928 3597 3177 3666 equidem
3213 3595 3503 3665 perfectam
3527 3595 3670 3664 ejus,

2086 3688 2154 3741 de
2183 3705 2291 3757 quo
2321 3691 2552 3758 quzestio
2574 3698 2714 3754 erat,
2742 3690 3012 3744 rationem
3045 3689 3351 3743 reddidisse
3373 3703 3672 3754 censerer;

2088 3780 2195 3832 alia
2228 3790 2312 3835 est
2362 3784 2506 3835 enim
2565 3783 2702 3836 ratio
2731 3781 2902 3847 venti,
2935 3789 2995 3834 ut
3034 3788 3086 3834 et
3121 3781 3367 3834 onmium
3418 3779 3670 3842 aliorum,

2088 3887 2209 3940 quae
2263 3874 2383 3928 loco
2433 3875 2575 3943 eius,
2633 3878 2780 3944 quod
2830 3874 3202 3944 quatrebatur,
3250 3881 3470 3927 ostensa
3522 3880 3673 3928 sunt.

409 3954 691 4020 Quomodo
734 3956 899 4025 igitur
932 3955 1035 4010 iste
1059 3971 1126 4011 ex
1150 3955 1560 4024 operationibus
1588 3954 1920 4009 substantias
1954 3955 2312 4030 demonstrat,
2345 3975 2400 4020 et
2431 3967 2700 4020 rationem
2734 3965 2952 4020 essendi
2984 3964 3160 4034 ipsius
3195 3966 3340 4019 entis
3369 3979 3436 4018 ex
3471 3962 3678 4018 etl‘ccti-

409 4050 512 4102 btts
542 4050 718 4104 enlis?

482 4136 616 4193 Εἶτα
643 4143 862 4194 κάκεῖνο
903 4143 1292 4211 uenﬁcam-59'
1327 4141 1380 4194 τί
1421 4140 1581 4211 ἔργον
1618 4139 1712 4208 τοῦ
1752 4141 1985 4212 Πατρδς’

410 4232 476 4285 δι’
503 4226 562 4282 οὗ
589 4232 1098 4300 καταλαμϐάνεσθαι
1127 4232 1274 4300 λέγει
1302 4233 1400 4303 τήν
1430 4232 1615 4285 οὐσίαν
1644 4231 1737 4284 τοῦ
1768 4233 1993 4303 ἐνεργή⁹

416 4338 639 4386 trav-cog;
677 4324 717 4374 T
727 4324 784 4375 ὸν
817 4325 939 4376 Υίὸν
971 4323 1111 4388 λέξει
1141 4324 1377 4388 πάντως,
1401 4323 1560 4394 εἴπερ
1591 4324 1657 4376 τὰ
1681 4323 1882 4394 συνήθη
1913 4322 1996 4374 λέ-

415 4427 520 4478 γοι.
559 4411 696 4463 Ἀλλ’
724 4404 896 4475 οὗτος,
922 4411 967 4465 ὧ
997 4411 1294 4481 σοφώτατε,
1325 4412 1464 4467 κατά
1488 4412 1580 4466 τὸν
1613 4412 1701 4465 σὸν
1735 4411 1892 4480 λόγον
1928 4413 1995 4482 τῇ

418 4503 772 4574 ἐργασαμένη
788 4505 950 4556 αὑτὸν
973 4505 1222 4574 ἐνεργείᾳ
1245 4521 1473 4576 περιμετ
1483 4504 1760 4575 ρούμενος,
1786 4504 2001 4573 ἐκείνην

2161 4141 2364 4198 Deinde
2391 4141 2522 4196 illud
2557 4141 2722 4195 etiam
2750 4141 3173 4196 consideremus
3211 4157 3225 4193 :
3260 4140 3535 4210 quodnam
3590 4148 3678 4195 est

2089 4234 2222 4290 illud
2249 4249 2388 4302 Opus
2418 4231 2621 4298 Patris,
2649 4248 2744 4301 per
2770 4231 2916 4300 quod
2946 4229 3278 4301 deprehendi
3309 4232 3386 4285 ait
3419 4231 3677 4285 substan-

2092 4328 2222 4381 tiam
2269 4325 2446 4394 ipsius
2497 4324 2814 4394 operantis?
2862 4324 3058 4380 Filium
3114 4324 3218 4378 hoc
3241 4338 3381 4393 opus
3410 4338 3532 4378 esse
3561 4339 3679 4375 om-

2096 4418 2228 4471 nino
2268 4417 2436 4480 diCet,
2488 4416 2847 4481 si_constare
2885 4416 2989 4470 sibi
3039 4415 3190 4468 velit.
3237 4415 3305 4467 At
3357 4414 3481 4477 iste,
3511 4430 3544 4467 ο
3585 4430 3678 4468 sa-

2101 4505 2482 4576 pientissime,
2536 4505 2858 4574 operatione
2914 4520 3035 4572 quae
3093 4505 3271 4572 ipsum
3321 4503 3500 4557 ell‘ecit
3568 4503 3680 4556 cir-

417 4591 646 4644 εεικνύει
697 4594 884 4662 μόνην.
937 4595 1009 4647 Τὸ
1041 4594 1097 4646 δὲ
1139 4575 1475 4665 ζητούμενον.
1533 4595 1683 4650 οὐδὲν
1724 4590 1886 4666 ἦττον
1938 4597 1979 4647 ἐι

2101 4596 2492 4665 cumscriptus,
2551 4594 2697 4647 illam
2755 4595 2927 4648 solam
2981 4601 3273 4646 monstrat.
3309 4591 3363 4644 ld
3419 4608 3568 4656 vero,
3612 4593 3680 4647 de

419 4683 598 4754 ἀδήλῳ
626 4686 775 4753 μένει
799 4702 812 4714 ·
842 4688 997 4755 εἴπερ
1027 4688 1060 4756 ἡ
1089 4687 1333 4756 ἐνέργεια
1353 4686 1461 4739 τῶν
1491 4688 1889 4761 παρεπομένων
1915 4705 1996 4750 τις

420 4767 558 4824 εἶναι
584 4776 647 4841 τῇ
677 4773 868 4847 πρώτῃ
893 4776 1072 4847 οὐσίᾳ,
1114 4777 1206 4830 καὶ
1243 4775 1392 4847 παρά
1422 4777 1515 4829 σοῦ
1554 4777 1994 4849 μεμαρτύρηται.

421 4869 568 4941 Λῦτη
591 4870 699 4936 γὰρ
725 4868 800 4938 τῷ
827 4868 971 4938 ἔργῳ
989 4867 1065 4937 τῷ
1092 4868 1216 4936 παρ’
1242 4868 1410 4935 αὐτῆς
1434 4868 1842 4922 ἀποτελεσθέντι
1872 4885 2001 4938 συμ-

424 4960 860 5031 παρεκτείνεται,
899 4959 1077 5023 καθὼς
1121 4962 1184 5012 σὺ
1229 4959 1426 5027 λέγεις,
1471 4961 1564 5014 καὶ
1605 4959 1876 5014 δείκνυται
1913 4959 2001 5013 διὰ

423 5055 514 5106 τοῦ
538 5054 997 5122 ἀποτελέσματος,
1025 5054 1143 5107 οὐδέ
1162 5054 1296 5124 αὐτὴ
1320 5053 1459 5106 κατά
1480 5053 1576 5122 τὴν
1607 5053 1766 5121 φύσιν
1785 5058 1817 5124 ή
1850 5054 2000 5124 ἐνέρ-

424 5163 548 5212 γεια
572 5146 693 5215 ’ήτις
729 5145 894 5197 ἐστίν’
932 5145 1066 5198 ἀλλὰ
1095 5146 1254 5197 ποσὸν
1283 5145 1452 5216 αὐτῆς
1483 5146 1640 5215 μόνον
1661 5145 2002 5216 ἐνθεωρεῖται

426 5236 503 5308 τῷ
525 5237 690 5308 ἔργῳ.
732 5238 818 5300 Ὠς
842 5237 950 5307 γὰρ
970 5238 1028 5289 οὐ
1055 5238 1203 5290 πᾶσα
1225 5237 1258 5306 ἡ
1283 5237 1376 5288 τοῦ
1400 5237 1754 5306 χαλκεύοντος
1777 5237 2002 5306 δύναμις

429 5329 818 5398 συγκινηθεῖσα
865 5330 925 5382 τὸ
970 5330 1242 5401 τρύπανον
1296 5329 1650 5400 ἐξειργάσατο
1672 5370 1688 5392 ,,
1737 5329 1848 5382 ἀλλ’
1883 5330 2003 5381 ὅσον

430 5423 742 5493 σύμμετρον
789 5419 858 5494 ἦν
911 5424 1047 5494 πρὸς
1093 5423 1190 5482 τὴν
1223 5422 1316 5475 τοῦ
1357 5423 1584 5485 σκεύους
1635 5423 2001 5492 ἀπεργασίαν,

428 5514 678 5567 τοσοῦτον
711 5517 742 5585 ἡ
775 5515 934 5585 τέχνη
979 5515 1068 5568 διὰ
1106 5515 1198 5568 τοῦ
1231 5513 1670 5586 χειρουργοῦντας
1713 5517 2003 5584 ἐνήργησε,

433 5605 600 5658 πολλά
622 5607 715 5658 καὶ⁹
737 5607 1051 5660 παντοδαπὰ
1072 5608 1512 5678 κατεργάσασθαι
1531 5608 1768 5670 δυνατῶς
1785 5606 2003 5676 ἔχουσα·

430 5693 570 5747 οὓτω
601 5694 662 5746 τὸ
707 5696 902 5766 μέτρον
934 5697 1030 5767 τῆς
1069 5700 1345 5768 ἐνεργείας
1384 5700 1440 5750 ἐν
1472 5697 1650 5768 ἑαυτῷ
1679 5699 1949 5750 δείκνυσιν
1979 5699 2008 5750 ὁ

432 5785 561 5853 παρ’
590 5784 804 5854 ἐκείνης
834 5787 1139 5856 γενόμενος.
1181 5789 1252 5840 Τὸ
1289 5789 1345 5841 δέ
1375 5789 1700 5859 ζητούμενον
1756 5789 1878 5858 οὐχὶ
1913 5805 2008 5841 πο-

434 5877 526 5929 σίν
556 5875 673 5928 ἐατι
699 5880 796 5950 τῆς
837 5880 1134 5950 ἐνεργείας,
1171 5879 1284 5934 ἀλλ’
1314 5881 1450 5950 αὑτὴ
1490 5881 1585 5934 τοῦ
1617 5881 2008 5952 ἐνεργήσαντος

2100 4703 2208 4757 quo
2241 4687 2610 4756 disoeptatur,
2648 4687 2829 4740 adhuc
2875 4687 3173 4740 obscurum
3214 4695 3415 4751 manet,
3445 4686 3490 4739 si
3533 4693 3681 4739 recte

2100 4793 2129 4831 a
2171 4785 2222 4831 te
2263 4786 2535 4832 assertum
2567 4784 2673 4843 est,
2705 4778 2772 4833 iis
2814 4779 2979 4831 etiam
3012 4793 3133 4847 qua:
3169 4777 3234 4829 ad
3273 4778 3500 4845 primam
3545 4776 3681 4830 sub-

2101 4870 2358 4925 stantiam
2404 4879 2729 4939 sequuntur,
2783 4870 3020 4939 aliquam
3055 4870 3427 4938 operationem
3478 4869 3676 4925 inesse.

2102 4961 2227 5015 llaec.
2256 4962 2402 5016 enim
2430 4963 2581 5030 operi
2609 4962 2676 5014 ab
2703 4961 2824 5030 ipso
2847 4961 3042 5015 eﬂecto
3063 4961 3465 5018 coextenditur.
3490 4976 3682 5029 quem-

2103 5052 2396 5106 admodum
2433 5061 2486 5106 ιιι
2517 5052 2678 5113 dicis,
2719 5061 2771 5106 et
2810 5069 2905 5122 per
2937 5053 3217 5117 είΐειειιιιη,
3251 5068 3362 5107 non
3398 5054 3588 5123 ipsain
3622 5068 3685 5106 se

2104 5144 2445 5214 operationis
2503 5153 2701 5197 natura
2747 5145 3095 5212 ostenditur;
3147 5146 3245 5199 sed
3303 5144 3684 5199 tantummodo

2106 5244 2311 5305 quanta
2349 5239 2442 5298 sit,
2482 5237 2534 5290 in
2567 5253 2733 5305 opere
2778 5239 3144 5306 conspicitur.
3183 5238 3339 5293 Sicut
3393 5239 3535 5292 enim
3576 5253 3685 5291 non

2108 5337 2220 5382 tota
2254 5327 2489 5382 facultas
2537 5329 2678 5384 fabri
2738 5331 2918 5384 aerarii
2971 5333 3212 5385 motione
3264 5346 3363 5385 sua
3408 5331 3689 5384 tera-bram

2105 5420 2306 5485 effecit,
2343 5420 2439 5475 sed
2483 5429 2747 5490 quantum
2784 5422 2850 5475 ad
2887 5425 3034 5477 vasis
3082 5421 3423 5477 et‘l'ectionem
3459 5436 3688 5491 propor-

2107 5515 2255 5567 tione
2283 5515 2689 5582 requirebalur,
2718 5524 2928 5567 tantum
2962 5531 3053 5569 ars
3086 5531 3181 5584 per
3208 5515 3436 5568 artiticis
3463 5528 3685 5567 manum

2107 5615 2327 5676 cperata
2364 5614 2470 5670 est,
2504 5622 2630 5660 cum
2667 5608 2826 5677 longe
2873 5608 3029 5678 plura
3065 5617 3120 5663 et
3160 5608 3312 5660 varia
3363 5607 3469 5659 alia
3505 5605 3688 5661 adhuc

2111 5697 2414 5767 producere
2442 5709 2640 5767 queat;
2679 5699 2753 5752 ita
2791 5714 3108 5755 mensuram
3136 5707 3191 5755 et
3229 5701 3452 5752 modum
3483 5714 3686 5769 opera-

2113 5791 2278 5846 tionis
2328 5791 2384 5844 in
2432 5795 2613 5860 seipso
2656 5800 3009 5859 repraesentat
3051 5791 3137 5854 id,
3189 5791 3337 5861 quod
3392 5807 3490 5862 per
3540 5793 3689 5846 illam

2109 5881 2341 5938 exstitit.
2393 5881 2460 5936 At
2496 5897 2604 5938 non
2649 5890 2735 5938 est
2791 5884 3022 5954 quaestio
3069 5893 3275 5956 quanta
3310 5885 3383 5942 sit
3421 5885 3688 5955 operatio,
