4146 6370
450 425 557 481 $85

1723 420 1783 475 δι
1823 419 2148 479 GBEGORII
2186 423 2497 480 NYSSENb

3605 421 3721 479 584'

453 537 551 595 sed
582 549 703 607 quae
734 534 807 589 sit
854 530 1033 603 ipsius
1065 530 1360 601 operantis
1379 530 1640 585 essentia.
1691 529 1819 587 Pari
1852 532 2037 597 modo,

2162 538 2175 606 ᾗ
2208 538 2386 591 οὐσία.
2434 538 2591 593 Κατὰ
2635 538 2727 593 τὸν
2758 537 2920 592 αὐτὸν
2961 536 3021 591 δὲ
3057 536 3241 606 λόγον,
3275 536 3370 589 καὶ
3416 536 3578 592 είδιά
3614 537 3709 590 τοῦ

455 632 504 686 si
550 628 718 689 dicat,
770 639 868 694 per
920 620 1189 692 Spiritum
1245 628 1501 676 sanctum
1552 620 1736 691 (quem
1787 621 1864 674 ait
1912 636 2036 678 esse

454 738 595 793 opus
626 720 749 791 ejus
783 716 1147 788 operationis,
1171 730 1293 785 qua:
1319 731 1385 770 ex
1415 713 1555 769 Filio
1577 716 1848 786 procedit)
1898 715 2035 770 Uni-

455 811 628 885 geniti
651 818 905 865 naturam
937 805 1271 876 deprehendi
1298 819 1362 858 ac
1395 805 1681 874 cognosci,
1714 805 1893 859 oratio
1916 805 2036 873 ejus

453 902 763 958 subsistere
805 913 917 951 non
960 896 1205 965 poterit:
1242 910 1366 948 nam
1413 902 1470 949 et
1502 895 1589 948 hic
1630 896 1878 964 operatio
1918 894 2040 949 eﬂ‘e—

457 993 571 1047 ctui
611 988 1019 1053 coextenditur,
1072 1002 1253 1057 neque
1298 996 1555 1040 naturam
1608 1000 1763 1041 suam
1794 986 1879 1040 vel
1910 1000 2041 1057 ope-

457 1084 655 1150 rantis,
682 1098 781 1153 per:
823 1081 878 1136 id
909 1079 1056 1150 quod
1083 1080 1412 1150 productum
1446 1087 1552 1141 est,
1584 1078 1862 1148 patefecit.

534 1179 601 1233 Ut
634 1192 767 1232 vero
800 1184 853 1231 et
894 1176 1001 1230 hoc
1050 1174 1447 1238 concedamus,
1480 1180 1626 1235 esto,
1663 1187 1730 1226 ex
1767 1171 2041 1240 operatio—

458 1272 623 1326 nibus
656 1268 981 1324 substantia:
1024 1276 1459 1336 cognoscantur.
1514 1263 1688 1334 Igitur
1725 1264 1902 1334 prima
1948 1264 2042 1316 illa

462 1367 775 1425 substantia
808 1380 906 1435 per
946 1379 1085 1434 opus
1115 1377 1278 1417 suum
1326 1367 1715 1431 cognoscetur,
1750 1365 1806 1413 et
1848 1356 2045 1411 simili-

462 1470 544 1515 ter
572 1459 873 1513 secundam
909 1472 1048 1526 opus
1081 1454 1226 1524 quod
1265 1454 1333 1507 ab
1364 1454 1455 1507 illa
1491 1451 1860 1522 proﬁciscitur
1886 1447 2044 1503 nobis

464 1549 801 1606 manifestat.
852 1547 1053 1602 Tertia:
1100 1544 1452 1617 igitur,_dic,
1517 1558 1550 1597 ο
1604 1539 2041 1612 sapientissime,

462 1642 590 1711 quis
614 1639 776 1695 index
803 1639 928 1698 erit,
961 1653 1086 1691 cum
1129 1637 1344 1690 nullum
1380 1636 1557 1689 tertiae
1587 1633 1752 1701 hujus
1787 1631 2046 1685 substan-

464 1735 555 1786 tia:
583 1747 721 1801 opus
767 1728 875 1783 tale
916 1726 1275 1782 inveniatur?
1311 1724 1368 1778 Si
1402 1724 1549 1779 enim
1593 1739 1657 1777 ex
1706 1719 2047 1791 operationi-

465 1825 593 1887 bus,
634 1832 691 1876 ut
728 1829 785 1875 tu
821 1819 983 1880 dicis,
1039 1818 1363 1873 substantiae
1410 1822 1839 1886 cognoscuntur,
1890 1827 2047 1881 opor-

2138 629 2640 701 Πνεύματος(έργον
2665 630 2917 701 ὀνομάζει
2946 629 3044 698 τῆς
3070 628 3147 699 τῷ
3176 627 3289 698 Υἱῷ
3324 627 3710 699 παρεπομένης

2137 723 2432 797 ἐνεργείας)
2467 723 2849 792 κατειληφέναι
2894 721 3042 791 λέγοι
3087 720 3183 775 τοῦ
3223 719 3559 789 Μονογενοῦς
3612 719 3713 791 τὴν

2140 814 2321 883 φύσιν,
2366 814 2621 884 οὐδεμίαν
2668 812 2925 867 σύστασιν
2970 815 3000 866 ό
3038 812 3193 881 λόγος
3239 812 3373 882 ἔχει,
3415 812 3577 866 πάλιν
3615 812 3715 867 καὶ

2139 904 2372 959 ἐνταῦθα
2410 906 2510 975 τῆς
2552 904 2831 976 ἐνεργείας
2880 904 2977 972 μὲν
3012 903 3090 974 τῷ
3125 905 3525 974 ἀποτελέσματι
3571 920 3713 975 συμ-

2139 996 2671 1068 παρεκτεινομένης,
2705 997 2807 1064 τὴν
2851 997 2908 1049 δέ
2940 996 3100 1066 φύσιν
3140 995 3339 1064 ἐαυτῆς
3387 1012 3448 1049 τε
3493 996 3589 1049 καὶ
3620 993 3727 1048 τοῦ

2142 1089 2509 1159 ἐνεργοῦντος,
2538 1087 2627 1141 διὰ
2650 1088 2743 1142 τοῦ
2772 1088 3234 1161 κατεργασθέντος
3260 1089 3319 1141 οὐ
3343 1086 3713 1157 δεικνυούσης.

2213 1182 2329 1234 Ἵνα
2362 1181 2420 1234 δὲ
2446 1181 2539 1233 καὶ
2580 1179 2738 1233 τοῦτο
2775 1181 3217 1251 συγχωρήσωμεν
3240 1218 3255 1241 ,
3311 1177 3542 1231 δεδόσθω
3599 1178 3720 1239 ταῖς

2142 1272 2445 1344 ἐνεργείαις
2468 1272 2567 1336 τὰς
2596 1274 2785 1335 οὐσίας
2809 1271 3193 1341 γινώσκεσθαι.
3227 1270 3435 1323 Οὐκοῦν
3462 1272 3496 1341 ἡ
3526 1268 3731 1341 πρώτηο

2143 1365 2318 1429 οὐσία,
2345 1364 2433 1419 διὰ
2455 1352 2561 1417 ’τοῦ
2606 1363 2665 1431 ἐξ
2701 1364 2873 1432 αὐτῆς
2906 1363 3068 1435 ἔργου
3105 1361 3466 1433 γνωρίζεται,
3498 1360 3594 1415 καὶ
3624 1360 3730 1432 τὴν

2143 1458 2400 1528 δευτέραν
2430 1456 2692 1521 ὡσαύτως
2727 1456 2788 1509 τὸ
2828 1456 3006 1527 ἔργον,
3046 1455 3108 1509 τὸ
3145 1455 3275 1525 παρ’
3304 1455 3475 1525 αὐτῆς
3501 1453 3723 1524 γινόμε-

2143 1566 2254 1613 νον,
2293 1547 2561 1601 δείκνυσιρ
2596 1547 2696 1617 τὴν
2724 1545 2913 1620 τρίτην
2939 1546 3117 1598 τοίνυν
3154 1546 3294 1606 εἰπὲ,
3325 1538 3370 1597 ὦ
3404 1544 3680 1613 σοφώτατε
3706 1582 3722 1606 ,

2143 1640 2198 1693 τί
2222 1640 2283 1692 τὸ
2306 1638 2549 1692 δεικνύον
2578 1639 2718 1704 ἐστὶ,
2770 1638 2995 1709 μηδενὸς
3034 1637 3197 1709 ἔργου
3228 1636 3468 1690 τοὲούτου
3492 1638 3592 1705 τῆς
3609 1635 3727 1706 τρί-

2144 1750 2246 1803 της
2274 1732 2462 1795 οὐσίας
2491 1730 2863 1803 θεωρουμένου
2885 1747 2900 1795 ;
2925 1730 3119 1802 Είγάρ
3148 1733 3266 1794 ταῖς
3298 1728 3618 1801 ἐνεργείαις,
3647 1728 3725 1788 ὡς

2153 1825 2216 1876 σύ
2254 1824 2393 1893 φῂς,
2437 1823 2495 1875 αἱ
2539 1822 2716 1875 οὐσίαι
2765 1821 3309 1892 καταλαμὸάνονται,
3341 1821 3726 1891 ἀκατάληπτον

469 1925 546 1970 tet
590 1924 649 1968 ut
690 1923 942 1991 naturam
1001 1908 1259 1981 Spiritus.
1288 1908 1469 1964 sancti
1522 1906 2043 1977 incomprehensam

2162 1911 2287 1967 εἶναι
2334 1913 2433 1985 τὴν
2476 1912 2570 1967 τοῦ
2619 1912 2931 1983 Πνεύματος
2986 1913 3145 1982 φύσιν
3194 1912 3573 1983 ὁμολογήσεις·
3624 1912 3729 1964 οὐκ

468 2006 725 2067 atlirmes,
770 2018 894 2056 cum
930 2016 1041 2055 non
1088 2006 1344 2069 suppetat
1376 1997 1497 2067 ejus
1531 2012 1627 2067 per
1675 1992 2049 2050 continuatio-

469 2112 593 2152 nem
628 2094 877 2164 operatio
910 2093 1115 2163 aliqua,
1166 2091 1328 2159 cujus
1371 2089 1642 2144 beneﬁcio
1685 2087 1740 2141 in
1781 2086 2052 2156 cognitio-

470 2206 596 2245 nem
639 2188 880 2259 Spiritus
918 2186 1096 2241 sancti
1152 2184 1440 2254 pervenire
1486 2183 1689 2253 possis.
1724 2178 1835 2233 Aut
1883 2177 2052 2247 igitur

470 2290 724 2339 monstra
747 2278 1025 2351 quodnam
1060 2277 1132 2333 sit
1163 2274 1462 2331 essentiale
1487 2287 1627 2343 opus
1660 2271 1837 2327 sancti
1872 2266 2053 2338 Spiri-

473 2384 587 2439 tus,
623 2381 719 2428 aut
749 2380 863 2427 tota
892 2372 998 2427 ista
1030 2383 1248 2425 araneae
1279 2368 1394 2421 tela-
1417 2373 1626 2419 attactu
1654 2360 1926 2417 orationis
1955 2358 2056 2415 dif-

474 2465 628 2521 ﬂuet.
676 2462 810 2518 Nam
848 2464 894 2519 si
948 2479 1012 2517 ex
1068 2462 1393 2517 continuata
1429 2458 1749 2527 operatione
1789 2453 2053 2516 essentia,

474 2557 776 2615 secundum
807 2562 1057 2610 nostrum
1103 2548 1442 2620 intelligendi
1482 2546 1727 2606 modum,
1764 2542 2057 2613 cognosci-

475 2659 590 2715 tur,
621 2646 934 2704 essentialis
967 2658 1099 2699 vero
1125 2640 1372 2712 operatio
1417 2637 1659 2707 Spiritus
1701 2634 1875 2690 sancti
1909 2632 2057 2685 nulla

476 2752 581 2807 est,
613 2736 1075 2810 quemadmodum
1102 2733 1282 2789 Patris
1309 2731 1527 2801 quidem
1552 2727 1772 2791 Filium,
1803 2725 1926 2779 Filii
1962 2740 2059 2779 au-

478 2845 587 2892 tem
620 2832 885 2903 Spiritum
921 2836 1172 2885 sanctum
1206 2824 1477 2888 asseritis,
1524 2821 1773 2890 sequitur
1804 2826 2058 2871 naturam

481 2928 723 2999 Spiritus
768 2925 927 2994 plane
962 2919 1302 2989 incognitam
1350 2926 1404 2970 et
1447 2909 2059 2981 incomprehensibilem

479 3036 623 3084 esse,
675 3032 799 3072 cum
854 3013 1005 3068 nulla
1061 3011 1183 3080 ejus
1239 3006 1584 3078 hypostatica
1642 3002 1913 3073 operatio,
1964 3014 2062 3070 per

480 3126 645 3183 quam
680 3112 1012 3169 innotescat,
1041 3108 1244 3159 exstet.
1300 3098 1358 3153 Si
1390 3114 1519 3153 vero
1555 3096 1798 3166 Spiritus
1832 3102 2062 3149 sanctus

482 3200 1028 3274 comprehensionem
1077 3193 1287 3264 effugit,
1338 3189 1615 3261 quomodo
1656 3203 1753 3258 per
1790 3187 1867 3252 id,
1914 3184 2060 3254 quod

482 3292 876 3365 comprehendi
927 3288 1139 3358 nequit,
1192 3284 1480 3340 sublimior
1517 3283 1608 3335 illa
1665 3291 1859 3333 natura
1907 3293 2058 3331 com—

485 3383 887 3459 prehenditur?
919 3378 1054 3433 Nam
1097 3378 1143 3432 si
1185 3376 1536 3446 ignoraretur
1566 3372 1689 3426 Filii
1720 3386 1881 3440 opus,
1913 3368 2060 3437 quod

483 3487 593 3545 est,
630 3486 691 3532 ut
723 3477 937 3538 dicunt,
982 3481 1210 3527 sanctus
1258 3467 1523 3537 Spiritus,
1572 3464 1718 3518 haud
1751 3462 1818 3516 ad
1864 3460 2063 3515 Filium

487 3566 929 3641 cognoscendum
982 3562 1092 3616 ulla
1133 3561 1222 3615 via
1268 3566 1506 3630 pateret,
1557 3563 1749 3625 utpote
1793 3553 1941 3607 omni
1973 3566 2068 3605 co-

489 3658 787 3733 gnoscendi
825 3654 1031 3711 indicio
1064 3652 1389 3707 destitutum
1429 3669 1442 3703 :
1474 3659 1528 3704 et
1574 3649 1619 3703 si
1657 3643 1935 3714 Unigeniti
1974 3659 2070 3696 na-

490 3763 614 3807 tura
641 3752 745 3804 hoc
785 3748 949 3803 modo
973 3745 1268 3811 delitescit,
1300 3740 1576 3812 quomodo
1610 3754 1705 3809 per
1736 3738 1992 3791 latentem
2017 3742 2072 3789 et

491 3841 875 3900 absconditam
924 3836 1372 3892 manifestabitur
1419 3845 1675 3901 suprema
1736 3836 1791 3882 et
1838 3827 2073 3880 maxime

493 3936 740 4009 propria,
778 3947 903 3987 cum
942 3929 1183 4000 Spiritus
1206 3924 1380 3981 sancti
1419 3921 1716 3977 occultatio
1750 3919 1817 3973 ad
1856 3917 2072 3971 Patrem

495 4046 593 4102 per
619 4027 819 4082 Filium
854 4022 1159 4079 redundet?
1185 4027 1244 4074 ut
1273 4035 1341 4073 ex
1370 4018 1457 4071 his
1490 4012 1805 4070 necessario
1845 4010 2075 4065 convin-

495 4101 675 4182 catur,
711 4120 873 4174 etiam
917 4116 1165 4186 ipsorum
1212 4110 1458 4166 hostium
1507 4104 1917 4164 testiﬁcatione,
1976 4101 2076 4154 Pa-

498 4215 600 4269 tris
630 4210 994 4266 suhstantiam
1027 4208 1272 4275 ignotam
1304 4218 1448 4257 esse.
1480 4200 1635 4253 Unde
1662 4212 1793 4267 ergo
1818 4198 1921 4250 iste
1955 4209 2076 4265 pcr—

500 4304 939 4375 spicacissimus,
982 4300 1075 4369 qui
1106 4312 1231 4367 qua:
1259 4311 1366 4349 non
1419 4302 1550 4347 sunt
1590 4293 1851 4352 intuetur,
1894 4300 2074 4340 rerum

502 4412 613 4451 non
663 4391 1044 4464 apparentium
1093 4396 1146 4440 ct
1194 4383 1776 4453 incomprchcnsarum
1822 4384 2075 4431 naturam

503 4489 694 4557 etipse
726 4485 897 4546 videt,
935 4490 989 4535 et
1024 4494 1127 4535 nos
1175 4479 1447 4542 hortatur,
1487 4483 1544 4528 ut
1594 4489 1657 4528 ex
1688 4471 1947 4541 operibus
1989 4484 2078 4524 es-

503 4580 733 4641 sentias,
769 4586 822 4631 et
845 4591 912 4630 ex
947 4574 1033 4629 his
1072 4585 1239 4642 opera
1268 4564 1701 4637 investigemus?

577 4672 778 4725 Verum
827 4668 1042 4737 reliqua
1098 4663 1464 4719 excutiamus.
1502 4656 1867 4710 Dubitationes
1901 4652 2081 4723 inquit

505 4760 570 4813 de
616 4757 1013 4827 operationibus
1069 4769 1134 4808 ea:
1196 4750 1508 4805 substantiis
1559 4744 1894 4800 resolvendus
1943 4760 2075 4797 esse.

506 4854 790 4922 Quomodo
818 4852 1017 4921 aliquis
1046 4849 1210 4903 istum
1241 4865 1272 4902 a
1297 4844 1609 4901 vanissimis
1632 4841 2081 4913 persuasionibus

506 4946 697 5001 saltem
724 4944 791 4997 ad
822 4943 1090 4996 humanas
1122 4937 1485 5008 cogitationes
1519 4933 1815 4988 traducat?
1854 4931 2081 4985 Dubita-

508 5038 687 5090 tiones
707 5035 773 5088 de
812 5032 1226 5103 Operationibus
1264 5039 1488 5084 exortas
1518 5028 1817 5081 arbitratur
1847 5042 1914 5081 ex
1948 5024 2083 5078 sub-

510 5126 836 5181 stantinrum
871 5123 1185 5192 cognitione
1218 5120 1434 5175 deliniri
1466 5134 1647 5189 posse.
1672 5115 1958 5182 Quomodo
1985 5129 2084 5185 per

509 5234 573 5272 ea
621 5234 742 5286 qua:
770 5215 1085 5286 cognitione
1128 5228 1239 5267 non
1280 5221 1411 5268 sunt
1459 5210 1879 5280 comprehensa,
1920 5209 2083 5262 rebus

509 5311 697 5365 dubiis
739 5307 896 5362 ﬁdem
938 5305 1290 5361 conciliabit?
1336 5303 1394 5358 Si
1439 5304 1583 5357 enim
1630 5304 1747 5372 ipsa
1775 5299 2083 5356 substantia

511 5403 791 5473 incognita
824 5409 928 5466 est,
963 5398 1243 5469 quodnam
1292 5412 1473 5469 Opera:
1516 5397 1751 5466 pretium
1796 5403 1881 5450 est
1914 5408 2084 5447 occu-

512 5494 627 5567 pari
654 5496 801 5548 circa
833 5492 1231 5562 operationem,
1260 5490 1420 5560 quasi
1452 5490 1599 5543 illius
1628 5488 1797 5542 ductu
1844 5486 1910 5540 ad
1941 5487 2083 5555 ejus,

512 5588 581 5642 de
613 5601 722 5655 quo
752 5585 1071 5656 ambigitur,
1129 5583 1379 5637 notitiam
1423 5581 1757 5652 provehendi
1798 5581 2088 5636 essemus?

516 5677 573 5732 Si
603 5694 729 5730 τρι-ο
760 5676 1102 5747 operationis
1137 5674 1421 5745 inquisitio
1478 5674 1600 5729 ideo
1631 5672 1943 5729 necessaria
1976 5678 2083 5737 est,

516 5777 576 5823 ut
606 5785 699 5839 per
727 5768 872 5822 illam
906 5768 971 5823 ad
1012 5768 1354 5831 substantiae,
1391 5781 1418 5820 a
1459 5782 1567 5837 qua
1607 5765 1746 5827 ﬂuit,
1780 5765 2086 5834 intelligen-

514 5861 648 5915 tiam
681 5860 969 5925 ducamur,
1001 5876 1109 5932 qua
1154 5861 1363 5917 ratione
1402 5875 1509 5914 non
1549 5858 1767 5928 cognita
1798 5855 1956 5913 nobis
1983 5854 2085 5909 du-

2148 2004 2286 2075 ἔχων
2303 2003 2443 2059 κατά
2469 2002 2531 2056 τὸ
2561 2002 2825 2073 προσεχὲς
2849 2000 3104 2072 τοιαύτην
3135 2001 3434 2072 ἐνέργειαν,
3463 2001 3577 2053 καν
3599 1998 3724 2051 τού-

2148 2116 2243 2152 του
2277 2097 2790 2169 παραστησάμενος,
2821 2095 2889 2148 δι’
2918 2095 3131 2165 ἐκείνης
3162 2094 3261 2164 τὴν
3285 2093 3378 2147 τοῦ
3411 2093 3728 2163 Πνεύματος

2153 2192 2314 2261 φύσιν
2354 2188 2796 2257 ἁναλογίσασθαι.
2842 2189 2915 2240 Ἢ
2954 2186 3133 2240 τοίνυν
3175 2185 3345 2251 δεῖξον
3379 2186 3433 2238 τί
3475 2183 3731 2245 οὐσιῶδες

2153 2283 2313 2354 ἔργον
2334 2281 2426 2337 τοῦ
2449 2280 2589 2334 Πνεύ
2598 2297 2782 2351 ματος,
2800 2279 2868 2332 δι’
2889 2272 2949 2332 οὐ
2974 2279 3362 2349 κατειληφέναι
3392 2278 3497 2349 φῂς
3520 2277 3620 2348 τὴν
3640 2276 3733 2329 οὐ·

2156 2376 2278 2427 σίαν
2304 2372 2396 2426 τοῦ
2427 2372 2566 2425 Πνεύ
2575 2388 2741 2443 ματος
2761 2411 2775 2437 ,
2795 2372 2830 2442 ἢ
2851 2370 2969 2435 ὅλος
2991 2372 3121 2441 ὐμῖν
3139 2374 3167 2424 ὁ
3192 2371 3334 2433 ἱστὸς
3367 2372 3467 2441 τῆς
3490 2369 3737 2439 ἀράχνης

2154 2470 2220 2537 τῇ
2254 2468 2437 2537 ἐπαφῇ
2479 2463 2575 2518 τοῦ
2602 2464 2760 2533 λόγου
2805 2464 3253 2536 περιρρυήσεται.
3285 2463 3349 2517 Et
3394 2462 3503 2532 γὰρ
3544 2463 3607 2515 ἐκ
3636 2460 3735 2530 τῆς

2157 2558 2458 2630 προσεχοῦς
2503 2558 2782 2630 ἐνεργείας
2824 2559 2860 2628 ἡ
2902 2557 3059 2610 οὐσία
3100 2555 3426 2628 γνωρίζεται
3460 2555 3601 2609 κατά
3643 2554 3737 2607 τὸν

2158 2652 2424 2723 ἡμέτερον
2450 2651 2626 2718 λόγον,
2651 2650 2901 2719 ἐνέργεια
2926 2648 2984 2701 δὲ
3010 2649 3273 2719 οὐσιώδης
3299 2646 3393 2701 τοῦ
3421 2646 3737 2715 Πνεύματος

2158 2744 2402 2813 οὐδεμία,
2430 2741 2682 2813 καθάπερ
2705 2740 2800 2794 τοῦ
2829 2739 3043 2811 Πατρὸς
3070 2740 3166 2811 μὲν
3195 2740 3285 2793 τὸν
3310 2739 3456 2805 Υίὸν,
3484 2737 3577 2790 τοῦ
3605 2734 3734 2788 Υίοῦ

2159 2837 2216 2889 δὲ
2257 2836 2318 2889 τδ
2370 2835 2597 2905 Πνεῦμά
2646 2850 2803 2904 φατε,
2854 2833 3255 2900 ἀνεπίγνωστος
3300 2833 3515 2895 πάντως
3559 2833 3592 2901 η
3642 2829 3738 2883 τοῦ

2163 2926 2478 2996 Πνεύματος
2525 2925 2686 2994 φύσις
2732 2923 2826 2977 καὶ
2848 2922 3228 2991 ἀκατάληπτος
3255 2921 3344 2973 διά
3371 2920 3576 2973 τούτων
3617 2936 3741 2972 σι-ντ

2162 3019 2539 3091 ωμολόγηται·
2600 3017 2871 3088 μηδεμιᾶς
2919 3014 3088 3085 αὐτὴν
3145 3013 3425 3085 ἐνεργείας
3472 3013 3575 3082 τῆς
3617 3010 3740 3065 καθ’

2164 3112 2456 3165 ὑπόστασιν
2489 3110 2780 3182 νοουμένης
2807 3107 3242 3181 παραδηλούσης.
3271 3109 3333 3161 Εἰ
3366 3107 3420 3159 δέ
3443 3105 3601 3161 τοῦτο
3624 3106 3743 3159 δια-

2088 3236 2131 3293 c
2166 3203 2405 3272 πέφευγε
2427 3201 2525 3271 τὴν
2559 3198 2883 3269 κατάληψιν,
2919 3197 3036 3261 πῶς
3069 3196 3161 3250 τοῦ
3202 3196 3276 3267 μὴ
3305 3192 3741 3265 κατειλημμένου

2164 3298 2199 3366 ἡ
2228 3293 2595 3365 ὑπερκειμένη
2607 3292 2763 3346 οὐσία
2782 3289 3257 3361 καταλαμϐάνεται
3277 3306 3291 3353 ;
3313 3288 3375 3341 Εἰ
3399 3286 3507 3356 γὰρ
3529 3286 3751 3352 ἀγνοεῖ.»

2164 3405 2253 3441 ται
2282 3387 2376 3440 τοῦ
2402 3385 2532 3440 Υἱοῦ
2560 3386 2622 3439 τὸ
2647 3385 2824 3457 ἔργον,
2848 3384 2983 3453 ὅπερ
3009 3382 3179 3446 ἐστὶν,
3204 3380 3281 3444 ὥς
3310 3396 3461 3450 φασι,
3489 3380 3554 3431 τὸ’
3574 3376 3747 3430 Πνεῦ-

2172 3498 2268 3550 μα,
2298 3480 2406 3532 οὐδ’
2442 3479 2507 3532 ἂν
2536 3480 2741 3541 ἐκεῖνος
2779 3474 3142 3545 ἐπιγνωσθείη
3182 3474 3433 3536 πάντως,
3463 3474 3527 3543 τῇ
3553 3470 3747 3541 ἀδηλίᾳ

2168 3571 2261 3625 τοῦ
2295 3570 2721 3642 τεκμηριοῦντος
2760 3567 3202 3637 συσκιαζόμενος.
3234 3566 3344 3618 Καὶ
3365 3565 3414 3617 εί
3445 3562 3538 3616 τοῦ
3570 3564 3745 3617 Μονο-

2170 3664 2362 3733 γενοῦς
2476 3662 2632 3716 οὐσία
2662 3659 2740 3731 τῷ
2782 3660 2968 3732 τρόπῳ
3007 3659 3180 3730 τούτῳ
3220 3656 3589 3719 διαλανθάνοι,
3630 3654 3749 3717 πῶς

2171 3756 2258 3809 διὰ
2318 3756 2418 3825 τῆς
2474 3753 2843 3823 λανθανούσης
2898 3753 2932 3822 ή
2982 3751 3243 3804 ἀνωτάτω
3294 3749 3389 3802 καὶ
3436 3747 3747 3819 κυριωτάτη

2176 3845 2649 3918 φανερωθήσεται,
2695 3844 2796 3913 τῆς
2844 3842 2936 3896 τοῦ
2972 3842 3286 3912 Πνεύματος
3340 3838 3561 3910 ἀδηλίας
3606 3838 3771 3891 κατάι

2175 3938 2430 3991 ἀνάλυσιν
2462 3936 2549 3989 διὰ
2564 3935 2658 3989 τοῦ
2693 3934 2823 3988 Υἱοῦ
2858 3934 2995 4005 πρὸς
3021 3934 3113 3987 τὸν
3139 3933 3358 4003 Πατέρα
3382 3932 3746 4003 διαδοθείσης;

2175 4030 2251 4093 ὡς
2279 4032 2344 4081 ἐκ
2368 4029 2571 4082 τούτων
2606 4026 2792 4096 σαφῶς
2820 4024 3258 4090 ἀποδείκνυσθαι,
3289 4027 3381 4079 καὶ
3405 4026 3495 4079 διά
3516 4027 3615 4098 τῆς
3641 4026 3775 4080 τῶν

2177 4121 2385 4191 ἐχθρῶν
2415 4120 2720 4191 μαρτυρίας
2739 4160 2754 4183 ,
2780 4120 2840 4172 τὸ
2865 4119 3244 4189 ἀκατάληπτον
3273 4116 3408 4174 εἶναι
3439 4122 3613 4192 πάντη
3652 4120 3748 4174 τοῦ

2178 4212 2390 4282 Πατρὸς
2431 4212 2530 4281 τὴν
2572 4211 2777 4265 οὐσίαν.
2808 4209 2978 4263 Πόθεν
3015 4207 3107 4264 οὖν
3136 4212 3164 4262 ὁ
3196 4210 3490 4282 ὀξυδερκὴς
3518 4206 3687 4274 οὗτος.
3721 4212 3761 4264 ὁ

2177 4303 2245 4357 τὰ
2279 4302 2601 4373 άνύπαρκτα
2630 4300 2862 4371 βλέπων,
2894 4300 2994 4371 τὴν
3026 4300 3132 4354 τῶν
3158 4301 3379 4369 ἀφανῶν
3410 4319 3467 4353 τε
3495 4302 3588 4354 καὶ
3617 4304 3759 4355 ἀκα-

2177 4395 2465 4465 ταλήπτων
2512 4390 2672 4462 φύσιν
2712 4392 2779 4445 δι’
2818 4390 3060 4464 ἀλλήλων
3094 4393 3253 4456 αὐτός
3288 4410 3347 4444 τε
3392 4392 3611 4461 βλέπει,
3657 4392 3771 4446 καί

2178 4490 2309 4559 ἡμῖν
2337 4484 2787 4553 ἐγκελεύεται,ἐκ
2827 4483 2934 4537 τῶν
2963 4484 3137 4555 ἔργων
3174 4484 3273 4547 τὰς
3312 4485 3518 4549 οὐσίας,
3561 4485 3655 4538 καὶ
3692 4486 3753 4551 ἐξ

2105 4573 2156 4632 Ι)
2180 4576 2402 4629 ἐκείνων
2424 4574 2490 4628 τά
2520 4574 2657 4647 ἔργα
2686 4574 2857 4643 λέγων
2892 4575 3434 4645 καταλαμϐάνεσθαι;

2265 4668 2425 4722 Ἀλλά
2461 4668 2556 4721 καὶ
2586 4667 2677 4721 τὸν
2720 4667 2921 4738 ἐφεξῆς
2947 4667 3103 4736 λόγον
3133 4671 3594 4742 ἐπισκοπήσωμεν
3613 4688 3625 4702 ο
3660 4672 3752 4724 καὶ

2181 4758 2399 4825 τὴν-ἐπί
2428 4757 2888 4827 ταῖςὲνεργείαις
2924 4758 3085 4828 φησὶν
3105 4759 3461 4827 ἀμφιϐολίαν
3487 4761 3754 4814 διαλύειν

2183 4852 2251 4903 ἐκ
2286 4849 2400 4902 τῶν
2431 4848 2672 4902 οὐσιῶν.
2714 4848 2839 4913 Πῶς
2868 4850 2932 4904 ἄν
2968 4867 3054 4913 τις
3086 4852 3247 4904 αὐτὸν
3278 4854 3342 4904 ἐκ
3369 4853 3477 4905 τῶν
3510 4852 3773 4923 ματαίων-

2185 4940 2503 5011 ὐπολήψεων
2520 4941 2836 5011 μεταγάγοι;
2860 4942 2969 4995 Καὶ
2986 4942 3084 5006 τὰς
3100 4944 3191 4996 ἐπὶ
3206 4946 3323 5006 ταῖς
3341 4944 3641 5015 ἐνεργείαις
3653 4946 3752 5015 ἁμ-

2184 5034 2429 5103 φιϐολίας
2469 5035 2638 5088 οἴεται
2655 5035 2876 5089 δυνατὸν
2896 5030 3035 5090 εἶναι
3054 5036 3141 5090 διὰ
3156 5038 3252 5106 τῆς
3274 5038 3625 5109 καταλήψεως
3643 5039 3763 5091 τῶν·

2182 5126 2381 5181 οὐσιῶν
2413 5126 2744 5183 διαλύεσθαι.
2772 5127 2896 5191 Πῶς
2921 5127 3008 5181 διὰ
3035 5129 3145 5181 τῶν
3179 5129 3251 5199 μὴ
3305 5130 3753 5201 κατειλημμένων

2183 5218 2244 5272 τὸ
2272 5219 2738 5290 ἀμφιϐαλλόμενον
2776 5221 2855 5284 εἰς
2877 5220 3055 5273 πίστιν
3082 5220 3235 5287 ﬁrst;
3268 5218 3329 5272 Ei
3358 5220 3456 5291 μὲν
3487 5220 3603 5293 γὰρ
3625 5238 3752 5275 κατ⁴

2185 5309 2406 5380 είληπτο
2439 5312 2471 5381 ή
2514 5309 2693 5374 οὐσία,
2739 5309 2820 5373 τίς
2852 5309 3009 5380 χρεία
3039 5310 3609 5381 πολυπραγμονεῖσθαι
3655 5314 3756 5383 τὴν

2185 5402 2485 5474 ἐνέργειαν,
2516 5401 2591 5463 ὡς
2625 5401 2692 5454 δι’
2720 5400 2930 5471 ἐκείνης
2963 5401 3258 5471 μελλόντων
3293 5402 3447 5472 ήμῶν
3478 5405 3544 5474 τῇ
3584 5420 3758 5456 κατα-

2184 5492 2343 5563 λήψει
2377 5490 2467 5543 τοῦ
2507 5489 2835 5560 ζητουμένου
2865 5490 3355 5559 προσάγεσθαι;Εὶ
3393 5492 3449 5545 δέ
3484 5493 3570 5547 διὰ
3602 5492 3761 5547 τοῦτο

2184 5584 2459 5652 ἀναγκαία
2476 5586 2509 5654 ή
2536 5584 2635 5653 τῆς
2666 5583 2943 5653 ἐνεργείας
2967 5583 3228 5647 ἐξέτασις,
3258 5584 3332 5648 ὡς
3359 5584 3425 5638 ἂν
3445 5584 3532 5637 διὰ
3557 5585 3759 5655 ταύτης

2185 5676 2324 5747 πρὸς
2349 5675 2446 5747 τὴν
2475 5674 2686 5729 σύνεσιν
2708 5674 2805 5745 τῆς
2828 5674 3151 5746 ἐνεργούσης
3176 5676 3345 5747 αὐτὴν
3362 5677 3545 5740 οὐσίας
3565 5677 3760 5749 ὁδηγη-

2188 5769 2431 5837 θείημεν.
2462 5766 2578 5831 πῶς
2605 5768 2737 5837 ἡμῖν
2764 5768 2795 5835 ή
2831 5767 2996 5836 μήπω
3022 5767 3323 5833 γνωσθεῖσα
3350 5768 3510 5837 φύσις
3538 5768 3634 5839 τὴν
3667 5770 3761 5821 ἐπὶ

2188 5866 2305 5925 ταῖς
2328 5861 2627 5931 ἐνεργείαις
2650 5859 2974 5931 ἁμφιῆολίαν
2999 5860 3245 5915 διαλῦσαι
3275 5861 3556 5930 δυνήσεται
3582 5882 3596 5930 ;
3623 5862 3759 5915 ιΙανι
