4146 6370
390 396 496 451 385

1514 391 1793 448 CONTRA
1831 389 2221 459 EUNOMIUM,
2266 389 2394 445 LIB.
2434 388 2478 443 l.

3540 376 3643 436 εει

392 514 482 576 τὸς
501 515 609 582 γὰρ
641 511 963 583 πράγματος
998 507 1494 581 ἀμφιϐαλλομένου,
1524 510 1609 563 διὰ
1641 511 1748 563 τῶν
1776 510 1968 580 ὁμολο-

2093 508 2392 564 iitationem
2430 505 2499 560 de
2526 503 2938 576 operationibus
2971 502 3276 559 dissolvere
3320 506 3375 557 et
3408 514 3650 556 exrmere

393 602 673 673 γουμένων
710 604 763 654 αἱ
793 599 1094 665 ἀποδείξεις
1117 599 1378 668 γίνονται.
1423 599 1591 654 Ὅταν
1618 599 1675 652 δὲ
1705 601 1897 670 ἐπίσης
1918 603 1977 654 ἐν

394 692 722 764 ἀμφοτέροις
810 693 920 754 τοῖς
947 691 1299 761 ζητουμένοις
1328 689 1387 743 τὸ
1415 690 1637 761 ἄδηλον
1667 690 1784 752 πῶς
1814 691 1881 743 τὰ
1907 690 1976 744 δι’

396 785 573 837 αὐτῶν
595 781 929 853 ἀγνοούμενα
953 781 1018 835 δι’
1048 782 1291 853 ἀλλήλων
1323 780 1839 851 καταλαμϐάνεσθαί
1870 798 1979 850 φη-

398 892 484 927 σιν
510 876 537 927 ὁ
568 872 863 943 Εὐνόμιος;
900 872 1407 943 Ἀμφιϐαλλομένης
1438 872 1545 944 γὰρ
1580 874 1677 942 τῆς
1720 873 1814 926 τοῦ
1863 875 1979 926 Πα-

396 965 523 1037 τρὸς
559 963 765 1030 οὐσίας,
799 963 886 1016 διά
916 964 1016 1033 τῆς
1060 963 1449 1035 παρεπομένης
1488 962 1637 1032 αὐτῷ
1677 964 1977 1033 ἐνεργείας,

397 1058 493 1111 καὶ
532 1055 624 1109 τοῦ
664 1054 816 1128 παρὰ
851 1056 1051 1124 ταύτης
1092 1055 1541 1117 ἀππελεσθέντος
1574 1055 1772 1125 ἔργου,
1816 1071 1980 1122 φανε-

395 1148 625 1221 ροῦσθαι
654 1147 715 1200 τὸ
746 1146 1079 1218 ζητούμενον
1115 1146 1283 1214 λέγει.
1330 1146 1496 1201 Πάλιν
1525 1146 1582 1198 δὲ
1620 1146 1721 1216 τῆς
1748 1145 1839 1198 τοῦ
1872 1147 1982 1199 Μο-

399 1238 651 1308 νογενούς
676 1238 863 1301 οὐσίας
892 1237 1230 1309 ζητουμένης
1257 1238 1377 1308 ἥτις
1402 1238 1547 1290 ἐστὶν
1576 1237 1670 1305 (ὃν
1693 1238 1801 1290 εἴτε
1830 1238 1914 1289 ὲνέ
1925 1255 1983 1307 ρ-

401 1348 577 1400 γειαν,
619 1330 729 1383 εἴτε
769 1331 867 1401 τῆς
896 1330 1175 1398 ἐνεργείας
1206 1330 1556 1400 ἀποτέλεσμα
1584 1330 1761 1398 λέγει·
1790 1331 1984 1401 κέχρη-

403 1442 493 1477 ται
521 1423 628 1495 γὰρ
657 1424 900 1493 ἐκατέρῳ
938 1422 1047 1476 τῶν
1074 1422 1315 1491 λόγων),
1345 1424 1409 1476 ἐκ
1441 1423 1539 1493 τῆς
1559 1421 1655 1475 τοῦ
1687 1423 1984 1494 πεποιηκό-

406 1532 498 1579 τος
533 1516 695 1586 φησὶν
721 1514 907 1577 οὐσίας
937 1513 1155 1567 εὔκολον
1182 1510 1322 1568 εἶναι
1348 1512 1584 1570 διαλύειν
1607 1514 1707 1584 τὴν
1736 1512 1982 1586 περὶτοῦ

407 1606 744 1675 Μονογενοῦς
776 1604 1205 1676 ἀμφισϐήτησιν.

2076 600 2317 672 poterit?
2359 597 2551 655 Omnis
2592 599 2739 653 enim
2792 596 2892 661 rei,
2934 596 3002 650 de
3049 610 3159 665 qua
3202 593 3506 655 dubitatur,
3556 591 3655 645 de-

2076 694 2426 755 monstratio,
2468 706 2545 744 ex
2580 688 2855 744 confessis
2899 696 2953 743 et
2996 687 3278 742 concessis
3312 682 3656 739 instituenda.

2077 789 2181 837 est.
2219 779 2452 845 Quando
2489 786 2669 833 autem
2710 777 2987 848 aequaliter
3017 778 3070 830 in
3114 777 3389 845 utrisque,
3422 775 3489 828 de
3526 772 3653 842 qui-

2077 872 2183 927 bus
2214 871 2448 940 quaestio
2483 878 2589 935 est,
2648 868 2977 924 ineertitudo
3023 869 3195 924 inest:
3228 864 3503 936 quomodo
3532 877 3656 933 qua:

2081 964 2135 1016 in
2166 963 2415 1031 utrisque
2442 961 2686 1030 ignorata
2711 967 2858 1023 sunt,
2892 975 2987 1029 per
3022 968 3249 1029 utraque
3279 967 3469 1011 mutuo
3502 963 3649 1024 pate-

2081 1056 2193 1109 ﬁeri
2240 1054 2536 1107 Eunomius
2573 1053 2765 1122 jubet?
2796 1052 2931 1105 Cum
2989 1051 3135 1105 enim
3183 1050 3250 1104 de
3286 1048 3467 1102 Patris
3522 1046 3657 1100 sub-

2082 1150 2282 1203 stantia
2315 1147 2596 1200 dubitatur
2626 1154 2681 1199 et
2736 1146 3054 1215 inquiritur,
3092 1143 3209 1197 vult
3248 1157 3344 1211 per
3383 1138 3661 1210 operatio-~

2082 1256 2207 1294 nem
2235 1241 2561 1295 substantia:
2589 1240 2738 1292 illius
2768 1240 3046 1298 comitem,
3079 1245 3134 1291 et
3175 1252 3243 1291 ex
3260 1249 3425 1305 opere
3455 1234 3524 1288 ab
3552 1232 3660 1287 ista

2083 1332 2402 1401 operatione
2451 1329 2644 1385 eﬂ‘ecto
2684 1330 2929 1400 ignotum
2979 1329 3246 1398 pateﬁeri.
3285 1325 3501 1380 Rursus
3529 1338 3661 1378 vero

2084 1424 2131 1479 si
2180 1422 2489 1493 quaeratur,
2547 1437 2795 1491 quaenam
2855 1422 2927 1475 sit
2964 1418 3244 1489 Unigeniti
3311 1415 3657 1480 substantia,

2082 1528 2245 1583 quem
2282 1511 2680 1582 (Unigenitum)
2724 1514 2838 1565 sive
2876 1512 3273 1580 operationem,
3307 1509 3422 1563 sive
3462 1519 3661 1575 opera-

2084 1606 2251 1660 tionis
2294 1605 2549 1659 eﬂectum
2612 1604 2852 1672 appellat
2894 1608 3161 1674 (utroque
3209 1602 3353 1656 enim
3399 1595 3662 1668 loquendi

2085 1713 2284 1770 genere
2300 1697 2515 1766 utitur),
2550 1698 2793 1767 proclive
2823 1712 2947 1750 esse
2978 1698 3076 1758 ait,
3105 1711 3173 1751 ex
3202 1692 3505 1748 conditoris
3531 1690 3663 1746 sub-

2085 1791 2288 1847 stantia
2320 1790 2716 1845 dubitationem
2750 1790 2816 1842 de
2842 1789 3139 1858 'Unigenito
3168 1786 3489 1843 dissolvere.

486 1896 689 1960 Ἡδέως
718 1897 766 1949 δ’
797 1896 863 1950 ἂν
898 1895 1171 1949 καὶτοῦτο
1202 1896 1330 1966 παρ’
1356 1894 1520 1947 αὐτοῦ
1543 1892 1826 1964 μάθοιμι·⁶
1846 1895 1982 1951 Ἐπὶ

2154 1881 2422 1937 Caeterum
2465 1882 2699 1938 libenter
2738 1893 2790 1937 et
2833 1882 2981 1936 istud
3024 1898 3091 1935 ex
3134 1882 3227 1935 illo
3258 1880 3661 1949 intelligerem,

408 1987 577 2059 μόνης
608 1988 704 2057 τῆς
735 1985 882 2049 θείας
912 1985 1125 2053 φύσεως
1148 1986 1245 2055 τὴν
1277 1987 1368 2038 ἐπὶ
1392 1987 1511 2047 ταῖς
1536 1985 1839 2053 ἐνεργείαις
1875 1985 1983 2054 ἀμ-

409 2077 655 2148 φιϐολίαν
680 2078 745 2130 ἐκ
768 2076 867 2146 τῆς
900 2060 1281 2146 ἐργασαμένης
1327 2076 1515 2139 οὐσίας
1547 2074 1857 2128 διαλύεσθαι
1894 2075 1984 2126 λέ-

408 2186 537 2238 γει,
579 2169 611 2239 ἢ
653 2170 745 2221 καὶ
786 2168 878 2220 ἐπὶ
923 2167 1122 2229 παντὸς
1164 2166 1507 2237 πράγματος,
1552 2161 1595 2233 ᾧ
1636 2184 1718 2229 τις
1759 2166 1985 2237 δύναμις

408 2258 665 2331 ποιητικὴ
696 2258 1049 2328 συνυπάρχει,
1082 2257 1167 2310 διὰ
1190 2258 1290 2327 τῆς
1333 2257 1426 2310 τοῦ
1459 2255 1735 2321 ποιοῦντος
1777 2259 1983 2322 οὐσίας,

410 2354 505 2405 καὶ
531 2353 629 2423 τὴν
654 2351 763 2404 τῶν
782 2350 1082 2419 γεγονότων
1104 2349 1263 2419 φύσιν
1293 2349 1662 2418 ἐπιγινώσκει.
1684 2352 1746 2404 Et
1777 2352 1873 2422 μὲν
1896 2348 1988 2405 οὖν

410 2439 504 2491 ἐπὶ
534 2439 701 2509 μόνης
733 2439 829 2509 τῆς
882 2438 1031 2501 θείας
1057 2438 1336 2508 δυνάμεως
1364 2439 1425 2491 τὸ
1471 2440 1711 2494 τοιοῦτον
1754 2443 1991 2511 ἀποφαί-

413 2547 564 2583 νεται
596 2529 792 2599 δόγμα,
823 2528 1052 2593 δειξάτω
1108 2528 1227 2593 πῶς
1269 2530 1369 2600 τὴν
1421 2531 1831 2601 ἀμφισϐήτησιν
1882 2532 1988 2585 τῶν

411 2618 508 2672 τοῦ
560 2619 694 2672 Θεοῦ
750 2618 927 2691 ἔργων
972 2620 1177 2673 διαλύει
1214 2622 1301 2674 διὰ
1340 2622 1435 2691 τῆς
1460 2622 1551 2675 τοῦ
1597 2626 1987 2695 ἐνεργήσαντος

414 2709 649 2780 φύσεως.
680 2710 810 2763 Ἰδοὺ
849 2710 958 2782 γὰρ
984 2711 1351 2781 ἀναμφίῦολον
1372 2712 1529 2785 ἔργον
1550 2713 1705 2778 Θεοῦ,
1737 2716 1985 2786 οὐρανὸς,

413 2801 511 2871 γῆ,
538 2800 800 2867 θάλασσα,
837 2801 956 2864 ὅλος
983 2802 1012 2854 6
1047 2802 1271 2872 κόσμος.
1313 2803 1586 2873 Ζητείσθω
1629 2804 1685 2857 δὲ
1719 2807 1839 2859 καθ’
1862 2808 1992 2860 ὑπό-

412 2893 563 2947 θεσιν
587 2931 601 2956 ,
634 2891 840 2946 τούτων
872 2893 992 2957 ἑνὸς
1034 2894 1068 2963 ἡ
1109 2894 1265 2947 οὐσία
1296 2911 1309 2924 ο
1333 2897 1427 2948 καὶ
1470 2894 1609 2949 ἔστω
1653 2896 1878 2967 οὐρανὸς
1924 2900 1990 2970 τῇ

412 2986 621 3058 θεωρίᾳ
680 2986 776 3041 τοῦ
833 2986 991 3054 λόγου
1052 2987 1428 3057 προκείμενος.
1493 2987 1993 3060 Ἀμφισαλλομένης

414 3075 595 3129 τοίνυν
622 3076 714 3128 τοῦ
745 3074 972 3145 οὐρανοῦ
998 3075 1099 3145 τῆς
1135 3076 1341 3141 οὐσίας,
1376 3076 1462 3130 διὰ
1491 3079 1589 3141 τὰς
1626 3080 1873 3143 ποικίλας
1902 3082 1993 3133 ἐπὶ

415 3167 590 3237 τούτῳ
640 3166 797 3231 δόξας
848 3167 957 3219 τῶν
989 3166 1255 3239 διαφόρως
1303 3169 1443 3222 κατά
1486 3170 1549 3222 τὸ
1583 3172 1745 3238 φανὲν
1779 3173 1991 3242 ἑκάστῳ

418 3258 546 3329 περὶ
568 3256 729 3312 αὐτοῦ
756 3258 1231 3328 φυσιολογούντων,
1248 3259 1364 3322 πῶς
1388 3262 1517 3330 ἡμῖν
1545 3262 1739 3331 ἐπάγει
1764 3265 1861 3333 τὴν
1883 3263 1996 3317 διά-

419 3350 571 3402 λυσιν
598 3350 696 3420 τῆς
732 3346 826 3402 τοῦ
859 3348 1187 3420 ζητουμένου
1222 3350 1547 3421 ἀμφιϐολίας
1579 3353 1730 3424 ἡτοῦ
1769 3370 1997 3424 πεποιη-

419 3441 577 3503 κότος
610 3444 701 3492 τὸν
741 3441 966 3511 οὐρανὸν
1005 3440 1235 3511 θεωρίας
1271 3442 1506 3505 Ἐκεῖνος
1535 3441 1721 3507 ἀῦλος,
1745 3445 1992 3515 ἀόρατος,

423 3531 853 3601 ἀσχημάτιστος,
916 3532 1205 3602 ἀγέννητός
1250 3550 1310 3585 τε
1349 3533 1443 3586 καὶ
1475 3533 1647 3587 εἰσαεὶ
1694 3534 1992 3606 διαμένων,

423 3622 647 3694 φθορᾶς,
662 3624 756 3677 καὶ
780 3624 1107 3695 τροπῆς,καὶ
1131 3623 1485 3688 ἀλλοιώσεως,
1502 3626 1592 3678 καὶ
1610 3626 1715 3679 τῶν
1743 3626 1996 3680 τοιούτων

424 3716 638 3769 πάντων
672 3714 1016 3777 ἀνεπίδεκτος
1044 3715 1237 3784 μένων.
1260 3714 1381 3778 Πῶς
1409 3712 1502 3769 οὖν
1530 3716 1558 3767 ὁ
1588 3715 1841 3786 τοιαύτην
1872 3718 1998 3788 περὶ

423 3807 518 3860 τοῦ
549 3806 939 3877 ἐνεργήσαντος
966 3805 1143 3857 λαϐὼν
1178 3805 1274 3874 τὴν
1315 3805 1567 3869 διάνοιαν,
1600 3807 1736 3877 πρὸς
1765 3807 1861 3877 τὴν
1887 3807 1999 3859 ἐπί-

424 3914 627 3967 γνωσιν
659 3898 755 3965 τῆς
799 3896 893 3949 τοῦ
938 3896 1168 3967 οὐρανοῦ
1203 3895 1417 3965 φύσεως
1457 3897 1841 3968 ἐναχθήσεται;
1874 3899 1999 3963 Πῶς

427 3990 492 4043 ἐκ
518 3986 611 4042 τοῦ
638 3987 970 4058 ἀοράτου,τὸ
993 3987 1205 4057 ὁρατὸν,
1236 3989 1298 4040 ὲκ
1321 3989 1415 4041 τοῦ
1452 3988 1750 4060 ἀφθάρτου,
1784 3988 1845 4041 τὸ
1872 3990 1999 4058 φθο-

429 4082 499 4154 ρᾷ
549 4080 901 4150 ὑποκείμενον
939 4118 954 4143 ,
984 4080 1047 4131 ἐκ
1105 4076 1199 4131 τοῦ
1241 4079 1551 4149 ἀγεννήτως
1586 4080 1755 4145 ὄντος,
1786 4080 1846 4132 τὸ
1891 4079 1998 4133 ἀπὸ

426 4173 619 4243 χρόνου
650 4173 748 4244 τὴν
775 4170 1029 4225 σύστασιν
1059 4170 1201 4240 ἔχον,
1221 4172 1284 4224 ἐκ
1310 4170 1403 4224 τοῦ
1430 4173 1602 4225 εἰσαεὶ
1633 4172 1993 4243 διαμένοντος,

425 4265 488 4317 τὸ
537 4264 869 4335 πρόσκαιρον
892 4265 1227 4335 κεκτημένον
1247 4265 1344 4335 τὴν
1380 4264 1740 4336 ὐπαρξιν,κα“ι
1770 4269 1833 4320 ἐκ
1861 4268 1999 4321 πάν-

424 4373 532 4410 των
561 4356 666 4409 τῶν
695 4354 967 4420 ἐναντίων,
997 4356 1095 4426 τὴν
1122 4357 1247 4427 περὶ
1286 4357 1378 4410 τοῦ
1413 4355 1738 4429 ζητουμένου
1780 4359 1999 4428 ποιήσε-

426 4465 517 4501 ται
555 4448 879 4517 κατανόησιν
909 4464 923 4513 ;
957 4448 1178 4500 Εἱπάτω
1199 4450 1226 4501 6
1249 4448 1710 4518 περιεσκεμμένος
1742 4447 1809 4500 δι’
1837 4449 1998 4519 ἀκρι-

2083 1988 2214 2026 num
2241 1973 2293 2027 in
2319 1973 2435 2028 sola
2459 1980 2656 2027 natura
2683 1973 2866 2027 divina
2890 1972 3285 2028 dubitationem
3310 1971 3377 2026 de
3398 1971 3666 2040 operatio-

2085 2064 2249 2119 nibus
2275 2080 2340 2119 ex
2371 2066 2651 2134 operantis
2684 2066 2925 2119 essentia
2958 2065 3185 2120 dissolvi
3218 2080 3378 2134 posse
3408 2070 3664 2130 asserat;

2088 2171 2157 2209 an
2187 2172 2317 2211 vero
2350 2157 2407 2211 in
2436 2158 2586 2211 omni
2621 2173 2677 2211 re
2701 2197 2714 2219 ,
2747 2158 2835 2211 cui
2883 2158 3075 2227 agendi
3121 2157 3352 2210 facultas
3388 2154 3662 2225 suppetit,

2088 2260 2185 2315 per
2202 2246 2492 2301 eilicientis
2506 2248 2801 2301 essentiam
2822 2247 3110 2301 etfee'tuum
3127 2263 3345 2319 quoque
3368 2247 3666 2303 essentiam

2089 2338 2431 2407 c0gnoscat?
2463 2336 2517 2392 Si
2550 2338 2617 2393 de
2647 2339 2762 2392 sola
2795 2339 2982 2393 divina
3022 2341 3129 2393 tale
3168 2340 3365 2410 dogma
3406 2338 3663 2401 traditur,

2090 2427 2344 2481 ostendat
2377 2430 2535 2485 nobis
2558 2471 2571 2494 ,
2622 2431 2899 2500 quomodo
2929 2431 3366 2486 dubitationibus
3388 2472 3401 2493 ,
3449 2446 3568 2500 quae
3597 2430 3667 2484 de

2089 2519 2360 2574 creaturis
2392 2518 2485 2574 Dei
2516 2522 2828 2585 exsistunt,
2864 2539 2929 2577 ex
2961 2522 3225 2576 creatoris
3270 2534 3466 2575 natura
3511 2522 3670 2577 satis-

2088 2608 2274 2665 faciat.
2303 2611 2444 2665 Ecce
2470 2613 2612 2666 enim
2644 2613 3009 2667 indubitatum
3038 2630 3175 2683 opus
3203 2612 3295 2666 Dei
3322 2623 3404 2667 est
3429 2614 3626 2667 ccelum
3650 2651 3666 2676 ,

2092 2708 2266 2768 terra,
2321 2719 2505 2769 mare,
2560 2714 2705 2759 totus
2757 2705 3014 2759 mundus.
3064 2703 3346 2769 Qumratur
3394 2720 3525 2774 ergo
3572 2719 3671 2773 per

2094 2793 2418 2864 hypotbesin
2456 2797 2620 2853 unius
2653 2814 2715 2852 ex
2753 2799 2874 2853 istis
2907 2800 3145 2852 essentia
3170 2839 3183 2861 ,
3221 2798 3397 2866 sitque
3426 2798 3626 2851 caelum
3651 2836 3668 2861 ,

2093 2886 2326 2954 exempli
2357 2888 2549 2955 gratia.
2591 2889 2725 2941 Cum
2759 2889 2924 2959 igitur
2955 2887 3080 2942 coeli
3111 2888 3351 2942 essentia
3379 2888 3543 2942 dubia
3573 2890 3669 2951 sit,

2094 2981 2318 3043 propter
2344 2978 2526 3029 varias
2555 2992 2741 3030 eorum
2768 3018 2780 3039 ,
2828 2978 2921 3047 qui
2963 2978 3114 3031 varie
3145 2976 3213 3030 de
3254 2978 3393 3030 coelo
3436 2978 3676 3047 philoso-

2097 3065 2358 3133 pilantur,
2394 3067 2683 3134 Opiniones
2705 3107 2718 3132 ,
2753 3070 3027 3138 quomodo
3059 3070 3223 3124 nobis
3268 3069 3673 3124 dubitationem

2098 3157 2337 3222 eximet,
2360 3158 2480 3226 ejus
2498 3198 2510 3222 ,
2536 3159 2628 3228 qui
2661 3161 2859 3212 cmlum
2890 3160 3015 3215 fecit
3036 3201 3050 3225 ,
3076 3160 3507 3230 contemplatio?
3530 3158 3669 3213 Nam

2099 3248 2191 3302 ille
2218 3250 2463 3303 materici
2496 3266 2692 3317 expers
2718 3262 2828 3315 est,
2860 3252 3302 3322 inaspectabilis,
3352 3253 3525 3323 ﬁgura
3572 3268 3669 3304 ca-

2096 3355 2225 3394 rens
2248 3381 2261 3402 ,
2298 3340 2718 3409 ingenerabilis,
2762 3345 3023 3412 perpetim
3068 3358 3298 3398 manens
3319 3385 3333 3409 ,
3367 3344 3672 3412 corruptio-

2097 3432 2184 3484 nis
2205 3471 2219 3494 ,
2255 3434 2607 3499 mutationis,
2636 3443 2691 3488 et
2722 3435 3062 3490 alterationis
3084 3475 3097 3499 ,
3128 3436 3486 3504 omniumque
3519 3436 3671 3490 simi-

2097 3523 2229 3576 lium
2262 3524 2514 3594 incapax.
2544 3527 2828 3591 Quomodo
2858 3527 3024 3596 igitur
3049 3528 3138 3582 ille
3159 3567 3174 3591 ,
3205 3528 3297 3597 qui
3332 3529 3425 3582 tali
3457 3536 3673 3583 senten-

2099 3615 2172 3667 tia
2202 3617 2268 3669 de
2298 3617 2423 3671 ειειί
2453 3618 2741 3672 conditore
2771 3617 3018 3673 imbutus
3048 3629 3163 3682 εει,
3192 3619 3259 3673 ad
3299 3620 3669 3690 cognitionem

2098 3715 2338 3773 naturae,
2367 3724 2472 3778 qua
2502 3710 2701 3764 cmlum
2733 3719 2979 3775 constat,
3003 3710 3365 3780 perducetur?
3387 3711 3675 3778 Quomodo

2099 3813 2163 3852 ex
2210 3799 2583 3868 inaspectabili
2604 3843 2621 3866 ,
2666 3800 2718 3854 id
2761 3801 2908 3871 quod
2936 3802 3038 3857 sub
3068 3811 3350 3871 aspectum
3383 3804 3573 3869 cadit,
3604 3821 3674 3859 ex

2098 3890 2504 3961 incorruptibili
2533 3894 2870 3964 corruptioni
2902 3894 3200 3948 obnoxium
3227 3934 3242 3961 ,
3272 3912 3337 3950 ex
3370 3906 3498 3951 ente
3528 3897 3675 3969 inge—

2098 3982 2242 4047 nito,
2286 3983 2340 4035 id
2417 3983 2561 4052 quod
2605 3999 2668 4038 ex
2720 3991 2965 4053 tempore
2994 3994 3437 4057 coagmentatum
3468 3997 3588 4054 est,
3620 3997 3678 4044 et

2098 4090 2165 4129 ex
2194 4090 2260 4128 eo
2289 4074 2434 4144 quod
2477 4091 2692 4146 semper
2736 4077 2897 4131 durat
2936 4088 2989 4131 et
3030 4086 3248 4145 manet,
3280 4079 3333 4133 id
3363 4080 3507 4150 quod
3536 4088 3676 4135 tem-

2099 4166 2374 4236 porariam
2406 4176 2461 4221 et
2502 4168 2765 4221 caducam
2812 4170 3193 4225 exsistentiam
3240 4174 3490 4244 accepit,
3519 4174 3675 4228 colli-

2100 4265 2220 4329 get,
2246 4265 2300 4313 et
2329 4274 2393 4313 ex
2426 4260 2493 4315 iis
2533 4275 2654 4330 quae
2696 4262 2815 4325 rei,
2857 4262 2923 4317 de
2964 4278 3071 4332 qua
3113 4265 3397 4334 quaeritur,
3440 4281 3672 4336 prorsus

2101 4351 2485 4415 adversantur,
2512 4352 2918 4422 intelligentiam
2947 4353 3239 4409 formabit?
3261 4354 3435 4421 Dicat,
3462 4358 3556 4427 qui
3581 4374 3674 4413 ac-

2101 4451 2292 4498 curate
2313 4459 2402 4498 res
2428 4445 2677 4499 conditas
2707 4446 3037 4514 perlustrat,
3058 4447 3236 4513 dicat,
3266 4449 3487 4519 inquam
3505 4491 3519 4516 ,
3546 4466 3679 4520 quo-

428 4540 581 4603 6είας
599 4539 668 4593 τά
691 4538 819 4592 ὂντα
835 4553 847 4567 ·
873 4539 1077 4592 εἰπάτω
1097 4540 1213 4603 πῶς
1237 4541 1351 4592 ἐστι
1381 4539 1603 4593 δυνατόν
1641 4539 1705 4593 τὰ
1731 4539 1992 4610 ἀνομοίως

2103 4536 2265 4590 modo
2299 4536 2413 4590 ﬁeri
2444 4536 2649 4605 possit,
2683 4544 2741 4589 ut
2776 4553 2895 4606 quae.
2930 4538 3218 4594 dissimilis
3253 4548 3465 4595 natura:
3506 4554 3672 4608 sunt,

430 4630 572 4685 κατά
600 4630 699 4700 τὴν
728 4630 887 4698 φύσιν
917 4629 1128 4701 ἔχοντα,
1154 4630 1219 4683 δι’
1236 4630 1476 4697 ἀλλήλων
1504 4629 1957 4697 ἐπιγινώσκεσθαι
1982 4646 1998 4660 ο

431 4722 607 4776 καίτοι
635 4738 698 4790 γε
720 4721 785 4775 δι’
802 4722 978 4775 αὐτῶν
1000 4721 1201 4774 τούτων
1229 4713 1303 4775 ὧν
1326 4721 1485 4783 αὐτός
1515 4737 1697 4790 φησιν,
1715 4721 1870 4790 εἴπερ
1891 4723 2001 4784 τοῖς

435 4817 586 4881 ἰδίοις
628 4816 1044 4871 κατακολουθεῖν
1078 4814 1340 4885 ἠπίστατο
1392 4815 1588 4883 λόγοις,
1623 4815 1877 4885 ὼδηγήθη
1936 4815 2001 4869 ἂν

434 4908 568 4979 πρὸς
594 4906 691 4977 τὴν
711 4905 802 4960 τοῦ
820 4906 987 4976 ἐκκλη
997 4904 1275 4959 σιαστικοῦ
1292 4905 1559 4975 δόγματος
1582 4906 1997 4974 συγκατάθεσιν.

434 5000 498 5052 Εἰ
528 4998 635 5069 γὰρ
676 4999 710 5068 ἡ
736 4997 828 5051 τοῦ
857 4999 1183 5068 ποιήσαντος
1228 4995 1385 5063 φύσις
1415 4995 1474 5049 τὸ
1504 4998 1639 5067 παρ’»
1654 4997 1818 5067 αὐτῆς
1846 5013 2004 5065 γεγε-

434 5090 665 5160 νημένον
691 5088 947 5153 δείκνυσι,
972 5087 1155 5151 καθὼς
1185 5078 1339 5150 οὗτός
1378 5104 1532 5158 φησι,
1556 5086 1764 5157 ποίημα
1796 5087 1851 5139 δὲ
1882 5088 2003 5140 κατ’

433 5179 680 5241 αὐτοὺςὸ
706 5178 833 5242 Υίός
882 5180 995 5232 ἐστι
1034 5178 1129 5231 τοῦ
1176 5178 1409 5248 Πατρος,
1448 5178 1664 5240 πάντως
1694 5179 1722 5230 6
1768 5178 1866 5248 τὴν
1909 5177 2002 5231 τοῦ

437 5270 645 5339 Ιιατρὸς
687 5270 844 5339 φύσιν
894 5272 1251 5340 κατανοήσας,
1279 5271 1372 5322 καὶ
1406 5270 1504 5341 τὴν
1546 5269 1639 5322 τοῦ
1670 5272 2005 5338 Μονογενοῢς

436 5361 505 5413 δι’
526 5361 739 5431 ἐκείνης
767 5360 1058 5431 ἐγνώρισεν
1084 5380 1096 5393 ο
1124 5362 1281 5431 εἴπερ
1310 5363 1343 5431 ἡ
1366 5360 1459 5413 τοῦ
1491 5362 1878 5431 ἐνεργήσαντος
1905 5361 2005 5431 φύ-

440 5470 521 5515 σις
574 5453 634 5505 τὸ
660 5454 948 5523 ἐνεργηθὲν
982 5455 1350 5523 ἀπεσήμηνεν.

519 5544 608 5608 Ὠς
639 5545 735 5598 καὶ
775 5544 863 5598 διὰ
917 5545 1105 5598 τούτου
1137 5544 1228 5598 τὸν
1271 5544 1371 5613 τῆς
1412 5543 1791 5615 ἀνομοιότητος
1806 5543 2007 5615 αὐτῆς⁶

439 5634 740 5705 Μονογενῆ,
760 5634 869 5688 τῶν
896 5635 993 5705 τῆς
1022 5634 1281 5705 Προνοίας
1308 5634 1484 5703 ἐργων
1504 5634 1971 5704 ἀποσχοινίζεσθαι
1988 5649 2002 5664 ο

445 5725 608 5797 μηδὲν
637 5726 1192 5797 πολυπραγμονεῖσθω
1220 5729 1253 5798 ή
1287 5727 1516 5796 γένεσις,
1547 5725 1679 5796 μηδέ
1715 5725 2008 5795 βεϐιασμέ-

442 5834 548 5881 νως
572 5818 777 5873 ἐκεῖθεν
798 5820 832 5891 ὴ
857 5818 1173 5891 ἀνομοιότης
1197 5819 1290 5873 τοῦ
1325 5816 1657 5889 Μονογενοῦς
1684 5816 2004 5888 ἐλεγχέσθω.

2103 4642 2198 4697 per
2246 4642 2305 4680 se
2353 4636 2543 4681 mutuo
2592 4629 3035 4698 cognoscantur?
3075 4629 3396 4700 Quanquam
3444 4648 3542 4701 per
3584 4634 3676 4686 illa

2104 4718 2222 4787 ipsa
2267 4732 2385 4788 qua:
2416 4717 2578 4782 dicit,
2613 4719 2658 4773 si
2708 4720 2947 4788 propriis
2990 4721 3105 4775 suis
3148 4722 3496 4779 sermonibus
3541 4724 3679 4781 insi-

2106 4821 2249 4864 stere
2295 4818 2516 4875 nosset,
2562 4826 2627 4863 eo
2673 4812 2871 4866 adduci
2925 4820 3140 4883 posset,
3192 4823 3250 4869 ut
3297 4817 3675 4876 ecclesiastico

2104 4901 2343 4971 dogmati
2372 4916 2655 4956 assensum
2684 4904 2963 4971 praéberet.
2995 4902 3050 4956 Si
3081 4905 3224 4957 enim
3259 4907 3555 4964 conditoris
3582 4925 3652 4963 na

2104 4999 2262 5056 tura,
2318 4991 2373 5046 id
2414 4993 2559 5062 quod
2609 4996 2676 5045 ab
2728 4994 2818 5046 illa
2865 4994 3192 5062 productum
3235 5003 3358 5062 est,
3403 5000 3678 5068 ostendit,

2105 5094 2269 5154 prout
2297 5085 2415 5155 ipse
2447 5084 2710 5150 afﬁrmat,
2749 5100 2888 5155 Opus
2930 5095 3109 5139 autem
3152 5102 3217 5141 ex
3263 5089 3509 5158 ipsorum
3553 5108 3683 5147 sen-

2106 5175 2313 5239 tentia,
2360 5184 2444 5231 est
2483 5173 2689 5241 Filius,
2741 5176 2902 5245 plane
2952 5186 3203 5246 oportet,
3252 5187 3311 5232 ut
3355 5182 3448 5249 qui
3500 5181 3681 5240 Patris

2106 5277 2358 5321 naturam
2391 5269 2708 5338 cognoscit,
2755 5278 3055 5337 cognoscat
3099 5286 3317 5340 quoque
3357 5287 3454 5341 per
3496 5274 3680 5341 illam,

2107 5357 2380 5430 Unigeniti
2425 5368 2714 5423 naturam;
2757 5359 2802 5413 si
2847 5360 3198 5429 producentis
3241 5371 3436 5416 natura
3477 5364 3685 5419 indicat

2107 5454 2269 5510 etiam
2301 5452 2356 5507 id
2391 5452 2533 5522 quod
2570 5453 2897 5523 productum
2928 5461 3032 5507 est.

2178 5542 2319 5610 Quin
2372 5551 2427 5598 et
2488 5560 2587 5614 per
2640 5544 2781 5600 hanc
2840 5543 2905 5599 de
2952 5544 3320 5615 inaequalitate
3366 5544 3681 5601 doctrinam

2109 5630 2460 5702 Unigenitum
2492 5648 2521 5686 a
2556 5633 2915 5689 Providentiae
2962 5635 3220 5704 operibus
3252 5635 3570 5692 excludunt.
3600 5635 3680 5693 Ne

2110 5725 2410 5780 studiosius
2435 5739 2766 5795 occupemur
2792 5726 2939 5780 circa
2964 5727 3084 5796 ejus
3113 5727 3517 5798 generationem
3539 5768 3553 5791 ,
3581 5744 3681 5785 ne-

2110 5832 2216 5885 que
2278 5816 2403 5875 inde
2453 5817 2721 5877 violenter
2757 5820 3102 5893 inaequalitas
3146 5820 3269 5879 Filii
3296 5822 3686 5896 redarguetur.
