4146 6370
462 358 569 424 337

1676 359 1731 413 S.
1764 353 2087 412 GltEGORll
2120 354 2409 410 NYSSENI

3588 341 3691 405 383

466 478 671 533 Sufﬁcit
719 478 863 531 enim
897 485 949 531 et
1003 477 1340 529 voluntatum
1372 476 1664 530 diversitas
1693 476 1757 529 ad
1794 478 1927 527 hoc.
1966 480 2024 525 ut

2148 473 2408 544 totdpxn;
2428 471 2534 542 γὰρ
2580 471 2668 523 καὶ
2698 471 2729 539 ἡ
2763 469 2869 521 τῶν
2913 467 3280 537 προαιρέσεων
3322 463 3548 533 διαφορά
3597 462 3695 533 τὴν

466 580 672 626 natura:
701 569 1068 623 diversitatem
1099 567 1357 621 notiﬁcet.
1386 566 1727 637 Quapropter
1755 582 1878 621 cum
1908 581 2027 657 oin:

450 666 640 724 Anium,
667 660 826 713 etiam
856 660 1316 722 adversariorum,
1347 660 1715 719 confessione,
1745 660 1917 726 prima
1949 673 2029 711 es-

466 751 641 806 sentia
683 750 909 818 simplex
957 751 1061 812 sit,
1105 750 1477 803 necessarium
1530 763 1755 818 prorsus
1804 756 1918 812 est,
1972 754 2029 799 ut

465 845 715 890 naturam
752 838 1004 890 voluntas
1048 846 1101 889 et
1144 837 1337 890 electio
1376 836 1703 903 comitetur;
1743 852 1865 889 cum
1899 840 2029 888 Vero

467 930 607 983 bona
641 930 890 983 voluntas
926 944 1019 998 per
1054 929 1448 997 providentiam
1484 928 1919 993 demonstretur,
1955 927 2029 979 si-

468 1023 579 1076 mul
621 1022 788 1075 etiam
831 1020 1238 1074 demonstratur
1279 1021 1473 1074 bonam
1508 1034 1630 1073 esse
1666 1028 1913 1072 naturam
1940 1059 1952 1077 ,
1998 1034 2025 1070 a

467 1129 572 1182 qua
605 1124 687 1167 est
721 1114 994 1165 voluntas.
1032 1110 1167 1164 Cum
1204 1126 1335 1164 vero
1363 1111 1512 1163 solus
1541 1109 1700 1163 Pater
1732 1108 1873 1161 bona
1903 1121 2030 1176 ope-

471 1213 641 1265 retur,
688 1200 859 1256 Filins
905 1209 1085 1254 antem
1127 1201 1314 1254 eadem
1347 1214 1454 1253 non
1495 1199 1656 1252 vellet
1699 1197 1932 1266 (loquor
1965 1212 2030 1250 ex

468 1295 753 1365 hypothesi
788 1293 1221 1346 adversariorum
1250 1290 1471 1361 gratia),
1493 1288 1715 1343 evidens
1740 1296 1888 1342 esset
1920 1286 2030 1339 dii-

466 1383 695 1437 ferentia
747 1384 801 1436 in
830 1392 1059 1446 natura,
1111 1390 1297 1451 utpote
1336 1381 1653 1435 diversitate
1692 1380 2028 1434 voluntatum

465 1482 682 1529 testata.
722 1474 791 1527 At
836 1475 881 1528 si
927 1474 1085 1528 Pater
1130 1474 1525 1543 providentiam
1569 1472 1812 1525 omnium
1858 1471 2029 1539 gerit,

468 1567 741 1635 similique
767 1567 927 1619 modo
952 1564 1119 1620 Filius
1151 1568 1409 1620 omnibus
1444 1565 1690 1634 providet
1723 1564 1864 1632 (qme
1889 1563 2031 1614 enim

466 1659 613 1713 videt
640 1657 851 1712 Patrem
887 1658 1171 1711 facientem
1194 1697 1208 1719 ,
1246 1658 1498 1710 similiter
1528 1666 1580 1709 et
1610 1654 1785 1707 Filius
1821 1654 1949 1707 facit
1976 1654 1989 1715 )
2020 1668 2034 1707 :

470 1750 726 1804 identitas
755 1751 1049 1803 voluntatis
1070 1791 1083 1814 ,
1108 1749 1421 1803 e'orumdem
1457 1749 1643 1802 eadem
1682 1760 1911 1816 prorsus
1936 1756 2033 1799 vo-

468 1843 729 1904 lentium,
780 1842 1216 1895 communionem
1273 1842 1327 1895 in
1379 1849 1571 1893 natura
1614 1838 1872 1893 ostendit.
1924 1837 2034 1891 Cur

467 1934 635 2004 igitur
669 1933 916 2001 rejicitnr
944 1948 1125 1985 sermo
1167 1932 1233 1985 de
1272 1932 1647 2000 providentia,
1691 1929 1847 1999 quasi
1898 1928 2035 1981 nihil

466 2029 586 2095 opis
615 2025 679 2077 ad
726 2023 1059 2093 propositam
1108 2024 1461 2092 qnzrstionem
1510 2020 1799 2074 conferat?
1849 2018 2033 2083 Quatt-

467 2131 629 2183 quam
661 2115 831 2166 multa
863 2115 1024 2168 etiam
1060 2130 1120 2166 ex
1155 2114 1426 2165 communi
1460 2112 1561 2165 hac
1589 2114 1695 2165 vita
1719 2113 2033 2179 desumpta,

469 2206 822 2275 disputationi
873 2220 1073 2258 nos:r;e
1123 2206 1514 2269 suliragantur,
1567 2204 1811 2272 intelligo
1855 2212 2035 2254 autem

468 2298 726 2351 omnibus
785 2304 910 2348 nota
969 2296 1234 2361 exempla.
1295 2296 1397 2359 Qui
1448 2295 1589 2361 ignis
1639 2294 1813 2347 lucem
1871 2293 2035 2357 vidit,

467 2397 521 2439 et
570 2385 933 2439 calefactricis
986 2386 1241 2453 potentize
1291 2387 1724 2453 experimentum
1776 2385 1945 2453 cepit,
1991 2384 2038 2437 si

469 2478 524 2529 in
583 2476 743 2529 aliam
804 2476 1115 2543 hujnsmodi
1176 2475 1348 2527 lucem
1399 2486 1451 2528 et
1498 2476 1734 2529 calorem
1788 2476 2036 2530 incidat:

467 2573 745 2623 enimvero
774 2568 827 2620 in
863 2568 1112 2620 notitiam
1144 2568 1282 2635 ignis
1332 2567 1632 2621 deducetur
1680 2583 1745 2620 ex
1782 2568 2041 2621 similitu-

469 2662 595 2715 dine
623 2676 975 2729 eorum,qu:e
1003 2674 1163 2713 sensu
1222 2659 1484 2728 percepit,
1533 2659 1600 2712 ad
1661 2661 2040 2729 cognationem

469 2761 522 2803 et
546 2751 977 2804 convenientiam
1015 2760 1238 2812 naturre,
1290 2766 1385 2818 per
1446 2764 1609 2817 quam
1658 2749 1845 2802 eﬂ'ecta
1890 2758 2038 2811 sunt,

472 2849 802 2909 provectus;
858 2855 962 2891 non
1015 2840 1157 2892 enim
1213 2837 1421 2906 aliquid
1480 2838 1682 2897 omnia,
1732 2854 1852 2907 ane
1902 2840 2044 2907 ignis

472 2940 620 2993 sunt,
648 2937 849 2996 ageret,
904 2928 946 2981 si
982 2929 1121 2997 ignis
1152 2944 1258 2981 non
1294 2936 1460 2982 esset.
1488 2927 1580 2981 Sic
1611 2929 1655 2980 si
1702 2928 1755 2980 in
1811 2927 1968 2981 Patre
1994 2939 2047 2981 et

474 3022 610 3075 Filio
634 3023 863 3075 similem
897 3036 1142 3090 prorsus,
1168 3030 1220 3072 et
1260 3021 1523 3088 tequalein
1554 3020 1910 3088 providentiae
1962 3036 2047 3071 ras

2126 559 2223 625 τῆς
2249 560 2461 628 φύσεως
2496 558 2787 628 ἑτερότητα
2820 556 3157 627 φανερῶσαι·
3192 555 3326 607 διότι
3358 552 3531 622 ἁπλῆς
3558 549 3695 605 εἶναι

2131 649 2671 719 συνομολογηθείσης,
2710 651 2803 701 καὶ
2829 648 2978 717 παρά
3004 647 3109 700 τῶν
3131 646 3405 705 ἐναντίων,
3430 645 3529 714 τῆς

2128 756 2226 809 της
2274 742 2479 803 οὐσίας,
2514 740 2818 808 ἐπάναγκές
2849 742 2963 791 ἐστι
3001 742 3066 808 τῇ
3097 738 3254 806 φύσει
3298 737 3591 807 σύνδρομον
3613 738 3700 787 ἐν·

2130 832 2268 883 νοεῖν
2295 830 2392 899 τὴν
2434 830 2749 900 προαίρεσιν
2785 845 2795 856 ·
2832 830 2929 899 τῆς
2970 828 3026 881 δὲ
3072 828 3439 898 προαιρέσεως
3494 824 3702 892 ἀγαθῆς

2130 921 2215 974 διά
2236 922 2333 991 τῆς
2370 922 2621 990 προνοίας
2641 922 3050 992 ἀποδειχθείσης
3072 963 3085 985 ,
3101 920 3277 989 ἀγαθὴ
3311 917 3699 986 συναπεδείχθη

2133 1013 2225 1065 καὶ
2256 1015 2287 1081 ἡ
2319 1013 2498 1081 φύσις,
2533 1015 2623 1082 ἀφ’
2652 1011 2717 1085 ἧς
2745 1017 2775 1083 ἡ
2816 1014 3159 1083 προαίρεσις·
3192 1012 3350 1081 μόνου
3380 1011 3435 1062 δὲ
3467 1010 3559 1062 τοῦ
3590 1012 3702 1062 Πα-

2130 1104 2259 1173 τρὸς
2284 1104 2351 1157 τά
2383 1105 2561 1172 ἀγαθά
2595 1106 2958 1177 ἐνεργοῦντος,
2986 1104 3079 1157 τοῦ
3109 1104 3165 1156 δὲ
3194 1103 3321 1155 Υίοῦ
3353 1103 3426 1172 μὴ
3454 1100 3521 1153 τὰ
3567 1100 3707 1153 αύτά

2135 1199 2564 1268 προαιρουμένου
2597 1201 2615 1267 (
2638 1199 2777 1265 λέγω
2806 1198 2859 1250 δὲ
2889 1197 3005 1250 καθ’
3038 1195 3294 1249 ὑπόθεσιν
3317 1194 3423 1246 τῶν
3451 1191 3704 1245 ἐναντίων

2134 1289 2348 1358 ἕνεκεν)
2369 1328 2385 1353 ,
2406 1291 2670 1361 πρόδηλος
2697 1292 2760 1344 ἂν
2784 1287 2850 1361 ἦν
2876 1292 2907 1361 ἡ
2942 1290 3079 1343 κατὰ
3104 1289 3200 1359 τὴν
3232 1288 3418 1341 οὐσίαν
3453 1284 3703 1355 διαφορά,

2135 1379 2213 1447 τῷ
2252 1382 2689 1453 παρηλλαγμένῳ
2721 1383 2827 1435 τῶν
2861 1383 3231 1454 προαιρέσεων
3265 1379 3704 1451 μαρτυρουμένη.

2137 1471 2200 1523 Εἰ
2227 1471 2281 1523 δὲ
2309 1477 2522 1542 προνοεῖ
2563 1474 2662 1543 μὲν
2701 1476 2729 1525 ὁ
2759 1474 2943 1545 Πατὴρ
2974 1474 3082 1527 τῶν
3107 1474 3381 1534 ἁπάντων,
3411 1473 3626 1542 προνοεί
3652 1470 3709 1522 δὲ

2136 1563 2394 1628 ὡσαύτως
2444 1568 2536 1618 καὶ
2581 1568 2608 1618 ὁ
2666 1568 2789 1630 Υἱὸς
2839 1566 2907 1631 (ἃ
2952 1566 3061 1635 γὰρ
3109 1566 3295 1635 βλέπει
3346 1563 3437 1617 τὸν
3490 1563 3710 1632 Πατέρα

2138 1653 2410 1715 ποιοῦντα,
2426 1656 2519 1707 καὶ
2534 1658 2562 1707 ό
2581 1656 2706 1719 Υἱὸς
2725 1656 2922 1723 ὁμοίως
2943 1659 3113 1725 ποιεῖ)
3138 1672 3149 1685 ·
3168 1659 3199 1726 ἡ
3219 1656 3326 1707 τῶν
3341 1653 3709 1724 προαιρέσεων

2136 1745 2397 1813 ταυτότης
2431 1745 2489 1797 τὸ
2519 1746 2693 1798 κοινὸν
2726 1747 2823 1814 τῆς
2864 1747 3077 1813 φύσεως
3116 1745 3223 1797 τῶν
3253 1745 3319 1796 τά
3350 1743 3487 1795 αύτά
3522 1759 3709 1812 προαι-

2138 1836 2415 1909 ρουμένων
2451 1839 2664 1899 πάντως
2698 1837 3049 1889 ἐνδείκνυται.
3070 1835 3167 1888 Διά
3193 1836 3243 1887 τί
3270 1833 3361 1888 οὖν
3385 1834 3709 1904 ἀτιμάζεται

2135 1933 2163 1983 ὁ
2190 1932 2286 2001 τῆς
2318 1931 2569 1999 προνοίας
2600 1930 2773 1996 λόγος,
2809 1930 2883 1992 ὡς
2913 1929 3166 1998 οὐδεμίαν
3205 1928 3457 1999 παρέχων
3490 1927 3625 1997 πρὸς
3650 1927 3710 1979 τὸ

2138 2021 2466 2092 ζητούμενον
2509 2022 2607 2093 τὴν
2658 2023 2987 2092 συνεργίαν;
3026 2020 3211 2073 Καίτοι
3251 2020 3419 2073 πολλὰ
3460 2021 3553 2071 καὶ
3603 2018 3711 2071 τῶν

2138 2113 2279 2166 κατά
2306 2114 2394 2165 τὸν
2421 2113 2531 2182 βίον
2573 2112 2983 2181 ὑποδειγμάτων
3012 2112 3088 2181 τῷ
3130 2112 3382 2181 ἡμετέρῳ
3420 2111 3560 2180 λόγῳ
3594 2127 3715 2161 συν-

2139 2203 2636 2272 αγωνίζεται,λέγω
2662 2204 2718 2256 δὲ
2740 2203 2846 2256 ἀπὸ
2876 2203 2982 2256 τῶν
3010 2205 3141 2255 πᾶσι
3170 2203 3458 2273 γνωρίμων
3492 2202 3557 2253 τά
3583 2202 3715 2253 ὐπο-

2138 2294 2423 2363 δείγματα.
2467 2294 2525 2347 Ὀ
2555 2294 2648 2347 τοῦ
2685 2294 2853 2363 πυρὸς
2884 2295 2943 2346 τὸ
2974 2294 3087 2363 φῶς
3118 2294 3461 2363 τεθεαμένος,
3494 2294 3586 2345 καὶ
3618 2291 3718 2359 τῆς

2142 2384 2511 2454 θερμαντικῆς
2542 2384 2703 2436 αὑτοῦ
2760 2384 3041 2453 δυνάμεως
3090 2386 3171 2446 είς
3223 2387 3416 2454 πεῖραν
3451 2382 3638 2444 ἐλθὼν,
3668 2383 3743 2433 εί

2141 2476 2284 2545 ἄλλῳ
2305 2477 2527 2545 τοιούτῳ
2561 2476 2719 2544 φωτὶ,
2744 2476 2837 2528 καὶ
2868 2477 3159 2547 θερμότητι
3192 2476 3414 2547 τοιαύτῃ
3445 2476 3717 2535 πελάσειε,

2141 2568 2379 2637 δηλονότι
2419 2560 2554 2637 πρὸς
2590 2568 2687 2637 τὴν
2720 2567 2812 2620 τοῦ
2862 2568 3030 2637 πυρὸς
3080 2567 3286 2620 ἔννοιαν
3324 2567 3717 2637 ἀπαχθὴσεται,

2144 2659 2207 2709 ἐκ
2255 2658 2353 2725 τῆς
2388 2658 2699 2727 ὁμοιότητος
2750 2658 2857 2709 τῶν
2908 2657 3182 2725 φανέντων
3224 2656 3392 2724 αὐτῷ,
3438 2655 3575 2725 πρὸς
3620 2653 3720 2724 τὴν

2147 2750 2463 2815 συγγένειαν
2493 2749 2591 2817 τῆς
2623 2749 3083 2819 ἀπεργασαμένης
3120 2747 3260 2800 αὐτά
3291 2746 3503 2813 φύσεως
3531 2744 3722 2814 ἐναγό-

2149 2857 2307 2909 μενος
2328 2855 2340 2867 ·
2384 2840 2443 2891 οὐ
2476 2840 2585 2908 γὰρ
2616 2841 2680 2893 ἄν
2714 2858 2765 2892 τι
2793 2840 2928 2893 κατά
2953 2842 3129 2893 πάντα
3162 2839 3229 2892 τά
3255 2840 3347 2892 τοῦ
3374 2839 3543 2909 πυρὸς
3570 2840 3724 2909 ἐνερ-

2146 2934 2332 3001 γήσειε
2365 2931 2439 3002 μὴ
2478 2932 2587 3003 πῦρ
2609 2932 2701 2984 δν·
2737 2932 2908 2995 οὓτως
2943 2932 3100 3002 εἴπερ
3137 2932 3318 3000 ὅμοιον
3361 2930 3454 2983 καὶ
3480 2926 3596 2982 ἴσον
3633 2929 3722 2980 τὸν

2149 3026 2310 3078 αὑτὸν
2344 3026 2441 3095 τῆς
2482 3025 2737 3095 προνοίας
2763 3024 2919 3091 λόγον
2958 3022 3036 3092 τῷ
3065 3040 3124 3074 τε
3162 3023 3337 3093 Πατρὶ
3378 3020 3573 3090 καὶτῷ
3612 3020 3725 3089 Υίῷ

474 3116 674 3167 tionem
731 3113 1100 3179 agnoscimus;
1158 3120 1285 3163 tunc
1322 3116 1375 3164 et
1416 3127 1509 3179 per
1532 3126 1650 3169 res,
1682 3127 1803 3179 qua:
1849 3112 1902 3163 in
1945 3128 2037 3164 no-

2154 3117 2494 3187 καθορῶμεν,
2518 3115 2604 3167 διὰ
2631 3113 2738 3165 τῶν
2760 3116 2839 3175 είς
2854 3114 2952 3183 τὴν
2974 3114 3246 3183 ἡμετέραν
3275 3111 3473 3179 γνῶσιν
3506 3110 3727 3179 φθανόν-

474 3214 641 3257 stram
678 3203 1086 3271 intelligentiam
1127 3202 1346 3261 cadunt,
1381 3210 1433 3254 et
1460 3217 1552 3269 per
1579 3203 1719 3267 illas,
1746 3218 1867 3271 qua:
1898 3218 2049 3256 eam-

474 3294 594 3347 dem
636 3300 912 3361 superant,
950 3293 1278 3361 colligimus,
1330 3293 1382 3343 in
1439 3294 1507 3345 iis
1557 3293 1756 3359 quibus
1810 3296 2051 3363 aequales

475 3400 701 3455 prorsus
732 3394 783 3438 et
815 3385 1018 3439 similes
1044 3394 1170 3437 sunt
1223 3385 1489 3443 actiones,
1537 3385 1673 3436 nihil
1712 3385 2053 3440 diversitatis

480 3480 533 3529 in
581 3486 771 3529 natura
816 3477 1064 3544 reperiri.
1118 3474 1325 3529 Etenim
1374 3476 1829 3544 quemadmodum
1866 3485 2054 3530 mutuo

479 3582 601 3621 sese
632 3567 831 3620 habent
864 3576 1086 3619 externa
1111 3565 1377 3634 cujusque
1400 3566 1600 3619 indicia
1636 3583 1648 3617 :
1696 3568 1774 3620 sic
1806 3583 2056 3622 necessa-

480 3660 563 3711 rio
586 3658 748 3710 etiam
781 3672 901 3711 sese
931 3657 1208 3710 habebunt
1231 3662 1292 3709 ea
1318 3672 1438 3725 «line
1491 3659 1765 3711 substrata
1803 3667 1930 3712 sunt
1963 3677 1975 3723 ;
2003 3666 2055 3713 et

481 3749 527 3804 si
558 3750 753 3803 indicia
777 3747 877 3803 sibi
912 3748 1183 3801 contraria
1213 3758 1356 3812 sunt,
1382 3751 1626 3816 sequitur
1658 3766 1719 3802 ea
1750 3751 1911 3807 etiam
1935 3766 2055 3818 qua:

480 3842 569 3897 his
626 3843 769 3895 notis
816 3848 870 3893 et
918 3840 1181 3909 symbolis
1238 3840 1522 3909 pateﬁunt,
1564 3843 1843 3893 contraria
1904 3858 2049 3896 esse.

481 3933 634 4001 Quod
668 3934 713 3987 si
759 3933 870 3986 haec
905 3933 1156 3986 similiter
1186 3948 1306 3987 sese
1338 3932 1559 3993 habent,
1593 3948 1768 4000 neque
1803 3933 1893 3985 illa
1938 3932 2054 3987 dis-

485 4023 738 4076 similiter
794 4037 915 4075 sese
956 4021 1256 4075 habebunt.
1324 4020 1388 4074 Et
1441 4024 1899 4091 quemadmodum
1960 4038 2058 4090 per

481 4114 709 4184 amigma
738 4111 999 4167 Dominus
1027 4117 1124 4174 ait,
1185 4112 1398 4167 fructus
1450 4130 1575 4169 esse
1616 4115 1771 4185 signa
1825 4122 2053 4176 natura,

483 4222 592 4275 qua
622 4206 841 4259 arbores
882 4214 1155 4269 constant,
1198 4208 1354 4276 quasi
1405 4207 1520 4261 haec
1561 4207 1689 4260 talia
1739 4216 1935 4276 prater
1961 4224 2059 4261 na-

486 4304 663 4349 turam
690 4311 795 4348 non
827 4296 1201 4360 immutenlur,
1233 4314 1355 4352 cum
1386 4314 1558 4368 neque
1585 4300 1741 4352 malis
1768 4300 2057 4355 arboribus

485 4385 613 4439 boni
643 4384 873 4447 fructus,
901 4402 1077 4455 neque
1099 4387 1216 4440 vice
1245 4403 1401 4442 versa
1430 4388 1590 4443 bonis
1618 4389 1907 4445 arboribus
1932 4391 2056 4443 niaii

489 4478 700 4530 fructus
757 4485 1097 4545 congruant;
1162 4493 1291 4530 nam
1352 4493 1416 4531 ea:
1490 4480 1783 4547 fructibus,
1846 4482 2055 4551 inquit,
2092 4470 2136 4524 D

486 4567 699 4621 arbores
750 4578 1133 4635 cognoscuntur
1178 4570 1223 4600 ³³
1259 4583 1273 4622 :
1333 4572 1416 4625 sic
1461 4586 1584 4624 cum
1622 4572 1675 4626 in
1705 4573 2057 4643 providentia:

487 4658 667 4712 fructu
696 4660 839 4711 nulla
862 4662 1077 4728 penitus
1096 4660 1400 4715 diﬂ'erentia
1430 4673 1712 4731 appareat,
1741 4666 1865 4732 jure
1892 4682 2053 4721 unam

491 4764 708 4819 quoque
756 4761 1025 4813 naturain,
1066 4752 1163 4804 hos
1200 4751 1411 4807 fructus
1440 4755 1800 4822 proferentem
1835 4759 2059 4811 contite-

491 4859 616 4897 mur
649 4861 660 4895 :
692 4843 901 4896 etiamsi
947 4859 1010 4895 ex
1058 4842 1334 4897 distinctis
1376 4860 1606 4898 numero
1636 4847 1923 4902 arboribus
1950 4849 2063 4901 frn-

490 4943 613 4986 ctus
641 4943 1085 5000 progenerentur.
1115 4932 1278 5001 Igitur
1306 4948 1400 5002 per
1430 4948 1492 4986 ea
1514 4949 1635 5002 quae
1663 4937 1819 4991 nobis
1848 4940 2064 5007 cognita

494 5032 621 5076 sunt
656 5022 889 5090 (cognita
939 5030 1117 5074 autem
1164 5024 1322 5077 nobis
1373 5033 1459 5078 est
1504 5027 1857 5094 providentia
1902 5033 2065 5095 ratio,

496 5112 745 5166 similiter
780 5110 921 5163 Patri
949 5122 1000 5165 et
1030 5110 1167 5165 Filio
1194 5116 1557 5185 competens),
1590 5129 1743 5170 extra
1769 5120 2064 5175 dubitatio-

496 5214 618 5254 nem
686 5199 1015 5267 relinquitur
1068 5216 1285 5269 quoque
1354 5214 1561 5259 natura:
1614 5207 1952 5274 similitudo,
2009 5220 2063 5265 et

492 5289 805 5345 communio
841 5288 1115 5358 Unigeniti
1168 5309 1289 5346 cum
1322 5292 1500 5360 Patre,
1531 5305 1716 5366 utpote
1756 5314 1821 5353 ex
1868 5301 2057 5357 iisdem

492 5381 845 5453 providentia:
876 5380 1142 5437 fructibus
1168 5385 1536 5443 manifestata.

564 5470 785 5533 Verum,
814 5486 879 5525 ne
921 5471 1023 5526 hoc
1052 5475 1334 5543 cogitetur,
1369 5480 1610 5533 occurrit
1651 5480 1946 5538 Eunomius
1975 5484 2061 5537 di-

492 5564 713 5624 ctitans.
746 5578 804 5619 se
835 5564 1157 5619 necessitate
1188 5568 1422 5636 quadam
1454 5580 1700 5629 coactum
1728 5577 2059 5634 abstinuisse

564 5751 611 5782 ³³
652 5752 841 5807 Matth.
892 5766 988 5815 VII,
1036 5750 1119 5805 18.

2151 3224 2279 3268 των,
2320 3207 2413 3259 καὶ
2460 3206 2566 3257 τῶν
2610 3203 3058 3274 ὑπερπιπτόντων
3104 3202 3201 3271 τὴν
3236 3199 3535 3269 κατάληψιν
3568 3199 3726 3270 ἡμῶν

2156 3297 2540 3369 στοχαζόμεθα,
2581 3297 2655 3360 ὡς
2687 3298 2786 3350 ούκ
2813 3295 2877 3349 ἂν
2921 3295 3012 3348 τοῦ
3059 3293 3401 3364 ὲτερογενοῦς
3442 3292 3581 3345 κατὰ
3630 3292 3727 3362 τὴν

2156 3386 2312 3455 φύσιν
2338 3389 2449 3448 τοῖς
2473 3386 2605 3449 ῐσοις
2644 3387 2737 3439 καὶ
2765 3384 2971 3454 ὁμοίοις
2990 3385 3325 3454 ἐνεργήμασι
3360 3382 3732 3453 καταληφθέν-

2154 3492 2262 3539 τος.
2297 3476 2399 3529 Καὶ
2431 3477 2538 3545 γὰρ
2566 3477 2714 3539 ὅπως
2752 3477 2815 3529 ἂν
2842 3476 2936 3547 ἔχῃ
2964 3476 3099 3546 πρὸς
3130 3475 3334 3546 ἄλληλα
3364 3476 3431 3528 τά
3462 3477 3731 3543 ἐπιφαινό-

2158 3583 2292 3636 μενα
2322 3567 2533 3637 ἑκάστῳ
2571 3568 2946 3637 γνωρίσματα,
2972 3567 3143 3630 οὕτως
3166 3569 3224 3633 ἐξ
3248 3570 3507 3637 ἀνάγκης,
3537 3569 3629 3621 καὶ
3659 3569 3729 3621 τὰ

2157 3659 2487 3729 ὑποκείμενα
2516 3658 2644 3723 ἔξει.
2666 3659 2775 3711 Καὶ
2798 3662 2845 3712 εί
2881 3660 2980 3728 μὲν
3001 3660 3258 3721 ἐναντίως
3288 3660 3399 3729 ἔχει
3429 3660 3494 3712 τὰ
3533 3661 3729 3729 γνωρί-

2159 3766 2359 3819 σματα,
2396 3751 2610 3802 ἐναντία
2648 3752 2751 3821 χρὴ
2784 3753 3002 3812 πάντως
3048 3749 3353 3817 λογίζεσθαι
3408 3750 3598 3803 καὶτὰ
3642 3750 3731 3803 διὰ

2157 3839 2357 3891 τούτων
2384 3839 2701 3909 δηλούμενα.
2734 3842 2793 3893 Εἰ
2822 3839 3068 3892 δὲταῦτα
3090 3840 3371 3901 ὡσαύτως,
3399 3840 3519 3891 οὐδὲ
3548 3841 3733 3894 ἐκεῖνα

2158 3932 2377 4002 ἑτέρως.
2406 3932 2515 3984 Καὶ
2542 3932 2610 3984 δι’
2639 3933 2978 4000 αἰνίγματος,
3012 3932 3110 4000 τῆς
3131 3930 3237 3982 τῶν
3268 3930 3496 4001 δένδρων
3520 3932 3731 3998 φύσεως

2158 4026 2282 4087 τοὺς
2305 4026 2546 4095 καρποὺς
2568 4028 2595 4077 ὁ
2624 4024 2822 4094 Κύριος
2854 4023 2990 4077 εἶναί
3023 4040 3153 4094 φησι
3182 4022 3250 4075 τά
3277 4027 3495 4093 σημεῖα,
3528 4024 3603 4087 ὡς
3630 4026 3732 4079 οὐκ

2160 4119 2639 4189 ἐπαλλασσομένων
2671 4121 2817 4189 παρά
2842 4120 3002 4189 φύσιν
3030 4119 3137 4171 τῶν
3170 4118 3444 4180 τοιούτων,
3467 4120 3585 4172 οὐδὲ
3618 4124 3731 4181 τοῖς

2159 4214 2347 4275 κακοῖς
2384 4212 2489 4265 τῶν
2516 4211 2753 4279 ἀγαθῶν,
2772 4212 2891 4263 οὐδὲ
2927 4209 2987 4261 τὸ
3014 4208 3246 4279 ἔμπαλιν
3274 4213 3382 4272 τοῖς
3414 4212 3594 4273 καλοῖς
3623 4211 3731 4263 τῶν

2160 4301 2414 4353 ἐναντίων
2437 4300 2878 4370 ἐφαρμοζόντωνδ
2903 4299 3003 4353 Ἐκ
3026 4300 3132 4369 γὰρ
3156 4299 3275 4351 τῶν·
3296 4299 3555 4366 καρπῶν,
3573 4301 3727 4369 φησὶ,

2161 4393 2233 4444 τὰ
2277 4390 2495 4458 δένδρα
2546 4388 2906 4459 γνωρίζεται·
2937 4388 3079 4442 οὕτω
3120 4390 3212 4441 καὶ
3246 4389 3337 4443 τοῦ
3377 4391 3588 4461 καρποῦ
3634 4391 3733 4459 τῆς

2165 4483 2418 4551 προνοίας
2447 4482 2697 4550 οὐδεμίαν
2743 4480 2956 4549 ἔχοντος
3006 4479 3289 4550 διαφοράν,
3341 4482 3466 4551 μίαν
3520 4481 3733 4551 ὁρῶμεν

2165 4576 2257 4626 καὶ
2284 4574 2381 4644 τὴν
2408 4575 2531 4636 τοὺς
2567 4573 2809 4644 καρποὺς
2832 4573 3049 4635 τούτους
3072 4574 3513 4643 ἐκδλαστήσασαν
3538 4575 3698 4643 φύσιν
3716 4592 3729 4606 °

2165 4667 2267 4720 κᾶν
2296 4668 2358 4719 ἐκ
2389 4665 2697 4735 διαφόρωνό
2719 4664 2927 4735 καρπὸς
2960 4664 3065 4715 τῶν
3086 4664 3312 4734 δένδρων
3344 4666 3729 4736 προϐάλληται.

2170 4758 2377 4811 υύκοῦν
2427 4758 2513 4810 διὰ
2560 4756 2665 4809 τῶν
2692 4760 2757 4826 τῇ
2815 4758 3058 4827 ἡμετέρᾳ.
3106 4756 3406 4827 καταλήψει
3446 4757 3734 4827 γνωρίμων

2170 4851 2480 4921 (γνώριμος
2507 4849 2563 4901 δὲ
2589 4851 2716 4919 ἡμῖν
2750 4852 2865 4902 ἐστι
2896 4850 2993 4919 τῆς
3016 4850 3266 4920 προνοίας
3294 4851 3321 4901 ὁ
3353 4850 3523 4916 λόγος,
3555 4849 3735 4902 ὡσαύ-

2165 4960 2272 5005 τως
2314 4943 2407 4994 ἐπὶ
2440 4942 2652 5012 Πατρός
2684 4958 2742 4993 τε
2774 4942 2865 4993 καὶ
2894 4940 3023 4993 Υἱοῦ
3070 4941 3475 5012 θεωρούμενος)
3500 4942 3737 5012 ἀναμφί-

2165 5035 2318 5097 6ολος
2368 5035 2595 5101 γίνεται,
2628 5034 2780 5103 καὶὴ
2813 5034 2953 5086 κατὰ
2994 5032 3093 5103 τὴν
3131 5036 3289 5100 φύσιν
3336 5033 3607 5102 ὁμοιότης,
3642 5032 3735 5086 καὶ

2167 5122 2417 5174 κοινωνία
2466 5120 2557 5173 τοῦ
2614 5120 2957 5188 Μονογενοῦς
3008 5121 3141 5190 πρὸς
3201 5120 3287 5173 τὸν
3344 5122 3606 5193 Πατέρα,
3648 5122 3735 5174 διά

2167 5214 2267 5282 τῆς
2311 5214 2637 5283 ταυτότητος
2675 5212 2781 5265 τῶν
2812 5212 3036 5283 καρπῶν
3073 5213 3169 5282 τῆς
3192 5214 3444 5282 προνοίας
3474 5211 3735 5283 γνωριζο-

2171 5306 2324 5376 μένη.

2253 5484 2390 5536 Ἀλλ’
2435 5484 2521 5537 ἵνα
2567 5484 2639 5555 μὴ
2685 5484 2839 5537 τοῦτο
2886 5483 3073 5554 νοηθῇ,
3105 5484 3179 5546 ὡς
3224 5484 3283 5547 ἐξ
3326 5484 3568 5551 ἀνάγκης
3597 5482 3740 5543 τινος

2171 5574 2429 5643 βιασθεὶς,
2460 5576 2759 5644 ἀποστῆναι
2801 5575 2897 5645 μὲν
2927 5573 3073 5642 λέγει
3104 5573 3210 5627 τῶν
3253 5574 3349 5642 τῆς
3375 5574 3628 5644 προνοίας
3648 5571 3739 5647 ερ-
