4146 6370
339 371 443 427 389

1530 354 1812 415 CONTRA
1839 344 2224 425 EUNoMtUM,
2260 356 2384 412 LIB.
2419 354 2457 411 t.

3483 351 3587 412 3‘90

338 505 475 556 γων,
513 482 814 554 ἀναχθῆναι
847 482 903 536 δὲ
939 481 1032 534 ἐπὶ
1063 479 1154 533 τὸν
1205 480 1304 550 τῆς
1353 479 1655 549 γεννήσεως
1695 478 1916 549 τρόπον,

2033 494 2052 532 ι
2088 475 2444 548 providentiae
2499 473 2780 543 operibus,
2816 472 2882 526 ad
2927 471 3298 543 generationis
3320 489 3448 529 vero
3473 490 3592 530 mo-

342 579 443 633 διὰ
464 578 529 632 τὸ
557 574 929 638 ἀκολουθεῖν,
953 574 1105 642 φησὶ,
1122 571 1202 637 τῷ
1232 570 1343 640 τῆς
1369 569 1707 641 γεννήσεως
1725 570 1923 638 τρόπῳ

340 671 449 724 τὸν
498 673 722 738 τρόπον
749 666 859 734 τῆς
906 667 1272 735 ὁμοιότητος.
1314 665 1378 716 Ὢ
1413 664 1514 734 τῆς
1541 664 1785 733 ἀνάγκης
1811 663 1922 715 τῶν

341 761 703 826 ἀποδείξεωνί
742 758 830 820 Ὠς
870 757 1057 826 βιαίως
1093 757 1240 826 ἡμᾶς
1269 757 1302 825 ὴ
1333 755 1618 824 περιουσία
1643 755 1739 823 τῆς
1761 757 1818 807 ὲν
1843 753 1922 824 τῷ

343 853 522 920 λέγειν
547 852 746 920 ’τέχνης
791 847 1191 916 καταναγκάζει
1225 848 1339 910 τοῖς
1375 847 1684 918 εἰρημένοις
1741 846 1922 899 συντί-

345 945 533 999 θεσθαι
569 945 582 996 l
618 941 950 994 Ἀκολουθείν
984 940 1131 1008 λέγει
1165 937 1243 1010 τῷ
1271 939 1458 1010 τρόπῳ
1481 939 1577 1008 τῆς
1616 938 1921 1007 γεννήσεως

346 1037 435 1090 τὸν
471 1036 672 1106 τρόπον
721 1037 820 1106 τῆς
860 1033 1193 1104 ὁμοιότητος.
1240 1031 1506 1085 Ὅσον-τὸ
1547 1029 1791 1100 τεχνικὸν
1829 1029 1923 1082 καὶ

345 1125 816 1199 περιεσκεμμένον
843 1125 942 1195 τῆς
989 1123 1348 1193 άποφάσεωςῐ
1391 1122 1599 1176 Οὐκοῦν
1625 1121 1692 1175 ἂν
1720 1138 1922 1191 γνωρι-

351 1222 504 1292 σθείη
549 1220 750 1291 τρόπος
780 1219 1117 1287 γεννήσεως,
1149 1215 1537 1285 συναπεδείχθη
1570 1214 1743 1284 τούτῳ
1773 1214 1868 1267 καὶ
1896 1214 1926 1266 6

347 1313 549 1384 τρόπος
576 1313 674 1380 τῆς
707 1309 1041 1380 ὁμοιότητος.
1085 1308 1299 1376 Ἐπειδὴ
1327 1307 1506 1360 τοίνυν
1540 1305 1650 1359 τῶν
1679 1305 1769 1358 διὰ
1800 1321 1928 1376 σαρ-

351 1405 444 1466 κὸς
472 1402 804 1472 τικτομένων
831 1399 983 1464 ζώων
1010 1399 1245 1461 πάντων,
1274 1399 1307 1470 ἦ
1331 1399 1439 1451 τῶν
1469 1398 1754 1459 πλείστων,
1779 1398 1807 1449 6
1828 1397 1928 1449 αὑ-

350 1495 441 1557 τός
487 1495 603 1545 ἐστι
644 1493 743 1562 τῆς
792 1491 1096 1559 γεννήσεως
1135 1487 1367 1560 τρόπος,
1399 1486 1677 1540 ἀκολουθεί
1715 1485 1772 1539 δὲ
1803 1483 1924 1538 κατ’

353 1588 550 1650 αὐτοὺς
571 1584 648 1655 τῷ
675 1582 864 1654 τρόπῳ
887 1583 984 1652 τῆς
1002 1581 1306 1650 γεννήσεως
1330 1581 1358 1632 6
1386 1578 1584 1651 τρόπος
1615 1577 1712 1648 τῆς
1742 1575 1925 1646 ὁμοιό-

351 1694 533 1747 τητος,
562 1677 738 1728 πάντα
763 1673 831 1726 τὰ
860 1673 1001 1727 κατά
1044 1672 1134 1726 τὸν
1175 1670 1336 1725 αὑτὸν
1379 1670 1578 1740 τρόπον
1608 1668 1924 1738 τικτόμενα,

352 1769 550 1840 ὁμοίως
578 1767 688 1832 ἕξει
728 1767 943 1828 πάντως
983 1765 1117 1834 πρὸς
1146 1764 1214 1817 τὰ
1247 1764 1447 1834 ὁμοίως
1498 1760 1828 1831 γεννώμενα.
1862 1759 1926 1811 Et

353 1857 446 1913 οὖν
477 1860 506 1911 6
548 1859 644 1928 τῆς
694 1858 999 1925 γεννήσεως
1050 1855 1251 1927 τρόπος
1281 1896 1296 1918 ,
1334 1853 1514 1916 καθώς
1561 1868 1723 1923 φησιν
1754 1850 1783 1902 6
1832 1850 1930 1920 τῆς

357 1951 618 2024 αἱρέσεως
645 1951 822 2018 λόγος,
852 1948 1033 2019 ἑαυτῷ
1082 1947 1144 2000 τὸ
1189 1947 1507 2016 τικτόμενον
1539 1947 1745 2016 ὁμοιοῖ·
1779 1938 1932 2005 οὗτος

359 2045 412 2098 δὲ
436 2043 553 2095 κατ’
590 2042 740 2095 οὐδὲν
774 2043 830 2093 ὲν
857 2044 975 2104 ταῖς
1009 2039 1278 2103 ποικίλαις
1318 2039 1426 2092 τῶν
1465 2037 1616 2101 ζώων
1654 2038 1931 2106 διαφοραῖς

355 2132 692 2196 ἀλλοιοῦται,
739 2129 852 2184 ἀλλ’
896 2133 924 2184 6
955 2131 1116 2192 αὐτὸς
1157 2125 1384 2183 ἐπὶτῶν
1435 2130 1699 2182 πλείστων
1745 2127 1928 2180 ἐστίν’

329 2227 708 2305 ςεὺρεθήσεται
730 2231 763 2298 ή
789 2227 1015 2282 καθόλου
1043 2227 1136 2280 καὶ
1157 2227 1280 2296 δίχα
1303 2226 1447 2289 τινὸς
1475 2223 1757 2297 διορισμοῦ
1780 2240 1933 2292 γενο-

350 2319 497 2390 μένη
529 2320 802 2388 ἀπόφασις
827 2359 841 2381 ,
873 2319 1051 2372 πάντα
1092 2319 1343 2388 ἀλλήλοις
1393 2319 1553 2388 ὅμοια
1591 2315 1933 2370 κατασκευά-

361 2411 529 2474 ζουσα
553 2410 641 2463 διὰ
668 2411 727 2462 τὺ
753 2413 852 2479 τῆς
883 2410 1187 2479 γεννήσεως
1211 2410 1414 2479 ὅμοιον,
1444 2407 1748 2478 ἄνθρωπον,
1773 2408 1930 2472 κύνα,

361 2503 626 2575 κάμηλον,
651 2504 773 2572 μῦν,
791 2503 1074 2570 ἐλέφαντα,
1099 2500 1380 2571 πάρδαλιν,
1395 2501 1490 2552 καὶ
1504 2500 1570 2552 τὰ
1586 2499 1718 2553 ἄλλα
1735 2499 1930 2563 πάντα,

363 2595 463 2648 ὅσα
496 2595 635 2646 κατὰ
687 2595 778 2646 τὸν
829 2593 1012 2662 ὅμοιον
1041 2591 1240 2662 τρόπον
1286 2590 1562 2643 τίκτεσθαι
1611 2586 1930 2657 πέφυκενδῆ

363 2687 462 2739 οὐκ
485 2685 733 2756 ἀλλήλοις
753 2684 916 2755 φησὶν
942 2684 1098 2754 ὅμοια
1121 2683 1188 2736 τὰ
1214 2681 1603 2752 παραπλησίως
1616 2680 1930 2750 τικτόμενα,

364 2777 479 2830 ἀλλ’
510 2777 738 2829 ἕκαστον
772 2774 965 2844 ἐκείνῳ
995 2773 1161 2843 μόνῳ,
1200 2771 1330 2842 παρ’
1343 2766 1402 2825 οὗ
1429 2773 1528 2844 τὴν
1558 2771 1770 2841 γένεσιν
1797 2769 1930 2840 ἔχει.

377 2867 516 2920 Ἀλλ’
553 2868 602 2919 εἰ
638 2863 795 2918 τοῦτο
845 2864 1022 2932 λέγειν
1052 2863 1332 2927 ἐϐούλετο,
1365 2863 1445 2933 τῷ
1483 2863 1716 2916 τίκτοντι
1751 2863 1934 2933 ὅμοιον

364 2958 470 3012 ἔδει
505 2958 566 3010 τὸ
603 2957 918 3027 τικτόμενον
952 2957 1350 3026 ἀποφήνασθαι,
1375 2956 1496 3026 οὐχι
1523 2957 1708 3026 τρόπῳ
1742 2956 1932 3025 γεννή-

367 3068 503 3113 σεως
534 3049 848 3120 ὁμοιότητος
873 3049 1093 3120 τρόπον.
1137 3048 1276 3100 Ἀλλ’
1314 3046 1342 3099 ὃ
1377 3047 1474 3117 μὲν
1503 3046 1647 3109 είκός
1674 3047 1812 3110 ἐστι,
1841 3045 1935 3097 καὶ

2023 568 2152 623 dum
2176 568 2427 622 adactum
2445 581 2589 628 esse,
2615 565 2840 635 quod,ut
2866 564 2958 621 ait.
2991 564 3058 617 ad
3090 566 3440 634 generationis
3475 583 3592 620 mo-

2022 649 2149 714 ditm
2183 667 2435 729 sequatur
2474 656 2659 710 modus
2692 656 3075 710 similitudinis.
3103 655 3148 709 Ο
3188 657 3592 711 ineluctabilem

2022 749 2547 806 demonstrationum
2573 749 2953 802 necessitatem
2976 748 2988 799 !
3011 747 3183 812 Quam
3208 748 3471 802 violenter
3493 762 3594 803 nos

2022 839 2237 894 dicendi
2305 838 2464 907 capia
2497 838 2664 906 cogit,
2697 845 2755 889 ιιι
2794 837 2882 896 iis,
2917 851 3038 905 quae
3083 835 3341 897 asseruit,
3389 839 3596 904 astipu-

2022 931 2241 985 lemur!
2276 929 2548 999 Consequi
2590 929 2664 981 ait
2687 928 2752 982 ad
2789 928 3154 997 generationis
3193 931 3438 990 modum,
3477 946 3596 981 ιιιυ-

2023 1021 2152 1076 dum
2183 1037 2401 1091 quoque
2453 1020 2853 1077 similitudinis.
2890 1020 3165 1086 Quantum
3219 1021 3354 1075 artis
3405 1031 3459 1075 et
3493 1022 3600 1075 eir-

2023 1113 2450 1182 cumspectionis
2477 1112 2532 1165 in
2595 1111 2698 1165 hac
2744 1111 3048 1166 assertione
3083 1113 3266 1166 inest!
3329 1112 3496 1183 Igitur
3549 1113 3596 1167 si

2022 1204 2375 1275 cOgnoscitur
2403 1203 2599 1258 modus
2644 1203 3031 1272 generationis,
3075 1203 3238 1257 simul
3286 1203 3448 1257 etiam
3503 1202 3602 1257 de-

2023 1303 2364 1351 monstratus
2413 1295 2517 1350 erit
2557 1295 2752 1348 modus
2815 1294 3210 1350 similitudinis.
3272 1294 3408 1349 Cum
3471 1312 3601 1366 ergo

2025 1400 2216 1440 eorum
2243 1400 2366 1456 quae
2416 1400 2511 1454 per
2558 1399 2777 1439 carnem
2821 1392 3171 1454 generantur,
3211 1386 3454 1438 omnium
3484 1386 3603 1440 ani-

2025 1478 2271 1539 malium,
2300 1475 2386 1530 vel
2415 1484 2562 1530 certe
2602 1475 2985 1545 plurimorum,
3016 1476 3156 1530 idem
3190 1475 3262 1530 sit
3300 1478 3604 1546 generatio-

2026 1569 2114 1624 nis
2146 1567 2636 1637 modus.ipsorum
2669 1574 2848 1620 autem
2882 1565 3089 1634 judicio
3132 1567 3196 1619 ad
3232 1569 3600 1637 generationis

2026 1657 2247 1712 modum
2284 1665 2544 1727 sequatur
2596 1656 2791 1710 modus
2836 1657 3227 1719 similitudinis,
3280 1667 3514 1725 oportet,
3543 1667 3602 1714 ut

2027 1751 2228 1815 omnia,
2258 1765 2378 1818 qua:
2405 1748 2593 1802 eodem
2637 1747 2797 1801 modo
2827 1759 3180 1818 progenerata
3219 1759 3370 1815 sunt,
3412 1752 3602 1808 eodem

2032 1845 2194 1899 modo
2238 1844 2303 1897 ad
2355 1844 2608 1898 similiter
2668 1844 2950 1913 progenita
2990 1859 3111 1898 sese
3166 1843 3442 1910 habeant;
3485 1859 3607 1913 qua:

2031 1939 2175 1992 enim
2207 1936 2380 1991 eidem
2413 1934 2613 1989 similia
2657 1943 2804 1995 sunt,
2843 1935 2985 1988 inter
3043 1951 3103 1990 se
3140 1949 3357 2005 quoque
3407 1937 3607 1990 similia

2034 2036 2180 2084 sunt.
2225 2028 2280 2080 Si
2314 2026 2476 2097 igitur
2516 2025 2709 2080 modus
2759 2027 3124 2096 generationis
3150 2067 3163 2088 ,
3198 2036 3257 2080 ut
3318 2027 3606 2082 haereticus

2032 2119 2337 2181 contendit,
2367 2119 2467 2172 sibi
2493 2118 2546 2171 id
2578 2117 2720 2187 quod
2749 2125 3058 2186 generatur,
3083 2117 3260 2172 simile
3291 2119 3484 2182 reddit,
3521 2118 3608 2170 hic

2034 2223 2211 2265 autem
2245 2211 2437 2264 modus
2492 2211 2547 2263 in
2598 2211 2767 2264 variis
2822 2209 3150 2264 animalibus
3203 2225 3428 2279 prorsus
3471 2210 3606 2263 nihil

2034 2308 2295 2362 mutatur,
2333 2299 2425 2354 sed
2460 2299 2599 2353 idem
2625 2315 2850 2368 prorsus
2903 2299 2957 2352 in
2987 2299 3364 2368 compluribus
3396 2300 3609 2352 inveni-

2034 2399 2409 2445 turznccesse
2432 2397 2540 2450 est,
2595 2398 2653 2443 ut
2705 2405 2772 2442 ex
2826 2389 3118 2443 universali
3153 2398 3206 2443 et
3250 2390 3456 2459 absque
3498 2390 3608 2442 ulla

2033 2483 2407 2546 distinctione,
2441 2484 2651 2552 prolata
2705 2484 3084 2538 enuntiatione
3129 2495 3355 2555 prOpter
3388 2499 3611 2554 genera-

2032 2575 2200 2631 tionis
2223 2574 2642 2631 similitudinem
2681 2574 2877 2628 similia
2905 2575 3036 2628 liant
3079 2574 3265 2639 homo,
3310 2575 3486 2640 canis,
3518 2591 3612 2627 ca~

2033 2667 2227 2728 ntelus,
2258 2682 2400 2731 mus,
2433 2666 2674 2735 elephas,
2709 2667 2968 2736 partlalis.
3010 2676 3064 2719 et
3107 2666 3212 2719 alia
3253 2669 3458 2731 omnia,
3491 2682 3611 2735 qua:

2034 2756 2197 2811 simili
2249 2756 2409 2811 modo
2465 2759 2811 2827 progenerari
2870 2765 3296 2811 consueverunt.
3351 2759 3436 2812 An
3493 2760 3613 2812 vui:

2035 2847 2139 2903 sibi
2181 2859 2369 2902 tnutuo
2397 2864 2504 2902 non
2530 2863 2649 2902 esse
2694 2847 2915 2914 similia,
2944 2864 3063 2917 quae
3094 2849 3340 2904 similiter
3373 2852 3609 2919 gignun-

2034 2946 2142 3001 tur,
2175 2938 2269 2994 sed
2304 2939 2587 3008 quodlibet
2618 2940 2693 2992 illi
2727 2940 2851 3004 soli,
2871 2955 2901 2992 a
2930 2956 3038 3009 quo
3061 2942 3427 3011 generationis
3459 2944 3612 3012 prin-

2034 3031 2234 3100 cipium
2269 3031 2466 3084 ducit?
2496 3032 2565 3084 At
2599 3030 2643 3084 si
2701 3030 2804 3084 hoc
2857 3032 3094 3097 volebat,
3137 3033 3425 3088 dicendum
3470 3045 3609 3098 erat,

365 3143 424 3192 ὲν
443 3142 508 3210 τῇ
550 3139 708 3209 φύσει
747 3139 1050 3211 θεωρεῖται,
1079 3139 1140 3193 τὸ
1177 3139 1484 3209 ὁμοιογενὲς
1522 3133 1660 3191 εἶναι
1691 3136 1768 3207 τῷ
1811 3153 1932 3205 γεν-

2035 3124 2316 3192 generanti
2346 3131 2658 3192 generatum
2691 3138 2815 3178 esse
2837 3123 3014 3178 simile
3053 3142 3065 3177 :
3104 3139 3211 3178 non
3243 3133 3422 3180 autem
3450 3129 3612 3180 modo

367 3227 526 3282 νῶντι
578 3229 638 3281 τὸ
670 3227 1028 3300 γεννώμενον,
1057 3228 1214 3284 τοῦτο
1262 3228 1322 3280 οὐ
1355 3227 1598 3298 δέχεται,
1640 3227 1716 3290 ὡς
1760 3227 1825 3280 ἂν
1862 3226 1935 3298 μὴ

367 3318 673 3372 τούναντίον
721 3319 868 3389 αὐτῷ
903 3317 1266 3390 περιτραπείη
1296 3318 1358 3370 τὸ
1392 3317 1839 3388 κατασκεύασμα.
1875 3319 1937 3370 Εἰ

369 3408 477 3480 γὰρ
507 3407 585 3479 τῷ
612 3410 867 3477 γεννῶντι
898 3410 960 3462 τὸ
995 3409 1306 3479 τικτόμενον
1329 3410 1510 3478 ὅμοιον
1537 3407 1708 3476 ἔλεγε,
1733 3408 1940 3480 φροῦδα

369 3501 546 3553 πάντα
569 3539 584 3563 ,
641 3500 737 3553 καὶ
765 3500 1106 3554 ἀνυπόστατα
1138 3499 1208 3552 τά
1248 3498 1547 3568 φιλοπόνως
1576 3497 1724 3568 αὐτῷ
1753 3514 1938 3550 συντε-

370 3592 532 3646 θέντα
559 3592 688 3663 περὶ
737 3592 837 3654 τῆς
884 3591 1263 3662 ἀνομοιότητος
1309 3590 1416 3643 τῶν
1454 3589 1649 3643 οὐσιῶν
1694 3590 1937 3659 ἀπηλέγ-

362 3700 512 3756 χετο.

441 3929 577 3981 Νυνὶ
621 3928 677 3981 δὲ
733 3927 918 3998 τρόπῳ
966 3928 1266 3997 γεννήσεως
1315 3927 1514 3996 τρόπον
1561 3926 1726 3995 φησιν
1769 3925 1942 3996 ὁμοιό-

370 4038 528 4091 τητος
560 4020 818 4073 ἕπεσθαι·
855 4017 1012 4073 τοῦτο
1054 4019 1110 4073 δὲ
1139 4022 1250 4083 τοίς
1297 4019 1538 4090 ἀκριϐῶς
1561 4020 1942 4090 ἐπισταμένως

371 4112 643 4178 ἐξετάζειν
674 4111 880 4174 ἐννοίας
907 4109 1086 4179 λόγον,
1118 4110 1430 4180 ἀδιανόητον
1474 4111 1753 4175 παντελῶς
1786 4113 1941 4184 εὑρε-

373 4204 616 4272 θήσεται.
646 4203 711 4255 Τί
745 4202 852 4272 γὰρ
885 4202 964 4255 δεῖ
1004 4203 1191 4273 νοῆσαι
1222 4205 1526 4274 γεννήσεως
1557 4204 1753 4275 τρόπον
1780 4204 1944 4257 ἀκού-

374 4313 584 4358 σαντες,
620 4293 759 4346 πάνυ
788 4293 893 4346 τῶν
935 4293 1152 4364 ἀπόρων
1179 4294 1312 4346 ἐστί.
1367 4293 1441 4346 Τὸ
1471 4295 1654 4364 σχῆμα
1697 4293 1790 4347 τοῦ
1816 4297 1943 4348 ἀπο-

370 4385 642 4447 τίκτοντος
696 4383 863 4452 λέγει,
902 4383 935 4454 ἦ
987 4372 1087 4451 τὴν
1141 4383 1349 4454 ὁρμὴν,
1379 4383 1411 4455 ἢ
1447 4384 1544 4456 τὴν
1597 4384 1855 4447 διάθεσιν,
1903 4385 1936 4454 ἧ

2037 3212 2406 3283 generationis
2461 3212 2676 3266 modum
2733 3213 3130 3270 similitudinis.
3176 3215 3280 3270 Sed
3335 3232 3510 3286 neque
3558 3217 3612 3272 id

2036 3302 2280 3372 quidem,
2312 3303 2459 3372 quod
2507 3304 2807 3359 verisimile
2845 3315 2949 3368 cst,
2990 3315 3044 3360 et
3077 3306 3132 3360 in
3181 3325 3359 3362 rerum
3415 3318 3613 3366 natura

2039 3393 2330 3463 reperitur,
2360 3396 2642 3465 generanti
2678 3396 2858 3450 simile
2882 3411 3004 3452 esse
3033 3401 3273 3467 genitum
3301 3420 3313 3454 :
3347 3401 3419 3454 ita
3459 3417 3614 3456 com-

2039 3487 2323 3556 probatur,
2358 3493 2417 3540 ut
2450 3488 2787 3542 contrarium
2832 3491 3148 3561 contingere
3191 3503 3443 3562 nequeat.
3477 3493 3612 3550 Nam

2039 3578 2083 3632 si
2115 3579 2412 3646 genera-tim
2438 3579 2512 3645 id,-
2547 3581 2690 3649 quod
2721 3589 3036 3650 generatum
3069 3590 3178 3645 est,
3227 3589 3507 3654 generanti
3546 3590 3615 3643 si-

2041 3670 2171 3724 mile
2196 3671 2535 3738 perhibetur,
2572 3673 2866 3726 concidant
2904 3681 3112 3742 Oportet
3140 3677 3321 3732 omnia
3358 3678 3469 3742 illa,
3493 3696 3614 3748 (ιιιειι

2040 3769 2148 3814 tam
2189 3761 2430 3817 studiose
2459 3761 2526 3818 de
2553 3763 2980 3819 substantiarum
3013 3765 3459 3826 dissimilitudine
3500 3772 3616 3826 dis-

2040 3852 2232 3907 seruit.

2109 3939 2266 3995 Nunc
2318 3950 2497 3996 autem
2547 3941 2615 3996 ad
2649 3943 3014 4012 generationis
3066 3946 3285 4000 modum
3329 3957 3406 4003 ait
3457 3966 3612 4020 sequi

2041 4033 2263 4086 modum
2292 4032 2684 4088 similitudinis.
2712 4035 2794 4088 An
2845 4050 2956 4090 non
3001 4034 3106 4092 hoc
3131 4037 3200 4093 iis
3236 4039 3330 4109 qui
3359 4054 3614 4098 accurato

2040 4136 2222 4176 rerum
2244 4123 2487 4177 rationes
2535 4123 2772 4177 scrutari
2811 4122 3142 4189 didicerunt,
3193 4128 3372 4198 primo
3426 4132 3609 4185 statim

2042 4213 2238 4266 intuitu
2261 4211 2528 4282 ejusmodi
2583 4215 2882 4284 apparebit,
2911 4217 3060 4286 quod
3107 4220 3326 4286 penitus
3381 4221 3608 4291 intelligi

2041 4302 2461 4374 nequeat?Nam
2489 4305 2622 4373 quid
2644 4306 3062 4376 concipiendum
3096 4310 3190 4369 sit.
3219 4312 3264 4365 si
3300 4317 3608 4382 generatio-

2042 4395 2129 4450 nis
2155 4391 2372 4450 modum
2409 4397 2621 4460 audias,
2655 4397 2946 4453 admodum
2981 4407 3130 4457 certe
3159 4405 3472 4472 perplexum
3503 4416 3608 4461 est.

370 4477 550 4537 τόπον,
577 4475 608 4545 ἥ
637 4475 823 4545 χρόνον
844 4515 858 4533 ,
886 4475 918 4547 ἢ
953 4475 1012 4528 τὸ
1044 4475 1131 4528 διὰ
1175 4475 1487 4547 συλλήψεως
1517 4476 1848 4530 τελειοῦσθαι
1878 4476 1932 4529 τὸ

2040 4485 2179 4540 Num
2219 4487 2319 4542 hac
2371 4487 2644 4543 locutione
2699 4489 2927 4559 ﬁguram
2963 4495 3279 4561 generantis
3334 4496 3606 4568 intelligit,

373 4565 630 4635 ἔμϐρυον,
660 4565 893 4634 ἧαὺτῶν
925 4564 1033 4616 τῶν
1066 4566 1396 4636 γεννητικῶν
1426 4566 1696 4637 μέμνηται
1728 4567 1940 4631 τόπων;

374 4654 604 4724 ἢταῦτα
644 4655 741 4724 μὲν
774 4654 912 4724 οὐχὶ,
946 4655 1129 4726 ἕτερον
1159 4657 1214 4708 δὲ
1245 4657 1353 4708 τῶν
1381 4659 1656 4727 κατὰ-τὴν
1694 4659 1941 4730 γέννησιν

373 4745 762 4817 θεωρουμένων
797 4746 944 4814 λέγει
978 4765 994 4813 ;
1029 4748 1122 4800 καὶ
1163 4748 1278 4810 πῶς
1316 4749 1383 4802 ἂν
1421 4750 1678 4819 μάθωμεν
1703 4751 1762 4802 τὸ
1792 4751 1941 4818 λεγό-

376 4853 562 4906 μενον;
589 4838 661 4889 Τὸ
693 4837 802 4908 γὰρ
836 4837 1036 4910 ἄκυρον
1077 4840 1171 4892 καὶ
1214 4841 1522 4910 ἀσήμαντον
1559 4842 1657 4911 τῆς
1689 4841 1779 4895 τοῦ
1805 4841 1939 4908 τρό-

372 4941 492 4980 που
523 4925 749 4991 λέξεως,
786 4926 1150 4992 ὲπιδιστάζειν
1185 4931 1329 4999 ἡμᾶς
1374 4932 1482 4994 τοῖς
1525 4932 1940 5002 σημαινομένοις

374 5019 801 5088 παρασκευάζει,
833 5021 1026 5092 ἐπίσης
1081 5021 1292 5074 πάντων
1335 5025 1454 5085 ταῖς
1497 5023 1771 5086 ὑπονοίαις
1812 5025 1941 5076 ὑπο-

375 5110 699 5171 πιπτόντων,
729 5112 821 5163 καὶ
875 5113 995 5164 κατ’
1038 5107 1154 5164 ἴσον
1188 5113 1417 5165 ἑκάστου
1467 5113 1526 5165 τὸ
1574 5115 1940 5183 ἀσυνάρτητον

374 5201 508 5270 πρὸς
541 5202 601 5253 τὸ
627 5204 982 5272 προκείμενον
1010 5203 1269 5274 ἐχόντων·
1290 5205 1546 5265 ὡσαύτως
1578 5206 1632 5257 δὲ
1668 5206 1760 5258 καὶ
1784 5207 1811 5258 ὃ
1838 5224 1940 5277 φη-

372 5303 475 5352 σιν,
489 5289 834 5358 ὁμοιότητος
848 5293 1308 5360 τρόπου,οὑτωσὶ
1329 5291 1639 5361 λεγόμενον,
1666 5291 1940 5363 ἀλλότριον

369 5378 550 5448 πάσης
575 5379 809 5442 διανοίας
830 5381 1159 5450 ὑπονοοῦμεν
1183 5382 1319 5453 πρὸς
1346 5381 1415 5435 τὰ
1443 5381 1811 5454 ὑποδείγματα
1831 5384 1938 5438 τῶν

367 5469 455 5522 διὰ
478 5469 576 5540 τῆς
609 5470 893 5539 συνηθείας
926 5472 1216 5542 γνωρίμων
1247 5472 1701 5536 ἀποσκοποῦντες.
1724 5475 1797 5526 Οὐ
1828 5473 1937 5544 γάρ

368 5562 429 5614 τὸ
468 5559 652 5632 εἴδοςῆ
689 5563 781 5615 τὸν
815 5563 1015 5634 τρόπον
1060 5562 1152 5615 τοῦ
1186 5563 1366 5625 τόκου,
1403 5565 1578 5616 καὶτὸ
1605 5564 1936 5636 γεννώμενον

367 5652 731 5721 ὀμοιοῦται·ό
773 5654 870 5724 μὲν
930 5654 1039 5725 γὰρ
1089 5656 1244 5716 τόκος
1301 5655 1394 5706 ἐπὶ
1442 5655 1540 5724 τῆς
1589 5655 1674 5708 διὰ
1735 5658 1934 5726 σαρκὸς

371 5749 671 5818 γεννήσεως
695 5787 710 5810 ,
744 5744 989 5817 σώματός
1042 5746 1157 5798 ἐστι
1201 5746 1450 5819 διαστολὴ
1481 5789 1496 5814 ,
1535 5749 1595 5800 τὸ
1651 5745 1932 5801 τελειωθὲν

2040 4591 2170 4630 num
2218 4577 2499 4647 impetum,
2551 4595 2682 4632 num
2730 4579 3168 4648 dispositionem,
3232 4600 3360 4638 num
3408 4586 3611 4649 locum,

2039 4683 2170 4722 num
2233 4669 2487 4736 tempus?
2536 4670 2619 4722 An
2681 4671 2995 4742 emhryonis
3050 4688 3148 4741 per
3204 4679 3610 4746 conceptionem

2042 4761 2524 4830 complementum,
2557 4777 2624 4815 an
2679 4762 2795 4830 ipsa
2831 4765 3173 4829 generationi
3212 4767 3485 4823 destinata
3520 4786 3610 4824 νε-

2039 4851 2340 4919 ceptacula,
2391 4867 2460 4906 an
2507 4852 2699 4906 horum
2753 4853 2908 4917 nihil,
2949 4855 3098 4909 aliud
3153 4871 3281 4911 vero
3332 4859 3611 4930 quidpiam

2042 4954 2255 5001 eorum,
2285 4955 2406 5009 quas
2444 4956 2567 4995 cum
2599 4945 2950 5012 generatione
2977 4959 3223 5000 connexa
3276 4957 3428 5016 sunt,
3476 4953 3612 5006 iusi-

2039 5031 2216 5084 nuat?
2249 5029 2366 5095 Qua
2415 5033 2625 5088 ratione
2657 5033 2723 5086 ad
2769 5049 2952 5087 veram
3004 5035 3452 5104 significationem
3491 5058 3613 5112 per-

2040 5121 2360 5174 veniemus?
2431 5121 2566 5176 Nam
2640 5123 2995 5194 improprium
3067 5126 3312 5197 nihilque
3377 5132 3612 5202 signiti-

2039 5227 2172 5267 cans
2211 5214 2355 5266 modi
2409 5214 2736 5269 vocabulum
2802 5215 2953 5281 facit,
2987 5225 3049 5272 ut
3103 5218 3173 5274 de
3213 5221 3613 5292 signiﬁcatione

2038 5302 2364 5369 haereamus,
2431 5321 2556 5360 cum
2603 5323 2670 5362 ex
2719 5324 2876 5377 aequo
2933 5325 3126 5367 omnes
3183 5313 3610 5384 signiﬁcationes

2036 5403 2273 5449 mentem
2301 5397 2556 5459 subeant,
2589 5406 2644 5452 et
2678 5400 2932 5468 quaelibet
2957 5416 3022 5456 ex
3050 5418 3206 5472 aequo
3227 5406 3437 5460 nullum
3480 5425 3602 5462 cum

2037 5497 2096 5538 re
2122 5487 2398 5554 proposita
2427 5490 2827 5546 connexionem
2863 5492 3078 5548 habeat.
3114 5494 3206 5551 Sic
3254 5505 3308 5552 et
3332 5498 3475 5568 quod
3506 5501 3602 5562 ait,

2035 5574 2402 5632 similitudinis
2427 5580 2661 5645 modum,
2690 5583 2764 5636 ita
2802 5585 3021 5654 quidem
3050 5591 3340 5658 prolatum,
3373 5594 3442 5647 ab
3457 5594 3606 5650 omni

2037 5680 2264 5734 prorsus
2309 5669 2662 5743 intelligentia
2719 5687 2989 5733 remotum
3033 5695 3156 5735 esse
3211 5682 3515 5752 discimus,
3556 5687 3606 5744 si

2035 5757 2283 5825 exetupla
2337 5774 2458 5828 quae
2509 5763 2784 5818 communi
2831 5767 3232 5823 consuetudine
3270 5778 3401 5827 uela
3455 5782 3607 5836 smn,
