4146 6370
477 374 577 433 891

476 489 787 545 intueamur
820 505 841 542 ς

477 590 667 653 partus
689 580 1041 644 assimilatur,
1065 581 1115 635 id
1174 581 1318 650 quod
1345 581 1731 650 paritur:nam
1761 589 1952 649 partus
1986 581 2043 634 in

477 674 547 728 iis
568 687 800 743 quorum
826 673 1103 743 generatio
1136 687 1303 727 carne
1346 671 1592 741 perficitu
1604 688 1645 733 r,
1669 685 1754 726 eet
1790 662 2043 741 corporis

477 764 691 826 divisio,
728 762 966 833 perfecte
998 762 1110 831 jam
1145 763 1400 817 omnibus
1440 763 1699 818 membris
1744 761 2041 817 formatum

478 855 677 907 animal
710 855 763 908 in
793 854 967 908 lucem
985 856 1288 917 emittens;
1342 853 1396 907 id
1424 868 1556 907 vero
1570 852 1721 922 quod
1754 862 2045 923 generatur

479 945 640 998 homo
672 954 777 1006 est,
809 953 902 997 aut
957 959 1157 1011 equus,
1193 952 1287 996 aut
1328 944 1445 1005 bos,
1495 945 1574 998 vel
1610 944 1755 998 aliud
1800 944 2036 1011 quidvis,

477 1038 621 1105 quod
642 1050 737 1104 per
769 1038 1174 1105 generationem
1206 1036 1356 1089 nasci
1384 1035 1542 1088 solet.
1566 1034 1850 1100 Quomodo
1875 1034 2039 1103 igitur

456 1128 848 1186 .similitudinis
868 1130 922 1181 in
950 1143 1036 1189 eo.
1066 1128 1208 1197 quod
1234 1136 1549 1197 generatum
1595 1137 1699 1189 est,
1729 1126 1925 1179 modus
1956 1141 2043 1180 se-

476 1229 676 1290 quatur
704 1221 924 1275 modum
958 1220 1348 1291 generationis,
1380 1217 1610 1285 explicet
1652 1217 1809 1272 nobis
1838 1217 1920 1271 vel
1952 1216 2042 1270 ille

476 1314 612 1382 ipse,
645 1312 729 1365 vel
758 1312 897 1365 alius
936 1309 1325 1365 obstetricandi
1366 1316 1537 1361 artem
1572 1308 1640 1359 ab
1671 1308 1763 1360 illo
1793 1308 2039 1361 edoctus.

1710 372 1768 429 S.
1800 371 2126 429 GREGORll
2165 370 2454 430 NYSSENI

3608 380 3715 436 392

917 504 1029 545 non
1072 489 1225 544 enim
1279 488 1344 544 ad
1403 489 1636 558 speciem
1692 491 1776 543 vel
1822 490 2041 544 modum

2152 489 2281 552 ζῶον
2330 492 2388 543 ὲν
2414 491 2480 559 τῇ
2526 486 2808 541 διαπλάσει
2855 486 2961 540 τῶν
3010 488 3331 559 σπλάγχνων
3380 491 3475 551 ἐπὶ
3520 493 3581 545 τὸ
3608 492 3715 557 ἔξω

2141 581 2475 650 προάγουσα.
2531 581 2604 633 Τὸ
2656 579 2714 631 δὲ
2766 577 3101 648 γεννώμενον
3150 582 3435 652 ἄνθρωπός
3494 586 3642 637 ἐστιν
3680 584 3714 654 ἢ

2141 672 2325 737 ἵππος,
2349 673 2381 741 ἢ
2425 671 2571 739 βοῦς,
2600 672 2633 741 ἢ
2658 671 2686 723 6
2705 688 2757 723 τι
2781 671 2846 723 ἂν
2877 670 3013 743 τύχῃ
3038 672 3125 726 διὰ
3157 676 3459 744 γεννήσεως
3493 678 3718 744 ὑφιστά-

2143 781 2321 833 μενον.
2352 763 2476 825 Πῶς
2500 763 2678 816 τοίνυν
2710 764 2739 814 6
2764 761 2865 829 τῆς
2906 764 3222 836 ὁμοιότητος
3263 765 3354 818 τοῦ
3392 768 3713 836 τικτομένου

2141 854 2339 923 τρόπος
2399 852 2588 905 ἕπεται
2644 851 2722 923 τῷ
2763 854 2949 925 τρόπῳ
3000 856 3098 923 τῆς
3143 856 3479 925 γεννήσεως,
3511 858 3718 911 εἰπάτω

2145 941 2306 1004 αὐτὸς
2336 938 2557 1011 οὖτος,ἢ
2581 940 2727 1003 εἴτις
2762 941 2853 995 ὑπ’
2877 942 3041 995 αὐτοῦ
3086 946 3402 1015 μαιεύτριαν
3423 946 3716 1016 ἐπαιδεύθη

2145 1031 2355 1102 τέχνην.
2379 1032 2539 1084 Ἀλλο
2571 1032 2679 1102 γὰρ
2706 1034 2734 1084 ὁ
2755 1032 2929 1097 τόκος,
2949 1035 3042 1086 καὶ
3069 1035 3127 1087 τὸ
3160 1037 3223 1086 ἐκ
3259 1034 3352 1087 τοῦ
3380 1036 3539 1088 τόκου
3568 1036 3715 1099 ἄλλο,

2148 1122 2244 1175 καὶ
2284 1122 2537 1193 διάφορος
2568 1122 2827 1193 ἐκατέρου
2848 1126 2877 1176 6
2897 1123 3070 1190 λόγος.
3100 1126 3222 1178 Ὅτι
3249 1128 3345 1196 μὲν
3377 1124 3469 1180 οῦν
3497 1128 3718 1182 ἐπὶτῶν

2147 1213 2235 1267 διὰ
2268 1214 2467 1285 σαρκὸς
2487 1216 2820 1284 τικτομένων
2846 1216 3038 1287 ψεῦδός
3066 1219 3181 1269 ἐστι
3203 1217 3262 1270 τὸ
3294 1219 3604 1289 λεγόμενον,
3625 1220 3718 1272 οὺ-

2148 1306 2258 1367 δεὶς
2289 1304 2355 1358 ἂν
2387 1306 2631 1359 ἀντείποι
2662 1307 2773 1360 τῶν
2808 1308 2932 1363 νοῦν
2971 1309 3219 1378 ἐχόντων.

476 1406 634 1459 Aliud
664 1413 749 1459 est
792 1404 936 1458 enim
976 1411 1186 1471 partus,
1229 1409 1282 1453 et
1309 1398 1453 1452 aliud
1484 1397 1629 1467 quod
1671 1408 1753 1453 est
1796 1414 1861 1452 ex
1911 1404 2099 1467 partu,
2155 1405 2210 1451 et
2237 1396 2454 1451 diversa
2492 1406 2576 1450 est
2606 1400 2892 1469 utriusque
2950 1414 3107 1454 ratio.
3142 1402 3311 1472 Igitur
3359 1406 3718 1458 assertionem

475 1498 596 1567 ejus
647 1496 839 1550 falsam
866 1507 989 1547 esse
1016 1491 1070 1544 in
1101 1492 1168 1545 iis
1200 1504 1319 1558 quae
1348 1503 1443 1557 per
1471 1502 1691 1541 carnem
1718 1496 2068 1558 generantur,
2110 1500 2270 1539 nemo
2310 1501 2457 1541 sana:
2477 1490 2674 1542 mentis
2704 1490 2974 1544 abnuerit.

550 1652 605 1706 Si
631 1667 757 1707 vero
804 1650 1005 1720 aliquid
1034 1650 1251 1705 elticere
1283 1660 1335 1705 et
1371 1658 1692 1705 construere
1734 1658 1892 1703 vocat
1919 1663 2043 1702 mo-

476 1744 603 1797 dum
637 1743 1021 1814 generationis,
1060 1743 1125 1795 ad
1158 1758 1318 1813 quem
1352 1743 1405 1795 in
1437 1742 1619 1812 genito
1636 1750 1896 1811 sequatur
1926 1755 2041 1793 mo-

2220 1647 2284 1700 Εί
2302 1646 2359 1698 δὲ
2392 1646 2450 1699 τὸ
2472 1650 2641 1699 ποιεῖν
2669 1648 2762 1701 καὶ
2785 1648 2846 1700 τὸ
2889 1649 3338 1714 κατασκευάζειν,
3365 1652 3565 1722 τρόπον
3595 1670 3719 1721 γεν-

2147 1738 2355 1807 νήσεως
2405 1738 2680 1808 ὀνομάζει,
2816 1739 3047 1825 ἓέπεσθαι
3109 1741 3200 1793 τὸν
3238 1743 3432 1810 τρόπον
3476 1743 3573 1813 τῆς
3624 1744 3717 1797 τοῦ

476 1838 582 1892 dus
614 1836 1007 1896 similitudinis,
1060 1851 1125 1889 ne
1170 1836 1250 1890 sic
1300 1834 1520 1904 quidem
1562 1835 1737 1887 oratio
1759 1832 2037 1903 ejusveri-

2152 1834 2427 1904 γινομένου
2450 1877 2465 1899 ,
2498 1836 2659 1905 φησὶν
2686 1877 2701 1902 ,
2738 1837 3051 1906 ὁμοιότητος
3074 1854 3088 1868 ’
3122 1839 3215 1890 καὶ
3248 1837 3419 1901 οὓτως
3468 1841 3496 1891 6
3564 1839 3723 1905 λόγος

478 1929 891 1986 similitudinem
946 1927 1127 1990 habet,
1175 1927 1320 1995 quod
1363 1926 1624 1996 exemplis
1649 1926 1873 1995 planum
1929 1923 2039 1977 fiet.

479 2021 707 2076 Ferrum
736 2035 767 2073 a
804 2019 956 2073 fabro
993 2019 1193 2072 ictibus
1238 2020 1375 2072 tund
1390 2021 1522 2077 itur.
1556 2027 1615 2071 ut
1645 2014 1769 2069 inde
1798 2014 1929 2085 quid
1964 2016 2045 2067 vi-

479 2122 548 2167 tae
572 2113 759 2166 usibus
785 2112 915 2164 utile
944 2108 1267 2163 conﬁciatur
1308 2116 1362 2162 et
1390 2109 1725 2163 efformetur.
1759 2106 2045 2173 Quomodo

480 2204 643 2273 igitur
663 2202 881 2256 schema
908 2198 1297 2269 percussionis,
1321 2198 1367 2252 si
1396 2198 1468 2251 ita
1496 2213 1617 2252 sors
1641 2196 1798 2261 ferat,
1829 2197 2047 2252 assimi-

480 2294 622 2348 letur
652 2290 837 2346 manui
891 2290 1140 2348 artificis,
1197 2288 1282 2342 vel
1338 2288 1501 2342 modo
1552 2287 1876 2351 effectionis,
1916 2299 2045 2356 puta

480 2383 802 2453 forcipibus,
826 2381 1033 2444 incudi,
1065 2380 1307 2441 follibus,
1331 2378 1898 2447 carbonibus,quibus
1928 2393 2045 2431 rem

480 2474 787 2529 efformavit
839 2480 893 2526 et
937 2471 1211 2541 procudit,
1273 2484 1432 2523 nemo
1466 2468 1622 2523 facile
1672 2467 2044 2536 explicaverit.

482 2563 637 2630 Quod
668 2562 733 2617 de
767 2577 874 2616 uno
899 2562 1145 2629 exemplo
1183 2559 1388 2614 dictum
1416 2567 1518 2622 est,
1540 2558 1591 2612 id
1625 2558 1898 2620 omnibus,
1927 2572 2048 2625 quae

481 2658 699 2711 actione
727 2654 905 2722 aliqua
950 2651 1283 2713 efficiuntur,
1336 2650 1613 2718 competit,
1645 2663 1838 2719 nempe
1887 2651 2048 2701 modo

482 2745 870 2817 generationis,
906 2742 979 2801 id,
1013 2741 1157 2811 quod
1193 2750 1510 2809 generatum
1545 2749 1650 2805 est,
1702 2755 2045 2809 nequaquam

483 2838 660 2891 simile
703 2834 873 2889 reddi.
921 2832 1058 2897 Quid
1105 2834 1248 2886 enim
1315 2831 1489 2885 forma
1530 2832 1696 2886 vestis
1761 2845 2049 2885 commune

485 2929 646 2983 habet
678 2944 800 2981 cum
839 2925 1093 2985 stamine,
1136 2939 1257 2978 cum
1305 2923 1525 2992 regulis,
1572 2938 1695 2976 cum
1732 2921 1966 2992 pectine.
1995 2928 2049 2974 et

484 3037 610 3074 cum
650 3026 766 3072 toto
813 3018 905 3071 illo
950 3020 1175 3070 textoris
1233 3015 1539 3084 apparatu?
1583 3013 1723 3079 Quid
1764 3028 2045 3070 scamnum

484 3126 610 3165 cum
669 3110 898 3171 actione,
959 3121 1080 3176 qua:
1119 3113 1367 3159 versatur
1407 3106 1554 3157 circa
1593 3105 1757 3173 ligna,
1794 3104 1878 3157 vel
1911 3104 2050 3157 alius

2144 1921 2238 1975 τοῦ
2277 1924 2483 1986 εἰκότος
2531 1924 2860 1994 κεχώρισται
2898 1940 2913 1953 ·
2944 1926 3143 1978 οὑτωσὶ
3198 1926 3253 1979 δὲ
3289 1925 3377 1979 διὰ
3436 1926 3541 1979 τῶν
3592 1926 3723 1978 ὑπο-

2142 2012 2447 2083 δειγμάτων
2476 2016 2834 2084 σκοπήσωμεν
2864 2032 2878 2045 ·
2915 2016 3158 2085 Πληγαῖς
3187 2014 3452 2067 τυποῦται
3478 2016 3717 2086 σίδηρος,

2145 2105 2283 2174 πρός
2306 2105 2484 2157 τιτῶν
2507 2106 2564 2156 ὲν
2592 2104 2668 2174 τῷ
2701 2106 2799 2175 βίῳ
2830 2106 3113 2178 χρησίμων
3151 2106 3301 2176 παρὰ
3340 2107 3432 2160 τοῦ
3465 2107 3723 2177 δημιουρ-

2152 2196 2377 2260 γοῦντος
2422 2198 2905 2267 σχηματιζόμενος.
2943 2199 3015 2251 Τὸ
3040 2194 3131 2251 οὖν
3161 2201 3344 2269 σχῆμα
3378 2198 3476 2268 τῆς
3515 2200 3721 2270 ἀκμῆς,

2156 2288 2221 2341 ἂν
2252 2286 2393 2341 οὕτω
2417 2288 2575 2359 τύχῃ,
2617 2290 2731 2352 πῶς
2764 2288 3040 2359 ὁμοιοῦται
3072 2293 3137 2360 τῇ
3162 2291 3307 2361 χειρὶ
3335 2289 3429 2343 τοῦ
3454 2292 3720 2361 τεχνίτου,

2146 2377 2179 2447 ἢ
2214 2377 2290 2447 τῷ
2320 2379 2510 2448 τρόπῳ
2541 2379 2637 2448 τῆς
2663 2381 3030 2448 κατασκευῆς,
3054 2376 3162 2433 οἷον
3208 2381 3459 2452 σφύραις,
3494 2384 3587 2435 καὶ
3626 2383 3722 2437 ἅν-

2148 2470 2325 2540 θραξι,
2363 2471 2455 2522 καὶ
2504 2470 2718 2538 φύσαις,
2774 2471 2868 2524 καὶ
2909 2472 3126 2541 ἄκμονι,
3161 2472 3225 2524 δι’
3264 2465 3337 2525 ὧν
3374 2473 3541 2542 αὐτὴν
3567 2476 3595 2525 6
3632 2474 3726 2542 δη-

2151 2559 2403 2630 μιουργὸς
2457 2558 2859 2622 ἁνετυπώσατο,
2891 2560 2988 2611 οὐκ
3040 2559 3104 2611 ἄν
3151 2577 3236 2622 τις
3282 2561 3453 2612 εἰπεῖν
3491 2560 3636 2630 ἔχοι·
3664 2561 3726 2614 τὸ

2147 2652 2204 2704 δὲ
2265 2653 2356 2703 ἐπὶ
2407 2650 2499 2702 τοῦ
2556 2651 2674 2713 ένὸς
2739 2650 3131 2720 ὑποδείγματος
3191 2651 3481 2721 εἰρημένον
3510 2691 3525 2715 ,
3561 2654 3724 2707 πᾶσιν

2150 2728 2447 2810 ἐφαρμόζει
2479 2743 2589 2804 τοῖς
2613 2741 2700 2793 διά
2724 2758 2866 2802 τινος
2891 2741 3236 2811 κατασκευῆς
3269 2742 3721 2812 άπεργασθεῐσιν,

2148 2832 2228 2884 ὅτι
2253 2831 2331 2901 τῷ
2384 2832 2568 2902 τρόπῳ
2593 2832 2692 2902 τῆς
2733 2834 3036 2902 γεννήσεως
3075 2833 3135 2885 τὸ
3165 2835 3447 2904 γινόμενον
3476 2836 3725 2907 οὐδαμῶς

2149 2923 2444 2993 ὁμοιοῦται.
2486 2924 2528 2974 Τ
2536 2924 2550 2975 ί
2581 2925 2688 2994 γὰρ
2724 2923 2901 2977 κοινὸν
2952 2925 3062 2993 ἔχει
3114 2925 3174 2978 τὸ
3207 2922 3344 2988 εἶδος
3380 2925 3472 2979 τοῦ
3514 2926 3724 2997 ἱματίου

2150 3012 2286 3081 πρὸς
2315 3012 2375 3064 τὸ
2414 3011 2602 3082 πηνίον
2621 3053 2636 3076 ,
2667 3012 2700 3083 ἢ
2746 3014 2871 3077 τοὺς
2908 3014 3134 3076 κανόνας
3154 3055 3167 3077 ,
3198 3015 3231 3084 ἢ
3264 3015 3362 3085 τὴν
3416 3018 3658 3088 κερκίδα,
3688 3016 3724 3086 ἢ

2152 3100 2285 3163 ὅλως
2313 3101 2447 3170 πρὸς
2483 3100 2573 3154 τὸν
2601 3102 2800 3173 τρόπον
2825 3103 2922 3172 τῆς
2949 3103 3042 3155 τοῦ
3074 3104 3307 3172 ύφάντου
3343 3108 3724 3177 κατασκευῆς;

485 3202 757 3271 quispiam
777 3200 1003 3256 eﬂ'ectus
1042 3212 1164 3249 cum
1196 3195 1366 3248 forma
1396 3195 1655 3249 artificis?
1704 3193 1842 3264 Ergo
1881 3195 1933 3247 in
1968 3209 2050 3246 re-

2152 3192 2287 3246 τίδὲ
2334 3192 2395 3245 τὸ
2425 3192 2627 3262 βάθρον
2668 3192 2803 3263 πρὸς
2839 3193 2936 3264 τὴν
2981 3194 3089 3246 τῶν
3136 3195 3305 3258 ξύλων
3359 3199 3723 3268 ἀπεργασίαν,

487 3294 590 3348 bus
645 3292 996 3349 sensibilibus
1053 3301 1106 3343 et
1162 3288 1443 3356 corporeis
1493 3303 1523 3339 a
1554 3287 1774 3340 veritate
1809 3287 2046 3339 alienum

486 3400 629 3442 esse.
671 3383 815 3454 quod
884 3382 1099 3444 asserit,
1156 3381 1304 3451 ipsos
1358 3378 1703 3433 adversarios
1749 3377 1900 3431 fateri
1939 3376 2053 3430 exi-

485 3477 678 3530 stimo.

562 3694 848 3763 Reliquum
884 3701 989 3754 est,
1024 3699 1084 3745 ut
1121 3688 1495 3759 dispiciamus,
1524 3685 1783 3754 quidnam
1833 3684 2055 3737 concin-

488 3787 682 3843 nandaa
706 3800 816 3838 sua:
845 3782 1191 3853 blasphemiae
1225 3779 1460 3834 ulterius
1500 3778 1707 3831 afferat.
1751 3775 1889 3841 Quid
1925 3791 2054 3845 ergo

489 3887 608 3933 erat
634 3874 779 3946 quod
809 3876 859 3927 in
910 3873 1209 3942 quastione
1242 3869 1600 3925 versabatur?
1632 3867 1742 3922 Hoc
1785 3868 2052 3929 videlicet,

490 3969 646 4024 fateri
678 3974 949 4037 Oportere,
979 3962 1173 4018 Filium
1208 3962 1263 4016 in
1299 3978 1397 4017 sua
1445 3961 1750 4017 substantia
1798 3959 1942 4011 Patri
1985 3959 2058 4012 si-

492 4061 696 4123 milem,
728 4058 811 4110 vel
835 4056 1152 4112 dissimilem
1177 4068 1339 4107 esse:
1385 4051 1531 4122 quod
1574 4064 1721 4114 cum,
1758 4058 1817 4102 ut
1868 4050 1960 4108 ait.
1991 4063 2056 4101 ex

491 4150 845 4223 providentiae
876 4148 1090 4201 ratione
1118 4146 1332 4200 discere
1382 4142 1709 4213 nequiverit,
1757 4141 2058 4193 recurrisse

491 4258 553 4298 se
582 4243 714 4295 dicit
746 4239 812 4293 ad
834 4238 1201 4309 generationis
1232 4236 1474 4299 modum,
1511 4243 1570 4288 ut
1600 4235 1759 4288 istius
1787 4233 2058 4285 interven-

495 4347 551 4388 tu
586 4338 963 4402 cognosceret,
1000 4344 1107 4383 non
1140 4338 1321 4380 utrum
1371 4326 1585 4396 genitus
1628 4323 1857 4394 genitori
1890 4322 2056 4376 dissi-

496 4424 641 4477 milis
662 4423 755 4485 sit,
785 4420 880 4481 sed
908 4434 1037 4472 num
1085 4418 1284 4471 habeat
1328 4416 1547 4470 modum
1582 4413 1869 4484 quemdam
1901 4410 2056 4465 simi—

494 4514 758 4575 litudinis,
791 4520 844 4565 et
870 4510 997 4580 quia
1020 4508 1212 4562 modus
1250 4509 1354 4563 iste
1394 4507 1579 4560 multis
1625 4508 1840 4575 ignotus
1874 4504 1966 4563 sit,
1994 4516 2056 4554 ea

493 4606 562 4660 de
588 4619 776 4667 causa,
810 4618 869 4657 se
915 4601 987 4656 de
1024 4600 1350 4660 substantia,
1386 4615 1507 4668 quae
1564 4596 1771 4668 genuit,
1811 4596 2057 4665 pluribus

491 4697 842 4752 disseruisse.
899 4692 1036 4747 Num
1093 4694 1258 4762 igitur
1305 4692 1539 4761 propriae
1576 4705 1688 4744 suae
1740 4688 2059 4744 assertionis

493 4789 696 4841 oblitus
742 4796 845 4846 est,
895 4784 1114 4854 quando
1164 4784 1321 4848 dixit,
1368 4797 1436 4836 ea:
1485 4782 1724 4850 operibus
1755 4781 2059 4849 investigari

491 4879 676 4933 debere
728 4875 1102 4931 substantias?
1140 4891 1263 4929 cum
1307 4890 1435 4945 ergo
1466 4873 1699 4929 necdum
1750 4874 1859 4927 ullo
1900 4873 2062 4928 modo

494 4977 726 5033 constet,
762 4967 1037 5037 quomodo
1070 4966 1377 5019 substantia
1426 4975 1702 5032 generata,
1730 4980 1891 5033 quam
1931 4981 2061 5032 opus

494 5073 752 5126 supreme
783 5057 1037 5125 appellat,
1065 5070 1188 5110 sese
1221 5055 1417 5108 habeat
1451 5055 1750 5108 secundum
1788 5063 2059 5119 naturam;

493 5164 601 5219 qua
632 5151 842 5202 ratione
865 5149 917 5201 id
950 5146 1096 5216 quod
1143 5146 1370 5200 inferius
1403 5154 1506 5210 est,
1547 5153 1605 5197 ut
1635 5145 1751 5211 ipse
1799 5144 2059 5212 loquitur,

491 5251 548 5293 et
586 5241 708 5293 ideo
757 5239 824 5292 ad
881 5236 1316 5307 cognoscendum
1374 5236 1665 5305 proclivius
1720 5242 1774 5287 et
1824 5234 2057 5294 facilius,

494 5332 833 5393 transiliens,
863 5329 1096 5383 maxime
1124 5329 1353 5398 propria:
1374 5339 1424 5381 et
1453 5343 1719 5396 supremae
1743 5327 2060 5380 substantia

493 5420 841 5483 adhairescit,
865 5427 918 5473 et
944 5433 1065 5473 cum
1100 5420 1157 5471 in
1188 5434 1350 5487 opere
1402 5433 1502 5472 suo
1522 5417 1691 5471 videri
1723 5417 1866 5483 velit,
1906 5418 2061 5485 quasi

496 5511 802 5565 divinorqu
826 5510 1170 5563 oraculorum
1215 5508 1506 5562 admodum
1547 5523 1751 5577 gnarus
1779 5508 1868 5572 sit,
1915 5524 2061 5562 nunc

495 5618 560 5656 ea
592 5604 739 5670 parvi
765 5600 970 5671 pendit,
1005 5599 1227 5670 perinde
1263 5615 1326 5653 ac
1377 5601 1420 5654 si
1465 5599 1724 5662 nesciret,
1764 5599 1832 5652 ad
1880 5597 2059 5653 Patris

495 5695 882 5765 cognitionem,
922 5708 1029 5748 non
1066 5692 1167 5748 nisi
1215 5708 1309 5764 per
1359 5690 1552 5746 Filium
1594 5707 1880 5748 accessum
1917 5700 2060 5762 pate-

2154 3283 2338 3354 ἢᾶλλο
2371 3301 2421 3335 τι
2456 3283 2565 3335 τῶν
2607 3282 2903 3353 γινομένων
2943 3285 3075 3354 πρὸς
3108 3285 3168 3335 τὸ
3194 3285 3378 3355 σχῆμα
3406 3305 3499 3340 του
3532 3305 3727 3359 κατερ-

2154 3372 2497 3441 γασαμένους
2542 3372 2679 3424 Ἀλλ’
2706 3374 2764 3423 ἐν
2792 3372 2890 3443 μὲν
2922 3375 3033 3435 τοῖς
3062 3374 3333 3443 αἰσθητοῖς
3363 3377 3457 3428 καὶ
3487 3394 3725 3447 σωματι-

2154 3461 2267 3521 κοῖς
2289 3460 2475 3529 ἀργεῖν
2507 3459 2597 3511 τὸν
2633 3460 2789 3527 λόγον
2824 3459 3027 3525 τοῦτον,
3065 3466 3156 3514 καὶ
3195 3464 3392 3527 αὐτοὺς
3417 3463 3571 3531 οἶμαι
3603 3470 3724 3534 τοὺς

2156 3551 2427 3613 ἐναντίους
2461 3550 2823 3605 συντίθεσθαι.

2235 3685 2557 3739 ’Υπόλοιπον
2590 3688 2634 3739 δ’
2658 3688 2723 3741 ἂν
2758 3689 2841 3759 εἴη
2898 3695 3112 3744 σκοπεῖν
3146 3693 3199 3744 εἴ
3235 3711 3354 3747 τινα
3410 3699 3721 3755 συντέλειαν

2155 3775 2289 3843 πρὸς
2308 3775 2404 3845 τὴν
2426 3776 2523 3845 τῆς
2554 3776 2900 3847 βλασφημίας
2928 3782 3268 3852 κατασκευὴν
3291 3785 3722 3856 συνεισφέρεται.

2280 3861 2301 3879 τ
2477 3864 2500 3882 ν
2619 3868 2628 3879 .

2166 3866 2220 3916 lt
2246 3882 2336 3917 ουν
2369 3865 2429 3916 τὸ
2470 3884 2799 3936 ςητουμενον
2841 3865 2942 3939 ἧν;
2978 3871 3051 3923 Τὸ
3076 3871 3183 3924 δεῖν
3211 3875 3349 3926 κατά
3396 3875 3496 3945 τὴν
3539 3877 3724 3930 οὐσίαν

2156 3960 2353 4029 ὁμοίως
2393 3961 2424 4031 ἢ
2460 3965 2724 4032 ἀνομοίως
2768 3964 2910 4033 ἔχειν
2937 3965 3012 4035 τῷ
3038 3967 3212 4037 Πατρὶ
3254 3968 3342 4020 τὸν
3379 3969 3504 4023 Υίὸν
3533 3972 3725 4040 ὁμολο-

2156 4050 2386 4116 γεῖσθαι.
2420 4052 2592 4123 Ὅπερ
2609 4052 2767 4105 διὰτὸ
2801 4054 2873 4123 μὴ
2906 4054 3177 4116 δύνασθαι,
3199 4058 3381 4126 φησὶν,
3403 4060 3466 4109 ἐκ
3492 4061 3599 4112 τῶν
3626 4060 3725 4131 τῆς

2157 4140 2411 4208 προνοίας
2428 4139 2602 4207 λόγων
2626 4142 2837 4210 μαθεῖν,
2855 4144 2945 4195 ἐπὶ
2970 4145 3059 4197 τὸν
3079 4145 3178 4214 τῆς
3210 4148 3512 4216 γεννήσεως
3536 4149 3737 4220 ἀνελη-ς

2157 4230 2370 4282 λυθέναι
2406 4231 2604 4301 τρόπον
2626 4248 2638 4260 ·
2667 4232 2741 4294 ὡς
2772 4231 2858 4285 διὰ
2890 4233 3076 4287 τούτου
3108 4236 3307 4302 γνῶναι
3336 4238 3452 4307 οὐχὶ
3483 4240 3574 4293 τὸν
3603 4257 3725 4307 γενι

2156 4322 2406 4391 νηθέντα,
2436 4325 2483 4374 εἰ
2518 4324 2717 4392 ὁμοίως
2760 4324 2871 4394 ἔχει
2908 4327 3043 4396 πρὸς
3078 4328 3167 4379 τὸν
3197 4331 3558 4399 γεννήσαντα,
3591 4330 3739 4389 ἀλλὰ,

2157 4431 2277 4466 τινα
2296 4415 2607 4486 ὁμοιότητος
2628 4418 2951 4487 τρόπον,καὶ
2976 4419 3062 4472 διὰ
3090 4420 3149 4472 τὸ
3175 4424 3287 4484 τοῖς
3313 4423 3523 4488 πολλοῖς
3551 4426 3725 4491 ἄγνω-

2163 4520 2284 4555 στον
2316 4500 2453 4557 εἶναι
2502 4506 2707 4569 τοῦτον,
2738 4508 2824 4561 διὰ
2862 4509 3018 4563 τοῦτο
3041 4511 3138 4581 τὴν
3166 4514 3499 4583 γεννήσασαν
3540 4516 3727 4569 οὐσίαν

2096 4584 2136 4637 ί)
2166 4596 2637 4666 περιεργάζεσθαι.
2688 4594 2833 4670 τΑρα
2885 4598 2977 4655 οὖν
3029 4603 3373 4674 ἐπιλέλησται
3429 4607 3535 4659 τῶν
3584 4609 3727 4662 ἰδίων

2157 4686 2472 4756 διορισμῶν,
2498 4689 2556 4740 ὲν
2582 4684 2662 4751 οἷς
2695 4707 2876 4760 φησιν,
2907 4694 2974 4745 ἐκ
2999 4693 3116 4746 τῶν
3132 4696 3316 4763 ἔργων
3346 4696 3473 4751 δεῖν
3490 4701 3594 4765 τὰς
3627 4703 3729 4754 οὐ·

2158 4778 2297 4842 σίας
2321 4778 2897 4847 καταλαμϐάνεσθαι;
2912 4784 3021 4855 Τῆς
3040 4780 3131 4837 οὖν
3155 4789 3501 4859 γεννηθείσης
3519 4791 3724 4855 οὐσίας,

2159 4872 2223 4937 ἣν
2240 4871 2415 4937 ἔργον
2431 4871 2683 4940 ὀνομάζει
2702 4871 2806 4939 τῆς
2838 4878 3286 4946 ὑπερκειμένης,
3315 4881 3539 4950 μηδέπω
3565 4900 3727 4951 φανε-

2165 4963 2445 5033 ρωθείσης,
2473 4962 2588 5025 πῶς
2619 4964 2729 5033 ἔχει
2757 4967 2895 5019 κατὰ
2921 4968 3017 5039 τὴν
3046 4970 3225 5038 φύσιν,
3245 4970 3361 5034 πῶς
3378 4972 3619 5043 ὑπερϐὰς
3649 4975 3727 5039 τὸ,

2163 5054 2237 5115 ὡς
2269 5053 2427 5115 αὐτὸς
2476 5054 2643 5121 λέγει,
2677 5056 3001 5127 κατώτερον,
3029 5061 3120 5112 καὶ
3148 5061 3236 5113 διὰ
3276 5062 3434 5115 τοῦτο
3470 5068 3535 5134 τῇ
3566 5082 3733 5117 κατα-

2163 5144 2323 5212 λήψει
2352 5145 2460 5197 τῶν
2488 5144 2789 5214 ζητούντων
2822 5152 3280 5223 προσεχέστερον,
3314 5157 3381 5224 τῇ
3420 5157 3729 5227 κυριωτάτῃ

2166 5238 2258 5289 καὶ
2280 5238 2526 5307 ἁνωτάτῃ
2561 5238 2924 5308 προσφύεται·
2950 5242 3121 5295 καὶτὸ
3142 5244 3384 5315 ἀκριϐῶς
3408 5246 3603 5300 ειδέναι
3636 5249 3733 5310 τὰς

2165 5326 2312 5389 θείας
2344 5327 2545 5394 φωνὰς,
2564 5331 2620 5381 ἐν
2643 5329 2721 5399 τῷ
2753 5331 2872 5383 κατ’
2898 5333 3056 5386 αὐτὸν
3091 5334 3252 5405 λόγῳ,
3288 5338 3731 5403 κατασκευάζων,

2166 5418 2259 5470 νῦν
2300 5419 2562 5473 κάκείνων
2594 5420 2773 5490 ὀλίγον
2806 5427 3032 5478 ποιεῖται
3072 5425 3162 5479 τὸν
3191 5427 3365 5494 λόγον,
3401 5427 3586 5498 ὥσπερ
3630 5430 3734 5498 ἀγ-

2165 5508 2302 5563 νοῶν
2330 5511 2407 5561 ὅτι
2433 5510 2532 5563 οὐκ
2569 5510 2681 5565 ἔστι
2715 5517 2779 5583 τῇ
2813 5514 3006 5581 γνώσει
3040 5517 3131 5571 τοῦ
3171 5519 3382 5588 Πατρὸς
3412 5521 3732 5593 προσϐῆναι,

2170 5600 2243 5668 μὴ
2275 5599 2359 5652 διὰ
2384 5600 2475 5653 τοῦ
2502 5602 2630 5654 Υἱοῦ
2660 5607 3122 5675 προσεγγίσαντα;
3151 5610 3359 5676 Οὐδεὶς
3388 5613 3515 5682 γὰρ,
3544 5617 3730 5683 φησιν,

2166 5693 2319 5762 ἔγνω
2359 5693 2464 5747 τὸν
2485 5696 2733 5765 Πατέρα,
2752 5700 2803 5751 εἰ
2826 5698 2913 5768 μὴ
2939 5704 2971 5755 d
3012 5704 3054 5756 Υ
3053 5702 3158 5771 ἰὸς,
3186 5703 3281 5758 καί
3307 5697 3356 5771 ᾧ
3374 5705 3483 5760 ἐὰν
3505 5706 3735 5777 ,ϐούλη-
