4146 6370
422 261 528 316 595

1617 275 1897 332 CONTRA
1931 276 2324 344 EUNOMIUM,
2366 277 2496 332 LIB.
2534 275 2570 330 I.

3587 279 3696 339 39$

423 395 515 432 ται
549 381 582 432 ό
647 381 779 445 Υἱός
834 383 1242 452 ἀποκαλύψαι.
1287 386 1424 440 Ἀλλ’
1471 381 1644 454 οὗτος,
1679 392 1736 443 ἐν
1767 387 1848 454 οἷς
1905 392 2001 463 μὲν

2112 389 2227 444 ﬁeri
2265 393 2289 446 ?
2322 390 2516 444 Nullus
2565 392 2726 454 enim,
2776 379 2972 460 inquit,
3008 391 3150 445 novit
3207 389 3420 450 Patrem
3470 395 3572 448 nisi
3603 395 3694 448 Fi-

421 468 486 522 ἂν
522 471 691 542 μέλλῃ
715 473 1062 544 καθυϐρίζειν
1113 477 1209 541 τὰς
1240 479 1484 543 εὐσεϐεῖς
1538 483 1632 538 καὶ
1670 485 1736 552 τῇ
1788 483 2001 554 θεότητι

422 564 734 632 πρεπούσας
755 564 847 620 τοῦ
871 568 1210 636 Μονογενοῦς
1232 571 1547 642 ὑπολήψεις,
1579 574 1834 629 ἐλάττονα
1863 573 2001 632 εἶναι

420 651 585 720 λέγει,
619 657 797 727 γυμνῇ
822 659 885 726 τῇ
918 661 1067 728 φωνῇ
1092 673 1108 693 ο
1133 663 1190 713 ὲν
1211 661 1268 714 δὲ
1296 665 1362 732 τῇ
1388 663 1598 734 ἐπινοίᾳ
1626 665 1727 733 τῆς
1749 665 2003 731 γνώσεως

419 743 526 796 τῶν
554 744 714 798 θείων
732 785 746 810 ,
788 747 1036 802 λανθάνει
1067 750 1127 801 τὸ
1157 753 1340 820 μεῖζον
1367 754 1453 808 ἐπ’
1475 754 1641 808 αὑτοῦ
1667 758 2004 814 κατασκευά-

420 834 527 898 ζων
567 850 580 863 ·
612 838 770 908 εἴπερ
807 840 904 911 τὴν
948 840 1041 896 τοῦ
1089 842 1302 913 Πατρὸς
1346 845 1554 912 οὐσίαν,
1595 847 1670 912 ὡς
1724 850 2000 919 ἑτοιμοτέ-

422 942 520 994 ραν
577 928 658 991 εἰς
707 931 1034 1004 κατανόησιν
1103 936 1464 999 καταλαϐὼν,
1503 939 1582 992 δι’
1640 940 1856 1012 ἐκείνης
1908 942 2002 994 ἀν-

420 1018 651 1085 ιχνεύειν
689 1023 945 1091 πειρᾶται
998 1026 1091 1078 καὶ
1143 1028 1550 1096 συλλογίζεσθαι
1599 1031 1693 1085 τοῦ
1739 1033 1868 1085 Υἰοῦ
1900 1033 1999 1106 τὴν

420 1125 601 1176 φύσιν.

497 1203 703 1256 Ἀνεισι
742 1205 871 1275 γοῦν
908 1208 1000 1260 ἐπὶ
1034 1208 1130 1280 τὴν
1177 1213 1517 1282 γεννήσασαν
1549 1215 1767 1277 οὐσίαν,
1800 1219 1892 1270 καὶ
1931 1216 1997 1270 δι’

420 1294 633 1364 ἐκείνης
654 1297 752 1366 τὴν
775 1299 1126 1368 γεννηθεῖσαν
1146 1303 1453 1368 ἐπισκοπεῖ,
1479 1305 1567 1359 διὰ
1587 1308 1644 1360 τὸ
1674 1311 1738 1378 τῇ
1770 1314 1996 1381 φυσικῇ,

422 1383 576 1451 φησὶ,
612 1385 703 1436 τοῦ
736 1389 1099 1457 γεννήσαντος
1126 1391 1252 1464 ἀξίᾳ
1277 1393 1583 1449 δείκνυσθαι
1613 1397 1703 1450 τὸν
1737 1401 1834 1470 τῆς
1875 1418 1999 1469 γεν-

421 1477 627 1543 νήσεως
662 1478 878 1548 τρόπον.
913 1481 1080 1534 Πάλιν
1121 1483 1279 1537 τοῦτο
1323 1469 1508 1550 ἁπλῶς
1549 1490 1643 1542 καὶ
1679 1491 1998 1560 ἀδιορίστως

423 1569 806 1639 παραρριφὲν,
855 1573 947 1628 ἐπὶ
1008 1575 1184 1629 πάντα
1254 1579 1649 1650 παραπλησίως
1697 1584 1997 1652 διαχεῖσθαι

421 1660 832 1728 παρασκευάζει
881 1663 976 1715 τοῦ
1028 1664 1312 1735 ζητοῦντος
1348 1670 1444 1740 τὴν
1483 1671 1709 1728 ἔννοιαν.
1762 1677 1996 1731 Τοιαῦτα

2118 482 2243 547 lius,
2278 492 2328 537 et
2361 484 2447 536 cui
2475 482 2694 538 voluerit
2733 481 2908 537 Filius
2943 483 3172 544 revelare
3205 483 3269 536 ³³.
3309 481 3416 540 Sed
3441 486 3544 542 iste
3569 501 3696 544 cum

2109 573 2346 628 debitam
2376 574 2856 639 existimationem,
2919 589 3084 644 quam
3119 573 3187 628 de
3231 572 3509 646 Unigeniti
3550 576 3692 633 divi-

2109 663 2281 718 nitate
2313 664 2598 730 habemus,
2660 665 2983 719 imminuere.
3041 672 3096 718 et
3139 665 3390 720 deterere
3449 668 3691 736 molitur,

2109 757 2377 812 minorem
2409 755 2608 810 Filium
2636 757 2784 810 nuda
2830 772 2966 812 voce
3016 758 3234 824 astruit,
3270 773 3434 828 quem
3472 760 3696 830 ignarus

2108 847 2234 902 licet
2258 848 2519 916 majorem
2557 847 2708 911 facit,
2728 849 2782 902 in
2800 863 2982 904 rerum
3030 849 3338 905 divinarum
3379 866 3698 922 comparan-

2107 937 2175 992 da
2209 938 2553 1008 cognitione:
2589 940 2635 993 si
2684 938 2905 1008 quidem
2952 938 3131 995 Patris
3175 942 3568 1006 substantiam,
3603 959 3696 998 ve-

2108 1029 2190 1082 lut
2225 1031 2444 1100 cognitu
2480 1029 2873 1099 expeditiorem
2927 1031 3226 1100 accipiens,
3273 1047 3369 1099 per
3415 1033 3560 1088 illam
3611 1034 3700 1088 in-

2108 1124 2308 1194 dagare
2337 1133 2391 1178 et
2418 1125 2675 1193 colligere
2721 1125 2916 1177 nititur
2947 1133 3202 1180 naturam
3233 1124 3378 1180 Filii.

2178 1215 2440 1270 Ascendit
2487 1216 2654 1283 igitur
2703 1216 2770 1270 ad
2821 1223 3074 1270 naturam
3127 1233 3252 1287 qtm
3298 1220 3602 1287 generavit,
3642 1230 3696 1273 et

2107 1321 2204 1374 per
2226 1306 2395 1373 illam,
2419 1307 3089 1378 consideratgeneratam,
3116 1325 3183 1364 eo
3215 1311 3361 1380 quod
3404 1327 3501 1380 per
3531 1321 3692 1365 natu-

2105 1398 2274 1451 ralem
2330 1399 2647 1468 generautis
2699 1399 3023 1470 dignitatem
3090 1403 3285 1457 modus
3329 1405 3693 1470 generationis

2105 1489 2536 1544 demonstretur.
2581 1489 2699 1555 Qua
2736 1505 2838 1544 sua
2893 1492 3202 1548 assertione
3256 1494 3327 1548 ita
3373 1496 3693 1564 simpliciter

2103 1593 2156 1634 et
2188 1580 2464 1635 indefinite
2487 1583 2714 1650 prolata,
2732 1582 2798 1636 ad
2824 1584 3007 1636 omnia
3037 1585 3692 1653 aequaliterlectorisani-

2104 1687 2252 1725 mum
2276 1668 2579 1727 dilTuudere
2610 1683 2664 1728 et
2689 1673 2963 1729 abducere
2990 1683 3181 1729 tentat.
3202 1675 3353 1732 Talia
3378 1681 3523 1732 enim
3543 1690 3690 1743 sunt,

420 1749 530 1819 γάρ
563 1751 676 1804 ἐστι
702 1753 1003 1819 καθολικῶς
1035 1757 1102 1809 τὰ
1135 1757 1676 1833 δογματιζόμενα,ὼς
1706 1769 1795 1820 ἐπὶ
1820 1769 1994 1823 πάντα

2103 1779 2221 1832 qum
2240 1765 2536 1819 universim
2564 1765 2926 1828 aflirmantur,
2953 1777 3011 1819 ut
3035 1771 3416 1838 cogitationem
3431 1772 3497 1824 ad
3511 1773 3690 1826 omnia

423 1839 683 1910 φέρεσθαι
731 1845 850 1905 ταῖς
901 1845 1324 1913 ὑπονοίαις,καὶ
1373 1855 1541 1924 μηδὲν
1589 1858 1995 1928 ὑπεξαιρεῖσθαι

419 1931 520 2000 τῆς
553 1934 954 2008 περιληπτικῆς
986 1941 1331 2010 ἀποφάσεως.
1377 1947 1439 1999 Ei
1487 1943 1578 2003 οὖν
1611 1950 1871 2015 πάντωςὸ
1899 1955 1997 2025 τῆς

428 2023 728 2092 γεννήσεως
779 2027 978 2097 τρόπος
1029 2034 1095 2102 τῇ
1145 2039 1345 2106 φυσικῇ
1385 2038 1478 2090 τοῦ
1525 2041 1820 2107 γεννῶντος
1871 2045 1998 2116 ἀξία

421 2115 768 2185 γνωρίζεται,
819 2123 1011 2176 πολλαὶ
1048 2123 1106 2177 δὲ
1148 2127 1258 2180 τῶν
1296 2132 1587 2185 τικτόντων
1619 2136 1673 2187 αἱ
1716 2137 1856 2190 κατὰ
1901 2138 1999 2201 τὰς

423 2202 579 2267 ἀξίας
633 2207 908 2280 διαφοραὶ,
966 2215 1060 2268 καὶ
1100 2219 1242 2272 κατά
1290 2221 1492 2285 πολλὰς
1546 2227 1788 2290 ἐπινοίας
1833 2247 2001 2282 κατα-

422 2293 789 2365 λαμϐάνονται
820 2305 1114 2372 (γεννᾶται
1149 2310 1257 2382 γὰρ
1314 2313 1580 2377 Ἰουδαῖος.
1612 2317 1832 2388 Ἕλλην,
1869 2319 2000 2391 βάρ-

423 2386 625 2458 ϐαρος,
670 2392 915 2465 Σκύθης,
962 2397 1186 2464 δοῦλος,
1227 2402 1551 2476 ἐλεύθερος).
1587 2407 1639 2460 τί
1689 2386 2000 2464 εις-τούτων

424 2482 924 2551 κατασκευάζεται;
951 2489 1070 2542 Ὀτι
1094 2490 1215 2544 ὅσαι
1245 2495 1353 2547 εἰσὶ
1376 2496 1483 2548 τῶν
1511 2498 1824 2565 γεννώντων
1860 2503 2002 2555 κατὰ

423 2570 522 2632 τὰς
547 2575 778 2640 φυσικὰς
804 2578 958 2644 ἀξίας
983 2579 1509 2652 διαφοραὶ,τοσοῦτοι
1533 2592 1628 2643 καὶ
1662 2593 1852 2662 τρόποι
1879 2611 2002 2662 γεν-

425 2663 632 2755 νήσεως
664 2669 804 2721 κατὰ
834 2670 895 2722 τὸ
923 2673 1068 2736 εἰκὸς
1098 2675 1480 2748 εὑρεθήσονται
1501 2682 1606 2747 ’ὡς
1639 2683 1714 2755 μὴ
1743 2686 1882 2738 κατά
1910 2687 2001 2739 τὸν

426 2753 592 2808 αὑτὸν
641 2759 838 2828 τρόπον
887 2763 1224 2836 πληροῦσθαι
1271 2773 1403 2825 πᾶσι
1443 2775 1542 2844 τὴν
1582 2776 1831 2844 γένεσιν·
1867 2780 2002 2834 ἀλλά

423 2849 546 2910 ταῖς
574 2848 681 2902 τῶν
711 2853 1020 2920 γεννώντων
1069 2861 1246 2926 ἀξίαις
1273 2864 1370 2926 τὰς
1397 2866 1584 2933 φύσεις
1615 2872 2001 2940 συμμεταϐάλ-

425 2938 630 3005 λεσθαι,
662 2944 754 2996 καὶ
795 2945 904 2998 δεῖν
938 2949 1156 3020 ἑκάστῳ
1185 2953 1291 3006 τῶν
1338 2959 1670 3026 τικτομένων
1689 2999 1703 3022 ,
1735 2961 1876 3014 κατὰ
1904 2961 2003 3032 τὴν

427 3031 536 3084 τῶν
572 3032 899 3104 ἀξιωμάτων
941 3040 1222 3113 διαφορὰν,
1256 3046 1522 3109 ἰδιάζοντά
1553 3067 1670 3102 τινα
1701 3054 2001 3124 γεννήσεως

2102 1855 2419 1922 traducant,
2474 1857 2718 1926 nihilque
2779 1866 2934 1913 extra
2989 1877 3150 1914 suum
3217 1862 3479 1915 ambitum
3521 1861 3691 1918 relin-

2101 1954 2298 2015 quant.
2326 1947 2382 2001 Si
2405 1947 2572 2017 igitur
2585 1949 2813 2004 omnino
2845 1953 3038 2006 modus
3056 1953 3430 2020 generationis
3451 1969 3517 2008 ex
3542 1965 3690 2009 natu-

2101 2036 2202 2088 rali
2239 2037 2554 2105 generantis
2594 2039 2858 2108 dignitate
2895 2043 3265 2107 cognoscitur,
3311 2047 3689 2112 generantium

2101 2143 2230 2182 vero
2251 2130 2489 2191 variaeet
2506 2128 2846 2185 diversarum
2871 2133 3155 2186 nationum
3181 2136 3485 2190 secundum
3509 2137 3690 2206 digni-

2101 2227 2267 2275 tatem
2298 2219 2619 2276 differentiae
2660 2224 3048 2292 reperiuntur:
3107 2235 3339 2294 generat
3380 2231 3528 2283 enim
3585 2229 3683 2284 Ju-

2102 2309 2524 2374 daaus,Graacus,
2547 2312 2844 2382 Barbarus,
2865 2313 3090 2388 Scytha,
3110 2334 3324 2382 servus,
3359 2319 3522 2376 liber:
3560 2322 3689 2390 quid

2103 2417 2169 2456 ex
2205 2402 2290 2458 his
2329 2403 2826 2460 concluditur?An
2867 2416 3004 2478 quot
3030 2418 3162 2464 sunt
3193 2412 3574 2480 generautium
3603 2429 3689 2467 se-

2104 2495 2344 2548 cundant
2381 2498 2690 2551 naturalem
2717 2497 3038 2567 dignitatem
3100 2509 3334 2562 naturae.
3389 2513 3466 2554 tot
3525 2505 3689 2558 etiam

2105 2585 2248 2639 modi
2273 2587 2664 2656 generationis,
2695 2598 2755 2644 ut
2790 2591 2965 2657 decet,
2999 2592 3265 2647 exsistant
3291 2635 3306 2659 ,
3337 2594 3408 2647 ita
3435 2605 3493 2648 ut
3515 2595 3691 2650 haud-

2104 2691 2379 2745 quaquam
2430 2680 2619 2732 eodem
2662 2683 2822 2734 modo
2855 2685 3135 2752 generatio
3191 2686 3550 2753 perticialur;
3593 2687 3688 2742 sed

2106 2775 2167 2820 ut
2209 2776 2419 2823 natura:
2447 2786 2553 2823 una
2587 2787 2712 2825 cum
2751 2777 3132 2843 generantium
3171 2777 3537 2846 dignitatibus
3576 2795 3692 2831 mu-

2102 2865 2308 2923 tentur,
2345 2858 2612 2929 adeoque,
2649 2871 2707 2914 ιιι
2751 2864 2976 2918 cuilibet
3009 2880 3222 2927 eorum,
3275 2882 3397 2935 qum
3430 2882 3691 2936 generan-

2103 2956 2213 3012 tur,
2258 2951 2560 3005 secundum
2613 2951 2944 3020 dignitatum
3005 2956 3370 3012 diil'erentiam
3431 2960 3689 3029 proprius

2103 3041 2324 3108 quidam
2351 3043 2724 3112 generationis
2760 3045 2954 3098 modus
2979 3047 3348 3114 assignandus
3373 3049 3484 3103 sit?
3509 3049 3691 3103 Omni-

428 3122 629 3190 τρόπον
660 3132 1114 3199 καινοτομεῖσθαι.
1154 3136 1292 3188 Πᾶσι
1324 3138 1432 3207 γὰρ
1465 3146 1727 3210 συμφυεῖς
1751 3144 1896 3209 ἀξίαι
1927 3163 2001 3198 τι-

2112 3131 2214 3186 bus
2239 3132 2384 3185 enim
2409 3147 2438 3184 a
2477 3143 2670 3186 natura
2701 3135 2880 3189 insitae
2923 3136 3220 3207 dignitates
3256 3149 3309 3193 et
3350 3141 3690 3196 excellentia:

428 3215 518 3277 νές
550 3218 656 3269 είσι
705 3219 920 3285 πάντως
958 3225 1420 3298 ὲπιθεωρούμεναι
1464 3235 1575 3295 τοῖς
1600 3234 1719 3287 καθ’
1758 3236 2004 3301 ἕκαστον,

424 3305 776 3379 διαφέρουσαι
822 3313 876 3365 δὲ
906 3315 1149 3387 ἀλλήλων
1202 3321 1338 3391 πρὸς
1385 3324 1445 3376 τὸ
1478 3328 1720 3394 κρεῖττον
1758 3327 1789 3396 ἢ
1841 3345 2008 3381 καταο

425 3398 705 3471 δεέστερον
729 3420 743 3433 ·
761 3403 908 3466 ὅπως
934 3405 1000 3459 ἂν
1035 3408 1247 3478 ἑκάστῳ
1272 3413 1544 3483 συμπέσῃ,
1570 3415 1742 3482 γένος,
1771 3417 2005 3490 ἀξίωμα,

431 3489 716 3560 θρησκεία,
749 3498 948 3566 πατρὶς
969 3538 982 3560 ,
1013 3499 1333 3567 δυναστεία,
1365 3503 1595 3570 δουλεία,
1627 3507 1875 3572 πλοῦτος.
1906 3528 2007 3564 πε-

429 3579 548 3641 νία,
577 3581 638 3633 τὺ
694 3585 1056 3654 αὐτεξούσιον,
1097 3590 1156 3642 τὸ
1202 3592 1529 3664 ὑποχείριον.
1565 3598 1742 3651 πάντα
1779 3600 1880 3653 ὅσα
1909 3601 2008 3664 τὰς

429 3672 575 3724 κατά
605 3674 696 3727 τὸν
733 3675 846 3744 βίον
870 3677 1128 3748 διαφορὰς
1157 3685 1214 3734 ἐν
1243 3688 1360 3748 ταῖς
1402 3687 1579 3753 ἀξίαις
1601 3691 1910 3760 ἐργάζεται.
1943 3695 2004 3746 Εἰ

428 3759 520 3816 οὖν
549 3767 615 3834 τῇ
653 3771 854 3838 φυσικῇ
903 3769 995 3823 τοῦ
1045 3774 1338 3839 γεννῶντος
1370 3777 1516 3850 ἀξίᾳ,
1564 3779 1742 3843 καθώς
1775 3801 1939 3852 φησιν
1979 3789 2006 3838 ὁ

432 3853 711 3924 Εὑνόμιος,
738 3859 766 3909 ὁ
793 3859 891 3928 τῆς
916 3864 1220 3932 γεννήσεως
1246 3865 1514 3921 δείκνυται
1538 3870 1736 3940 τρόπος
1776 3876 1791 3944 (
1813 3875 2005 3928 πολλαὶ

429 3943 486 3994 δὲ
508 3947 564 3998 αἱ
599 3947 740 4000 κατὰ
767 3946 864 4011 τὰς
894 3949 1048 4016 ἀξίας
1076 3951 1372 4025 διαφοραὶ),
1393 3956 1576 4012 πολλοὶ
1597 3943 1814 4026 πάντως
1841 3964 1932 4016 καὶ
1955 3966 2004 4016 οἱ

429 4033 530 4124 τῆς
568 4039 872 4107 γεννήσεως
909 4041 1118 4111 τρόποι,
1155 4045 1294 4098 κατὰ
1332 4046 1422 4100 τὸν
1457 4049 1822 4123 δογματιστὴν
1851 4055 2006 4124 εὑρε-

431 4122 703 4193 θήσονται,
730 4128 830 4198 τῆς
862 4130 1002 4182 κατά
1025 4132 1121 4193 τὰς
1143 4132 1296 4196 ἀξίας
1323 4135 1588 4207 διαφορᾶς
1614 4140 2004 4210 νομοθετούσης

429 4218 498 4286 τῇ
522 4217 679 4284 φύσει
706 4219 795 4272 τὸν
816 4222 990 4276 τόκον.

503 4485 563 4536 Εἰ
591 4485 648 4538 δὲ
681 4485 754 4557 μὴ
782 4487 986 4558 δέχοιτο
1009 4492 1239 4559 φυσικὰς
1256 4490 1390 4548 εἶναι
1416 4496 1512 4560 τὰς
1543 4499 1796 4563 τοιαύτας
1821 4502 1996 4568 ἀξίας,

428 4575 505 4638 ὼς
541 4577 647 4644 ἔξω
687 4579 788 4650 τῆς
824 4580 1037 4649 φύσεως
1071 4583 1462 4656 θεωρουμένας,
1499 4589 1618 4642 οὐδὲ
1652 4593 1812 4662 ἡμεῖς
1855 4595 2002 4647 ἀντι-

430 4666 660 4737 λέγομεν
681 4687 694 4699 ·
727 4672 918 4742 ἐκείνῳ
947 4673 1128 4742 μέντοι
1171 4678 1386 4741 πάντως
1421 4681 1762 4752 συνθήσεται,
1794 4686 1875 4738 ὅτι
1902 4705 2002 4754 φυ-

433 4763 556 4829 σικῇ
596 4778 700 4813 τινι
727 4763 939 4826 πάντως
966 4764 1089 4837 ἀξίᾳ
1114 4771 1211 4839 τῆς
1237 4770 1429 4838 ἀλόγου
1459 4772 1603 4843 ζωῆς
1625 4777 1655 4845 ή
1684 4776 1998 4850 ἀνθρωπίνη

431 4851 778 4922 κεχώρισται.
824 4855 960 4908 Ἀλλ’
1007 4859 1035 4910 ὁ
1065 4858 1157 4911 τοῦ
1198 4861 1356 4914 τόκου
1393 4865 1623 4935 τρόπος,
1654 4869 1909 4938 οὐδεμίαν
1941 4873 2000 4923 ἐν

428 4945 493 5013 τῇ
517 4944 657 4997 κατά
680 4945 778 5016 τὴν
801 4948 1035 5020 φυσικὴν
1072 4951 1227 5015 ἀξίαν
1254 4953 1487 5027 διαφορᾷ
1517 4959 1614 5028 τὴν
1645 4962 2002 5033 παραλλαγὴν

429 5031 564 5101 ἔχει,
599 5035 967 5106 ὁμοιοτρόπως
992 5041 1091 5110 τῆς
1127 5042 1340 5110 φύσεως
1380 5047 1450 5099 τά
1490 5063 1546 5098 τε
1589 5047 1782 5115 λογικὰ
1811 5051 1906 5104 καὶ
1935 5031 2003 5104 τὰ

430 5121 597 5212 ἀλογα
625 5123 712 5178 διὰ
735 5126 834 5195 τῆς
863 5129 1166 5199 γεννήσεως
1195 5134 1274 5195 είς
1306 5134 1403 5205 τὴν
1444 5135 1589 5208 ζωὴν
1628 5142 1998 5212 παραγούσης.

432 5211 492 5264 Εἰ
520 5213 578 5265 δὲ
609 5215 702 5268 ἐπὶ
736 5217 904 5287 μόνης
947 5221 1161 5293 ἐκείνης
1203 5225 1300 5294 τῆς
1345 5227 1530 5292 ούσίας
1569 5231 1686 5300 τῆς,
1729 5231 1805 5296 ὡς
1842 5211 2002 5296 αὐτὸς

430 5305 711 5375 ὀνομάζει,
741 5311 1219 5378 κυριωτάτης,καὶ
1230 5320 1626 5389 timuerim)ch
1640 5322 1884 5393 συμφυὲς
1896 5323 2007 5390 ἀξί-

437 5416 566 5468 ωμα
599 5397 968 5469 καταλμὸάνει
985 5443 1000 5467 ,
1028 5401 1265 5475 ῖδωμενξ
1287 5424 1338 5460 τι
1399 5409 1488 5461 καὶ
1507 5409 1640 5462 νοῶν
1655 5411 1810 5464 τοῦτο
1822 5413 1996 5482 λέγει.

441 5484 526 5545 "tt;
555 5486 651 5554 μὲν
674 5488 821 5556 γάρὸ
841 5491 1106 5562 ἡμέτερος
1143 5493 1316 5561 λόγος,
1345 5501 1586 5568 συμφυές
1614 5503 1756 5558 ἐστιν
1782 5505 1998 5575 ἀξίωμα

506 5633 550 5663 ³·
595 5634 779 5687 Matth.
816 5653 891 5697 XI,
923 5638 1011 5693 9.7.

756 5760 1010 5816 Parum.
1068 5760 1182 5816 (in.
1221 5759 1406 5818 XLV.

2111 3231 2259 3285 sunt,
2288 3239 2424 3292 quas
2451 3224 2506 3278 in
2563 3225 2796 3295 singulis
2833 3227 3080 3282 invenire
3132 3231 3280 3294 licet,
3310 3231 3689 3302 discrepantes

2109 3312 2361 3366 nonnihil
2385 3328 2414 3366 a
2446 3329 2505 3369 se
2540 3324 2755 3380 mutuo,
2790 3318 3094 3372 secundum
3131 3321 3308 3391 majus
3356 3330 3410 3376 et
3459 3323 3684 3380 minus:

2111 3403 2182 3457 ita
2216 3411 2276 3457 ut
2305 3405 2587 3473 quodlibet
2615 3422 2828 3474 eorum,
2863 3425 2982 3477 qua)
3013 3421 3366 3479 generantur,
3399 3428 3500 3482 pro
3518 3414 3696 3484 digiti-

2109 3503 2281 3549 tatqu
2311 3497 2687 3565 proportione,
2715 3502 3052 3555 comitentur
3082 3503 3382 3571 peculiaria
3413 3508 3686 3574 qumdam,

2109 3599 2382 3656 utgenus,
2405 3587 2664 3658 dignitas,
2699 3592 2913 3661 religio,
2945 3594 3144 3661 patria,
3189 3597 3457 3664 potentia,
3518 3600 3687 3652 servi-

2109 3686 2220 3743 tus,
2252 3681 2476 3744 divitize,
2511 3691 2826 3752 paupertas,
2858 3685 3079 3740 libertas
3113 3687 3349 3746 arbitrii.
3384 3689 3682 3758 subjectio,

2107 3776 2162 3822 et
2190 3769 2374 3824 omnia
2406 3771 2534 3835 alia,
2557 3787 2678 3840 qum
2702 3775 2754 3826 in
2782 3773 2882 3826 hac
2915 3774 3024 3828 vita
3056 3773 3420 3831 ditferentiam
3445 3779 3683 3848 aliquam

2107 3861 2472 3916 constituunt.
2513 3861 2568 3915 Si
2604 3862 2771 3932 igitur
2795 3865 3034 3920 naturali
3066 3868 3384 3938 generantis
3425 3869 3686 3938 dignitate

2107 3953 2305 4007 modus
2342 3954 2719 4024 generationis
2750 3955 3082 4022 ostenditur,
3121 3967 3180 4012 ut
3208 3959 3340 4014 dicit
3363 3959 3684 4023 Eunomius,

2104 4044 2271 4098 varia:
2301 4052 2481 4098 autem
2509 4053 2640 4099 sunt
2662 4047 2965 4102 secundum
2991 4049 3311 4119 dignitatem
3339 4049 3682 4115 diﬂ‘erentim,

2106 4137 2266 4204 plane
2297 4138 2548 4206 Sequitur
2572 4140 2738 4191 etiam
2767 4139 2951 4194 varios
2981 4155 3128 4202 esse,
3159 4157 3225 4196 ex
3271 4144 3552 4200 novatoris
3588 4148 3656 4197 Ιιιι

2101 4228 2506 4296 jussententia,
2555 4231 2929 4299 generationis
2988 4232 3204 4298 modos,
3245 4242 3300 4288 et
3363 4237 3466 4290 alia
3528 4237 3681 4291 aliter

2104 4320 2298 4384 nasci;
2334 4334 2458 4374 cum
2491 4336 2614 4389 qua:
2646 4321 2952 4375 secundum
2977 4322 3277 4392 dignitates
3307 4334 3393 4381 est
3426 4326 3678 4382 diﬂ‘eren-

2038 4454 2079 4506 ο
2104 4412 2199 4476 tia,
2231 4420 2484 4466 naturam
2525 4415 2579 4465 in
2604 4419 2760 4480 partu
2790 4413 2944 4481 quasi
2986 4414 3198 4482 legibus
3232 4416 3675 4473 circumscribat.

2178 4502 2333 4568 Quod
2368 4503 2412 4558 si
2444 4505 2568 4572 quis
2605 4519 2712 4557 non
2744 4504 3013 4567 admittat,
3046 4504 3357 4574 ltujusmodi
3388 4506 3684 4579 dignitates

2107 4613 2228 4653 esse
2260 4597 2560 4658 naturales,
2621 4611 2748 4650 cum
2811 4605 2962 4651 extra
3027 4606 3240 4652 natura:
3274 4600 3422 4669 leges
3472 4605 3680 4658 versari

2107 4689 2414 4753 videantur,
2447 4704 2572 4742 cum
2608 4688 2711 4742 hoc
2738 4689 3306 4759 nondigladiabimur.
3329 4692 3464 4746 Illud
3501 4703 3681 4750 tamen

2106 4777 2330 4831 omnino
2363 4777 2767 4832 concedendum
2803 4778 2927 4842 erit,
2961 4780 3195 4833 naturali
3226 4782 3460 4849 quadam
3509 4784 3655 4855 digni

2108 4880 2219 4926 tate
2251 4881 2304 4926 et
2332 4872 2693 4940 praecellentia
2741 4871 3034 4926 humanam
3070 4874 3236 4928 vitam
3284 4877 3355 4931 ab
3398 4879 3513 4941 illa,
3564 4897 3682 4950 qum

2101 4963 2316 5016 ratione
2344 4973 2512 5027 caret,
2535 4962 2970 5017 discriminatam
2998 4977 3154 5031 esse;
3186 4973 3242 5018 at
3267 4977 3458 5036 partus
3490 4971 3682 5024 modus

2102 5056 2305 5108 nullam
2333 5055 2551 5125 penitus
2582 5056 2634 5108 in
2688 5054 2996 5111 ditl'erentia
3041 5060 3343 5114 secundum
3377 5063 3680 5117 naturalem

2101 5145 2444 5214 dignitatem,
2475 5145 2830 5198 variationem
2862 5145 3045 5210 habet,
3086 5148 3214 5219 quia
3248 5159 3442 5204 natura
3487 5152 3678 5207 eodem

2101 5233 2264 5289 modo
2303 5243 2412 5289 tam
2452 5235 2680 5290 rationis
2709 5237 2952 5305 capacia.
2983 5254 3146 5308 quam
3185 5241 3417 5298 rationis
3436 5245 3678 5312 expertia

2102 5326 2625 5395 pcr‘generationem
2645 5326 2697 5379 in
2715 5326 2854 5380 hanc
2872 5327 3046 5382 lucem
3077 5329 3210 5385 edit.
3245 5329 3302 5386 Si
3330 5347 3462 5386 vero
3481 5333 3536 5386 in
3563 5335 3678 5387 sola

2102 5416 2193 5470 illa
2235 5423 2453 5479 natura,
2485 5430 2650 5485 quam
2684 5416 2799 5485 ipse
2835 5418 3259 5486 propriissimam
3289 5429 3339 5474 et
3374 5436 3676 5490 supremam

2104 5509 2371 5572 nominat,
2397 5506 2620 5562 insitam
2664 5507 2982 5577 dignitatem
3044 5511 3356 5574 constituit,
3399 5511 3677 5566 videamus

3273 5763 3349 5825 13
