4146 6370
399 234 545 296 "89‘!

1661 240 1732 294 'S.
1774 239 2102 296 GREGORII
2161 237 2453 294 NYSSENI

3596 204 3701 292 τοο

431 354 566 425 quid
595 352 811 409 tandem
851 347 978 407 talia
1016 352 1228 416 dicens,
1283 367 1312 406 a
1349 352 1509 408 nobis
1553 352 1781 424 intelligi
1833 353 2000 407 velit:

2110 352 2184 422 τῴ
2212 350 2351 422 Θεῷ,
2378 352 2513 422 αὑτὴ
2542 353 2574 424 ἠ
2601 352 2788 423 Θεότης
2810 394 2824 418 ,
2852 355 2885 424 ἡ
2919 352 3100 418 σοφία,
3132 353 3165 422 ὴ
3200 351 3450 422 δύναμις,
3476 351 3538 405 τὸ
3562 353 3700 420 ἀγα»

425 460 586 513 -nam,
619 454 679 499 ut
708 460 812 500 nos
843 443 1064 515 quidem
1095 445 1450 509 arbitramur,
1477 443 1586 500 Deo
1607 452 1837 514 cognata
1859 451 2009 507 sunt,

433 540 550 609 ipsa
619 537 900 601 divinitas,
959 537 1248 606 sapientia,
1293 536 1557 605 potentia,
1591 536 1830 599 bonitas,
1864 535 2012 605 judi-

431 631 600 692 cium,
624 630 855 698 justitia,
889 628 1172 692 fortitudo,
1198 628 1606 699 longanimitas,
1632 629 1858 689 veritas,
1887 643 2010 682 esse

431 729 758 784 creatorem,
786 719 1186 774 dominatorem
1209 761 1224 785 ,
1270 719 1624 780 invisibilem,
1684 719 2006 772 intermina-

431 821 570 875 tum,
605 821 660 867 et
695 814 740 868 si
765 812 896 883 quid
925 812 1071 865 aliud
1113 811 1276 882 hujus
1310 813 1526 883 generis
1561 813 1626 866 ad
1660 813 1888 883 gloriam
1915 811 2008 866 Dei

431 903 895 972 amplificandam,
928 902 1196 957 divinitus
1230 903 1496 971 inspirata
1552 901 1836 971 Scriptura
1887 915 2012 970 pro-

431 993 589 1060 didit,
625 1009 746 1063 quaa
776 995 958 1047 omnia
990 995 1153 1047 etiam
1194 994 1476 1063 unigenito
1505 992 1645 1046 Filio
1688 993 1909 1063 proprie
1955 1003 2010 1048 et

435 1101 464 1138 a
503 1094 696 1139 natura
727 1086 908 1140 inesse
938 1087 1261 1150 asseritnus,
1305 1087 1592 1153 Suluznque
1628 1085 1679 1137 in
1729 1100 1793 1138 eo
1861 1084 2005 1154 quod

432 1185 515 1230 est
554 1177 806 1245 principii
844 1183 1119 1246 expertem
1177 1192 1322 1240 esse,
1362 1175 1722 1230 differentiam
1782 1177 2008 1228 confite-

432 1284 555 1320 tnur
583 1285 597 1334 ;
635 1283 812 1337 neque
847 1274 1027 1321 tamen
1055 1268 1308 1337 principii
1335 1277 1616 1338 expertem
1641 1285 1763 1322 esse
1791 1269 2006 1338 penitus

431 1376 458 1410 a
492 1357 626 1410 Filio
661 1358 980 1414 abdicamus
1038 1361 1242 1426 (nemo
1272 1360 1578 1414 orationem
1632 1367 1876 1413 nostram
1914 1374 2008 1411 ca«

430 1449 698 1503 lumniose
730 1451 969 1512 vellicet,
1004 1452 1160 1520 quasi
1192 1449 1570 1505 demonstrare
1603 1452 1833 1504 velimus
1855 1467 2001 1512 eum,

429 1546 522 1612 qui
564 1558 690 1597 vere
727 1543 898 1598 Filius
929 1552 1036 1606 est,
1072 1560 1195 1600 esse
1221 1545 1556 1615 ingenitum:
1585 1560 1693 1598 non
1729 1546 1869 1599 enim
1899 1547 2002 1599 tui-

431 1651 534 1689 nus
583 1635 879 1704 impietatis
934 1636 1260 1690 damnamus
1303 1637 1411 1690 tale
1442 1635 1572 1706 quid
1623 1635 1904 1701 docentes,
1942 1650 2002 1689 ac

432 1727 571 1788 illos,
620 1728 712 1794 qui
777 1728 1200 1796 inaequalitatem
1257 1729 1690 1796 introducunt);
1745 1730 1838 1782 sed
1880 1746 2003 1782 cunt

427 1819 752 1873 vocabulum
788 1822 1035 1888 principii
1073 1822 1238 1874 variis
1281 1820 1608 1889 significatis
1665 1830 1904 1885 constet,
1957 1829 2010 1875 et

428 1913 670 1966 animum
706 1914 772 1966 ad
821 1914 974 1983 plura
1009 1914 1213 1978 ducat,
1245 1913 1483 1968 dicimus
1525 1928 1652 1968 esse
1688 1914 1852 1968 etiam
1903 1915 2007 1966 ali—

427 2005 582 2073 quid,
615 2004 916 2057 secundum
970 2007 1116 2072 quod
1184 2003 1454 2074 principio
1490 2019 1679 2057 carere
1735 2015 2010 2074 competat

427 2097 610 2150 itidem
645 2094 800 2148 Filio.
851 2096 1083 2161 Quando
1127 2096 1272 2149 enim
1319 2097 1418 2148 hac
1446 2111 1578 2150 voce
1631 2095 2007 2167 significamus

427 2187 477 2239 id
519 2189 661 2254 quod
693 2203 758 2240 ex
791 2187 942 2240 nullo
971 2187 1189 2256 penitus
1225 2188 1496 2257 principio
1520 2204 1674 2242 suam
1703 2188 2006 2244 subsisten-

427 2278 556 2329 tiam
597 2278 780 2341 habet,
815 2286 927 2330 tum
966 2278 1219 2346 principii
1245 2286 1521 2346 expertem
1555 2293 1699 2341 esse,
1741 2287 2005 2348 tanquam

425 2369 599 2422 solius
639 2355 818 2423 Patris
854 2369 1080 2438 ingeniti
1115 2369 1393 2439 proprium
1425 2370 1777 2425 confitemur.
1809 2369 2001 2436 Quan-

425 2461 496 2514 do
531 2476 660 2516 vero
696 2461 764 2516 de
804 2462 1030 2531 reliquis
1074 2462 1328 2532 principii
1379 2462 1706 2532 significatis
1740 2463 2004 2533 disquisi-

427 2558 501 2606 tio
527 2554 857 2617 instituitur,
892 2569 1015 2608 cum
1044 2563 1096 2606 et
1136 2562 1402 2608 creaturae
1429 2556 1502 2609 sit
1541 2555 1898 2626 principium,
1951 2565 2005 2610 et

426 2647 711 2716 temporis,
741 2657 795 2701 et
823 2646 1054 2712 ordinis,
1085 2647 1246 2701 etiam
1283 2649 1334 2701 in
1375 2649 1463 2703 bis
1509 2650 1853 2720 unigenitum
1908 2649 2002 2702 Fi-

425 2741 555 2792 lium
591 2739 739 2793 omni
778 2739 1048 2809 principio
1082 2739 1418 2808 superiorem
1445 2756 1567 2794 esse
1597 2741 1898 2794 docemus:
1930 2741 2002 2794 ita

422 2842 665 2895 ut‘enm,
708 2847 806 2901 per
841 2847 1000 2900 quem
1034 2830 1181 2885 facta
1215 2841 1342 2886 sunt
1389 2833 1596 2893 omnia,
1643 2847 1808 2901 supra
1842 2848 2004 2887 onme

424 2931 692 2975 creaturae
721 2921 1074 2990 principium,
1127 2927 1180 2973 et
1225 2918 1490 2987 temporis
1525 2918 1820 2981 rationem,
1861 2918 2005 2972 ordi-

2114 442 2202 497 Θὸν
2247 439 2417 507 εἶναι,
2456 443 2682 514 κριτὴν,
2717 443 2921 496 δίκαιον
2943 483 2958 507 ,
2997 443 3249 513 ἰσχυρὸν,
3306 441 3655 512 μακρόθυμον
3683 483 3697 504 ,

2112 533 2381 602 ἀληθινὸν,
2419 533 2662 603 κτίστην,
2705 530 3079 602 ὲξουσιαστὴν,
3114 530 3370 600 ἀόρατον,
3410 529 3701 602 ἀτελεύτη-

2110 642 2222 687 τον,
2253 625 2344 676 καὶ
2377 623 2430 676 εἴ
2454 642 2506 677 τι
2535 625 2662 678 ἄλλο
2694 623 2802 676 τῶν
2829 625 2907 686 εἰς
2935 623 3241 692 δοξολογίαν
3267 621 3420 693 παρά
3446 621 3547 691 τῆς
3583 621 3703 674 Oeo-

2112 715 2375 768 πνεύστου
2407 716 2627 787 Γραφῆς
2656 714 2960 786 εἰρημένων
2987 713 3166 768 ἐστίν·
3199 713 3343 784 ἆπερ
3376 712 3556 766 πάντα
3603 713 3701 767 καὶ

2111 809 2186 879 τῷ
2214 813 2490 879 μονογενεῖ
2506 802 2629 881 ’Υἱῷ
2654 810 2858 881 κυρίως
2884 811 2978 864 καὶ
3020 810 3285 880 συμφυῶς
3306 809 3694 882 ὲνθεωρεῖσθαί

2111 919 2320 970 φαμεν·
2357 903 2412 953 ὲν
2449 901 2586 974 μόνῃ
2621 903 2686 972 τῇ
2715 903 2856 955 κατά
2884 901 2942 955 τὸ
2982 902 3215 972 ἄναρχον
3253 902 3432 972 ἐννοίᾳ
3456 903 3553 974 τὴν
3580 901 3698 956 δια-

2111 993 2282 1063 φορὰν
2313 994 2686 1063 ἐπιστάμενοι,
2724 994 2818 1046 καὶ
2855 991 3060 1062 ταύτην
3081 994 3142 1046 ού
3173 993 3315 1047 κατά
3345 994 3526 1046 πᾶσαν
3559 993 3695 1046 ὑπό-

2109 1103 2257 1138 νοιαν
2303 1085 2395 1138 τοῦ
2425 1085 2764 1153 Μονογενοῦς
2796 1085 3175 1156 ἀποτέμνομεν
3210 1103 3224 1117 °
3260 1087 3449 1157 μηδεὶς
3478 1086 3535 1140 δὲ
3576 1086 3696 1140 διαο

2111 1177 2470 1247 σπαρασσέτω
2507 1177 2594 1229 διὰ
2645 1177 3010 1245 συκοφαντίας
3041 1179 3130 1232 τὸν
3150 1179 3305 1248 λόγον
3323 1221 3337 1244 ,
3362 1179 3437 1242 ὡς
3464 1179 3695 1250 ἀγέννη-

2106 1284 2200 1318 τον
2236 1266 2392 1336 ήμῶν
2416 1265 2680 1320 δεικνύειν
2707 1267 3127 1340 ἐπιχειρούντων
3155 1269 3247 1322 τὸν
3287 1268 3505 1340 ἀληθῶς
3530 1269 3693 1324 Υἱόν·

2106 1356 2256 1409 οὐδὲν
2291 1357 2400 1428 γὰρ
2431 1357 2651 1410 ἔλαττον
2679 1357 2895 1411 ἀσεϐεῖν
2935 1360 3062 1422 τοὺς
3092 1360 3158 1414 τά
3183 1360 3408 1415 τοιαῦτα
3437 1361 3695 1431 λέγοντας

2105 1447 2214 1500 τῶν
2250 1449 2310 1502 τὸ
2359 1450 2607 1519 ἀνόμοιον
2644 1449 3077 1520 δογματιζόντων
3127 1452 3492 1523 διοριζόμεθα.
3545 1453 3686 1506 Ἀλλ’

2106 1541 2292 1612 ἐπειδὴ
2322 1541 2632 1613 πολύσημος
2663 1544 2690 1595 ό
2719 1543 2818 1612 τῆς
2859 1541 3047 1613 ἀρχῆς
3075 1544 3248 1613 λόγος,
3289 1545 3382 1598 καὶ
3408 1548 3489 1610 είς
3520 1545 3690 1600 πολλὰ

2107 1636 2227 1696 ταῖς
2257 1633 2532 1695 ὑπονοίαις
2561 1633 2858 1705 φερόμενος
2877 1650 2890 1665 ·
2918 1633 3064 1687 ἔστιν
3094 1637 3150 1688 ἐν
3183 1631 3264 1698 οἷς
3289 1654 3469 1707 φαμεν
3499 1637 3591 1690 καὶ
3615 1637 3696 1706 τῷ

2120 1728 2399 1796 μονογενεῖ
2452 1726 2566 1796 Υἱῷ
2613 1727 2685 1796 μὴ
2743 1725 3110 1795 άπεμφαίνειν
3161 1728 3258 1797 τὴν
3312 1726 3406 1779 τοῦ
3455 1728 3694 1797 ἀνάρχου

2113 1817 2503 1887 προσηγορίαν.
2537 1817 2706 1871 Ὅταν
2755 1819 2852 1888 μὲν
2883 1818 2991 1889 γὰρ
3029 1818 3088 1870 τὸ
3131 1819 3203 1888 μὴ
3253 1817 3311 1882 ἐξ
3342 1819 3513 1871 αἰτίου
3551 1819 3694 1883 τινὸς

2109 1909 2207 1980 τὴν
2237 1911 2531 1963 ὑπόστασιν
2560 1911 2703 1980 ἔχειν
2731 1911 2795 1963 ἐκ
2823 1911 2923 1980 τῆς
2952 1911 3134 1980 φωνῆς
3171 1909 3263 1962 τοῦ
3292 1911 3531 1980 ἀνάρχου
3566 1911 3696 1981 νοῆ-

2108 2019 2216 2066 ται,
2249 2001 2405 2055 τοῢτο
2437 2003 2596 2072 μόνον
2616 2002 2708 2054 τοῦ
2752 2002 2961 2072 Πατρδς
2988 2003 3117 2054 ἴδιον
3143 2001 3544 2072 ὁμολογοῦμεν·
3567 2004 3696 2056 ὅταν

2108 2093 2166 2146 δὲ
2198 2094 2337 2147 κατά
2381 2095 2448 2146 τὰ
2479 2093 2639 2146 λοιπά
2669 2093 2777 2146 τῶν
2807 2094 2900 2146 ἐπὶ
2945 2095 3043 2163 τῆς
3077 2093 3251 2163 ἀρχῆς
3279 2095 3697 2164 σημαινομένων

2108 2184 2414 2255 ήὲξέτασις
2457 2183 2528 2259 ᾖ,
2563 2185 2750 2256 ἐπειδὴ
2798 2187 2890 2238 καὶ
2946 2185 3176 2247 κτίσεως
3209 2203 3352 2248 τινος
3401 2187 3697 2239 ἐπινοεῖται

2107 2277 2270 2348 ἀρχὴ,
2299 2278 2392 2329 καὶ
2441 2278 2634 2347 χρόνου
2659 2319 2673 2343 ,
2718 2277 2811 2331 καὶ
2855 2277 3082 2344 τάξεως,
3118 2279 3219 2330 κάν
3243 2276 3458 2340 τούτοις
3493 2278 3588 2330 καὶ
3615 2276 3697 2346 τῷ

2107 2372 2402 2438 Μονογενεῖ
2446 2370 2975 2442 προσμαρτυροῦμεν
3027 2371 3087 2424 τὸ
3141 2371 3474 2442 ὑψηλότερον
3521 2373 3697 2443 ἀρχῆς

2108 2458 2267 2524 εἶναι,
2294 2461 2370 2525 ὡς
2395 2462 2536 2533 ὑπὲρ
2563 2465 2742 2516 πᾶσαν
2765 2463 2995 2525 κτίσεως
3022 2463 3218 2534 ἀρχὴν,
3259 2464 3352 2516 καὶ
3389 2464 3581 2533 χρόνου
3610 2464 3696 2516 ἐν.-

2107 2572 2294 2616 νοιαν,
2346 2557 2438 2607 καὶ
2493 2553 2697 2618 τάξεως
2745 2553 3065 2607 ἀκολουθίαν
3117 2549 3256 2607 εἶναι
3309 2555 3585 2608 πιστεύειν
3633 2554 3697 2608 τὸ

2106 2645 2173 2697 δι’
2207 2637 2267 2696 οὗ
2293 2645 2360 2698 τά
2389 2645 2564 2698 πάντα
2598 2644 2813 2712 ἐγένετο
2833 2659 2846 2671 ’
2878 2643 3017 2700 ὥστε
3049 2643 3140 2697 τὸν
3168 2644 3245 2715 τῷ
3269 2645 3411 2715 λόγῳ
3434 2645 3534 2715 τῆς
3560 2647 3694 2698 ὑπο-

2110 2736 2354 2800 στάσεως
2412 2738 2485 2807 μὴ
2525 2737 2780 2808 ἄναρχον,
2813 2737 2869 2788 ἐν
2901 2739 3016 2798 τοῖς
3070 2737 3250 2800 ἄλλοις
3298 2738 3461 2790 πᾶσιν
3497 2737 3692 2807 ὁμολο-

2105 2829 2368 2900 γούμενον
2424 2831 2568 2899 ἔχειν
2613 2830 2671 2880 τὸ
2724 2829 2990 2900 ἄναρχονο
3025 2830 3118 2882 καὶ
3164 2829 3253 2881 τὸν
3307 2829 3404 2898 μὲν
3440 2828 3685 2900 Πατέρα,

2107 2924 2200 2976 καὶ
2243 2924 2498 2991 ἄναρχον,
2536 2923 2627 2973 καὶ
2676 2921 2965 2992 ἀγέννητον
2997 2937 3012 2952 ο
3046 2921 3134 2973 τὸν
3180 2921 3236 2974 δὲ
3285 2920 3410 2973 Υἱὸν
3457 2921 3694 2991 ἄναρχον

423 3013 622 3080 nisque
646 3012 1087 3064 consecutionem
1112 3009 1375 3064 etseriem
1403 3018 1650 3062 evectum
1679 3011 1994 3075 credamus;

2110 3014 2205 3085 μὲν
2249 3013 2390 3066 κατά
2424 3015 2512 3066 τὸν
2558 3013 2848 3084 εἰρημένον
2887 3013 3085 3082 τρόπον
3119 3053 3132 3076 ,
3161 3013 3220 3065 οὑ
3251 3013 3357 3084 μὴν
3412 3013 3506 3065 καὶ
3534 3012 3695 3080 ἀγέν-

429 3107 611 3172 itaque
643 3117 804 3173 quem
834 3102 888 3156 in
917 3102 1195 3172 bypostasi
1241 3100 1494 3170 principii
1557 3108 1833 3167 expertem
1883 3117 2006 3157 esse

2113 3121 2294 3176 νητον.

427 3212 711 3265 negamus,
743 3211 866 3250 eum
897 3195 949 3247 in
981 3195 1101 3247 aliis
1145 3194 1400 3248 omnibus
1432 3194 1684 3264 principii
1720 3205 1999 3265 expertem
2040 3201 2374 3264 statuimus;
2439 3204 2496 3252 et
2561 3195 2778 3250 Patrem
2815 3196 3037 3266 quidem
3101 3195 3356 3266 principii
3415 3201 3694 3264 expertem

423 3298 478 3342 et
507 3288 907 3348 innascibilem,
947 3286 1142 3338 Filium
1182 3294 1364 3340 autem
1419 3287 1485 3340 ad
1560 3287 1879 3357 praedictum
1933 3291 2155 3346 modum
2223 3291 2481 3363 principii
2527 3300 2830 3361 expertem,
2874 3305 2987 3344 non
3054 3297 3236 3342 tamen
3299 3287 3684 3341 innascibilem

424 3395 546 3436 esse
579 3383 860 3434 docemus.

498 3477 551 3528 In
586 3489 746 3543 quam
777 3473 940 3541 igitur
981 3482 1270 3538 cognatam
1307 3468 1485 3524 Patris
1534 3471 1853 3542 dignitatem
1914 3474 2001 3527 in-

425 3579 606 3627 tuens,
640 3580 736 3634 per
776 3564 923 3617 illam
957 3561 1322 3632 generationis
1360 3561 1579 3615 modum
1633 3564 1890 3633 colligit?
1945 3563 2002 3618 In

429 3657 909 3716 iunascibilitatem
979 3653 1373 3724 respondebit,
1427 3655 1642 3722 Opinor.
1717 3653 1891 3725 Igitur
1956 3655 2003 3710 si

426 3752 610 3807 omnia
642 3751 747 3803 alia
771 3749 1014 3811 nomina,
1059 3763 1178 3816 quae
1213 3747 1277 3800 ad
1313 3746 1543 3816 gloriam
1594 3746 1688 3799 Dei
1717 3747 2006 3802 celebran-

429 3845 550 3900 dam
584 3844 915 3912 accepimus,
947 3840 1128 3894 inania
1158 3849 1210 3894 et
1241 3840 1546 3910 significatu
1580 3840 1844 3895 destituta
1877 3859 2006 3898 cen-

430 3954 540 4003 ses,
586 3936 862 4005 superflua
911 3935 1015 3987 erit
1064 3935 1254 3986 talium
1290 3949 1481 3986 vocum
1528 3935 1893 4000 enumeratio,
1945 3935 2002 3989 in

427 4031 547 4084 solo
577 4039 631 4082 et
657 4029 803 4081 nudo
827 4027 1074 4096 catalogo
1105 4026 1280 4094 posita
1315 4043 1328 4077 :
1360 4025 1631 4094 siquidem
1663 4026 1810 4078 nulla
1853 4037 2006 4081 crete-

430 4139 612 4176 rarum
668 4122 1091 4192 appellationum
1160 4121 1463 4172 naturalem
1505 4119 1648 4186 ejus,
1685 4121 1776 4188 qui
1838 4135 2005 4189 supra

428 4217 612 4268 onmia
667 4222 773 4279 est,
823 4211 1145 4282 dignitatem
1193 4213 1358 4264 menti
1402 4212 1612 4280 objicit.
1666 4213 1734 4264 At
1791 4227 1918 4266 vero
1958 4213 2007 4266 si

430 4305 667 4372 singulis
697 4304 980 4357 vocabulis
1009 4318 1128 4372 qum
1162 4305 1731 4366 recensuitmts,uotiu
1763 4306 2002 4374 propria,

2181 3472 2274 3535 Εἰς
2304 3473 2452 3523 ποῖον
2478 3465 2573 3524 οὖν
2599 3469 2840 3539 συμφυὲς
2860 3468 3074 3538 ἀξίωμα
3100 3467 3193 3520 τοῦ
3225 3467 3437 3538 Πλτρδς
3459 3467 3693 3538 βλέπων,

2107 3566 2173 3619 δι’
2205 3566 2409 3618 ἐκείνου
2436 3564 2528 3617 τὸν
2552 3565 2651 3635 τῆς
2688 3564 2993 3634 γεννήσεως
3029 3564 3231 3634 τρόπον
3276 3564 3692 3633 ἀναλογίζεταις

2111 3658 2206 3720 Εἰς
2251 3656 2348 3727 τὴν
2406 3654 2730 3726 ἀγεννησίαν
2792 3655 3010 3718 πάντως
3049 3656 3184 3726 ὲρεϊ.
3241 3654 3448 3710 Οὐκοῦν
3493 3658 3543 3708 εί
3594 3658 3695 3728 μὲν

2112 3746 2290 3799 πάντα
2315 3745 2382 3798 τά
2418 3745 2674 3813 ὀνόματα,
2704 3745 2803 3796 ὅσα
2837 3745 2915 3804 εἰς
2946 3743 3247 3812 δοξολογίαν
3284 3744 3380 3798 τοῦ
3410 3745 3545 3799 Θεοῦ
3586 3747 3695 3800 τῶν

2110 3838 2248 3890 ὅλων
2303 3836 2615 3908 ἐμάθομεν,
2661 3837 2807 3909 ἀργά
2850 3853 2930 3889 σοι
2973 3837 3066 3889 καὶ
3109 3838 3397 3908 ἀσήμαντα
3441 3839 3692 3910 λέγομεν,

2113 3930 2338 3999 περιττή
2379 3928 2464 3992 τίς
2513 3931 2632 3982 ἐστι
2670 3929 2764 3980 καὶ
2816 3929 3163 3998 παρέλκουσα
3212 3929 3390 4000 ήτῶν
3439 3931 3694 3986 τοιούτων

2107 4021 2300 4090 φωνῶν
2330 4020 2708 4093 ἀπαρίθμησις
2732 4023 2788 4074 ἐν
2816 4019 2956 4090 ψιλῷ
2983 4010 3063 4090 τῷ
3093 4021 3378 4092 καταλόγῳ
3420 4040 3692 4095 προφέροι

2111 4114 2268 4185 μένη,
2301 4115 2456 4184 εἴπερ
2505 4113 2731 4183 οὐδεμία
2782 4111 2891 4165 τῶν
2933 4111 3135 4166 λοιπῶν
3184 4115 3567 4186 προσηγοριῶν
3597 4115 3695 4187 τὴν

2108 4205 2341 4274 φυσικὴν
2371 4203 2524 4270 ἀξίαν
2581 4203 2674 4257 τοῦ
2730 4204 2822 4255 ἐπὶ
2872 4204 3089 4257 πάντων
3139 4205 3505 4276 παρίστησινο
3540 4207 3587 4258 εί
3635 4207 3692 4259 δὲ

2108 4297 2338 4350 ἑκάστου
2383 4294 2491 4348 τῶν
2537 4293 2844 4364 λεγομένων
2897 4293 3175 4357 ἰδιάζουσά
3220 4312 3306 4358 τις
3353 4295 3560 4357 ἔννοια,
3596 4297 3692 4349 καὶ

429 4406 481 4445 ιιι
511 4394 904 4448 existimationi
947 4392 1145 4446 divinm
1182 4403 1554 4448 consentanea
1589 4395 2000 4448 substernitur:

2110 4388 2393 4459 πρέπουσα
2423 4391 2488 4460 τῇ
2522 4386 2650 4457 περὶ
2684 4384 2818 4438 Θεοῦ
2856 4385 3119 4455 ὑπολήψει
3173 4389 3713 4463 γνωρίζεταιοδηλον-

429 4489 708 4541 enimvero
739 4498 850 4539 tum
900 4487 1062 4540 etiam
1124 4499 1385 4554 Cognatas
1428 4487 1517 4540 Dei
1570 4487 1866 4553 dignitates
1906 4502 2008 4540 se-

432 4578 674 4631 cundum
735 4577 1244 4644 mul‘tiplieationem
1310 4576 1592 4629 nominum
1653 4577 2008 4645 multiplicari

431 4677 664 4740 oportet,
701 4685 794 4736 per
819 4683 956 4738 quas
988 4669 1288 4722 similitudo
1353 4675 1560 4720 natura:
1620 4676 1769 4720 recte
1803 4666 2008 4734 colligi-

432 4772 563 4818 tur‘:
602 4761 647 4814 si
677 4768 921 4830 cognatae
953 4759 1280 4814 substantiis
1329 4759 1624 4829 dignitates
1662 4767 1715 4813 et
1762 4758 2010 4826 pratenti-

432 4854 632 4909 nentiae
663 4853 1037 4921 subjectarum
1069 4867 1250 4905 rerum
1283 4850 1486 4904 indicia
1523 4860 1674 4905 sunt.
1709 4850 1843 4904 Cum
1879 4866 2010 4906 vero

435 4946 488 4998 iu
525 4954 764 5012 utroque
796 4942 999 4998 etedem
1028 4940 1323 5011 dignitates
1359 4948 1411 4994 et
1459 4942 1796 4994 excellentiae
1845 4955 2012 5010 appa-

432 5042 610 5096 reant,
655 5036 942 5103 perspicue
988 5048 1214 5101 pr0rsus
1272 5032 1530 5086 identitas
1590 5032 1910 5086 substantiae
1958 5034 2010 5085 in

435 5129 620 5183 rebus.
662 5142 782 5194 qua).
821 5125 906 5179 his
954 5124 1314 5194 dignitatibus
1360 5123 1616 5186 subsunt,
1679 5125 2008 5176 ostenditur.

436 5219 490 5270 Si
525 5219 669 5272 enim
708 5218 869 5271 unius
893 5218 1140 5270 vocabuli
1178 5225 1407 5269 mutatio
1444 5217 1719 5270 diversam
1757 5215 2014 5269 substan-

434 5310 565 5362 tiam
594 5309 956 5369 dcmonstrat,
991 5317 1198 5378 quanto
1230 5309 1402 5378 magis
1437 5309 1603 5360 multa
1658 5307 1824 5359 millia
1873 5308 2017 5376 ejus-

434 5401 557 5451 dem
597 5400 829 5456 rationis
852 5400 1114 5454 vocabula
1147 5400 1587 5453 communionem
1622 5407 1832 5452 naturae
1874 5399 2014 5453 iudi-

437 5492 641 5546 cabunt
662 5492 687 5544 ?
722 5491 1036 5563 Quzeigitut'
1064 5508 1230 5546 causa
1266 5500 1369 5554 est,
1401 5507 1506 5544 cur
1545 5492 1758 5560 reliqua
1789 5493 2015 5545 nomina

441 5585 804 5654 negligantur,
843 5599 1064 5654 unoque
1098 5584 1217 5638 solo
1269 5584 1550 5651 generatio
1611 5583 2017 5652 investigetur?

438 5679 546 5730 Cur
593 5679 738 5733 Patri
782 5680 953 5734 solam
1011 5676 1516 5740 innascibilitatcm,
1581 5691 1680 5730 cru
1726 5684 2014 5746 cognatam

2112 4483 2194 4536 ότι
2233 4481 2373 4534 κατά
2409 4479 2501 4530 τὸν
2571 4476 2802 4548 ἀριθμὸν
2857 4476 2964 4528 τῶν
3003 4476 3277 4546 ὀνομάτων
3329 4476 3421 4527 καὶ
3455 4477 3509 4526 αἱ
3551 4491 3692 4543 συμ-

2113 4572 2266 4638 φυεῖς
2299 4566 2445 4632 ἀξίαι
2494 4566 2588 4620 τοῦ
2618 4567 2755 4620 Θεοῦ
2781 4566 3145 4638 Θεωροῦντιιι⁶
3187 4567 3282 4620 καὶ
3313 4567 3400 4619 διὰ
3427 4565 3630 4618 τούτων
3659 4567 3690 4634 ὴ

2110 4659 2219 4713 τῶν
2287 4659 2483 4712 οὑσιῶν
2541 4659 2792 4728 ὁμοιότης
2846 4658 3371 4720 κατασκευάζεται·
3413 4656 3570 4726 εἴπερ
3623 4655 3692 4708 τά

2116 4750 2336 4820 συμφυῆ
2370 4752 2491 4812 ταῖς
2521 4751 2729 4812 οὑσίαις
2754 4749 3039 4819 ἀξιώματα
3075 4748 3411 4820 γνωριστικά
3440 4747 3548 4799 τῶν
3570 4747 3695 4800 ὐπο-

2113 4843 2379 4913 κειμένων
2410 4842 2544 4895 ἐστί.
2585 4841 2704 4893 Τῶν
2730 4842 2784 4894 δὲ
2816 4840 3140 4911 ἀξιωμάτων
3176 4839 3260 4908 ἐφ’
3294 4838 3554 4910 ἑκατέρου
3587 4838 3694 4892 τῶν

2114 4937 2289 4990 αὐτῶν
2307 4934 2666 5005 φαινομένων,
2701 4938 2733 5006 ἡ
2766 4936 2906 4988 κατὰ
2938 4935 3037 5006 τὴν
3063 4934 3249 4987 οὐσίαν
3283 4933 3547 5004 ταυτότης
3584 4932 3693 4986 τῶν

2114 5027 2232 5089 ταῖς
2258 5028 2448 5087 αὑταῖς
2482 5025 2660 5089 ἀξίαις
2705 5023 3083 5094 ὑποκειμένων
3116 5024 3460 5094 πραγμάτων
3507 5022 3696 5092 σαφῶς

2115 5119 2500 5171 ἐπιδείκνυται.
2545 5117 2606 5169 Εἰ
2643 5117 2748 5185 γὰρ
2782 5115 2936 5185 ἱκανὴ
2988 5113 3264 5184 νομίζεται
3291 5112 3409 5175 ἑνὸς
3433 5111 3696 5182 ὀνόματος

2116 5210 2438 5281 παραλλαγὴ
2494 5209 2552 5260 τὸ
2587 5208 2736 5273 ξένον
2769 5209 2866 5276 τῆς
2918 5205 3106 5269 οὐσίας
3159 5203 3515 5269 ἐνδείξασθαι,
3550 5203 3698 5270 πόσῳ

2120 5299 2318 5370 μᾶλλον
2344 5299 2552 5368 ἰσχύσει
2585 5300 2616 5367 ἡ
2654 5296 2760 5348 τῶν
2795 5297 3002 5367 μυρίων
3028 5296 3306 5366 ὀνομάτων
3338 5295 3599 5362 ταυτότης
3639 5294 3699 5344 τὸ

2118 5393 2291 5446 κοινὸν
2349 5391 2697 5460 παραστῆσαι
2749 5389 2848 5458 τῆς
2904 5388 3154 5458 φύσεως;
3208 5387 3303 5450 Τίς
3337 5381 3428 5438 οὖν
3461 5387 3494 5454 ἡ
3530 5383 3695 5445 αἰτία,

2115 5488 2182 5540 δι’
2209 5488 2274 5558 ἦν
2304 5489 2371 5540 τὰ
2406 5486 2504 5558 μὲν
2530 5487 2691 5538 λοιπά
2724 5485 2832 5539 τῶν
2865 5485 3143 5554 ὀνομάτων
3176 5483 3520 5554 περιορᾶται,
3554 5480 3699 5550 μόνῳ

2117 5581 2176 5634 δὲ
2210 5579 2286 5649 τῷ
2315 5579 2394 5634 ἑνὶ
2421 5579 2813 5650 τεκμηριοὺται
2837 5580 2869 5648 ἡ
2898 5578 3182 5648 γέννησιςς
3212 5576 3320 5628 Καὶ
3347 5574 3435 5627 διὰ
3456 5571 3508 5624 τί
3539 5571 3700 5639 μόνον

2123 5672 2360 5743 συμφυὲς
2384 5671 2599 5742 ἀξίωμα
2627 5671 2724 5744 την
2753 5669 3079 5741 ἀγεννησίαν
3106 5669 3198 5723 ἐπὶ
3235 5665 3326 5722 τοῦ
3361 5663 3573 5730 Harpe;
3618 5662 3698 5715 δορ
