4146 6370
483 296 583 350 397

1693 323 1969 380 CONTRA
2009 327 2391 403 EUNOMIUM,
2422 340 2551 397 LIB.
2577 342 2622 400 Ι.

3648 367 3753 422 398

483 418 826 484 γειατίζουσι,
846 427 911 480 τὰ
944 428 1100 484 λοιπὰ
1148 436 1533 505 παρωσάμενοι
1560 452 1573 500 ;
1604 439 1718 492 Ἵνα
1747 445 1812 513 τῇ
1843 444 1977 515 πρὸς
2015 463 2037 498 τ

483 513 744 552 νςυνττὴυ
769 513 1138 552 ἆιρικηηρλπα
1175 525 1264 552 ->..
1293 527 1393 552 -3-
1434 529 1771 552 ι..-.---ι-,-μ
1801 551 1806 552 ,

2138 451 2519 526 ,dignitatem,
2547 463 2872 529 attribuunt,
2919 471 3147 540 reliquis
3178 477 3438 534 omnibus
3488 485 3753 552 repudia-

483 513 744 578 γεννητὸν
769 513 1139 594 ἀντιδιαστολῇ
1175 525 1264 577 τὸν
1293 527 1393 596 τῆς
1431 529 1810 601 ἀνομοιότητος
1834 552 2072 607 κακουρ-

484 602 702 670 γήσωσι
730 607 950 675 τρόπον,
971 613 1108 685 ὅπερ
1139 617 1231 669 καὶ
1253 618 1401 682 αὐτὸ,
1433 619 1576 673 κατὰ
1603 621 1694 675 τὸν
1725 626 2070 696 προσήκοντα

481 692 672 762 καιρὸν
699 695 1072 771 εὐθυνόμενον,
1094 707 1291 777 ἐπίσης
1321 713 1432 774 τοῖς
1465 692 2068 789 πρωιρημένοιςνάδρα-

480 781 572 843 νὲς
613 800 674 836 τε
733 789 825 841 καὶ
865 790 1234 850 ἀνυπόστατον
1289 801 1383 853 καὶ
1435 802 1550 855 ἀντ’
1595 805 1806 870 οὐδενὸς
1841 809 2066 883 εὑρεθή-

483 888 652 928 σεται.
1435 953 1446 960 ο

554 966 676 1020 Ὅτι
709 968 766 1022 δὲ
803 973 883 1035 εἰς
917 975 1074 1031 τοῦτο
1095 977 1379 1048 βλέπουσιν
1407 987 1462 1039 αἱ
1498 992 1834 1044 κατασκευαὶ
1869 995 2059 1059 πᾶσαι,

479 1056 541 1108 τὸ
562 1059 956 1132 ἐπιφερόμενον
987 1065 1278 1140 δείκνυσιν,
1302 1076 1362 1127 ἐν
1389 1071 1470 1140 οἷς
1501 1079 1690 1135 ἑαυτὸν
1719 1056 2058 1155 ἀποδέχεται,

477 1144 554 1208 ὡς
584 1153 968 1220 προσηκόντως
997 1159 1062 1228 τῇ
1093 1160 1196 1231 ὁδῷ
1223 1164 1403 1237 ἐκείνῃ
1438 1169 1576 1238 πρὸς
1598 1171 1694 1241 τὴν
1716 1144 2062 1242 κατασκευὴν

477 1239 575 1311 τῆς
622 1241 972 1316 βλασφημίας
1024 1255 1370 1326 χρησάμενος
1410 1277 1423 1290 ·
1457 1262 1550 1315 καὶ
1594 1239 1692 1317 οὐκ
1724 1266 1885 1331 εὐθὺς
1927 1239 2061 1323 ἀπο-

477 1422 641 1492 τῆσαι
673 1426 772 1496 τὴν
802 1436 1146 1506 κατασκευὴν
1171 1440 1271 1510 τῆς
1307 1444 1541 1516 ἀπάτης,
1574 1422 1943 1522 ἀγυμνάστοις
1976 1422 2055 1510 ἔτι

475 1518 595 1578 ταῖς
626 1518 812 1584 ἀκοαῖς
842 1527 1163 1593 προσϐαλὼν
1185 1532 1282 1602 τὴν
1320 1537 1575 1592 ἀσέϐειαν
1595 1557 1609 1570 ·
1633 1518 1754 1596 οὐδὲ
1787 1547 1844 1598 ἐν
1871 1565 2056 1618 προοι-

479 1605 622 1674 μίοις
651 1609 758 1662 τῶν
796 1612 969 1681 λόγων
997 1618 1096 1689 τὴν
1127 1623 1452 1697 ἀγεννησίαν
1477 1631 1664 1686 οὐσίαν
1702 1605 2058 1712 ἀποφηνάμε-

475 1713 580 1760 νος,
616 1700 710 1754 καὶ
747 1702 844 1774 τὴν
873 1706 974 1776 τῆς
998 1711 1183 1776 οὐσίας
1209 1715 1501 1790 ἑτερότητα
1524 1700 1938 1800 διαθρυλλήσας,
1961 1700 2057 1786 οὐ·

2174 541 2288 596 tis?
2349 545 2639 615 Nimirum,
2677 563 2733 608 ut
2782 561 3126 627 oppositione
3187 565 3416 636 ingeniti
3459 579 3516 626 et
3552 541 3750 644 .geniti

2171 634 2392 689 modum
2442 644 2773 710 aequalitatis
2835 652 3179 721 subvertant,
3211 634 3361 726 quod
3409 634 3612 733 ipsumv
3645 682 3750 737 opo

2171 733 2410 792 portuno
2454 740 2719 802 tempore,
2785 756 2938 810 teque
2987 759 3051 798 ac
3108 749 3393 818 praedicta,
3453 733 3746 826 frivolum,

2170 815 2349 882 inane,
2386 829 2439 876 et
2468 825 2673 882 nullius
2700 835 2957 888 momenti
2994 852 3117 892 esse
3137 838 3632 903 demonstrabitur.

2237 1003 2315 1057 Ad
2353 1004 2492 1061 hanc
2549 1025 2678 1064 vero
2729 1022 2926 1068 metam
2967 1033 3164 1074 omnes
3221 1040 3412 1080 eorum
3459 1033 3743 1092 machinas

2166 1093 2409 1158 tendere,
2442 1111 2764 1168 argumento
2797 1115 2882 1160 est
2917 1107 2968 1161 id
3001 1112 3146 1178 quod
3183 1114 3433 1180 infertur,
3453 1137 3576 1176 cum
3609 1125 3743 1193 (Eu-

2167 1183 2405 1254 nomius)
2451 1200 2511 1242 se
2569 1188 2746 1259 ipsum
2803 1201 3175 1267 commendat,
3226 1214 3280 1258 et
3328 1208 3533 1275 laudat,
3581 1183 3740 1283 quasi

2165 1274 2333 1342 probe
2367 1285 2421 1331 et
2449 1282 2839 1338 convenienter
2874 1289 2959 1340 via
2988 1289 3076 1343 illa
3102 1293 3170 1347 ad
3194 1274 3551 1366 blasphemia:
3577 1274 3732 1360 s-tru-

2164 1371 2374 1420 cturam
2427 1385 2559 1426 usus
2615 1371 2796 1439 fuerit,
2849 1393 3027 1448 neque
3064 1384 3249 1438 statim
3293 1388 3594 1449 voluntatis
3627 1411 3742 1452 sua:

2162 1457 2502 1524 propositum
2534 1462 2869 1531 patefecerit,
2905 1485 3083 1540 neque
3115 1476 3270 1543 prius
3301 1495 3463 1548 quam
3505 1482 3739 1545 fallacia:

2162 1545 2324 1599 telam
2361 1561 2687 1617 perlexeret,
2716 1559 2944 1615 auribus
2989 1563 3169 1620 adhuc
3218 1568 3594 1633 inexercitatis
3637 1581 3742 1635 im-

2159 1634 2413 1703 pietatem
2453 1640 2719 1697 intulerit.
2766 1644 2954 1717 Neque
3001 1654 3164 1708 etiam
3207 1660 3390 1714 statim
3430 1665 3534 1721 sub
3573 1683 3740 1725 exor-

2161 1727 2310 1783 dium
2357 1730 2746 1802 disputationis
2800 1741 3310 1816 innascibilitatem,
3363 1757 3734 1818 substantiam

473 1791 607 1842 τωσὶ
659 1790 829 1862 λέγων
874 1799 1015 1853 κατά
1058 1803 1154 1874 τὴν
1199 1805 1342 1873 λέξιν
1369 1824 1382 1837 ·
1415 1806 1497 1866 Ἦ
1525 1790 1718 1883 καθὼς
1747 1790 2037 1889 νομοθετεὲ

2447 1790 2459 1802 _
2685 1790 2740 1792 γε
2801 1790 3310 1816 -----..-.,..,...--υυ---,
3363 1790 3730 1818 ouuauauuam

2151 1833 2276 1873 esse
2321 1819 2630 1888 deﬁnierit,
2683 1843 2858 1896 neque
2904 1831 2977 1886 de
3037 1836 3360 1896 substantia
3411 1842 3730 1906 diversitate

475 1883 810 1953 Βασίλειος,
833 1890 936 1944 ἀπ’
957 1894 1156 1948 αὐτῶν
1207 1898 1501 1967 ἄρξασθαι
1531 1905 1650 1959 τῶν
1681 1883 2052 1979 ζητονμένων

473 1972 614 2040 ἔδει,
634 1976 1062 2052 ἀσυναρτήτως
1081 1986 1195 2056 τὴν
1213 1992 1586 2062 ἀγεννησίαν
1605 1972 1825 2056 οὐσίαν
1840 1972 2052 2075 ,λέγον-

470 2078 597 2128 τας,
637 2067 734 2120 καὶ
761 2071 877 2138 τὴν
900 2072 1011 2142 τῆς
1056 2079 1274 2146 οὐσίας
1309 2083 1627 2155 ἑτερότητα
1667 2067 1971 2159 θρυλλεῑν,
2009 2098 2048 2163 ἢ

469 2158 801 2227 ταυτότητά
829 2178 849 2225 ;
873 2165 1009 2238 Περὶ
1035 2161 1108 2222 ὧν
1140 2173 1311 2226 πολλὰ
1350 2177 1437 2230 διὰ
1470 2181 1634 2249 μέσου
1661 2158 1943 2248 διεξελθὼν
1992 2158 2050 2242 ἐν

471 2244 785 2346 σκώμμασι,
815 2255 908 2308 καὶ
933 2257 1237 2332 λοιδορίαις,
1257 2267 1351 2320 καὶ
1381 2244 1604 2341 ὕϐρεσιν
1627 2244 1802 2345 (οὕτω
1832 2279 1941 2352 γάρ
1973 2278 2050 2334 οἵ·

465 2331 555 2384 δεν
579 2337 607 2387 ό
631 2339 793 2408 σοφὸς
818 2344 954 2416 ὑπὲρ
969 2349 1079 2402 τῶν
1109 2351 1251 2407 ίδίων
1271 2331 1556 2427 δογμάτων
1588 2331 2046 2440 δίαγωνίζεσθαιλ.

467 2425 628 2480 πάλιν
662 2431 1104 2509 ἐπαναλαμϐάνει
1133 2446 1225 2499 τὸν
1258 2425 1436 2518 λόγον,
1473 2456 1567 2508 καὶ
1611 2425 1748 2528 προς
1773 2425 1864 2514 τόν
1896 2425 2046 2518 avri:

464 2515 634 2569 παλον
685 2521 847 2592 δῆθεν
895 2515 1341 2607 ἀποτεινόμενος,
1377 2515 1758 2618 κάκείνῳ
1817 2515 2045 2628 λεγομέ-

462 2623 567 2658 νων
599 2610 695 2681 τὴν
751 2617 928 2672 αἰτίαν
985 2624 1277 2695 ἀνατιθεὶς,
1312 2635 1488 2688 τοιάδε
1521 2610 1684 2709 φησίν
1710 2657 1724 2670 '
1764 2610 1920 2700 Ἐπεὶ
1945 2610 2048 2704 καὶ

460 2700 576 2766 πρὸ
614 2704 733 2757 τῶν
757 2708 963 2766 ἄλλων
993 2718 1164 2785 ὑμεῖς
1198 2723 1401 2794 ἔνοχοι
1430 2700 1664 2797 τούτοις
1696 2735 1820 2804 τοῖς
1849 2743 2046 2808 πλημ-

455 2793 826 2865 μειλήμιιοίν,
863 2806 918 2856 οἱ
954 2805 1071 2875 τὴν
1101 2812 1297 2882 αὐτὴν
1323 2793 1546 2874 οὐσίαν
1572 2793 1654 2890 to”;
1683 2793 2044 2900 γεννήσαντι

459 2885 558 2936 καὶ
595 2887 672 2953 τῷ
695 2897 1038 2962 γεννηθέντι
1073 2885 1746 2982 διακληρώσαντεςξΔιὸ
1783 2885 1884 2978 καὶ
1929 2928 2044 2996 τὴν

457 2975 553 3031 ἐπὶ
573 2984 804 3050 τούτοις
827 2990 1152 3062 λοιδορίαν,
1167 2998 1372 3072 ὥσπερ
1398 3009 1531 3062 τινὰ
1553 3011 1754 3082 πάγην
1773 3015 2043 3085 ἄφυκτον

457 3073 586 3125 καθ’
612 3075 840 3131 ἑαυτῶν
870 3084 1273 3156 ἐτεκτήναο-θε
1299 3135 1313 3159 ,
1344 3097 1454 3167 τῆς
1505 3073 1710 3172 δίκης,
1734 3073 1830 3174 ὡς,
1857 3112 2036 3179 εἰκὸς,

456 3164 579 3231 τοῖς
607 3170 912 3240 ὑμετέροις
938 3182 1069 3234 καθ’
1097 3184 1264 3251 ὑμῶν
1293 3164 1494 3244 αὐτων
1536 3195 2034 3273 ἐπιψηφιζούσης.

460 3255 616 3310 Ἤτοι
644 3262 752 3329 γὰρ
787 3265 1058 3338 ἀνάρχως
1088 3275 1376 3342 ἀλλήλων
1417 3255 1772 3355 κεχωρίσθαι

459 3347 595 3414 πίας
647 3354 868 3421 ταύτας
919 3361 1486 3436 ὑπολαμϐάνοντες,
1528 3379 1756 3432 τούτων
1806 3381 1875 3433 δὲ
1923 3383 2038 3452 τὴν

456 3437 668 3505 ἑτέραν
708 3448 794 3510 εἰς
861 3451 995 3504 Υίοῦ
1049 3455 1222 3519 τάξιν
1256 3458 1354 3514 διὰ
1403 3466 1742 3536 γεννήσεως
1789 3437 2036 3542 ἄγοντες

454 3529 552 3582 καὶ
593 3533 700 3586 τὸν
745 3537 1018 3609 ἀνάρχως
1070 3545 1214 3601 ὄντα
1248 3553 1366 3605 ὑπὸ
1406 3529 1512 3610 τοῦ
1549 3529 1733 3626 όντοςῖ
1757 3529 2033 3630 γενέσθαι

452 3617 896 3696 διατεινάμενοι,
953 3637 1076 3703 τοῖς
1116 3639 1282 3709 ἰδίοις
1324 3647 1650 3704 ὑπόκεισθε
1687 3617 2035 3728 ,λοιδορήμα-

453 3727 575 3766 σιν.
609 3715 719 3770 Ὃν
742 3721 853 3788 γὰρ
883 3724 1213 3796 ἀγέννητον
1243 3729 1394 3788 εἶναι
1420 3740 1819 3811 φαντάζεσθε,
1847 3715 2034 3815 eodem

451 3804 567 3872 τὴν
607 3810 742 3879 παρ’
766 3813 972 3883 ἐτέρου
1000 3822 1293 3891 γέννησιν
1342 3804 1736 3902 ἐπιφημίζετε,
1860 3804 2028 3910 μίαν,

452 3899 547 3950 καὶ
589 3903 788 3971 μόνην
838 3906 1104 3979 ἄναρχον
1143 3899 1578 3991 ὁμολογοῦντες
1621 3899 1878 3997 οὐσίαν-ξ
1903 3899 2030 3991 elui

450 3991 784 4062 cadem-eig-
817 4001 1045 4070 Πατέρα
1085 4007 1183 4061 καὶ
1241 4010 1378 4065 Υἱύν
1422 4013 1498 4083 τῇ
1537 4023 1821 4089 γεννήσει
1859 3991 2028 4096 Ῐπερι-

447 4082 796 4168 γράφοντες,
828 4093 1023 4159 αὐτὴν
1067 4099 1203 4166 παρ’
1235 4100 1454 4172 ἑαυτῆς
1484 4082 1875 4180 γεγεννῆσθαι
1914 4082 2028 4187 τὴν

445 4162 778 4246 ἀγέννητον
799 4187 1019 4240 οὐσίαν
1039 4162 1284 4256 φήσετε.

517 4353 598 4406 Τὰ
631 4356 728 4424 μὲν
752 4355 845 4413 οὖν
876 4364 978 4432 πρὸ
1012 4367 1119 4421 τῶν
1154 4372 1578 4446 ἀνεγνωσμένων
1611 4381 1757 4452 αὐτῷ
1784 4401 2022 4459 γεγραμ-

2155 1911 2322 1964 multa
2376 1913 2796 1972 deblateraverit
2855 1938 2868 1974 :
2915 1922 3028 1978 haec
3075 1925 3222 1980 enim
3281 1942 3410 1985 sunt
3481 1936 3737 1996 Eunomii

2154 2005 2315 2056 verba
2351 2023 2363 2058 :
2394 2006 2474 2059 An
2507 2011 3261 2083 quemadmodumprcescribit
3290 2022 3542 2086 Basilius.
3575 2046 3735 2084 exor-

2152 2093 2256 2146 diri
2289 2097 2558 2163 oportebat
2589 2099 2654 2152 ab
2705 2102 2813 2156 illis
2849 2122 2966 2173 qua,
3001 2109 3052 2161 in
3094 2113 3382 2179 quaestione
3432 2131 3731 2189 versantur,

2150 2195 2200 2238 et
2234 2186 2427 2258 absque
2446 2189 2558 2243 ulla
2590 2195 2912 2250 connexione
2966 2200 3247 2256 inscienter
3289 2206 3352 2259 de
3399 2210 3733 2268 innascibili-

2153 2284 2278 2341 tate,
2341 2295 2431 2332 seu
2462 2281 2525 2335 de
2569 2283 2890 2352 substantia,
2939 2289 3102 2360 deque
3145 2295 3459 2352 substantia:
3507 2303 3731 2360 diversi-

2152 2375 2256 2419 tate
2289 2376 2338 2420 et
2392 2370 2672 2426 identitate
2723 2378 2908 2445 nugari
2950 2380 3244 2440 debebam?
3287 2387 3349 2440 Et
3394 2401 3516 2457 post
3558 2397 3728 2451 multa

2150 2467 2471 2525 scommata,
2497 2464 2743 2517 convicia
2771 2475 2825 2518 et
2864 2470 3060 2536 probra
3099 2473 3203 2541 (his
3238 2478 3383 2532 enim
3414 2479 3729 2540 ﬁrmamen-

2148 2549 2218 2600 tis
2247 2549 2684 2617 sapientissimus
2717 2556 2819 2611 iste
2864 2559 3118 2630 dogmata
3162 2581 3260 2620 sna
3303 2572 3508 2643 tuetur)
3547 2576 3612 2629 ad
3644 2576 3728 2630 in-

2149 2641 2398 2693 stitutum
2432 2643 2592 2707 redit,
2640 2654 2693 2699 et
2742 2663 3045 2707 conversus
3095 2658 3160 2710 ad
3217 2661 3619 2731 adversarium,
3669 2671 3723 2724 in

2145 2744 2379 2796 cumque
2404 2735 2552 2786 omni
2587 2738 2744 2806 culpa
2775 2741 2997 2809 rejecta,
3024 2748 3093 2800 ita
3129 2747 3308 2803 fatur:
3338 2751 3464 2808 Prae
3483 2759 3729 2815 omnibus

2145 2822 2271 2873 aliis
2319 2839 2407 2876 vos
2437 2824 2520 2878 Itis
2556 2827 2725 2896 culpis
2767 2833 2957 2900 afﬁnes
2977 2839 3124 2904 estis,
3163 2842 3255 2910 qui
3279 2841 3518 2901 Genitori
3553 2861 3604 2904 et
3626 2849 3724 2906 Gc-

2144 2912 2256 2964 nito
2287 2913 2523 2967 eamdem
2552 2921 2832 2974 essentiam
2859 2939 2948 2976 seu
2986 2912 3342 2985 substantiam
3378 2937 3721 2995 attribuistis.

2145 3003 2409 3068 Quocirca
2452 3011 2926 3077 reprehensionem,
2986 3035 3089 3085 qua
3117 3037 3234 3074 eam
3261 3025 3323 3076 ob
3358 3043 3576 3083 causam
3630 3030 3721 3085 ob-

2133 3097 2453 3166 jurgamini,
2499 3102 2600 3168 ipsi
2661 3105 2826 3163 vobis.
2872 3123 2960 3160 seu
3018 3110 3408 3170 ineluctabilem
3476 3119 3720 3191 laqueum

2141 3191 2508 3256 contexuistis,
2539 3193 2779 3262 justitia,
2819 3207 2872 3249 ut
2906 3215 3005 3267 par
3027 3213 3163 3264 erat,
3209 3221 3274 3258 ex.
3310 3211 3498 3264 vestris
3546 3213 3717 3282 placi-

2140 3282 2206 3334 tis
2237 3292 2425 3336 contra
2445 3301 2532 3339 vos
2562 3294 2874 3341 sententiam
2921 3297 3320 3358 pronuntiante.
3367 3299 3576 3356 Etenim
3597 3322 3716 3361 cum

2137 3372 2463 3429 substantias
2499 3377 2630 3431 istas
2662 3397 2693 3432 a
2723 3397 2776 3432 se
2809 3394 2990 3436 mutuo
3019 3401 3111 3452 per
3149 3388 3266 3453 hoc,
3296 3393 3435 3460 quod
3455 3397 3715 3467 principia

2136 3475 2374 3529 careant,
2417 3479 2694 3537 separatas
2729 3488 2862 3534 esse,
2900 3475 3206 3543 afﬁrmetis,
3244 3498 3530 3554 earumque
3575 3488 3713 3542 alte-

2135 3571 2248 3608 ram
2283 3573 2374 3624 per
2402 3563 2789 3628 generationem
2826 3563 2968 3619 Filio
3001 3571 3305 3635 ascribatis,
3328 3587 3377 3628 et
3422 3595 3562 3640 eum,
3619 3585 3711 3652 qui

2133 3647 2244 3701 sine
2268 3650 2524 3718 principio
2551 3663 2650 3716 est,
2683 3670 2749 3707 ea:
2772 3655 2864 3710 illo
2891 3659 2982 3726 qui
3008 3663 3121 3716 sine
3149 3667 3407 3734 principio
3423 3681 3500 3723 est
3523 3683 3709 3726 natum

2133 3743 2482 3806 contendatis,
2518 3762 2686 3800 nonne
2709 3754 2939 3819 propriis
2967 3756 3264 3812 maledictis
3287 3762 3714 3834 redarguimiui?

2130 3847 2278 3898 quem
2314 3835 2452 3886 enim
2488 3837 2851 3894 innascibilem
2883 3859 2996 3897 esse
3035 3848 3421 3917 imaginamini,
3484 3854 3621 3909 hunc
3642 3863 3707 3910 ab

2129 3923 2234 3975 alio
2273 3935 2454 3978 natum
2476 3943 2586 3981 esse
2609 3930 2821 3997 dicitis;
2865 3936 2944 3988 vel
2992 3954 3149 3990 unam
3179 3951 3227 3992 et
3257 3942 3430 3996 solam
3457 3947 3705 4017 principii

2125 4026 2384 4080 apertam
2416 4018 2769 4076 substantiam
2803 4037 3116 4094 statuentes,
3157 4050 3377 4104 eamque
3392 4051 3575 4105 postea
3599 4040 3704 4094 Pa-

2128 4110 2206 4154 tre
2229 4112 2278 4155 et
2311 4102 2451 4158 Filio
2484 4123 2574 4172 per
2591 4103 2975 4179 generationem
3000 4121 3511 4191 circumscribentes,
3530 4131 3698 4196 ipsam

2127 4194 2489 4252 innascibilem
2527 4203 2882 4258 substantiam
2937 4226 2969 4261 a
3001 4213 3172 4280 seipsa
3203 4226 3383 4269 natam
3417 4236 3530 4274 esse
3556 4239 3700 4277 asse-

2122 4284 2259 4337 ritis.

2192 4377 2324 4442 Qute
2359 4383 2614 4451 superius
2644 4395 2771 4442 ante
2799 4389 2913 4442 hare
2948 4393 3173 4447 recitata
3201 4398 3362 4451 verba
3396 4398 3697 4459 Eunomius

447 4442 604 4510 μένα,
627 4449 702 4510 ὡς
737 4450 898 4524 ψιλὴν
925 4457 1112 4527 ἔχοντα
1144 4465 1284 4517 κατά
1314 4465 1404 4518 τοῦ
1433 4468 1752 4525 διδασκάλου
1787 4477 1878 4530 καὶ
1913 4495 2018 4534 πα-

2138 4442 2454 4537 ξίΐυιὶνενθί,
2496 4475 2770 4543 omittam,
2801 4481 3003 4551 quippe
3041 4485 3176 4540 nihil
3211 4488 3356 4542 aliud
3396 4491 3502 4546 nisi
3539 4510 3695 4550 suam

445 4535 573 4607 τρὸς
602 4540 757 4610 ἡμῶν
781 4545 1182 4617 ἀναισχυντίαν,
1217 4556 1310 4608 καὶ
1339 4558 1489 4610 οὐδὲν
1519 4561 1654 4628 πρὸς
1685 4564 1775 4620 τὸν
1807 4569 2018 4638 προκεί-

446 4645 604 4694 μενον
632 4635 981 4692 συντελοῦντα
1009 4645 1227 4708 σκοπὸν,
1271 4648 1670 4722 ὑπερϐήσομαι.
1705 4656 1791 4708 Ἑν
1823 4658 1877 4712 δὲ
1905 4663 2016 4725 τοῖς

441 4723 769 4790 εἰρημένοις,
803 4729 986 4800 ἐπειδὴ
1039 4733 1226 4799 δεινῶς
1269 4740 1399 4808 ἡμῖν
1445 4745 1568 4807 τοὺς
1602 4746 1877 4816 ὰμφήκεις
1903 4723 2016 4805 τούζ

437 4827 564 4875 τους
590 4815 840 4885 ἐλέγχους
865 4820 1070 4890 διχόθεν
1102 4827 1405 4895 στομώσας,
1436 4833 1522 4887 διὰ
1559 4835 1659 4904 τῆς
1690 4815 1796 4891 τῶν
1825 4841 2014 4913 διλημ-

443 4903 627 4970 μάτων
683 4910 927 4973 ἐπινοίας
968 4917 1309 4984 προτείνεται
1333 4961 1345 4980 ,
1375 4923 1586 4996 ἀνάγκη
1627 4929 1720 4981 καὶ
1753 4932 1898 5000 ἡμᾶς
1935 4934 2008 5004 μὴ

438 4999 615 5067 σιωπῇ
669 4999 922 5065 δέξασθαι
969 5006 1059 5059 τὸν
1111 5010 1252 5062 κατά
1286 5013 1376 5065 τοῦ
1431 5015 1697 5086 δόγματος
1754 4999 2006 5093 πόλεμονξ

434 5086 550 5138 ἀλλ’
573 5089 647 5152 ὡς
680 5090 875 5162 ἔχομεν
897 5095 1176 5167 δυνάμεως
1217 5105 1570 5176 συμμαχῆσαι
1603 5109 1681 5180 τῷ
1729 5086 1899 5184 λόγῳ,
1916 5116 2008 5167 καὶ

432 5178 600 5244 δεῖξαι
633 5183 730 5253 τὴν
759 5186 993 5259 φοϐερὰν
1027 5189 1231 5261 ταύτην
1307 5199 1400 5249 καὶ
1439 5178 1778 5272 ἀμφίστομον
1799 5178 2006 5276 μάχαι-

435 5289 554 5336 ραν,
603 5275 669 5342 ἣν
709 5277 850 5331 κατὰ
904 5280 1002 5350 τῆς
1033 5283 1291 5354 ἀληθείας
1337 5287 1587 5359 ἐθήξατο,
1634 5294 1742 5346 τῶν
1779 5297 1836 5347 ἐν
1883 5302 2003 5363 ταῖς

433 5365 823 5433 σκιαγραφίαις
851 5373 1188 5441 φαινομένων
1222 5377 1637 5451 ἁδοανεστέραν.

497 5543 721 5608 Διπλαῖς
746 5547 974 5614 ἐννοίαις
1002 5550 1274 5608 διαϐάλλει
1294 5555 1353 5608 τὸ
1373 5558 1548 5611 κοινὸν
1563 5561 1661 5630 τῆς
1687 5563 2000 5628 οὐσίας,καί

428 5649 590 5702 φησιν
605 5676 619 5700 ,
639 5635 671 5706 ἢ
693 5637 786 5690 δύο
806 5639 1131 5714 ἀγεννήτους
1146 5645 1318 5717 ἀρχὰς
1332 5651 2000 5726 ἀντιπαρεξαγομέναςάλ-

425 5723 630 5797 λήλαις,
661 5727 760 5800 τὴν
787 5732 884 5804 μὲν
910 5733 1145 5807 Πατέρα,
1168 5737 1265 5808 τὴν
1286 5739 1342 5793 δὲ.
1360 5741 1483 5795 Υἱὸν
1513 5745 1658 5815 ἡμᾶς
1683 5723 1993 5816 ὀνομάζειν,

2123 4557 2514 4639 impudentiam
2548 4575 2737 4622 contra
2763 4570 3041 4628 doctorem
3069 4585 3389 4649 patremque
3443 4594 3690 4647 nostrum

2117 4635 2377 4703 Basilium
2431 4656 2872 4724 complectentia,
2935 4669 2990 4716 et
3038 4635 3174 4718 nihil
3224 4635 3314 4721 ad.
3348 4645 3694 4740 propositum

2118 4731 2393 4792 facientia.
2425 4742 2494 4793 At
2521 4743 2574 4794 in
2606 4743 2673 4797 iis
2705 4756 2826 4815 qdze
2871 4748 2985 4817 jam
3028 4754 3402 4823 recitavimus,
3445 4776 3570 4815 cum
3635 4765 3690 4819 in

2115 4844 2216 4885 nos
2244 4833 2484 4900 graviter
2516 4838 2789 4908 ancipites
2824 4845 2981 4910 quasi
3027 4848 3514 4916 reprehensionum
3573 4859 3690 4928 gla-

2112 4921 2234 4978 dios
2264 4925 2520 4996 utrinque
2559 4942 2742 4996 acuat,
2788 4946 2840 4989 et
2872 4935 3244 4996 dilemmatum
3275 4946 3470 5003 robore
3510 4949 3685 5005 intor-

2111 5027 2295 5084 queat,
2328 5021 2574 5075 nonnihil
2605 5023 3041 5093 immorabimur,
3102 5048 3282 5103 neque
3333 5039 3479 5093 enim
3529 5041 3686 5096 decet

2109 5114 2170 5160 ut
2201 5107 2404 5163 bellum
2433 5127 2576 5167 verae
2606 5114 2871 5171 doctrinae
2910 5120 3145 5188 illatum,
3195 5126 3422 5185 silentes
3443 5132 3687 5202 excipia-

2109 5210 2252 5261 mus,
2297 5199 2392 5252 sed
2436 5212 2672 5270 oportet,
2721 5215 2777 5258 ut
2814 5223 2911 5276 pro
2945 5211 3152 5267 viribus
3188 5219 3404 5272 veritati
3441 5199 3684 5290 patroci-

2106 5302 2320 5352 nentur,
2357 5293 2818 5366 ostendamusque
2851 5304 3198 5358 metuendam
3251 5307 3408 5362 istam
3447 5319 3501 5365 et
3531 5318 3682 5366 anci-

2105 5381 2273 5452 pitem
2304 5383 2652 5452 maclneram,
2705 5406 2867 5459 quam
2901 5403 3090 5449 contra
3136 5403 3416 5455 veritatem
3442 5407 3679 5464 exacuit,

2105 5475 2491 5531 umbratilihus
2531 5478 2840 5536 simulacris
2882 5486 3037 5556 longe
3084 5490 3495 5549 imbecilliorem
3532 5511 3674 5552 esse.

2176 5564 2387 5634 Duplici
2420 5578 2743 5638 argumento
2769 5574 3138 5634 calumniatur
3175 5584 3674 5641 commmunionsm

2101 5657 2386 5724 essentia,
2413 5666 2469 5713 et
2500 5658 2598 5725 ait,
2630 5671 2725 5716 aut
2777 5663 2887 5720 duo
2920 5678 3074 5724 ortus
3117 5675 3360 5742 expertia
3407 5677 3674 5747 principia

2104 5746 2210 5802 sibi
2238 5753 2432 5803 mutuo
2455 5750 2708 5820 opposita
2745 5769 2846 5811 nos
2882 5765 3142 5829 statuere,
3179 5764 3522 5836 alterumque
3566 5746 3673 5821 Pa-
