4146 6370
372 348 479 405 μοι)

1607 339 1664 396 S.
1700 334 2028 396 GREGORII
2054 329 2350 389 NYSSENI

3533 326 3640 384 600

377 477 534 527 trem,
573 463 803 517 alterum
842 459 1040 516 Filium
1087 475 1115 512 a
1175 459 1331 513 nobis
1364 457 1638 512 nominari
1674 475 1688 523 ;
1729 452 1951 525 quando

2085 446 2142 498 ὸν
2170 449 2298 498 ὄντα
2327 442 2478 514 παρά
2498 440 2591 495 τοῦ
2612 440 2762 503 ὄντος
2777 436 3138 508 γεγεννῆσθαι
3153 438 3411 506 λέγοντας
3433 453 3444 464 ·
3465 429 3646 507 ῆμίαν

375 569 502 607 eum
539 553 632 622 qui
663 560 768 616 est,
794 566 860 607 ex
895 552 988 604 illo
1017 549 1112 621 qui
1143 558 1248 613 est,
1276 550 1623 620 progenitum
1659 548 1961 602 tradimus:

375 648 459 700 vel
493 660 656 698 unam
703 643 1064 711 eamdemque
1115 642 1484 695 substantiam
1557 650 1856 710 utrumque
1899 657 1964 695 ex

377 745 536 807 parte
571 735 900 805 participare
943 749 1167 799 nomen,
1216 735 1289 788 ita
1321 743 1379 786 ut
1432 733 1745 788 substantia
1784 735 1874 786 illa
1911 739 1967 788 et

377 829 539 884 Pater
562 831 634 884 sit
660 838 716 884 et
744 827 941 892 Filius,
973 830 1092 900 ipsa
1129 845 1157 882 a
1186 829 1368 898 seipsa
1411 843 1509 898 per
1555 829 1966 898 generationem

381 923 686 991 progenita.
726 920 852 975 Haec
889 921 1025 974 meis
1065 920 1249 974 verbis
1293 935 1609 988 praeponere
1646 919 1815 982 volui,
1859 933 1966 973 non

380 1023 440 1068 ut
479 1022 716 1068 mentem
757 1014 878 1084 ejus
911 1029 1094 1075 secus,
1144 1029 1307 1080 quam
1358 1020 1593 1080 Oportet.
1639 1012 1968 1082 interpreta-

381 1121 493 1169 rer,
529 1107 624 1161 sed
655 1116 713 1160 ut
736 1104 1006 1159 tumidum
1039 1105 1171 1158 illud
1197 1114 1251 1159 et
1291 1113 1677 1174 exaggeratum
1732 1105 1968 1174 explica-

385 1197 550 1251 tionis
576 1212 749 1267 genns
772 1197 1130 1266 corrigerem,
1177 1204 1231 1251 et
1268 1212 1390 1266 quae
1439 1197 1511 1251 sit
1559 1196 1966 1252 Eunomiisen-

387 1288 577 1351 tentia,
611 1287 869 1343 omnibus
894 1287 1247 1343 manifestum
1284 1287 1559 1350 evaderet,
1610 1295 1799 1356 utpote
1851 1288 1964 1341 ela-

383 1383 463 1435 ris
492 1390 546 1435 et
576 1381 833 1436 dilucidis
860 1382 1042 1436 verbis
1078 1381 1345 1450 exposita.
1379 1381 1470 1436 Ille
1500 1383 1644 1436 enim
1678 1381 1772 1450 qui
1802 1382 1966 1436 Insci-

386 1473 518 1524 tiam
555 1480 800 1524 nostram
833 1471 1092 1532 traducit,
1123 1487 1332 1540 nosque
1355 1472 1422 1525 ad
1448 1488 1669 1525 causam
1702 1472 1962 1541 agendum

385 1561 530 1614 haud
579 1561 863 1630 suﬁiciente
898 1575 1162 1628 apparatu
1196 1564 1470 1631 prwmisso
1505 1565 1788 1616 accessisse
1821 1564 1963 1631 obji-

387 1653 480 1713 cit,
516 1653 586 1704 ita
625 1653 929 1706 orationem
962 1667 1118 1707 suam
1165 1654 1355 1717 comit,
1379 1663 1434 1707 et
1462 1657 1650 1724 pectit,
1679 1657 1868 1725 sicque
1904 1665 1963 1710 ut

390 1744 617 1813 ipsemet
653 1745 912 1813 loquitur,
963 1743 1030 1798 ad
1059 1761 1291 1815 unguem
1338 1747 1522 1800 omnia
1564 1763 1660 1800 sua
1697 1748 1960 1802 vocabula

389 1835 599 1898 elimat,
659 1845 714 1887 et
745 1833 1022 1903 superﬂua
1075 1836 1343 1904 elegantia
1397 1838 1754 1906 scriptionem
1808 1852 1963 1891 suam

389 1934 639 1989 exornat,
697 1935 754 1980 ut
789 1929 1078 1981 verborum
1139 1929 1426 1982 dulcedine
1480 1929 1786 1982 auditorem
1834 1943 1967 1984 con-

395 2019 572 2072 festim
606 2019 864 2088 abripiat,
899 2019 1085 2089 qualia
1133 2036 1200 2073 ex
1231 2020 1419 2074 multis
1465 2020 1588 2072 aliis
1625 2031 1753 2073 sunt
1803 2019 1965 2072 etiam

394 2112 507 2170 illa.
561 2127 684 2180 qua:
718 2123 874 2166 antea
904 2113 1287 2184 recitavimus,
1345 2123 1401 2167 et
1456 2127 1602 2165 nunc
1633 2118 1969 2181 repetemus:

397 2202 740 2271 Quapropter
779 2204 1255 2271 reprehensionem,
1286 2218 1390 2272 qua
1421 2219 1535 2255 eam
1568 2201 1630 2254 ob
1645 2217 1863 2254 causam
1887 2203 1971 2253 ob-

386 2295 703 2363 jurgamini,
748 2295 851 2361 ipsi
907 2297 1070 2359 vobis,
1124 2311 1217 2348 ceu
1264 2293 1657 2347 ineluctabilem
1697 2293 1967 2364 laqueum,

392 2391 698 2454 consuistis,
738 2391 978 2459 justitia,
1032 2400 1090 2442 ut
1121 2407 1222 2460 par
1247 2398 1383 2453 erat,
1421 2405 1484 2442 ex
1521 2390 1706 2442 vestris
1758 2388 1970 2457 placitis

389 2491 578 2534 contra
607 2498 695 2536 eos
723 2483 1032 2536 sententiam
1061 2483 1274 2550 ferente.

467 2573 602 2629 Vide
634 2576 836 2630 veteris
876 2576 1068 2631 Attica:
1098 2576 1379 2631 ﬂosculos.
1412 2575 1548 2628 Vide
1579 2583 1637 2628 ut.
1679 2573 1971 2629 verborum

394 2666 818 2734 compositione.
861 2667 1036 2720 oratio
1069 2668 1421 2736 splendescit,
1458 2675 1513 2720 et
1561 2666 1769 2718 rutilat.
1801 2664 1972 2730 Quam

395 2758 646 2825 speciose
688 2766 742 2812 et
773 2760 922 2812 varie
977 2759 1197 2813 nitescit
1245 2768 1297 2812 et
1348 2760 1580 2811 vernat?
1630 2756 1735 2813 Sed
1775 2757 1841 2811 de
1890 2758 1976 2812 his

399 2848 778 2917 unusquisque
811 2849 1079 2902 arbitratu
1126 2865 1227 2903 Suo
1271 2859 1474 2905 statuat
1503 2858 1556 2903 et
1599 2849 1819 2904 sentiat.
1865 2847 1977 2903 Nos

399 2941 464 2994 ad
509 2941 938 2996 examinandum
984 2957 1206 2996 sensum
1255 2951 1615 3005 revertamur,
1673 2951 1726 2994 et
1754 2940 1975 3010 quidem

401 3032 537 3100 ipsis
591 3031 846 3087 EunOmii
893 3035 1076 3088 verbis
1111 3034 1388 3088 adductis.
1427 3033 1638 3087 Etenim
1685 3047 1802 3085 cum
1853 3031 1978 3085 sub-

2063 536 2358 604 νοουμένην
2385 535 2476 586 καῖ
2512 532 2610 603 τὴν
2641 531 2808 601 αὐτὴν
2846 530 3054 592 οὐσίαν,
3087 529 3365 600 ἑκατέρων
3399 530 3457 580 ὲν
3490 528 3647 599 μέρει

2069 624 2502 696 μεταλαμϐάνειν
2541 622 2649 676 τῶν
2695 621 2994 691 ὀνομάτων,
3018 620 3114 672 καὶ
3159 620 3398 688 Πατέρα,
3436 618 3645 680 οὐσίαν,

2066 719 2160 772 καὶ
2195 717 2323 770 Υίὸν
2373 715 2682 786 γινομένην,
2729 711 2898 783 αὐτὴν
2933 715 3062 783 παρ’
3099 711 3297 780 ἑαυτῆς
3329 710 3418 764 διὰ
3443 710 3653 780 γεννή--

2068 827 2206 872 σεως
2245 806 2660 877 παραγομένην.
2687 801 2875 856 Ταῦτα
2901 801 2990 854 διὰ
3032 801 3132 871 τῆς
3179 797 3418 869 ἐμαυτοῦ
3448 796 3649 860 λέξεως

2068 900 2288 972 γράφω,
2319 898 2380 952 οὒ
2427 893 2866 968 παρερμηνεύων
2896 894 3060 946 αὐτοῦ
3103 891 3202 961 τὴν
3229 891 3486 955 διάνοιαν,
3515 887 3651 941 ἀλλὰ

2069 993 2130 1046 τὸ
2164 988 2476 1060 στομφῶδες
2513 987 2609 1038 καὶ
2662 982 3186 1052 κατεστοιὸασμένον
3221 982 3320 1050 τῆς
3352 978 3650 1051 ἑρμηνείας

2067 1079 2555 1153 ἐπανορθούμενος,
2573 1078 2648 1140 ὼς
2675 1076 2742 1130 ἂν
2764 1075 3092 1128 εὐσύνοπτον
3111 1073 3273 1126 αὑτοῦ
3297 1072 3431 1125 πᾶσι
3445 1070 3506 1123 τὸ
3529 1068 3622 1139 βού
3637 1099 3650 1108 -

2064 1176 2216 1245 λημα
2241 1173 2466 1242 γένοιτο,
2481 1170 2570 1224 διὰ
2589 1170 2686 1240 τῆς
2706 1166 2849 1222 κατά
2877 1167 2974 1237 τὴν
2993 1165 3135 1232 λέξιν
3159 1162 3454 1233 σαφηνείας
3488 1163 3654 1215 ἐκκα-

2065 1267 2418 1334 λυπτόμενον.
2451 1263 2508 1315 '0
2536 1262 2644 1332 γὰρ
2664 1261 2761 1331 τὴν
2791 1259 3031 1329 ἀμαθίαν
3075 1255 3231 1327 ἡμῶν
3250 1254 3543 1325 διασύρων,
3560 1254 3654 1307 καὶ

2062 1359 2122 1411 τὸ
2137 1357 2222 1427 μὴ
2243 1355 2617 1425 ἑξαρκούσης
2654 1347 3045 1420 παρασκευῆς
3063 1347 3161 1401 ἐπὶ
3180 1347 3286 1400 τὸν
3305 1346 3489 1414 λόγον
3515 1344 3655 1411 ἐλη-

2061 1448 2310 1504 λυθέναι
2336 1445 2646 1518 προφέρων,
2663 1441 2834 1504 οὕτως
2858 1439 3080 1509 ἁδρύνει
3104 1440 3170 1509 τῇ
3191 1437 3533 1508 λαμπρότητι
3557 1435 3657 1503 τῆς

2065 1540 2358 1613 ἑρμηνείας
2387 1539 2477 1591 τὸν
2527 1536 2657 1589 ῐδιον
2689 1534 2870 1602 λόγον,
2903 1531 3076 1594 οὕτως
3121 1529 3441 1600 ὲξονυχίζει,
3474 1526 3656 1587 καθὼς

2064 1632 2226 1695 αὐτὸς
2278 1628 2554 1700 ὀνομάζει,
2589 1626 2661 1678 τὰ
2699 1626 2944 1695 ῥήματα,
2995 1624 3054 1675 ἐν
3105 1623 3170 1692 τῇ
3207 1621 3434 1690 περιττῇ
3483 1616 3655 1686 ταύτῃ

2066 1723 2384 1792 καλλιεπείᾳ
2411 1720 2509 1791 τὴν
2535 1717 2855 1788 συγγραφὴν
2881 1713 3179 1783 ἀγλαῖζων,
3202 1712 3278 1776 ῶς
3318 1709 3542 1764 αὐτόθεν
3568 1708 3656 1760 αἱ·

2073 1819 2188 1887 ρεῖν
2223 1818 2289 1885 τῇ
2320 1815 2417 1883 τῆς
2469 1811 2669 1877 λέξεως
2699 1809 2860 1880 ἡδονῇ
2894 1805 2985 1859 τὸν
3016 1804 3358 1859 ἀκούσαντα·
3384 1795 3472 1853 οἷα
3519 1797 3658 1869 μετά

2066 1905 2275 1960 πολλῶν
2307 1904 2484 1958 ἄλλων
2515 1902 2608 1954 καὶ
2639 1899 2706 1952 τὰ
2741 1898 2835 1952 νῦν
2870 1893 3335 1965 ὑπανεγνωσμένα
3371 1890 3488 1944 ἐστί
3513 1906 3524 1919 ·
3563 1890 3658 1943 καὶ

2068 1998 2117 2048 εἰ
2163 1994 2329 2056 δοκεῖ,
2363 1991 2522 2046 πάλιν
2573 1987 3069 2058 ὑπαναγνώσομαι’
3105 1985 3200 2038 Διὸ
3248 1983 3347 2038 καὶ
3391 1983 3506 2050 τὴν
3559 1980 3657 2033 ἐπὶ

2067 2088 2301 2151 τούτοις
2339 2084 2665 2152 λοιδορίαν,
2697 2079 2901 2148 ὥσπερ
2956 2080 3088 2133 τινὰ
3143 2077 3345 2146 πάγην
3384 2075 3658 2141 ἄφυκτον

2072 2178 2200 2232 καθ’
2226 2176 2456 2231 ἑαυτῶν
2499 2172 2916 2238 arentia-(1005.
2963 2171 3073 2238 τῆς
3119 2171 3295 2237 δίκης
3317 2209 3332 2233 ,
3363 2168 3442 2232 ὡς
3476 2163 3656 2229 εἰκὸς,

2076 2269 2200 2334 τοῖς
2258 2267 2564 2336 ὑμετέροις
2614 2265 2744 2318 καθ’
2796 2262 2965 2332 ὑμῶν
3021 2260 3221 2315 αὐτῶν
3274 2253 3659 2325 ἐπιψηφιζού-

2071 2379 2208 2429 σης.

2859 2577 2872 2594 ρ

2153 2586 2293 2654 Ὅρα
2324 2583 2393 2636 τὰ
2419 2580 2556 2652 ἄνθη
2581 2581 2682 2649 τῆς
2707 2577 2939 2650 ἀρχαίας
2979 2575 3234 2637 Ἀττίδος.
3271 2573 3357 2636 Ὠς
3385 2570 3661 2642 ὲπαττρά-

2077 2691 2204 2729 πτει
2238 2679 2302 2746 τῇ
2342 2673 2589 2737 συντάξει
2623 2671 2716 2724 τοῦ
2749 2671 2908 2736 λόγου
2941 2666 3002 2719 τὸ
3045 2667 3184 2718 λεῖον
3237 2665 3331 2718 καὶ
3382 2662 3662 2717 κατεστιλ-

2077 2769 2320 2838 ϐωμένον
2368 2767 2468 2836 τῆς
2503 2765 2738 2831 λέξεωςῐ
2782 2763 2869 2824 Ὠς
2913 2759 3229 2829 γλαφυρῶς,
3267 2758 3363 2811 καὶ
3403 2757 3662 2819 ποικίλως

2076 2863 2140 2930 τῇ
2175 2859 2294 2929 ὥρᾳ.
2324 2857 2417 2910 τοῦ
2459 2857 2618 2925 λόγου
2667 2851 3106 2925 περιανθίζεταιί
3154 2849 3315 2903 Ἀ).λά
3351 2849 3523 2902 ταῦτα
3564 2848 3662 2916 μὲν

2077 2952 2270 3020 ἐχέτω,
2311 2948 2388 3011 ὡς
2421 2948 2486 3002 ἀν
2526 2965 2603 3017 τῳ
2634 2945 2780 3015 δόξῃ.
2823 2944 2984 3013 Ἡμῖν
3016 2941 3073 2992 δὲ
3125 2941 3259 3012 πρὸς
3285 2940 3384 3010 τὴν
3425 2940 3664 2992 διάνοιαν

2077 3042 2186 3095 τῶν
2220 3039 2525 3112 εἰρημένων
2573 3034 2862 3110 τρεπέσθω
2912 3032 3075 3086 πάλιν
3116 3033 3144 3084 ό
3180 3030 3414 3102 δρόμος·
3452 3030 3547 3083 καὶ
3593 3029 3666 3082 δι’

401 3125 629 3178 stantias
661 3127 795 3178 istas
844 3144 875 3178 a
919 3143 972 3179 se
1013 3136 1217 3190 mutuo,
1269 3142 1360 3194 per
1393 3126 1509 3190 hoc,
1545 3123 1683 3195 quod
1717 3123 1976 3192 principio

2084 3104 2519 3195 αὑτῶν,ἐίδοκεῖ,
2544 3104 2829 3200 γενώμεθα
2847 3125 2940 3179 τοῦ
2963 3124 3302 3194 λογογράφου
3327 3122 3433 3176 τῶν
3443 3121 3660 3186 λέξεων.

401 3225 642 3277 careant,
665 3227 940 3286 separatas
981 3233 1093 3270 esse
1125 3218 1412 3287 afﬁrmetis,
1444 3234 1726 3287 earumque
1753 3219 1979 3272 alteram

403 3325 495 3376 per
523 3311 910 3377 generationem
958 3308 1099 3362 Filio
1140 3311 1443 3371 ascribatis,
1484 3320 1532 3364 et
1575 3327 1712 3371 eum,
1741 3312 1830 3380 qui
1869 3313 1980 3363 sine

405 3400 667 3468 principio
696 3411 794 3465 est,
831 3416 894 3452 ex
932 3400 1045 3462 illo,
1075 3401 1164 3470 qui
1218 3403 1329 3454 sine
1367 3402 1625 3470 principio
1655 3411 1754 3466 est,
1796 3411 1980 3454 natum

405 3489 755 3544 contendatis.
815 3490 1102 3544 Sull‘iciunt
1157 3493 1280 3545 ista.
1333 3491 1479 3547 Duas
1531 3494 1802 3563 ingenitas
1852 3493 1982 3546 sub-

410 3581 644 3636 stantias
693 3597 721 3634 a
770 3583 926 3636 nobis
965 3585 1133 3637 statui
1177 3584 1274 3636 ait.
1326 3583 1614 3649 Quomodo
1644 3585 1790 3640 istud
1824 3585 1980 3647 dicit,

410 3677 500 3740 qui
558 3675 628 3726 ob
679 3673 1080 3729 confessionem
1130 3677 1295 3730 unius
1341 3678 1614 3738 essentiae,
1657 3693 1758 3730 nos
1807 3678 1985 3731 omnia

411 3766 630 3819 miscere
689 3777 738 3819 et
804 3767 1122 3834 confundere
1172 3769 1533 3828 criminatur.?
1594 3769 1650 3824 Si
1695 3771 1838 3824 enim
1887 3785 1986 3825 nos

411 3872 632 3926 quoque
683 3858 820 3911 duas
870 3867 1101 3914 naturas
1139 3861 1281 3916 inter
1319 3876 1379 3915 se
1428 3863 1735 3917 substantia
1786 3879 1988 3917 conve-

413 3950 626 4002 nientes
685 3959 1078 4018 statueremus,
1133 3952 1201 4006 ad
1253 3955 1563 4024 exemplum
1623 3971 1834 4017 eorum,
1895 3956 1988 4028 qui

412 4041 836 4108 inaequalitatem
879 4044 1395 4107 counniniscuntur,
1447 4044 1586 4100 forte
1639 4062 1748 4100 non
1787 4047 1886 4101 abs
1929 4051 1991 4102 ie

413 4135 722 4188 existimari
773 4145 1006 4204 poterat,
1046 4137 1185 4192 duas
1229 4138 1438 4193 divisas
1480 4149 1729 4199 naturas.
1763 4141 1830 4193 ad
1882 4142 1992 4196 duo

415 4229 674 4296 principii
725 4231 970 4298 expertia
1019 4232 1288 4301 principia
1333 4233 1723 4301 cogitationem
1767 4235 1989 4289 ducere.

412 4318 476 4373 Si
513 4335 641 4373 vero
671 4336 832 4374 unam
881 4330 1131 4376 naturam
1169 4326 1222 4378 in
1263 4325 1494 4381 diversis
1528 4328 1778 4394 personis
1823 4331 1994 4382 conli-

2089 3228 2254 3279 Ἤτοι
2314 3223 2424 3293 γὰρ
2470 3221 2746 3290 ἀνάρχως
2806 3217 3100 3284 ἀλλήλων
3162 3217 3516 3287 κεχωρίσθαι
3559 3216 3665 3280 τὰς

2083 3319 2300 3383 οὐσίας
2327 3316 2549 3380 ταύτας
2577 3311 3109 3382 ὑπολαμϐάνοντες
3130 3353 3144 3375 ,
3182 3312 3411 3363 τούτων
3453 3307 3523 3361 δὲ
3554 3308 3668 3374 τὴν

2085 3410 2295 3476 ἑτέραν
2322 3410 2408 3472 εὶς
2435 3405 2570 3460 Υίοῦ
2591 3405 2764 3468 τάξιν
2786 3402 2884 3457 διὰ
2904 3403 3243 3473 γεννήσεως
3281 3401 3548 3471 ἄγοντες,
3571 3399 3668 3452 καὶ

2086 3500 2191 3552 τὸν
2232 3497 2503 3566 ἁνάρχως
2546 3495 2691 3548 ὄντα
2734 3493 2854 3547 ὑπὸ
2902 3493 3010 3546 τοῦ
3089 3493 3263 3559 ὄντος
3315 3490 3669 3561 γεγενῆσθαι

2086 3589 2536 3657 διατεινόμενα.
2577 3587 2766 3657 Ἀρκεῖ
2801 3585 2993 3640 ταῦτα.
3025 3585 3130 3637 Δύο
3159 3585 3322 3655 φησὶν
3342 3585 3491 3654 ἡμᾶς
3511 3585 3662 3650 ἀγεν-

2087 3683 2278 3750 νήτους
2301 3679 2485 3741 οὐσίας
2524 3675 2843 3749 πρεσϐεύειν
2867 3691 2881 3705 ·
2913 3674 3031 3738 πῶς
3064 3673 3221 3727 τοῦτο
3261 3673 3456 3741 λέγων.
3486 3674 3514 3724 ὁ
3555 3672 3668 3740 φύ-

2081 3790 2211 3841 ρειν
2259 3770 2331 3824 τὰ
2365 3769 2581 3832 πάντα,
2619 3768 2716 3821 καὶ
2765 3765 3020 3836 συγχεῖν
3065 3762 3406 3835 αἰτιώμενος,
3457 3763 3544 3816 διὰ
3577 3763 3672 3816 τοῦ

2094 3864 2219 3934 μίαν
2253 3861 2534 3932 ὁμολογεῖν
2580 3860 2676 3930 τὴν
2709 3858 2930 3925 οὐσίαν;
2977 3856 3041 3908 Εἰ
3085 3855 3182 3925 μὲν
3227 3855 3335 3926 γὰρ
3363 3853 3455 3906 δύο
3485 3853 3675 3922 φύσεις

2091 3952 2383 4025 ἀλλοτρίως
2407 3950 2548 4005 κατά
2577 3949 2636 4004 τδ
2657 3945 2794 4002 εῖναι
2825 3949 2961 4020 πρὸς
2990 3947 3226 4017 ἀλλήλας
3270 3944 3497 4016 ἐχούσας
3525 3945 3618 3996 καὶ
3646 3945 3675 3996 ό

2091 4045 2361 4116 ἡμέτερος
2392 4041 2687 4114 ἐπρέσϐευε
2710 4041 2890 4109 λόγος,
2917 4038 3060 4092 κατά
3089 4039 3152 4091 τὸ
3181 4031 3301 4090 ἶσον
3327 4035 3435 4088 τῶν
3467 4035 3527 4087 τὸ
3553 4035 3674 4087 ἀνό-

2097 4153 2246 4207 μοιον
2280 4134 2734 4204 δογματιζόντων,
2769 4129 2946 4192 καλῶς
2979 4125 3091 4200 εἶχε
3120 4128 3182 4181 τὸ
3224 4126 3550 4198 διῃρημένον
3577 4126 3674 4196 τῆς

2094 4223 2306 4292 φύσεως
2336 4223 2414 4284 εις
2443 4220 2536 4273 δύο
2555 4219 2715 4272 τινῶν
2741 4218 2992 4289 ἀνάρχων
3021 4215 3272 4278 ὑπονοίας
3298 4215 3556 4284 ἐμφέρειν
3586 4231 3674 4266 νο-

2100 4309 2371 4380 μίζεσθαι.
2418 4309 2482 4360 Εἰ
2519 4307 2575 4360 δὲ
2613 4307 2709 4378 μία
2758 4306 2918 4374 φύσις
2971 4303 3312 4374 ὁμολογεῖται
3355 4301 3482 4372 παρ’
3515 4301 3674 4371 ἡμῶν

417 4420 616 4474 temur,
669 4411 995 4484 Patremque
1026 4416 1326 4479 credimus,
1385 4426 1440 4472 et
1481 4389 1680 4473 Filium
1719 4419 1979 4489 gloriﬁca-

2097 4401 2153 4451 ἐν
2183 4396 2460 4466 διαφόροις
2485 4397 2599 4457 ταῖς
2629 4393 2977 4454 ὑποστάσεσι,
3000 4391 3092 4444 καὶ
3117 4390 3308 4461 Πατὴρ
3337 4389 3674 4452 πιστεύεται,

2169 4485 2183 4499 ι
2234 4484 2319 4499 κλιοι
2405 4482 2428 4499 l-
2465 4480 2653 4499 F!,’__,,
2793 4479 2822 4499 3'
2850 4497 2861 4499 _
2907 4478 2989 4499 θ)-
3037 4477 3352 4499 ----Β-.ἶ---.
3408 4477 3572 4499 3.---3.-
3617 4477 3669 4499 -ὶ

419 4519 562 4566 mus,
608 4505 884 4573 quomodo
930 4506 1232 4562 adversarii
1279 4509 1489 4577 lingunt
1539 4526 1636 4579 per
1676 4510 1990 4581 hujusmodi

417 4594 674 4661 dogmata
722 4596 830 4647 duo
874 4598 1140 4668 principia
1185 4600 1490 4653 constitui?
1527 4601 1728 4655 Deinde
1758 4617 1824 4656 ex
1856 4602 1994 4656 duo-

423 4683 526 4736 lius
561 4682 684 4736 istis
713 4684 998 4754 principiis
1037 4688 1342 4756 (ingenitis)
1373 4691 1527 4752 dicit,
1563 4694 1790 4745 alterum
1822 4711 1855 4746 a
1895 4711 1993 4746 no-

419 4773 498 4828 bis
529 4775 583 4827 in
611 4775 988 4836 Filiiordinem
1018 4780 1208 4848 redigi,
1235 4790 1284 4834 et
1313 4799 1429 4835 eum
1458 4784 1548 4853 qui
1592 4794 1690 4846 est,
1722 4800 1789 4838 ex
1819 4802 1877 4839 eo
1905 4787 1996 4856 qui

418 4875 516 4928 est,
569 4876 752 4921 natum
776 4884 921 4932 esse;
955 4872 1209 4926 ostendat
1253 4875 1579 4930 assertionis
1612 4876 1775 4945 hujus
1807 4886 1997 4930 aut-to-

422 4974 560 5024 rem,
592 4969 644 5013 et
671 4976 772 5015 nos
803 4964 1133 5030 tacebimus;
1159 4966 1274 5020 sive
1302 4978 1506 5020 certam
1536 4970 1846 5039 quampiam
1880 4986 1998 5040 per-

367 5049 372 5055 ’
422 5066 638 5116 sonam,
673 5070 794 5123 qua:
831 5055 977 5110 istud
1011 5056 1382 5121 allirmaverit,
1407 5061 1718 5132 redarguat,
1747 5063 1862 5118 sive
1891 5079 1998 5132 ge-

421 5145 652 5198 neratim
686 5146 740 5200 in
771 5144 1018 5204 Ecclesia
1049 5152 1158 5207 tale
1187 5152 1318 5222 quid
1347 5153 1486 5206 tradi
1521 5169 1583 5207 ac
1623 5153 1807 5209 doceri
1835 5157 1994 5211 sciat.

421 5235 557 5310 Quis
597 5238 740 5291 enim
787 5240 924 5295 adeo
975 5243 1181 5299 insanae
1225 5253 1279 5299 et
1322 5254 1519 5300 emota:
1553 5247 1754 5303 mentis
1798 5258 1904 5312 est,
1939 5258 1999 5303 ut

423 5344 551 5383 cttm
589 5329 804 5386 Patrem
835 5341 890 5386 et
919 5333 1112 5388 Filium
1143 5337 1408 5402 nominat,
1444 5339 1554 5393 duo
1579 5341 1815 5409 ingenita
1849 5342 2000 5410 prin-

423 5423 564 5493 cipia
605 5425 901 5494 concipiat,
929 5437 982 5481 et
1012 5445 1206 5484 rursus
1246 5430 1480 5486 alterum
1514 5447 1579 5486 ex
1610 5433 1784 5487 altero
1810 5441 1996 5487 natum

424 5517 622 5586 putet?
665 5516 796 5583 Qu:c
832 5520 1136 5575 necessitas
1167 5521 1362 5592 dogma
1406 5535 1658 5579 nostrum
1701 5527 1767 5579 ad
1804 5525 2000 5593 hujus-

427 5605 574 5660 modi
605 5608 964 5678 cegitationes
1011 5618 1066 5664 et
1101 5611 1443 5679 suspiciones
1493 5613 1998 5680 impellit?Quibus

429 5699 647 5755 tandem
687 5703 1024 5771 argumentis
1073 5702 1272 5765 elleeit,
1317 5716 1376 5758 ut
1410 5709 1720 5761 necessario
1751 5708 1865 5762 hate
1904 5709 1999 5763 ab-

430 5793 671 5846 smditas
709 5810 771 5848 ex
823 5795 1070 5851 doctrina
1107 5804 1293 5851 nostra
1345 5799 1710 5867 promicaret?
1751 5798 1806 5852 Si
1843 5800 1988 5854 enim

2099 4485 2193 4539 καὶ
2234 4484 2360 4544 Υἱὸς
2401 4480 2700 4545 δοξάζεται,
2745 4479 2864 4542 πῶς
2902 4478 2996 4532 δύο
3033 4477 3353 4550 πρεσϐεύειν
3401 4477 3572 4548 ἀρχάς
3615 4477 3675 4528 τὺ

2098 4571 2306 4626 τοιοῦτο
2322 4571 2500 4641 δόγμα
2519 4568 2667 4639 παρὰ
2684 4568 2792 4622 τῶν
2813 4567 3069 4621 ἐναντίων
3095 4570 3504 4635 συκοφαντεῖται
3524 4584 3538 4632 ;
3564 4563 3674 4619 εἷτα

2101 4663 2164 4713 ὲκ
2196 4659 2302 4712 τῶν
2350 4657 2443 4710 δύο
2491 4656 2744 4710 τοιούτων
2789 4655 2972 4726 ἀρχῶν
3013 4655 3128 4723 τὴν
3162 4656 3309 4725 μίαν
3350 4654 3495 4724 λέγει
3541 4655 3677 4723 παρ’

2101 4745 2270 4816 ἡμῶν
2300 4747 2386 4810 εἰς
2419 4744 2553 4799 Υἱοῦ
2578 4743 2752 4808 τάξιν
2774 4743 3405 4813 κατάγεσθαιοδειξάτω
3427 4743 3518 4796 τὸν
3548 4759 3676 4812 προ-

2104 4833 2303 4903 στάτην
2329 4830 2422 4885 τοῦ
2451 4831 2608 4899 λόγου
2635 4830 2846 4893 τούτου,
2878 4831 2976 4884 καὶ
2998 4832 3163 4902 ἡμεῖς
3197 4830 3569 4901 σιωπήσομεν,
3599 4830 3674 4882 εῖ-

2101 4938 2160 4973 τε
2198 4939 2251 4975 τι
2295 4921 2582 4990 πρόσωπον
2617 4917 2880 4989 διελέγχει
2909 4919 2970 4971 τὸ
3011 4917 3182 4972 ταῦτα
3214 4917 3677 4988 παραφθεγξάμε-

2103 5027 2212 5072 νον,
2245 5009 2353 5061 εῖτε
2385 5008 2479 5060 καὶ
2520 5006 2707 5069 άπλῶς
2739 5006 2830 5060 τὸν
2859 5006 3014 5074 λόγον
3059 5004 3247 5058 τοῦτον
3279 5006 3336 5058 ὲν
3387 5003 3678 5074 Ἐκκλησία

2104 5093 2212 5150 οἶδε
2243 5113 2307 5165 φε
2318 5095 2558 5167 ρόμενον.
2590 5094 2686 5157 Τίς
2711 5093 2820 5165 γὰρ
2849 5093 3020 5156 οὕτως
3045 5093 3359 5164 παράφορος
3394 5093 3507 5154 τοῖς
3533 5093 3675 5160 λογι-

2107 5187 2286 5255 σμοῖς,
2318 5181 2729 5254 κατεξεστηκὼς
2765 5183 2866 5252 τὴν
2897 5182 3154 5244 διάνοιαν,
3201 5179 3276 5243 ὼς
3323 5179 3541 5249 Πατέρα
3586 5182 3679 5234 καὶ

2106 5273 2231 5325 Υἰὸν
2259 5273 2459 5341 λέγειν,
2501 5271 2596 5324 καὶ
2633 5271 2727 5323 δύο
2750 5269 2910 5323 πάλιν
2933 5269 3203 5338 ἀγέννητα
3235 5268 3461 5334 οἴεσθαι,
3499 5270 3592 5321 καὶ
3621 5271 3683 5322 τὸ

2105 5360 2163 5415 ἓν
2196 5356 2350 5422 αὖθις
2379 5358 2531 5430 παρά
2556 5358 2650 5412 τοῦ
2694 5357 2809 5420 ἑνὸς
2840 5354 3159 5426 γεγενῆσθαι
3189 5355 3463 5427 νομίζειν;
3497 5356 3591 5419 Τίς
3623 5356 3680 5408 δὲ

2106 5451 2261 5520 καὶὴ
2309 5450 2524 5519 ἀνάγκη
2570 5450 2604 5520 ὴ
2657 5447 2792 5518 πρὸς
2845 5445 2943 5509 τὰς
2994 5445 3246 5508 τοιαύτας
3293 5445 3546 5508 ὑπονοίας
3599 5445 3683 5508 ἐξ-

2105 5538 2320 5592 ωθοῦσα
2346 5539 2406 5590 τὸ
2426 5538 2602 5608 δόγμα
2623 5555 2637 5603 ;
2677 5537 2771 5588 Ἐκ
2799 5533 2966 5586 ποίων
2989 5534 3116 5604 παρ’
3139 5533 3302 5587 αὐτοῦ
3322 5532 3495 5603 λόγων
3527 5534 3682 5586 τοῦτο

2108 5625 2541 5696 κατεσκευάσθη,
2585 5625 2658 5687 ὡς
2689 5622 3000 5689 ἀναγκαίως
3046 5623 3248 5692 ταύτην
3282 5623 3556 5692 ἀνακύψαι
3582 5623 3682 5693 τὴν

2109 5715 2376 5780 (ironiam;
2411 5715 2470 5767 Ei
2513 5711 2744 5783 μὲνγὰρ
2792 5727 2842 5762 τι
2893 5711 3000 5762 τῶν
3037 5712 3166 5781 παρ’
3205 5711 3360 5780 ἡμῶν
3391 5712 3679 5783 ὁμολόγους

2101 5802 2278 5874 μένων
2306 5803 2603 5872 προέφερεν
2625 5817 2636 5829 ·
2669 5795 2788 5852 εἶτα
2816 5797 2905 5851 διὰ
2936 5796 3125 5851 τούτου
3163 5800 3423 5871 προῆγεν,
3452 5793 3561 5851 εἴτε
3595 5815 3680 5850 σο-
