4146 6370
493 429 583 482 Nil

1697 444 1974 501 CONTRA
2016 444 2407 512 EUNOMIUM,
2440 445 2567 500 LIB.
2609 449 2645 499 l.

3650 446 3759 507 402

490 545 775 612 φιστικῶς,
807 548 916 607 εἴτε
960 551 1102 603 κατὰ
1142 568 1262 605 τινα
1304 554 1531 626 δύναμιν
1575 558 1954 630 ἀποδεικτικὴν
1976 559 2071 630 τὴν

2180 575 2244 614 ex
2282 559 2370 622 iis,
2393 576 2512 629 qua:
2543 560 2920 620 concedimus.
2957 560 3161 630 aliquid
3197 560 3537 630 protulisset,
3570 575 3758 632 postea

490 636 743 706 τοιαύτην
785 642 1179 708 συκοφαντίαν·
1218 641 1361 715 εἶχεν
1413 648 1540 712 ἴσως
1584 652 1772 722 καιρὸν
1820 652 1914 704 ἐπὶ
1957 652 2074 705 δια-

489 722 619 794 ϐολῇ
656 725 751 777 τοῦ
776 725 1042 795 δόγματος
1076 732 1143 785 τὰ
1178 734 1402 791 τοιαῦτα
1431 740 1744 809 προφέρειν.
1773 741 1833 794 Εἰ
1865 740 1921 794 δὲ
1951 740 2075 793 οὔτε

471 818 658 882 ἐστὶν,
686 816 806 871 οὗτε
842 822 915 891 μὴ
954 823 1177 894 γένηται
1207 825 1361 894 λόγος
1394 830 1451 881 ὲν
1493 831 1787 903 Ἐκκλησία
1813 832 2072 899 τοιοῦτος,

492 906 617 960 οὔτε
637 912 665 962 6
687 911 854 965 εἰπὼν
879 913 1182 984 ἐλέγχεται,
1202 918 1326 972 οὕτε
1354 921 1382 972 6
1407 922 1657 992 ἀκηκοὼς
1683 924 2071 989 ἐπιδείκνυται,

492 998 617 1052 οὔτε
646 1003 857 1076 ἀνάγκη
896 1023 980 1070 τις
1009 1009 1341 1079 εὑρίσκεται,
1370 1013 1459 1067 διά
1491 1002 1635 1079 τινος
1666 1016 1959 1069 ἀκολούθου
1982 1016 2079 1087 τὴν

494 1091 726 1147 ἀτοπίαν
766 1096 967 1168 ταύτην
1002 1105 1503 1168 κατασκευάζουσα,
1544 1107 1599 1158 τί
1636 1105 1884 1176 βούλεται
1933 1108 2082 1178 αὑτῷ

495 1185 529 1254 ἡ
559 1190 878 1260 σκιαμαχία,
900 1193 960 1244 οὐ
995 1194 1222 1264 συνορῶ.
1258 1180 1466 1270 Ὥσπερ
1495 1197 1561 1253 ἂν
1582 1201 1738 1264 εἴτις
1767 1201 1871 1253 ὑπὸ
1905 1201 2082 1272 φρενί-

495 1277 638 1340 τιδος
671 1284 1024 1350 παραπαίων,
1068 1288 1481 1358 συμπεπλέχθαι
1504 1289 1713 1359 νομίζοι
1755 1291 1883 1354 τινὶ,
1921 1291 2083 1361 μηδε-

495 1370 583 1434 νὸς
616 1374 1093 1442 προσπαλαίοντος,
1118 1375 1235 1430 εἶτα
1270 1382 1411 1434 κατὰ
1435 1382 1667 1453 σπουδὴν
1696 1383 1884 1436 ἑαυτὸν
1908 1400 2075 1436 κατα-

496 1461 696 1526 ϐαλὼν,
724 1466 816 1517 τλν
838 1471 1290 1540 προσμαχόμενον
1310 1474 1500 1526 οἴοιτο·
1525 1474 1764 1531 τοιοῦτόν
1787 1492 1839 1527 τι
1875 1475 2074 1528 πέπον-

496 1554 588 1607 θεν
627 1558 657 1609 6
698 1558 857 1627 σοφὸς
894 1560 1248 1634 λογογράφος,
1289 1568 1649 1621 ἀναπλάσσων
1695 1568 1966 1631 ὑπονοίας,
2006 1568 2071 1631 ἀς

495 1648 655 1716 ήμεῖς
681 1650 740 1703 ού
772 1651 1133 1725 γινώσκομεν,
1164 1659 1256 1711 καλ¹
1296 1663 1471 1724 σκιαῖς
1510 1662 1983 1733 προσμαχόμενος,
2007 1662 2073 1725 ἃς

494 1737 582 1791 διὰ
609 1742 714 1795 τῶν
742 1743 1016 1815 λογισμῶν
1052 1750 1196 1805 ίδίων
1224 1752 1626 1808 ἀνετυπώσατο.

2181 669 2250 707 ex
2282 654 2404 715 hoc,
2443 654 2557 708 sive
2598 654 2917 721 sophisticc,
2966 654 3083 709 sive
3113 654 3605 710 demonstrationis
3634 654 3757 711 efﬁ-

2181 743 2414 798 cacitate
2450 744 2869 815 sycophantiam
2910 744 3035 798 inde
3070 745 3461 809 conclusisset,
3506 745 3759 801 fortassis

2180 835 2527 889 occasionem
2556 836 2841 889 habuisset
2872 836 2979 889 tale
3005 836 3133 905 quid
3181 835 3246 889 de
3284 835 3539 904 dogmate
3565 845 3759 891 nostro

2181 941 2279 996 per
2308 927 2637 980 calumniam
2666 925 2999 993 proferendi.
3040 924 3099 980 Si
3132 942 3263 980 vero
3296 943 3473 996 neque
3514 937 3618 991 est,
3656 944 3755 981 ne-

2176 1036 2285 1089 que
2316 1035 2555 1087 unquam
2597 1019 2704 1073 erit
2749 1020 2803 1072 in
2833 1018 3077 1072 Ecclesia
3125 1020 3255 1075 talis
3297 1019 3578 1084 doctrina,
3611 1028 3667 1075 et
3712 1021 3757 1074 si

2177 1127 2354 1179 neque
2393 1119 2586 1165 auctor
2635 1110 3080 1179 reprehenditur,
3138 1127 3319 1180 neque
3353 1112 3448 1180 qui
3487 1111 3594 1166 tale
3628 1112 3756 1180 quid

2177 1201 2469 1265 audiverit,
2512 1202 2947 1264 demonstratur,
2980 1216 3157 1270 neque
3184 1203 3292 1256 ulla
3325 1203 3488 1258 etiam
3520 1205 3751 1257 necessi-

2177 1304 2264 1349 tas
2298 1302 2543 1363 apparet,
2600 1309 2722 1364 quae
2763 1294 3079 1362 hujusmodi
3125 1294 3515 1349 absurditatem
3562 1309 3760 1349 conse-

2179 1387 2400 1440 cutione
2430 1385 2665 1454 quadam
2696 1384 2944 1440 evincat.
2997 1400 3106 1439 non
3151 1387 3309 1440 video
3336 1402 3602 1457 quorsum
3634 1404 3758 1442 cum

2181 1490 2282 1529 sua
2308 1473 2588 1529 umbratili
2625 1473 3018 1543 digladiatione
3045 1475 3236 1529 tendat
3262 1477 3755 1544 :quemadmodum

2180 1568 2225 1621 si
2272 1566 2398 1636 quis
2447 1567 2502 1621 in
2557 1565 2815 1637 phrenesi
2849 1567 3116 1630 delirans,
3154 1583 3237 1632 se,
3278 1568 3499 1622 nemine
3529 1580 3758 1637 congre-

2178 1660 2381 1722 diente,
2431 1674 2557 1713 cum
2604 1660 2790 1728 aliquo
2822 1674 3182 1730 congressum
3231 1661 3531 1723 existimet,
3562 1656 3760 1713 deinde

2180 1749 2233 1803 in
2271 1748 2510 1816 seipsqu
2562 1748 2764 1803 acriter
2797 1748 2998 1818 impetu
3050 1749 3197 1817 dato,
3253 1751 3499 1821 seipsum
3540 1765 3759 1819 quoque

497 1833 871 1890 adversarium
897 1839 1175 1897 existimet
1207 1862 1220 1897 :
1256 1846 1367 1899 tale
1391 1846 1524 1914 quid
1553 1847 1909 1902 declamatori
1940 1847 2069 1901 huic

2174 1840 2328 1901 cidit,
2367 1840 2595 1908 ﬁngenti
2671 1854 2856 1905 sensa,
2904 1856 3025 1908 quae
3057 1856 3157 1895 nos
3223 1857 3331 1895 non
3385 1841 3755 1911 agnoscimus,

496 1939 551 1982 et
582 1948 705 1987 cum
742 1934 957 1991 umbris
983 1937 1295 2005 dimicanti,
1334 1956 1470 2011 quas
1498 1958 1564 1996 ex
1596 1944 1820 2013 proprio
1849 1942 2080 1999 cerebro
2117 1936 2442 2005 exsculpsit.

566 2024 787 2077 Είπάτω
816 2025 945 2094 γὰρ,
996 2027 1078 2091 τίς
1110 2031 1143 2098 ή
1170 2030 1379 2101 ἀνάγκη
1421 2032 1511 2085 τὸν
1540 2033 1903 2103 ὁμολογοῦντα
1945 2033 2071 2086 Υίὸν

2248 2023 2404 2077 Dicat
2437 2025 2605 2089 enim,
2637 2038 2887 2093 quanam
2913 2024 3219 2079 necessitas
3248 2039 3395 2086 etiin,
3433 2025 3524 2093 qui
3560 2024 3755 2079 Filium

496 2114 560 2166 ἐκ
596 2115 808 2186 Πατρὸς
838 2118 1185 2188 γεγενῆσθαι,
1216 2124 1297 2185 εἰς
1317 2122 1408 2174 δύο
1440 2125 1748 2195 ἀγεννήτων
1774 2124 2071 2196 ὑπολήψεις

494 2206 821 2277 ἐκφέρεσθαι
843 2226 857 2274 ;
886 2210 957 2262 ’Ἡ
981 2212 1125 2274 τίνος
1153 2213 1352 2281 μᾶλλόν
1376 2218 1493 2267 ἑστι
1525 2216 1618 2268 δύο
1644 2217 2069 2280 κατασκευάζειν

492 2298 785 2367 ἀγέννητα;
816 2300 911 2353 τοῦ
944 2302 1032 2355 τὸν
1067 2304 1195 2357 Υίὸν
1225 2304 1591 2376 ψευδωνύμως
1621 2308 1869 2377 λέγεσθαι
1901 2327 2067 2362 κατα-

496 2387 852 2454 σκευάζοντος
874 2434 889 2456 ,
921 2392 952 2463 ἢ
985 2391 1078 2444 τοῦ
1103 2393 1582 2465 διαϐεϐαιουμένου
1620 2399 1685 2467 τῇ
1730 2398 2069 2467 προσηγορίᾳ

493 2479 590 2550 τὴν
620 2480 809 2551 κλῆσιν
836 2484 1268 2553 ὲπαληθεύεσθαι
1291 2504 1304 2550 ;
1348 2488 1404 2539 Ὀ
1430 2487 1537 2558 γὰρ
1557 2488 1654 2558 τὴν
1685 2488 1858 2558 ἀληθῆ
1884 2488 2070 2558 γέννη-

496 2587 579 2623 σιν
600 2572 694 2625 τοῦ
731 2572 861 2626 Υίοῦ
898 2574 971 2644 μὴ
1013 2575 1323 2645 δεξάμενος,
1360 2573 1497 2629 εῖναι
1521 2578 1576 2630 δὲ
1605 2579 1740 2640 ὅλως
1770 2578 2068 2649 ὁμολογῶν,

492 2662 819 2734 οἰκειότερον
846 2663 911 2717 ἂν
936 2665 1258 2737 ὑπονοηθείη
1282 2667 1574 2737 ἀγέννητον
1599 2668 1798 2736 λέγειν,
1827 2669 1918 2722 τὸν
1945 2668 2073 2722 ὄντα

498 2754 618 2822 μὲν,
651 2754 725 2826 μή
754 2755 842 2809 διὰ
886 2757 1193 2827 γεννήσεως
1223 2756 1281 2809 δὲ
1307 2758 1366 2811 τὸ
1414 2753 1552 2811 εἶναι
1592 2760 1799 2829 ἔχοντα.
1844 2763 1903 2813 Ὀ
1931 2761 1985 2813 δὲ
2012 2763 2073 2813 τὸ

495 2847 851 2916 γνωριστικὸν
894 2848 1144 2919 ὁμοίωμα
1191 2851 1289 2920 τῆς
1324 2849 1421 2903 τοῦ
1466 2851 1803 2918 Μονογενούς
1835 2853 2071 2906 ὑποστά-

497 2955 653 3001 σεως,
683 2939 816 2991 αὑτὸ
847 2940 906 2992 τὸ
935 2941 1209 3010 γεννητῶς
1256 2942 1421 2994 αὑτὸν
1462 2945 1526 2995 ὲκ
1558 2943 1650 2995 τοῦ
1686 2945 1895 3014 Πατρὸς
1936 2946 2070 2998 ὑπο-

495 3031 688 3100 στῆναι
713 3031 1099 3103 διοριζόμενος,
1127 3034 1245 3097 πῶς
1275 3034 1341 3087 ἂν
1370 3037 1450 3098 είς
1488 3036 1546 3088 τὸ
1579 3036 1871 3106 ἀγέννητον
1911 3038 2071 3091 αὑτὸν

492 3121 699 3177 οἴεσθαι
730 3124 1122 3195 παρενεχθείη;
1159 3125 1333 3178 καίτοι
1373 3126 1492 3179 καθ’
1522 3127 1665 3196 ὑμᾶς
1693 3128 1819 3190 τοὺς
1850 3128 2067 3196 σοφοὺς,

493 3214 598 3278 ἓως
627 3213 694 3267 ἂν
739 3218 937 3286 κρατῇ,
975 3216 1033 3268 τὸ
1062 3216 1135 3287 μὴ
1169 3217 1494 3289 γεννηθῆναι
1525 3218 1677 3288 παρὰ
1718 3217 1811 3271 τοῦ
1859 3221 2071 3289 Πατρὸς

492 3306 586 3359 τὸν
616 3306 761 3369 Υίὸν,
792 3307 872 3360 ἐνί
913 3325 1016 3360 τινι
1042 3309 1226 3379 τρόπῳ
1253 3309 1361 3361 τῶν
1398 3309 1502 3361 ὑπὸ
1527 3308 1620 3361 τοῦ
1654 3310 1947 3379 ἀγεννήτου
1976 3327 2071 3379 ση-

2177 2132 2240 2170 ex
2282 2114 2444 2171 Patre
2494 2123 2683 2169 natum
2736 2114 2917 2180 docet,
2950 2115 3018 2169 ad
3057 2117 3167 2169 duo
3216 2116 3454 2184 ingenita
3490 2117 3755 2185 principia

2176 2210 2469 2263 statuenda
2528 2208 2753 2277 adigat?
2812 2208 2948 2273 Quis
3011 2210 3196 2278 potius
3248 2209 3357 2262 duo
3409 2207 3755 2262 innascihilia

2178 2301 2443 2371 principia
2496 2302 2799 2356 introducit
2832 2300 3060 2363 ?illene,
3111 2302 3204 2371 qui
3254 2302 3488 2371 probare
3538 2302 3754 2359 nititur.

2178 2392 2373 2447 Filium
2424 2393 2565 2449 falso
2588 2393 2711 2447 Filii
2759 2409 2955 2447 nomen
2988 2403 3195 2458 tenere,
3252 2410 3321 2447 an
3356 2395 3466 2456 ille,
3503 2394 3596 2463 qui
3633 2409 3755 2447 cum

2178 2485 2281 2537 hac
2332 2486 2695 2554 appellatione
2750 2494 3004 2540 naturam
3057 2502 3279 2555 quoque
3318 2486 3612 2540 concinere
3642 2486 3752 2538 ait?

2175 2592 2301 2631 nam
2350 2576 2441 2645 qui
2480 2592 2663 2631 veram
2711 2576 2832 2631 Filii
2876 2580 3288 2649 generationem
3344 2593 3451 2631 non
3493 2578 3756 2643 admittit,

2175 2668 2354 2737 ipsum
2391 2674 2573 2721 tamen
2620 2669 2896 2723 exsistere
2950 2670 3265 2731 conﬁtetur,
3319 2668 3524 2737 justius
3566 2669 3757 2723 existi-

2174 2769 2372 2824 matur,
2409 2762 2553 2830 quod
2588 2760 2784 2815 Filium
2814 2763 3194 2817 innascibilem
3234 2762 3421 2827 faciat,
3457 2778 3579 2815 cum
3611 2760 3759 2816 exsi-

2173 2860 2303 2912 stat,
2358 2866 2536 2919 neque
2586 2860 2766 2906 tamen
2817 2868 2914 2920 per
2946 2853 3377 2922 generationem,
3425 2867 3548 2906 esse
3596 2865 3754 2905 Sllllll]

2170 2930 2397 2999 habeat.
2444 2942 2535 2998 llle
2588 2958 2720 2998 vero
2768 2946 2862 3014 qui
2911 2944 3154 2999 afﬁrmat
3215 2948 3576 3015 hypostaseos
3623 2942 3756 2996 Uni-

2172 3034 2338 3103 geniti
2378 3035 2755 3089 characterem
2805 3044 2859 3089 et
2893 3043 3080 3090 notam
3132 3052 3278 3097 esse,
3316 3042 3410 3105 per
3444 3035 3755 3103 generatio-

2172 3139 2298 3178 nem
2349 3139 2416 3177 ex
2478 3123 2639 3178 Patre
2687 3140 2834 3187 esse,
2873 3124 3148 3194 quomodo
3200 3123 3398 3178 Filium
3454 3110 3754 3192 ingenitum

2172 3214 2541 3282 pronuntiat?
2584 3213 2910 3283 Quanquam
2968 3232 3032 3269 ex
3083 3215 3284 3284 placito
3322 3226 3529 3279 vestro,
3581 3230 3615 3269 o
3662 3228 3752 3268 sa-

2174 3307 2413 3376 pientes.
2442 3306 2685 3376 quandiu
2717 3305 2917 3360 Filium
2958 3321 2986 3359 a
3016 3305 3180 3360 Patre
3215 3321 3310 3373 per
3341 3306 3752 3375 generationem

498 3400 860 3470 μαινομένων,
888 3400 982 3453 καὶ
1008 3401 1170 3463 αὑτὸς
1194 3402 1486 3471 ἁγέννητος
1514 3403 1717 3473 κυρίως
1764 3402 2070 3473 ὀνομασθή-

2174 3413 2292 3452 esse
2322 3399 2561 3466 negatis,
2610 3414 2717 3451 una
2744 3396 2978 3467 quadam
3007 3396 3407 3467 signiﬁcatione
3436 3412 3501 3450 ex
3532 3397 3600 3450 iis
3633 3410 3755 3464 quae

496 3510 668 3545 σεται.
711 3492 928 3563 Ἐπειδὴ
970 3492 1079 3562 γὰρ
1104 3494 1171 3546 τὰ
1209 3494 1307 3563 μὲν
1350 3494 1661 3564 τικτόμενα,
1690 3494 1759 3547 τὰ
1797 3494 1854 3548 δὲ
1899 3511 2069 3547 κατα-

497 3585 870 3655 σκευαζόμενα
899 3585 1129 3654 γίνεται.
1164 3586 1223 3639 τὸ
1255 3586 1330 3657 μὴ
1357 3586 1444 3639 διὰ
1467 3589 1771 3656 γεννήσεως
1799 3585 2069 3655 ὑφεστὼς,

493 3678 647 3731 οὐδὲν
676 3677 873 3731 κωλύει
905 3679 1218 3747 ἀγεννήτως
1245 3675 1539 3745 ὑφεστάναι
1582 3677 1781 3745 λέγειν,
1810 3677 1949 3730 κατά
1974 3677 2071 3747 μό-

496 3782 584 3817 νον
611 3764 672 3818 τὸ
701 3765 801 3835 τῆς
823 3766 1128 3835 γεννήσεως
1157 3765 1573 3835 σημαινόμενον.
1604 3764 1775 3818 Τοῦτο
1802 3764 1859 3817 δὲ
1887 3766 1915 3817 6
1938 3764 2070 3834 ὑμέ-

494 3873 652 3926 τερος
681 3857 807 3926 περὶ
839 3855 933 3908 τοῦ
959 3856 1161 3925 Κυρίου
1190 3854 1586 3918 κατασκευάζει
1614 3855 1788 3923 λόγος,
1816 3856 1844 3907 ὀ
1866 3856 2072 3925 κτίσμα

493 3944 629 3999 εἶναι
658 3946 1041 4016 διοριζόμενος.
1079 3947 1285 3999 Οὐκοῦν
1317 3945 1439 3999 καθ’
1472 3946 1635 4015 ὑμᾶς,
1668 3940 1713 3999 ὦ
1746 3945 2064 4014 σοφώτατοι,

494 4036 787 4108 ἀγέννητος
820 4039 849 4089 6
879 4038 1187 4108 Μονογενὴς
1222 4040 1285 4091 ὲκ
1318 4040 1417 4109 τῆς
1455 4038 1710 4109 τοιαύτης
1752 4039 2071 4104 ἀκολουθίας

494 4130 944 4201 ὁνομασθήσεται,
980 4132 1040 4183 ού
1074 4130 1293 4184 κατὰτὸ
1322 4130 1585 4201 ἡμέτερον
1619 4130 1821 4201 δόγμα·
1854 4132 1946 4186 καὶ
1976 4133 2068 4185 εὑ-

498 4222 743 4292 ρίσκεται
772 4223 900 4291 ὑμῖν
929 4222 961 4291 ἡ
987 4221 1131 4290 δίκη,
1159 4222 1351 4291 ἥντινα
1394 4222 1487 4274 καὶ
1534 4221 1711 4289 λέγεις
1748 4222 1924 4292 δίκην,
1958 4225 2077 4285 τοῖς,

496 4314 780 4385 ὑμετέροις
806 4312 924 4367 καθ’
957 4312 1113 4383 ήμῶν
1141 4313 1558 4381 ἐπιψηφίζουσα,

565 4584 833 4653 Εὗκαιρον
867 4582 974 4652 γὰρ
1008 4583 1071 4634 ἐκ
1098 4579 1192 4634 τοῦ
1227 4580 1484 4651 βορϐόρου
1518 4581 1625 4634 τῶν
1659 4582 1874 4641 ἐκεῖθεν,
1896 4580 2070 4649 λόγων

496 4676 837 4750 προσπτύσαι
866 4677 931 4744 τῇ
976 4673 1221 4745 βδελυρίᾳ
1248 4672 1342 4726 τοῦ
1368 4674 1635 4744 δόγματος
1655 4692 1667 4704 ·
1702 4675 1795 4728 καὶ
1836 4676 1945 4743 γάρ
1976 4676 2071 4729 καὶ

493 4772 556 4823 τὸ
579 4770 763 4838 ἕτερον
786 4767 948 4837 μέρος
969 4764 1074 4818 τῶν
1103 4764 1244 4818 κατὰ
1268 4765 1328 4817 τὸ
1351 4766 1595 4836 δίλημμα
1621 4766 1880 4821 τεθέντων
1900 4767 2068 4838 αὐτῷ,

493 4863 591 4932 τῆς
628 4860 749 4929 ἴσης
796 4858 972 4928 ἔχεται
1022 4855 1421 4927 παραπληξίας.
1473 4859 1551 4913 Ἦ
1568 4859 1736 4926 μίαν,
1774 4858 1924 4928 φησὶ,
1969 4859 2067 4912 καὶ

488 4954 687 5023 μόνην
723 4948 988 5016 ἅναρχω·
1030 4946 1464 5014 ὁμολογοῦντες
1501 4949 1720 5000 οὐσίαν
1740 4988 1755 5013 ,
1783 4945 1911 5001 εἶτα
1941 4950 2070 5002 ταύ-

492 5060 608 5110 την
641 5042 729 5105 εὶς
761 5038 991 5103 Πατέρα
1042 5036 1137 5089 καὶ
1176 5037 1314 5089 Υἱὸν
1368 5036 1444 5105 τῇ
1485 5038 1765 5106 γεννήσει
1799 5037 2069 5107 περιγρά-

493 5151 730 5204 φοντες,
759 5131 953 5198 αὐτὴν
983 5130 1116 5197 παρ’
1138 5129 1357 5196 ἑαυτῆς
1377 5129 1731 5199 γεγενῆσθαι
1759 5131 1872 5197 τὴν
1894 5131 2065 5200 ἀγέν-

492 5242 682 5293 νητον
726 5223 944 5277 οὐσίαν
989 5218 1232 5288 φήσετε.
1282 5220 1376 5284 Τίς
1423 5219 1561 5288 αὕτη
1617 5220 1776 5274 πάλιν
1825 5223 1857 5292 ή
1914 5220 2073 5290 καινὴ

492 5313 880 5388 πρωτολογίας
921 5312 1034 5374 πῶς
1083 5310 1242 5371 αὑτός
1290 5328 1374 5373 τις
1420 5310 1510 5377 ὑφ’
1550 5310 1740 5363 ἑαυτοῦ
1795 5313 2070 5379 γεννᾶται,

496 5409 685 5463 ἑαυτὸν
714 5405 933 5477 Πατέρα
969 5406 1127 5474 ἔχων,
1160 5404 1251 5456 καὶ
1281 5403 1405 5466 Υἱὸς
1436 5403 1624 5456 ἑαυτοῦ
1658 5404 1817 5457 πάλιν
1853 5405 2069 5476 γινόμε-

496 5516 621 5563 νος;
661 5498 757 5561 Τίς
809 5498 841 5565 ἡ
887 5496 1111 5559 ναυτία;
1146 5495 1310 5562 Τίςή
1364 5494 1688 5563 παραφορά;
1736 5494 2068 5565 Στρέφεσθαι

498 5592 709 5653 ἑαυτοῖς
739 5590 829 5641 ἐπὶ
854 5587 915 5640 τὸ
942 5588 1090 5639 κάτω
1116 5585 1205 5637 τὸν
1231 5585 1446 5653 ὄροφον,
1473 5587 1565 5638 καὶ
1593 5588 1730 5657 ὑπὲρ
1752 5588 1989 5656 κεφαλῆς
2011 5588 2071 5640 τὸ

498 5680 692 5748 ἔδαφος
721 5679 897 5748 ἕχειν;
935 5678 999 5730 Ὃ
1032 5678 1080 5728 οἱ
1112 5676 1215 5728 ὑπὸ
1246 5675 1415 5746 μέθης
1447 5676 1884 5748 καρηϐαροῦντες
1922 5678 2071 5747 νομί-

501 5769 685 5836 ζουσι,
714 5771 806 5823 καὶ
836 5767 1019 5839 βοῶσι,
1055 5768 1146 5821 καὶ
1173 5766 1541 5827 διατείνονται,
1552 5768 1685 5837 μήτε
1716 5768 1812 5837 τὴν
1840 5769 1943 5838 γῆν
1972 5770 2064 5823 αὑ-

500 5867 611 5927 τοῖς
643 5862 972 5931 πεπηγέναι,
1015 5860 1232 5929 φεύγειν
1261 5878 1316 5913 τε
1350 5861 1439 5914 καὶ
1469 5860 1593 5924 τοὺς
1622 5861 1862 5933 τοίχους,
1892 5864 1983 5916 καὶ
2012 5865 2067 5915 ἐν

2174 3489 2490 3545 innascibili
2528 3488 2926 3558 subjiciuntur,
2974 3488 3091 3557 ipse
3123 3488 3287 3542 etiam
3318 3485 3490 3541 Filius
3531 3501 3755 3556 pr0pr.e

2174 3583 2521 3638 innascibilis
2561 3579 2959 3635 nominabitur.
2993 3560 3129 3633 cum
3167 3578 3314 3632 enim
3350 3578 3458 3631 alia
3502 3577 3752 3646 quaedam

2173 3682 2525 3744 generentur,
2558 3674 2665 3726 alia
2704 3672 2773 3726 ab
2804 3680 2921 3725 arte
2950 3668 3339 3731 conﬁciantur,
3384 3668 3516 3721 nihil
3548 3667 3750 3727 obstat.

2171 3765 2467 3835 quominus
2520 3764 2593 3829 id,
2645 3763 2791 3832 quod
2838 3777 2933 3831 per
2973 3761 3384 3831 generationem
3428 3774 3536 3813 non
3573 3758 3749 3813 subsiv

2173 3858 2288 3920 stit,
2317 3856 2557 3926 ingenile
2589 3855 2894 3910 subsistere
2924 3853 3192 3911 dicamus,
3227 3851 3342 3906 sola
3383 3849 3754 3919 generationis

2173 3946 2576 4017 signiﬁcatione
2603 3943 2974 3998 considerata.
3002 3940 3120 3995 Iluc
3146 3955 3274 3995 vero
3303 3949 3481 3994 vestra
3505 3938 3753 3993 doctrina

2174 4039 2455 4100 collineat,
2489 4044 2680 4105 utpote
2714 4050 2837 4103 qua:
2866 4032 3157 4085 Dominum
3194 4030 3464 4087 creaturis
3487 4044 3753 4083 annume-

2172 4138 2276 4184 ret.
2319 4130 2489 4199 Igitur
2519 4127 2823 4183 secundum
2858 4142 2976 4182 νος.
3014 4140 3046 4177 o
3077 4122 3502 4193 sapientissimi,
3546 4122 3751 4188 Unige-

2172 4223 2323 4278 nitus
2356 4220 2637 4291 ingenitus
2679 4235 2745 4273 ex
2788 4217 2883 4270 tali
2923 4216 3316 4270 consecutione
3360 4215 3750 4273 nominabitur,

2172 4331 2281 4369 non
2331 4329 2397 4367 ex
2429 4312 2683 4382 dogmate
2729 4320 2919 4364 nostro
2954 4329 2967 4363 :
3000 4316 3053 4362 et
3095 4308 3174 4363 sic
3200 4306 3418 4377 justitia
3460 4322 3557 4360 seu
3624 4306 3748 4361 Dice

2174 4406 2279 4476 (sic
2310 4404 2456 4459 enim
2484 4402 2794 4473 appellatis)
2853 4408 3048 4453 contra
3086 4414 3188 4453 nos
3211 4414 3276 4452 ex
3306 4397 3505 4451 vestris
3541 4406 3753 4450 sentcn-

2175 4498 2304 4551 tiam
2338 4497 2566 4567 profert.

2242 4587 2617 4657 Opportunum
2646 4583 2755 4653 jam
2788 4591 3003 4652 tempus
3038 4591 3141 4645 est,
3162 4590 3221 4635 ut
3250 4597 3313 4635 ex
3344 4580 3600 4635 sordibus
3632 4595 3752 4633 ora—

2174 4677 2974 4745 tioniseluctati,conspuamus
2988 4675 3165 4744 ipsum
3184 4673 3521 4728 exsecrabile
3533 4674 3748 4743 dogma:

2174 4786 2301 4826 nam
2330 4778 2385 4827 et
2414 4770 2586 4823 altera
2617 4783 2746 4837 pars
2799 4782 3011 4829 eorum,
3056 4780 3178 4835 quae
3210 4780 3309 4834 per
3335 4766 3592 4819 dilemma
3624 4780 3751 4832 pro-

2167 4861 2318 4924 tulit,
2344 4862 2510 4916 simili
2540 4860 2762 4914 vesania
2788 4867 3027 4913 tenetur.
3063 4858 3150 4910 Ait
3180 4857 3350 4922 enim,
3408 4858 3487 4910 vel
3517 4872 3676 4909 unam
3703 4866 3751 4909 et

2167 4952 2337 5006 solam
2414 4953 2662 5019 principii
2711 4959 2975 5019 expertem
3034 4948 3389 5003 substantiam
3442 4957 3748 5009 statuentes,

2167 5053 2571 5115 eamquepostea
2606 5043 2767 5096 Patre
2799 5051 2845 5095 et
2883 5040 3024 5094 Filio
3049 5040 3561 5101 circumscribentes,
3583 5041 3751 5108 ipsam

2168 5136 2534 5192 innascibilem
2564 5136 2918 5190 substantiam
2960 5152 2991 5189 a
3030 5135 3206 5203 seipso
3260 5144 3444 5187 natam
3465 5152 3579 5189 esse
3603 5150 3750 5188 asse-

2165 5231 2305 5284 ritis.
2343 5230 2473 5295 Quae
2501 5238 2585 5284 est
2611 5229 2714 5283 ista
2750 5229 2948 5282 iterum
2975 5228 3111 5282 adeo
3149 5242 3289 5281 nova
3312 5235 3365 5282 et
3401 5239 3751 5282 monstruosa

2175 5322 2390 5377 oratio?
2432 5321 2717 5387 Quomodo
2767 5320 2966 5390 aliquis
3022 5336 3053 5373 a
3108 5322 3292 5391 seipso
3353 5323 3616 5383 nascitur,
3666 5323 3749 5374 sui

2176 5415 2352 5484 ipsius
2402 5411 2560 5469 Pater
2599 5412 2798 5472 factus,
2834 5427 2886 5467 et
2940 5429 3133 5469 rursus
3192 5415 3275 5470 sui
3338 5415 3511 5483 ipsius
3542 5412 3753 5468 Filius?

2179 5506 2311 5572 Qua:
2343 5514 2426 5559 est
2464 5504 2579 5557 ha‘c
2610 5503 2849 5557 nausea?
2882 5519 3003 5573 qua:
3022 5504 3299 5557 amentia?
3338 5511 3539 5558 tectum
3576 5504 3749 5563 humi,

2169 5607 2224 5653 et
2253 5598 2621 5666 pavimentum
2653 5610 2821 5664 supra
2852 5603 3017 5664 caput
3074 5596 3369 5657 collocare,
3421 5594 3568 5665 quod
3609 5595 3748 5649 ebrii

2169 5688 2349 5757 capite
2376 5686 2583 5756 gravati
2612 5686 2716 5741 sibi
2746 5686 3029 5755 obtingere
3068 5694 3376 5749 autumant,
3403 5686 3498 5755 qui
3552 5687 3750 5742 vocife—

2167 5783 2359 5831 rantur
2395 5786 2449 5831 ct
2506 5776 2854 5846 pertendunt,
2912 5791 3087 5845 neque
3142 5784 3340 5829 terram
3384 5776 3485 5831 sibi
3541 5777 3748 5830 ﬁrmam

2168 5868 2729 5933 consistercmarictcs
2761 5867 2967 5935 fugere,
3008 5869 3057 5920 in
3091 5866 3276 5922 orhcm
3296 5868 3480 5923 omnia
3509 5868 3747 5923 circum.
