4146 6370
382 422 489 482 405
1646 428 1704 484 S.
1749 426 1973 482 GREGU

2075 427 2077 479 ζ
2116 424 2413 481 NYSSENI
3553 420 3657 476 to;

383 543 493 611 agi,
548 558 649 597 nec
709 546 832 612 qua:
866 551 1131 614 apparent
1163 544 1345 613 quiete
1382 546 1487 598 ulla
1514 544 1766 599 stabiliri.
1805 543 1966 599 Forte

2075 542 2260 613 κύκλῳ.
2298 540 2690 613 περιδινεῖσθαι
2725 542 2792 593 τὰ
2835 539 3032 600 πάντα,
3084 537 3178 591 καὶ
3214 534 3482 608 μηδεμίαν
3516 534 3656 604 ἔχειν

386 635 481 687 tali
543 644 681 690 aestu
758 637 1067 692 concitatus
1143 639 1363 708 scripsit
1437 639 1772 693 declamator
1845 654 1967 709 quae

385 725 626 795 scripsit,
663 728 757 798 qui
789 729 1169 783 misericordia
1198 734 1369 799 magis
1411 747 1574 799 quam
1607 730 1967 786 detestatione

384 814 582 884 dignus
609 828 714 871 cst.
734 816 866 883 Quis
889 821 1032 874 enim
1055 836 1225 890 usque
1248 822 1381 874 adeo
1409 822 1718 875 divinorum
1742 823 1965 892 dogma-

386 913 500 959 tunt
521 908 671 963 rudis
690 918 795 973 est,
820 912 941 980 quis
962 912 1029 964 ab
1046 912 1300 967 Ecclesia:
1328 912 1577 966 doctrina
1603 924 1709 968 tam
1730 914 1963 978 alienus,

389 1006 447 1050 ut
498 999 813 1068 hujusmodi
877 1002 998 1056 ﬁdei
1063 1004 1346 1060 adversam
1384 1008 1845 1061 existimationem
1908 1008 1963 1060 in

387 1089 630 1145 animum
667 1110 825 1151 suum
869 1097 1150 1151 admittat?
1204 1099 1312 1154 imo
1342 1102 1523 1168 potius
1589 1100 1729 1155 forte
1772 1101 1964 1154 dicen-

387 1181 516 1235 dum
541 1183 664 1246 erit,
701 1186 973 1240 neminem
1017 1198 1287 1257 repertum
1321 1192 1405 1246 iri.
1435 1192 1521 1245 cui
1559 1193 1642 1245 vel
1703 1193 1834 1247 levis
1875 1208 1966 1245 su-

388 1272 563 1341 spicio
592 1275 660 1329 de
691 1277 787 1329 tali
830 1279 1170 1335 absurditate
1198 1283 1483 1338 oboriatur
1514 1303 1526 1337 :
1592 1300 1717 1338 nam
1757 1284 1881 1353 quis
1909 1286 1963 1339 in

388 1372 581 1418 natura
614 1367 871 1435 humana,
904 1372 985 1426 vel
1009 1374 1114 1426 alia
1137 1375 1390 1444 quapiam
1417 1392 1475 1429 re
1512 1376 1670 1432 nobis
1701 1393 1964 1432 sensuum

388 1456 693 1512 ministerio
724 1468 873 1525 nota,
908 1478 1030 1517 cum
1083 1475 1290 1520 natura:
1320 1468 1760 1523 communionem
1789 1469 1962 1532 audit,

391 1548 644 1619 principii
674 1554 913 1621 expertia
942 1558 1125 1609 omnia
1150 1558 1237 1610 illa
1266 1558 1460 1624 credit,
1503 1576 1623 1629 qua:
1645 1560 1967 1615 substantiae

391 1640 595 1695 ambitu
628 1645 992 1710 continentur,
1051 1660 1143 1702 aut
1180 1650 1381 1719 aliquid
1415 1667 1477 1704 ex
1544 1653 1724 1721 seipso
1768 1654 1920 1707 nasci
1950 1673 1964 1708 :

391 1740 445 1786 et
471 1750 729 1800 generare
756 1737 918 1791 simul
954 1740 1213 1808 seipsum,
1240 1751 1293 1796 et
1327 1759 1355 1796 a
1393 1744 1572 1811 seipso
1598 1745 1845 1814 generari
1887 1760 1971 1799 as-

391 1827 561 1882 serit?

462 1919 682 1976 Primus
731 1924 913 1987 homo,
972 1932 1026 1977 et
1056 1925 1148 1992 qui
1185 1940 1250 1978 ex
1289 1926 1380 1977 illo
1407 1926 1623 1994 genitus
1673 1935 1758 1980 est
1789 1927 1965 1996 (Abel)

389 2012 759 2069 diversimode
793 2030 954 2069 suum
1003 2030 1127 2070 esse
1163 2016 1344 2085 adepti
1388 2027 1536 2078 sunt,
1581 2017 1717 2071 alter
1748 2018 1969 2087 quidem

389 2116 457 2156 ex
511 2104 898 2173 conjunctione
920 2109 1400 2175 parentum,alter
1463 2123 1590 2161 vero
1642 2124 1709 2162 ex
1768 2108 1968 2163 forma-

392 2192 541 2247 tione
596 2201 775 2259 terraz,
803 2202 857 2250 et
914 2204 1094 2251 tamen
1150 2198 1257 2252 duo
1290 2214 1413 2254 esse
1457 2208 1773 2266 censentur,
1809 2215 1873 2254 ac
1914 2202 1969 2255 in

393 2286 605 2342 ratione
636 2297 692 2342 et
728 2288 952 2343 notione
983 2291 1306 2346 substantia:
1336 2300 1529 2346 mutuo
1558 2308 1667 2347 non
1705 2309 1967 2364 separan-

390 2387 503 2445 tur,
537 2395 715 2449 neque
764 2382 902 2436 duas
929 2384 1266 2438 substantias
1300 2385 1553 2455 principii
1583 2396 1834 2455 expertes
1865 2388 1969 2441 sibi

389 2472 637 2540 opposite
679 2473 969 2542 productas
1035 2478 1398 2545 appellamus,
1466 2493 1643 2547 neque
1676 2495 1803 2534 eum
1871 2481 1966 2550 qui

390 2572 496 2626 est,
553 2564 623 2619 ab
683 2565 778 2620 illo
836 2568 928 2635 qui
986 2576 1105 2629 est,
1167 2572 1413 2639 generari
1472 2571 1730 2636 dicimus,
1794 2588 1972 2642 neque

391 2673 559 2712 unum
612 2673 712 2729 pro
748 2659 965 2715 duobus
1001 2661 1285 2727 habemus,
1327 2665 1785 2732 quemadmodum
1845 2682 1970 2736 por-

390 2750 731 2821 tentiloquus
772 2753 874 2807 iste
938 2752 1089 2818 facit,
1144 2762 1202 2808 ut
1247 2756 1331 2810 sui
1386 2759 1562 2826 ipsius
1624 2767 1861 2827 putrem,
1916 2766 1970 2813 et

389 2856 584 2898 rursus
643 2845 725 2898 sui
763 2844 936 2914 ipsius
1000 2847 1169 2901 ﬁlium
1236 2856 1529 2917 utrumque
1581 2850 1966 2905 aestimemus:

397 2935 643 2989 homines
675 2937 818 2990 enim
849 2944 998 3001 sunt,
1024 2949 1077 2991 et
1098 2938 1206 3001 hic,
1240 2948 1293 2993 et
1327 2940 1434 3005 ille,
1462 2949 1515 2994 et
1544 2942 1683 2995 ratio
1712 2942 1971 2997 substan-

393 3028 481 3081 tia)
520 3024 1123 3084 ambobus'communis
1157 3038 1261 3085 est.
1302 3030 1545 3086 Mortalis
1588 3040 1837 3101 uterque,
1877 3048 1969 3086 ra-

394 3120 538 3172 tione
571 3119 830 3188 przeditus
862 3120 1169 3189 aequaliter,
1207 3124 1405 3176 mentis
1441 3130 1494 3175 et
1523 3124 1767 3178 scientiae
1797 3139 1969 3194 capax

2068 634 2136 685 τὰ
2167 634 2465 704 φαινόμενα
2510 635 2719 686 στάσιν.
2754 633 2906 701 Τάχα
2941 630 3119 701 τοίνυν
3156 632 3213 683 ἐν
3239 627 3465 697 τοιούτῳ
3511 627 3657 693 σάλῳ

2067 725 2165 796 τὴν
2192 725 2369 796 ψυχὴν
2398 724 2535 796 ἔχων
2557 727 2586 776 6
2612 724 2968 794 λογογράφος,
3000 722 3303 803 συνέγραφε
3324 736 3337 749 ·
3372 720 3467 772 καὶ
3488 717 3657 771 ἐλεεῖν

2070 818 2336 889 προσήκει
2378 816 2577 887 μᾶλλον
2633 818 2726 869 ἐπὶ
2774 818 2884 877 τοῖς
2929 813 3333 885 γεγραμμένοις
3391 809 3585 872 αὐτὸν,
3629 808 3655 877 Tr‘,

2070 909 2467 980 βδελύττεσθαι.
2512 909 2608 971 Τίς
2656 908 2762 979 γὰρ
2811 906 2954 959 οὐτω
3006 906 3113 959 τῶν
3166 904 3327 956 θείων
3369 901 3657 971 δογμάτων

2074 1004 2341 1074 ἀνήκοος;
2377 1003 2473 1066 Τίς
2505 1000 2647 1055 οὕτω
2682 1000 2871 1071 πόρῤω
2896 998 3003 1052 τῶν
3032 998 3130 1067 τῆς
3185 993 3509 1065 Ἐκκλησίας
3552 1010 3655 1062 μυ-

2077 1093 2314 1164 στηρίων
2360 1094 2541 1158 ἐστὶν,
2574 1092 2649 1155 ὡς
2680 1092 2779 1160 τὴν
2823 1089 3078 1159 τοιαύτην
3127 1088 3331 1141 ἔννοιαν
3374 1082 3516 1137 κατά
3556 1082 3657 1151 τῆς
3740 1114 3744 1119 ι

2075 1185 2310 1248 πίστεως
2335 1184 2623 1249 δέξασθαι,
2658 1182 2875 1237 Μᾶλλον
2907 1180 2964 1234 δὲ
3000 1179 3194 1251 μικρὸν
3229 1180 3360 1239 ἴσως
3390 1175 3451 1228 τὸ
3483 1171 3657 1226 τοιοῦ-

2071 1292 2163 1327 τον
2191 1276 2387 1343 λέγειν,
2419 1275 2480 1327 τὸ
2514 1274 2715 1345 μηδένα
2741 1272 2881 1326 κατά
2904 1272 3003 1341 τῆς
3039 1271 3272 1331 πίστεως
3298 1268 3397 1339 τὴν
3427 1267 3655 1320 ἀτοπίαν

2071 1365 2278 1438 ταύτην
2327 1367 2658 1436 ὑπονοῆσαι·
2709 1364 2845 1418 ἀλλά
2891 1363 2972 1425 τίς
3023 1362 3114 1416 ἐπὶ
3161 1364 3260 1431 τῆς
3310 1356 3658 1429 ἀνθρωπίνης

2075 1456 2310 1523 φύσεως,
2343 1456 2377 1528 ἢ
2411 1456 2570 1510 ἄλλου
2602 1456 2745 1518 τινὸς
2775 1454 2884 1507 τῶν
2919 1454 2986 1506 δι’
3020 1452 3326 1523 αἰσθήσεως
3370 1448 3656 1517 καταλαμ-

2044 1606 2047 1609 ,
2076 1549 2416 1617 ὅανομένων,
2450 1548 2667 1602 ἐπειδὰν
2694 1548 2757 1600 τὸ
2784 1547 2960 1601 κοινὸν
2995 1547 3094 1617 τῆς
3130 1545 3316 1608 οὐσίας
3348 1542 3585 1612 ἀκούσῃ,
3617 1540 3652 1610 ἢ

2074 1640 2282 1709 ἄναρχοι
2309 1641 2525 1694 ὑπονοεῖ
2548 1641 2724 1694 πάντα
2750 1640 2850 1693 ὅσα
2876 1639 2952 1710 τῷ
2978 1639 3121 1709 λόγῳ
3145 1638 3244 1708 τῆς
3278 1637 3465 1698 οὐσίας
3491 1632 3654 1703 ἀλλή’·

2074 1730 2187 1795 λοις
2224 1733 2580 1803 συμφέρεται,
2609 1732 2642 1803 ἢ
2670 1731 2799 1784 αὐτό
2821 1749 2873 1785 τι
2900 1732 2958 1798 ἐξ
2987 1728 3181 1783 ἐαυτοῦ
3212 1727 3454 1797 γίνεσθαι
3482 1724 3650 1793 λέγει,

2004 1863 2047 1917 Β
2077 1824 2168 1876 καὶ
2212 1823 2416 1876 τίκτειν
2447 1823 2561 1893 ἅμα
2604 1824 2764 1876 ἐαυτὺ
2813 1823 2907 1875 καὶ
2955 1823 3044 1891 ὐφ’
3088 1820 3278 1874 ἐαυτοῦ
3322 1816 3651 1889 γεννᾶσθαι;

2158 1916 2214 1968 Ὁ
2248 1915 2461 1985 πρῶτος
2493 1915 2799 1986 ἄνθρωπος,
2840 1915 2934 1967 καὶ
2978 1916 3007 1966 6
3041 1912 3100 1978 ἐξ
3142 1913 3349 1966 ἐκείνου
3394 1908 3651 1979 γεγονὼς,

2071 2004 2340 2074 διαφόρως
2388 2007 2636 2076 ἑκάτεροι
2667 2005 2729 2058 τὸ
2772 2001 2909 2058 εἴναι
2954 2003 3186 2074 ἔχοντες,
3217 2005 3246 2056 6
3277 2002 3374 2072 μὲν
3415 2003 3479 2053 ἐκ
3530 2016 3654 2051 συν-

2070 2098 2310 2168 δυασμοῦ
2344 2098 2451 2151 τῶν
2479 2100 2711 2167 γονέων,
2748 2101 2776 2152 6
2802 2099 2859 2151 δὲ
2901 2102 2967 2151 ἐκ
3005 2098 3107 2167 τῆς
3135 2095 3228 2149 τοῦ
3259 2092 3493 2167 Χριστοῦ
3525 2092 3656 2145 δια-

2072 2189 2341 2253 πλάσεως,
2374 2190 2467 2242 καὶ
2493 2190 2586 2242 δύο
2606 2185 2744 2242 εἷναι
2775 2188 3145 2251 πιστεύονται,
3176 2188 3271 2240 καὶ
3291 2185 3366 2256 τῷ
3392 2184 3533 2253 λόγῳ
3557 2181 3656 2250 τῆς

2072 2280 2258 2343 οὐσίας
2280 2279 2372 2334 ἀπ’
2395 2280 2636 2351 ἀλλήλων
2660 2281 2720 2333 οὐ
2747 2280 3138 2351 διασχίζονται·
3166 2280 3259 2331 καὶ
3283 2276 3404 2330 οὐτε
3430 2276 3655 2345 ἄναρχοι

2071 2372 2163 2425 δύο
2190 2372 2369 2425 οὐσίαι
2396 2373 2651 2443 ἀλλήλαις
2676 2370 3204 2443 ἀντιπαρεξάγεσθαι
3232 2370 3503 2437 λέγονται,
3530 2365 3655 2419 οὐτε

2072 2458 2153 2526 εἷς
2185 2465 2233 2515 οί
2265 2463 2357 2516 δύο
2387 2465 2516 2517 ποτέ
2540 2464 2839 2535 ἐνοήθησαν
2870 2466 2925 2516 ἐν
2958 2466 3025 2533 τῇ
3054 2460 3275 2530 τοιαύτῃ
3301 2458 3655 2531 τερατολογίᾳ

2073 2558 2164 2609 τοῦ
2207 2557 2401 2624 λόγου,
2450 2557 2524 2619 ὡς
2569 2555 2760 2609 ἐαυτοῦ
2832 2557 3045 2623 πατέρα
3107 2553 3201 2607 καὶ
3252 2552 3441 2605 ἑαυτοῦ
3493 2552 3655 2605 πάλιν

2072 2650 2187 2703 υἱὸν
2230 2648 2571 2718 ἀμφοτέρους
2602 2645 2955 2718 νομίζεσθαι·
2989 2645 3274 2718 ἅνθρωπος
3302 2645 3411 2716 γὰρ
3441 2645 3534 2698 καὶ
3567 2640 3657 2698 οὐ·

2072 2755 2163 2801 τος
2183 2740 2483 2801 ’”κάκεῖνο,
2516 2740 2609 2791 καὶ
2641 2740 2670 2791 6
2725 2738 2882 2807 λόγος
2922 2739 3021 2808 τῆς
3067 2738 3253 2800 οὐσίας
3286 2738 3378 2790 ἐπὶ
3423 2736 3530 2789 τῶν
3563 2735 3656 2788 δύο

2072 2830 2277 2895 κοινὸς,
2317 2830 2508 2901 θνητὸς
2559 2831 2854 2901 ἑκάτερος,
2888 2830 3103 2898 λογικὸς
3145 2830 3376 2900 ὁμοίως,
3427 2827 3517 2881 νοῦ
3562 2827 3656 2881 καὶ

2073 2926 2384 2994 ἐπιστήμης
2412 2924 2656 2987 δεκτικὸς
2691 2923 2971 2985 ὡσαύτως.
3008 2924 3072 2976 Εἰ
3109 2918 3200 2976 οὖν
3240 2923 3268 2974 ὁ
3301 2924 3400 2991 τῆς
3437 2919 3651 2991 ἀνθρω-

2073 3015 2304 3083 πότητος
2353 3013 2508 3081 λόγος
2556 3015 2647 3066 ἐπὶ
2697 3013 2791 3067 τοῦ
2846 3014 3017 3083 Ἀδὰμ
3074 3014 3170 3068 καὶ
3219 3011 3312 3065 τοῦ
3358 3011 3524 3064 Ἀὄελ
3574 3010 3653 3081 τῷ

2080 3106 2521 3179 παρηλλαγμένῳ
2570 3108 2668 3177 τῆς
2727 3107 3036 3177 γεννήσεως
3090 3106 3188 3177 οὐχ
3254 3104 3654 3159 ὐπαλλάσσεται

393 3208 671 3264 similiter.
700 3209 755 3262 Si
789 3210 954 3278 igitur
984 3212 1122 3264 ratio
1154 3220 1363 3266 natura;
1407 3213 1659 3266 humanm
1687 3215 1738 3267 in
1766 3215 1973 3269 Adamo

2079 3200 2352 3270 (οὐδεμίαν
2398 3197 2521 3251 οὐτε
2569 3199 2666 3269 τῆς
2719 3198 2945 3265 τάξεως,
2982 3197 3105 3251 οὐτε
3157 3197 3249 3250 τοῦ
3301 3197 3501 3266 τρόπου
3558 3197 3656 3264 τῆς

392 3301 447 3347 et
480 3295 665 3356 Abele,
699 3296 771 3350 ob
804 3299 1010 3350 varium
1067 3301 1435 3368 generationis
1467 3302 1710 3365 modum,
1743 3319 1849 3357 non
1879 3322 1975 3360 va-

396 3386 590 3452 riatur,
621 3387 824 3441 nullam
843 3404 1016 3458 neque
1037 3389 1230 3445 ordine
1254 3408 1430 3456 neque
1456 3393 1615 3448 modo
1638 3397 1974 3451 exsistentiae

395 3480 752 3533 mutationem
783 3488 992 3533 natura:
1044 3481 1341 3536 inferente:
1371 3484 1462 3537 sed
1500 3486 1755 3540 similiter
1790 3489 1975 3542 omnia

394 3585 517 3625 sese
548 3571 771 3637 habent,
809 3576 1087 3627 connnuni
1143 3574 1387 3628 omnium
1434 3591 1646 3643 eorum,
1680 3579 1772 3647 qui
1805 3580 1976 3634 sobrii

395 3672 546 3725 sunt,
588 3663 846 3735 sulTragio
867 3674 919 3720 et
955 3681 1182 3721 aSsensu
1222 3686 1235 3721 :
1297 3683 1475 3736 neque
1505 3669 1672 3733 ullus,
1731 3672 1822 3740 qui
1864 3689 1975 3728 non

394 3755 745 3810 vehementer
768 3756 1046 3811 helleboro
1079 3767 1255 3828 egeat,
1288 3769 1552 3830 repugnet
1580 3778 1593 3814 :
1629 3778 1752 3831 qua:
1783 3779 1977 3820 neces-

394 3848 531 3903 sitas
559 3850 695 3905 istos
727 3852 890 3921 cogit,
924 3860 982 3904 ut
1031 3852 1084 3905 in
1136 3864 1329 3907 natura
1361 3854 1565 3922 divina,
1602 3857 1974 3927 prodigiosum
2026 3900 2027 3903 η

395 3942 539 3997 istud
575 3955 942 3998 commentum
972 3945 1436 4001 architectentur?
1460 3947 1675 4001 Patrem
1701 3960 1751 4003 et
1778 3949 1975 4005 Filium

393 4033 645 4089 veritatis
682 4050 817 4092 voce
869 4051 993 4089 cum
1045 4037 1322 4101 audimus,
1377 4039 1433 4091 in
1462 4038 1675 4096 duabus
1707 4042 1977 4110 subjectis

396 4127 648 4195 personis
679 4127 945 4182 unitatem
978 4137 1185 4183 naturae
1214 4130 1390 4184 edocti
1424 4146 1637 4193 sumus,
1670 4145 1703 4186 a
1737 4135 1971 4190 vocabu-

396 4218 464 4272 lis
503 4220 825 4272 naturaliter
882 4228 1103 4290 pr0pter
1155 4216 1399 4276 mutuum
1434 4224 1501 4277 ad
1534 4240 1594 4278 se
1646 4237 1976 4293 respectum,

397 4308 781 4378 signiﬁcatam,
842 4318 896 4364 et
949 4309 1017 4363 ab
1050 4310 1169 4379 ipso
1198 4310 1413 4367 Domini
1454 4315 1791 4369 testimonio.
1844 4315 1976 4371 Nam

396 4398 489 4469 qui
522 4397 658 4453 dixit
692 4398 843 4469 :Ego
881 4409 929 4453 et
959 4400 1116 4455 Pater
1154 4418 1315 4456 unum
1339 4421 1523 4458 sumus
1541 4405 1584 4438 ³⁸
1608 4447 1621 4471 ,
1663 4408 1792 4476 quid
1834 4409 1980 4463 aliud

399 4487 623 4549 indicat,
656 4488 762 4542 nisi
816 4504 875 4543 se
911 4489 1087 4543 Patris
1138 4492 1413 4545 mentione
1467 4492 1632 4554 facta,
1696 4496 1957 4565 principii

2078 3291 2366 3361 ὑπάρξεως
2402 3294 2468 3362 τῇ
2511 3291 2669 3360 φύσει
2707 3292 2806 3360 τὴν
2842 3290 3197 3361 παραλλαγὴν
3238 3286 3655 3359 ἐμποιούντων),

2075 3383 2189 3437 ἀλλ’
2227 3382 2486 3447 ὡσαύτως
2520 3384 2675 3455 ἔχεινξ
2698 3387 2764 3455 τῇ
2802 3386 2953 3455 κοινῇ
2986 3384 3094 3437 τῶν
3130 3382 3407 3454 νηφόντων
3448 3398 3654 3450 συγκα-

2074 3477 2291 3530 ταθέσει
2320 3477 2714 3547 διωμολόγηται
2750 3477 2876 3544 (καὶ
2899 3477 3071 3541 οὐδεὶς
3094 3476 3334 3529 ἀντείποι
3354 3475 3548 3545 τούτῳ,
3581 3474 3657 3546 μὴ

2078 3569 2284 3641 σφόδρα
2313 3569 2405 3622 τοῦ
2435 3568 2719 3641 ἐλλεϐόρου
2755 3567 3042 3639 δεόμενος)
3064 3585 3076 3597 ’
3103 3569 3184 3632 τίς
3213 3569 3246 3638 ὴ
3272 3567 3484 3636 ἀνάγκη
3515 3566 3657 3619 κατὰ

2074 3660 2173 3729 τῆς
2222 3658 2370 3723 θείας
2410 3658 2624 3728 φύσεως
2665 3659 2726 3712 τὸ
2772 3659 3080 3731 παράλογον
3133 3658 3289 3710 τοῦτο
3317 3661 3415 3727 τῆς
3450 3657 3657 3720 ἐννοίας

2076 3752 2613 3818 κατασκευάζεσθαι;
2675 3752 2895 3823 Πατέρα
2977 3752 3070 3805 καὶ
3129 3750 3274 3804 ιΥίδν
3334 3749 3483 3820 παρά
3554 3748 3655 3817 τῆς

2076 3844 2329 3915 ἀληθείας
2360 3844 2689 3908 ἀκούσαντες
2714 3883 2728 3907 ,
2768 3846 2825 3897 ἐν
2862 3844 2954 3897 δύο
2985 3846 3096 3907 τοῖς
3129 3842 3511 3912 ὑποκειμένοις
3555 3841 3655 3909 τὴν

2078 3939 2302 4007 ἑνότητα
2330 3938 2429 4007 τῆς
2451 3936 2661 4007 φύσεως
2695 3936 3069 4007 ἐδιδάχθημεν,
3099 3937 3201 3989 ὐπό
3230 3953 3290 3988 τε
3321 3935 3429 3989 τῶν
3459 3936 3659 4005 ὀνομά-

2076 4047 2184 4081 των
2212 4028 2451 4097 φυσικῶς
2475 4029 2562 4082 διά
2592 4030 2690 4099 τῆς
2726 4030 2862 4099 πρὸς
2902 4029 3105 4097 ἄλληλα
3133 4029 3368 4098 σχέσεως
3396 4044 3658 4098 σημαινο-

2083 4120 2395 4191 μένης.νκαὶ
2433 4122 2524 4173 ὐπ’
2568 4122 2738 4191 αὐτῆς
2770 4121 2929 4174 πάλιν
2964 4122 3060 4190 τῆς
3090 4118 3183 4172 τοῦ
3215 4118 3420 4190 Κυρίου
3452 4123 3654 4189 φωνῆς.

2092 4210 2149 4261 Ὀ
2175 4210 2283 4280 γὰρ
2310 4207 2499 4273 εἰπὼν,
2537 4208 2684 4277 Ἐγὼ
2707 4208 2805 4261 καὶ
2827 4211 2858 4262 ό
2880 4208 3083 4276 Πατὴρ
3111 4208 3180 4260 ἒν
3202 4208 3407 4277 ἐσμεν,
3426 4209 3478 4261 τί
3509 4208 3657 4272 ἄλλο,

2080 4300 2112 4370 ἦ
2145 4300 2205 4352 τό
2234 4317 2293 4352 τε
2331 4301 2405 4370 μὴ
2437 4302 2669 4371 ἄναρχον
2701 4297 2893 4351 ἑαυτοῦ
2926 4297 3014 4350 διὰ
3043 4298 3142 4367 τῆς
3175 4298 3266 4350 τοῦ
3298 4297 3507 4367 Πατρὸς
3532 4297 3660 4366 ὁμο·-

2080 4391 2267 4459 λογίας
2288 4392 2645 4463 παρίστησιν,
2673 4391 2767 4444 καλ⁸
2790 4391 2850 4442 τὸ
2881 4388 3054 4442 κοινὸν
3081 4390 3180 4458 τῆς
3211 4390 3422 4457 φύσεως
3451 4387 3539 4440 διὰ
3561 4388 3660 4457 τῆς

2082 4482 2215 4554 πρὸς
2245 4482 2336 4535 τὸν
2378 4482 2594 4551 Πατέρα
2633 4482 2901 4551 ἐνότητος,
2938 4479 3014 4541 ὠς
3045 4478 3110 4531 ἂν
3133 4473 3411 4549 οἷμαι,διά
3435 4478 3542 4530 τῶν
3584 4479 3662 4530 εἰ-

396 4591 671 4650 expertem
699 4594 806 4633 non
847 4596 990 4644 esse,
1042 4598 1210 4651 seque
1247 4598 1369 4635 cum
1409 4586 1599 4639 eodem
1629 4602 1973 4643 communem

2088 4577 2335 4646 ρημένων
2357 4574 2459 4644 τῆς
2486 4576 2569 4644 ἐφ’
2597 4572 2831 4643 ἑκατέρα
2862 4573 2971 4625 τῶν
2992 4572 3250 4643 αἱρέσεων
3306 4569 3665 4641 παρατροπῆς

397 4681 651 4726 naturam
684 4673 906 4735 habere,
953 4682 1176 4743 propter
1209 4678 1464 4731 unionem
1497 4694 1619 4731 cum
1679 4679 1875 4734 Patre?
1915 4679 1981 4735 Ut

396 4765 703 4820 existimem
727 4766 1000 4835 praedictis
1027 4765 1227 4821 Christi
1250 4769 1433 4823 verbis
1451 4770 1517 4823 ab
1541 4773 1886 4827 exerratione
1914 4775 1980 4829 ad

398 4866 692 4925 utrumque
728 4865 1058 4922 extremum,
1095 4873 1283 4912 sanam
1330 4859 1634 4915 doctrinam
1683 4864 1735 4917 in
1765 4879 1863 4918 sua
1892 4882 1985 4935 pu-

397 4952 562 5003 ritate
588 4951 925 5013 conservari,
960 4958 1019 5004 ut
1040 4967 1216 5022 neque
1242 4953 1465 5008 Sabellii
1526 4971 1681 5009 error
1715 4972 1981 5025 persona-

400 5060 521 5097 rum
556 5043 966 5099 distinctionem
997 5052 1051 5098 et
1083 5047 1467 5116 proprietatem
1495 5064 1525 5102 e
1561 5050 1739 5102 medio
1760 5051 1980 5116 tollens,

398 5137 578 5190 locum
630 5135 893 5200 inveniat,
930 5153 1054 5190 cum
1089 5137 1415 5207 Unigenitus
1449 5154 1635 5209 aperte
1662 5158 1783 5198 sese
1812 5160 1841 5197 a
1875 5145 1978 5199 Pa-

399 5238 482 5284 tre
514 5227 879 5288 discriminet.
928 5228 1057 5281 dum
1090 5230 1164 5281 ait
1200 5228 1343 5298 :Ega
1396 5240 1445 5283 et
1486 5230 1645 5285 Pater
1689 5251 1849 5287 unum
1888 5254 1980 5288 su-

398 5335 515 5370 mus
552 5332 570 5370 :
609 5333 783 5386 neque
812 5318 975 5372 etiam
1027 5319 1139 5370 Arii
1192 5320 1435 5386 pertidia,
1474 5324 1705 5376 alienam
1744 5336 1796 5378 et
1828 5342 1984 5395 pere-

398 5412 610 5481 grinam
646 5424 896 5463 naturam
950 5410 1318 5478 introducens,
1358 5417 1804 5481 approbationmn
1869 5434 1980 5470 me—

404 5512 604 5563 reatur,
642 5501 1076 5570 uniuscujusque
1127 5504 1338 5555 unitate
1394 5506 1596 5556 nullam
1665 5509 1881 5575 penitus
1925 5509 1979 5562 in

402 5603 596 5649 natura
627 5593 952 5649 divisionem
985 5594 1321 5648 admittente.
1379 5596 1521 5649 Nihil
1550 5599 1694 5652 enim
1747 5600 1892 5654 aliud
1926 5604 1978 5656 in

402 5686 506 5741 hac
531 5688 782 5743 oratione
808 5703 902 5757 per
930 5688 1194 5742 unitatem
1226 5687 1406 5743 Patris
1445 5698 1497 5744 et
1528 5688 1651 5744 Filii
1707 5693 1980 5762 signiﬁca-

485 5862 526 5893 "
550 5863 705 5918 Joau.
737 5882 791 5931 κ,
832 5866 900 5919 50

2085 4669 2113 4719 ὁ
2140 4668 2240 4737 τῆς
2268 4668 2503 4731 πίστεως
2538 4665 2817 4736 καθαρεύῃ
2850 4665 3024 4734 λόγος’
3064 4665 3200 4735 μήτε
3234 4663 3329 4716 τοῦ
3370 4661 3658 4714 Σαϐελλίου

2086 4759 2269 4829 χώραν
2290 4759 2502 4829 ἔχοντος
2552 4761 2631 4823 εἰς
2674 4759 2933 4829 σύγχυσιν
2977 4758 3131 4825 ἄγειν
3162 4754 3259 4825 τὴν
3289 4754 3397 4806 τῶν
3427 4753 3665 4806 ὐποστάο

2088 4867 2225 4905 σεων
2260 4851 2493 4921 ἰδιότητα
2512 4893 2527 4917 ,
2571 4849 2817 4921 φανερῶς
2848 4850 2940 4902 τοῦ
2972 4846 3306 4917 Μονογενοῦς
3337 4845 3527 4899 ἐαυτὸν
3556 4846 3663 4899 ἀπὸ

2084 4942 2178 4996 τοῦ
2207 4943 2416 5014 Πατρὸς
2441 4943 2832 5013 διακρίναντος,
2874 4944 2930 4993 ὲν
2962 4941 3039 5010 τῷ
3072 4943 3243 4993 εἰπεῖν
3264 4958 3277 4971 ν
3324 4937 3468 5008 Ἐγὼ
3498 4938 3595 4990 καὶ
3629 4940 3662 4991 ό

2087 5037 2322 5105 Πατήρ·
2353 5038 2486 5107 μήτε
2515 5036 2608 5089 τοῦ
2655 5035 2860 5107 Ἀρείου
2882 5036 2943 5087 τὸ
2974 5033 3118 5097 ξένον
3144 5032 3243 5102 τῆς
3265 5032 3478 5100 φύσεως
3506 5047 3665 5083 κατα-

2090 5128 2379 5192 σκευάζειν
2434 5127 2728 5198 ἰσχύοντος,
2766 5128 2826 5179 οὐ
2862 5124 3225 5195 προσιεμένης
3256 5122 3355 5193 τὴν
3386 5121 3524 5175 κατὰ
3556 5121 3661 5189 φύ-

2088 5239 2171 5272 σιν
2218 5220 2499 5293 διαίρεσιν.
2540 5221 2703 5273 Οὐδέν
2738 5220 2845 5289 γὰρ
2874 5218 2999 5271 ἄλλο
3031 5218 3083 5269 τί
3116 5219 3258 5268 ἐστιν
3302 5217 3358 5266 ἐν
3404 5213 3479 5283 τῷ
3520 5213 3663 5281 λόγῳ

2087 5314 2295 5384 τούτῳ,
2327 5314 2386 5366 τὸ
2431 5313 2517 5365 διὰ
2566 5314 2665 5380 τῆς
2708 5312 2955 5380 ἐνότητος
2997 5311 3086 5362 ἐπὶ
3136 5308 3347 5377 Πατρὺς
3397 5307 3490 5358 καὶ
3534 5304 3662 5357 Υἱοῦ

2090 5406 2504 5474 σημαινόμενον,
2537 5405 2674 5474 πλὴν
2708 5404 2851 5457 κατά
2876 5402 2973 5473 τὴν
3009 5402 3193 5454 οὐσίαν
3220 5398 3420 5467 αὐτήν·
3453 5394 3519 5448 τὰ
3556 5394 3662 5463 γὰρ

2087 5496 2247 5549 λοιπά
2282 5497 2387 5549 τῶν
2433 5497 2650 5563 ἀγαθῶν
2685 5498 2785 5549 ὅσα
2821 5494 3197 5564 ἐπιθεωρεῖται
3226 5494 3290 5560 τῇ
3322 5489 3480 5558 φύσει
3512 5484 3666 5539 κοινά

2089 5590 2407 5659 προκεῖσθαι
2440 5592 2602 5642 πᾶσιν
2632 5588 2798 5642 εἰπών
2823 5606 2924 5651 τις,
2959 5588 3049 5640 καὶ
3079 5587 3188 5647 τοῖς
3211 5583 3295 5636 διὰ
3323 5582 3552 5642 κτίσεως
3580 5593 3665 5645 γε-

2089 5690 2426 5760 γενημένοις,
2461 5690 2557 5757 οὐχ
2600 5686 2991 5757 ἁμαρτήσεται·
3041 5679 3165 5735 Οἷον
3212 5679 3525 5748 οἰκτίρμων
3563 5673 3663 5729 καὶ
