4146 6370
423 468 528 524 H35

1548 474 1827 532 CONTRA
1863 475 2258 546 EUNOMIUM,
2300 480 2426 535 LIB.
2463 480 2506 539 1.

3591 475 3708 545 ’ωδ

422 587 696 656 ἐλεήμων
749 590 776 641 ό
828 590 1030 660 Κύριος
1083 593 1234 666 παρὰ
1286 593 1380 647 τοῦ
1427 589 1711 667 Προφὴτου
1763 597 2004 666 λέγεται.

2113 606 2226 654 tum
2258 610 2364 668 est,
2396 603 2500 658 nisi
2532 603 2786 660 essentne
2825 620 2921 659 seu
2956 613 3167 660 natura:
3198 613 3382 662 unitas
3419 626 3432 660 :
3463 607 3703 678 reliquas

420 679 606 732 Ταῦτα
652 678 896 749 βούλεται
934 681 1096 737 πάλιν
1127 685 1156 736 ὁ
1195 685 1399 752 Κύριος
1443 686 1538 739 καὶ
1567 690 1715 758 ἡμᾶς
1751 687 2011 756 ,γίνεσθαι

421 771 514 823 καὶ
551 771 948 840 ὀνομάζεσθαι·
999 775 1255 830 Γίνεσθε
1299 779 1407 848 γὰρ
1449 780 1850 847 οἰκτίρμονες,
1891 780 2004 844 καὶ,

423 861 712 931 Μακάριοι
740 867 794 918 οί
829 865 1176 935 ἐλεήμονες,
1213 869 1307 940 καί¹
1339 871 1440 923 ὅσα
1467 872 1709 924 τοιαῦταζ
1735 867 1863 941 τΑρ’
1893 867 2007 935 οῦν,

421 950 578 1014 εἴτις
608 951 696 1005 διὰ
732 954 1007 1026 προσοχῆς
1047 958 1141 1009 καὶ
1184 958 1498 1028 ἐπιμελείας
1535 959 1614 1030 τῷ
1655 960 1786 1030 θείῳ
1818 959 2011 1030 βουλή-

425 1059 555 1110 ματι
606 1043 800 1098 ἑαυτὸν
854 1047 1168 1116 ὁμοιώσας,
1220 1050 1423 1118 ἀγαθὸς
1474 1050 1507 1121 ἢ
1561 1053 1864 1122 οἰκτίρμων
1916 1057 2010 1110 καὶ

421 1134 667 1204 ἐλεήμων
699 1134 941 1203 ἐγένετο,
981 1137 1014 1208 ἢ
1047 1141 1219 1208 πρᾷος
1258 1141 1351 1193 καὶ
1392 1141 1645 1205 ταπεινὸς
1682 1145 1747 1213 τῇ
1790 1141 2006 1213 καρδίᾳ,

420 1223 602 1288 καθὼς
631 1227 1082 1299 μεμαρτύρηνται
1105 1230 1289 1284 πολλοὶ
1321 1232 1427 1285 τῶν
1457 1232 1627 1301 ἁγίων
1653 1233 1711 1284 ἐν
1737 1233 1850 1296 τοῖς
1877 1249 2009 1302 προ-

419 1316 553 1387 τερή
563 1334 693 1386 μασι
717 1318 924 1382 τούτοις
950 1322 1250 1391 γενόμενοι·
1283 1324 1434 1396 παρὰ
1459 1324 1617 1378 τοῦτο
1642 1325 1700 1378 ἓν
1727 1325 1834 1377 εἰσι
1869 1325 2004 1394 πρὸς

421 1407 511 1460 τὸν
545 1406 696 1468 Θεὸν,
728 1407 760 1478 ἢ
808 1409 898 1463 διά
941 1427 1087 1474 τινος
1117 1413 1321 1468 τούτων
1367 1414 1503 1485 πρὸς
1535 1416 1696 1469 αὑτὸν
1738 1415 2008 1468 συναπτό-

428 1517 614 1568 μενοι;
653 1503 765 1554 Οὐκ
802 1502 935 1556 ἔστι.
985 1504 1059 1557 Τὸ
1099 1505 1207 1576 γὰρ
1263 1507 1336 1577 μὴ
1395 1508 1455 1560 ὲν
1506 1509 1639 1561 πᾶσι
1677 1507 1894 1572 ταύτὸν,
1950 1506 2008 1559 ἓν

423 1586 561 1644 εἶναι
586 1593 721 1661 πρὸς
741 1594 831 1646 τὸν
858 1599 924 1666 τῇ
958 1596 1116 1664 φύσει
1135 1597 1526 1668 διηλλαγμένον
1547 1600 1606 1652 οὐ
1635 1598 1877 1652 δύναται.
1910 1599 2009 1652 Διὰ

420 1681 580 1734 τοῦτο
610 1683 891 1754 ἄνθρωπος
933 1686 1069 1756 πρὸς
1096 1687 1381 1758 ἄνθρωπον
1412 1688 1470 1742 ἓν
1494 1689 1723 1758 γίνεται,
1755 1690 1884 1741 ὅταν
1919 1687 2006 1740 διὰ

422 1776 816 1847 προαιρέσεως,
844 1779 1024 1844 καθὼς
1046 1777 1197 1835 εἶπεν
1222 1783 1249 1834 ὁ
1273 1781 1476 1853 Κύριος
1494 1825 1508 1847 ,
1533 1780 1889 1835 τελειωθῶσιν
1923 1782 2002 1843 εἰς

421 1867 486 1919 τὸ
522 1867 602 1927 ἒν,
651 1870 747 1939 τῆς
776 1873 1010 1944 φυσικῆς
1045 1874 1332 1944 συναφείας
1372 1874 1472 1946 τὴν
1513 1875 1649 1926 κατὰ
1687 1872 2003 1942 προαίρεσιν

2111 695 2260 748 enim
2300 711 2496 752 omnes
2527 697 2862 761 affectiones,
2895 713 3016 767 quae
3050 698 3103 751 in
3127 705 3325 753 natura
3363 700 3542 754 inesse
3567 717 3697 755 cer-

2113 797 2338 852 nuntur,
2364 789 2410 843 si
2439 789 2562 858 quis
2595 789 2758 842 etiam
2793 788 2957 844 rebus
2984 789 3187 845 creatis
3221 805 3545 845 communes
3581 805 3704 846 esse

2111 877 2277 943 dicat,
2316 896 2424 933 non
2455 881 2753 934 aberrahit.
2789 878 2954 935 Verbi
2987 881 3183 950 gratia,
3222 879 3488 935 Dominus
3517 883 3704 952 appel-

2112 967 2301 1023 latura
2319 969 2644 1041 Propheta“
2680 972 2958 1025 miserator
2972 983 3020 1026 et
3044 972 3362 1027 misericors.
3389 976 3454 1026 At
3482 973 3616 1033 hate,
3646 982 3705 1027 ut

2111 1060 2431 1128 elliciamur,
2462 1070 2516 1116 et
2550 1064 2906 1132 appellemur,
2966 1063 3232 1120 Dominus
3275 1068 3555 1136 praecepit.
3594 1066 3699 1120 Es-

2112 1161 2239 1219 tote,
2263 1154 2457 1223 inquit,
2481 1154 2914 1219 misericordes”,
2933 1149 3182 1210 ειεΒεαιί
3199 1157 3631 1222 misericordes”.
3650 1165 3705 1212 ει

2112 1246 2164 1299 id
2189 1261 2362 1316 genus
2411 1248 2540 1301 alia.
2577 1249 2633 1301 Si
2687 1248 2854 1318 igitur
2894 1247 3098 1318 aliquis
3156 1249 3427 1304 industria
3483 1261 3536 1305 et
3571 1267 3704 1304 cura

2116 1353 2241 1392 cmn
2273 1338 2457 1394 divina
2480 1341 2758 1395 voluntate
2787 1356 2847 1396 se
2880 1341 3257 1404 conformans,
3286 1345 3463 1398 bonus
3488 1353 3581 1397 aut
3609 1345 3705 1397 mi-

2111 1437 2341 1491 serator.
2371 1440 2464 1486 aut
2497 1432 2815 1489 misericors
2845 1434 3040 1499 evasit,
3100 1443 3196 1488 aut
3254 1436 3426 1498 mitis,
3473 1447 3567 1488 aut
3603 1436 3706 1488 hn-

2110 1523 2258 1578 milis
2307 1523 2495 1588 corde,
2534 1534 2698 1594 prout
2729 1525 2882 1579 multi
2919 1542 2982 1579 ex
3028 1535 3346 1582 sanctorum
3385 1541 3617 1582 numero
3650 1529 3700 1578 in

2113 1616 2196 1670 his
2236 1617 2459 1672 dotibus
2493 1619 2824 1674 excellentes
2877 1629 3174 1686 testantur,
3203 1638 3331 1674 num
3373 1621 3492 1673 ideo
3532 1639 3700 1674 unum

2115 1717 2241 1761 sunt
2263 1723 2386 1762 cum
2422 1708 2547 1772 Deo,
2574 1719 2667 1762 aut
2691 1727 2784 1779 per
2807 1712 3046 1781 aliquam
3079 1729 3141 1766 ex
3179 1712 3271 1765 his
3323 1713 3545 1767 dotibus
3576 1731 3698 1766 cum

2115 1801 2236 1870 ipso
2267 1800 2550 1868 copulati?
2603 1800 2775 1856 Seeus
2806 1819 2865 1858 se
2906 1821 2990 1858 res
3023 1804 3201 1858 habet.
3237 1803 3370 1857 Nam
3411 1805 3556 1873 quod
3591 1821 3698 1857 non

2115 1895 2165 1945 in
2189 1891 2445 1947 oumibus
2478 1909 2643 1945 unum
2675 1903 2778 1956 est,
2817 1895 2960 1949 haud
2988 1903 3164 1962 potest
3191 1911 3358 1948 unum
3421 1911 3546 1949 esse
3575 1913 3698 1947 cum

423 1960 654 2050 ἑνότητα
680 1965 1115 2038 προσλαϐούσης.
1143 1969 1252 2021 Καὶ¹
1279 1969 1310 2022 ὁ
1358 1965 1548 2036 Πατὴρ
1592 1963 1686 2017 καὶ
1722 1965 1750 2017 ὁ
1795 1963 1921 2026 Υἱὸς
1949 1963 2008 2016 ἓν

2113 1984 2283 2038 altero
2316 1992 2514 2038 natura
2546 2000 2573 2036 a
2603 2001 2661 2040 se
2690 1985 2971 2040 distincto.
3006 1986 3355 2057 QuaprOpter
3382 1987 3546 2040 homo
3572 2003 3697 2040 cum

425 2054 532 2106 εἶσι
557 2095 571 2116 ς
620 2058 718 2126 τῆς
754 2057 896 2110 κατά
929 2059 1028 2129 τὴν
1065 2058 1224 2128 φύσιν
1255 2058 1346 2112 καὶ
1390 2057 1488 2128 τὴν
1529 2056 1848 2127 προαίρεσιν
1892 2073 2006 2108 κοι-

424 2146 620 2210 νωνίας
650 2151 730 2212 είς
776 2150 836 2203 τὸ
868 2151 925 2204 ἓν
961 2152 1390 2224 συνδραμούσης.
1438 2155 1501 2208 Ei
1532 2153 1588 2207 δὲ
1621 2152 1699 2223 τῷ
1744 2152 2008 2222 θελήματι

429 2237 576 2308 μόνῳ
618 2241 1062 2312 συνηρμοσμένος
1101 2245 1240 2296 κατὰ
1275 2245 1373 2316 τὴν
1417 2245 1578 2313 φύσιν
1605 2244 1847 2314 διῄρητο,
1893 2241 2010 2306 πῶς

421 2329 724 2402 ἐμαρτύρει
767 2332 942 2403 ἐαυτῷ
974 2335 1071 2404 τὴν
1113 2336 1248 2405 πρὸς
1284 2337 1376 2390 τὸν
1423 2337 1642 2408 Πατέρα
1680 2335 1903 2404 ἑνότητα
1931 2333 2010 2404 τῷ

423 2423 744 2494 κυριωτάτῳ
775 2423 1178 2495 διεσχισμένος;

2107 2073 2329 2128 homine
2362 2090 2529 2129 unum
2577 2073 2656 2138 ﬁt,
2701 2076 2925 2145 quando
2958 2091 3052 2147 per
3103 2078 3461 2137 voluntatem.
3502 2087 3558 2130 ut
3594 2077 3701 2131 Do-

2104 2168 2290 2222 minus
2315 2170 2412 2232 ait,
2454 2168 2509 2221 in
2546 2185 2714 2222 unum
2750 2178 3229 2233 consummantur,
3271 2178 3324 2223 et
3359 2170 3698 2230 coalescunt.

2109 2259 2346 2312 naturali
2375 2257 2764 2326 conjunctione
2797 2260 3082 2324 unitatem,
3108 2274 3230 2328 qua:
3249 2275 3343 2328 per
3365 2259 3698 2313 voluntatem

2108 2360 2212 2410 est,
2244 2350 2620 2404 antecedente.
2646 2349 2712 2402 At
2743 2348 2903 2404 Pater
2929 2362 2982 2405 et
3009 2348 3178 2404 Filius
3211 2366 3382 2404 unum
3423 2360 3576 2412 sunt,
3612 2365 3696 2413 ea,

2115 2456 2235 2509 quae
2274 2439 2575 2494 secundum
2626 2449 2902 2505 naturam,
2933 2449 2986 2494 et
3023 2455 3086 2494 ea
3122 2455 3242 2509 quae
3275 2441 3575 2495 secundum
3607 2455 3692 2492 vo-

425 2517 689 2572 luntatem
721 2527 805 2574 est
840 2521 1228 2574 communione
1257 2520 1310 2574 in
1338 2521 1481 2577 idem
1521 2539 1907 2587 concurrente.
1943 2529 1998 2585 Si
2041 2547 2173 2586 vero
2203 2535 2318 2588 sola
2353 2534 2632 2589 voluntate
2659 2534 2867 2597 nnitus,
2903 2541 3100 2586 natura
3161 2548 3190 2587 a
3220 2531 3381 2586 Patre
3439 2531 3695 2586 diversus

423 2623 530 2680 est,
591 2616 867 2686 quomodo
901 2618 1151 2670 attribuit
1185 2618 1286 2672 sibi
1343 2620 1606 2676 unitatem
1661 2639 1784 2680 cum
1812 2627 1994 2692 Patre,
2037 2631 2322 2698 sejunctius
2357 2631 2412 2684 in
2443 2646 2509 2685 eo
2567 2631 2715 2699 quod
2748 2632 2986 2685 maxime
3018 2630 3298 2700 proprium
3324 2629 3448 2683 est?

508 2712 866 2777 ’Λκούσαντες
918 2713 1119 2778 τοίνυν,
1168 2714 1248 2766 ὅτι
1291 2715 1438 2784 Ἐγὼ
1489 2717 1586 2770 καὶ
1629 2723 1661 2774 ὀ
1707 2723 1912 2792 Πατὴρ
1937 2724 2007 2778 ἓν

423 2807 632 2874 ἐσμεν,
668 2805 727 2858 τό
760 2823 817 2858 τε
845 2803 903 2871 ἐξ
930 2806 1103 2859 αἰτίου
1151 2807 1242 2858 τὸν
1275 2807 1480 2878 Κύριον
1513 2810 1610 2863 καὶ
1651 2812 1713 2864 τὸ
1749 2816 1892 2868 κατὰ
1912 2817 2010 2886 τὴν

425 2898 586 2969 φύσιν
613 2899 1028 2970 ἀπαράλλακτον
1058 2899 1152 2952 τοῦ
1187 2898 1316 2951 Υίοῦ
1363 2900 1457 2953 καὶ
1485 2902 1579 2955 τοῦ
1615 2905 1828 2977 Πατρὸς
1857 2909 2014 2962 ἐπαι-

423 2990 693 3062 δεύθημεν
721 2995 786 3044 ὲκ
821 2991 920 3061 τῆς
952 2991 1164 3062 φωνῆς,
1195 2991 1295 3045 οὐκ
1318 2994 1398 3056 εἰς
1434 2992 1564 3059 μίαν
1597 2996 1893 3052 ὑπόστασιν
1911 3002 2010 3071 τὴν

425 3085 554 3156 περὶ
575 3084 754 3137 αὐτῶν
788 3084 994 3137 ἔννοιαν
1024 3084 1451 3153 συναλείφοντες,
1481 3086 1616 3140 ἀλλά
1646 3088 2011 3156 φυλάσσοντες

429 3175 527 3246 μὲν
555 3175 890 3247 διῃρημένην
943 3176 1042 3245 τὴν
1096 3175 1204 3227 τῶν
1257 3176 1611 3230 ὑποστάσεων
1649 3178 1906 3249 ἰδιότητα,
1948 3182 2008 3235 οὐ

427 3267 858 3342 συνδιαιροῦντες
890 3268 945 3320 δὲ
968 3270 1078 3330 τοῖς
1107 3267 1420 3339 προσώποις
1440 3268 1537 3338 τὴν
1557 3270 1654 3340 τῆς
1685 3272 1874 3336 οὐσίας
1895 3274 2008 3326 ἐνό-

423 3375 584 3430 τητα,
624 3359 698 3422 ὡς
718 3357 783 3412 ἂν
819 3358 892 3429 μὴ
922 3358 1014 3411 δύο
1060 3359 1346 3430 ἑτερογενῆ
1380 3361 1682 3430 πράγματα
1716 3364 1773 3416 ὲν
1801 3363 1881 3434 τῷ
1907 3364 2008 3434 τῆς

424 3452 600 3524 ἀρχῆς
632 3452 774 3522 λόγῳ
817 3451 1268 3521 ὑπολαμϐάνοιτο,
1309 3453 1403 3504 καὶ
1443 3451 1531 3505 διὰ
1569 3453 1727 3506 τοῦτο
1775 3456 2009 3527 πάροδον
2037 3440 2080 3498 C

424 3543 578 3598 λάϐοι
597 3543 704 3597 τῶν
745 3543 1056 3614 Μανιχαίων
1085 3544 1144 3596 τὸ
1173 3544 1350 3615 δόγμα
1377 3563 1390 3575 ·
1420 3545 1481 3598 τὸ
1507 3543 1615 3617 γὰρ
1642 3547 1879 3614 κτιστὺν,
1916 3550 2012 3602 καὶ

423 3636 486 3690 τὸ
518 3636 791 3700 άκτιστον,
831 3637 896 3688 ὲκ
934 3635 1223 3707 διαμέτρου
1257 3637 1393 3709 πρὸς
1428 3636 1634 3708 ἄλληλα
1657 3639 1754 3711 τὴν
1783 3640 1925 3694 κατὰ
1952 3640 2012 3693 τὺ

429 3729 825 3800 σημαινόμενον
879 3729 1194 3782 ἐναντίωσιν
1245 3729 1379 3800 ἔχει.
1429 3731 1492 3783 Ei
1540 3726 1634 3785 οῦν
1678 3731 1746 3784 τὰ
1766 3731 1857 3784 δύο
1893 3733 2012 3795 ταῖς

425 3821 620 3892 ἀρχαῖς
652 3819 895 3890 ταχθείη,
920 3819 1060 3872 κατὰ
1084 3813 1142 3872 τὸ
1170 3820 1390 3889 λεληθὸς
1427 3823 1556 3891 ἡμῖν
1582 3823 1610 3874 ὁ
1635 3820 2012 3892 Μανιχαῖσμὸς

425 3915 506 3975 εὶς
535 3913 633 3981 τὴν
689 3911 1014 3981 Ἐκκλησίαν
1051 3910 1143 3963 τοῦ
1192 3911 1327 3963 Θεοῦ
1376 3911 1823 3982 εἰσφθαρήσεται.
1856 3913 2014 3980 Λέγω

426 4005 483 4057 δὲ
513 4002 710 4065 ταῦτα,
752 4001 900 4073 ζήλῳ
937 4001 1044 4054 τῶν
1076 4002 1333 4054 ἐναντίων
1368 4002 1786 4073 περιεργότερον
1819 3999 2012 4065 κατεξ-

428 4095 636 4159 ετάζων
668 4095 757 4147 τὸν
799 4094 978 4163 λόγον.
1010 4094 1119 4147 Καὶ
1170 4093 1343 4156 οὐδεὶς
1378 4093 1443 4146 ἂν
1484 4094 1613 4156 ἴσως
1634 4093 1897 4156 ἀντείποι,
1938 4091 2013 4162 μὴ

428 4189 594 4256 ἐγγὺς
622 4186 713 4240 τοῦ
736 4185 942 4248 εἰκότος
967 4187 1064 4254 τὴν
1091 4184 1322 4254 θεωρίαν
1353 4184 1690 4255 προάγεσθαι
1713 4202 1725 4214 '
1754 4185 1836 4237 ὅτι
1862 4183 2014 4237 δυνα-

427 4279 523 4334 τοῦ
545 4279 695 4341 ὄντος
726 4276 821 4332 τοῦ
853 4276 1070 4331 κτιστοῦ
1093 4277 1233 4329 κατὰ
1254 4277 1314 4330 τὸ
1337 4273 1452 4329 ἴσον
1475 4277 1552 4348 τῷ
1574 4276 1834 4347 ἀκτίστῳ,
1863 4278 2014 4330 ἀντι-

434 4373 685 4446 στήσεταί
712 4389 828 4434 πως
851 4371 910 4424 τὸ
937 4371 1322 4442 ὲτερογενὲςτῇ
1357 4370 1514 4439 φύσει
1542 4369 1620 4439 τῷ
1650 4368 1724 4440 μὴ
1753 4367 2014 4432 ὡσαύτως

432 4467 626 4539 ἔχοντι.
651 4466 760 4519 Καὶ
780 4466 885 4526 ἓως
917 4463 982 4518 ἂν
1017 4464 1299 4534 μηθετέρῳ
1327 4462 1507 4515 αὐτῶν
1537 4462 1762 4534 ἐπιλίπῃ
1795 4465 1828 4534 ἡ
1851 4462 2013 4516 δύνα-

435 4581 549 4636 μις,
598 4564 678 4626 είς
725 4560 1052 4630 ἀσύμφωνόν
1077 4576 1199 4611 τινα
1224 4559 1410 4611 στάσιν
1453 4558 1588 4628 πρὸς
1609 4556 1814 4627 ἄλληλα
1835 4557 1903 4610 τὰ
1923 4557 2016 4610 δύο

429 4654 852 4725 διενεχθήσεται.
902 4651 1061 4704 Πᾶσα
1092 4651 1201 4721 γὰρ
1232 4650 1444 4718 ἀνάγκη
1478 4648 1812 4718 κατάλληλον
1851 4644 2012 4709 εἶναι,

2182 2725 2318 2779 Cum
2353 2726 2518 2797 igitur
2559 2727 2814 2781 audimus
2861 2725 3026 2779 illud:
3080 2723 3195 2794 Ego
3243 2736 3290 2778 et
3325 2723 3491 2776 Pater
3539 2739 3701 2777 unum

2111 2834 2330 2873 smnus:
2392 2827 2444 2872 et
2489 2811 2688 2872 Filium
2739 2832 2767 2870 a
2811 2817 3085 2888 principio
3131 2833 3276 2879 esse,
3334 2825 3388 2870 et
3429 2816 3608 2871 Patris
3647 2823 3702 2871 et

2115 2910 2234 2964 Filii
2269 2912 2647 2964 invariabilem
2689 2910 2741 2964 in
2773 2918 2968 2963 natura
2995 2910 3257 2962 unitatem
3287 2909 3698 2977 cognoscimus,

2114 3019 2222 3056 non
2255 3003 2398 3071 quod
2445 3003 2499 3055 in
2545 3016 2710 3054 unam
2751 2999 3074 3070 hypostasin
3107 2999 3230 3053 illos
3277 2998 3699 3060 contrahamus,

2119 3093 2214 3147 sed
2264 3093 2392 3162 quia
2433 3105 2650 3146 servata
2704 3091 2881 3145 divisa
2931 3105 3291 3157 personarum
3346 3090 3700 3159 proprietate,

2116 3199 2240 3238 cum
2297 3184 2544 3253 personis
2595 3182 2859 3237 unitatem
2911 3182 3168 3237 essentia!
3219 3198 3326 3235 non
3383 3182 3701 3246 dividimus,

2117 3292 2184 3329 ne
2214 3277 2339 3345 quis
2367 3275 2567 3330 diversi
2599 3277 2816 3346 generis
2843 3275 2983 3329 duas
3017 3292 3104 3329 res
3145 3290 3241 3344 pro
3274 3275 3555 3344 principiis
3581 3290 3703 3327 con-

2117 3370 2331 3435 stituat,
2367 3379 2420 3424 et
2449 3373 2523 3423 ita
2569 3369 2996 3422 Maniclncornm
3033 3377 3196 3423 sei-tae
3247 3367 3541 3420 fenestram
3578 3382 3704 3434 ape-

2111 3461 2258 3515 riat:
2327 3477 2452 3514 nam
2491 3469 2733 3513 creatum
2785 3470 2837 3512 et
2869 3461 3171 3512 increatum
3205 3474 3268 3510 ex
3311 3457 3582 3509 diametro
3614 3472 3703 3510 se-

2111 3553 2354 3607 cundum
2415 3553 2869 3621 signiﬁcationem
2929 3551 3030 3604 sibi
3085 3549 3317 3601 invicem
3376 3557 3699 3617 repugnant.

2112 3644 2167 3699 Si
2218 3645 2383 3715 igitur
2413 3644 2524 3696 duo
2562 3643 2615 3696 in
2649 3641 2935 3711 principiis
2986 3648 3365 3704 numerentur,
3411 3641 3615 3694 sensim
3648 3647 3703 3692 et

2110 3738 2277 3790 tacite
2310 3735 2758 3790 Manichaaisnzus
2788 3735 2842 3786 in
2871 3732 3169 3788 Eeclesiam
3198 3732 3418 3800 irrepet.
3458 3729 3567 3784 Ista
3604 3745 3704 3782 au-

2112 3838 2219 3881 tem
2272 3827 2418 3890 dico,
2459 3835 2514 3881 et
2569 3825 2884 3878 accuratius
2941 3823 3204 3876 doctrinae
3272 3820 3436 3891 hujus
3501 3836 3702 3873 arcana

2113 3920 2372 3984 discutio,
2427 3919 2578 3988 justo
2638 3919 2692 3970 in
2737 3917 3089 3971 adversarios
3141 3916 3258 3969 zelo
3311 3914 3604 3984 impulsus.
3636 3911 3704 3967 Et

2114 4012 2254 4065 forte
2293 4012 2418 4080 quis
2451 4009 2594 4063 haud
2632 4017 2856 4076 gravate
2877 4001 3146 4062 fatebitur
3196 4005 3701 4061 considerationem

2115 4113 2360 4156 nostram
2413 4100 2898 4155 verisimilitudine
2944 4099 3087 4152 haud
3119 4112 3342 4152 carere:
3401 4096 3530 4166 quia
3575 4110 3702 4147 cum

2113 4203 2358 4249 creatum
2419 4197 2661 4262 potentia
2719 4193 2918 4253 valeat,
2976 4191 3150 4260 aequis
3198 4188 3412 4242 viribus
3460 4189 3702 4240 increato

2112 4284 2496 4346 reluctabitur,
2557 4291 2818 4352 tanquam
2867 4282 3145 4336 diversum
3180 4289 3399 4340 natura,
3450 4277 3521 4335 ei,
3555 4276 3700 4342 quod

2114 4392 2301 4432 secum
2327 4376 2381 4429 in
2414 4384 2610 4429 natura
2647 4389 2756 4428 non
2784 4373 3062 4433 convenit,
3084 4381 3136 4425 et
3161 4385 3451 4442 quousque
3483 4369 3703 4437 utrique

2113 4470 2332 4523 illorum
2361 4468 2508 4522 vires
2541 4473 2862 4537 suppetunt,
2906 4465 2957 4517 in
3003 4461 3462 4518 irreconciliahile
3495 4461 3701 4514 bellum

2115 4561 2226 4614 duo
2279 4560 2387 4614 ista
2428 4557 2692 4611 incident.
2746 4556 3069 4610 Necessario
3108 4556 3252 4608 enim
3297 4552 3574 4607 fatendum
3619 4559 3704 4606 est

2115 4652 2453 4704 voluntatem
2513 4660 2939 4703 consentaneum
2992 4658 3045 4702 et
3093 4646 3429 4699 conformem
3491 4654 3704 4698 natura

431 4751 527 4805 καὶ
554 4748 760 4802 οἰκείαν
784 4744 1064 4815 ὁμολογεῖν
1096 4745 1160 4814 τῇ
1195 4743 1353 4812 φύσει
1396 4745 1492 4795 καὶ
1530 4741 1628 4812 τὴν
1662 4743 2011 4812 προαίρεσινο

2117 4759 2267 4800 esse:
2306 4755 2359 4798 et
2386 4745 2432 4797 si
2460 4759 2582 4814 qua:
2613 4742 2665 4794 in
2701 4751 2896 4794 natura
2924 4756 3028 4793 non
3056 4739 3404 4798 conveniant,
3435 4737 3487 4789 in
3516 4737 3705 4789 volun-

432 4844 527 4897 καὶ
564 4843 612 4895 εί
639 4837 910 4909 ἀνομοίως
926 4836 1096 4906 ἔχοιεν
1113 4833 1254 4888 κατὰ
1272 4835 1370 4904 τὴν
1386 4833 1568 4902 φύσιν,
1596 4832 1824 4904 ἀνόμοια
1868 4828 2009 4884 εἶναι

431 4936 525 4990 καὶ
545 4934 612 4987 τὰ
635 4931 916 5004 θελήματα
933 4950 946 4962 ο
970 4930 1070 4999 τῆς
1101 4929 1158 4982 δὲ
1181 4927 1462 4998 δυνάμεως
1488 4927 1572 4996 ἐφ’
1597 4927 1873 4996 ἑκατέρων
1892 4929 2012 4978 ἱκα-

430 5028 536 5090 νῶς
569 5023 822 5095 ἐχούσης,
869 5021 1151 5091 οὐδέτερον
1194 5020 1445 5089 ἀτονήσει
1495 5017 1632 5088 πρὸς
1675 5017 1773 5088 τὴν
1803 5017 2009 5087 ἐκπλή-

432 5138 601 5193 ρωσιν
630 5118 723 5171 τοῦ
749 5116 878 5170 ἰδίου
908 5115 1238 5184 θελήματος·
1279 5113 1373 5166 καὶ
1401 5114 1450 5166 εί
1473 5110 1722 5164 τοσοῦτον
1757 5111 2013 5180 ἑκάτερον

429 5212 646 5266 δύναιτο
677 5210 799 5262 ὅσον
824 5209 916 5261 καὶ
947 5206 1216 5277 βούλεται,
1249 5205 1328 5267 είς
1357 5203 1699 5274 ἀμφήριστον
1733 5201 2013 5272 ἑκατέροις

432 5303 466 5372 ἡ
494 5299 637 5371 ἀρχὴ
663 5299 1086 5366 καταστήσεται,
1111 5295 1190 5365 τῷ
1221 5293 1458 5348 ἀνενδεεί
1483 5293 1581 5362 τῆς
1608 5291 1893 5360 δυνάμεως
1931 5293 2010 5353 εἰς

432 5392 495 5445 τὸ
525 5392 816 5446 ἀντίπαλον
842 5389 1128 5460 προϊοῦσα.
1160 5388 1270 5440 Καὶ
1303 5384 1443 5438 οὕτω
1471 5385 1534 5437 τὸ
1561 5384 1666 5437 τῶν
1695 5386 2011 5455 Μανιχαίων

435 5483 609 5554 δόγμα
640 5481 1081 5554 παρεισδύσεται,
1126 5479 1218 5532 δύο
1260 5477 1422 5531 τινῶν
1467 5476 1722 5530 ἐναντίων
1764 5475 2012 5546 ἀλλήλοις

439 5577 496 5626 ὲν
528 5573 606 5644 τῷ
627 5574 769 5644 λόγῳ
786 5575 883 5641 τῆς
903 5571 1079 5642 ἀρχῆς
1102 5568 1516 5638 άντιφανέντων,
1539 5565 1617 5638 τῷ
1638 5566 2010 5620 διαλλάσσοντι

437 5665 538 5734 τῆς
562 5664 772 5734 φύσεως
808 5664 900 5716 καὶ
930 5663 1025 5732 τῆς
1048 5660 1418 5731 προαιρέσεως
1451 5659 1586 5729 πρὸς
1617 5659 1676 5712 τὸ
1696 5659 2010 5728 ἀντικείμε-

440 5776 530 5813 νον
576 5757 978 5829 διατμηθέντων
1003 5772 1015 5784 ·
1051 5757 1142 5807 καὶ
1166 5755 1372 5822 γίνεται
1401 5753 1581 5817 αὐτοῖς
1606 5754 1638 5824 ἡ
1661 5752 1760 5822 τῆς
1780 5750 2012 5806 ἐλαττὼ-

476 5937 479 5944 ’
551 5935 596 5968 ³⁸
636 5932 780 5990 Psal.
805 5949 902 5996 Cll,
932 5933 982 5987 8.
1063 5933 1104 5963 ³⁷
1131 5931 1260 5985 an.
1289 5946 1359 5995 vt,
1387 5930 1476 5985 56.
1555 5932 1601 5964 ³⁸
1640 5929 1831 5984 Matth.
1865 5944 1916 5994 v,
1949 5927 2000 5981 7.

1063 5933 1104 5963 ³⁷
1131 5931 1260 5985 an.
1289 5946 1359 5995 vt,
1387 5930 1476 5985 56.

2119 4837 2320 4891 tatibus
2366 4837 2527 4888 etiam
2564 4835 2910 4904 discrepare:
2965 4848 3088 4885 cum
3127 4843 3306 4884 autem
3360 4829 3415 4882 in
3472 4837 3704 4896 utroijue

2111 4944 2177 4982 ex
2213 4928 2333 4981 istis
2364 4936 2448 4982 sat
2499 4927 2570 4980 sit
2607 4926 2859 4996 potentia:
2898 4933 2952 4978 et
2987 4921 3288 4981 facultatis,
3337 4928 3592 4974 neutrum
3629 4920 3697 4972 ad

2113 5018 2348 5088 proprias
2377 5017 2680 5070 voluntatis
2710 5013 3118 5070 exsecutionem
3144 5011 3518 5074 cunctabitur,
3569 5017 3622 5063 et
3656 5009 3703 5062 si

2113 5108 2400 5177 quodlibet
2428 5117 2641 5160 tantum
2677 5114 2877 5175 potest,
2911 5113 3176 5175 quantum
3217 5103 3351 5162 vult,
3385 5102 3572 5169 utique
3599 5101 3700 5154 do-

2114 5201 2342 5254 minatio
2369 5215 2573 5269 anceps
2600 5201 2708 5263 liet,
2738 5209 2970 5268 utroque
2999 5198 3318 5250 inexhausta
3343 5194 3563 5247 virtutis
3588 5207 3703 5245 suae

2116 5295 2355 5362 potentia
2396 5294 2450 5346 in
2479 5291 2856 5347 adversarium
2877 5304 3094 5360 semper
3121 5289 3386 5342 irruente.
3426 5287 3504 5338 ha
3535 5283 3704 5337 Mani-

2117 5386 2392 5439 chaeorum
2424 5383 2617 5454 dogma
2653 5381 3042 5445 introducitur,
3071 5379 3162 5447 qui
3187 5379 3296 5432 duo
3326 5376 3569 5446 quaedam
3596 5375 3700 5429 sibi

2115 5477 2350 5531 invicem
2383 5475 2676 5537 contraria,
2705 5485 2756 5528 et
2784 5483 2893 5526 tam
2931 5481 3165 5537 natura),
3197 5486 3360 5540 quam
3394 5468 3700 5522 voluntatis

2117 5567 2440 5622 diversitate
2466 5565 2534 5619 ad
2564 5565 2818 5635 opposita
2847 5564 3146 5633 vergentia,
3173 5559 3441 5631 principia
3465 5557 3699 5623 cudunt,

2118 5661 2288 5732 ﬁtque
2335 5660 2443 5715 illis
2479 5660 2572 5713 illa
2615 5658 3002 5729 inaequalitatis
3040 5665 3094 5710 et
3123 5651 3522 5710 imminutionis
3550 5665 3694 5706 asse-

2117 5753 2349 5818 veratio,
2387 5751 2716 5824 principium
2778 5750 2845 5806 ad
2899 5748 3322 5803 Manichmorum
3387 5743 3698 5815 prodigiosa
