4146 6370
417 467 525 523 ι(ιῖ

1651 466 1707 518 S.
1750 462 2080 519 GREGORII
2119 460 2414 518 NYSSENI

3587 457 3691 509 408

422 584 658 653 placita:
709 597 834 635 nam
882 579 1076 648 dogma
1114 580 1431 648 (Eunomii)
1469 586 1680 634 natura:
1711 581 2001 635 diversita-

2136 598 2245 643 ἐως
2292 578 2603 647 κατασκευὴ
2656 577 2763 628 τῶν
2816 576 3171 647 Μανιχαῖκῶν
3214 574 3501 645 δογμάτων
3529 577 3692 646 ἀρχή.

421 685 528 727 tem
563 674 615 726 in
650 673 760 726 duo
808 671 1071 741 principia
1101 672 1269 724 creati
1315 678 1369 725 et
1414 672 1642 725 increati
1698 672 2004 730 rationibus

422 766 685 820 distincta
714 764 926 832 dividit,
961 773 1125 835 prout
1152 763 1263 834 jam
1291 764 1727 819 demonstratum
1758 774 1861 820 est.

498 944 566 995 At
609 942 746 995 forte
777 941 933 995 multi
964 949 1146 1005 erunt,
1185 942 1279 1009 qui
1321 941 1483 1011 hujus
1513 942 1780 998 doctrinae
1812 946 2007 1000 absur-

428 1034 673 1095 ditatem,
702 1033 867 1087 nimis
896 1032 1164 1088 violenter
1194 1034 1321 1087 hinc
1343 1034 1626 1088 collectam
1644 1043 1698 1087 et
1716 1033 2006 1089 deductam

429 1131 751 1188 causentur,
785 1130 1081 1193 optentque
1110 1125 1225 1179 inec
1256 1126 1475 1194 penitus
1504 1126 1558 1179 in
1592 1125 1805 1181 litteras
1836 1127 2009 1181 relata

431 1232 541 1269 non
569 1231 711 1270 esse.
747 1214 815 1269 At
851 1216 924 1271 sit
954 1216 1050 1282 ita,
1083 1232 1259 1286 neque
1287 1233 1389 1271 nos
1418 1218 1883 1274 contradicimus:
1913 1235 2012 1273 ne-

432 1322 538 1373 que
558 1307 704 1361 enim
728 1308 949 1376 proprio
973 1308 1233 1376 impulsu,
1276 1309 1369 1362 sed
1394 1318 1614 1378 propter
1640 1310 2008 1373 adversarios,

433 1398 499 1449 ad
536 1398 677 1450 hanc
721 1398 1117 1467 digressionem
1158 1400 1551 1453 instituendam
1585 1401 1763 1455 adacti
1794 1418 2008 1458 sumus.

433 1490 589 1555 Quod
618 1490 662 1543 si
697 1488 813 1544 haec
836 1489 1022 1544 dicere
1050 1507 1156 1545 non
1189 1500 1426 1560 oportet,
1459 1493 1631 1547 multo
1665 1494 1839 1563 magis
1864 1495 2014 1549 dece-

436 1583 549 1642 hat,
606 1589 665 1634 ut
712 1582 1014 1635 adversarii
1049 1582 1299 1643 silerent,
1353 1585 1444 1652 qui
1480 1585 1574 1637 tali
1612 1586 1861 1639 oratione
1914 1602 2013 1640 sua

435 1672 751 1741 hujusmodi
778 1673 1097 1728 refutationi
1133 1675 1477 1730 occasionem
1514 1679 1778 1746 praebent.
1831 1677 2017 1748 Neque

436 1765 583 1817 enim
614 1764 772 1817 aliter
812 1765 880 1831 is,
918 1765 1011 1834 qui
1060 1766 1341 1835 improbos
1382 1766 1601 1832 refellit,
1636 1768 1877 1823 cohiberi
1924 1785 2018 1839 po-

438 1864 569 1920 test,
630 1871 795 1925 quam
855 1857 899 1912 si
959 1860 1186 1911 materia
1237 1858 1586 1912 refutationis
1640 1860 2013 1915 subtrahatur.

2108 672 2179 724 Τὸ
2224 670 2331 740 γὰρ
2369 669 2470 737 τῆς
2524 668 2709 731 ούσίας
2735 668 3062 739 ἀσύμφωνον
3100 672 3179 732 είς
3205 670 3297 721 δύο
3339 667 3514 738 ἀρχὰς
3543 685 3695 737 περι-

2112 763 2288 830 ίστησι
2317 762 2376 813 τὸ
2394 761 2569 829 δόγμα
2595 802 2609 825 ,
2639 760 2821 823 καθὼς
2848 764 2877 813 ό
2905 760 3061 831 λόγος
3090 758 3334 825 ὑπέδειξε
3354 802 3368 826 ,
3393 760 3469 829 τῷ
3495 760 3698 829 κτιστῷ

2109 854 2204 907 καὶ
2233 853 2310 922 τῷ
2338 853 2576 923 ἀκτίστῳ
2605 853 2763 925 διῃρη
2774 854 2962 923 μένας.

2194 944 2353 995 ’Λλλά
2381 942 2553 995 ταῦτα
2583 944 2679 1013 μὲν
2711 944 2838 1006 ἴσως
2871 943 3234 1014 βεϐιασμένην
3260 944 3453 1013 ἔχοντα
3475 942 3571 1013 τὴν
3606 944 3699 995 τοῦ

2110 1037 2311 1090 ἀτόπου
2358 1036 2720 1106 κατασκευὴν,
2757 1038 2804 1089 οἱ
2844 1036 3028 1089 πολλοὶ
3064 1037 3424 1101 αἰτιάσονται,
3461 1037 3554 1088 καὶ
3580 1036 3700 1088 οὐδὲ

2110 1127 2418 1199 γεγράφθαι
2448 1128 2508 1179 τὸ
2532 1129 2792 1198 παράπαν
2823 1128 2961 1198 μετὰ
2992 1128 3099 1181 τῶν
3126 1128 3327 1181 λοιπῶν
3353 1126 3697 1193 ἀξιώσουσιν.

2116 1222 2298 1275 Ἔστω
2362 1218 2568 1273 ταῦτα’
2610 1220 2731 1273 οὑδὲ
2774 1222 2935 1291 ἡμεῖς
2987 1220 3382 1291 ἀντιλέγομεν’
3430 1221 3549 1273 οὐδὲ
3594 1219 3701 1290 γὰρ

2113 1309 2233 1362 κατ’
2276 1310 2482 1362 οἰκείαν
2543 1310 2739 1381 ὁρμὴν,
2783 1310 2917 1363 ἀλλὰ
2957 1310 3045 1364 διὰ
3076 1312 3200 1373 τοὺς
3234 1310 3703 1380 ἀντιμαχομένους

2114 1402 2193 1463 εἰς
2232 1400 2331 1471 τὴν
2380 1400 2635 1470 τοιαύτην
2688 1402 3010 1472 περιεργίαν
3047 1401 3299 1455 ἐκϐαλεῖν
3332 1403 3424 1456 τὸν
3454 1403 3608 1470 λόγον
3640 1404 3703 1453 ὲκ

2114 1492 2211 1559 τῆς
2234 1492 2549 1555 ἀκολουθίας
2596 1492 2973 1564 προήχθημεν.
3014 1494 3076 1546 Εἰ
3110 1494 3167 1547 δὲ
3200 1495 3262 1547 οὐ
3286 1494 3391 1565 χρὴ
3419 1494 3592 1547 ταῦτα
3618 1494 3703 1545 λέ-

2116 1601 2254 1651 γειν,
2304 1582 2436 1636 πολὺ
2477 1582 2742 1655 πρότερον
2770 1584 3078 1638 σιωπᾶσθαι
3123 1588 3393 1657 προσήκει
3422 1586 3531 1638 τῶν
3554 1588 3701 1637 ἐναν-

2116 1674 2245 1724 τίων
2274 1673 2363 1725 τὸν
2395 1672 2574 1741 λόγον,
2608 1674 2700 1726 τὸν
2742 1676 2842 1745 τῆς
2887 1676 3142 1747 τοιαύτης
3188 1677 3561 1748 ἀντιρρήσεως
3606 1678 3703 1739 τὰς

2119 1764 2371 1833 ἀψορμάς
2403 1764 2796 1835 παρεχόμενον.
2826 1767 2901 1819 Οὐ
2924 1768 3032 1838 γὰρ
3059 1767 3205 1821 ἔστιν
3233 1768 3434 1841 ἑτέρως
3461 1771 3704 1839 ἐπισχεῖν

2120 1858 2210 1908 τὸν
2241 1858 2353 1920 τοῖς
2391 1860 2648 1928 πονηροῖς
2690 1858 3060 1927 ἀντιλέγοντα,
3101 1859 3174 1929 μὴ
3213 1862 3310 1932 τὴν
3336 1860 3589 1914 ὑπόθεσιν
3622 1861 3703 1925 ἐξ-

440 1948 708 2002 (la:terum
742 1949 975 2003 libenter
1010 1950 1097 2014 iis,
1161 1951 1257 2020 qui
1306 1951 1377 2004 ita
1430 1952 1606 2006 affecti
1639 1961 1788 2013 sunt,
1825 1954 2023 2008 suade-

2136 1949 2309 2001 ελόντα
2334 1949 2432 2018 τῆς
2462 1951 2852 2023 ἀντιρρήσεως.
2897 1952 3042 2022 Πλὴν
3075 1952 3243 2023 ἡδέως
3274 1951 3340 2007 ἂν
3372 1954 3706 2024 συμϐουλεύ-

441 2054 580 2103 rem,
632 2049 690 2094 ut
738 2042 1019 2110 paululum
1055 2051 1210 2097 extra
1254 2046 1626 2099 contentionis
1679 2047 1851 2099 aleam
1903 2062 2023 2103 sese

442 2132 792 2199 collocarent,
855 2150 1032 2204 neque
1085 2134 1380 2188 admodum
1435 2136 1692 2191 ardenter
1742 2153 1841 2207 pro
1903 2139 2023 2193 suis

443 2225 684 2293 propriis
714 2226 1192 2294 persuasionibus,
1251 2228 1451 2297 quibus
1497 2228 1609 2298 jam
1660 2232 2022 2300 praeoccupati

444 2327 597 2381 sunt,
654 2319 1122 2389 digladiarentur:
1178 2338 1355 2391 neque
1390 2322 1758 2394 undequaque
1791 2325 2027 2378 admini-

450 2412 590 2465 culis
619 2413 945 2482 corrogatis,
1001 2412 1054 2466 id
1103 2430 1272 2467 unum
1321 2415 1624 2477 studerent,
1681 2426 1742 2469 ut
1787 2416 2027 2485 potiores

446 2520 662 2573 semper
688 2513 870 2573 partes
897 2520 1009 2574 prae
1047 2506 1163 2560 suis
1198 2506 1533 2561 adversariis
1567 2507 1887 2562 obtineant:
1932 2509 2027 2563 sed

450 2603 528 2659 ut,
560 2596 717 2664 quasi
767 2610 866 2664 pro
900 2597 1081 2650 anima
1113 2613 1310 2652 cursus
1345 2600 1437 2661 sit,
1491 2600 1592 2653 soli
1648 2600 1725 2653 illi
1756 2602 1901 2670 quod
1933 2616 2028 2655 ex-

446 2687 617 2756 pedit,
651 2694 705 2740 et
735 2687 951 2741 veritati
983 2688 1270 2741 victoriam
1307 2690 1634 2744 concedant.
1680 2689 1737 2743 Si
1771 2693 1895 2760 quis
1930 2692 2026 2761 igi-

451 2788 540 2832 tur
570 2780 773 2835 omissa
809 2782 1106 2835 altercandi
1145 2784 1446 2851 prurigine,
1503 2785 1676 2853 ipsam
1710 2784 2026 2855 (Eunomii)

448 2876 754 2929 orationem
780 2876 1005 2943 propius
1028 2875 1251 2940 intueri,
1283 2885 1337 2930 et
1361 2880 1672 2932 accuratius
1695 2879 2029 2949 perpendere

448 2966 578 3019 velit
605 3007 619 3027 ,
651 2965 811 3021 facile
845 2966 1235 3021 ahsurditalem
1268 2985 1333 3022 ex
1395 2973 1495 3023 hac
1528 2969 1776 3023 doctrina
1826 2971 2031 3040 promi-

452 3063 665 3109 cantem
702 3054 1095 3124 deprehendet.

526 3150 912 3217 Supponamus
967 3147 1113 3201 enim
1178 3148 1657 3204 innascibililatem
1714 3167 1838 3205 esse
1897 3151 2029 3205 sub-

2128 2057 2284 2110 σαιμι
2327 2044 2438 2104 τοῖς
2469 2042 2610 2095 οὕτω
2641 2043 3003 2112 διακειμένοις
3036 2044 3231 2115 μικρόν
3257 2058 3308 2098 τι
3341 2046 3438 2116 τῆς
3477 2046 3706 2115 φιλονει-

2126 2132 2249 2195 κίας
2269 2132 2373 2198 ἔξω
2393 2135 2646 2200 γενέσθαι
2670 2176 2683 2198 ,
2724 2135 2819 2187 καὶ
2850 2134 2923 2206 μὴ
2946 2135 3066 2188 λίαν
3090 2135 3341 2205 ὲκθύμω.⁸
3363 2136 3471 2190 τῶν
3495 2139 3707 2190 οἰκείων

2126 2223 2465 2293 ὑπερμαχεῖν
2492 2224 2812 2295 ὑπολήψεων
2837 2266 2851 2289 ,
2888 2219 2975 2289 αἷς
3000 2226 3099 2297 ήδη
3135 2227 3562 2299 προειλημμένοι
3582 2244 3707 2295 τυγ-

2127 2312 2386 2381 χάνουσι·
2427 2315 2563 2385 μηδὲ
2620 2314 2956 2386 πανταχόθεν
3010 2317 3316 2388 ἀναζητεῖν,
3362 2319 3509 2382 ὅπως
3538 2319 3605 2372 ἂν
3650 2319 3710 2371 τὸ

2128 2404 2311 2455 πλεῖον
2352 2404 2524 2474 ἔχοιεν
2561 2405 2671 2458 τῶν
2726 2408 3198 2478 ἀντιτεταγμένων
3226 2426 3240 2439 ο
3275 2409 3389 2462 ἀλλ’
3435 2410 3510 2471 ὼς
3569 2411 3710 2480 ὑπὲρ

2127 2494 2305 2565 ψυχῆς
2339 2497 2489 2559 ὄντος
2542 2498 2636 2550 τοῦ
2681 2499 2905 2570 δρόμου,
2944 2500 3090 2570 μόνῳ
3133 2501 3213 2570 τῷ
3262 2502 3594 2573 συμφέροντι
3628 2504 3710 2555 τί-

2131 2591 2335 2653 θεσθαι,
2360 2592 2454 2644 κα)⁵
2492 2595 2557 2663 τῇ
2600 2593 2827 2664 ἀληθεία
2852 2594 3049 2646 διδόναι
3080 2597 3404 2668 νικητήρια.
3442 2597 3505 2649 Ei
3532 2597 3711 2648 τοίνυν

2131 2684 2455 2753 φιλονεικεῖν
2486 2703 2569 2748 τις
2596 2688 2863 2751 ἀποστὰς,
2899 2690 3060 2742 αὑτὸν
3092 2689 3177 2756 ἐφ’
3212 2689 3403 2741 ἑαυτοῦ
3433 2689 3711 2742 διασκοποῖ

2128 2777 2219 2829 τὸν
2269 2776 2444 2844 λόγον,
2497 2778 2558 2829 οὐ
2610 2779 2861 2848 χαλεπῶς
2902 2781 3125 2851 εὑρήσει
3166 2781 3263 2851 τὴν
3314 2782 3712 2853 ἐμφαινομένην

2130 2869 2357 2921 ἀτοπίαν
2386 2868 2462 2939 τῷ
2482 2869 2741 2938 δόγματι.

2216 3141 2573 3211 ’Υποθώμεθα
2597 3141 2703 3213 γάρ
2730 3143 3127 3213 συγχωρεῖσθαι
3148 3144 3289 3197 κατὰ
3310 3146 3397 3197 τὸν
3427 3145 3581 3211 λόγον
3611 3145 3717 3198 τῶν

454 3240 734 3301 stautiam,
786 3245 845 3291 ut
896 3239 1193 3292 adversarii
1247 3241 1470 3293 volunt:
1532 3250 1586 3295 et
1622 3256 1818 3296 rursus
1854 3242 2026 3310 ipsam

2136 3233 2487 3296 ὑπεναντίων,
2519 3235 2613 3286 καὶ
2649 3234 2975 3305 ἀγεννησίαν
3012 3234 3200 3289 οὐσίαν
3239 3232 3379 3289 εἶναι
3400 3253 3413 3266 ⁸
3446 3238 3537 3290 καὶ
3560 3237 3717 3290 πάλιν

454 3348 671 3402 quoque
734 3333 1139 3402 generationem
1222 3332 1547 3387 substantiis
1622 3334 2027 3388 accensendam

454 3439 597 3479 esse.
650 3421 819 3493 Igitur
883 3424 930 3477 si
993 3425 1119 3493 quis
1177 3426 1491 3479 accuratius
1552 3441 1636 3487 ea,
1700 3442 1821 3495 qua:
1884 3428 2029 3481 dicta

458 3523 605 3575 sunt,
666 3513 998 3582 perpendere
1051 3523 1105 3567 ct
1166 3516 1354 3567 rimari
1383 3517 1531 3579 velit,
1602 3516 2029 3572 Manichaeorum

456 3606 650 3675 dogma
681 3620 775 3674 per
811 3621 907 3660 eos
940 3606 1041 3661 hac
1084 3608 1293 3663 ratione
1329 3610 1578 3663 renovari
1614 3608 1915 3681 intelliget:
1957 3612 2032 3666 si-

458 3698 673 3765 quidem
706 3695 987 3751 Manichaei
1023 3699 1223 3751 malum
1262 3698 1429 3762 bono,
1468 3700 1644 3753 lucem
1679 3701 1940 3761 tenebris,
1977 3710 2033 3755 et

459 3788 640 3840 omnia
674 3787 839 3856 hujus
874 3788 1091 3857 generis
1121 3788 1236 3858 ipsa
1271 3798 1479 3843 natura:
1506 3790 1896 3843 contrarietate
1929 3790 2033 3843 sibi

460 3886 650 3930 mutuo
673 3877 873 3947 Opponi
908 3876 1155 3930 tradunt.
1197 3877 1332 3943 Quae
1361 3893 1488 3931 vere
1519 3892 1548 3930 a
1574 3892 1660 3931 me
1690 3876 1821 3944 dici,
1855 3878 2033 3943 facile,

462 3981 522 4023 ut
557 3973 771 4037 opinor,
805 3978 1030 4033 annuet,
1095 3970 1188 4038 qui
1248 3984 1357 4023 non
1420 3969 1660 4038 segniter
1729 3970 2036 4024 orationem

464 4061 885 4131 przetervolabit.
921 4061 999 4114 lta
1028 4076 1161 4115 vero
1190 4060 1631 4129 disquisitionem
1662 4061 2041 4117 instituamus:

462 4154 755 4220 Quodlibet
776 4170 841 4207 ex
874 4153 1138 4221 subjectis
1172 4167 1271 4207 sua
1307 4153 1467 4207 habet
1498 4161 1730 4221 cognata
1775 4163 1829 4208 et
1873 4154 2039 4208 insita

466 4250 622 4317 signa
655 4254 709 4301 et
744 4254 904 4301 notas
936 4246 1138 4315 quibus
1172 4245 1463 4299 substratae
1494 4254 1703 4300 naturae
1733 4248 2038 4316 proprieta-

464 4346 548 4392 tes
578 4346 999 4407 cognoscantur,
1028 4336 1144 4389 sive
1192 4335 1258 4387 ad
1312 4335 1592 4397 animalia,
1648 4337 1764 4390 sive
1801 4337 1866 4391 ad
1907 4339 2035 4397 alia,

464 4442 799 4496 quocunque
864 4426 1105 4477 animum
1157 4433 1211 4476 et
1264 4424 1655 4492 cogitationem
1710 4435 2035 4479 convertas:

466 4534 575 4573 non
608 4520 750 4573 enim
799 4517 991 4571 iisdem
1031 4517 1177 4569 notis
1211 4524 1265 4569 et
1309 4515 1481 4584 signis
1546 4516 1921 4585 insigniuntur
1975 4516 2041 4568 li-

464 4627 631 4682 gnum
662 4620 716 4664 et
748 4609 970 4674 animal;
1009 4623 1187 4677 neque
1236 4607 1570 4662 animalibus
1623 4607 1915 4676 participat
1946 4623 2045 4661 na-
2076 4603 2119 4657 D

465 4711 587 4756 tura
616 4702 847 4757 rationis
880 4715 1077 4769 expers
1119 4713 1181 4754 ea
1215 4699 1371 4769 signa
1401 4707 1457 4753 et
1514 4698 1739 4763 indicia,
1775 4715 1895 4769 quae
1944 4699 2043 4753 110-

465 4794 633 4849 minis
669 4803 814 4847 sunt.
868 4792 1055 4862 Neque
1097 4806 1290 4845 rursus
1328 4790 1529 4845 eaedem
1571 4799 1713 4843 notae
1747 4790 2043 4845 ostendunt

465 4887 633 4941 vitam
658 4894 712 4941 et
736 4896 989 4944 mortem,
1031 4884 1126 4939 sed
1160 4884 1214 4937 in
1252 4882 1512 4937 omnibus
1547 4882 1889 4951 simpliciter,
1936 4883 2043 4937 sic—

468 4980 548 5033 uti
577 4979 712 5041 dixi,
763 4986 847 5033 est
882 4977 1246 5045 impermista,
1283 4986 1339 5029 et
1382 4975 1928 5030 incommunicabilis
1959 4990 2043 5029 re—

468 5084 590 5122 rum
628 5068 1002 5135 subjectarum
1038 5066 1342 5129 distinctio,
1379 5080 1556 5134 neque
1604 5065 1717 5119 ullo
1752 5064 1915 5119 modo
1948 5081 2046 5135 per

471 5162 752 5231 signorum
782 5168 836 5212 et
878 5167 1131 5213 notarum
1164 5158 1643 5229 participationem
1676 5158 1932 5213 confusa.
1963 5158 2043 5213 Ad

473 5255 616 5308 hanc
677 5252 845 5321 igitur
909 5266 1157 5304 normam
1218 5249 1558 5319 expendatur
1608 5249 2045 5303 adversariorum

472 5344 730 5400 assertio.
766 5341 1249 5395 lnnascibilitatem
1292 5339 1445 5392 aiunt
1484 5354 1608 5392 esse
1658 5338 2045 5398 substantiam,

474 5434 881 5508 generationem
913 5447 1130 5501 quoque
1165 5431 1232 5483 ad
1274 5430 1636 5484 substantiam
1684 5428 1947 5483 referunt.
1984 5430 2051 5483 At

472 5526 937 5599 quemadmodum
974 5524 1210 5577 hominis
1241 5530 1294 5575 et
1325 5522 1521 5589 lapidis
1544 5521 1649 5572 alia
1687 5530 1816 5573 sunt
1847 5522 2048 5574 indicia

476 5625 697 5693 (neque
756 5621 901 5675 enim
930 5618 1179 5673 eamdem
1236 5615 1609 5669 definitionem
1674 5613 1963 5671 attuleris.
2004 5612 2048 5663 si

477 5718 801 5778 animatum,
833 5722 890 5769 et
918 5712 1278 5768 inanimatum
1320 5709 1633 5763 describere
1652 5706 1986 5777 aggredieris
2011 5706 2046 5769 ).

480 5809 555 5864 ita
592 5825 703 5863 non
733 5818 955 5878 gravate
982 5806 1311 5865 concedant,
1347 5804 1671 5856 innascibile
1724 5800 1846 5853 aliis
1878 5799 2050 5867 signis

483 5910 537 5955 et
569 5903 715 5955 notis
743 5902 1105 5963 innotescere,
1153 5900 1273 5953 aliis
1304 5898 1465 5951 etiam
1499 5896 1551 5949 id
1582 5894 1723 5965 quod
1757 5900 1839 5948 est
1867 5894 2050 5949 nasci-

2133 3326 2395 3388 ὡσαύτως
2423 3326 2523 3397 τὴν
2552 3326 2804 3396 γέννησιν
2847 3327 2927 3388 εἰς
2976 3327 3161 3379 οὐσίαν
3224 3329 3715 3398 ἀναλαμϐάνεσθαι.

2134 3417 2342 3470 Οὐκοῦν
2363 3420 2415 3471 εἴ
2436 3436 2519 3482 τις
2544 3419 2785 3489 ἀκριϐῶς
2802 3421 2867 3489 τῇ
2889 3418 3097 3489 διανοίᾳ
3125 3420 3232 3473 τῶν
3251 3421 3558 3491 λεγομένων
3593 3424 3719 3475 dato-

2134 3510 2435 3575 λουθήσειε,
2470 3510 2532 3563 τὸ
2556 3513 2897 3581 Μανιχαῖκὸν
2932 3513 3115 3574 αὑτοῖς
3140 3512 3316 3583 δόγμα
3350 3513 3438 3566 διὰ
3476 3513 3574 3582 τῆς
3600 3512 3720 3566 ὀδοὸ

2134 3604 2338 3674 ταύτης
2380 3604 2878 3675 ἀναπλασθήσεται,
2906 3604 3063 3674 εἴπερ
3111 3604 3282 3658 κακοῦ
3316 3607 3450 3676 πρὸς
3496 3605 3718 3675 ἀγαθὸν,

2136 3696 2231 3747 καὶ
2260 3696 2437 3762 φωτὸς
2467 3696 2601 3766 πρὸς
2657 3697 2866 3759 σκότος,
2922 3696 3016 3750 καὶ
3078 3695 3294 3749 πάντων
3325 3696 3435 3751 τῶν
3459 3696 3721 3749 τοιούτων

2137 3786 2276 3840 κατά
2302 3788 2359 3839 τὸ
2382 3788 2619 3840 ἐναντίον
2652 3788 2754 3857 τῆς
2777 3788 3009 3857 φύσεως,
3032 3787 3129 3857 τὴν
3158 3787 3431 3841 ἀντίθεσιν
3462 3788 3721 3857 δογματί›

2139 3878 2250 3941 ζειν
2273 3882 2383 3942 τοῖς
2408 3879 2727 3949 Μανιχαίοις
2750 3880 2911 3933 δοκεῖ.
2940 3881 3049 3932 Καὶ
3070 3880 3151 3932 ὅτι
3172 3878 3343 3932 ταῦτα
3365 3880 3541 3950 ἀληθῆ
3558 3879 3721 3947 λέγω,

2140 3972 2337 4043 ῥᾳδίως
2396 3967 2549 4041 οἶμαι
2616 3971 2976 4041 συνθήσεσθαι
3018 3972 3110 4023 τὸν
3144 3972 3219 4041 μὴ
3246 3970 3509 4041 ῥαθύμως
3541 3989 3721 4040 παρα-

2138 4062 2415 4132 δραμόντα
2441 4062 2531 4113 τὸν
2561 4062 2715 4129 λόγον
2732 4078 2745 4092 ·
2783 4063 2981 4115 οὑτωσὶ
3009 4062 3063 4114 δὲ
3079 4062 3495 4131 διασκεψώμεθα
3521 4076 3535 4090 ⁸
3567 4064 3723 4116 Ἐκά-

2142 4169 2251 4221 στῳ
2280 4152 2387 4204 τῶν
2421 4151 2798 4220 ὑποκειμένων
2829 4151 3080 4221 προσφυῆ
3110 4167 3232 4204 τινα
3258 4151 3474 4213 πάντως
3494 4150 3723 4202 ἐπιθεω-

2144 4248 2318 4316 ρεῖται
2348 4244 2731 4315 γνωρίσματα,
2765 4244 2832 4296 δι’
2874 4238 2948 4297 ὧν
2977 4242 3037 4296 τὸ
3073 4242 3271 4307 ἰδιάζον
3301 4242 3401 4311 τῆς
3432 4242 3724 4311 ὑποκειμέ-

2142 4356 2238 4404 νης
2265 4335 2685 4405 ἐπιγινώσκεται
2736 4334 2950 4403 φύσεως
2971 4376 2985 4395 ,
3025 4335 3134 4387 εἴτε
3166 4334 3258 4387 ἐπὶ
3300 4333 3401 4403 τῆς
3430 4334 3538 4386 τῶν
3571 4333 3725 4396 ζώων

2144 4430 2401 4498 διαφορᾶς
2448 4426 2724 4491 ἐξετάζοις
2774 4427 2865 4477 τὸν
2898 4425 3073 4493 λόγον,
3118 4425 3228 4476 εἴτε
3270 4425 3361 4475 ἐπὶ
3404 4422 3512 4475 τῶν
3549 4422 3725 4475 ἄλλων

2148 4520 2420 4573 ἁπάντων.
2475 4520 2547 4571 Οὑ
2597 4518 2705 4589 γάρ
2742 4520 2852 4580 τοῖς
2874 4518 3055 4580 αὐτοῖς
3096 4516 3155 4568 τὸ
3188 4514 3341 4579 ξύλον
3376 4516 3471 4568 καὶ
3501 4516 3559 4567 τὸ
3589 4512 3725 4577 ζῶον

2150 4612 2611 4685 χαρακτηρίζεται
2633 4628 2648 4643 ⁸
2669 4614 2807 4669 οὑδὲ⁹
2830 4614 2941 4673 τοῖς
2973 4609 3131 4675 ζώοις
3158 4611 3501 4662 ἐπικοινωνεῖ
3534 4608 3599 4660 τὰ
3630 4606 3725 4659 τοῦ

2150 4704 2436 4776 ἀνθρώπου
2463 4703 2795 4773 γνωριστικά
2822 4705 3021 4772 σημεῖα
3042 4701 3176 4773 πρὸς
3196 4701 3293 4772 τὴν
3322 4701 3512 4768 ἄλογον
3544 4699 3724 4769 φύσιν.

2152 4798 2272 4850 Οὐδ’
2305 4791 2371 4850 αὖ
2398 4796 2559 4848 πάλιν
2587 4794 2656 4847 τὰ
2682 4794 2820 4847 αὑτά
2857 4793 3096 4846 δείκνυσι
3123 4795 3223 4863 τήν
3259 4810 3317 4845 τε
3348 4793 3491 4861 ζωὴν
3516 4792 3609 4843 κοιλ¹
3636 4790 3726 4842 τὸν

2153 4891 2380 4943 θάνατον
2401 4904 2414 4917 °
2448 4887 2562 4939 ἀλλ’
2601 4886 2693 4938 ἐπὶ
2728 4886 2944 4937 πάντων
2981 4884 3334 4948 ἁπαξαπλῶς,
3366 4883 3549 4946 καθὼς
3578 4884 3727 4952 εἴρη-

2152 4999 2262 5041 ται,
2297 4979 2527 5048 ἄμικτός
2567 4976 2650 5039 τίς
2690 4979 2803 5028 ἐστι
2845 4977 2937 5029 καὶ
2988 4975 3348 5045 ἀκοινώνητος
3380 4976 3414 5045 ἡ
3454 4974 3562 5027 τῶν
3594 4976 3725 5027 ὑπο-

2154 5071 2422 5140 κειμένων
2450 5070 2720 5138 διάκρισις
2742 5108 2756 5130 ,
2790 5068 2939 5119 οὐδὲν
2962 5069 3075 5129 τοῖς
3106 5066 3214 5118 τῶν
3242 5065 3724 5137 ἐπιθεωρουμένων

2155 5162 2495 5231 γνωρίσμασι
2533 5160 2621 5212 διά
2669 5177 2811 5222 τινος
2849 5159 3131 5221 κοινωνίας
3179 5160 3541 5229 συγχεομένη.
3572 5158 3727 5210 Κατὰ

2156 5256 2328 5307 τοίνυν
2358 5256 2455 5327 τὴν
2496 5251 2815 5305 ἀκολουθίαν
2853 5254 3056 5322 ταύτην
3091 5252 3433 5321 ἑξετασθήτω
3464 5251 3574 5303 τῶν
3624 5252 3728 5302 ὑπ·

2156 5347 2412 5400 εναντίων
2457 5347 2485 5396 ὁ
2533 5346 2708 5413 λόγος.
2764 5344 2872 5415 Τὴν
2925 5343 3270 5413 ἀγεννησίαν,
3332 5342 3518 5396 οὑσίαν
3559 5342 3721 5409 φασί’

2157 5439 2252 5491 καὶ
2304 5436 2400 5506 τὴν
2446 5437 2698 5505 γέννησιν
2736 5435 2995 5498 ὡσαύτως
3045 5437 3124 5497 εἰς
3174 5435 3362 5487 οὐσίαν
3413 5435 3721 5499 ἀνάγουσιν.

2170 5528 2308 5580 Ἀλλ’
2327 5526 2513 5598 ὥσπερ
2540 5526 2845 5597 ἀνθρώπου,
2905 5526 2998 5577 καὶ
3043 5524 3190 5576 λίθου
3238 5525 3418 5593 ἕτερα,
3453 5523 3544 5576 καὶ
3573 5522 3632 5573 οὐ
3658 5520 3725 5572 τὰ

2158 5620 2294 5674 αὑτά
2316 5620 2699 5689 γνωρίσματα’
2751 5619 2810 5668 ού
2854 5617 2959 5687 γάρ
3018 5616 3081 5668 ἀν
3112 5617 3201 5668 τὸν
3248 5615 3407 5669 αὑτὸν
3466 5612 3724 5683 ἐκατέρου

2159 5706 2413 5775 ἀποδοίης
2458 5704 2612 5770 λόγον
2665 5702 2900 5771 ἔμψυχόν
2934 5719 2990 5753 τε
3020 5702 3109 5753 καί
3144 5700 3365 5769 ἄψυχον,
3408 5699 3469 5751 τὸ
3498 5698 3550 5749 τί
3581 5700 3727 5748 ἐστιν

2158 5798 2469 5867 ὁριζόμενος
2496 5814 2506 5824 ·
2539 5796 2679 5847 οὑτω
2698 5797 2910 5855 πάντως
2942 5794 3118 5854 ἄλλοις
3145 5792 3242 5862 μὲν
3268 5789 3621 5860 γνωρίζεσθαι
3636 5788 3724 5841 τὸν

2162 5889 2452 5960 ἀγέννητον
2481 5886 2725 5959 σημείοις
2773 5886 3051 5948 δώσουσιν,
3088 5884 3292 5956 ἑτέροις
3323 5883 3376 5935 δὲ
3410 5882 3497 5934 τὸν
3532 5896 3721 5950 γεννη-
