4146 6370
376 482 485 537 £09

1533 477 1813 534 CONTRA
1851 476 2242 540 EUNOMIL’M.
2278 479 2406 533 LIB.
2443 479 2483 532 l.

3539 481 3642 534 Ηί)

375 601 488 654 τόν.
521 592 730 651 Οὐκοῦν
761 596 1128 668 θεωρήσωμεν
1151 595 1220 648 τά
1252 595 1518 658 ἰδιάζοντα
1543 595 1638 649 τοῦ
1655 597 1952 667 ἀγεννήτου

2061 596 2184 651 bile.
2217 594 2515 650 Videamus
2549 595 2714 664 igitur
2744 594 2994 664 pr0prias
3030 601 3211 651 notas.
3264 603 3320 648 et
3369 594 3642 648 conditio-

376 692 532 752 Θεοῦ,
557 692 659 745 ὅσα
681 689 920 754 εὐσεϐῶς
941 690 1122 758 λέγειν
1141 707 1198 742 τε
1229 689 1320 743 καὶ
1344 691 1480 744 νοεῖν
1501 689 1652 761 παρά
1677 691 1777 761 τῆς
1798 692 1959 760 ἁγίας

377 783 601 856 Γραφῆς
630 783 756 854 περὶ
784 781 950 836 αὐτοῦ
984 782 1406 853 μεμαθήκαμεν.

450 875 581 929 Τίνα
613 871 705 928 οῦν
732 875 847 927 ἐστι
880 872 1311 936 ταῦτα;οὐδὲνα
1353 869 1507 944 οἶμαι
1549 873 1660 926 τῶν
1696 874 1960 944 Χριστια-

377 967 484 1020 νῶν
523 969 758 1034 ἀγνοεῖν,
784 967 866 1019 ὅτι
893 964 1115 1033 ἀγαθὸς,
1147 965 1230 1018 ὅτι
1259 965 1493 1036 χρηστὸς
1511 1005 1526 1028 ,
1559 965 1641 1019 ὃτι
1679 965 1853 1035 ἅγιος,
1881 967 1961 1019 δί-

379 1058 532 1121 καιός
551 1075 611 1110 τε
641 1057 736 1110 καὶ
761 1057 926 1120 ὅσιος,
954 1055 1180 1127 ἀόρατός
1208 1073 1269 1109 τε
1307 1057 1398 1109 καὶ
1427 1056 1712 1120 ἀθάνατος,
1753 1057 1958 1128 φθορᾶς

377 1167 438 1202 τε
471 1149 566 1203 καὶ
591 1149 800 1220 τροπῆς
830 1148 924 1201 καὶ
953 1146 1287 1210 ἀλλοιώσεως
1316 1147 1686 1211 ἀνεπίδεκτος,
1713 1149 1956 1212 δυνατὸς,

383 1241 563 1310 σοφὸς,
589 1239 905 1311 εὐεργέτης,
927 1237 1150 1309 Κύριος,
1171 1237 1384 1310 κριτὴς,
1413 1239 1590 1293 πάντα
1617 1239 1684 1292 τά
1711 1239 1954 1295 τοιαῦτα.

381 1333 447 1385 Τί
501 1331 609 1400 γὰρ
641 1330 722 1384 δεῖ
764 1329 1207 1401 ὁμολογουμένοις
1263 1329 1656 1401 ὲνδιατρίὸοντα
1699 1331 1960 1400 παρατεί-

381 1442 492 1479 νειν
521 1425 612 1478 τὸν
639 1424 794 1492 λόγον
819 1441 832 1488 ;
861 1424 925 1476 Ei
949 1419 1042 1477 οὖν
1073 1423 1247 1477 ταῦτα
1284 1424 1341 1476 ἐν
1382 1425 1448 1492 τῇ
1479 1423 1760 1494 ἀγεννήτῳ
1797 1423 1957 1493 φύσει

381 1513 898 1585 καταλαμϐάνομεν,
931 1513 991 1566 τὺ
1015 1512 1072 1564 δὲ
1106 1511 1428 1583 γεννηθῆναι
1468 1510 1546 1580 τῷ
1585 1513 1658 1582 μὴ
1693 1513 1959 1583 γεννηθῆ-

382 1621 469 1659 ναι
497 1605 830 1666 ὑπεναντίως
854 1602 966 1673 ἔχει
995 1601 1135 1655 κατά
1159 1601 1258 1673 τὴν
1289 1601 1498 1655 ἔννοιαν
1517 1618 1532 1632 ⁸
1569 1601 1781 1672 ἀνάγκη
1807 1605 1958 1657 πᾶσα

385 1695 672 1749 συνθέσθαι
719 1697 845 1758 τοὺς
890 1695 988 1765 τὴν
1031 1693 1354 1765 ἀγεννησίαν
1407 1695 1500 1746 καὶ
1555 1695 1655 1762 τὴν
1705 1693 1958 1765 γέννησιν

381 1788 568 1842 οὐσίαν
599 1781 736 1841 εἶναι
770 1787 1118 1859 ὁριζομένους
1147 1786 1286 1839 κατά
1319 1785 1474 1854 λόγον
1526 1786 1624 1856 τῆς
1644 1785 1735 1838 τοῦ
1762 1802 1959 1855 γεννη-

380 1879 474 1933 τοῦ
501 1880 637 1950 πρὸς
654 1879 715 1933 τὸ
736 1880 1026 1948 ἀγέννητον
1051 1875 1395 1940 ἀντιθέσεωςο
1422 1878 1515 1930 καὶ
1533 1877 1602 1930 τὰ
1625 1877 1958 1948 γνωριστικά

384 1972 584 2040 σημεῖα
619 1971 717 2041 τῆς
756 1969 1019 2040 γεννητῆς
1050 1969 1270 2032 οὐσίας,
1305 1965 1637 2030 ὑπεναντίως
1679 1967 1822 2037 ἔχειν
1847 1969 1958 2030 τοῖς

382 2061 868 2133 ὲπιθεωρουμένοις
892 2062 959 2130 τῇ
987 2061 1267 2130 ἀγεννήτῳ
1297 2057 1470 2127 φύσει.
1497 2059 1559 2111 Εἰ
1592 2059 1702 2128 γὰρ
1726 2058 1795 2111 τὰ
1819 2058 1958 2113 αὐτά

383 2155 609 2222 λέγοιεν,
639 2153 824 2206 οὐκέτι
851 2153 912 2205 τὸ
943 2153 1174 2224 ἑτεροῖον
1201 2151 1300 2221 τῆς
1321 2149 1428 2203 τῶν
1458 2151 1829 2221 ὑποκειμένων
1855 2149 1958 2219 φύ-

384 2261 520 2307 σεως
541 2243 631 2296 διὰ
648 2244 744 2313 τῆς
764 2243 1088 2312 ταύτότητος
1114 2241 1224 2294 τῶν
1246 2239 1730 2310 ἐπιθεωρουμὲνων
1766 2242 1958 2312 συστή-

383 2353 556 2391 σεται.
580 2336 700 2388 Τῶν
722 2335 829 2406 γὰρ
858 2335 1110 2405 ὲτεροίως
1133 2334 1386 2404 ἐχόντων,
1408 2334 1573 2404 ἕτερα
1605 2334 1712 2404 χρὴ
1742 2334 1959 2398 πάντως

383 2424 520 2482 εἶναι
559 2428 653 2480 καὶ
689 2427 758 2480 τά
796 2426 1151 2498 γνωρίσματα
1188 2423 1414 2478 οἴεσθαι·
1463 2425 1563 2478 ὅσα
1600 2425 1658 2477 δὲ
1699 2425 1959 2486 ὡσαύτως

384 2520 523 2573 κατὰ
559 2519 649 2573 τὸν
684 2517 840 2586 λόγον
862 2518 960 2588 τῆς
983 2517 1169 2580 οὐσίας
1201 2515 1346 2587 ἔχει,
1393 2519 1505 2579 τοῖς
1547 2517 1731 2580 αὐτοῖς
1761 2516 1958 2588 δηλαδὴ

385 2610 630 2683 σημείοις
662 2609 1147 2681 χαρακτηρίζεται.
1176 2610 1236 2662 Εἰ
1263 2608 1360 2678 μὲν
1381 2603 1475 2661 οῦν
1497 2607 1567 2661 τὰ
1593 2608 1732 2662 αὐτά
1755 2609 1848 2662 καὶ
1881 2608 1958 2677 τῷ

383 2705 677 2771 Μονογενεῖ
706 2699 1238 2773 προσμαρτυροῦσιν,
1271 2700 1547 2770 οὐδεμίαν,
1589 2699 1770 2762 καθὼς
1807 2699 1958 2770 είρη-

383 2811 494 2861 ται,
522 2795 649 2865 περὶ
693 2794 756 2847 τὸ
791 2795 1149 2863 ὑποκείμενον
1179 2791 1442 2862 διαφορὰν
1482 2791 1770 2844 ἐννοοῦσιν.
1809 2793 1872 2846 Ei
1899 2792 1958 2845 δὲ

383 2890 495 2950 τοῖς
539 2886 875 2956 βλασφήμοις
905 2885 1208 2955 ὲπιμένοιεν
1233 2884 1429 2952 λόγοις,
1456 2883 1550 2936 καὶ
1585 2882 1646 2935 τὸ
1677 2882 1957 2952 παρηλλα-

383 2979 582 3049 γμένον
607 2979 700 3048 τῆς
730 2977 944 3046 φύσεως
973 2978 1030 3042 ὲν
1069 2980 1134 3047 τῇ
1175 2976 1405 3046 διαφορᾷ
1452 2974 1544 3027 τοῦ
1581 2973 1839 3044 γεννητοῦ
1867 2975 1959 3028 καὶ

383 3069 475 3123 τοῦ
496 3069 791 3139 ἀγεννήτου
824 3065 1296 3130 κατασκευάζοιεν,
1322 3064 1539 3118 εὔκολον
1568 3064 1794 3117 συνιδεῖν
1824 3065 1956 3118 πάνυ

382 3179 489 3226 τως
520 3161 580 3213 τὸ
605 3161 669 3214 ἐκ
696 3160 796 3230 τῆς
829 3158 1145 3222 ἀκολουθίας
1179 3159 1604 3228 ἀναφαινόμενον
1630 3168 1645 3185 ⁸
1684 3157 1766 3211 ὅτι
1819 3157 1960 3209 κατά

2063 703 2162 742 nes
2193 688 2534 742 innascibilis
2563 687 2678 748 Dei,
2710 703 2848 756 quas
2882 686 2967 755 pic
3020 687 3087 742 de
3115 687 3225 742 Deo
3271 687 3376 742 dici
3411 697 3466 742 et
3499 689 3643 758 cogi-

2061 780 2164 834 tari
2189 796 2252 834 ex
2288 780 2464 835 sacris
2487 778 2690 833 litteris
2713 778 3026 832 didicimus.

2131 866 2262 933 Quae
2304 879 2430 922 sunt
2478 868 2598 923 istae
2641 868 2825 922 noue?
2863 867 3146 923 Neminem
3193 867 3640 924 Christianorum

2061 962 2317 1032 ignorare
2361 961 2603 1017 arbitror
2650 959 2968 1029 hujusmodi
3002 969 3162 1015 notas
3203 963 3414 1016 censeri
3467 963 3638 1016 istas:

2061 1051 2196 1106 Esse
2219 1051 2444 1109 bonum,
2480 1051 2678 1115 lenem,
2713 1057 2986 1112 sanctum,
3015 1049 3252 1119 justum,
3285 1053 3641 1114 invisibilem,

2063 1143 2453 1205 immortalem,
2503 1142 2915 1212 corruptionis,
2977 1143 3300 1198 mutationis
3349 1156 3404 1198 et
3444 1145 3644 1200 altera-

2059 1238 2226 1290 tionis
2255 1237 2594 1305 incapacem,
2628 1243 2925 1304 potentem,
2962 1236 3288 1305 sapientem,
3321 1237 3644 1293 benefacto-

2061 1341 2200 1390 rem,
2239 1327 2551 1391 Dominum,
2595 1327 2863 1396 judicent,
2899 1337 2954 1382 et
2985 1329 3168 1382 omnia
3200 1329 3366 1398 hujus
3399 1331 3638 1400 generis.

2059 1420 2204 1486 Quid
2236 1421 2380 1474 enim
2415 1420 2583 1474 rebus
2615 1420 2794 1489 planis
2823 1427 2878 1474 et
2906 1421 3209 1490 exploratis
3232 1423 3640 1489 immorantem,

2057 1509 2224 1562 verba
2252 1507 2619 1576 multiplicare
2645 1509 2876 1562 attinet?
2900 1521 2926 1548 ει
2945 1509 3000 1562 Si
3024 1511 3190 1578 igitur
3209 1511 3380 1565 istain
3403 1513 3644 1568 innasci-

2059 1596 2158 1650 bili
2196 1599 2379 1652 inesse
2411 1597 2898 1666 deprehendimus,
2938 1599 2991 1653 id
3023 1615 3155 1654 vero
3181 1603 3326 1670 quod
3375 1603 3642 1656 nascibile

2059 1696 2164 1749 est,
2211 1689 2261 1742 ei
2307 1688 2454 1757 quod
2492 1699 2577 1743 est
2626 1690 2972 1753 innascibile,
3017 1693 3322 1746 secundum
3370 1695 3638 1749 rationem

2060 1781 2382 1850 opponitur,
2412 1782 2704 1851 perspicue
2732 1784 2984 1852 sequitur
3016 1799 3134 1845 eos.
3169 1785 3262 1854 qui
3308 1786 3644 1840 innascibili-

2061 1882 2252 1934 tatem,
2282 1880 2338 1926 et
2367 1874 2787 1928 naseibilitatem
2815 1875 2967 1929 aiunt
2993 1891 3113 1930 esse
3143 1877 3532 1942 substantiam,
3569 1878 3642 1930 fa-

2060 1967 2162 2020 teri
2195 1966 2412 2028 debere,
2445 1981 2544 2035 pro
2585 1967 2932 2036 oppositione
2976 1968 3320 2024 innascibilis
3352 1972 3416 2024 ad
3453 1973 3640 2027 nasci-

2059 2059 2187 2124 bile,
2225 2067 2383 2111 notas
2413 2073 2628 2126 quoque
2653 2067 2708 2113 et
2731 2059 3076 2115 conditiones
3104 2062 3169 2115 ad
3192 2065 3637 2132 cognoscendum

2059 2162 2217 2222 aptas
2241 2153 2563 2207 substantiae
2581 2153 2864 2208 nascibilis
2889 2156 3194 2210 contrarias
3223 2172 3343 2211 esse
3373 2157 3500 2221 illis,
3519 2174 3640 2227 qum

2059 2243 2117 2296 in
2149 2253 2347 2299 natura
2400 2245 2710 2300 innascibili
2757 2255 3040 2316 apparent.
3081 2245 3136 2300 Si
3165 2248 3309 2302 enim
3348 2250 3640 2318 utrobique

2059 2336 2280 2390 easdem
2311 2345 2472 2391 notas
2503 2345 2730 2406 ponant,
2763 2337 2909 2391 haud
2946 2338 3180 2406 amplius
3221 2339 3512 2395 diversitas
3541 2357 3641 2394 na-

2061 2434 2195 2480 turae
2226 2441 2406 2480 rerum
2441 2427 2844 2495 subjectarmu,
2895 2443 2990 2497 per
3020 2429 3240 2484 easdem
3288 2440 3445 2485 notas
3481 2432 3638 2486 nobis

2059 2519 2564 2586 repraesentabitur.
2615 2518 2749 2572 Nam
2802 2536 2888 2580 ea,
2933 2537 3056 2589 quae
3102 2522 3258 2575 aliter
3291 2531 3486 2576 natura
3518 2539 3640 2578 sese

2059 2608 2283 2673 habent,
2331 2610 2644 2664 necessario
2681 2611 3018 2664 comitantur
3042 2612 3148 2665 alia
3178 2613 3400 2675 ibidem,
3437 2616 3639 2683 quibus

2059 2707 2494 2767 cognoscantur,
2530 2697 2765 2752 indicia:
2819 2715 2938 2768 qua!
2965 2711 3144 2755 autem
3185 2703 3484 2756 secundum
3511 2704 3640 2758 sub-

2059 2792 2278 2845 stantiae
2312 2791 2577 2846 rationem
2623 2792 2878 2847 similiter
2912 2809 3034 2848 sese
3074 2794 3295 2858 habent,
3333 2811 3395 2848 ea
3443 2797 3637 2852 iisdem

2068 2885 2232 2938 etiam
2278 2884 2422 2939 notis
2465 2894 2518 2938 et
2553 2885 2819 2955 symbolis
2865 2886 3171 2956 signantur.
3220 2888 3275 2941 Si
3309 2890 3476 2956 igitur
3512 2891 3639 2944 uni-

2060 2977 2246 3046 genito
2278 2974 2418 3030 Filio
2442 2977 2662 3032 easdem
2710 2993 2932 3047 quoque
2971 2988 3128 3034 notas
3175 2981 3478 3046 ascribunt,
3514 2983 3639 3036 nul-

2060 3070 2188 3134 lam,
2221 3075 2381 3139 prout
2401 3068 2538 3132 dixi,
2571 3070 2624 3122 in
2657 3069 2966 3124 substantia
2987 3070 3359 3127 diversitatem
3390 3084 3635 3131 statuere

2059 3161 2141 3213 vel
2188 3174 2523 3229 cognoscere
2571 3168 2798 3229 queunt.
2860 3159 2918 3215 Si
2951 3178 3083 3216 vero
3120 3164 3175 3216 in
3207 3179 3305 3218 sua
3335 3154 3640 3235 'iinpietate

383 3253 483 3323 τὴν
526 3251 636 3304 τῶν
677 3251 954 3320 ὀνομάτων
997 3249 1289 3309 ἀντίθεσιν,
1324 3249 1417 3301 καὶ
1440 3249 1538 3317 τῆς
1586 3247 1800 3315 φύσεως
1849 3246 1957 3298 τῶν

2061 3250 2380 3318 persistant,
2419 3256 2474 3303 et
2503 3248 2876 3303 diversitatem
2915 3259 3127 3306 natura:
3157 3268 3252 3321 per
3280 3256 3561 3309 uascibilis
3584 3265 3639 3311 et

385 3345 490 3397 ὑπὸ
527 3342 634 3396 τῶν
678 3343 954 3412 ὀνομάτων
1002 3339 1416 3411 σημαινομένων
1456 3337 1788 3400 ὑπεναντίως
1817 3335 1958 3406 ἔχειν

386 3435 521 3505 πρὸς
549 3433 746 3504 ἑαυτὴν
775 3433 1123 3504 νομισθείσης
1148 3472 1162 3495 ,
1199 3433 1410 3502 ἀνάγκη
1441 3433 1592 3485 πᾶσα
1626 3431 1720 3485 καὶ
1752 3431 1819 3484 τὰ
1843 3433 1962 3484 ὲπι-

385 3525 731 3596 θεωρούμενα
759 3526 1036 3596 ἑκατέροις
1080 3528 1214 3596 πρὸς
1243 3526 1303 3578 τὸ
1336 3526 1573 3578 ἐναντίον
1600 3523 1957 3595 διενεχθῆναιο

386 3613 524 3666 ὥστε
556 3615 666 3668 τῶν
697 3618 788 3669 ἐπὶ
811 3615 904 3668 τοῦ
933 3615 1140 3688 (largo;
1164 3615 1488 3685 λεγομένων,
1512 3615 1581 3667 τὰ
1608 3613 1960 3682 ἀντικείμενα

385 3704 460 3774 τῷ
499 3707 789 3774 Μονογενεῖ
833 3706 1236 3776 ὲςραρμόζεσθαι
1264 3745 1279 3768 ,
1321 3706 1592 3776 θεότητος,
1649 3705 1918 3775 ἀγιασμοῦ
1941 3745 1956 3768 ,

385 3797 746 3868 ἀγαθότητος,
777 3799 1112 3867 ἀφθαρσίας,
1149 3798 1444 3867 ἀῖδιότητος
1465 3835 1480 3858 ,
1531 3797 1626 3850 καὶ
1661 3796 1714 3848 εἴ
1742 3814 1795 3849 τι
1831 3797 1960 3850 ἄλλο

385 3889 476 3940 τὸν
510 3889 601 3941 ἐπὶ
642 3889 855 3941 πάντων
884 3888 1014 3942 Θεὸν
1042 3889 1130 3942 διὰ
1171 3888 1278 3941 τῶν
1310 3887 1546 3940 εὐσεϐῶν
1591 3889 1721 3957 ημῖν
1752 3887 1958 3958 νοημά-

386 3998 492 4034 των
547 3981 893 4051 παρίστησινο
923 3980 1063 4033 ὥστε
1116 3981 1296 4034 πάντα
1320 3980 1387 4032 τά
1407 3980 1836 4050 ἀπεμφαίνοντα,
1868 3981 1962 4032 καὶ

386 4073 600 4144 ἑκάστῳ
621 4073 728 4126 τῶν
762 4074 896 4144 πρὸς
918 4073 979 4126 τὸ
1007 4075 1250 4143 κρεῖττον
1281 4072 1702 4142 ὑπειλημμένων
1722 4072 1959 4125 ἀντιδια-

388 4163 734 4233 στελλὸμενα,
762 4164 858 4232 τῆς
883 4163 1146 4232 γεννητῆς
1177 4163 1282 4215 [δια
1301 4163 1538 4233 νομίζειν
1566 4163 1752 4226 οὐσίας
1791 4158 1952 4216 εἴναι.

2065 3341 2407 3396 innascibilis
2437 3339 2796 3395 differentiam
2828 3342 3114 3406 fabricent,
3141 3344 3298 3400 facile
3319 3353 3402 3401 est
3432 3347 3635 3408 videre.

2064 3448 2311 3502 quaenam
2345 3433 2472 3487 inde
2503 3434 2715 3487 oriatur
2739 3437 3094 3488 consecutio:
3144 3451 3340 3505 nempe
3363 3437 3409 3490 si
3441 3453 3638 3510 secun¢

2063 3525 2192 3577 dum
2240 3523 2524 3578 nominum
2577 3526 2975 3594 oppositionem
3028 3527 3159 3595 ipsa:
3213 3529 3378 3582 etiam
3431 3538 3639 3585 natura:

2062 3629 2274 3679 eorum,
2325 3614 2418 3682 qui
2480 3628 2576 3683 per
2627 3615 2848 3668 nomina
2899 3615 3298 3684 signiﬁcantur,
3363 3621 3638 3674 contrarie

2063 3718 2184 3758 sese
2240 3701 2472 3755 invicem
2531 3701 2752 3764 habent,
2812 3701 3202 3758 inevitabiliter
3248 3707 3516 3775 sequitur,
3573 3723 3636 3760 ea

2065 3794 2253 3856 etiam,
2301 3809 2424 3862 quae
2477 3793 2586 3848 illis
2639 3795 2822 3848 inesse
2869 3794 3312 3860 considerantur,
3363 3801 3638 3854 contrarie

2064 3902 2184 3940 sese
2211 3885 2440 3939 habere:
2479 3894 2535 3937 ut
2565 3885 2791 3954 proinde
2817 3884 3107 3955 Unigenito
3131 3903 3360 3956 prorsus
3388 3890 3637 3957 opposita

2063 3979 2154 4042 iis,
2187 3992 2309 4047 quae
2331 3977 2398 4032 de
2428 3976 2591 4029 Patre
2617 3976 2975 4039 aliirmantur,
3009 3979 3473 4034 accommodanda
3502 3982 3634 4045 sint,

2063 4070 2337 4138 opposita,
2392 4069 2638 4137 inquam,
2679 4067 2973 4133 divinitati,
3024 4070 3329 4134 sanctitati,
3382 4070 3634 4136 bonitati,

2064 4159 2822 4229 incorruptioui,aeternitati,
2876 4169 2930 4213 et
2987 4161 3041 4214 id
3087 4177 3260 4230 genus
3315 4163 3458 4222 aliis.
3516 4179 3638 4233 quae

389 4253 552 4307 Deum
617 4254 994 4307 universorum
1053 4270 1149 4322 per
1212 4253 1331 4322 pias
1387 4252 1747 4321 cogitationes
1804 4254 1964 4308 nobis
2006 4259 2418 4321 repraesentant.
2473 4249 2654 4315 Quare
2713 4259 2947 4320 oportet,
2997 4261 3057 4305 ut
3124 4269 3314 4308 omnes
3365 4264 3528 4319 notat,
3583 4265 3637 4311 et

389 4347 571 4400 omnia
631 4354 839 4398 naturae
893 4345 1091 4398 indicia
1137 4344 1452 4398 melioribus
1500 4344 1607 4396 illis
1661 4344 1962 4406 contraria,
1997 4352 2207 4398 natura
2237 4342 2431 4411 genita:
2452 4343 2669 4411 propria
2700 4343 2999 4398 existimari
3028 4345 3280 4399 debeant.

458 4439 755 4510 Σαφηνείας
771 4438 824 4489 δὲ
849 4437 1028 4508 χάριν,
1053 4437 1535 4507 προσδιατριπτέον
1559 4436 1674 4488 ἐστὶ
1695 4435 1771 4506 τῷ
1787 4437 1958 4506 τόπῳ.

2137 4437 2206 4487 At
2243 4433 2512 4488 claritatis
2545 4447 2712 4488 causa
2744 4434 2834 4488 isti
2891 4435 3011 4489 loco
3055 4439 3304 4491 nonnihil
3355 4439 3633 4496 immorari

389 4535 594 4604 Ὠσπερ
621 4531 700 4602 τῷ
723 4529 909 4602 θερμῷ
935 4530 1026 4584 καὶ
1053 4530 1128 4600 τῷ
1151 4530 1364 4601 ψυχρῷ,
1388 4531 1647 4590 ἐναντίοις
1676 4525 1794 4582 οῦσι
1822 4529 1961 4582 κατὰ

2066 4525 2234 4579 lubet.
2281 4523 2752 4589 Quemadmodum
2809 4526 3046 4580 calidum
3096 4537 3151 4582 et
3217 4530 3471 4599 frigidum
3527 4533 3634 4588 sibi

385 4627 480 4696 τὴν
511 4620 1031 4694 φύσιν·(ὐποκείσθω
1059 4624 1114 4675 δὲ
1153 4624 1232 4693 τῷ
1277 4625 1418 4694 λόγῳ
1460 4624 1570 4693 πῦρ
1597 4641 1656 4676 τε
1701 4623 1793 4677 καὶ
1828 4624 1959 4693 κρύ-

388 4716 630 4780 σταλλος.
678 4715 884 4768 Ἐκεῖνο
910 4716 1164 4785 ἑκάτερον
1195 4715 1276 4778 ὃν,
1309 4717 1444 4787 ὅπερ
1471 4716 1571 4768 οὐκ
1603 4715 1716 4767 ἔστι
1745 4715 1805 4767 τὸ
1843 4716 1960 4766 ’ἑτε-

388 4826 500 4881 ρον.
543 4809 654 4862 Καὶ
697 4809 766 4862 τά
797 4809 942 4869 ίδίως
992 4807 1236 4878 ἑκατέρῳ
1275 4807 1478 4860 τούτων
1526 4807 1953 4877 ἐπιφαινόμενα,

388 4897 850 4969 παρηλλαγμένως
879 4896 990 4967 ἔχει
1021 4899 1236 4959 πάντως
1266 4897 1399 4967 πρὸς
1434 4897 1653 4967 ἄλληλα·
1692 4898 1820 4950 ἴδιον
1852 4897 1958 4967 γὰρ

386 4990 479 5043 τοῦ
516 4990 611 5060 μὲν
643 4989 977 5059 κρυστάλλου
1009 4989 1042 5058 ή
1077 4987 1254 5056 ψύξις·
1287 4987 1381 5040 τοῦ
1427 4987 1481 5040 δὲ
1527 4988 1726 5058 πυρὸς,
1762 4989 1795 5056 ἡ
1830 4986 1956 5055 θερο

391 5078 786 5152 μὸτης·)οῦτως
816 5080 971 5148 εἴπερ
998 5079 1138 5131 κατά
1162 5078 1258 5148 τὴν
1292 5081 1348 5131 ὲν
1384 5081 1494 5140 τοῖς
1523 5078 1779 5148 ὀνόμασιν
1809 5079 1960 5129 ἐναν-

386 5174 573 5225 τίωσιν
611 5173 702 5225 ἐπὶ
743 5172 837 5224 τοῦ
875 5171 1166 5238 ἀγεννήτου
1214 5170 1307 5221 καὶ
1351 5168 1630 5236 γεννητοῦ,
1683 5167 1776 5220 καὶ
1806 5170 1837 5238 ή
1872 5167 1958 5220 6ιά

385 5267 490 5318 τῶν
515 5266 794 5335 ὀνομάτων
825 5263 1126 5333 δηλουμένη
1156 5261 1314 5330 φύσις
1351 5261 1484 5329 πρὸς
1510 5261 1570 5313 τὸ
1589 5259 1960 5329 ἀντικείμενον

385 5358 652 5426 διασταίη,
686 5359 784 5410 οὐκ
815 5356 1084 5424 ἐνδέχεται
1127 5353 1222 5416 τὰς
1253 5353 1508 5422 δυνάμεις
1537 5351 1646 5403 τῶν
1687 5351 1826 5404 κατά
1863 5350 1960 5417 φύ-

389 5464 472 5500 σιν
499 5446 852 5508 ὑπεναντίων,
883 5445 1070 5516 ὁμοίας
1101 5442 1357 5511 ἀλλήλαις
1401 5436 1560 5494 εἶναι’
1590 5441 1664 5500 ὡς
1692 5441 1790 5494 οὐκ
1816 5440 1961 5492 ἑνδέ-

388 5554 559 5607 χεται,
591 5535 715 5590 οὐτε
763 5538 822 5589 ὲν
850 5536 983 5606 πυρὶ
1009 5533 1108 5603 τὴν
1149 5532 1330 5602 ψύξιν,
1378 5532 1501 5584 οὐτε
1533 5536 1591 5585 ἐν
1643 5532 1961 5602 κρυστάλλῳ

387 5628 638 5696 γενέσθαι
668 5629 766 5698 τὴν
795 5626 1060 5697 πύρωσιν.
1097 5625 1159 5677 Εἰ
1191 5620 1284 5678 οὖν
1317 5627 1374 5675 ὲν
1406 5628 1468 5692 τῇ
1502 5623 1783 5692 ἁγεννήτῳ
1806 5623 1963 5692 οὐσίᾳ

387 5720 420 5786 ἡ
451 5717 721 5787 ἀγαθότης
743 5720 962 5777 νοεῖται,
985 5717 1234 5785 διέστηκε
1253 5715 1332 5778 δὲ,
1357 5712 1538 5775 καθὼς
1561 5714 1754 5765 ἐκεῖνοί
1777 5729 1958 5781 φασιν,

389 5814 446 5865 ὲν
475 5811 553 5879 τῷ
583 5810 724 5880 λόγῳ
750 5811 846 5880 τῆς
881 5809 1090 5876 φύσεως
1115 5807 1248 5878 πρὸς
1268 5806 1365 5877 τὴν
1391 5805 1650 5876 γεννητὴν
1677 5807 1708 5874 ὴ
1730 5805 1930 5874 ἀγέννη
1948 5835 1962 5846 -

2065 4625 2255 4671 mutuo
2315 4616 2737 4671 adversantibus
2783 4619 2998 4672 naturis
3048 4629 3309 4673 constant
3347 4622 3634 4691 (accipia-

2061 4724 2187 4763 mus
2229 4707 2464 4776 exempli
2501 4709 2674 4775 gratia
2711 4707 2888 4777 ignem
2929 4717 2983 4763 et
3039 4711 3292 4779 glaciem.
3342 4711 3635 4777 Quodlibet

2061 4806 2145 4850 est
2175 4797 2332 4860 illud,
2365 4797 2512 4864 quod
2547 4812 2656 4850 non
2714 4806 2799 4852 est
2851 4798 3107 4860 alterum,
3151 4808 3205 4853 et
3235 4815 3356 4867 quae
3412 4803 3634 4857 cuilibet

2061 4885 2256 4938 horum
2289 4885 2508 4955 proprie
2535 4886 2892 4948 conveniunt,
2923 4902 3151 4956 prorsus
3177 4889 3320 4943 inter
3340 4906 3400 4945 se
3425 4891 3633 4946 discre-

2060 4984 2190 5046 pant
2219 4995 2230 5030 :
2262 4991 2387 5029 nam
2421 4977 2612 5046 glaciei
2645 4979 2926 5046 proprium
2956 4988 3041 5034 est
3087 4979 3428 5050 refrigerare,
3491 4985 3633 5054 ignis

2060 5066 2406 5135 calefacere),
2435 5067 2528 5130 ita,
2561 5067 2607 5122 si
2647 5075 2704 5121 ut
2727 5069 2946 5122 nomina
2973 5069 3028 5122 in
3048 5069 3352 5126 innascibili
3379 5082 3432 5127 et
3459 5076 3635 5129 nasci-

2061 5158 2153 5211 bili
2183 5159 2287 5212 sibi
2322 5157 2600 5211 contraria
2634 5167 2787 5222 sunt,
2810 5159 2890 5212 sic
2927 5161 3090 5214 etiam
3150 5173 3343 5217 natura
3399 5167 3636 5221 nomini-

2060 5255 2164 5305 bus
2192 5250 2498 5321 significata
2524 5252 2925 5321 oppositionetn
2947 5254 3132 5320 habet,
3160 5258 3272 5310 fieri
3297 5275 3403 5312 non
3432 5270 3632 5329 potest,

2062 5351 2120 5395 ut
2147 5343 2401 5412 potentiae
2435 5359 2624 5398 eorum
2650 5361 2771 5414 qua:
2799 5345 3102 5400 secundum
3130 5357 3381 5402 naturam
3415 5363 3635 5406 contra-

2063 5435 2144 5488 ria
2179 5445 2328 5500 sunt,
2370 5437 2478 5491 sint
2515 5436 2660 5490 inter
2687 5452 2746 5491 se
2777 5437 3008 5500 similes,
3040 5449 3201 5507 prout
3238 5442 3351 5495 fieri
3394 5457 3502 5494 non
3540 5458 3635 5511 po-

2063 5535 2189 5590 test,
2243 5537 2298 5581 ut
2356 5528 2409 5580 in
2458 5528 2582 5596 igne
2636 5528 2944 5596 inveniatur
3002 5529 3210 5602 frigus,
3256 5541 3310 5587 et
3365 5535 3419 5586 in
3463 5537 3635 5604 glacie

2063 5621 2234 5676 calor.
2291 5619 2346 5674 Si
2400 5621 2561 5689 igitur
2623 5621 2676 5674 iu
2715 5629 2909 5676 natura
2951 5622 3264 5679 innascibili
3298 5626 3515 5680 bonitas
3557 5627 3634 5680 iu-

2064 5723 2170 5774 est,
2204 5714 2479 5782 discrepat
2519 5721 2723 5776 autem,
2778 5715 2922 5782 quod
2977 5716 3052 5770 illi
3100 5716 3390 5781 allirmant,
3449 5717 3504 5772 iu
3552 5734 3633 5771 ra-

2067 5806 2217 5860 tione
2255 5814 2463 5861 naturtc
2494 5805 2836 5863 innascibilis
2873 5823 2903 5860 a
2942 5809 3212 5874 nascibili,
3250 5824 3477 5865 necesse
3525 5825 3628 5875 om_

462 5957 487 5985 ι
529 5943 821 6013 [lucusque
850 5943 1050 6011 Apogr.
1086 5939 1229 6006 Liv.;
1260 5940 1547 6010 sequentia
1577 5955 1642 5995 ex
1681 5939 1800 5993 solo
1843 5937 1965 5993 cod.
1993 5936 2120 5991 Bav.
