4146 6370
93 6253 364 6336 Δ

481 473 583 529 HI

1745 461 1804 518 S.
1831 460 2159 519 GREGORII
2215 458 2514 518 NYSSENI

3652 459 3758 515 412

483 588 614 641 nino
640 593 741 647 est,
778 589 837 636 ut
888 582 965 648 id,
1023 581 1170 650 quod
1225 587 1310 636 est
1359 577 1642 650 proprium
1706 579 2070 642 innascibilis,

2186 596 2289 644 τος,
2321 580 2765 650 συνδιαστήσεται
2809 579 3028 643 πάντως
3065 579 3157 633 καὶ
3186 577 3280 631 τοῦ
3322 576 3657 646 ἀγγεννήτου
3698 574 3760 627 τὸ

483 679 762 748 discrepet
789 691 1006 746 quoque
1042 676 1111 729 ab
1132 675 1246 735 illo,
1275 674 1422 744 quod
1448 682 1534 728 est
1557 673 1834 742 proprium
1889 671 2070 726 nasci-

483 767 634 824 bilis.
668 767 852 837 Itaque
877 768 924 821 si
951 767 1005 819 in
1043 767 1134 820 illa
1173 775 1373 820 natura
1419 765 1562 818 inest
1592 764 1832 828 bonitas,
1891 763 1944 816 in
1970 762 2071 816 hac

487 857 565 916 id.
595 857 740 928 quod
790 857 934 912 bono
987 856 1309 926 opponitur,
1365 853 1791 924 concipiendum
1837 852 1960 905 erit.
1992 852 2069 904 Ita

486 961 653 1017 opera
681 947 978 1018 insignium
1012 947 1242 1000 istorum
1276 945 1730 1016 dogmatistarum
1783 941 2073 996 reviviscet

489 1038 677 1094 Manes
725 1040 853 1093 mali
889 1047 1144 1093 naturam
1192 1052 1478 1108 opponens
1517 1037 1683 1098 bono,
1725 1043 1781 1089 et
1821 1034 2076 1088 substan-

487 1130 688 1182 tiarum
740 1129 1111 1183 diversitatem
1171 1127 1224 1180 in
1285 1127 1424 1196 ipsis
1467 1140 1686 1196 quoque
1730 1124 1992 1195 potentiis
2021 1133 2076 1178 et

489 1219 789 1274 virtutibus
831 1229 1110 1273 astruens.

563 1309 624 1364 Si
675 1318 858 1364 autem
901 1310 1036 1363 nihil
1074 1309 1295 1379 penitus
1335 1307 1798 1362 dissimulandum
1838 1315 1944 1373 est,
1979 1308 2075 1363 sed

490 1401 682 1456 omnia
727 1401 898 1455 libere
921 1399 1154 1454 dicenda
1183 1417 1196 1452 :
1232 1398 1419 1453 Manes
1444 1400 1640 1452 merito
1665 1397 1818 1451 venia
1861 1396 2077 1467 dignior

491 1493 798 1548 existimari
840 1500 1042 1562 potest,
1095 1505 1261 1562 quam
1293 1491 1382 1543 isti
1409 1505 1604 1560 :qnem
1648 1491 1800 1544 aiunt
1841 1492 2075 1558 primum

495 1586 689 1649 fuisse,
738 1585 834 1654 qui
879 1583 1180 1637 Manichaea
1228 1581 1484 1652 dogmata
1516 1583 1720 1637 cudere
1769 1582 2074 1652 ingressus,

495 1688 700 1732 sectam
747 1677 816 1728 de
858 1690 959 1728 suo
990 1674 1213 1728 nomine
1245 1674 1624 1743 appellaverit.
1665 1672 1788 1726 Haec
1821 1674 2076 1738 dixerim,

497 1773 657 1842 quasi
701 1773 749 1826 si
797 1771 923 1841 quis
961 1786 1026 1823 ex
1067 1771 1252 1839 vipera
1287 1777 1340 1822 et
1383 1771 1573 1838 aspide
1615 1770 1984 1838 benigniorem
2025 1780 2078 1822 et

493 1865 774 1920 mitiorem
819 1863 1005 1932 eligat,
1046 1877 1169 1915 cum
1219 1861 1383 1914 etiam
1442 1862 1582 1914 inter
1629 1863 1745 1929 ipsa
1784 1861 1942 1914 bruta
1969 1861 2080 1913 ani-

2181 674 2310 727 ἴδιον
2343 673 2449 726 ἀπὸ
2477 673 2570 726 τοῦ
2619 675 2760 726 κατά
2801 673 2862 725 τὸ
2888 673 3140 742 γεννητὸν
3171 669 3480 735 ίδιάζοντος.
3521 670 3682 722 Ὥστε
3711 669 3758 720 εί

2179 769 2236 820 ὲν
2267 767 2461 838 ἐκείνῳ
2487 767 2548 819 τὸ
2583 765 2806 834 ἀγαθὸν,
2833 767 2891 818 ἐν
2920 765 3095 832 τούτῳ
3125 764 3360 818 νοεῖσθαι
3378 762 3440 816 τὸ
3467 761 3544 832 τῷ
3571 759 3762 830 ἀγαθῷ

2179 857 2572 928 ἀντικείμενον.
2607 857 2717 911 Καὶ
2741 856 2912 919 οὕτως
2937 858 3068 926 ἡμῖν
3089 854 3178 909 διά
3206 854 3314 907 τῶν
3346 853 3524 923 σοφῶν
3557 851 3762 905 τούτων

2175 947 2574 1016 δογματιστῶν.
2619 946 2781 1000 πάλιν
2811 949 2839 1000 ὁ
2878 946 3071 1016 Μάνης
3118 943 3480 998 ἀναόιώσεται
3522 942 3619 1013 τὴν
3661 941 3762 1010 τῆς

2181 1035 2378 1101 κακίας
2413 1036 2571 1106 φύσιν
2601 1037 3048 1108 ἀντιπαρεξάγων
3075 1036 3151 1104 τῷ
3185 1034 3394 1105 ἀγαθῷ,
3427 1034 3521 1087 καὶ
3559 1035 3626 1102 τῇ
3654 1031 3761 1084 τῶν

2181 1130 2379 1183 οὐσιῶν
2410 1130 2686 1200 ἑτερότητι
2725 1127 3066 1199 δογματίζων
3095 1127 3156 1180 τὸ
3200 1129 3258 1180 ὲν
3305 1129 3424 1189 ταῖς
3468 1124 3762 1195 δυνάμεσιν

2183 1222 2362 1275 αὑτῶν
2391 1221 2787 1287 ἀντικείμενον.

2256 1313 2318 1365 Εἰ
2347 1313 2404 1366 δὲ
2433 1311 2539 1383 χρὴ
2576 1311 2738 1381 μηδὲν
2774 1311 3231 1381 ὑποστειλάμενον
3275 1312 3412 1380 μετά
3450 1310 3763 1382 παρρησίας

2184 1407 2378 1469 εἰπεῖν,
2415 1405 2884 1476 συγγνωστότερος
2915 1404 3120 1458 τούτων
3160 1407 3188 1457 ὁ
3221 1403 3408 1472 Μάνης
3448 1404 3670 1466 εἰκότως
3697 1402 3764 1456 ἂν

2185 1494 2322 1550 εἶναι
2351 1495 2652 1566 νομίζοιτοι
2683 1496 2742 1548 δν
2771 1496 2982 1567 πρῶτόν
3018 1513 3149 1564 φασι
3187 1499 3299 1560 τοῖς
3327 1494 3560 1566 δόγμασι
3593 1493 3766 1548 Μανι-

2184 1588 2354 1659 χαίων
2399 1588 2854 1659 ὲπιτολμήσαντα,
2902 1589 2993 1657 ἀφ’
3032 1588 3226 1642 ἑαυτοῦ
3269 1587 3633 1657 κατονομάσαι
3666 1586 3763 1657 τὴν

2186 1682 2416 1751 αἵρεσιν.
2467 1679 2625 1748 Λέγω
2666 1679 2724 1731 δὲ
2779 1679 2968 1743 ταῦτα,
3007 1681 3083 1743 ὡς
3127 1681 3193 1734 ἂν
3223 1680 3383 1742 εἴτις
3431 1679 3643 1750 ἐχίδνης
3671 1680 3766 1732 καὶ

2186 1774 2412 1835 ἀσπίδος
2457 1772 2553 1844 τὴν
2586 1773 3103 1844 φιλανθρωποτέραν
3130 1773 3405 1841 ἐκλέγοιτο
3427 1790 3440 1804 '
3475 1771 3613 1843 πλὴν
3647 1771 3763 1824 ἀλλ’

2188 1867 2374 1935 ἐπειδή
2405 1867 2520 1917 ἐστι
2552 1866 2645 1918 καὶ
2678 1866 2735 1918 ὲν
2766 1863 2972 1935 θηρίοις
3011 1865 3210 1934 κρίσις,
3250 1865 3370 1933 οὑχι
3393 1863 3597 1916 τούτων
3623 1861 3766 1914 ἐκεί-

496 1959 704 2010 mantia
739 1957 811 2010 sit
859 1954 1158 2009 discrimen
1195 1951 1492 2020 quoddam.
1540 1951 1732 2006 Nonne
1781 1953 1902 2006 illos
1950 1952 2081 2022 (Ma—

2187 1975 2306 2019 νους
2338 1957 2724 2026 ἀνεκτοτέρους
2777 1952 2911 2010 εἶναι
2954 1957 3356 2026 δοκιμαζόμενα
3397 1954 3465 2008 τά
3520 1955 3764 2024 δόγματα

496 2049 762 2117 ιιὶιυΙιιεοε)
799 2049 886 2102 his
926 2046 1326 2117 (Eunontianis)
1386 2046 1784 2099 tolerabiliores
1825 2045 2077 2114 dogmata

496 2145 561 2197 al
611 2157 840 2196 examen
883 2149 1073 2194 vocata
1125 2139 1468 2193 ostendunt?
1519 2137 1614 2192 Ille
1665 2139 1810 2192 enim
1848 2136 2078 2207 (Manes)

496 2235 764 2289 bonorum
790 2233 997 2287 auctori
1033 2241 1086 2286 et
1116 2233 1390 2303 principio
1427 2246 1486 2285 se
1519 2229 1850 2299 patrocinari
1883 2229 2080 2283 existi-

497 2326 700 2388 mabat,
734 2333 998 2395 tanquam
1035 2326 1182 2378 nulla
1208 2325 1334 2378 ntali
1385 2338 1552 2377 causa
1579 2321 1650 2375 ab
1688 2322 1780 2376 illo
1813 2322 2080 2391 originem

495 2417 660 2470 ducat
709 2434 722 2470 :
779 2425 1070 2486 propterea
1115 2416 1180 2468 ad
1232 2415 1381 2468 aliud
1435 2415 1759 2483 principium
1794 2413 2080 2483 proprium

496 2508 743 2562 omnium
766 2524 980 2570 eorum,
1012 2524 1134 2577 qua:
1171 2508 1226 2562 in
1253 2507 1410 2560 malis
1446 2514 1827 2567 numerantur,
1857 2520 2078 2558 causam

498 2601 706 2664 retulit,
725 2600 881 2671 quasi
903 2615 998 2669 pro
1017 2598 1127 2654 Deo
1145 2599 1527 2652 universorum
1548 2597 1870 2650 advocatum
1892 2611 2078 2664 agt-ns:

495 2691 726 2762 perinde
778 2707 843 2746 ac
900 2692 944 2745 si
1000 2691 1277 2760 piaculum
1323 2699 1469 2744 esset
1521 2689 1790 2743 bonorum
1836 2688 2080 2742 omnium

497 2781 727 2844 l‘ontetn,
777 2796 992 2841 eorum,
1026 2797 1145 2848 quae
1192 2788 1386 2849 pra’ler
1431 2779 1697 2833 rationem
1733 2779 2086 2833 committun-

498 2879 610 2934 tur,
650 2885 914 2924 aeeusare
959 2888 970 2922 :
1029 2885 1136 2923 non
1181 2868 1514 2939 intelligi-ns,
1553 2884 1663 2938 prae
1709 2868 1878 2922 animi
1912 2883 2085 2936 angu-

497 2961 643 3024 stiis,
689 2960 803 3014 fieri
856 2975 1040 3028 posse,
1076 2967 1132 3011 nt
1177 2975 1355 3028 neque
1412 2959 1554 3014 Deus
1598 2959 1865 3012 malorum
1893 2967 2086 3012 auctor

498 3053 787 3117 habeatur,
827 3067 1004 3121 neque
1038 3051 1145 3105 alia
1177 3051 1444 3120 quaepiam
1490 3066 1657 3105 causa
1702 3051 1956 3120 principii
1989 3067 2086 3104 ex-

497 3159 626 3214 pers
666 3144 1077 3198 introducatur.
1141 3144 1214 3198 De
1262 3160 1372 3212 quo
1415 3145 1573 3213 longa
1622 3154 1709 3197 est
1757 3142 2082 3211 disputatio,

498 3253 676 3307 neque
732 3235 1020 3307 praesentis
1068 3237 1354 3305 temporis.
1407 3236 1608 3299 Causa,
1659 3251 1758 3288 cur
1807 3235 1910 3289 hoc
1965 3235 2086 3289 loco

500 3329 698 3384 horutn
735 3327 1070 3383 mentionem
1117 3326 1430 3392 fecerimus,
1465 3328 1566 3381 ista
1597 3335 1700 3391 est,
1734 3327 1861 3396 quia
1901 3325 2088 3382 Manes

501 3419 879 3474 arbitrabatur
909 3433 937 3471 a
973 3418 1080 3472 Deo
1113 3419 1496 3472 universorum
1528 3418 1680 3472 omni
1740 3419 1901 3472 modo
1938 3419 2088 3487 prin-

497 3511 704 3582 cipium
737 3512 862 3564 mali
899 3511 1170 3565 removeri
1204 3511 1424 3565 debere.
1473 3511 1544 3563 At
1589 3510 1678 3565 isti
1712 3510 2087 3582 (Eunomiani)

499 3604 662 3674 longe
706 3602 1014 3673 graviorem
1053 3618 1217 3672 quam
1255 3589 1354 3664 illi,
1397 3612 1450 3655 et
1483 3602 1861 3658 absurdioretn
1891 3613 2085 3658 contra

500 3695 700 3750 Filium
725 3695 1121 3764 blasphemiam
1152 3694 1384 3748 cndunt.
1415 3693 1679 3749 Naturam
1717 3696 1989 3749 malorum
2020 3697 2090 3750 si-

499 3790 705 3844 militer
738 3797 799 3842 ut
843 3789 942 3854 illi,
974 3789 1322 3858 oppositione
1367 3789 1670 3842 secundum
1719 3789 2084 3843 substantiam

499 3881 826 3945 metiuntur,
882 3888 1158 3949 quatenus
1199 3894 1329 3933 vero
1383 3879 1438 3932 in
1493 3879 1597 3932 hoc
1648 3895 1749 3933 suo
1808 3880 2085 3949 ﬁgmento,

499 3972 883 4027 universorum
919 3972 1083 4024 Deum
1118 3979 1360 4025 statuunt
1397 3971 1756 4035 conditorem,
1801 3988 1828 4022 a
1862 3987 1991 4041 quo.
2032 3982 2091 4026 ut

499 4064 676 4126 aiunt,
721 4064 1073 4132 generatione
1107 4061 1416 4116 substantia
1455 4061 1721 4131 producta
1761 4062 1955 4115 aliena:
1994 4078 2088 4115 na-

499 4164 636 4208 tura)
678 4154 750 4208 sit
791 4168 822 4207 a
875 4164 1074 4207 natura
1115 4153 1200 4208 sui
1250 4153 1484 4222 opificis,
1523 4161 1752 4207 eatenus
1810 4153 2090 4222 impietate

500 4245 832 4301 Maniebazos
878 4247 1037 4315 longe
1085 4253 1349 4314 superant
1399 4263 1411 4298 :
1450 4244 1578 4314 quia
1637 4261 1744 4297 non
1793 4245 1970 4298 solum
2014 4245 2086 4308 ei,

500 4333 646 4403 quod
695 4333 999 4388 secundum
1052 4347 1205 4386 suam
1249 4340 1505 4385 naturain
1561 4331 1706 4384 bono
1743 4333 2087 4396 adversatur,

502 4425 1111 4496 hypostasintribuunt,
1148 4426 1242 4480 sed
1269 4426 1394 4493 quia
1427 4425 1632 4478 bonum
1671 4424 1836 4478 Deum
1863 4426 2090 4480 alterius

499 4517 598 4572 Dei
651 4526 846 4570 natura
899 4533 1126 4587 prorsus
1164 4517 1368 4571 diversi
1412 4518 1817 4586 progenitorem
1858 4517 2087 4584 faciunt,

502 4621 714 4664 tantum
766 4626 873 4663 non
934 4609 1222 4663 manifeste
1283 4609 1388 4662 hac
1434 4625 1534 4662 sua
1578 4609 1830 4663 doctrina
1885 4613 2088 4664 vocife-

500 4712 709 4767 rantes,
745 4701 952 4771 aliquid
994 4717 1118 4756 esse
1153 4710 1362 4755 natura:
1397 4701 1521 4755 boni
1553 4703 1913 4765 contrarium,
1942 4703 2085 4771 quod

499 4794 571 4847 ab
598 4794 716 4862 ipso
742 4794 884 4846 bono
918 4791 1244 4862 hypostasin
1273 4792 1568 4861 acceperit.
1597 4790 1731 4842 Nam
1759 4808 1882 4844 eum
1907 4791 2086 4846 Patris

499 4885 811 4940 substantia
861 4885 1003 4938 bona
1051 4884 1121 4939 sit
1159 4883 1390 4948 credita,
1429 4884 1737 4938 substantia
1775 4901 1903 4938 vero
1937 4885 2081 4950 Filii,

500 4992 567 5031 eo
603 4979 752 5046 quod
781 4992 892 5030 non
929 4975 1120 5029 eodem
1171 4975 1331 5029 modo
1377 4990 1436 5028 se
1489 4975 1686 5028 habeat
1741 4990 1866 5028 cum
1923 4974 2084 5032 Patre

501 5066 806 5123 secundum
856 5075 1064 5120 naturae
1131 5069 1424 5132 rationem,
1480 5077 1644 5136 prout
1697 5066 2081 5122 hzereticorum

499 5169 586 5214 εει
623 5159 830 5227 opinio,
864 5157 935 5212 ‘in
993 5158 1399 5212 contrariorum
1443 5158 1634 5212 ordine
1667 5176 1732 5212 ex
1769 5161 2077 5214 necessaria

500 5250 894 5304 eonseeutione
920 5250 1177 5304 collocari
1211 5249 1428 5312 debeat,
1455 5250 1584 5319 quid
1611 5250 1736 5303 hinc
1757 5250 2081 5305 coniicitur?

501 5340 616 5395 Hoc
669 5341 946 5403 nimirum,
982 5340 1285 5394 subsistere
1321 5340 1527 5408 aliquid
1565 5340 1708 5394 bono
1739 5343 2076 5410 oppositum,

2181 2049 2484 2116 δείκνυσιν;
2524 2049 2581 2103 Ὀ
2619 2050 2714 2119 μὲν
2753 2049 2862 2117 γάρ
2915 2048 3297 2117 συναγορεύειν
3341 2047 3477 2118 ᾣετο
3507 2045 3584 2116 τῷ
3614 2045 3765 2115 αὑτῷ

2186 2139 2405 2208 ἀγαθῶν
2446 2139 2603 2211 αἰτίῳ
2630 2157 2642 2170 ·
2683 2142 2758 2203 ὡς
2790 2141 3044 2210 οὐδεμιᾶς
3072 2139 3252 2193 κακῶν
3279 2138 3456 2202 αἰτίας
3494 2139 3586 2192 ἀπ’
3619 2137 3765 2190 ὲκεί-

2183 2249 2273 2286 νου
2308 2233 2405 2304 τὴν
2453 2233 2626 2303 ἀρχὴν
2671 2232 2957 2302 λαϐούσης.
2989 2233 3098 2284 Καὶ
3139 2231 3226 2285 διά
3261 2231 3418 2285 τοῦτο
3461 2233 3539 2294 εἰς
3593 2231 3766 2302 ἀρχὴν

2183 2324 2377 2395 ἑτέραν
2442 2324 2767 2388 ἰδιάζουσαν,
2818 2324 2926 2377 τῶν
2979 2325 3117 2396 πρὸς
3161 2325 3224 2376 τὸ
3278 2327 3458 2394 χεῖρον
3506 2323 3768 2395 ἀριθμου-

2189 2415 2366 2484 μένων
2431 2418 2648 2471 πάντων
2712 2416 2811 2488 τὴν
2874 2417 3054 2471 αἰτίαν
3107 2417 3345 2487 ἀνῆψεν·
3412 2413 3522 2470 οἷον
3574 2415 3770 2469 ἀπολο-

2184 2507 2450 2577 γούμενος
2503 2509 2644 2578 ὑπὲρ
2691 2508 2784 2562 τοῦ
2816 2508 2952 2562 Θεοῦ
2985 2508 3097 2564 τῶν
3145 2508 3301 2574 ὅλων,
3335 2507 3411 2571 ὡς
3449 2509 3548 2562 οὑκ
3575 2508 3768 2576 εὐαγὲς

2184 2601 2264 2664 ὃν,
2306 2601 2404 2672 τὴν
2435 2600 2543 2654 τῶν
2601 2601 2822 2670 ἀγαθῶν
2876 2602 3058 2673 πηγὴν
3104 2602 3197 2656 καὶ
3241 2601 3349 2654 τῶν
3412 2600 3562 2674 παρά
3611 2600 3768 2669 λόγον

2186 2694 2691 2766 πλημμελουμένων
2742 2695 3132 2748 ὲπαιτιᾶσθαι·
3178 2695 3237 2748 οὑ
3284 2695 3487 2758 συνιεὶς
3537 2692 3641 2747 ὑπὸ
3682 2712 3769 2762 με·

2186 2784 2505 2854 κροψυχίας,
2538 2785 2619 2837 ὅτι
2662 2785 2884 2838 δυνατὸν
2914 2781 3004 2856 ἦν,
3042 2785 3178 2857 μηδὲ
3216 2785 3400 2839 κακῶν
3444 2784 3768 2855 δημιουργὸν

2184 2874 2275 2926 τὸν
2314 2875 2445 2926 Θεὸν
2494 2875 2720 2938 οἴεσθαι,
2762 2876 2898 2946 μήτε
2933 2874 3062 2928 ἀλλο
3114 2893 3166 2928 τι
3206 2876 3440 2947 ἄναρχον
3484 2875 3633 2946 παρὰ
3678 2875 3768 2928 τὸν

2187 2965 2319 3018 Θεὸν
2349 2967 2741 3037 φαντασθῆναι.
2767 2968 2901 3036 Περὶ
2927 2961 3002 3020 ὧν
3025 2967 3189 3031 πολὺς
3215 2969 3244 3020 ὁ
3265 2967 3439 3036 λόγος.
3468 2969 3560 3021 καὶ
3587 2969 3646 3020 οὺ
3674 2966 3766 3020 τοῦ

2187 3058 2453 3127 πάροντος
2475 3057 2540 3111 ἀν
2569 3059 2650 3128 εἴη
2689 3059 2901 3130 καιροῦ.
2927 3059 3035 3113 Καὶ
3057 3055 3117 3114 οὗ
3141 3059 3299 3131 χάριν
3336 3060 3443 3114 τῶν
3468 3061 3770 3132 εἰρημένων

2189 3149 2570 3220 ἐμνήσθημεν;
2589 3151 2713 3203 Ὅτι
2737 3153 2942 3215 ἐκεῖνος
2967 3151 3066 3220 μὲν
3093 3152 3325 3224 ἀφιστᾷν
3351 3151 3487 3223 ᾢετο
3511 3153 3619 3206 δεῖν
3643 3153 3770 3224 περὶΙ

2183 3240 2282 3294 τοῦ
2320 3239 2456 3294 Θεοῦ
2483 3240 2595 3294 τῶν
2624 3241 2760 3296 ὅλων
2805 3246 2905 3315 τῆς
2941 3244 3138 3306 κακίας
3177 3244 3383 3315 ἀρχήν·
3418 3237 3560 3298 οὗτοι
3587 3244 3642 3296 δὲ
3665 3245 3766 3297 κά·

2191 3334 2388 3387 κείνων
2443 3333 2826 3406 χαλεπωτέραν
2879 3337 3346 3402 κατασκευάζουσι
3397 3336 3494 3408 τὴν
3541 3337 3769 3390 ἔκτοπον

2186 3429 2389 3499 ταύτην
2419 3429 2560 3482 κατὰ
2587 3427 2678 3481 τοῦ
2701 3428 2833 3481 Θεοῦ
2857 3428 3224 3500 βλασφημίαν.
3255 3429 3374 3483 Τῶν
3401 3431 3498 3500 μὲν
3530 3430 3639 3500 γάρ
3668 3446 3771 3483 καο

2187 3520 2300 3573 κῶν
2355 3522 2452 3591 τὴν
2494 3521 2654 3589 φύσιν
2685 3521 3081 3592 παραπλησίως
3109 3522 3335 3584 ἐκείνοις
3380 3522 3470 3574 διὰ
3497 3522 3596 3591 τῆς
3628 3522 3771 3577 κατά

2185 3609 2283 3677 τὴν
2310 3610 2498 3662 οὑσίαν
2533 3611 2904 3680 ἐναντιότητος
2950 3611 3391 3681 δογματίζουσινο
3421 3615 3478 3664 ὲν
3508 3606 3551 3680 ᾧ
3576 3614 3632 3666 δὲ
3663 3615 3767 3667 πά-

2187 3701 2269 3754 λιν
2316 3700 2411 3754 τοῦ
2451 3703 2693 3755 τοιούτου
2746 3701 3061 3773 πλάσματος
3088 3705 3177 3756 τὸν
3209 3704 3338 3756 Θεὸν
3370 3705 3476 3757 τῶν
3510 3703 3645 3758 ὅλων
3675 3705 3768 3777 δη-

2191 3794 2449 3864 μιουργὸν
2486 3794 2895 3863 ἀποφαίνονται,
2957 3797 3086 3865 παρ’
3116 3788 3175 3848 οῦ
3207 3814 3339 3865 φασι
3385 3797 3480 3867 τὴν
3516 3799 3766 3869 γέννησιν

2188 3884 2551 3958 ὲργασθεῖσαν
2585 3887 2771 3939 οὑσίαν
2801 3887 3094 3957 ἀλλοτρίως
3126 3887 3267 3958 ἔχειν
3294 3890 3434 3942 κατά
3477 3890 3575 3961 τὴν
3611 3891 3770 3959 φύσιν

2189 3973 2326 4044 πρὸς
2354 3974 2443 4026 τὸν
2473 3977 2792 4044 ποιήσαντα,
2821 3977 2878 4027 ἐν
2907 3975 3080 4046 τούτῳ
3105 3977 3166 4028 τὸ
3202 3977 3382 4031 πλεῖον
3415 3982 3492 4043 εἰς
3517 3982 3765 4034 ἀσέϐειαν

2190 4065 2341 4136 παρὰ
2370 4067 2495 4128 τοὺς
2550 4067 3020 4137 μνημονευθέντας
3077 4068 3323 4138 ἔχουσιν·
3377 4072 3459 4124 ὅτι
3497 4074 3558 4125 οὑ
3604 4074 3764 4144 μόνον

2185 4156 2486 4210 ὑπόστασιν
2511 4157 2712 4211 διδόασι
2737 4159 2815 4229 τῷ
2838 4161 3093 4222 ἐναντίως
3126 4161 3260 4231 πρὸς
3301 4163 3363 4214 τὸ
3390 4165 3589 4232 ἀγαθὸν
3625 4167 3768 4221 κατά

2187 4249 2287 4320 τὴν
2334 4249 2493 4318 φύσιν
2554 4249 2748 4320 ἔχοντι,
2805 4251 2922 4304 ἀλλ’
2953 4254 3032 4305 ὅτι
3063 4253 3153 4306 τὸν
3190 4256 3391 4323 ἀγαθὸν
3421 4259 3571 4319 Θεὸν,
3607 4261 3768 4314 ἄλλου

2189 4341 2325 4395 Θεοῦ
2367 4342 2462 4395 τοῦ
2512 4344 2652 4398 κατὰ
2701 4345 2802 4414 τὴν
2856 4345 3015 4414 φύσιν
3070 4347 3462 4420 διηλλαγμένου
3521 4353 3768 4422 λέγουσιν

2193 4438 2364 4488 αἴτιον
2428 4431 2600 4498 εἶναι,
2651 4438 2931 4508 μονονουχὶ
2988 4441 3238 4510 φανερῶς
3295 4443 3523 4512 βοῶντες
3587 4448 3644 4499 ἐν
3692 4448 3769 4520 τῷ

2191 4528 2451 4597 δόγματι,
2481 4531 2561 4582 ὅτι
2590 4531 2703 4582 ἔστι
2720 4548 2771 4583 τι
2795 4532 3110 4585 ὑπεναντίον
3140 4537 3204 4604 τῇ
3228 4533 3320 4587 τοῦ
3357 4536 3560 4603 ἀγαθοῦ
3587 4540 3766 4608 φύσει,

2195 4621 2324 4690 παρ’
2346 4621 2508 4674 αὑτοῦ
2532 4622 2650 4691 ἕχον
2674 4622 2766 4675 τοῦ
2798 4623 3000 4692 ἀγαθοῦ
3028 4625 3126 4697 τὴν
3162 4627 3476 4683 ὑπόστασιν.
3526 4631 3636 4701 Τῆς
3662 4633 3769 4703 γὰρ

2193 4711 2285 4764 τοῦ
2316 4714 2527 4784 Πατρὺς
2551 4715 2734 4778 οὐσίας
2766 4716 2977 4786 ἀγαθῆς
3008 4714 3146 4773 εἶναι
3178 4723 3614 4791 πεπιστευμένης
3636 4764 3649 4780 ,
3672 4723 3769 4792 τῆς

2185 4803 2242 4854 δὲ
2272 4805 2363 4856 τοῦ
2390 4805 2520 4858 Υίοῦ
2540 4806 2627 4860 διὰ
2654 4807 2713 4859 τὸ
2740 4808 2812 4879 μὴ
2844 4809 3102 4874 ὡσαύτως
3125 4811 3268 4880 ἔχειν
3304 4813 3380 4883 τῷ
3413 4815 3605 4884 Πατρὶ,
3629 4815 3770 4868 κατά

2185 4893 2275 4946 τὸν
2302 4896 2400 4965 τῆς
2449 4895 2664 4964 φύσεως
2721 4899 2899 4967 λόγον,
2934 4899 3116 4966 καθὼς
3157 4903 3305 4955 δοκεῖ
3345 4907 3411 4975 τῇ
3449 4906 3678 4975 αἱρέσει,
3713 4909 3768 4958 ἐν

2183 4988 2293 5048 τοῖς
2331 4988 2588 5051 ἐναντίοις
2621 4991 2761 5044 κατά
2805 4993 2866 5044 τὸ
2909 4992 3202 5046 ἀκόλουθον
3249 4995 3666 5068 εὑρισκομένης,
3715 4999 3769 5050 τί

2185 5075 2274 5129 διὰ
2302 5078 2504 5132 τούτων
2557 5082 3064 5150 κατασκευάζεταις
3126 5086 3198 5138 Τὸ
3233 5088 3327 5140 καὶ
3377 5090 3671 5156 ὑφεστάναι
3709 5090 3770 5142 τὸ

2186 5165 2264 5234 τῷ
2313 5168 2501 5239 ἀγαθῷ
2558 5171 2952 5243 ἀντικείμενον,
2985 5177 3078 5228 καὶ
3124 5177 3182 5242 ἐξ
3222 5177 3384 5230 αὑτοῦ
3424 5181 3518 5231 τοῦ
3564 5179 3767 5248 ἀγαθοῦ

2187 5261 2378 5329 στῆναι
2405 5262 2465 5314 τὸ
2492 5263 2807 5318 ὑπεναντίον
2843 5269 2908 5337 τῇ
2935 5269 3111 5336 φύσει.
3143 5269 3313 5322 Τοῦτὸ
3359 5289 3499 5341 φημι
3534 5273 3627 5324 καὶ
3669 5272 3768 5341 τῆς

2188 5350 2297 5402 τῶν
2325 5354 2637 5425 Μανιχαίων
2672 5358 2900 5421 ἀτοπίας
2922 5355 3061 5413 εἶναι
3087 5363 3338 5431 φρικτὸτε
3352 5380 3460 5433 ρον.

498 5444 552 5487 et
598 5449 666 5487 ex
710 5433 828 5501 ipso
869 5433 1012 5484 bono
1053 5430 1129 5496 id,
1178 5433 1324 5500 quod
1378 5441 1575 5486 natura
1605 5433 1941 5487 contrarium
1976 5443 2079 5502 est,
2121 5441 2390 5511 originem
2431 5447 2647 5503 ducere.
2692 5447 2802 5503 Hoc
2836 5450 2960 5506 dico
2995 5430 3137 5522 ipsa?
3179 5430 3596 5511 Manichaeorum
3666 5458 3772 5512 ini-

501 5529 701 5595 pit-tate
745 5523 1067 5578 horribilius
1110 5538 1252 5577 esse.

570 5619 633 5674 Si
675 5634 802 5672 vero
834 5617 1014 5670 verbis
1056 5614 1364 5669 inﬁcientnr
1395 5615 1812 5684 blasphemiam,
1850 5633 1970 5686 qum
2008 5633 2072 5670 ex

501 5725 689 5765 corum
737 5709 986 5762 doctrina
1017 5706 1304 5776 perspicue
1337 5705 1569 5759 deducta
1625 5716 1728 5771 est,
1754 5707 2076 5776 dicamque,

505 5802 856 5870 [litigettitum
904 5799 1044 5852 bona
1090 5796 1270 5851 Patris
1331 5797 1702 5860 h:ereditasse,
1773 5813 1879 5850 non
1933 5799 2078 5867 quod

507 5911 632 5950 rere
667 5894 738 5948 sit
785 5891 974 5959 Filius,
1031 5899 1088 5945 ut
1121 5889 1270 5960 impii
1306 5887 1600 5954 opinantur
1634 5906 1647 5954 ;
1685 5889 1778 5944 scd
1815 5891 1940 5959 quia
1986 5905 2082 5960 per

2258 5602 2319 5653 Εἰ
2343 5601 2398 5654 δὲ
2421 5604 2707 5674 ἀρνοῦνται
2736 5606 2812 5677 τῷ
2835 5607 2976 5679 λόγῳ
2995 5608 3055 5661 τὸ
3068 5609 3402 5682 βλάσφημον,
3419 5615 3551 5686 ὅπερ
3575 5619 3607 5686 ἡ
3635 5618 3765 5681 ἀκο-

2187 5696 2372 5749 λουθία
2391 5697 2485 5750 τοῦ
2523 5699 2791 5770 δόγματος
2827 5701 3096 5765 δείκνυσι,
3127 5707 3258 5772 φασὶ
3292 5706 3348 5758 δὲ
3391 5708 3500 5762 τῶν
3549 5710 3767 5778 ἀγαθῶν

2189 5789 2282 5843 τοῦ
2320 5790 2530 5860 Πατρός
2552 5793 2640 5844 τὸν
2668 5793 2945 5864 Μονογενῆ
2958 5795 3515 5869 κεκληρονομηκέναι,
3545 5801 3618 5871 μὴ
3649 5803 3766 5854 ι’ίὸν

2191 5883 2404 5954 ἀληθῶς
2427 5885 2576 5948 ὄντα,
2602 5885 2744 5940 κατά
2773 5887 2872 5952 τὴν
2911 5887 3018 5941 τῶν
3049 5889 3260 5942 ἀσεϐῶν
3289 5892 3445 5958 δόξαν
3471 5932 3486 5958 ,
3518 5893 3652 5947 ἀλλά
3678 5895 3768 5949 διὰ
