4146 6370
317 460 422 516 ιιδ

1481 456 1761 516 CONTRA
1789 455 2177 524 EUNOMIUM,
2216 455 2346 515 LIB.
2386 457 2429 511 1.

3476 466 3582 523 4ιῦ

315 572 547 635 κτίσεως
594 570 695 644 τὴν
752 569 1049 625 ὑπόστασιν
1101 569 1320 641 ἔχοντα·
1378 573 1472 625 καὶ
1524 572 1683 625 τοῦτο
1736 571 1882 633 πάλιπ

2000 570 2327 625 creationem
2359 570 2773 627 subsistentiant
2808 575 3081 645 acceperit
3111 597 3122 629 :
3158 576 3207 631 id
3242 577 3355 648 jatn
3394 580 3581 636 dism-

315 665 785 734 κατεξετάσωμεν,
828 666 877 717 εί
923 663 1147 717 δυνατόν
1189 666 1301 717 ἐστι
1349 665 1606 732 συστῆναι
1642 664 1781 717 κατά
1803 664 1892 716 τὸν

314 759 500 812 εἰκότα
548 757 704 826 λόγον
742 758 839 826 τὴν
890 756 1144 826 τοιαύτην
1178 756 1449 809 ὑπόνοιαν.
1503 757 1627 808 Ἐὰν
1666 758 1774 826 γὰρ
1805 757 1893 809 δο-

314 851 433 920 θείη
460 847 602 901 κατὰ
629 847 720 900 τὸν
749 848 905 915 λόγον
934 846 1131 910 αὑτῶν,
1166 847 1240 917 μὴ
1267 846 1479 915 ἀληθῶς
1504 848 1629 900 Υἱὸν
1650 847 1776 899 ὁντα
1805 863 1897 898 κε-

315 938 781 1009 κληρονομηκέναι
810 937 903 990 τὸν
936 936 1152 989 πάντων
1175 935 1397 1006 Κύριον,
1424 935 1561 990 ἀλλά
1584 936 1892 1000 κτισθέντα,

314 1030 407 1082 καὶ
438 1029 729 1099 ποιηθέντα
756 1028 863 1081 τῶν
891 1027 1168 1099 ὁμογενῶν
1206 1028 1413 1099 ἄρχειν,
1467 1028 1582 1092 πῶς
1610 1030 1896 1094 καταδέξε-

312 1137 421 1183 ται,
450 1122 544 1174 καὶ
573 1122 632 1173 οὑ
686 1121 1036 1174 συστασιάσει
1079 1122 1113 1191 η
1157 1120 1319 1191 λοιπὴ
1355 1122 1531 1185 κτίσις
1553 1124 1618 1175 ἐκ
1644 1121 1740 1175 τοῦ
1762 1123 1893 1192 ὁμο-

314 1210 479 1279 φύλου
508 1212 641 1283 πρὸς
668 1213 727 1265 τὸ
761 1212 1069 1284 ὑποχείριον
1107 1212 1442 1275 ἀπωσθεῖσα,
1474 1216 1522 1266 εἰ
1550 1214 1714 1285 μηδὲν
1753 1214 1896 1267 κατὰ

310 1305 410 1375 τὴν
468 1304 630 1373 φύσιν
682 1304 902 1359 ἔλαττον
950 1304 1169 1376 (ἔχουσα
1205 1307 1395 1378 κτιστὴ
1442 1307 1551 1377 γὰρ
1589 1308 1683 1362 καὶ
1728 1308 1889 1378 αὕτη,

313 1395 500 1467 ὥσπερ
560 1399 809 1459 κάκεῖνος
824 1419 876 1466 γ,
928 1397 1115 1450 ἔπειτα
1144 1398 1402 1469 ὁμοφύλῳ
1450 1399 1749 1465 δουλεύειν,
1799 1401 1891 1454 καὶ

313 1487 645 1542 ὑποκύπτειν
702 1487 1145 1555 καταδικάζοιτο;
1188 1490 1475 1560 Τυραννίδι
1539 1492 1650 1563 γὰρ
1706 1493 1892 1563 ὅμοιον

307 1581 368 1633 τὸ
397 1581 657 1645 τοιοῦτον,
684 1581 756 1652 μὴ
786 1586 852 1652 τῇ
884 1582 981 1652 τῆς
1010 1583 1195 1646 οὐσίας
1226 1584 1463 1655 ὑπεροχῇ
1490 1584 1551 1637 τὸ
1576 1585 1772 1655 κράτος
1803 1586 1891 1639 νέ-

313 1691 454 1743 μειν,
507 1673 643 1727 ἀλλά
694 1674 961 1744 μενούσης
998 1676 1056 1727 ὲν
1104 1674 1181 1746 τῷ
1238 1678 1483 1747 ὁμοτίμῳ
1518 1677 1619 1746 τῆς
1651 1677 1885 1746 φύσεως,

312 1765 636 1835 μερισθῆναι
666 1767 766 1836 τὴν
801 1766 977 1819 κτίσιν
1033 1768 1110 1829 είς
1140 1766 1383 1821 δουλείαν
1436 1768 1530 1820 καὶ
1557 1768 1852 1839 κυριότητα
1871 1784 1885 1798 ·

308 1854 447 1907 ὥστε
486 1858 540 1907 ὲν
573 1856 708 1925 αὐτῇ
749 1855 807 1907 τὸ
855 1856 956 1925 μέν
1004 1873 1051 1907 τι
1098 1856 1307 1926 ἄρχειν,
1362 1856 1423 1908 τὸ
1477 1856 1532 1908 δὲ
1581 1857 1887 1926 ὑποχείριον

2001 663 2218 725 tiamus,
2258 678 2385 716 num
2432 662 2732 718 secundum
2768 674 2973 719 rectam
3027 669 3294 724 rationem
3326 681 3581 728 constare

1997 764 2181 824 queat.
2226 754 2282 808 Si
2324 756 2467 809 enim
2511 757 2867 821 concedatur,
2919 767 2978 813 ut
3032 761 3132 829 ipsi
3187 762 3395 824 volunt,
3451 780 3578 817 eum

1999 845 2350 901 haereditasse
2429 850 2813 902 universorum
2869 850 3177 915 Dominum,
3233 870 3355 908 cum
3418 871 3578 910 verus

1997 938 2170 995 Filius
2201 957 2310 995 non
2341 942 2433 1008 sit,
2469 942 2565 997 sed
2594 951 2817 997 creatus
2850 944 3137 1014 tactusque
3182 947 3437 1002 OllllllbllS
3476 948 3579 1000 itu-

1998 1046 2173 1106 ρει-ει,
2210 1039 2491 1104 quomodo
2528 1036 2735 1105 reliqua
2760 1044 3011 1091 creatura
3042 1053 3166 1091 eum
3195 1039 3441 1107 recipiet,
3474 1055 3576 1095 nec

1997 1124 2118 1179 sine
2146 1126 2379 1178 tumultu
2406 1136 2455 1178 et
2484 1124 2757 1179 seditione
2782 1126 3009 1194 rcjiciet,
3034 1127 3102 1179 al)
3126 1142 3189 1179 eo
3210 1128 3301 1195 qui
3330 1127 3574 1194 ejusdem

1998 1216 2163 1270 sortis
2196 1224 2249 1270 et
2280 1217 2479 1269 classis
2501 1223 2606 1280 est,
2652 1215 2704 1267 in
2736 1216 3050 1270 servitutem
3082 1216 3323 1278 redacta,
3358 1217 3405 1271 si
3452 1233 3577 1285 spe-

2001 1315 2147 1361 ctata
2182 1319 2375 1361 natura
2411 1324 2516 1361 non
2551 1309 2755 1372 minus,
2787 1324 2948 1377 quam
2987 1310 3102 1377 ipse
3132 1309 3355 1363 haheat:
3387 1317 3571 1363 creata

1999 1396 2146 1451 enim
2184 1409 2288 1461 est,
2321 1400 2484 1451 sicuti
2530 1408 2584 1451 et
2613 1399 2705 1453 ille
2738 1419 2749 1453 :
2784 1410 2837 1453 et
2868 1407 3058 1469 postea
3097 1398 3389 1453 damnetur
3418 1410 3473 1453 ut
3502 1400 3574 1460 ei,

1997 1490 2088 1556 qui
2123 1488 2367 1557 ejusdem
2409 1490 2628 1559 generis
2659 1499 2713 1544 et
2761 1491 3103 1559 cognationis
3132 1499 3239 1553 est,
3276 1491 3477 1544 Serviat
3519 1499 3573 1541 et

1996 1569 2589 1649 subjaccat?Specietn
2652 1582 2793 1635 enim
2839 1581 3145 1651 tyrannidis
3198 1597 3306 1648 pra!
3352 1597 3409 1635 se
3450 1581 3573 1645 fert,

1987 1687 2098 1726 non
2126 1671 2200 1736 ei,
2234 1673 2326 1743 qui
2346 1681 2541 1726 natura
2565 1674 2919 1742 prmstantior
2943 1682 3048 1739 est,
3076 1675 3363 1742 imperium
3390 1674 3571 1727 defer-

1987 1778 2068 1827 re,
2109 1762 2205 1818 scd
2240 1775 2492 1818 manente
2525 1765 2750 1818 honoris
2781 1774 2835 1818 et
2872 1766 3203 1834 praestantiae
3232 1768 3567 1835 aequalitate,

1987 1862 2319 1918 creaturam,
2370 1855 2421 1907 in
2468 1870 2588 1907 eam
2644 1872 2767 1923 qua:
2811 1856 3003 1915 servit,
3047 1863 3100 1909 et
3156 1856 3210 1907 in
3268 1871 3408 1914 eam.
3449 1872 3572 1925 qua

307 1944 465 2009 εἶναι,
491 1950 742 2019 καθάπερ
783 1949 839 2013 ἐξ
860 1948 1300 2019 ἀποκληρώσεως
1324 1948 1417 2001 τοῦ
1440 1948 1604 2002 αὑτοῦ
1640 1948 1882 2019 ἀξιώμα-

1987 1947 2322 2011 dominatur,
2372 1946 2727 2009 distribuere,
2777 1954 2837 1999 ut
2875 1947 2928 1999 in
2965 1947 3080 2015 ipsa
3118 1946 3187 2001 sit
3244 1958 3351 1999 laztt
3395 1949 3573 2001 domi-

307 2056 395 2102 τος
426 2039 759 2109 συντυχικῶς
820 2038 1257 2108 προσγενομένου
1286 2037 1367 2107 τῷ
1408 2038 1547 2107 μετὰ
1573 2039 1661 2089 τὸν
1688 2036 1889 2106 κλῆρον

304 2130 522 2184 λαϐόντι
570 2132 667 2201 τὴν
700 2130 809 2184 τῶν
853 2131 1054 2200 ὁμοίων
1094 2130 1444 2200 προτίμησιν.
1480 2129 1613 2181 Οὑδὲ
1656 2128 1766 2199 γὰρ
1797 2128 1889 2181 ἄν·

306 2222 521 2292 θρωπος
548 2222 822 2292 ὁμοτίμως
879 2222 1019 2291 ἔχων
1062 2222 1197 2291 πρὸς
1226 2221 1323 2291 τὴν
1365 2219 1677 2292 ὑποχείριον
1702 2219 1885 2289 φύσιν,

304 2314 401 2383 τὴν
436 2314 575 2367 κατά
608 2313 714 2366 τῶν
737 2313 945 2381 ἀλόγων
975 2314 1146 2383 ἀρχὴν
1174 2309 1525 2381 ἐκληρώσατο
1549 2327 1563 2340 ’
1596 2310 1732 2363 ἀλλὰ
1756 2327 1887 2379 προ-

302 2407 538 2479 τερεύων
565 2406 641 2477 τῷ
704 2405 846 2477 λόγῳ
900 2405 1141 2476 κυριεύει
1181 2404 1287 2456 τῶν
1318 2404 1513 2466 ἄλλων,
1558 2402 1636 2473 τῷ
1666 2402 1801 2471 πρὸς
1824 2402 1885 2454 τὸ

288 2503 549 2575 κρεῖττον
582 2498 728 2570 αὑτῷ
755 2498 1134 2568 παρηλλάχθαι
1168 2496 1265 2568 τὴν
1303 2496 1483 2565 φύσιν,
1518 2495 1886 2565 προτεταγμέο

305 2607 411 2653 νος.
451 2591 515 2642 Αἱ
547 2588 603 2643 δὲ
653 2589 989 2659 ἀνθρώπιναι
1022 2589 1351 2650 δυναστεῖαι,
1376 2590 1564 2639 τούτου
1596 2587 1753 2655 χάριν
1781 2585 1888 2652 ἁγ-

303 2685 622 2755 χιστρόιρους
655 2684 837 2753 ἔχουσι
867 2683 963 2745 τὰς
1013 2679 1335 2752 μεταϐολὰς,
1366 2680 1449 2732 ὅτι
1490 2680 1549 2731 οὑ
1587 2678 1801 2747 δέχεται
1823 2676 1884 2729 τὸ

304 2776 443 2829 κατά
467 2777 566 2846 τὴν
585 2778 745 2844 φύσιν
766 2776 1046 2846 ὁμότιμον,
1087 2774 1162 2844 μὴ
1191 2773 1483 2843 ἰσομοιρεῖν
1512 2773 1570 2822 ὲν
1594 2769 1670 2840 τῷ
1702 2768 1883 2839 κρείτ-

303 2886 436 2921 τονι*
477 2869 611 2923 ἀλλά
644 2887 724 2932 τις
744 2868 987 2936 ἔγκειται
1016 2866 1219 2936 φυσικὴ
1254 2866 1418 2918 πᾶσιν
1451 2861 1716 2933 ἐπιθυμία
1746 2861 1882 2931 πρὸς

303 2977 362 3015 τι)
391 2961 719 3033 ἐπικρατοῦν
750 2960 1111 3025 ἐξισάζεσθαι,
1141 2960 1269 3011 ὅταν
1298 2956 1569 3028 ὁμόφυλον

304 3055 458 3108 alteri
494 3072 603 3108 non
635 3062 882 3123 atquetur
933 3067 950 3105 :

304 3162 489 3201 secum
527 3147 721 3201 classis
773 3160 933 3215 pares
972 3142 1300 3198 efﬁciantur.

374 3242 497 3304 Πῶς
527 3240 580 3293 δὲ
622 3239 814 3310 ἀληθὲς
842 3238 992 3291 ἔσται
1041 3236 1103 3289 τὸ
1131 3236 1310 3288 πάντα
1353 3234 1419 3287 δι’
1448 3229 1613 3286 αὑτοῦ
1661 3227 1882 3298 γεγενῆ-
1910 3230 1957 3291 (‘3

306 3336 449 3398 σθαι,
485 3334 579 3386 ἐὰν
601 3327 859 3403 ἀληθὲςῇ
900 3330 960 3383 τὸ
1004 3330 1098 3383 καὶ
1127 3328 1286 3382 αὑτὸν
1316 3327 1404 3378 τὸν
1420 3325 1546 3377 Υἰὸν
1582 3324 1640 3376 ἓν
1682 3340 1734 3373 τι
1775 3321 1881 3372 τῶν

305 3428 602 3496 γεγονότων
658 3420 833 3487 εἷναι;
879 3423 995 3494 ἦτοι
1046 3420 1154 3492 γὰρ
1198 3420 1290 3473 καὶ
1339 3420 1530 3471 ἑαυτὸν
1568 3412 1881 3484 πεποιηκὼς

305 3523 477 3581 ἔσται,
508 3520 595 3573 ἵνα
627 3518 701 3590 μὴ
726 3518 919 3588 ψεῦδος
948 3516 1007 3567 τὸ
1040 3512 1423 3583 γεγραμμένον
1456 3506 1513 3583 ᾖ.
1549 3510 1631 3562 ὅτι
1679 3506 1881 3560 Πάντα

304 3616 376 3667 δι’
401 3613 584 3667 αὑτοῦ
621 3610 888 3680 ἐγένετο·
922 3609 1014 3661 καὶ
1046 3606 1187 3659 οὑτω
1223 3604 1340 3658 κατ’
1384 3602 1562 3657 αὑτῶν
1589 3600 1794 3671 ἰσχύσει
1822 3599 1880 3651 τὸ

304 3710 521 3769 ἄτοπον,
569 3706 597 3759 ὃ
636 3706 776 3759 κατά
826 3704 920 3756 τοῦ
953 3703 1216 3771 δόγματος
1249 3697 1404 3769 ἡμῶν
1436 3695 1755 3763 ἐσοφίσαντο
1778 3733 1792 3757 ,
1820 3690 1880 3742 τὸ

298 3795 484 3848 αὑτὸν
531 3799 631 3866 ὑφ’
657 3796 872 3850 ἑαυτοῦ
921 3792 1196 3863 γενέσθαι
1228 3790 1405 3858 λέγειν
1425 3788 1490 3856 ’ἦ
1523 3785 1679 3855 εἴπερ
1722 3782 1879 3836 τοῦτο

306 3891 633 3963 παράλογον,
674 3889 770 3943 καὶ
804 3886 965 3957 φύσιν
1006 3886 1103 3937 οὑκ
1151 3884 1290 3954 ἕχον,
1324 3880 1623 3934 ἀσύστατον
1664 3877 1879 3936 πάντως

302 3986 476 4035 ἐκεῖνο
523 3981 888 4052 δειχθήσεται,
938 3977 999 4030 τὸ
1042 3975 1141 4046 τὴν
1193 3973 1369 4027 κτίσιν
1416 3972 1593 4024 πᾶσαν
1621 3968 1688 4020 δι’
1712 3965 1877 4020 αὑτοῦ

302 4075 624 4143 γεγενῆσθαι
658 4069 1104 4141 διισχυρίζεσθαι.
1164 4067 1227 4118 ἸΙ
1261 4065 1369 4134 γὰρ
1403 4062 1493 4117 τοῦ
1519 4061 1634 4120 ἑνὸς
1660 4057 1878 4121 ὑπεξαί-

304 4184 471 4237 ρεσις,
499 4165 667 4235 ψευδῆ
693 4164 784 4216 τὸν
836 4162 963 4231 περὶ
995 4160 1210 4212 πάντων
1255 4155 1651 4217 κατασκευάζει
1698 4151 1873 4218 λόγον.

304 4261 465 4312 Ὥστε
491 4260 555 4309 ὲκ
586 4257 681 4327 μὲν
727 4255 817 4307 τοῦ
871 4252 1083 4305 κτιστὸν
1104 4246 1242 4302 εἶναι
1270 4250 1358 4299 τὸν
1389 4244 1665 4312 Μονογενῆ
1709 4241 1875 4310 διορί-

303 4350 510 4416 ζεσθαι,
546 4349 638 4401 δύο
681 4346 930 4417 πονηρῶν
974 4348 1068 4397 καὶ
1110 4343 1324 4395 ἀτόπων
1404 4338 1463 4390 τὸ
1512 4338 1696 4407 ἕτερον
1741 4333 1877 4385 πάν-

302 4458 407 4503 τως
435 4442 462 4492 ὁ
484 4440 639 4506 λόγος
674 4439 733 4490 οὑ
780 4435 1121 4504 διαφεύξεται
1146 4450 1158 4460 ’
1196 4433 1228 4503 ἦ
1257 4432 1318 4484 τὸ
1362 4431 1435 4501 μὴ
1471 4425 1609 4481 εἶναι
1660 4427 1875 4479 πάντων

302 4530 462 4584 αὑτὸν
518 4530 626 4582 τῶν
670 4530 970 4598 γεγονότων
1030 4529 1216 4592 αἴτιον,
1268 4528 1423 4593 εἴπερ
1478 4522 1637 4583 αὐτὸς
1669 4522 1874 4582 ἐκεῖνος

306 4622 645 4694 ὑπεξαιροῖτο
693 4622 799 4673 τῶν

300 4715 512 4777 ζονται·
546 4712 660 4783 ῆτὺ
687 4714 778 4765 καὶ
806 4710 999 4763 ἑαυτοῦ
1050 4709 1274 4779 ποιητὴν
1323 4704 1760 4765 ἀποδείκνυσθαι,
1794 4702 1871 4755 εἷς

301 4824 405 4877 περ
431 4807 505 4877 μὴ
533 4804 789 4875 ψεύδεται
812 4807 839 4857 ὁ
869 4803 1033 4873 μηδὲν
1067 4801 1172 4854 τῶν
1201 4800 1497 4869 γεγονότων
1524 4797 1690 4867 χωρὶς
1729 4794 1874 4848 ἐκεί-

299 4914 390 4950 νου
426 4896 751 4967 γεγενῆσθαι
781 4893 1042 4965 κηρύξας.
1089 4892 1170 4945 Τὰ
1223 4891 1321 4963 μὲν
1360 4885 1453 4943 οὖν
1492 4890 1619 4959 παρ’
1647 4887 1870 4939 ἐκείνων

297 4988 537 5043 τοιαῦτα.

367 5172 427 5224 El
452 5170 509 5223 δέ
540 5186 623 5231 τις
653 5167 967 5237 ὑγιαινούσῃ
994 5164 1312 5234 διδασκαλίᾳ
1338 5162 1637 5231 προσέχων,
1673 5164 1738 5215 ὲκ
1769 5161 1870 5230 τῆς

294 5262 445 5325 θείας
500 5278 561 5315 τε
610 5262 703 5314 καί
758 5261 1036 5330 ἀκηράτου
1092 5258 1304 5326 φύσεως
1335 5257 1426 5309 τὸν
1457 5256 1586 5309 Υἱὸν
1612 5251 1748 5308 εἶναι
1780 5273 1869 5308 πι-

295 5352 492 5415 στεύοι,
542 5352 720 5405 πάντα
768 5349 976 5418 συνῳδὰ
1017 5348 1094 5418 τῷ
1121 5348 1217 5417 τῆς
1256 5346 1536 5408 εὐσεϐείας
1588 5345 1867 5415 ἀναφανή-

292 5462 441 5498 σεται
473 5443 739 5512 δόγματι,
782 5443 841 5495 τὸ
900 5441 1123 5512 ποιητὴν
1182 5437 1320 5494 εἶναι
1374 5440 1481 5492 τῶν
1528 5439 1745 5492 πάντων
1774 5439 1864 5492 τὸν

292 5537 494 5607 Κύριον
516 5555 528 5567 ·
554 5535 613 5588 τὸ
657 5536 959 5604 βασιλεύειν
984 5537 1089 5588 τῶν
1133 5536 1321 5595 ὄντων,
1356 5535 1415 5584 οὑ
1449 5533 1586 5585 κατά
1617 5532 1860 5603 ἀποκλή-

294 5646 478 5699 ρωσιν,
503 5629 535 5699 ἦ
565 5630 705 5682 κατὰ
736 5631 1061 5700 τυραννικήν
1086 5647 1206 5681 τινα
1244 5626 1557 5679 δυναστείαν
1590 5626 1697 5677 τῶν
1734 5626 1863 5694 ὀμο-

290 5722 471 5791 φύλων
506 5722 1113 5793 προτεταγμένον,ἀλλά
1140 5724 1205 5791 τῇ
1234 5722 1330 5791 τῆς
1364 5720 1576 5787 φύσεως
1599 5719 1858 5789 ὑπεροχῇ,

288 5815 349 5866 τὸ
367 5831 507 5868 κατα
529 5816 746 5869 πάντων
772 5816 963 5885 ἔχοντα
990 5814 1208 5884 κράτος.
1239 5815 1345 5866 Καὶ
1367 5814 1446 5865 ἔτι
1469 5812 1603 5883 πρὸς
1626 5810 1857 5874 τούτοις,

288 5906 350 5960 τὸ
380 5906 453 5979 μὴ
478 5909 555 5972 είς
582 5909 869 5980 διαφόρους
904 5908 1078 5978 ἀρχὰς
1110 5909 1175 5978 τῇ
1208 5906 1485 5979 ἑτερότητι
1513 5908 1611 5975 τῆς
1650 5906 1864 5975 φύσεως

1989 2040 2162 2099 natio,
2190 2054 2352 2107 quam
2396 2038 2684 2106 subjectio.
2724 2037 2951 2107 perinde
2968 2053 3031 2091 ac
3060 2038 3107 2092 si
3156 2054 3234 2091 SOI
3252 2049 3299 2092 te
3335 2039 3569 2106 quadam

1988 2129 2223 2199 dignitas
2282 2130 2396 2183 hzec
2451 2129 2677 2182 fortuito
2714 2130 3005 2184 accidisset
3037 2129 3134 2189 illi.
3166 2134 3256 2198 qui
3290 2140 3413 2199 post
3448 2148 3571 2185 sor-

1988 2223 2231 2275 titionem
2275 2222 2488 2275 c;eteris
2552 2222 2902 2288 anteponitur
2941 2239 2955 2275 :
3003 2237 3176 2289 neque
3213 2224 3358 2275 enim
3405 2222 3569 2277 homo

1986 2316 2142 2385 quasi
2195 2315 2440 2383 ejusdem
2486 2316 2816 2383 pt'mstautim
2869 2329 2992 2367 cum
3044 2314 3147 2368 sibi
3185 2316 3433 2383 subjecta
3467 2332 3566 2369 na-

1987 2412 2105 2455 tura
2131 2404 2449 2473 ,imperium
2486 2407 2537 2458 in
2577 2407 2735 2459 bruta
2768 2406 2996 2475 adeptus
3035 2419 3139 2470 est,
3173 2408 3267 2461 sed
3323 2424 3445 2460 cum
3479 2424 3567 2461 ra-

1985 2496 2134 2549 tione
2185 2498 2442 2550 omnibus
2475 2499 2599 2551 aliis
2650 2499 3004 2566 prtecelleret.
3043 2498 3235 2553 iisdem
3272 2499 3434 2552 etiam
3463 2500 3566 2553 do-

1986 2589 2248 2651 minatur,
2278 2591 2608 2658 praepositus
2635 2591 2757 2643 aliis
2790 2590 2859 2643 ob
2885 2598 3095 2642 naturae
3130 2605 3243 2643 suze
3277 2591 3330 2643 in
3373 2590 3568 2643 melius

1985 2676 2233 2732 formata:
2272 2679 2687 2734 sublimitatem.
2732 2679 2979 2732 Ilumana
3022 2696 3150 2733 vero
3196 2682 3422 2749 imperia
3447 2680 3567 2734 ideo

1988 2770 2307 2840 repentinas
2351 2773 2687 2826 mutationes
2710 2773 2970 2835 subeunt,
3001 2774 3129 2841 quia
3190 2789 3298 2826 non
3339 2773 3564 2842 patitur,

1988 2862 2082 2931 qui
2120 2862 2423 2917 secundum
2468 2870 2721 2916 naturam
2752 2862 2999 2930 ejusdem
3032 2862 3314 2927 dignitatis
3346 2871 3399 2915 et
3432 2879 3569 2931 pra:-

1986 2955 2199 3008 stantia:
2224 2963 2325 3017 est,
2364 2963 2423 3009 ut
2458 2954 2512 3008 in
2543 2970 2629 3020 eo,
2654 2954 2801 3024 quod
2833 2955 3287 3009 honorificentius
3314 2966 3564 3024 apparet,

991 3052 1087 3106 sed
1132 3052 1276 3104 inest
1323 3049 1578 3103 omnibus
1628 3046 1898 3100 naturalis
1973 3047 2227 3115 quazdatn
2276 3047 2575 3116 cupiditas,
2631 3055 2690 3099 ut
2728 3047 2782 3099 in
2844 3046 3080 3115 imperio
3144 3046 3270 3099 aliis
3318 3046 3565 3115 ejusdem

2054 3222 2228 3277 Porro
2270 3237 2376 3288 qua
2410 3222 2621 3276 ratione
2660 3237 2848 3277 verum
2883 3221 3010 3283 erit,
3040 3220 3220 3274 omnia
3257 3236 3351 3289 per
3384 3222 3564 3288 ipsum

1984 3314 2125 3368 facta
2174 3330 2318 3376 esse,
2371 3313 2418 3369 si
2473 3330 2659 3367 verum
2699 3323 2804 3379 est,
2858 3314 3039 3383 ipsum
3104 3330 3321 3384 quoque
3369 3313 3565 3369 Filium

1982 3423 2107 3462 esse
2169 3407 2373 3477 aliquid
2436 3424 2503 3461 ex
2554 3408 2638 3460 his
2701 3423 2822 3476 qua:
2863 3406 3004 3461 facta
3058 3409 3225 3461 sunt?
3282 3416 3431 3463 certe
3479 3424 3567 3463 se-

1984 3497 2161 3565 ipsum
2190 3512 2409 3566 quoque
2440 3496 2638 3551 fecisse
2670 3512 2901 3551 necesse
2939 3496 3061 3555 erit.
3106 3497 3151 3550 si
3193 3498 3402 3551 veritati
3432 3513 3567 3551 cou-

1982 3599 2158 3653 sonet,
2215 3591 2358 3660 quod
2416 3591 2684 3659 scriptum
2732 3597 2838 3655 est,
2874 3591 3053 3643 omnia
3082 3606 3173 3658 per
3210 3593 3380 3661 ipsum
3417 3592 3564 3661 facta

1980 3699 2091 3735 esse
2128 3698 2145 3735 :
2182 3698 2291 3750 quo
2333 3682 2385 3735 fit
2414 3692 2470 3735 ut
2511 3685 2562 3735 in
2615 3682 2741 3736 illos
2775 3683 2984 3737 recidat
3032 3684 3367 3749 absurditas,
3399 3699 3563 3753 quam

1982 3773 2247 3828 adversus
2275 3774 2579 3827 doctrinam
2613 3783 2852 3827 nostram
2880 3776 3173 3828 commenti
3216 3784 3345 3829 sunt
3377 3796 3387 3829 :
3416 3791 3563 3829 eum-

1980 3867 2099 3917 dem
2149 3883 2180 3917 a
2228 3865 2395 3934 seipso
2424 3866 2653 3934 genitum
2692 3874 2960 3929 esse;aut
3003 3866 3046 3918 si
3099 3866 3203 3919 hoc
3248 3877 3332 3921 est
3369 3880 3565 3936 praeter

1981 3958 2271 4019 rationem,
2302 3964 2355 4011 et
2381 3968 2592 4010 natura:
2626 3956 2841 4025 penitus
2881 3958 3193 4020 adversum,
3227 3960 3390 4013 etiam
3424 3961 3558 4015 illud

1980 4062 2087 4101 non
2135 4048 2331 4116 poterit
2391 4046 2714 4108 subsistere,
2749 4062 2945 4117 nempe
2986 4064 3203 4103 omnem
3247 4059 3555 4110 creaturam

1978 4156 2074 4211 per
2116 4142 2290 4208 ipsum
2348 4138 2540 4193 factam
2591 4154 2734 4193 esse.
2771 4137 2904 4191 Nam
2956 4141 3035 4193 vel
3091 4143 3255 4194 unius
3316 4147 3564 4210 exceptio

1978 4229 2414 4283 enuntiationem
2454 4229 2818 4283 universalcm
2860 4228 2926 4283 de
2963 4231 3219 4285 omnibus
3265 4230 3456 4286 falsam
3486 4233 3561 4286 ef-

1980 4317 2111 4370 ficit.
2146 4314 2335 4386 Itaque
2367 4317 2412 4371 si
2442 4317 2567 4385 quis
2594 4314 2944 4386 Unigenitum
2969 4330 3213 4372 creatura
3240 4336 3365 4375 esse
3391 4323 3558 4390 dicat,

1979 4414 2209 4467 alterum
2254 4427 2317 4466 ex
2371 4412 2590 4466 duobus
2644 4410 2870 4466 nefariis
2914 4423 2967 4467 et
3031 4410 3285 4467 absurdis
3344 4414 3557 4469 nonef-

1980 4504 2168 4571 fugiet,
2197 4512 2290 4556 aut
2318 4503 2467 4555 illum
2492 4518 2601 4555 non
2629 4518 2753 4557 esse
2784 4504 3052 4567 omnium,
3088 4521 3209 4574 qua:
3236 4516 3373 4559 Iarta
3403 4520 3553 4571 sunt,

831 4622 1068 4681 πάντων,
1102 4618 1159 4671 ὃν
1187 4617 1243 4669 ἓν
1272 4617 1379 4669 τῶν
1407 4616 1583 4686 ἔργων
1618 4611 1873 4681 διισχυρί-

1983 4610 2223 4660 causam,
2248 4595 2293 4649 si
2320 4596 2408 4649 ille
2431 4611 2497 4649 ex
2529 4595 2775 4649 omnium
2825 4612 3051 4649 numero
3072 4599 3364 4660 eximatur,
3394 4616 3555 4669 quem

1977 4687 2317 4741 contendunt
2360 4702 2529 4739 unum
2583 4702 2704 4740 esse
2751 4702 2815 4739 ex
2870 4687 2998 4747 illis,
3043 4704 3163 4756 qua:
3211 4690 3352 4741 facta
3401 4699 3550 4744 sunt:

1976 4780 2057 4832 vel
2092 4779 2243 4831 illum
2289 4779 2372 4831 stti
2404 4778 2577 4847 ipsius
2608 4778 2921 4832 effectorem
2972 4780 3276 4845 exstitisse,
3329 4783 3374 4835 si
3424 4799 3554 4839 νει-α

1974 4871 2237 4938 loquitur,
2292 4872 2381 4938 qui
2436 4872 2619 4923 omnia
2676 4887 2770 4940 per
2805 4872 2984 4939 ipsum
3025 4872 3166 4925 facta
3229 4890 3352 4929 esse
3396 4877 3550 4932 dicit.

1976 4962 2048 5016 Ea
2099 4965 2287 5032 igitur,
2330 4981 2451 5033 qua:
2495 4965 2564 5018 ab
2608 4965 2742 5035 ipsis
2780 4967 3156 5038 (adversariis)
3186 4968 3554 5037 proficiscun-

1971 5066 2061 5109 tur
2101 5056 2231 5109 talia
2284 5065 2433 5110 sunt.

2041 5169 2096 5225 Si
2134 5172 2258 5240 quis
2286 5186 2415 5225 vero
2442 5186 2589 5225 sanae
2631 5171 2894 5225 doctrina:
2926 5170 3234 5236 attendens,
3265 5189 3326 5226 ex
3364 5173 3551 5228 divina

1965 5272 2019 5319 et
2050 5262 2255 5316 illibata
2288 5272 2479 5316 natura
2510 5261 2706 5316 Filium
2758 5276 2879 5316 esse
2907 5262 3115 5325 credat,
3146 5264 3327 5317 omnia
3376 5266 3551 5332 pieta-

1964 5358 2037 5409 tis
2068 5354 2345 5409 tradilioni
2372 5363 2425 5408 et
2458 5354 2787 5409 institutioni
2806 5354 3097 5407 concinent
3124 5373 3136 5407 :
3167 5353 3418 5409 videlicet
3447 5356 3553 5408 Do-

1972 5446 2177 5499 minum
2222 5460 2344 5500 esse
2388 5460 2569 5499 rerum
2602 5444 2846 5499 omnium
2896 5444 3225 5509 effectorem,
3278 5446 3551 5513 imperare

1968 5538 2153 5597 rebus,
2192 5554 2297 5591 nun
2358 5553 2422 5591 ex
2474 5545 2621 5590 sorte
2670 5544 2765 5588 aut
2815 5536 3103 5605 tyrannide
3158 5537 3446 5605 imperium
3490 5540 3545 5593 itt

1966 5631 2201 5699 aequales
2236 5631 2513 5699 adeptum,
2552 5628 2647 5682 sed
2703 5638 2912 5683 natura:
2952 5644 3066 5683 suae
3112 5628 3454 5691 excellentia,
3489 5633 3543 5685 in

1966 5721 2151 5775 omnia
2173 5721 2602 5775 dominationem
2649 5721 2898 5775 obtinere
2930 5738 2943 5774 :
2978 5722 3204 5789 insuper
3238 5735 3345 5773 non
3382 5722 3434 5774 in
3463 5722 3547 5776 di-

1964 5827 2120 5865 versa
2154 5812 2405 5880 imperia,
2436 5822 2488 5865 et
2512 5810 2883 5866 diversitatem
2914 5819 3141 5874 naturae,
3169 5811 3544 5867 monarchiant

1970 5904 2117 5959 illam
2154 5904 2451 5975 dispertiri,
2488 5903 2581 5959 sed
2616 5906 2738 5961 eSSc
2770 5920 2934 5962 unam
2978 5903 3341 5967 divinitatem,
3374 5918 3546 5961 unum
