4146 6370
615 471 719 524 Hii

1815 465 1871 520 S.
1907 460 2234 521 ΟΜΟοηιί
2271 461 2566 518 NYSSENI

3763 464 3866 518 M6

615 590 924 658 imperium,
951 599 1004 643 et
1043 605 1206 644 unam
1245 591 1489 644 omnium
1531 596 1852 660 potestatem
1888 607 1900 640 :
1935 587 2008 640 ita
2041 594 2100 639 ut
2134 586 2188 638 in

2303 585 2642 656 διῃρημένας,
2667 586 2724 637 τὸ
2753 585 2851 655 τῆς
2875 586 3164 656 μοναρχίας
3191 583 3365 654 δόγμα
3381 581 3863 652 καταμερίζεσθαι,

615 681 875 734 sumlium
931 682 1298 738 consensione
1349 681 1609 737 divinitas
1663 687 1958 750 spectetur,
1993 689 2046 732 ct
2099 693 2194 746 per

615 773 794 826 simile
825 771 894 825 ad
928 773 1106 826 simile
1137 781 1375 827 mentem
1405 772 1573 826 ducat
1599 789 1612 826 :
1641 779 1701 827 ut
1733 771 1976 824 omnium
2013 784 2194 824 rerum

621 863 968 932 principium,
1001 866 1146 932 quod
1186 871 1272 917 est
1311 863 1593 922 Dominus.
1631 879 1724 932 per
1753 861 2012 931 Spiritum
2062 876 2192 915 sau-

618 963 766 1006 ctum
796 955 994 1009 animis
1035 954 1244 1010 nostris
1281 955 1542 1009 illuceat:
1581 955 1698 1009 ﬁeri
1725 956 1870 1010 enim
1914 968 2022 1006 non
2071 960 2194 1020 pot-

618 1055 724 1109 cst,
765 1053 825 1098 ut
850 1045 973 1114 quis
1009 1044 1195 1101 Jesum
1229 1046 1480 1115 aSpiciat,
1518 1045 1626 1100 uisi
1660 1045 1715 1100 in
1740 1046 1944 1115 Spiritu
1981 1052 2193 1102 sancto,

621 1144 784 1205 prout
837 1143 1068 1190 testatur
1119 1138 1458 1205 Apostolus:
1506 1152 1601 1206 per
1646 1135 1841 1190 Filium
1888 1151 2038 1198 vero,
2101 1135 2194 1204 qui

621 1236 706 1280 cst
767 1227 1091 1296 principium
1151 1229 1422 1292 omnium,
1489 1228 1792 1297 reperimus
1856 1227 2043 1293 illum,
2102 1228 2194 1295 qui

617 1322 702 1369 est
741 1331 906 1384 supra
958 1331 1118 1370 omne
1175 1318 1522 1387 principium,
1570 1333 1766 1388 nempe
1813 1319 2192 1372 universorum

621 1405 788 1461 Deum
809 1425 822 1460 :
847 1423 1021 1476 neque
1047 1409 1192 1462 enim
1215 1409 1328 1462 ﬁeri
1358 1417 1556 1479 potest,
1579 1408 2032 1480 utprimigenium
2062 1408 2195 1461 illud

619 1498 825 1551 bonum
857 1505 1242 1566 cognoscatur,
1281 1499 1326 1552 si
1375 1515 1482 1553 non
1525 1501 1579 1553 in
1627 1501 1864 1569 imagine
1905 1499 2197 1554 invisibilis

621 1592 884 1646 reluceat.
953 1591 1188 1647 Perinde
1251 1609 1385 1648 vero
1427 1610 1491 1648 ac
1555 1597 1610 1648 in
1666 1595 1950 1664 reciproco
2008 1611 2194 1660 cursu,

622 1678 967 1736 reﬂectentes
1014 1693 1137 1752 post
1168 1682 1367 1738 divina:
1397 1687 1726 1756 cognitionis
1775 1693 1960 1757 caput,
1997 1689 2195 1756 ipsum,

625 1771 870 1840 inquam,
899 1773 1278 1828 universorum
1319 1775 1514 1837 Deum,
1555 1787 1608 1831 et
1635 1794 1729 1848 per
1755 1793 1836 1844 ea,
1880 1795 1999 1848 qua:
2029 1780 2196 1834 menti

625 1870 857 1930 c0gnata
885 1873 937 1916 et
961 1860 1254 1917 familiaria
1283 1872 1433 1928 sunt,
1458 1867 1836 1933 decurrentes,
1863 1883 1890 1920 a
1921 1867 2082 1922 Patre
2104 1883 2200 1938 per

627 1950 823 2005 Filium
878 1955 942 2008 ad
981 1953 1244 2024 Spiritum
1297 1967 1547 2013 sanctum
1591 1960 1948 2016 accedimus:
1978 1977 2102 2014 nam
2143 1963 2192 2014 in
2229 1947 2268 1999 Β

622 2043 1071 2100 consideratione
1102 2047 1328 2118 ingeniti
1379 2049 1605 2105 luminis
1659 2054 1967 2116 constituti,
2014 2055 2194 2108 lumen

623 2137 778 2200 illud,
806 2136 953 2206 quod
990 2153 1055 2193 ex
1089 2139 1209 2208 ipso
1237 2141 1498 2196 continue
1542 2145 1789 2212 procedit
1816 2147 2194 2216 cognovimus.

621 2229 877 2284 videlicet
923 2237 1182 2300 tanquam
1227 2233 1442 2287 radium
1473 2249 1596 2288 cum
1644 2239 1759 2291 sole
1805 2240 2012 2306 pariter
2063 2241 2198 2294 sub-

623 2321 1112 2394 sistontem,cujus
1158 2339 1284 2380 esse
1351 2341 1575 2380 causam
1626 2342 1655 2380 a
1704 2330 1818 2383 sole
1865 2330 2046 2393 habet,
2105 2333 2198 2386 sed

623 2411 944 2466 exsistentia
999 2413 1162 2468 simul
1213 2423 1298 2469 est
1352 2430 1480 2468 cum
1535 2418 1673 2478 sole,
1727 2433 1834 2470 nou
1892 2420 2200 2488 posteriore

623 2504 840 2557 demum
888 2514 1148 2574 tempore,
1204 2506 1439 2575 adjecta,
1479 2524 1666 2561 verum
1699 2510 1858 2562 simul
1894 2525 1957 2563 ac
1987 2512 2067 2565 sol
2102 2526 2199 2579 ap-

623 2595 826 2663 paruit,
871 2595 987 2665 ipse
1035 2598 1198 2650 etiam
1245 2598 1435 2653 radius
1468 2600 1597 2654 inde
1631 2601 1975 2670 resplenduit
2002 2641 2016 2654 .
2053 2600 2198 2668 Quin

625 2683 808 2750 potius
853 2683 983 2752 (non
1021 2685 1166 2739 enim
1212 2701 1438 2742 necesse
1469 2697 1573 2752 est,
1607 2699 1665 2742 ut
1692 2689 1788 2756 qui
1831 2691 2057 2759 imagini
2086 2709 2205 2748 ser-

623 2773 800 2836 viunt,
842 2777 1358 2841 calumniatoribus,
1400 2778 1550 2831 allati
1584 2781 1816 2848 exempli
1865 2783 2048 2838 minus
2079 2795 2202 2854 apta

624 2867 1153 2933 accommodatione,
1199 2870 1330 2924 dent
1361 2871 1782 2925 contradicendi
1832 2875 2202 2945 occasionem)

624 2973 738 3012 non
773 2959 988 3013 radium
1035 2977 1100 3014 ex
1149 2962 1286 3027 sole,
1348 2963 1442 3016 sed
1499 2979 1566 3015 cx
1603 2965 1850 3032 ingenito
1883 2967 1997 3020 sole
2038 2969 2204 3020 alium

624 3050 797 3104 solem
847 3060 1030 3105 mente
1073 3067 1138 3106 ac
1182 3053 1517 3122 cogitatione
1571 3056 2064 3122 apprehendemus,
2111 3060 2204 3128 qui

625 3142 785 3196 simul
809 3157 932 3194 cum
953 3143 1128 3212 primo
1151 3160 1245 3213 per
1266 3153 1678 3213 generationem
1703 3147 1996 3208 exstiterit,
2017 3149 2069 3202 in
2092 3166 2205 3204 orn-

626 3233 788 3286 nibus
818 3235 989 3302 primo
1009 3235 1255 3303 :equalis,
1281 3237 1706 3304 pulchritudine,
1733 3241 1996 3308 potentia,
2026 3243 2202 3311 splen-

623 3325 776 3386 dore,
806 3326 1196 3393 magnitudine,
1223 3326 1463 3397 fulgore;
1489 3329 1749 3392 breviter,
1779 3332 2037 3386 omnibus
2060 3333 2204 3400 aliis,

626 3429 748 3480 qum
769 3415 822 3467 in
855 3416 968 3468 sole
983 3416 1173 3469 insunt
1191 3432 1202 3466 :
1221 3425 1274 3470 et
1297 3433 1488 3471 rursus
1507 3417 1656 3471 aliud
1675 3420 1783 3473 tale
1801 3421 1982 3474 lumen
2000 3421 2065 3474 ad
2081 3438 2210 3492 pra:-

627 3505 834 3557 dictum
863 3507 1082 3560 modum
1106 3508 1528 3572 constituemus,
1555 3511 1705 3563 nullo
1728 3513 2013 3581 temporali
2049 3513 2210 3566 inter-

631 3595 772 3648 vallo
793 3609 822 3646 a
843 3597 1046 3649 lumine
1067 3599 1250 3666 genito
1273 3600 1578 3654 abscissum
1599 3619 1610 3653 :
1629 3601 1724 3655 sed
1749 3617 1844 3670 per
1865 3605 2042 3672 ipsum
2062 3605 2207 3672 equi-

630 3685 750 3738 dem
773 3683 1054 3753 eﬂ'ulg‘eus,
1077 3685 1404 3757 principium
1419 3704 1547 3742 vero
1564 3705 1674 3743 suae
1688 3691 2042 3760 liypostaseos
2060 3707 2085 3743 a
2104 3693 2208 3761 pri-

631 3791 798 3829 maevo
827 3777 1032 3831 lumine
1077 3779 1352 3848 accipiens
1411 3801 1422 3833 :
1469 3782 1648 3834 lumen
1673 3782 1891 3851 quidem
1945 3791 1998 3838 et
2027 3785 2203 3853 ipsum

629 3877 711 3922 cst
747 3866 813 3920 ad
861 3868 1276 3922 similitudinem
1331 3874 1686 3942 prmconcepti
1747 3874 1969 3928 luminis
2016 3876 2204 3930 lucens

627 3967 684 4010 et
745 3959 1079 4022 illumiuuns,
1115 3970 1167 4014 et
1204 3964 1386 4015 omnia
1425 3965 1554 4026 alia,
1589 3979 1708 4032 quae
1749 3965 1855 4019 luci
1884 3977 2202 4036 competunt

629 4049 867 4104 cliiciens
910 4069 922 4103 :
973 4068 1149 4120 neque
1201 4054 1342 4106 enim
1387 4055 1439 4106 in
1475 4054 1578 4108 hoc
1616 4057 1732 4126 ipso
1773 4067 1861 4112 est
1907 4059 2127 4114 luminis
2173 4076 2202 4113 a

633 4143 836 4194 lumine.
858 4143 1036 4211 aliqua
1056 4144 1337 4197 distinctio
1371 4161 1464 4198 seu
1495 4147 1745 4210 variatio,
1773 4149 1989 4217 quando
2009 4151 2060 4204 in
2087 4151 2204 4204 illu-

634 4229 875 4283 minandi
931 4233 1102 4299 gratia
1128 4243 1181 4286 et
1217 4235 1414 4287 virtute
1462 4235 1642 4289 nullus
1680 4238 1838 4304 plane
1868 4238 2022 4292 adest
2051 4238 2202 4293 defe-

631 4331 774 4384 ctus,
811 4329 997 4392 utpote
1019 4324 1164 4376 onmi
1197 4323 1526 4393 perlectione
1549 4343 1674 4381 cum
1709 4327 1868 4383 Patre
1889 4341 1939 4382 et
1973 4329 2110 4384 Filio
2132 4331 2198 4386 ad

633 4427 946 4480 supremum
993 4429 1166 4484 usque
1197 4427 1465 4477 evectum,
1501 4419 1756 4489 quodque
1801 4437 1922 4476 cum
1957 4421 2115 4478 Patre
2147 4431 2200 4479 et

633 4502 770 4558 Filio
803 4505 1080 4558 numerari
1111 4517 1160 4560 et
1191 4509 1480 4571 noniiuari,
1507 4520 1558 4562 et
1590 4527 1682 4579 per
1725 4512 1964 4581 seipsum
2008 4515 2074 4568 ad
2113 4517 2197 4570 lu-

635 4611 778 4656 men,
810 4596 952 4664 quod
992 4597 1042 4647 in
1077 4594 1236 4649 Patre
1263 4609 1315 4651 et
1349 4597 1484 4652 Filio
1519 4600 1698 4655 inesse
1733 4602 2067 4674 intelligitur,
2103 4608 2198 4662 ad-

2295 676 2430 730 ἀλλὰ
2487 676 2614 748 μίαν
2665 675 2914 745 θεότητα,
2951 674 3078 745 μίαν
3118 674 3309 746 ἀρχὴν,
3344 673 3471 742 μίαν
3497 672 3606 726 τῶν
3651 673 3866 726 πάντων

2295 768 2541 834 ἐξουσίαν
2583 765 2721 821 εἷναι
2747 767 3018 820 πιστεύειν
3043 785 3054 796 ·
3088 767 3145 820 ἐν
3173 770 3238 836 τῇ
3273 765 3381 818 τῶν
3403 765 3604 836 ὁμοίων
3640 783 3867 834 συμφω-

2295 861 2384 932 νίᾳ
2409 857 2506 929 τῆς
2547 859 2796 930 θεότητος
2851 859 3229 929 θεωρουμένης
3252 899 3266 922 ,
3303 858 3396 911 καὶ
3431 857 3516 910 διὰ
3553 855 3647 909 τοῦ
3681 855 3880 926 ὁμοίου¹

2297 952 2433 1024 πρὸς
2456 952 2516 1004 τὸ
2539 953 2722 1022 ὅμοιον
2745 951 2843 1022 τὴν
2884 952 3122 1006 διάνοιαν
3151 949 3406 1020 ἀγούσης,
3431 949 3504 1012 ὡς
3529 949 3625 1019 τῆς
3649 950 3865 1001 πάντων

2299 1045 2398 1115 μὲν
2423 1044 2618 1115 ἀρχῆς,
2655 1045 2775 1115 ἥτις
2805 1043 2950 1096 ἐστὶν
2977 1044 3004 1095 ό
3033 1043 3256 1114 Κύριος,
3286 1043 3374 1095 διὰ
3393 1041 3486 1095 τοῦ
3523 1043 3676 1111 ἁγίου
3705 1041 3868 1093 Ilvati-

2301 1151 2490 1205 ματος,
2531 1136 2648 1198 ταῖς
2696 1133 2892 1204 ψυχαῖς
2944 1133 3346 1204 ὲλλαμπούσης.
3409 1133 3709 1202 ’Δμήχανον
3757 1130 3866 1201 γὰρ

2297 1227 2510 1296 άληθῶς
2529 1225 2871 1298 θεωρηθῆναι
2903 1226 2960 1278 ἐν
2986 1224 3264 1294 Πνεύματι
3291 1221 3450 1293 ἁγίῳ,
3490 1219 3670 1285 καθώς
3703 1237 3866 1290 φησιν

2297 1322 2326 1372 ὁ
2361 1318 2698 1382 Ἀπόστολος,
2732 1318 2820 1371 διὰ
2847 1317 2904 1370 δὲ
2929 1317 3020 1370 τοῦ
3061 1318 3288 1388 Κυρίου,
3315 1317 3374 1380 ὃς
3405 1317 3551 1369 ἐστιν
3587 1316 3622 1386 ἡ
3651 1315 3868 1368 πάντων

2297 1412 2469 1484 ἀρχὴ,
2503 1413 2604 1482 τῆς
2641 1413 2899 1464 ἐπέκεινα
2942 1412 3124 1481 πάσης
3159 1410 3333 1480 ἀρχῆς
3377 1411 3508 1479 ἡμῖν
3549 1407 3870 1478 εὑρισκομέ-

2298 1522 2416 1576 νης,
2445 1506 2566 1575 ἥτις
2603 1505 2750 1558 ἐστὶν
2777 1507 2805 1556 ό
2840 1503 2933 1555 ἐπὶ
2955 1503 3180 1557 -πάντων
3207 1502 3339 1564 Θεός
3362 1517 3374 1530 ·
3405 1500 3525 1554 οὐδὲ
3563 1500 3669 1570 γὰρ
3707 1499 3868 1550 δυνα-

2297 1596 2387 1650 τόν
2411 1597 2555 1648 ἐστιν
2588 1594 2780 1658 ἄλλως,
2803 1593 2864 1646 τὸ
2890 1592 3191 1665 ἀρχέτυπον
3212 1590 3413 1660 ἀγαθὸν
3445 1587 3867 1658 ἐπιγνωσθῆναι,

2303 1687 2376 1759 μὴ
2407 1689 2464 1740 ὲν
2483 1689 2548 1758 τῇ
2591 1685 2759 1739 εἰκόνι
2797 1685 3030 1756 ἀοράτου
3061 1683 3402 1753 φαινόμενον.
3422 1681 3630 1750 Ὥσπερ
3661 1679 3717 1731 δέ
3747 1695 3869 1730 τινα

2298 1779 2510 1833 δίαυλον
2547 1779 2996 1848 ἀνακάμπτοντες
3022 1773 3160 1845 μετὰ
3189 1774 3248 1826 τὸ
3273 1770 3564 1839 κεφάλαιον
3607 1769 3708 1838 τῆς
3744 1767 3868 1820 θεο--

2301 1872 2554 1940 γνωσίας,
2591 1870 2750 1924 αὐτὸν
2778 1869 2920 1937 λέγω
2965 1869 3056 1922 τὸν
3085 1869 3176 1920 ἐπὶ
3212 1865 3427 1918 πάντων
3468 1863 3720 1924 Θεὸν,διᾶ.
3757 1860 3866 1913 τῶν

2300 1963 2582 2036 προσεχῶν
2606 1981 2665 2015 τε
2687 1964 2780 2016 καὶ
2795 1963 3008 2015 οἰκείων
3033 1963 3098 2031 τῇ
3121 1959 3326 2028 διανοίᾳ
3355 1957 3655 2028 τρέχοντες,
3687 1955 3750 2006 ὲκ
3771 1951 3863 2005 τοῦ

2299 2055 2508 2124 Πατρός
2533 2053 2619 2107 διὰ
2647 2052 2741 2104 τοῦ
2775 2051 2902 2104 Υἱοῦ
2937 2050 3070 2120 πρὸς
3109 2050 3168 2100 τὸ
3199 2047 3418 2116 Πνεῦμα
3458 2047 3866 2114 άναχωροῦμεν.

2309 2152 2398 2203 Ἐν
2433 2147 2676 2219 περινοίᾳ
2703 2144 2811 2216 γὰρ
2845 2143 2937 2194 τοῦ
2964 2142 3255 2211 ἁγεννήτου
3276 2138 3450 2206 φωτὸς
3479 2134 3866 2196 καταστάντες,

2301 2241 2508 2294 ἐκεῖθεν
2546 2239 2706 2292 πάλιν
2735 2237 2796 2289 τὸ
2841 2233 2900 2301 ἐξ
2935 2232 3098 2288 αὑτοῦ
3133 2231 3268 2300 φῶς,
3302 2227 3438 2281 κατὰ
3494 2227 3555 2280 τὸ
3603 2224 3868 2296 προσεχὲς

2299 2335 2621 2403 ὲνοήσαμεν,
2650 2326 2760 2382 οἷον
2803 2326 2996 2381 ἀκτῖνά
3019 2343 3140 2380 τινα
3169 2323 3247 2394 τῷ
3288 2322 3423 2392 ἡλίῳ
3471 2315 3870 2387 συνυφισταμέ-

2299 2442 2398 2494 νην
2425 2444 2436 2456 ·
2467 2420 2532 2496 ἦς
2561 2425 2594 2493 ἡ
2637 2422 2733 2492 μὲν
2783 2419 2930 2473 αἰτία
2961 2417 3054 2470 τοῦ
3088 2412 3255 2480 εἶναι,
3287 2417 3350 2466 ὲκ
3399 2411 3494 2464 τοῦ
3531 2410 3711 2481 ἡλίου·
3742 2409 3774 2478 ἡ
3813 2407 3868 2460 δὲ

2302 2515 2553 2586 ὓπαρξις,
2579 2512 2711 2582 ὁμοῦ
2746 2511 2823 2580 τῷ
2868 2510 3024 2582 ἡλίῳ,
3055 2509 3115 2561 οὐ
3144 2507 3353 2577 χρόνοις
3387 2503 3868 2599 ὕστερον-προσγεῖ

2301 2609 2498 2679 νομένη
2519 2624 2532 2635 ·
2565 2605 2677 2658 ἀλλ’
2705 2601 2841 2674 ὁμοῦ
2884 2602 2961 2673 τῷ
3015 2601 3241 2672 ὀφθῆναι
3290 2598 3382 2651 τὸν
3419 2595 3589 2666 ἥλιον,
3617 2593 3676 2659 ἐξ
3705 2593 3870 2644 αὑτοῦ

2303 2694 2724 2764 ἁναφαινομένη.
2758 2688 2974 2744 Μᾶλλον
3017 2689 3074 2741 δὲ
3121 2688 3204 2755 (οὐ
3243 2685 3351 2756 γὰρ
3377 2684 3590 2752 ἀνάγκη
3639 2681 3770 2732 πᾶσι
3801 2679 3868 2748 τῇ

2303 2790 2470 2842 εἰκόνι
2503 2786 2848 2846 δουλεύοντας
2869 2780 3051 2834 δοῦναι
3075 2782 3186 2841 τοῖς
3222 2777 3581 2846 συκοφάνταις
3615 2772 3754 2825 κατὰ
3777 2769 3867 2822 τοῦ

2303 2880 2461 2947 λόγου
2499 2876 2667 2946 λαϐὴν
2705 2877 2760 2926 ὲν
2789 2877 2854 2945 τῇ
2908 2871 3000 2925 τοῦ
3061 2869 3454 2938 ὑποδείγματος
3503 2865 3711 2935 ἀτονία)
3751 2864 3871 2932 οὐχὶ

2305 2975 2497 3026 ἀκτῖνα
2545 2969 2606 3033 ὲξ
2643 2969 2795 3038 ἡλίου
2835 2968 3120 3038 νοήσομεν,
3157 2963 3270 3016 ἀλλ’
3295 2961 3354 3027 ἐξ
3397 2962 3688 3030 ἀγεννήτου
3721 2959 3869 3028 ἡλίου

2305 3063 2459 3116 ἄλλον
2497 3062 2667 3132 ἥλιον,
2697 3058 2829 3129 ὁμοῦ
2862 3060 2928 3128 τῇ
2957 3056 3048 3110 τοῦ
3093 3056 3308 3125 πρώτου
3343 3053 3554 3124 ἐπινοίᾳ
3600 3050 3872 3120 γεννητῶς

2305 3153 2452 3223 αὑτῷ
2513 3151 2995 3220 συνεκλάμποντα,
3033 3149 3128 3199 καὶ
3181 3147 3322 3200 κατὰ
3381 3145 3558 3198 πάντα
3614 3143 3870 3204 ὡσαύτως

2307 3243 2730 3317 έχοντα,κάλλει,
2759 3241 3006 3311 δυνάμει,
3039 3239 3360 3310 λαμπηδόνι,
3385 3235 3622 3307 μεγέθει,
3655 3235 3872 3306 φαιδρό-

2307 3355 2450 3408 τητι,
2479 3337 2573 3390 καὶ
2596 3337 2759 3389 πᾶσιν
2792 3332 2938 3398 ἅπαξ
2969 3335 3077 3396 τοῖς
3103 3331 3228 3402 περὶ
3266 3331 3357 3383 τὸν
3385 3329 3533 3400 ἥλιον
3571 3327 3876 3397 θεωρουμέ-

2309 3446 2438 3490 νοις.
2470 3427 2580 3480 Καὶ
2606 3427 2766 3479 πάλιν
2787 3427 2972 3496 ἕτερον
3007 3423 3242 3478 τοιοῦτον
3272 3421 3408 3490 φῶς,
3439 3420 3580 3474 κατὰ
3599 3420 3690 3472 τὸν
3714 3418 3873 3472 αὐτὸν

2307 3521 2527 3590 τρόπον,
2555 3519 2615 3570 οὐ
2677 3517 2908 3588 χρονικῷ
2945 3533 3048 3568 τινι
3095 3515 3422 3585 διαστήματι
3479 3511 3573 3563 τοῦ
3617 3509 3874 3578 γεννητοῦ

2308 3612 2485 3678 φωτὸς
2507 3611 2962 3679 ἀποτεμνόμενον,
3000 3607 3132 3661 ἀλλὰ
3157 3606 3220 3658 δι’
3257 3605 3418 3657 αὐτοῦ
3440 3606 3537 3674 μὲν
3575 3603 3871 3673 ἐκλάμπον·

2306 3704 2405 3772 τὴν
2424 3703 2480 3754 δὲ
2511 3703 2610 3771 τῆς
2634 3702 2981 3762 ὑποστάσεως
3006 3699 3184 3752 αἰτίαν
3223 3697 3343 3766 ἕχον
3386 3698 3449 3748 ὲκ
3477 3693 3569 3748 τοῦ
3601 3694 3874 3764 πρωτοτό-

2307 3811 2409 3845 που
2437 3793 2645 3860 φωτός·
2684 3792 2798 3861 φῶς
2829 3791 3010 3862 μέντοι
3033 3791 3126 3843 καὶ
3158 3789 3289 3841 αὐτὸ
3315 3787 3434 3841 καθ’
3463 3787 3756 3856 ὁμοιότητα
3779 3784 3872 3838 τοῦ

2307 3882 2787 3954 προεπινοηθέντος
2818 3882 3048 3950 λάμπον,
3087 3880 3180 3958 καὶ
3212 3879 3463 3948 φωτίζον,
3507 3877 3599 3930 καὶ
3629 3878 3696 3930 τά
3741 3875 3876 3941 ἄλλα

2307 3976 2482 4028 πάντα
2524 3975 2591 4026 τά
2631 3975 2723 4025 τοῦ
2785 3975 2957 4040 φωτὸς
3007 3973 3388 4042 ἐργαζόμενον.
3427 3971 3562 4024 υὺδὲ
3599 3971 3706 4038 γὰρ
3763 3969 3873 4021 ἔστι

2305 4067 2444 4132 φωτὶ
2473 4065 2608 4135 πρὸς
2639 4065 2819 4134 ἕτερον
2854 4065 2964 4130 φῶς
3003 4067 3120 4115 κατ’
3155 4063 3284 4115 αὐτὸ
3325 4062 3482 4114 τοῦτο
3521 4060 3870 4130 παραλλαγή·

2303 4159 2429 4209 ὅταν
2456 4159 2571 4209 κατ’
2594 4157 2741 4209 οὐδὲν
2763 4156 2858 4226 τῆς
2879 4157 3206 4224 φωτιστικῆς
3229 4157 3446 4227 χάριτος
3467 4153 3708 4222 ἐνδέον,ἢ
3729 4154 3876 4206 ὑστε-

2305 4250 2564 4318 ρούμενον
2604 4250 2899 4319 φαίνηται,
2925 4247 3062 4301 ἀλλὰ
3109 4249 3258 4318 πάσῃ
3305 4247 3599 4316 τελειότητι
3641 4246 3774 4316 πρὸς
3815 4245 3875 4298 τὸ

2302 4339 2600 4408 ἀκρότατον
2637 4337 2973 4408 ἐπηρμένον,
3019 4339 3158 4408 μετὰ
3190 4339 3400 4409 Πατρὸς
3431 4340 3524 4390 καὶ
3561 4337 3690 4390 Υἱοῦ
3737 4337 3872 4389 θεω-

2303 4429 2462 4498 ρῆται
2489 4467 2504 4490 ,
2563 4428 2698 4497 μετά
2745 4427 2962 4499 Πατέρα
3001 4429 3094 4482 καὶ
3141 4426 3265 4479 Υίὸν
3303 4429 3634 4498 άριθμῆται,
3670 4425 3762 4478 καὶ
3807 4420 3871 4478 δι’

2301 4519 2493 4572 ἑαυτοῦ
2535 4519 2632 4588 τὴν
2679 4519 3043 4590 προσαγωγὴν
3072 4520 3207 4590 πρὸς
3245 4523 3307 4574 τὸ
3329 4524 3708 4595 ὲπινοούμενον
3735 4528 3869 4596 φῶς,

2304 4608 2366 4659 τὺ
2405 4610 2461 4660 ἐν
2511 4608 2683 4678 Πατρὶ
2717 4609 2810 4660 καὶ⁹
2853 4609 2966 4678 Υἱῷ
2991 4648 3005 4672 ,
3037 4613 3172 4666 πᾶσι
3227 4615 3338 4676 τοῖς
3381 4619 3670 4684 μετασχεῖν
3716 4617 3870 4670 δυνα-

633 4692 834 4742 duccre
870 4703 1059 4742 oumes
1111 4691 1204 4758 qui
1251 4690 1396 4745 illius
1441 4693 1730 4762 participes
1789 4695 1904 4749 ﬁeri
1949 4713 2199 4766 possunt,

2311 4695 2491 4765 μένοις
2541 4698 2850 4767 χαρίζηται.
2889 4699 3048 4754 Ἀλλὰ
3079 4701 3252 4754 ταῦτα
3291 4704 3388 4772 μὲν
3413 4705 3494 4764 εἰς⁴
3529 4706 3802 4762 τοσοῦτον.

637 4781 942 4833 consuerit.
985 4780 1087 4834 Sed
1127 4782 1243 4834 haec
1273 4782 1555 4838 hactenus.

708 4871 976 4925 (latterqu
1017 4887 1140 4925 cum
1189 4871 1536 4945 (Eunomius)
1571 4879 1774 4933 multus
1809 4861 1900 4946 sit,
1952 4889 2004 4935 et
2046 4887 2203 4952 quasi

639 4959 1138 5030 dillluatjactaudis
1183 4964 1448 5020 C(HH‘it'iiS
1483 4977 1536 5019 et
1575 4983 1672 5036 pro
1701 4971 1847 5022 omni
1891 4973 2202 5040 disputandi

641 5052 862 5106 exordio
883 5054 1266 5106 contumeliam
1293 5056 1624 5123 substernat,
1648 5075 1855 5128 proque
1877 5065 2023 5117 omni
2056 5067 2198 5135 ejus,

641 5143 785 5212 quod
835 5143 890 5195 in
945 5147 1318 5199 controversia
1375 5157 1663 5214 versatur,
1717 5153 2208 5223 demonstratione,

645 5235 842 5304 probra
869 5244 922 5288 et
944 5237 1250 5290 calumnias
1289 5239 1500 5302 afferat,
1538 5243 1768 5310 agedum
1803 5247 1994 5314 paucis
2031 5250 2213 5304 videa-

647 5342 788 5390 mus,
813 5341 948 5395 quas
973 5326 1040 5380 de
1062 5329 1286 5396 ingeniti
1323 5345 1417 5383 seu
1457 5332 1798 5390 iunascibilis
1839 5337 2215 5413 vocabulo’sy-

646 5417 968 5486 cophantice
987 5416 1042 5470 in
1066 5417 1343 5474 doctorem
1369 5431 1615 5476 nostrum
1637 5424 1937 5497 (Basilium)
1961 5429 2080 5484 etin
2095 5434 2213 5501 ejus

645 5507 1080 5562 dissertationem
1095 5509 1169 5561 cri
1181 5511 1501 5566 minationes
1517 5516 2106 5576 evonnuerit.Recitavit
2125 5539 2214 5578 au-

600 5663 614 5682 (
647 5607 755 5653 tem
773 5597 886 5666 ipsa
907 5597 1148 5666 magistri
1169 5600 1338 5654 nostri
1361 5602 1542 5664 verba,
1568 5620 1688 5672 quze
1704 5605 1778 5658 ita
1799 5622 1858 5662 se
1875 5609 2213 5682 habentztz‘go

648 5704 764 5742 vero
801 5687 962 5740 etiam
991 5689 1227 5756 ingeniti,
1263 5690 1367 5743 sive
1411 5693 1740 5749 innascibilis
1785 5699 2212 5766 appellationem,

649 5779 882 5846 quamvis
906 5795 1229 5848 summopere
1259 5781 1662 5850 cogitationibus
1693 5788 1886 5840 nostris
1921 5803 2172 5861 congruat
2197 5811 2212 5846 :

651 5879 822 5930 tamen
839 5870 1085 5938 quoniam
1106 5870 1248 5926 nullo
1273 5871 1384 5925 foco
1401 5873 1449 5924 in
1470 5872 1741 5950 Scriptura
1757 5875 1919 5940 ipsum
1937 5879 2152 5946 invenio,
2169 5896 2214 5936 rt

2390 4879 2539 4932 Ἐπεὶ
2559 4879 2614 4932 δὲ
2635 4879 2801 4943 πολύς
2839 4884 2985 4935 ἐστιν
3017 4883 3258 4955 εὐρῥοῶν
3295 4887 3415 4948 ταῖς
3448 4886 3755 4960 λοιδορίαις,
3783 4891 3874 4944 καὶ⁸

2305 4973 2483 5042 πάσης
2516 4973 2613 5041 μὲν
2658 4973 2832 5042 ἀρχῆς
2875 4976 3215 5046 κατασκευὴν
3263 4977 3360 5048 τὴν
3409 4978 3563 5049 ὕϐριν
3618 4981 3872 5051 ποιούμε-

2305 5080 2412 5124 νος,
2431 5063 2552 5115 ἀντὶ
2595 5063 2650 5115 δὲ
2697 5064 2876 5133 πάσης
2927 5067 3251 5133 ἀποδείξεως
3291 5072 3400 5126 τῶν
3437 5073 3874 5144 ἀμφισϐητουμέ-

2310 5173 2413 5205 νων
2466 5155 2563 5224 τὴν
2635 5155 2900 5225 λοιδορίαν
2954 5163 3174 5228 ἐπάγων
3209 5181 3222 5194 ·
3270 5165 3402 5236 φέρε
3464 5169 3556 5220 καὶ
3597 5170 3699 5222 ὅσα
3750 5172 3874 5241 περὶ

2309 5244 2406 5313 τῆς
2461 5245 2552 5297 τοῦ
2601 5245 2895 5316 ἁγεννήτου
2945 5249 3130 5318 φωνῆς
3183 5255 3532 5322 συκοφαντῶν
3589 5256 3681 5309 τὸν
3733 5258 3875 5311 διδά-

2311 5335 2506 5386 σκαλον
2547 5335 2741 5404 ἡμῶν,
2775 5337 2867 5390 καὶ
2921 5340 3000 5400 εἰς
3049 5340 3210 5392 αὐτὸν
3264 5344 3470 5397 ἐκεῖνον
3523 5347 3615 5398 καὶ
3655 5349 3734 5408 είς
3786 5347 3873 5399 τὸν

2309 5424 2462 5492 λόγον
2503 5423 2780 5497 ἐξύϐρισε,
2819 5427 3025 5498 βραχέα
3057 5430 3442 5504 διαλεχθῶμεν.
3482 5437 3754 5506 Πάρέθετο
3780 5439 3872 5490 τοῦ

2309 5516 2629 5569 διδασκάλου
2664 5519 2788 5588 περὶ
2825 5519 3027 5574 τούτων
3054 5521 3193 5588 λέξιν
3234 5525 3460 5594 ἔχουσαν
3487 5527 3656 5593 οὕτως
3685 5545 3699 5559 ·
3731 5529 3874 5598 Ἐγὼ

2307 5607 2377 5660 δὲ
2405 5607 2502 5660 καί
2537 5607 2648 5676 τὴν
2697 5610 2801 5663 τοῦ
2835 5611 3164 5679 ἀγεννήτου
3202 5619 3624 5686 προσηγορίαν,
3656 5619 3769 5676 κᾶν
3803 5621 3874 5674 τὰ

2305 5699 2570 5768 μάλιστα
2615 5699 2763 5770 δοκῇ
2813 5703 2940 5768 ταῖς
2973 5704 3230 5772 ἐννοίαις
3273 5708 3439 5777 ἡμῶν
3487 5713 3869 5780 συμϐαίνειν.

2310 5791 2446 5844 ἀλλ’
2475 5785 2589 5845 οὖν
2619 5792 2696 5857 ὡς
2737 5793 3000 5864 οὐδαμοῦ
3033 5796 3142 5865 τῆς
3171 5799 3414 5868 Γραφῆς
3439 5802 3740 5872 κειμένην,
3777 5805 3874 5858 καί

2315 5881 2547 5950 πρῶτον
2573 5885 2869 5952 στοιχεῖον
2893 5887 3086 5942 οὖσαν
3113 5889 3218 5958 τῆς
3243 5893 3640 5964 ,ϐλασφημίας
3663 5897 3870 5964 αὐτοῦ,
