4146 6370
307 360 406 414 417

1447 357 1724 415 CONTRA
1761 356 2148 420 EUNOMIUM,
2196 357 2326 412 LIB.
2368 359 2408 412 l.

3460 356 3562 409 iis

306 477 642 535 σιωπᾶσθαι
671 479 747 532 ἂν
774 480 1012 544 δικαίως
1055 479 1234 542 ἀξίαν
1266 474 1418 532 εἶναι
1461 479 1713 548 φήσαιμι
1734 495 1748 508 '
1778 474 1877 544 τῆς

1987 493 2235 547 quomam
2261 478 2489 543 primum
2514 487 2591 532 est
2618 479 2928 532 elementum
2957 472 3291 544 blasphemia:
3312 473 3559 538 istorum,

307 572 538 640 Πατρός
593 570 798 640 φωνῆς
851 572 991 626 ἴσον
1053 571 1392 641 δυναμένης
1446 571 1527 636 τῷ
1583 570 1889 641 ἀγεννήτῳ

309 662 483 734 [πρὸς
514 661 594 727 τῷ
625 662 723 715 καὶ
749 662 862 728 τὴν
890 663 1023 729 περὶ
1051 663 1158 716 τοῦ
1201 663 1336 716 Υίοῦ
1373 663 1614 716 ἔννοιαν
1652 677 1888 731 συνημ-

301 753 496 822 μένως
529 752 713 821 ἑαυτῇ
755 753 850 806 διὰ
885 752 994 821 τῆς
1033 753 1302 822 σχέσεως
1348 752 1780 825 συνεισάγειν.]
1821 753 1886 808 '0

308 846 418 914 τὰρ
465 845 649 910 ὄντως
695 846 915 913 Πατὴρ,
959 846 1058 898 καὶ
1095 847 1303 914 μόνος,
1329 846 1399 909 ἐξ
1431 847 1679 911 οὐδενός
1718 847 1888 900 ἐστιν

308 934 512 1002 ἐτέρου
532 951 545 963 ·
578 935 644 988 τὸ
674 935 742 986 δὲ
773 933 842 998 ἐξ
876 933 1154 1001 οὐδενὸς,
1185 936 1404 988 ταύτόν
1435 937 1564 988 ἐστι
1603 934 1684 1000 τῷ
1713 935 1887 1004 ἀγεν-

307 1024 484 1090 νήτῳ.
513 1024 647 1078 Τίνα
672 1020 764 1078 οὖν
791 1025 986 1092 ἐπάγει
1014 1027 1126 1088 τοῖς
1153 1024 1462 1095 εἰρημένοις
1493 1024 1764 1090 ἀπόδειξιν
1791 1025 1884 1077 τοῦ

312 1117 496 1180 κακῶς
528 1116 777 1188 εἰρῆσθαι
821 1118 912 1170 τὸν
946 1117 1102 1184 λόγον
1135 1119 1343 1180 τοῦτον,
1384 1116 1728 1185 ἀκούσωμεν·
1767 1115 1887 1183 Τὴν

305 1205 421 1274 μὲν
451 1202 564 1261 οὖν
587 1207 934 1276 ἀνωμαλίαν
952 1207 1072 1262 τῶν
1088 1211 1288 1278 λόγων
1309 1209 1377 1261 ἐκ
1400 1209 1754 1276 προπετείας
1773 1211 1842 1262 οὺ
1847 1225 1887 1276 χ

307 1294 490 1367 ἧττον
524 1298 558 1366 ἢ
596 1300 886 1367 πονηρίας
913 1300 1201 1365 ἀναιδοῦς
1233 1301 1357 1365 τοῖς
1387 1301 1604 1354 ἑαυτοῦ
1640 1301 1886 1369 καταμί-

312 1405 530 1460 γνυσιν
558 1390 944 1459 ἐγχειρήμασι
964 1431 978 1455 ,
1005 1391 1083 1456 τῷ
1119 1391 1229 1458 τῆς
1261 1391 1494 1461 γνώμης
1525 1394 1884 1460 ἀστηρίκτῳ,

313 1474 407 1526 καὶ
455 1475 529 1542 τῇ
576 1474 692 1528 τῶν
733 1475 1028 1545 λογισμῶν
1080 1479 1360 1546 ἀσθενείᾳ
1405 1481 1882 1549 περιφερόμενος.

323 1567 513 1634 Ὁρᾶτε
559 1565 620 1616 τὸ
659 1565 910 1637 εὔστοχον
954 1569 1054 1637 τῆς
1097 1569 1473 1639 ἀπαντήσεως,
1514 1571 1590 1632 ὼς
1625 1571 1887 1640 τεχνικῶς

311 1656 452 1709 κατὰ
498 1658 594 1727 τὴν
626 1659 844 1728 λογικὴν
877 1659 1042 1712 αὑτοῦ
1073 1660 1382 1730 ἐντρέχειαν
1413 1661 1649 1732 ἐκείνην,
1683 1661 1885 1714 διαλύει

313 1751 409 1818 μὲν
447 1749 555 1802 τῶν
583 1751 885 1821 εἰρημένων
919 1752 1016 1821 τὴν
1059 1750 1289 1821 δύναμιν
1310 1792 1324 1812 ,
1365 1753 1674 1820 ἀντεισάγει
1703 1753 1758 1805 δὲ
1787 1754 1884 1822 τὴν

1988 568 2196 619 silentio
2220 568 2532 622 tradendam
2567 570 2752 623 merito
2795 569 3039 622 duxerim
3071 579 3094 622 :
3117 565 3414 634 prtesertim
3441 581 3561 619 cum

1988 654 2170 708 Patris
2196 671 2294 708 vox
2320 668 2368 710 et
2391 657 2444 709 id
2471 660 2639 725 possit
2683 657 2819 727 quod
2847 657 3081 728 ingeniti,
3109 667 3156 710 et
3190 654 3258 708 ad
3283 654 3338 742 id
3372 654 3556 715 etiam,

1987 761 2196 819 prapter
2218 751 2523 806 relationem
2547 753 2881 820 conjunctam
2925 752 3026 804 sibi
3059 747 3214 813 Filii,
3279 747 3562 816 cogitatio-

1988 859 2104 896 nem
2139 843 2374 897 adducat
2411 884 2424 897 .
2452 845 2558 910 Qui
2595 847 2730 898 enim
2761 860 2876 898 vere
2911 843 3072 895 Pater
3118 852 3165 895 et
3218 840 3361 893 solus
3397 835 3558 889 Pater

1985 942 2083 995 est,
2115 950 2147 985 a
2174 933 2319 988 nullo
2346 943 2423 988 est
2449 951 2466 986 :
2497 936 2586 1004 qui
2616 944 2790 988 autem
2819 950 2850 986 a
2877 931 3020 985 nullo
3047 940 3144 987 est.
3164 929 3423 998 ingenitus
3452 935 3554 979 est.

1987 1023 2285 1079 Audiamus
2313 1040 2440 1095 ergo
2487 1025 2756 1094 quomodo
2804 1025 3140 1082 demonstret
3184 1020 3299 1073 hare
3358 1031 3552 1087 perpe-

1987 1129 2100 1167 ram
2131 1114 2274 1168 dicta
2314 1131 2456 1169 esse.
2500 1115 2998 1169 Dissimilitudinem
3055 1122 3105 1166 et
3140 1109 3554 1179 ianualitatem

1987 1221 2090 1257 non
2126 1206 2322 1269 minus,
2353 1223 2509 1275 quam
2543 1205 2893 1274 impudentem
2950 1203 3338 1272 improbitatem
3382 1214 3446 1254 ea:
3474 1207 3551 1251 te-

1987 1297 2227 1349 meritate
2277 1298 2392 1350 suis
2437 1298 2604 1350 verbis
2656 1297 2931 1361 admiscet,
2988 1293 3330 1348 instabilitate
3364 1290 3554 1341 mentis

1985 1395 2034 1440 et
2083 1389 2461 1458 cogitationum
2519 1389 2884 1442 imbecillitate
2946 1388 3320 1448 circumactus.
3364 1379 3556 1434 Videte

1986 1494 2147 1546 quam
2178 1478 2519 1533 considerate
2551 1481 2863 1534 adversario
2896 1484 3169 1532 occurrat.
3212 1474 3383 1540 Quum
3418 1471 3556 1524 arti—

1988 1567 2171 1623 liciose
2201 1584 2267 1622 ex
2297 1570 2469 1638 logica
2502 1584 2598 1623 sua
2633 1569 2825 1638 peritia
2852 1569 2994 1622 vires
3018 1582 3205 1621 eorum
3231 1582 3352 1634 qua:
3408 1564 3550 1616 dicta

1989 1665 2135 1724 sunt,
2178 1668 2421 1722 enervat,
2472 1660 2780 1713 introducta
2814 1660 2999 1729 pietati
3055 1659 3227 1726 magis
3255 1663 3551 1709 consenta-

1990 1766 2089 1804 nea
2125 1750 2549 1804 existimatione.
2592 1751 2878 1804 Dissimilis
2910 1759 3010 1813 est,
3053 1749 3250 1818 inquit,
3291 1761 3549 1805 sermone,

309 1811 1003 1913 εὐσεϐεστέραν-ὑπόληψιν
1039 1811 1284 1914 γνώμην.
1327 1811 1672 1912 Ἀνώμαλός,
1729 1811 1877 1914 φησὶ,

1987 1858 2090 1894 non
2120 1842 2294 1895 minus
2323 1858 2550 1910 prtrceps
2585 1853 2630 1896 et
2664 1843 2971 1895 temerarius
3029 1857 3187 1910 quam
3212 1838 3509 1890 malitiosus
3534 1851 3551 1887 .'

308 1931 416 1982 τὸν
453 1933 658 1999 λόγον,
693 1934 993 2001 προπετὴς
1025 1937 1136 2002 οὐχ
1165 1930 1346 2003 ἧττον
1401 1934 1438 2004 ἤ
1484 1935 1744 2003 πονηρός
1772 1936 1884 2003 τὴν

310 2019 578 2088 γνώμην,
617 2023 1089 2092 ἀστήρικτος,τῇ
1118 2024 1236 2077 τῶν
1264 2026 1570 2096 λογισμῶν
1602 2028 1882 2093 ἀσθενείᾳ

310 2114 785 2181 περιφερόμενος.
831 2116 999 2168 Πόθεν
1030 2115 1235 2180 ταῦτα,
1271 2118 1364 2170 καὶ
1401 2118 1465 2170 ἐκ
1509 2118 1665 2182 ποίας
1701 2119 1881 2181 αἰτίας

310 2201 664 2269 παροξυνθεὶς
703 2205 731 2257 ὁ
776 2205 873 2276 τὴν
913 2203 1138 2275 γνώμην
1171 2207 1593 2277 ἐστηριγμένος,
1637 2208 1730 2260 καὶ
1768 2211 1880 2270 τοῖς

307 2291 588 2362 λογισμοῖς
628 2295 880 2361 ὑγιαίνων
915 2298 1081 2368 φησί;
1124 2299 1276 2364 Τίνος
1310 2300 1542 2370 μάλιστα
1577 2303 1880 2370 καταγνοὺς

306 2382 414 2434 τῶν
447 2385 784 2454 εἰρημένων;
819 2387 940 2439 Ὅτι
978 2389 1076 2458 τὴν
1107 2389 1309 2442 ἔννοιαν
1345 2391 1554 2461 δέχεται
1581 2391 1674 2445 τοῦ
1706 2394 1877 2462 ἀγεν-

305 2475 513 2543 νήτου,
543 2476 641 2548 τὴν
672 2478 728 2530 δὲ
756 2478 956 2550 φωνὴν,
999 2480 1074 2544 ῶς
1119 2483 1305 2546 κακῶς
1335 2484 1692 2554 ἐκληφθεῖσαν
1725 2485 1876 2556 παρὰ

305 2565 414 2617 τῶν
442 2567 868 2638 διαστρεφόντων
890 2609 904 2632 ,
938 2571 1145 2641 σιωπῆς
1183 2572 1337 2638 ἀξίαν
1375 2574 1544 2644 φησί;
1573 2575 1625 2626 τί
1666 2573 1774 2645 γὰρ
1801 2574 1876 2646 μὴ

307 2657 362 2708 ἐν
404 2659 608 2727 ῥήμασι
650 2659 742 2710 καὶ
785 2661 1034 2730 προφορᾷ
1063 2661 1123 2713 τὸ
1168 2661 1405 2730 ἀσφαλὲς
1442 2663 1744 2716 κινδυνεύει
1776 2664 1876 2733 τῆς

305 2748 570 2813 πίστεως,
603 2750 701 2820 τῆς
740 2749 794 2802 δὲ
829 2751 969 2803 κατά
997 2753 1093 2822 τὴν
1127 2752 1361 2806 διάνοιαν
1399 2753 1682 2824 ἀκριϐείας
1718 2754 1875 2823 λόγος

302 2841 506 2902 οὐδείς;
541 2842 609 2892 Ἢ
638 2842 755 2912 οὐχὶ
784 2845 1203 2915 προηγουμένως
1232 2846 1296 2915 τῇ
1333 2845 1526 2916 καρδία
1554 2847 1874 2914 καθαρεύειν

304 2931 409 2983 ἀπὸ
442 2932 548 2984 τῶν
576 2934 829 3004 πονηρῶν
855 2935 1200 3005 ἐννοημάτων
1225 2938 1253 2988 ὁ
1279 2937 1377 3005 τῆς
1407 2937 1663 3005 ἀληθείας
1692 2957 1872 3010 παρα·-

305 3023 622 3088 σκευάζεται
659 3023 839 3094 λόγος·
879 3027 1083 3096 ῥήμασι
1122 3027 1178 3080 δὲ
1211 3028 1510 3098 κεχρῆσθαι
1543 3030 1677 3100 πρὸς
1704 3031 1874 3102 δήλω-

305 3131 388 3167 σιν
422 3116 527 3168 τῶν
552 3117 650 3187 τῆς
680 3117 859 3187 ψυχῆς
897 3120 1229 3188 κινημάτων,
1273 3119 1341 3172 δι’
1373 3114 1447 3174 ὧν
1487 3121 1551 3173 ἂν
1651 3121 1873 3175 δυνατὸν
1901 3148 1943 3204 C

305 3207 634 3273 ἐνδείξασθαι
675 3207 768 3261 τοῦ
809 3209 900 3261 νοῦ
954 3210 1012 3261 τὸ
1047 3211 1354 3282 ἀπόρρητον
1378 3251 1394 3276 ,
1429 3212 1576 3265 οὐδὲν
1616 3215 1741 3285 περὶ
1785 3216 1875 3267 τὸν

302 3300 501 3352 τοιόνδε
525 3301 624 3370 τῆς
654 3302 837 3370 φωνῆς
868 3297 999 3372 ἦχον
1029 3302 1546 3374 μικρολογούμενον;
1579 3305 1652 3356 Οὐ
1685 3307 1792 3376 γάρ
1817 3306 1876 3359 τὸ

302 3389 489 3453 οὕτως,
521 3391 552 3459 ἢ
576 3391 649 3454 ὡς
670 3393 868 3464 ἑτέρως
896 3395 1069 3445 εἰπεῖν
1092 3393 1261 3447 αἴτιον
1287 3395 1387 3464 τῆς
1407 3397 1464 3446 ἐν
1487 3396 1619 3465 ἡμῖν
1639 3395 1876 3461 διανοίας

303 3481 620 3536 καθίσταται
644 3499 656 3513 ·
679 3483 814 3537 ἀλλὰ
841 3485 901 3537 τὸ
923 3485 1161 3556 κρυπτὸν
1186 3485 1284 3554 τῆς
1312 3485 1536 3554 καρδίας
1565 3487 1739 3556 νόημα
1767 3487 1875 3542 τῶν

302 3573 516 3626 τοιῶνδε
560 3574 730 3642 λόγων
773 3576 871 3646 τὴν
914 3576 1091 3630 αἰτίαν
1129 3577 1434 3629 ἐνδίδωσιν·
1494 3578 1594 3630 Ἐκ
1627 3578 1733 3648 γάρ
1767 3578 1874 3632 τοῦ

303 3667 795 3735 περισσεύματος,
817 3668 968 3736 φησὶ,
995 3667 1101 3734 τῆς
1125 3668 1368 3735 καρδίας
1380 3668 1446 3721 τὸ
1469 3670 1659 3737 στόμα
1677 3669 1869 3724 λαλεῖ.

372 3755 474 3807 Καὶ
505 3757 612 3809 τῶν
644 3758 942 3827 νοηθέντων
976 3759 1216 3830 ἑρμηνέα
1248 3760 1336 3813 τὸν
1366 3759 1521 3827 λόγον
1556 3760 1871 3831 ποιούμεθα,

302 3844 363 3896 ού
403 3844 464 3897 τὸ
507 3844 740 3914 ἔμπαλιν
794 3848 892 3918 τὴν
934 3848 1173 3900 διάνοιαν
1219 3849 1310 3917 ἀφ’
1355 3842 1428 3900 ὧν
1482 3849 1710 3920 λέγομεν
1753 3868 1876 3903 συν-

304 3935 611 4006 αγείρομεν,
631 3937 731 3990 κᾶν
753 3939 851 4007 μὲν
879 3939 1162 4010 ἀμφότεροι
1187 3939 1478 4010 συμϐαίνῃ,
1502 3941 1596 3993 καὶ
1621 3943 1760 3993 νοεῖν
1790 3941 1875 3993 δε-

303 4027 451 4093 ξιῶς,
481 4029 571 4080 καὶ
603 4029 922 4100 ἑρμηνεύειν
945 4071 958 4092 ,
989 4031 1170 4101 ἄρτιος
1194 4031 1260 4083 δι’
1287 4031 1562 4101 ἑκατέρων
1593 4034 1621 4084 ό
1663 4032 1872 4103 ἄνθρω-

304 4137 404 4184 πος
427 4138 438 4150 ·
468 4121 514 4172 εί
543 4121 598 4174 δὲ
626 4121 686 4174 τὸ
714 4122 900 4192 ἕτερον
922 4122 1086 4187 λίποι,
1117 4123 1270 4193 ὀλίγη
1297 4123 1372 4194 τῷ
1403 4123 1584 4196 ἰδιώτῃ
1614 4125 1755 4177 κατά
1781 4125 1872 4178 τὸν

302 4208 457 4276 λόγον
493 4208 754 4279 ήζημία,
800 4212 898 4280 τῆς
939 4210 1078 4263 κατὰ
1107 4209 1282 4280 ψυχὴν
1332 4211 1582 4278 γνώσεως
1628 4213 1761 4283 πρὸς
1812 4214 1872 4266 τὸ

301 4296 502 4365 ἀγαθὸν
538 4297 994 4368 κατηρτισμένης.
1039 4301 1102 4351 '0
1134 4300 1305 4364 λαὸς,
1331 4302 1514 4372 φησὶν,
1547 4297 1724 4367 οὗτος
1749 4301 1866 4367 τοῖς

303 4388 534 4454 χείλεσι
560 4404 635 4455 με
658 4386 812 4456 τιμᾷσ
836 4389 874 4456 ἡ
898 4387 967 4440 δὲ
994 4389 1204 4457 καρδία
1225 4389 1422 4444 αὐτῶν
1445 4393 1641 4460 πόρῤω
1662 4393 1870 4460 ἀπέχει

1983 1934 2160 1987 animo
2223 1933 2511 1996 instabilis,
2568 1933 2944 2002 cogitationum
2994 1947 3214 1984 suarum
3244 1930 3555 1998 inﬁrmitate

1983 2023 2362 2077 circumactus.
2410 2022 2584 2088 Unde,
2646 2032 2700 2077 et
2761 2039 2868 2093 qua
2923 2037 3086 2076 causa
3135 2020 3418 2090 impulsus,
3458 2020 3549 2088 qui

1988 2123 2168 2170 mente
2199 2116 2335 2170 adeo
2363 2115 2629 2170 solidatas
2654 2124 2758 2175 est,
2779 2124 2833 2169 et
2869 2116 3196 2184 cogitatione
3215 2113 3350 2165 adeo
3383 2127 3551 2165 sanus

1981 2214 2035 2258 et
2068 2205 2343 2272 sincerus,
2381 2207 2506 2259 talia
2541 2205 2716 2260 ellutit
2741 2207 2762 2258 ?
2785 2206 3052 2272 Quidnam
3085 2220 3152 2257 ex
3211 2203 3374 2257 dictis
3429 2217 3548 2254 ma-

1980 2301 2122 2354 xime
2157 2301 2589 2370 improbat?.An
2650 2301 2776 2370 quia
2815 2301 3124 2368 (Basilius)
3178 2311 3398 2352 sensum
3454 2294 3547 2363 qui

1977 2388 2242 2440 vocabulo
2291 2389 2620 2443 innascibilis
2659 2390 2982 2456 subjicitur,
3039 2387 3282 2458 recepit,
3355 2400 3542 2440 vocem

1981 2494 2108 2532 vero
2138 2479 2336 2549 ipsam,
2368 2489 2624 2549 tanquam
2654 2496 2683 2533 a
2729 2481 3176 2549 depravatoribus
3223 2477 3362 2532 male
3395 2491 3550 2530 acce-

1979 2579 2162 2638 ptam,
2206 2569 2428 2624 silentio
2480 2571 2830 2639 premendam
2877 2570 3127 2638 judicat?
3163 2569 3303 2634 Quid
3359 2567 3550 2622 enim?

1976 2659 2058 2711 An
2092 2661 2146 2713 in
2185 2661 2367 2715 verbis
2399 2669 2452 2715 et
2482 2663 2787 2730 prolatione
2851 2663 3116 2716 securitas
3151 2668 3204 2714 et
3257 2660 3546 2714 sinceritas

1978 2751 2103 2806 ﬁdei
2158 2753 2543 2821 periclitatur?
2605 2753 2687 2805 An
2749 2754 2893 2806 nulla
2934 2755 3072 2806 ratio
3125 2752 3368 2805 habenda
3427 2749 3545 2818 ejus

1976 2859 2094 2912 quae
2125 2859 2188 2897 ex
2222 2859 2384 2898 sensu
2435 2853 2539 2908 est,
2584 2844 3000 2898 accuratiouis?
3057 2844 3251 2896 Annon
3286 2842 3546 2912 primario

1976 2943 2029 2988 et
2067 2943 2191 2988 ante
2217 2937 2398 2988 omnia
2431 2936 2481 2990 id
2515 2936 2763 2990 veritatis
2815 2936 2956 2988 ratio
3011 2934 3212 2995 studet,
3270 2947 3330 2987 ut
3358 2948 3453 2986 eor
3514 2947 3542 2984 a

1978 3028 2250 3095 perversis
2299 3027 2654 3096 opinionibus
2702 3037 3053 3096 expurgetur,
3095 3025 3275 3080 verbis
3315 3039 3445 3078 vero
3477 3023 3543 3076 ad

1978 3119 2258 3171 notionum
2299 3120 2496 3172 animae
2535 3119 3032 3173 manifestationem
3080 3125 3286 3181 utatur,
3343 3115 3545 3186 quibus

1978 3224 2176 3261 arcana
2225 3209 2424 3264 mentis
2456 3210 2733 3279 pateﬁant,
2794 3209 3031 3278 seposita
3083 3209 3150 3262 de
3199 3207 3350 3262 vocis
3409 3221 3545 3260 sono

1977 3301 2137 3352 anxia
2170 3299 2581 3354 sollicitudine?
2607 3299 2725 3354 Non
2756 3303 2900 3356 enim
2924 3312 3104 3355 utrum
3145 3299 3248 3352 hoc
3275 3299 3356 3352 vel
3387 3297 3543 3364 illud,

1976 3391 2082 3445 isto
2119 3392 2202 3444 vel
2237 3392 2344 3445 isto
2374 3393 2536 3446 modo
2565 3393 2893 3462 proferatur,
2937 3401 3296 3460 conceptuum
3328 3401 3546 3444 nostro-

1977 3497 2095 3535 rum
2129 3497 2295 3535 causa
2330 3493 2436 3546 est,
2471 3485 2564 3537 sed
2617 3484 2971 3538 absconditus
3017 3483 3180 3535 animi
3227 3498 3421 3537 sensus
3460 3479 3544 3533 his

1977 3573 2059 3626 vel
2096 3572 2204 3628 illis
2223 3574 2404 3628 verbis
2433 3589 2654 3628 causam
2683 3575 3063 3628 subministrat
3090 3594 3103 3627 :
3136 3589 3255 3628 nam
3283 3589 3347 3627 ea:
3375 3572 3545 3627 abun-

1974 3666 2161 3719 dantia
2193 3667 2365 3720 cordis
2400 3683 2456 3719 os
2486 3667 2716 3735 loquitur
2747 3666 2813 3720 ³⁸.

2047 3755 2110 3809 Ει
2137 3756 2404 3825 interpres
2454 3772 2642 3810 eorum
2674 3771 2794 3825 qua:
2824 3763 3004 3809 mente
3035 3755 3393 3825 concipimus,
3425 3771 3544 3810 ser-

1975 3863 2064 3900 mo
2096 3855 2218 3902 est:
2261 3863 2367 3900 non
2397 3863 2427 3901 e
2459 3847 2736 3900 contrario
2772 3861 2992 3900 sensum
3039 3862 3104 3900 ex
3142 3846 3247 3908 iis,
3291 3862 3412 3915 qua:
3456 3846 3542 3898 di-

1973 3949 2172 3992 cuntur
2190 3980 2203 4004 ,
2229 3939 2538 4008 colligimus
2565 3958 2576 3991 :
2625 3938 2874 4007 quamvis
2905 3945 3196 4007 utrumque
3223 3939 3543 4007 contingere

1973 4037 2156 4098 queat,
2186 4039 2240 4084 et
2272 4029 2460 4082 dextre
2484 4029 2803 4098 intelligere,
2834 4036 2887 4081 et
2919 4028 3108 4082 dextre
3144 4029 3437 4098 explicare,
3470 4030 3537 4082 ad

1973 4129 2269 4190 utrumque
2303 4128 2484 4173 autem
2515 4120 2677 4172 homo
2713 4118 2946 4172 idoneus
2977 4132 3028 4172 et
3057 4119 3330 4188 perfectus
3358 4127 3462 4180 est,
3485 4129 3540 4173 et

1974 4211 2020 4263 si
2052 4211 2286 4264 alterum
2352 4209 2514 4271 absit,
2555 4210 2754 4277 exigua
2796 4208 2977 4262 idiotze
3028 4218 3080 4262 et
3137 4209 3386 4280 imperito
3413 4211 3543 4263 huic

1973 4301 2468 4368 imminetjactura,
2505 4301 2702 4368 quippe
2731 4299 2890 4365 cujus
2915 4300 3156 4369 cognitio
3182 4301 3250 4352 ad
3284 4300 3358 4362 id,
3390 4301 3533 4370 quod

1972 4390 2174 4444 bonum
2216 4399 2321 4452 est,
2359 4389 2686 4443 concinnata
2714 4399 2768 4444 et
2806 4391 3111 4459 composita
3175 4391 3268 4445 sit.
3303 4389 3540 4458 Populus

301 4475 400 4529 ἀπ’
445 4476 618 4545 ἐμοῦ·
667 4477 718 4530 τί
763 4478 920 4529 τοῦτο
965 4479 1282 4548 σημαίνων;
1332 4480 1454 4532 Ὅτι
1506 4483 1869 4552 προτιμοτέρα

1978 4481 2072 4534 iste
2109 4479 2264 4533 labiis
2314 4496 2395 4533 me
2445 4479 2690 4546 honorat,
2740 4480 2934 4550 inquit,
2997 4497 3086 4534 cor
3134 4493 3307 4535 autem
3360 4499 3540 4536 eorum

301 4567 451 4636 παρὰ
504 4568 623 4634 Θεῷ
679 4571 861 4639 κριτῇ,
917 4569 996 4639 τῷ
1050 4570 1157 4623 τῶν
1211 4570 1492 4640 άλαλήτων
1550 4571 1869 4641 στεναγμῶν

302 4658 559 4720 ὲπαῖοντι,
583 4659 615 4730 ἡ
640 4659 738 4728 τῆς
763 4659 941 4729 ψυχῆς
971 4660 1106 4730 πρὸς
1133 4659 1230 4730 τὴν
1256 4661 1508 4731 ἀλήθειαν
1538 4663 1738 4732 σχέσις,
1767 4663 1870 4731 τῆς

301 4747 358 4798 ἐν
397 4748 633 4818 ῥήμασιν
665 4748 995 4819 εὐπρεπείας
1028 4749 1119 4801 τοῦ
1158 4749 1338 4817 λόγου.
1372 4751 1592 4813 Τούτοις
1627 4751 1725 4820 μὲν
1759 4753 1868 4822 γὰρ

298 4837 534 4891 ἐστικαὶ
573 4839 707 4910 πρὸς
737 4841 796 4892 τὸ
835 4841 1073 4893 ἐναντίον
1121 4842 1562 4912 συγχρήσασθαι,
1601 4843 1740 4896 κατὰ
1768 4845 1867 4914 τὴν

299 4931 542 4996 ἐξουσίαν
575 4930 668 4983 τοῦ
705 4932 1095 5002 φθεγγομένου,
1136 4934 1271 5004 πρὸς
1312 4933 1372 4986 τὸ
1412 4933 1600 4988 δοκοῦν
1630 4935 1865 5001 εὐκόλως

301 5023 672 5094 ὑπηρετούσης
697 5024 793 5092 τῆς
820 5024 1068 5094 γλώσσης
1092 5041 1105 5052 ·
1135 5028 1168 5095 ἡ
1196 5025 1250 5078 δὲ
1273 5026 1372 5095 τῆς
1403 5026 1578 5096 ψυχῆς
1607 5026 1862 5094 διάθεσις,

299 5117 447 5178 ὅπως
473 5114 538 5169 ἂν
575 5115 770 5186 ἔχουσα
802 5115 984 5186 τύχοι,
1014 5115 1183 5180 οὕτως
1208 5118 1399 5186 ὁρᾶται
1429 5116 1507 5186 τῷ
1536 5119 1614 5179 εἰς
1638 5119 1707 5170 τά
1737 5118 1866 5189 κρύ-

301 5228 398 5279 φια
444 5209 711 5279 βλέποντι.
748 5210 899 5273 Τίνος
936 5207 1028 5263 οὖν
1067 5211 1222 5281 χάριν
1255 5211 1565 5280 ἀνώμαλος,
1601 5212 1695 5264 καὶ
1732 5228 1865 5282 προ·

301 5303 468 5373 πετὴς
491 5304 590 5372 οὐχ
621 5297 779 5373 ἧττον
808 5301 841 5372 ἢ
875 5304 1128 5374 πονηρὸς,
1161 5304 1189 5354 ό
1226 5302 1284 5355 τὸ
1317 5303 1412 5372 μὲν
1445 5301 1680 5366 εὐσεϐῶς
1719 5303 1868 5356 νοού-

301 5409 458 5462 μενον
491 5394 554 5444 ἐκ
581 5391 680 5462 τῆς
719 5392 811 5444 τοῦ
845 5393 1172 5462 ἀγεννήτου
1213 5393 1418 5461 φωνῆς,
1454 5394 1546 5446 καὶ
1582 5392 1738 5454 νοῶν,
1773 5394 1866 5446 καὶ

296 5484 598 5554 δεχόμενος,
629 5485 689 5536 τὸ
722 5484 778 5536 δὲ
817 5485 937 5536 ὅσον
963 5485 1200 5537 συντελεῖ
1228 5485 1363 5555 πρὸς
1390 5483 1640 5536 ἀσέϐειαν
1663 5487 1774 5548 τοῖς
1798 5486 1866 5539 τὰ

294 5575 533 5629 δόγματα
559 5576 953 5647 παρανομοῦσι,
987 5576 1141 5628 τοῦτο
1175 5575 1474 5629 σιωπᾶσθαι
1509 5575 1771 5640 κελεύων;
1801 5575 1864 5629 Ei

369 5757 411 5786 ³⁹
445 5753 631 5808 Matth.
661 5770 734 5808 xu
794 5755 880 5808 54.

960 5754 1002 5784 ⁴⁰
1044 5754 1144 5807 lsa.
1172 5769 1320 5817 xxix,
1356 5754 1454 5820 15;
1491 5751 1680 5807 Matth.
1717 5769 1826 5819 va,
1865 5753 1917 5808 8.

1973 4571 2122 4640 longe
2151 4579 2225 4624 est
2250 4588 2281 4624 a
2306 4587 2386 4624 me
2409 4572 2477 4623 ⁸ο.
2503 4569 2643 4636 Quid
2673 4571 2776 4625 hoc
2809 4573 2958 4626 dicto
2991 4572 3299 4642 signiﬁcare
3323 4575 3544 4628 voluit?

1972 4659 2264 4728 Potiorem,
2307 4662 2448 4731 apud
2485 4660 2651 4714 Deum
2681 4661 2944 4730 judicem,
2988 4664 3226 4734 gemitus
3257 4679 3383 4718 vere
3426 4680 3540 4718 non

1971 4769 2263 4824 expressos
2313 4754 2647 4819 audientem,
2707 4770 2832 4809 esse
2891 4756 3092 4810 mentis
3127 4755 3194 4809 ad
3253 4757 3540 4811 veritatem

1973 4845 2332 4911 aﬂectionem,
2359 4861 2521 4915 quam
2551 4847 2840 4901 verborum
2887 4854 3140 4899 ornatum
3181 4855 3236 4900 et
3278 4847 3540 4917 eloquen-

1973 4937 2125 4989 tiam.
2160 4934 2295 4988 Nam
2332 4937 2416 4990 bis
2439 4936 2600 4990 etiam
2635 4937 2687 4989 in
2726 4936 3060 4990 contrarium
3097 4936 3176 4990 uti
3234 4937 3380 4998 licet,
3441 4953 3543 5007 pro

1971 5025 2091 5094 ejus
2146 5025 2237 5095 qui
2269 5027 2508 5094 loquitur
2560 5025 2842 5088 facultate,
2875 5027 3060 5096 lingua
3097 5041 3208 5080 non
3253 5027 3543 5084 dilIiculter

1973 5115 2040 5170 ad
2071 5115 2123 5169 id
2153 5117 2297 5186 quod
2328 5118 2508 5171 visum
2543 5125 2628 5170 est
2683 5117 3079 5172 subserviente.
3117 5119 3186 5172 At
3243 5136 3373 5174 vero
3416 5123 3539 5175 ani-

1971 5223 2073 5261 nne
2099 5207 2338 5269 affectio,
2375 5208 2776 5277 qualiscunque
2813 5222 2876 5261 ea
2900 5209 2990 5271 sit,
3027 5209 3152 5264 talis
3183 5211 3344 5264 etiam
3372 5228 3539 5282 appa-

1970 5309 2052 5354 ret
2080 5301 2128 5354 ei
2184 5301 2275 5370 qui
2305 5301 2521 5353 occulta
2561 5301 2825 5355 intuetur.
2874 5299 3054 5365 Quare
3104 5301 3269 5372 igitur
3306 5311 3538 5358 temera-

1968 5392 2086 5446 rius
2118 5400 2226 5456 est,
2258 5399 2311 5446 et
2349 5407 2458 5445 non
2494 5393 2678 5447 minus
2719 5393 3022 5462 improbus,
3070 5394 3164 5463 qui
3195 5395 3338 5464 quod
3383 5396 3538 5449 inna-

1970 5484 2168 5538 scibilis
2202 5499 2297 5539 seu
2327 5485 2546 5555 ingeniti
2581 5484 2846 5539 vocabulo
2900 5486 2986 5555 pie
3034 5485 3396 5555 signiﬁcatur,
3449 5503 3537 5539 re-

1970 5576 2102 5648 cipit
2134 5585 2186 5632 et
2221 5577 2508 5648 approbat,
2553 5577 2687 5632 illud
2738 5592 2868 5633 vero
2915 5579 3058 5651 quod
3123 5579 3304 5651 impiis
3346 5581 3539 5649 impie-
