4146 6370
554 354 658 406 Ill!)

1831 353 1887 409 S.
1924 350 2251 409 GREGORII
2288 349 2586 407 NYSSENI

3715 347 3818 400 4Ξο

554 469 685 521 tatis
719 466 993 522 struendae
1028 480 1216 520 ansam
1254 467 1483 537 prmhet,
1515 468 1663 522 sileri
1690 469 1881 539 jubet?
1913 470 2045 525 Nam
2078 469 2126 525 si

2242 469 2333 540 μὲν
2360 468 2470 540 γὰρ
2508 469 2710 537 ἔλεγεν,
2744 468 2817 538 μὴ
2848 468 2956 521 δεῖν
2999 465 3332 536 ἀγέννητον
3373 467 3512 518 νοεῖν
3542 466 3632 517 τὸν
3664 464 3816 526 Θεὸν,

554 559 786 612 dixisset
834 572 944 611 non
977 572 1100 612 esse
1135 556 1510 626 usurpandum
1538 560 1868 615 innascibilis
1900 562 2139 616 vocabu-

557 650 691 710 lum,
747 647 1032 703 habuisset
1066 647 1207 703 forte
1256 648 1463 718 justam
1524 648 1640 703 hiI‘C
1687 659 1741 704 et
1800 651 1979 705 adhuc
2015 668 2139 721 gra-

557 740 709 793 viora
763 739 1032 795 adversus
1087 739 1240 793 illum
1293 740 1535 808 jactandi
1579 742 1826 795 convicia
1885 743 2132 796 occasio-

560 846 708 885 nem.
758 828 814 884 Si
847 845 977 883 vero
1014 846 1081 885 ex
1142 831 1421 884 communi
1468 830 1681 900 piormn
1734 831 2141 885 existimatione

562 924 663 977 hoc
706 923 1023 985 conﬁtetur,
1076 932 1128 975 et
1162 922 1319 991 quasi
1383 921 1708 975 sententiam
1761 921 2027 991 magistro
2057 921 2141 973 di-

559 1029 719 1084 gnam
748 1014 956 1084 profert
1002 1029 1060 1066 se.
1088 1012 1427 1066 abstinuisse
1459 1013 1527 1065 ab
1558 1013 1658 1065 hac
1686 1028 1836 1071 voce,
1868 1022 2139 1081 quatenus

563 1120 819 1176 perversa
847 1105 1229 1159 haereticorum
1271 1104 1521 1157 doctrina
1557 1104 1689 1157 hinc
1730 1103 1996 1173 originem
2028 1109 2138 1155 tra-

561 1199 659 1261 xit,
694 1213 919 1267 remque
951 1198 1127 1267 ipsam
1160 1195 1540 1265 signiﬁcatam,
1576 1193 1743 1247 Deum
1778 1194 1985 1247 scilicet
2017 1207 2139 1247 esse

564 1288 956 1351 innascibilem,
992 1287 1160 1341 teneri
1188 1287 1366 1353 jubet,
1400 1285 1543 1338 haud
1566 1286 1860 1354 quidquam
1897 1283 2135 1344 admisit,

562 1381 633 1435 ob
673 1380 815 1449 quod
870 1380 1038 1434 tantis
1095 1378 1363 1432 conviciis
1424 1378 1776 1432 laceraretur.
1812 1376 2008 1428 Annon
2068 1374 2137 1428 ab

568 1475 684 1542 ipsa
742 1472 985 1526 Veritate
1044 1472 1222 1525 edocti
1281 1487 1474 1527 sumus
1536 1470 1664 1522 talia
1728 1468 1925 1531 facere,
1964 1482 2137 1534 neque

560 1569 724 1621 etiam
752 1566 907 1619 valde
970 1565 1136 1618 claris
1166 1564 1463 1623 adhaerere,
1527 1563 1573 1616 si
1625 1559 1755 1630 quid
1813 1558 2007 1612 horum
2067 1556 2135 1610 ad

563 1657 767 1710 malum
800 1655 1005 1709 ducat?
1046 1653 1160 1707 lino
1194 1656 1355 1709 etiam
1382 1652 1633 1707 dextrum
1667 1650 1907 1709 oculum,
1945 1646 2132 1717 pedem

562 1756 617 1802 et
659 1762 876 1800 manum
907 1747 1162 1801 similiter
1201 1745 1470 1813 amputari
1499 1743 1766 1813 praecipit,
1807 1743 1851 1795 si
1898 1739 2027 1808 quid
2067 1754 2131 1793 ex

562 1837 683 1892 istis
713 1853 813 1891 nos
849 1835 1177 1891 scandalizet
1205 1836 1344 1888 “'5'.
1375 1836 1515 1901 Quid
1545 1834 1690 1887 aliud
1720 1834 1819 1887 hoc
1849 1833 2135 1901 aenigmate
2167 1819 2208 1874 Β

565 1929 871 1983 faciendum
905 1930 1082 1982 innuit
1140 1944 1302 1998 quam
1330 1928 1493 1980 etiam
1536 1928 1649 1989 illa,
1689 1941 1809 1994 qua:
1840 1925 1963 1977 boni
2014 1939 2136 1991 spe-

562 2021 700 2075 ciem
765 2021 991 2086 habent,
1056 2022 1102 2075 si
1162 2020 1436 2074 hominem
1507 2035 1573 2073 ex
1639 2018 2138 2072 inconsiderattone

564 2114 829 2166 utentium
866 2115 930 2165 ad
995 2113 1199 2166 malum
1256 2112 1550 2174 abducant,
1606 2109 1939 2179 repudianda
1994 2122 2135 2172 esse,

562 2207 705 2273 quod
734 2205 1132 2258 conducibilius
1172 2205 1243 2259 sit
1269 2204 1336 2258 iis
1369 2218 1489 2273 quae
1528 2204 1735 2272 peccati
1784 2201 2135 2257 occasionem

563 2297 827 2366 praebent,
856 2298 1174 2365 amputatis,
1211 2296 1433 2359 salvari,
1458 2310 1621 2365 quam
1657 2294 1742 2349 his
1774 2293 2052 2349 addictum
2083 2297 2139 2344 et

564 2388 900 2458 implicatum
925 2387 1193 2442 interire?

636 2519 776 2587 Quid
808 2529 987 2574 autem
1017 2519 1221 2575 Christi
1248 2521 1491 2575 imitator
1523 2521 1776 2577 Paulus?
1809 2522 1929 2593 Ipse
1972 2524 2137 2578 etiam

566 2612 621 2665 in
650 2612 925 2681 profundo
957 2613 1239 2681 sapientia:
1266 2613 1406 2667 idem
1438 2613 1626 2667 docet.-
1668 2612 1804 2666 Nam
1848 2616 1941 2683 qui
2002 2616 2140 2670 dixit

565 2704 749 2755 omnia
775 2719 895 2756 esse
928 2702 1090 2765 bona,
1130 2713 1183 2756 ct
1212 2704 1348 2756 nihil
1382 2704 1771 2771 abjiciendum,
1807 2705 1953 2774 quod
2016 2720 2139 2759 cum

571 2798 874 2865 gratiarum
925 2796 1141 2849 actione
1191 2795 1511 2864 percipitur,
1574 2796 1664 2849 ille
1718 2795 1860 2851 idem
1921 2807 2143 2868 prapter

566 2885 964 2939 conscientiam
998 2884 1363 2949 inﬁrmorum,
1417 2885 1629 2953 respuit
1674 2885 1968 2953 aliquando
2006 2901 2143 2941 non-

567 2977 717 3030 nulla
746 2990 811 3029 ex
849 2975 936 3037 iis,
978 2990 1099 3045 quae
1135 2983 1414 3044 receperat
1445 2985 1499 3029 et
1526 2979 1872 3045 probaverat,
1905 2989 1959 3033 et
1986 2978 2144 3046 jubet

567 3081 785 3135 quoque
816 3066 1020 3135 respui.
1053 3063 1112 3119 Si
1166 3065 1301 3118 enim
1336 3080 1429 3133 per
1482 3068 1681 3131 cibum,
1719 3069 1919 3138 inquit,
1973 3069 2144 3138 frater

2239 556 2382 629 εἶχεν
2417 559 2547 621 ἴσως
2575 558 2764 629 καιρὸν
2798 557 3020 620 ταύταις
3045 555 3138 610 καὶ
3167 556 3246 609 έτι
3271 554 3473 608 τούτων
3505 552 3818 624 χαλεπωτέ-

2244 667 2361 720 ραις
2390 651 2512 703 κατ’
2536 648 2701 702 αὐτοῦ
2728 649 3028 720 κεχρῆσθαι
3058 651 3175 713 ταῖς
3197 647 3656 721 λοιδορίαις.Εξδε
3668 645 3827 702 τοῦτο

2242 742 2340 812 μὲν
2371 741 2621 812 ὁμολογεῖ
2646 740 2784 794 κατά
2815 741 2911 811 τὴν
2944 740 3125 810 κοινὴν
3155 738 3263 792 τῶν
3297 736 3660 791 εὐσεϐούντων
3684 734 3817 788 ὑπό-

2240 830 2399 899 ληψιν
2419 847 2433 859 ·
2470 832 2631 897 οἱονεὶ
2658 830 2715 883 δὲ
2742 830 2967 901 γνώμην
2995 830 3175 884 δίδωσι
3204 829 3551 899 διδασκαλικῇ
3584 825 3819 880 διαθέσει

2241 924 2575 993 πρέπουσαν,
2594 922 2917 993 ὃτιἈπέχου
2946 925 3044 990 τῆ⁹ς
3070 921 3253 990 φωνῆς
3284 921 3505 990 ταύτης,
3535 922 3614 983 εἰς
3639 919 3706 990 ἢν
3734 920 3819 969 ὲν-

2238 1014 2426 1066 τεῦθεν
2456 1016 2488 1085 ἡ
2523 1013 2623 1083 τῆς
2658 1014 3037 1083 καταστροφῆς
3069 1011 3323 1074 ὑπόθεσις
3347 1010 3444 1082 τὴν
3469 1010 3640 1081 ἀρχὴν
3663 1008 3773 1078 ἔχει
3799 1025 3814 1040 υ

2239 1104 2337 1175 τὴν
2371 1105 2426 1158 δὲ
2457 1106 2663 1159 ἔννοιαν
2702 1104 2846 1175 ἔχειν
2899 1104 3027 1175 περὶ
3062 1103 3156 1157 τοῦ
3190 1102 3521 1171 ἀγέννητον
3558 1097 3693 1153 εἷναι
3726 1100 3818 1154 τὸν

2238 1196 2405 1260 Θεὸν,
2450 1198 2544 1249 καὶ
2591 1195 2657 1249 δι’
2697 1195 2896 1267 ἐτέρων
2951 1194 3228 1264 ὀνομάτων
3269 1191 3497 1255 κελεύει,
3548 1191 3697 1243 οὐδὲν
3731 1188 3820 1243 διά

2238 1289 2409 1342 ταῦτα
2437 1288 2542 1341 τῶν
2567 1287 2841 1356 λοιδοριῶν
2868 1286 3068 1340 τούτων
3095 1284 3263 1349 ἄξιος.
3303 1285 3373 1337 Ἦ
3402 1282 3523 1352 οὺχὶ
3553 1282 3646 1335 καὶ
3670 1281 3819 1350 παρά

2236 1380 2336 1451 τῆς
2369 1379 2623 1450 ἀληθείας
2662 1379 2831 1431 ταῦτα
2882 1380 3054 1431 ποιεῖν
3101 1375 3483 1446 ἐδιδάχθημεν,
3532 1374 3669 1444 μήτε
3709 1373 3816 1424 τῶν

2241 1475 2443 1545 σφόδρα
2498 1472 2695 1543 τιμίων
2750 1470 3092 1541 ἀντέχεσθαι,
3142 1469 3236 1522 ὲάν
3274 1468 3380 1540 [τέ]
3417 1485 3469 1519 τι
3500 1465 3705 1519 τούτων
3739 1465 3818 1527 είς

2238 1569 2405 1621 κακὸν
2438 1567 2685 1637 συντελῇ,
2709 1564 2985 1635 ὀφθαλμὸν
3006 1563 3197 1629 δεξιὸν,
3227 1562 3320 1614 καὶ
3342 1560 3497 1623 πόδα,
3520 1559 3615 1614 καὶ
3634 1560 3813 1629 χεῖρα,

2235 1658 2493 1721 ὡσαύτως
2543 1658 2868 1726 ἀποτέμνειν
2909 1654 3179 1718 κελεύων,
3226 1654 3355 1706 ὅταν
3399 1649 3725 1721 σκανδαλίζῃ
3763 1665 3816 1701 τι

2235 1750 2475 1814 τούτων;
2507 1750 2573 1801 Τί
2606 1748 2734 1801 ἄλλο
2767 1747 2853 1800 διὰ
2904 1746 2996 1798 τοῦ
3040 1745 3357 1815 αἰνίγματος
3398 1741 3588 1794 τούτου
3643 1741 3816 1792 ποιεῖν

2238 1840 2577 1905 ὑποτίθεται;
2613 1839 2645 1909 ἢ
2687 1839 2804 1907 ούχὶ
2840 1838 2931 1889 καὶ
2970 1837 3037 1890 τά
3064 1834 3323 1889 δοκοῦντα
3361 1831 3539 1895 καλῶς
3568 1830 3731 1900 ἔχειν,
3763 1831 3812 1881 εί

2238 1932 2375 2003 πρός
2402 1950 2454 1985 τι
2492 1931 2659 1984 κακὸν
2685 1928 2743 1994 ἐξ
2774 1929 3027 1991 ἀϐουλίας
3056 1928 3164 1981 τῶν
3185 1927 3478 1998 χρωμένων
3498 1925 3701 1993 ἀπάγει
3726 1922 3817 1975 τὸν

2237 2024 2541 2094 ἄνθρωπον,
2575 2023 2720 2093 ἀργὰ
2740 2063 2753 2083 ,
2800 2022 2893 2074 καὶ
2920 2022 3175 2091 ἄπρακτα
3210 2020 3354 2071 ποιεῖ
3380 2013 3538 2082 εἶναι,
3565 2017 3640 2078 ὡς
3668 2016 3817 2068 λυσι-

2237 2114 2551 2186 τελέστερον
2576 2114 2634 2167 ὃν
2666 2114 2775 2166 τῶν
2825 2112 2963 2184 πρὸς
3013 2110 3285 2182 ἁμαρτίαν
3339 2106 3815 2179 χειραγωγούντων

2240 2204 2793 2280 ἀκρωτηριασθέντων
2828 2204 3084 2274 σωθῆναι,
3125 2204 3156 2255 ἢ
3192 2202 3396 2254 τούτων
3430 2198 3815 2271 περιεχόμενον

2239 2298 2307 2350 δι’
2330 2298 2509 2351 αὐτῶν
2538 2296 2831 2351 ἀπολέσθαι
2850 2314 2865 2361 ;

2312 2518 2376 2570 Τί
2403 2518 2459 2572 δὲ
2496 2521 2524 2571 ὁ
2554 2516 2793 2588 μιμητὴς
2826 2516 2920 2570 τοῦ
2960 2515 3194 2587 Χριστοῦ
3237 2515 3474 2579 Παῠλος;
3518 2513 3625 2565 Καὶ
3655 2511 3813 2573 αὐτὸς

2242 2615 2299 2667 ὲν
2336 2613 2412 2683 τῷ
2441 2612 2591 2683 βάθει
2616 2614 2715 2680 τῆς
2749 2611 2939 2681 σοφίας
2974 2611 3044 2665 τὰ
3079 2610 3217 2663 αὐτὰ
3243 2608 3575 2679 δογματίζει.
3617 2607 3676 2658 '0
3708 2606 3817 2677 γὰρ

2243 2709 2421 2762 πάντα
2453 2706 2594 2760 καλά
2623 2702 2954 2775 προσειπὼν,
2981 2701 3076 2755 καὶ
3103 2701 3267 2771 μηδὲν
3295 2698 3596 2767 ἀπόϐλητον
3620 2698 3667 2749 εί
3702 2695 3816 2766 μετ’

2244 2800 2594 2871 εὐχαριστίας
2652 2795 3162 2867 μεταλαμϐάνεται,
3220 2792 3367 2845 ἔστιν
3431 2791 3519 2843 ὅτε
3571 2789 3660 2842 διὰ
3718 2788 3819 2857 τὴν

2246 2891 2548 2961 συνείδησιν
2578 2888 2669 2941 τοῦ
2702 2885 3049 2948 ἀσθενοῦντος
3080 2885 3261 2937 ἀθετεῖ
3298 2900 3418 2936 τινα
3456 2880 3615 2934 πάλιν
3646 2880 3703 2946 ἐξ
3743 2873 3818 2931 ὧν

2244 2983 2558 3046 ἀπεδέξατο,
2581 2980 2675 3034 καὶ¹
2690 2977 3070 3050 παραιτεῖσθαι
3098 2975 3329 3029 κελεύει.
3346 2977 3414 3028 Ei
3433 2976 3542 3044 γὰρ
3561 2975 3657 3027 διὰ
3670 2973 3820 3041 βρώ-

2239 3092 2380 3145 μης,
2412 3074 2595 3144 φησιν,
2626 3076 2658 3125 ὀ
2684 3070 2946 3139 ἀδελφός
2968 3088 3087 3138 μου
3111 3067 3404 3129 λυπεῖται,
3431 3068 3502 3120 οὐ
3531 3065 3615 3136 μὴ
3653 3065 3819 3135 φάγω

568 3174 712 3211 meus
749 3158 1120 3223 contristatur,
1154 3173 1257 3209 non
1291 3156 1622 3210 manducabo
1669 3175 1853 3212 carnea
1888 3160 1943 3211 in
1986 3170 2139 3212 ater-

2242 3168 2384 3234 κρέα
2400 3170 2487 3230 εἰς
2506 3167 2613 3219 τὸν
2633 3163 2836 3219 αἰῶνα.
2861 3162 3029 3216 Τοῦτο
3057 3161 3235 3214 τοίνυν
3258 3160 3351 3214 καὶ
3369 3163 3397 3213 ὁ
3419 3159 3661 3230 μιμητὴς
3680 3157 3819 3212 Παύ-

570 3249 772 3301 num“.
796 3248 937 3302 Idem
966 3245 1095 3300 facit
1126 3260 1345 3315 quoque
1375 3245 1622 3299 imitator
1652 3244 1805 3300 Pauli
1831 3245 2139 3316 (Basilius)

568 3342 662 3406 qui
700 3338 1137 3391 animadvertetis
1169 3338 1311 3389 malo
1345 3337 1726 3391 haereticorum
1773 3353 1873 3391 usu
1934 3352 2029 3407 per
2060 3339 2141 3391 in-

571 3431 840 3485 nascibilis
879 3430 1202 3485 vocabulum
1235 3445 1477 3484 errorem
1504 3445 1694 3483 eorum
1724 3431 1815 3498 qui
1856 3431 2140 3500 inaequali-

570 3533 736 3578 tatem
776 3523 828 3575 in
857 3521 967 3577 Deo
1006 3522 1523 3585 comminiscuntur,
1555 3523 1889 3588 conﬁrmari,
1924 3523 2139 3590 suadet,

574 3627 631 3670 ut
664 3632 789 3669 vera
821 3627 871 3669 et
903 3617 989 3685 pia
1022 3616 1295 3668 sententia
1331 3615 1399 3670 de
1452 3614 1761 3668 innascibili
1815 3616 2012 3670 animis
2051 3618 2141 3669 ﬁr—

573 3710 733 3762 miter
764 3708 1080 3773 retineatur,
1121 3707 1224 3776 ipsi
1251 3723 1381 3762 vero
1408 3710 1636 3769 voculae.
1672 3719 1930 3778 tanquam
1959 3710 2141 3777 perdi-

576 3801 647 3852 tis
685 3798 1032 3851 occasionem
1065 3796 1456 3867 suppeditanti,
1481 3813 1590 3851 non
1621 3799 1846 3850 nimium
1879 3799 2142 3853 inhama-

574 3902 698 3943 tur:
758 3905 880 3943 naut
909 3888 1089 3942 Patris
1143 3889 1582 3958 appellationem,
1645 3891 1951 3960 signiﬁcato
2010 3908 2135 3955 suo,

573 3982 736 4035 ctiam
802 3980 1147 4034 innascibilis
1194 3980 1646 4049 signiﬁcationem
1699 3984 1832 4037 satis
1872 3999 2143 4052 superque

573 4072 891 4142 cogitationi
932 4071 1237 4140 subjicere;
1267 4086 1390 4124 cum
1422 4071 1567 4125 enim
1618 4070 1830 4127 Patrem
1867 4074 2142 4138 audimus.

574 4163 759 4216 statim
788 4176 934 4223 eum,
966 4161 1057 4231 qui
1089 4160 1344 4215 omnibus
1374 4160 1496 4214 aliis
1527 4161 1854 4231 principium
1888 4172 1943 4217 et
1979 4178 2143 4217 causa

573 4251 873 4306 cxsistcndi
905 4260 1008 4314 est,
1038 4250 1401 4319 concipimus,
1437 4252 1528 4320 qui
1574 4253 1618 4307 si
1659 4253 1819 4305 aliam
1852 4255 2142 4323 quamdam

575 4359 633 4397 se
662 4342 1002 4411 superiorem
1041 4341 1406 4396 substantiam
1443 4342 1688 4404 haberet,
1754 4361 1861 4398 non
1896 4345 2145 4399 nomina-

576 4442 725 4488 retur
754 4432 972 4503 proprie
1001 4432 1177 4498 Pater,
1225 4433 1353 4503 quia
1388 4433 1606 4503 propria
1636 4436 1817 4490 Patris
1852 4437 2143 4505 appellatio

576 4524 851 4594 superiori
883 4523 960 4576 illi
996 4523 1318 4577 substantia:
1348 4534 1701 4593 competeret.
1730 4524 1787 4578 Si
1811 4535 1994 4581 autem
2029 4528 2143 4596 ipse

574 4624 657 4671 cst
682 4617 924 4669 omnium
952 4614 1282 4684 principium
1318 4622 1371 4669 et
1397 4631 1584 4680 causa,
1612 4624 1667 4670 et
1696 4616 1741 4670 si
1773 4632 1839 4671 ex
1871 4617 1989 4687 ipso
2015 4626 2143 4673 sunt

573 4707 775 4771 omnia,
813 4717 869 4759 ut
896 4712 1126 4760 testatur
1158 4705 1478 4773 Apostolus,
1512 4707 1773 4760 nimirum
1820 4709 1955 4763 nihil
1988 4711 2142 4779 prius

572 4797 893 4852 cxsistentia
936 4796 1053 4865 ejus
1083 4798 1296 4866 c0ncipi
1329 4805 1507 4867 potest
1539 4816 1552 4851 :
1590 4806 1643 4851 et
1692 4799 1795 4854 hoc
1846 4809 1931 4856 est
1963 4801 2143 4857 omnis

571 4898 727 4941 ortus
761 4895 813 4942 et
842 4888 1095 4957 principii
1131 4899 1407 4957 expertem
1438 4905 1580 4944 esse.

649 5042 753 5097 Sed
787 5043 901 5096 haec
929 5054 1075 5098 recte
1107 5059 1164 5098 se
1199 5043 1399 5099 habere
1430 5044 1572 5099 haud
1601 5047 1791 5101 annuit
1825 5048 1913 5102 ille
1961 5050 2053 5119 qui
2086 5066 2145 5107 se

576 5137 750 5204 magis
803 5151 965 5205 quam
1007 5137 1178 5206 ipsam
1225 5135 1521 5192 Veritatem
1562 5138 1664 5193 ﬁde
1698 5139 1922 5211 dignum
1952 5143 2146 5197 existi-

577 5228 713 5279 mari
746 5228 914 5297 cupit,
966 5228 1060 5282 sed
1101 5237 1290 5282 contra
1341 5229 1552 5292 nititur,
1612 5232 1943 5302 obloquitur,
1976 5246 2027 5288 et
2080 5249 2141 5289 ea

575 5333 697 5386 qum
719 5318 950 5373 dicimus
980 5319 1301 5373 subsannat.
1357 5320 1426 5371 At
1468 5321 1513 5374 si
1572 5320 1741 5387 lubet,
1802 5322 2143 5380 inevitabiles

576 5411 700 5464 illos
735 5410 1102 5481 syllogismos,
1137 5420 1189 5465 et
1243 5412 1426 5465 varias
1486 5413 1880 5482 sophismatum
1941 5417 2144 5472 sutelas

575 5510 630 5557 ct
655 5504 1057 5565 contorsiones,
1101 5502 1302 5571 quibus
1334 5512 1520 5557 nostra
1562 5504 1787 5559 refutari
1819 5514 1993 5576 putat,
2030 5508 2144 5563 dis-

574 5594 867 5649 cutiamus.
893 5592 999 5648 Sed
1025 5603 1209 5650 metuo
1236 5611 1305 5651 ne
1334 5597 1551 5652 exilitas
1580 5605 1639 5650 et
1669 5596 1900 5654 {utilitas
1926 5614 2139 5662 eorum,

645 5769 766 5804 ‘1'"
799 5769 986 5827 Matth.
1024 5785 1178 5839 xvut,
1213 5772 1284 5836 6;
1344 5771 1509 5828 Marc.
1546 5789 1619 5840 ιχ,
1659 5773 1748 5829 4i.

2244 3259 2334 3312 λου
2375 3262 2536 3311 ποιεῖ·
2565 3258 2623 3320 ὃς
2649 3260 2714 3327 τῇ
2746 3256 2958 3327 πονηρᾷ
2985 3255 3080 3325 τῆς
3110 3253 3371 3324 αἱρέσεως
3395 3253 3585 3322 χρήσει
3605 3250 3691 3303 διά
3720 3250 3817 3318 τῆς

2241 3348 2335 3400 τοῦ
2387 3346 2717 3417 ἀγεννήτου
2764 3345 2961 3409 λέξεως
2999 3342 3517 3413 ἰσχυροποιουμένην
3557 3338 3679 3392 ἰδὼν
3719 3338 3817 3406 τὴν

2242 3442 2457 3511 ἀπάτην
2514 3441 2621 3492 τῶν
2676 3439 2763 3492 διά
2803 3438 2896 3490 τοῦ
2937 3439 3177 3507 ῥήματος
3224 3433 3411 3487 τούτου
3459 3433 3518 3485 τὸ
3569 3433 3817 3501 ἀνόμοιον

2241 3533 2708 3606 δογματιζόντων,
2750 3529 3098 3585 συνεϐούλευε
3144 3528 3240 3596 τὴν
3290 3526 3387 3597 μὲν
3442 3524 3636 3594 εὐσεϐῆ
3693 3524 3819 3591 περὶ

2242 3625 2334 3679 τοῦ
2385 3624 2716 3695 ἀγενήτου
2767 3622 2999 3675 διάνοιαν
3060 3622 3178 3681 ταῖς
3229 3617 3427 3687 ψυχαῖς
3491 3612 3773 3677 διασώζειν
3801 3629 3813 3641 ο

2242 3720 2339 3789 τὴν
2359 3719 2414 3771 δὲ
2445 3717 2609 3781 λέξιν,
2636 3715 2709 3778 ὡς
2749 3713 3019 3785 ἁμαρτίας
3053 3712 3345 3781 γενομένην
3371 3712 3482 3772 τοῖς
3512 3705 3813 3775 ἀπολλυμέη

2242 3828 2352 3874 νοις
2407 3810 2634 3877 ἑφόδιον,
2687 3807 2760 3878 μὴ
2804 3807 2923 3860 λίαν
2961 3802 3382 3867 σπουδάζεσθαι’
3422 3801 3520 3871 τὴν
3568 3799 3677 3868 γὰρ
3714 3797 3810 3850 τοῦ

2243 3902 2455 3972 Πατρὸς
2490 3897 2859 3970 προσηγορίαν
2885 3896 3025 3950 κατά
3053 3897 3115 3947 τὸ
3152 3892 3565 3965 σημαινόμενον,
3598 3890 3692 3943 καὶ
3714 3887 3811 3957 τὴν

2240 3994 2335 4045 τοῦ
2362 3994 2656 4062 ἁγεννήτου
2691 3990 2962 4061 σημασίαν
2997 3985 3193 4049 ἱκανῶς
3230 3988 3360 4055 ἡμῖν
3401 3984 3666 4052 ἐμποιεῖν.
3698 3980 3811 4033 Πα-

2244 4086 2375 4156 τέρα
2407 4085 2514 4154 γὰρ
2546 4082 2896 4144 ἀκούσαντες,
2936 4079 3025 4131 τὸν
3062 4078 3231 4131 αἴτιον
3264 4074 3356 4127 τοῦ
3399 4070 3539 4127 εἷναι
3564 4075 3675 4135 τοῖς
3713 4072 3816 4122 πᾶ·
3902 4123 3909 4127 _

2246 4196 2329 4232 σιν
2362 4176 2519 4238 εὐθὺς
2545 4176 2844 4244 ὲνοήσαμεν
2864 4190 2876 4202 ·
2899 4171 2956 4233 ὃς
2982 4171 3139 4239 εἴπερ
3163 4168 3327 4237 ἄλλην
3348 4165 3469 4219 τινὰ
3490 4163 3816 4235 ὑπερκειμέ-

2244 4286 2341 4340 νην
2368 4267 2545 4320 αἰτίαν
2588 4261 2753 4334 εἷχεν,
2792 4264 2892 4316 ούκ
2930 4261 2995 4315 ἂν
3037 4259 3240 4330 κυρίως
3282 4256 3469 4328 Πατὴρ
3497 4252 3810 4324 ὠνομάσθη,

2244 4357 2335 4411 ἐπὶ
2370 4356 2465 4427 τὴν
2498 4354 2883 4426 προνοηθεῖσαν
2912 4353 3088 4405 αἰτίαν
3125 4350 3225 4420 τῆς
3256 4348 3447 4418 κυρίας
3483 4345 3576 4400 τοῦ
3604 4345 3815 4415 Πατρδς

2245 4450 2489 4519 κλήσεως
2521 4445 2863 4514 ἐπανιούσης.
2897 4443 2960 4496 Et
2985 4443 3042 4495 δὲ
3079 4441 3240 4503 αὐτὸς
3266 4441 3479 4493 πάντων
3507 4439 3695 4500 αἴτιος,
3724 4437 3819 4489 καὶ

2248 4538 2309 4602 ἐξ
2333 4536 2495 4590 αὐτοῦ
2532 4536 2599 4590 τὰ
2626 4537 2833 4597 πάντα,
2865 4532 3045 4595 καθώς
3078 4548 3240 4601 φησιν
3271 4533 3299 4584 ὁ
3348 4530 3691 4593 Ἀπόστολος,
3723 4528 3816 4598 δη-

2248 4627 2420 4681 λονότι
2452 4625 2549 4696 τῆς
2590 4624 2797 4676 ἐκείνου
2846 4622 3130 4692 ὑπάρξεως
3166 4620 3315 4674 οὐδὲν
3364 4617 3819 4690 προεπινοηθῖψαι

2248 4718 2500 4772 δύναται·
2535 4715 2692 4769 τοῦτο
2728 4714 2784 4766 δέ
2824 4716 2960 4777 ὲστι,
2984 4713 3046 4765 τὸ
3074 4713 3380 4781 ἀγεννήτως
3410 4705 3546 4763 εἶναι
3574 4707 3820 4761 πιστεύε-

2251 4810 2395 4863 σθαι.

2335 5052 2472 5105 ‘An’
2500 5051 2560 5104 οὐ
2593 5051 2862 5120 συγχωρεῖ
2886 5046 3059 5100 ταῦτα
3089 5046 3267 5101 καλῶς
3294 5044 3456 5115 ἔχειν,
3486 5048 3515 5097 ὁ
3548 5046 3681 5117 μηδὲ
3724 5048 3819 5117 τὴν

2252 5145 2507 5215 ἀλήθειαν
2556 5140 2745 5195 ἑαυτοῦ
2789 5138 3158 5209 πιθανωτέραν
3208 5134 3344 5189 εἶναι
3394 5136 3568 5190 δοκεῖν
3620 5138 3817 5204 ἀξιῶν,

2252 5236 2366 5290 ἀλλ’
2423 5233 2841 5302 ἀντινομοθετεῖ,
2900 5229 2994 5281 καὶ
3049 5225 3500 5296 ἀντιφθέγγεται,
3559 5228 3652 5280 καὶ
3702 5228 3816 5281 δια-

2254 5327 2501 5398 χλευάζει
2548 5326 2637 5377 τὸν
2685 5323 2875 5389 λόγον·
2912 5322 2959 5373 εί
3008 5319 3214 5388 βούλει,
3253 5322 3346 5371 καὶ
3390 5321 3514 5381 τοὺς
3550 5319 3822 5387 ἀφύκτους

2255 5418 2662 5488 συλλογισμοὺς,
2717 5415 2808 5466 καὶ
2855 5411 2951 5476 τὰς
3008 5412 3256 5474 ποικίλας
3316 5412 3422 5465 τῶν
3478 5413 3822 5482 σοφισμάτων

2251 5508 2632 5579 ἀντιστροφάς,
2666 5507 2730 5559 δι’
2773 5500 2845 5557 ὧν
2889 5504 3126 5573 ἐλέγχειν
3158 5503 3327 5556 οἴεται
3358 5503 3450 5555 τὸν
3479 5502 3667 5570 λόγον,
3700 5502 3820 5554 ἐπι-

2254 5599 2599 5671 σκεψώμεθα.
2664 5597 2819 5652 Ἀλλά
2870 5596 3080 5650 δέδοικα
3129 5595 3296 5669 μὴτὸ
3343 5593 3715 5668 μικροπρεπὲς
3760 5607 3820 5646 τε

1828 5774 1873 5806 ³³
1912 5773 2084 5831 ICor.
2118 5792 2238 5845 rm,
2269 5777 2355 5832 15.
