4146 6370
362 264 454 316 ΑἝΙ
1507 260 1787 318 CONTRA
1828 262 1934 319 EUi

2036 261 2216 326 illUM,
2255 261 2384 318 LIB.
2418 262 2457 316 1.

3509 264 3615 318 422

361 381 454 430 καὶ
495 377 747 448 γλίσχρον
795 375 900 429 τῶν
947 375 1272 450 εἰρημένων,
1316 376 1514 446 τρόπον
1553 377 1668 430 τινὰ
1721 377 1932 430 συνδιαο

2047 393 2167 446 qua:
2198 376 2376 438 affert,
2407 378 2590 447 aliquo
2627 376 2787 432 modo
2819 377 2922 446 ipsi
2969 379 3132 432 etiam
3167 375 3385 432 veritati
3437 375 3614 432 fraudi

359 469 497 540 ϐάλῃ
528 470 620 522 καὶ
649 469 740 522 τὸν
767 468 1056 521 εὐθύνοντα
1083 468 1258 537 λόγον.
1292 469 1365 520 Τὸ
1390 469 1497 541 γὰρ
1530 471 1833 540 μειρακίοις
1859 472 1939 534 εἰς

359 559 592 632 ἅμιλλαν
671 559 1132 630 προκαλουμένοις
1209 559 1652 628 συμπλέκεσθαι,
1717 560 1940 612 πλείονα

357 651 522 721 ψόγον
552 653 617 704 ὲκ
641 650 734 704 τοῦ
765 652 1230 722 προσφιλονεικεῖν
1259 653 1370 714 τοῖς
1398 649 1680 714 τοιούτοις,
1704 653 1848 723 ἢπερ
1876 654 1939 705 ἐκ

357 741 452 795 τοῦ
489 741 829 812 νενικηκέναι
861 741 1036 794 δοκεῖν
1069 743 1220 812 φέρει
1250 745 1360 804 τοῖς
1391 743 1614 813 ἀνδράσι
1644 744 1736 818 τὸν
1783 743 1940 797 ἔπαι-

360 851 468 887 νον.
501 835 645 904 Πλὴν
675 834 807 887 ἀλλά
843 834 1049 888 τοιοῦτο
1090 836 1150 887 τὸ
1197 835 1485 905 εἰρημένον
1521 835 1657 889 ὲστί.
1705 836 1786 889 Τὰ
1832 837 1939 908 γὰρ

361 925 446 993 ἐφ’
476 925 627 997 ὓὸρει
673 925 926 996 ρηθέντα.
965 927 1101 997 μετά
1137 928 1234 997 τῆς
1275 928 1536 999 συνήθους
1573 928 1939 996 καλλιφωνίας

360 1016 675 1086 ὲκείνης,ὠς
702 1017 850 1087 αὐτῷ
880 1035 938 1070 τε
968 1018 1144 1086 λέγειν
1177 1021 1539 1091 προσήκοντα,
1574 1021 1668 1073 κα)⁵
1697 1022 1826 1092 ἡμῖν
1859 1024 1938 1086 εἰς

360 1105 657 1176 γυμνάσιον
697 1109 1077 1179 μακροθυμίας
1127 1113 1492 1182 προκείμενα,
1555 1114 1763 1183 σιωπῆς
1812 1114 1939 1178 ἄξια

359 1199 454 1250 καὶ
499 1198 667 1269 λήθης
713 1201 1032 1271 ποιούμεθα.
1077 1203 1151 1255 Οὐ
1197 1203 1306 1274 γὰρ
1347 1205 1620 1276 εὐπρεπὲς
1669 1202 1822 1276 οἶμαι
1869 1208 1937 1261 τὰ

359 1290 741 1357 καταγέλαστα
782 1293 891 1346 τῶν
921 1295 1222 1365 εἰρημένων
1266 1296 1414 1366 αὐτῷ
1453 1300 1565 1360 τοῖς
1603 1301 1732 1368 παρ’
1780 1300 1936 1369 ἡμῶν

362 1382 816 1454 οπουδαζομένοις
861 1387 1267 1458 ἐνσπείροντας,
1316 1389 1396 1450 εἰς
1437 1389 1712 1459 ἀκόσμους
1741 1407 1799 1442 τε
1844 1392 1936 1444 καὶ

359 1471 627 1542 δημώδεις
663 1474 928 1542 γέλωτας,
1095 1477 1236 1548 ὑπὲρ
1273 1478 1372 1548 τῆς
1409 1477 1666 1548 ἀληθείας
1699 1480 1935 1533 διαλύειν

361 1564 612 1636 σπουδήν.
644 1565 777 1618 Οὐδὲ
805 1566 912 1638 γὰρ
945 1566 1091 1621 ἐστιν
1117 1569 1175 1619 ἐν
1201 1570 1265 1639 τῇ
1296 1569 1556 1639 ἀκροάσει
1588 1570 1791 1624 τούτων
1821 1571 1936 1624 δια-

363 1658 540 1726 μεῖναι
591 1658 886 1725 ἀγέλαστον
908 1697 923 1722 ,
963 1658 1058 1711 ἐὰν
1093 1659 1411 1730 ἀκούσωμεν
1453 1660 1700 1728 λέγοντος
1741 1663 1805 1715 ἐκ
1834 1663 1933 1733 τῆς

359 1748 570 1818 ὑψηλῆς
602 1749 834 1820 ἐκείνης,
873 1751 967 1805 καὶ
1010 1750 1383 1822 μεγαλοφυοῦς
1429 1754 1778 1821 εὐγλωττίας.
1834 1748 1934 1808 Ὧν

358 1841 467 1910 γὰρ
513 1843 546 1910 ή
600 1841 880 1913 προσθήκη
934 1841 1040 1894 τῶν
1087 1842 1260 1909 λόγων
1305 1845 1383 1904 εἰς
1424 1844 1740 1914 προσθήκην
1791 1845 1935 1896 τελεί

361 1930 728 2000 βλασφημίας,
757 1931 958 1984 τούτων
987 1932 1047 1984 τὸ
1071 1934 1227 2002 σιγᾷν
1253 1935 1439 2003 ἡμίσει
1470 1934 1622 2004 μέρει
1641 1933 1732 1986 τοῦ
1756 1934 1934 1987 λαλεῖν

363 2025 479 2077 ἐστι
533 2024 877 2095 κουφότερον.
942 2025 1100 2078 ’Λλλὰ
1142 2026 1314 2079 ταῦτα
1364 2027 1462 2096 μὲν
1491 2027 1736 2094 γελάσθω
1785 2029 1934 2099 παρά

354 2117 463 2168 τῶν
503 2116 899 2185 ἐπισταμένων,
932 2119 960 2170 ὃ
1001 2137 1052 2170 τι
1097 2118 1194 2187 μὲν
1251 2119 1521 2188 ἀποδοχῆς
1569 2122 1714 2173 ἐστιν
1763 2121 1931 2184 ἄξιον,

356 2206 385 2260 ὃ
417 2224 471 2259 τι
529 2206 585 2260 δὲ
636 2207 888 2274 γέλωτος.
931 2209 1117 2278 Ἡμεῖς
1161 2210 1217 2262 δὲ
1273 2210 1333 2262 τὸ
1379 2211 1542 2280 δριμὺ
1597 2211 1703 2264 τῶν
1748 2213 1934 2264 συλλο-

357 2299 595 2370 γισμῶν,
620 2295 700 2363 οἷς
723 2301 812 2354 τὸν
841 2300 1106 2372 ἡμέτερον
1137 2302 1418 2371 περισύρει
1447 2301 1620 2368 λόγον,
1654 2303 1937 2371 σκοπήσω-

360 2407 479 2460 μεν.

421 2483 488 2535 El
512 2483 623 2552 γὰρ
643 2487 676 2537 ὁ
695 2485 917 2553 Πατὴρ,
937 2485 1099 2555 φησὶ,
1122 2483 1202 2550 τῷ
1221 2483 1527 2555 ἀτεννήτῳ
1540 2483 1759 2538 ταύτὸν
1785 2485 1938 2539 κατὰ

353 2575 472 2642 τὴν
509 2575 784 2645 δύναμιν,
817 2577 889 2630 τὰ
926 2576 995 2629 δὲ
1025 2579 1140 2644 τὴν
1182 2575 1376 2644 αὐτὴν
1416 2575 1634 2644 ἔχοντα
1680 2575 1937 2644 δύναμιν

355 2665 474 2719 τῶν
526 2668 865 2735 ὀνομάτων,
915 2670 1139 2722 ταύτὸν
1183 2669 1421 2734 πάντως
1473 2669 1570 2722 καὶ
1615 2672 1938 2739 σημαίνειν

355 2759 618 2827 πέφυκε·
660 2761 938 2828 σημαίνει
971 2759 1038 2813 δὲ
1076 2760 1142 2814 τὸ
1183 2760 1519 2829 ἀγέννητον
1548 2763 1674 2814 κατ’
1712 2762 1937 2828 αὐτοὺς

353 2849 422 2901 τὸ
443 2850 512 2912 ἐξ
545 2849 793 2915 οὐδενὸς
817 2846 966 2903 εἶναι
1004 2850 1110 2903 τὸν
1137 2851 1285 2903 Θεόν
1304 2866 1317 2879 ·
1350 2850 1419 2914 ἐξ
1445 2849 1712 2919 ἀνάγκης
1743 2851 1842 2903 καὶ
1870 2851 1934 2904 τὸ

354 2941 560 3009 Πατὴρ
595 2942 876 3010 σημαίνει
913 2942 980 2996 τὸ
1013 2942 1083 3006 ἐξ
1129 2941 1378 3008 οὐδενὸς
1415 2942 1566 2995 εἶναι
1606 2942 1712 2996 τὸν
1753 2944 1933 2996 Θεόν·

354 3036 493 3102 οὐχί
520 3033 588 3086 δὲ
606 3033 674 3096 τὸ
697 3033 1116 3103 γεγεννηκέναι
1141 3032 1248 3086 τὸν
1271 3034 1424 3087 Υίόν.
1446 3033 1542 3088 Διά
1567 3038 1664 3104 τῆς
1697 3035 1789 3088 τού
1820 3039 1935 3088 Πα-

353 3127 493 3194 τρὸς
530 3127 711 3196 φωνῆς
747 3126 930 3178 οὐκέτι
964 3125 1320 3196 σημαίνεται,
1367 3125 1461 3179 ἐὰν
1510 3128 1542 3196 ή
1588 3128 1724 3198 αὐτὴ
1769 3145 1935 3198 προσ-

351 3216 554 3287 ηγορία
598 3217 692 3269 καὶ
727 3217 789 3269 τὸ
815 3217 1047 3288 ἀναρχον
1085 3218 1217 3287 ἡμῖν
1244 3214 1339 3268 τού
1383 3218 1593 3287 Πατρὸς
1641 3218 1704 3270 δι’
1737 3221 1932 3290 ἑαυτῆς

355 3310 704 3380 παραστήσῃ.
751 3309 814 3362 El
852 3308 951 3378 μὲν
991 3308 1099 3379 γὰρ
1131 3308 1475 3381 ἀναιρετικὸν
1510 3306 1576 3381 ἦν
1613 3309 1706 3362 τοῦ
1747 3311 1931 3380 ἐτέρου

349 3402 417 3455 τὸ
451 3401 657 3470 ἕτερον,
695 3399 834 3453 κατὰ
861 3399 962 3471 τὴν
987 3398 1096 3451 τῶν
1131 3400 1517 3470 ἀντικειμένων
1560 3400 1738 3468 φύσιν,
1767 3402 1934 3469 ἀναγ-

351 3493 526 3555 καίως
573 3494 606 3562 ἡ
647 3491 739 3545 τοῦ
787 3492 904 3553 ἑνὸς
941 3491 1088 3555 θέσις
1141 3492 1237 3564 τὴν
1286 3495 1564 3564 ἀναίρεσιν
1604 3494 1695 3546 τοῦ
1744 3494 1932 3547 λοιποῦ

351 3581 778 3646 κατεσκεύαζεν.
816 3585 879 3636 Ei
909 3585 965 3636 δὲ
999 3584 1060 3636 τὸ
1098 3585 1302 3638 κωλύον
1339 3587 1485 3638 ἐστὶν
1523 3586 1672 3639 οὐδὲν
1704 3587 1794 3640 τὸν
1839 3589 1934 3640 αὐ-

349 3675 448 3728 τὸν
488 3676 582 3727 καὶ
627 3675 844 3744 Πατέρα
897 3669 1034 3728 εἷναι
1074 3677 1168 3729 καὶ
1211 3677 1524 3747 ἀγέννητον,
1561 3679 1655 3732 ἐὰν
1696 3680 1782 3733 διὰ
1833 3680 1932 3750 τῆς

349 3766 450 3819 τοῦ
497 3766 725 3834 Πατρός
779 3766 1042 3838 κλήσεως,
1085 3769 1228 3822 κατά
1271 3786 1390 3822 τινα
1436 3770 1702 3834 διάνοιαν,
1736 3773 1830 3825 καὶ⁵
1871 3774 1932 3826 τὸ

347 3859 650 3926 ἀγέννητον
697 3860 1056 3930 ἐννοήσωμεν,
1094 3861 1179 3924 τίς
1219 3863 1251 3931 ή
1284 3862 1494 3933 ἀνάγκη
1536 3866 1633 3936 τὴν
1665 3865 1801 3935 πρὸς
1842 3867 1934 3919 τὸν

348 3949 485 4004 Υίδν
517 3949 700 4018 σχέσιν
727 3950 816 4004 διὰ
842 3949 944 4020 τῆς
973 3950 1062 4003 τοῦ
1094 3951 1324 4020 Πατρός
1355 3955 1536 4023 φωνῆς
1562 3956 1757 4025 μηκέτι
1791 3974 1933 4026 γνω-

351 4041 640 4112 ρίζεσθαις
683 4041 816 4094 Οὐδὲ
863 4043 973 4114 γὰρ
1018 4043 1089 4096 τὰ
1135 4044 1298 4098 λοιπά
1343 4045 1448 4098 τῶν
1492 4047 1790 4117 ὀνομάτων,
1833 4050 1932 4102 ὅσα

345 4136 454 4206 τὴν
480 4132 618 4203 πρὸς
642 4132 845 4203 ἄλληλα
869 4135 1150 4188 κοινωνίαν
1181 4136 1314 4205 ἔχει,
1341 4138 1436 4190 καὶ
1464 4137 1552 4191 διὰ
1574 4141 1790 4194 πάντων
1813 4145 1934 4205 ταῖς

347 4224 589 4287 ἐννοίαις
635 4226 1002 4294 συμφέρεταιο
1075 4228 1197 4280 ἐπεὶ
1267 4229 1358 4281 καὶ
1414 4231 1790 4303 αὐτοκράτορα
1841 4233 1932 4286 καὶ

343 4316 650 4370 ἀδέσποτον
701 4319 788 4370 τὸν
842 4319 1062 4387 βασιλέα
1111 4321 1413 4391 καλοῦμεν,
1465 4325 1560 4376 καὶ
1621 4324 1713 4376 τὸν
1770 4325 1934 4379 αὐτὸν

343 4408 464 4462 τῶν
503 4410 823 4480 ὑποχειρίων
871 4411 1202 4481 ἡγούμενον·
1253 4413 1346 4466 καὶ
1397 4413 1520 4467 οὔτε
1567 4415 1761 4485 ψεῦδός
1815 4419 1931 4471 ἐστι

2037 4419 2143 4461 ῑθῐιι
2176 4421 2525 4460 HOIIIIIIMIHIS
2569 4424 2582 4458 ἓ

345 4501 486 4571 περὶ
525 4501 690 4553 αὐτοῦ
735 4501 909 4561 λέγειν
937 4543 950 4564 ,
993 4505 1076 4556 ὅτι
1123 4505 1155 4574 ή
1201 4504 1294 4557 τοῦ
1332 4505 1592 4574 βασιλέως
1635 4507 1782 4580 φωνὴ
1837 4527 1932 4580 ση-

347 4595 540 4666 μαίνει
579 4596 671 4647 καὶ
703 4595 763 4646 τὸ
790 4596 1080 4648 ἀδέσποτον
1100 4613 1114 4626 ·
1141 4595 1263 4647 οὐτε
1309 4597 1614 4664 ἐπάναγκες
1648 4594 1784 4650 εἶναι
1827 4615 1932 4667 φα-

346 4704 481 4758 μεν,
527 4690 574 4740 εἰ
614 4687 676 4739 τὸ
726 4687 1056 4756 αὐτοκρατές
1089 4704 1147 4740 τε
1187 4690 1279 4741 καὶ
1324 4689 1554 4758 ἄναρχον
1603 4689 1688 4742 διά
1729 4688 1932 4760 ταύτης

339 4787 452 4853 τῆς
484 4782 668 4850 φωνῆς
704 4780 1002 4850 σημανθείη
1023 4820 1037 4838 ,
1068 4781 1262 4850 μηκέτι
1286 4781 1346 4833 τὸ
1372 4781 1513 4834 κατὰ
1539 4781 1646 4834 τῶν
1679 4782 1933 4853 ὑπηκόων

342 4875 557 4946 κράτος
601 4873 688 4926 διά
727 4874 824 4942 τῆς
860 4871 1135 4940 βασιλείας
1187 4871 1575 4940 σημαίνεσθαιο
1625 4871 1786 4941 μέσον
1823 4871 1930 4943 γὰρ

339 4965 632 5034 ἑκατέρων
657 4963 764 5016 τῶν
802 4961 1120 5031 ὑπολήψεων
1146 4960 1203 5013 ὃν
1232 4961 1328 5031 τῆς
1363 4960 1637 5030 βασιλείας
1658 4961 1718 5013 τὸ
1740 4960 1928 5031 ὄνομα,

338 5059 429 5124 πῆ
463 5054 563 5124 μὲν
589 5054 648 5106 τὸ
684 5053 993 5114 ἀδέσποτον,
1032 5051 1107 5120 πῆ
1147 5051 1203 5103 δὲ
1233 5050 1293 5102 τὸ
1335 5051 1559 5119 ἀρχικὸν
1586 5050 1693 5102 τῶν
1735 5052 1928 5103 ὑποτε-

335 5147 642 5214 ταγμένων
686 5143 1035 5196 ἐνδείκνυται.
1089 5142 1196 5194 Καὶ
1239 5141 1469 5194 ἐνταῦθα
1506 5141 1704 5205 τοίνυν,
1751 5144 1798 5195 εἰ
1835 5144 1930 5212 μὲν

335 5242 471 5292 ἐστι
505 5255 587 5300 τις
613 5236 706 5289 τοῦ
744 5237 952 5308 Πατρὸς
986 5235 1080 5288 τοῦ
1130 5234 1327 5306 Κυρίου
1363 5233 1551 5306 Πατὴρ
1584 5235 1932 5306 προεπινοού-

338 5346 519 5404 μενος
551 5329 754 5400 ἕτερος,
795 5329 1122 5394 δειξάτωσαν
1157 5327 1204 5379 οἱ
1237 5327 1334 5399 τὴν
1368 5327 1676 5397 ἀπόρρητον
1704 5328 1933 5397 αὐχοῦν-

332 5441 442 5486 τες
487 5421 704 5489 σοφίανι
747 5424 839 5473 καὶ
867 5421 984 5472 τότε
1016 5418 1406 5490 συνθησόμεθα,
1444 5419 1517 5490 μὴ
1550 5419 1807 5472 δύνασθαι
1837 5418 1928 5472 τοῦ

331 5510 688 5582 ἁγεννήτου
718 5511 815 5581 τὴν
861 5511 1086 5572 ἔννοιαν,
1125 5512 1228 5563 ὑπὸ
1261 5511 1356 5580 τῆς
1395 5510 1485 5563 τοῦ
1515 5512 1744 5578 Πατρός
1766 5528 1932 5581 προσ-

328 5603 585 5676 ηγορίας
618 5603 984 5674 παρίστασθαι
1035 5604 1096 5655 Εἰ
1126 5603 1181 5654 δὲ
1205 5605 1232 5655 ὁ
1264 5603 1475 5672 πρῶτος
1509 5602 1695 5673 Πατὴρ
1715 5642 1728 5665 ,
1755 5602 1932 5655 αἰτίαν

330 5697 454 5768 τῆς
490 5695 650 5748 αὑτοῦ
691 5697 994 5758 συστάσεως
1023 5695 1422 5767 ὑπερκειμένην
1461 5695 1560 5746 οὐκ
1594 5695 1737 5766 ἔχει·
1768 5694 1845 5766 τῷ
1875 5693 1930 5747 δὲ

2044 469 2110 522 sit
2143 475 2198 522 et
2225 469 2554 524 calumniam
2588 468 2783 538 pariat.
2818 468 2952 521 Nam
2983 484 3107 523 cum
3138 470 3326 540 pueris
3378 469 3446 524 ad
3505 487 3620 540 pu-

2041 573 2202 628 gnam
2245 559 2669 627 provocantibus
2729 574 2926 614 manus
2977 574 3292 626 conserere,
3353 560 3616 630 majorem

2042 650 2496 718 vituperationem
2522 666 2587 704 ex
2617 665 2916 719 congressu
2974 666 3099 705 cum
3154 653 3381 714 talibus,
3449 668 3614 722 quam

2040 754 2103 792 ex
2129 739 2369 793 vietoria:
2402 740 2658 808 opinione
2715 740 2929 794 laudem
2983 739 3158 795 affert.
3196 741 3464 796 Caeterum
3498 742 3613 796 haec

2040 831 2120 885 sic
2148 829 2291 884 dicta
2329 839 2531 896 sunto;
2569 847 2692 885 nam
2749 847 2870 902 quae
2893 835 3290 888 contumeliose
3338 842 3602 890 consueta

2041 922 2142 976 sibi
2173 922 2320 975 vocis
2352 923 2724 977 concinnitate
2752 922 3006 986 eifutivit,
3031 939 3117 990 ea,
3145 933 3203 978 ut
3225 926 3295 980 ab
3326 927 3444 994 ipso
3489 941 3610 996 pro-

2041 1011 2167 1066 ferri
2197 1012 2378 1082 digna,
2420 1014 2580 1069 nobis
2608 1030 2758 1077 vero,
2800 1029 2901 1068 ceu
2933 1015 2998 1068 ad
3029 1017 3480 1071 exercitationem
3517 1032 3610 1087 pa-

2040 1105 2244 1158 tientia:
2283 1106 2580 1175 proposita,
2614 1105 2837 1161 silentio
2875 1114 2928 1160 et
2971 1107 3231 1161 oblivioni
3265 1110 3609 1163 transmitte-

2040 1211 2182 1248 mus.
2225 1195 2344 1250 Non
2381 1198 2525 1252 enim
2557 1199 2755 1253 decere
2789 1199 3049 1263 arbitror,
3107 1208 3165 1254 ut
3211 1201 3444 1254 ridicula
3494 1202 3606 1266 illa,

2038 1304 2158 1358 qua:
2190 1291 2478 1354 eructavit,
2521 1292 2682 1346 seriis
2739 1292 2944 1347 nostris
3004 1292 3468 1361 disputationibus
3525 1294 3610 1348 in-

2037 1397 2378 1452 spergamus,
2403 1392 2458 1437 et
2490 1385 2739 1440 veritatis
2776 1386 3268 1456 pr0pugnationem
3320 1387 3375 1440 in
3418 1386 3610 1440 incon-

2035 1473 2180 1530 ditos
2212 1489 2274 1528 ac
2305 1477 2543 1544 plebeios
2573 1478 2721 1532 risus
2750 1477 3003 1532 desinere
3052 1477 3318 1534 faciamus
3351 1495 3366 1532 :
3431 1493 3611 1549 neque

2035 1566 2179 1620 enim
2209 1565 2322 1621 ﬁeri
2356 1575 2537 1637 potest
2563 1579 2622 1622 ut
2643 1569 2768 1638 quis
2812 1570 3015 1624 talibus
3046 1571 3250 1625 auditis
3296 1569 3468 1626 risum
3526 1578 3611 1624 te-

2037 1659 2502 1728 neat.praesertim
2533 1661 2577 1714 si
2604 1661 2752 1714 illum
2785 1677 2849 1716 ex
2886 1663 3103 1716 sublimi
3124 1663 3213 1716 illa
3244 1670 3300 1718 et
3321 1663 3608 1732 magniﬁca

1968 1743 2345 1818 Beloquentia
2401 1759 2744 1819 perorantem
2812 1754 3118 1808 audiamus.
3177 1753 3312 1808 Nam
3373 1768 3606 1824 quorum

2034 1843 2324 1895 verborum
2359 1843 2608 1898 recitatio
2635 1843 2700 1898 ad
2734 1845 3086 1915 blasphemia:
3112 1856 3460 1916 augmentum
3483 1860 3609 1900 con-

2037 1931 2158 1997 fert,
2195 1948 2255 1987 ea
2284 1933 2446 1988 snlere
2484 1935 2710 1989 dimidia
2770 1952 2836 1991 ex
2895 1945 3048 2006 parte
3082 1937 3300 1992 facilius
3329 1944 3414 1992 est
3442 1949 3605 2005 quam

2034 2022 2234 2091 eloqui.
2280 2023 2478 2078 Verum
2522 2025 2638 2080 hate
2666 2026 2948 2081 rideantur
2977 2029 3044 2081 ah
3079 2028 3208 2089 illis.
3255 2027 3348 2098 qui
3382 2034 3608 2090 norunt,

2035 2128 2283 2179 quamam
2354 2115 2464 2169 sint
2523 2118 2914 2186 approbanda,
2979 2134 3098 2188 quae
3165 2134 3293 2173 vero
3359 2117 3609 2176 ridenda.

2036 2202 2143 2258 Nos
2207 2223 2334 2261 vero
2411 2208 2786 2264 formidabiles
2853 2210 2977 2266 illos
3054 2211 3432 2282 syllogismos,
3487 2211 3611 2280 qui-

2039 2297 2139 2352 bus
2172 2307 2417 2354 nostrum
2457 2302 2698 2356 traducit
2729 2318 3032 2358 sermonem
3058 2342 3073 2367 ,
3109 2303 3218 2372 iam
3272 2303 3609 2374 contemple-

2037 2406 2179 2445 111111⁸.

2107 2480 2167 2535 Si
2199 2480 2381 2548 Pater,
2409 2485 2610 2554 inquit,
2636 2496 2685 2539 et
2707 2487 3038 2540 innascibilis
3074 2488 3265 2540 virtute
3297 2486 3433 2540 idem
3462 2495 3607 2548 sunt,

2036 2591 2096 2628 ea
2125 2591 2245 2628 vero
2276 2578 2511 2638 nomina,
2544 2594 2661 2647 qum
2684 2577 2865 2632 cadent
2896 2579 2944 2632 vi
2979 2579 3195 2647 pollent,
3237 2578 3373 2632 idem
3407 2594 3611 2648 quoque

2036 2667 2247 2720 omnino
2282 2669 2582 2736 signiﬁcant
2606 2686 2624 2724 :
2651 2685 2716 2724 ex
2740 2671 2974 2738 ipsorum
3008 2680 3183 2723 autem
3219 2669 3495 2738 sententia,
3527 2669 3610 2721 in-

2035 2759 2291 2812 nascibile
2316 2759 2452 2812 idem
2487 2771 2586 2816 est.
2635 2761 2774 2830 quod
2812 2761 2976 2816 Deum
3035 2777 3099 2816 ea:
3161 2762 3306 2815 nullo
3348 2762 3609 2832 principio

2035 2866 2145 2903 esse
2171 2869 2183 2903 :
2225 2853 2520 2905 necessario
2550 2854 2712 2906 etiam
2753 2852 3068 2907 vocabulum
3102 2853 3284 2906 Patris
3315 2853 3605 2922 signiﬁcat,

2041 2941 2204 2994 Deum
2225 2959 2290 2995 ea:
2324 2944 2472 2998 nullo
2505 2945 2763 3014 principio
2795 2961 2928 3004 esse,
2954 2961 3054 2998 non
3092 2953 3290 3008 autem,
3331 2943 3469 3013 quod
3510 2943 3609 2997 Fi-

2040 3033 2166 3085 lium
2188 3036 2442 3104 genuerit.
2478 3036 2592 3101 Qua
2619 3037 2940 3091 necessitate
2965 3039 3280 3106 compulsus
3300 3039 3392 3097 ait,
3427 3038 3610 3090 Patris

2041 3126 2303 3179 vocabulo
2333 3141 2438 3180 non
2467 3127 2783 3196 significari,
2821 3128 2964 3197 quod
3017 3127 3210 3180 Filium
3259 3127 3528 3198 genuerit,
3561 3127 3608 3182 si

2037 3216 2137 3267 ista
2172 3215 2284 3283 ipsa
2320 3217 2612 3286 appellatio
2641 3218 2795 3272 nobis
2823 3234 3040 3288 quoth
3083 3217 3298 3271 Patrem
3340 3219 3608 3289 principio

2039 3321 2227 3361 carere
2256 3310 2692 3362 commonstrat?
2727 3308 2784 3362 Si
2822 3313 2965 3363 enim
3021 3312 3252 3364 alterum
3321 3312 3608 3366 tolleretur

2035 3399 2104 3453 ab
2135 3399 2330 3460 altero,
2372 3409 2534 3470 prout
2569 3401 2670 3454 fert
2699 3410 2890 3455 natura
2920 3408 3322 3472 oppositorum,
3360 3419 3611 3457 necessa-

2036 3490 2118 3544 rio
2147 3493 2346 3560 positio
2385 3494 2545 3547 unius
2591 3503 2736 3548 esset
2773 3495 3122 3564 iuteremptio
3172 3496 3420 3549 alterius.
3462 3495 3526 3548 At
3560 3496 3605 3548 si

2035 3585 2168 3638 nihil
2197 3588 2417 3654 penitus
2451 3586 2652 3650 obstat,
2687 3587 2937 3641 eumdem
2968 3594 3022 3639 et
3053 3585 3269 3639 Patrem
3303 3594 3356 3640 et
3401 3586 3610 3656 ingeni-

2035 3687 2146 3731 tttm
2178 3692 2321 3738 esse,
2356 3676 2400 3730 si
2425 3676 2606 3730 Patris
2633 3677 3016 3746 appellatione,
3043 3676 3342 3730 secundum
3368 3677 3606 3746 aliquam

2035 3765 2516 3836 signiﬁcationem,
2536 3767 2698 3818 etiam
2725 3767 3024 3832 ingenitum
3058 3767 3454 3834 concipiamus,
3487 3780 3609 3835 quae

2032 3861 2341 3914 necessitas
2391 3856 2571 3918 efﬁcit,
2607 3867 2662 3911 ttt
2713 3857 2975 3910 habitudo
3004 3865 3057 3911 et
3088 3857 3282 3910 relatio
3311 3857 3379 3911 ad
3414 3855 3606 3910 Filium

2034 3965 2131 4018 per
2187 3949 2369 4004 Patris
2419 3949 2748 4003 vocabulum
2811 3948 3048 4017 amplius
3101 3963 3206 4002 non
3251 3945 3608 4002 innotescat?

2033 4041 2218 4109 Neque
2245 4042 2387 4094 enim
2415 4041 2518 4094 alia
2551 4039 2792 4098 nomina,
2823 4055 2944 4109 qua)
2979 4048 3222 4092 mutuam
3265 4039 3611 4093 communio-

2035 4151 2158 4188 nem
2223 4134 2452 4194 habent,
2489 4148 2583 4201 per
2615 4131 2796 4184 omnia
2857 4131 3175 4186 notionihtts
3235 4133 3603 4190 conveniunt:

2034 4241 2158 4280 nam
2198 4234 2250 4278 et
2287 4225 2666 4294 imperatorem
2717 4223 2802 4276 sui
2840 4223 3016 4291 ipsius
3063 4223 3367 4285 dominum,
3400 4233 3454 4278 et
3512 4226 3610 4281 do-

2035 4317 2165 4371 mini
2207 4326 2502 4383 expertem,
2530 4321 2583 4368 et
2611 4313 2773 4367 simul
2817 4315 2980 4366 etiam
3033 4314 3269 4368 subditis
3309 4316 3608 4383 praesiden-

2635 4421 2810 4474 neque
2844 4406 3038 4460 falsum
3076 4416 3157 4459 est
3197 4407 3398 4468 dicere,
3451 4425 3611 4463 voca-

2035 4499 2164 4553 hulo
2195 4497 2542 4566 imperatoris
2585 4496 2883 4566 signiﬁcari
2932 4496 2985 4550 id
3049 4497 3190 4565 quod
3246 4507 3330 4550 est
3385 4498 3611 4553 domino

2034 4603 2244 4650 carere,
2283 4601 2458 4655 neque
2488 4573 2859 4640 necessarium
2892 4587 3240 4648 arbitramur,
3271 4588 3313 4641 si
3351 4588 3455 4641 isto
3489 4590 3610 4659 ipso

2033 4680 2300 4736 vocabulo
2347 4677 2687 4748 significatur
2741 4678 2792 4732 id
2832 4678 2974 4747 quod
3020 4684 3124 4740 est,
3167 4680 3248 4731 sui
3288 4678 3459 4747 ipsius
3507 4680 3610 4734 do-

2035 4773 2240 4826 minum
2273 4785 2415 4833 esse,
2445 4777 2500 4823 et
2532 4768 2736 4822 nullius
2792 4768 3024 4838 imperio
3061 4768 3277 4836 subjici,
3334 4785 3439 4823 non
3495 4787 3611 4823 am-

2035 4865 2182 4934 plius
2223 4877 2320 4932 per
2349 4862 2562 4931 imperii
2594 4860 2920 4914 vocabulum
2979 4858 3320 4928 significetur
3365 4870 3610 4931 potestas

2038 4962 2092 5010 et
2121 4954 2423 5007 dominium
2465 4953 2518 5004 in
2555 4951 2842 5004 subditos:
2877 4966 3000 5004 cum
3061 4951 3208 5004 euitn
3261 4952 3473 5022 imperii
3507 4971 3611 5008 no-

2046 5064 2169 5101 tuen
2193 5047 2334 5100 inter
2365 5055 2651 5110 utramque
2694 5042 2967 5096 notionem
3024 5042 3262 5096 medium
3318 5045 3608 5109 consistat,

2036 5138 2231 5209 partim
2269 5136 2344 5201 id,
2373 5135 2514 5204 quod
2545 5143 2627 5187 est
2651 5134 2872 5186 domino
2906 5148 3112 5196 carere,
3142 5135 3341 5202 partim
3365 5134 3612 5190 domina-

2037 5231 2239 5283 tionem
2274 5229 2326 5281 in
2358 5228 2607 5282 subditos
2646 5225 2844 5278 innuit.
2893 5225 2955 5277 Et
3014 5225 3101 5279 hic
3149 5227 3370 5295 quidem
3423 5239 3612 5282 osten-

2037 5322 2191 5383 dant,
2228 5321 2318 5388 qui
2350 5318 2648 5372 recondita:
2675 5318 2957 5386 sapientiae
2981 5318 3140 5373 titulo
3167 5318 3464 5374 insolenter
3490 5335 3612 5374 sese

2038 5413 2294 5474 efferunt,
2323 5426 2450 5464 num
2485 5411 2556 5464 sit
2586 5409 2731 5463 alius
2765 5409 2926 5463 Pater
2960 5409 3108 5478 prior
3140 5408 3300 5464 Patre
3341 5421 3528 5464 nostro
3557 5419 3613 5464 et

2040 5506 2290 5569 Domino,
2325 5511 2379 5559 et
2415 5513 2545 5557 tunc
2585 5502 2878 5557 fatebimur
2930 5503 3206 5557 notionem
3241 5501 3467 5572 ingeniti
3503 5519 3610 5556 nou

2039 5614 2200 5668 posse
2231 5612 2258 5650 a
2293 5595 2475 5651 Patris
2518 5594 2884 5663 appellatione
2913 5594 3319 5663 reprazsentari.
3360 5592 3418 5646 Si
3481 5608 3613 5648 vero

2044 5689 2254 5761 primus
2300 5689 2391 5743 ille
2440 5686 2597 5742 Pater
2629 5701 2739 5741 sua:
2773 5685 3142 5741 subsistentia:
3181 5699 3404 5741 causam
3447 5699 3615 5756 supe-
