4146 6370
601 342 706 399 4ὲῦ

1833 340 1889 402 5.
1932 340 2260 398 GREGORII
2295 341 2589 399 NYSSENI

3746 348 3852 402 ἀει

601 459 798 512 riorem
829 471 936 510 non
966 457 1147 519 habet.
1176 473 1302 512 cum
1359 458 1520 513 Patre
1558 473 1688 513 vero
1720 457 1996 528 Unigeniti
2035 473 2163 528 quo-

2275 459 2450 529 Πατρὶ
2506 459 2935 513 συνυπακούεται
2984 460 3200 523 πάντως
3252 460 3344 512 καὶ
3381 458 3475 512 τοῦ
3517 461 3850 530 Μονογενοῦς⁵

605 565 710 619 que
741 549 1054 619 hypostasis
1085 565 1314 617 prorsus
1355 563 1602 604 connexa
1657 550 1998 619 intelligitur,
2043 549 2174 618 quid

603 655 703 694 nos
735 639 1049 695 artificiosis
1101 641 1223 695 istis
1272 641 1672 711 sophismatum
1740 640 2176 695 connexionibus

602 741 812 786 terrere
843 740 1135 797 conantur,
1167 731 1501 801 persuadere
1553 731 1638 786 vel
1689 733 1872 801 potius
1921 731 2174 800 decipere

603 823 873 885 volentes,
902 825 949 877 si
981 825 1463 878 innascibilitatem
1513 823 1607 877 Dei
1647 824 2028 877 universorum
2073 839 2172 876 vo-

603 915 800 968 cabulo
831 914 1008 970 Patris
1042 916 1341 986 signiﬁcari
1368 915 1755 979 concedamus,
1789 913 1962 970 Patris
1988 913 2052 968 ad
2081 913 2172 968 Fi-

603 1006 734 1060 lium
763 1005 1137 1060 habitudinem
1170 1005 1434 1060 abolitum
1463 1005 1528 1059 iri
1553 1005 1577 1058 ἲ

675 1098 778 1152 Sed
808 1098 1001 1167 puerili
1037 1098 1135 1149 hac
1173 1105 1228 1150 et
1263 1096 1404 1149 futili
1441 1096 1672 1150 istorum
1705 1095 2016 1164 obiectione
2039 1109 2172 1148 con-

603 1197 828 1259 tempta,
860 1187 1002 1257 quod
1030 1188 1155 1257 ipsi,
1187 1203 1288 1241 ceu
1325 1187 1686 1242 absurditatis
1710 1187 1952 1256 plenum,
1986 1186 2171 1256 profe-

602 1287 750 1342 runt,
782 1279 885 1331 hoc
917 1293 1016 1332 nos
1035 1276 1314 1344 intrepide
1343 1275 1686 1345 proﬁtemur,
1709 1276 1968 1329 nimirum
1994 1274 2178 1330 Patris

599 1380 654 1424 et
687 1368 1022 1424 immscibilis
1065 1370 1287 1422 nomine
1321 1367 1462 1422 idem
1493 1367 1817 1435 significari,
1850 1374 1907 1420 et
1938 1365 2171 1418 innasci-

601 1464 702 1516 bile
736 1463 949 1516 Patrem
978 1476 1044 1513 ex
1081 1460 1234 1513 nullo
1263 1459 1538 1526 principio
1568 1473 1691 1512 esse
1723 1458 2026 1520 declarare,
2060 1457 2168 1510 Pa-

601 1565 846 1622 tremque
901 1552 1180 1604 notionem
1225 1549 1503 1619 Unigeniti
1563 1547 1902 1616 conjunctim
1947 1555 2170 1617 prapter

601 1644 975 1697 habitudinem
1043 1641 1112 1695 ad
1185 1640 1338 1694 illum
1407 1640 1762 1693 audientibus
1823 1643 2164 1708 ingenerare.

600 1735 811 1790 Etenim
841 1749 964 1789 cum
999 1734 1106 1787 hoc
1139 1733 1318 1800 ipsum
1349 1731 1613 1800 magister
1658 1738 1847 1786 noster
1885 1729 2163 1799 (Basilius)

2279 551 2312 619 ἡ
2343 550 2656 613 ὑπόστασις,
2681 549 2733 601 τί
2765 548 3220 620 μορμολύττονται
3251 551 3399 620 ἡμᾶς
3427 553 3545 614 ταῖς
3575 555 3850 622 τεχνικαῖς

2275 640 2498 703 ταύταις
2531 640 2638 694 τῶν
2669 641 3018 710 σοφισμάτων
3039 641 3354 705 διαπλοκαῖς
3389 642 3616 706 πείθειν,
3648 643 3848 714 μᾶλλον

2273 730 2330 783 δὲ
2374 730 2681 798 φενακίζειν
2719 730 3050 802 βουλόμενοι,
3095 734 3144 786 εί
3189 732 3250 785 τὸ
3302 733 3594 802 ἀγέννητον
3624 733 3718 787 τοῦ
3755 733 3848 787 ἐπὶ

2275 821 2490 875 πάντων
2519 821 2652 875 Θεοῦ
2683 822 2770 875 διά
2808 823 2906 892 τῆς
2934 823 3164 892 Πατρός
3193 825 3846 896 προηγορίαςιὸμολογη-

2275 911 2415 983 θείη,
2450 913 2548 984 τῆς
2577 913 2711 984 πρὸς
2737 913 2829 966 τὸν
2855 914 2978 968 Υἱδν
3003 915 3238 984 σχέσεως
3266 914 3361 968 τοῦ
3389 917 3600 988 Πατρὸς
3627 917 3848 985 ἀποσχί-

2273 1000 2386 1066 ζειν
2418 1001 2514 1074 τὴν
2543 1004 2748 1057 ἔννοιαν
2767 1020 2780 1068 ;

2357 1095 2514 1148 Ἀλλά
2580 1095 2970 1161 διαπτὺσαντες
3023 1097 3122 1167 τὴν
3176 1096 3434 1169 παιδιὼδη
3481 1098 3687 1169 ταύτην
3753 1099 3846 1153 καὶ

2272 1187 2585 1241 ἐπιπόλαιον
2623 1189 2800 1240 αὑτῶν
2827 1186 3196 1258 ἐπιχείρησιν,
3250 1187 3312 1240 τὸ
3351 1188 3426 1250 ὡς
3470 1189 3668 1245 ἄτοπον
3713 1190 3842 1262 παρ’

2273 1279 2498 1332 ἐκείνων
2539 1280 2943 1350 προφερόμενον
2983 1279 3248 1349 ἀνδρικῶς
3295 1280 3724 1352 ὁμολογήσομεν
3759 1283 3843 1334 ὅτι

2270 1369 2366 1422 καὶ
2393 1369 2584 1421 ταὺτὸν
2619 1369 2868 1437 σημαίνει
2921 1367 2997 1437 τῷ
3043 1367 3347 1434 ἀγεννήτφ
3392 1367 3453 1420 τὺ
3492 1368 3585 1420 τοῦ
3615 1366 3842 1436 Πατρός

2269 1460 2471 1529 ὖνομα,
2509 1460 2601 1513 καὶ
2644 1459 2704 1512 τὺ
2749 1459 3077 1527 ἀγέννητον
3114 1460 3175 1511 τὸ
3218 1459 3275 1525 ἐξ
3307 1458 3516 1521 οὐδενὸς
3565 1455 3705 1512 εἶναι
3751 1461 3840 1512 τὸν

2272 1553 2492 1620 Πατέρα
2539 1551 2866 1622 παρίστησι·
2899 1551 2994 1603 καὶ
3024 1553 3051 1604 ὁ
3086 1552 3275 1621 Πατὴρ
3317 1551 3418 1621 τὴν
3448 1551 3574 1620 περὶ
3601 1551 3695 1604 τοῦ
3730 1553 3843 1606 Μο-

2269 1643 2515 1710 νογενοῦς
2547 1642 2753 1694 ἔννοιαν
2788 1643 3146 1712 συνημμένως
3183 1642 3270 1695 διά
3316 1642 3415 1713 τῆς
3452 1642 3688 1712 σχέσεως
3722 1640 3840 1712 μεθ’

2269 1734 2459 1788 ἐαυτοῦ
2489 1735 2814 1800 συνεισάγει.
2845 1734 2952 1785 Καὶ
2972 1733 3078 1802 γάρ
3103 1734 3195 1786 καὶ
3211 1732 3415 1804 ταύτην
3438 1734 3840 1804 προσκειμένην

599 1842 696 1880 sua
735 1827 789 1878 in
838 1824 1204 1893 dispositione
1235 1837 1496 1892 expresse
1533 1822 1830 1890 posuisset,
1867 1835 2163 1890 generosus

2269 1823 2346 1894 τῷ
2376 1823 2519 1894 λόγῳ
2549 1823 2641 1876 τοῦ
2673 1822 2990 1876 διδασκάλου
3025 1822 3122 1892 τὴν
3163 1824 3318 1893 ῥῆσιν
3340 1863 3353 1884 ,
3383 1823 3412 1875 ὀ
3435 1823 3603 1886 δεινός
3640 1840 3699 1875 τε
3745 1823 3840 1877 καὶ

597 1921 702 1971 iste
731 1925 784 1969 et
816 1917 1052 1970 invictus
1076 1915 1331 1980 bellator,
1361 1913 1551 1967 furtim
1576 1913 1862 1982 expunxit,
1893 1913 2168 1966 ablatione

595 2022 806 2068 eorum,
835 2021 956 2074 quae
982 2019 1111 2060 vere
1139 2004 1288 2058 dicta
1319 2011 1500 2066 erant,
1546 2002 1848 2057 faciliorem
1891 2002 1993 2058 sibi
2021 2004 2165 2057 viam

596 2098 662 2151 ad
717 2096 1106 2150 refutationem
1161 2094 1437 2149 muniens.
1485 2093 1623 2147 Nam
1677 2094 1845 2148 verba
1922 2095 2166 2150 doctoris

595 2189 767 2241 nostri
801 2188 873 2239 ita
905 2187 1169 2240 verbatim
1221 2185 1424 2240 habent
1464 2203 1477 2237 :
1523 2183 1632 2255 Ego
1679 2196 1854 2238 autem
1885 2186 2044 2238 etiam
2083 2187 2168 2238 in-

593 2279 751 2348 geniti
777 2294 867 2330 seu
900 2277 1235 2331 innascibilis
1284 2277 1714 2344 appellationent,
1748 2277 1986 2345 quamvis
2027 2293 2167 2330 sum-

595 2385 802 2437 mopere
830 2367 1236 2438 cogitationibus
1291 2369 1485 2421 nostris
1527 2377 1803 2436 congruat.
1840 2377 2014 2422 tamen
2043 2385 2166 2437 quae

595 2464 739 2514 niam
763 2462 910 2512 nullo
947 2461 1059 2513 loco
1078 2461 1130 2512 in
1165 2459 1446 2526 Scriptura
1487 2460 1658 2526 ipsam
1697 2460 1926 2519 invenio,
1965 2468 2015 2514 et
2033 2477 2165 2529 quo-

595 2554 740 2606 niam
778 2554 1006 2619 primum
1059 2561 1136 2604 est
1187 2552 1499 2604 elementum
1533 2551 1870 2620 blasphemia:
1912 2554 2161 2620 istorum,

593 2645 803 2698 silrntio
826 2643 1140 2696 tradendam
1169 2644 1354 2696 merito
1395 2642 1659 2705 duxerim,
1708 2644 2002 2711 praesertim
2044 2660 2163 2698 cum

601 2738 778 2789 Patris
803 2750 902 2790 vox
921 2745 970 2787 et
1001 2734 1055 2786 id
1077 2736 1266 2800 possit.
1300 2741 1438 2803 quod
1471 2736 1712 2804 ingeniti,
1739 2745 1786 2788 et
1809 2735 1876 2788 ad
1901 2735 1953 2786 id
1977 2737 2159 2797 etiam,

593 2836 800 2894 propter
831 2825 1160 2888 relationem,
1196 2828 1533 2894 conjunctam
1567 2825 1669 2879 sibi
1703 2823 1841 2879 Filii
1884 2827 2163 2896 cogitatio-

2269 1915 2479 1984 ἄμαχος
2497 1910 2649 1978 οὗτος
2672 1913 2976 1983 ἀγωνιστὴς
2996 1913 3104 1966 τῶν
3129 1913 3528 1983 γεγραμμένων
3558 1913 3836 1983 ἐξέκλεψε,

2267 2011 2332 2077 τῇ
2369 2007 2652 2078 ἀφαιρέσει
2681 2005 2788 2058 τῶν
2820 2006 3075 2075 ἀσφαλῶς
3117 2005 3420 2075 εἰρημένων
3463 2003 3838 2076 ἐξευμαρίζων

2268 2097 2444 2167 ἐαυτῷ
2480 2098 2579 2166 τὴν
2624 2097 2957 2168 ἀντίρρησιν.
3017 2098 3074 2149 'O
3108 2097 3204 2166 μὲν
3232 2097 3339 2166 γάρ
3383 2095 3533 2166 παρὰ
3567 2094 3660 2148 τοῦ
3693 2097 3837 2150 διδα-

2269 2189 2465 2243 σκάλου
2510 2189 2693 2260 ῥηθεὶς
2727 2187 2900 2255 λόγος,
2951 2187 3149 2241 οὑτωσὶ
3187 2187 3328 2242 κατά
3367 2186 3464 2258 τὴν
3501 2185 3645 2253 λέξιν
3689 2187 3831 2258 ἔχει’

2280 2279 2418 2349 Ἐγὼ
2437 2280 2503 2332 δὲ
2525 2280 2621 2334 καὶ
2653 2280 2767 2346 τὴν
2791 2279 2895 2333 τοῦ
2917 2277 3249 2348 ἀγεννήτου
3274 2281 3699 2349 προσηγορίαν,
3722 2278 3838 2335 κᾶν

2267 2373 2337 2426 τὰ
2363 2372 2622 2440 μάλιστα
2659 2368 2810 2438 δοκῇ
2830 2369 2957 2434 ταῖς
2976 2370 3237 2434 ἐννοίαις
3266 2367 3434 2438 ἡμῶν
3459 2370 3835 2438 συμϐαίνειν,

2265 2464 2404 2516 ἀλλ’
2430 2459 2542 2518 οὖν
2578 2462 2658 2528 ὼς
2678 2461 2942 2530 οὐδαμοῦ
2972 2459 3080 2528 τῆς
3109 2464 3159 2514 Γ
3154 2460 3357 2530 ραφῆς
3387 2463 3698 2529 κειμένην,
3739 2461 3839 2516 καὶ

2265 2553 2499 2620 τρόπον
2520 2561 2823 2621 στοιχεῖον
2851 2549 3048 2609 οὖσαν
3072 2551 3180 2619 τῆς
3199 2554 3524 2622 ,ϐλασφημί
3527 2572 3598 2620 ας
3617 2554 3835 2618 αὐτῶν,

2264 2645 2601 2702 σιωπᾶσθαι
2639 2645 2715 2700 ἂν
2759 2645 2998 2712 δικαίως
3037 2647 3217 2710 ἀξίαν
3245 2647 3394 2702 εἶναι
3427 2648 3701 2715 φήσαιμι,
3730 2647 3840 2716 τῆς

2262 2737 2496 2806 Πατρός
2537 2735 2742 2804 φωνῆς
2786 2731 2924 2790 ἴσον
2973 2735 3315 2805 δυναμένης
3370 2735 3449 2801 τῷ
3499 2738 3834 2806 ἁγεννήτῳ,

2263 2829 2412 2896 πρὸς
2455 2827 2533 2891 τῷ
2571 2829 2666 2881 καὶ
2703 2825 2815 2893 τὴν
2853 2827 2985 2894 περὶ
3016 2826 3121 2884 τοῦ
3158 2828 3293 2882 Υίοῦ
3321 2827 3564 2883 ἔννοιαν
3607 2847 3838 2900 συνημ-

595 2936 709 2972 nem
733 2917 985 2972 adducat.
1044 2917 1306 2987 Egregius
1351 2931 1482 2972 vero
1515 2917 1618 2972 iste
1658 2917 1904 2972 veritatis
1951 2933 2160 2988 propu-

2266 2918 2453 2985 ιιένως
2502 2915 2686 2982 ἑαυτῇ
2734 2915 2834 2969 διὰ
2871 2915 2980 2983 τῆς
3019 2917 3288 2985 σχέσεως
3331 2920 3736 2990 avrem-(irem.
3779 2924 3837 2975 v0

593 3018 809 3079 gnator,
861 3008 912 3063 id
957 3009 1098 3078 quod
1145 3010 1376 3063 cautelae
1425 3024 1594 3063 causa
1651 3009 1920 3078 adjectum
1983 3009 2160 3063 fuerat

2266 3005 2316 3056 δὲ
2351 3009 2595 3072 γενναῖος
2625 3000 2777 3066 οὗτος
2817 3004 2914 3072 τῆς
2957 3005 3213 3074 ἀληθείας
3247 3012 3737 3082 πρωταγωνιστὴς,
3777 3013 3837 3064 τὸ

597 3101 748 3165 (illud
783 3103 1027 3172 inquam,
1051 3103 1343 3172 praesertim
1375 3118 1494 3155 cum
1520 3100 1702 3156 Patris
1736 3117 1837 3157 vos:
1870 3102 2008 3157 idem
2038 3117 2159 3170 pos-

593 3194 684 3256 sit,
713 3191 850 3263 quod
884 3193 1121 3261 ingeniti,
1151 3202 1198 3246 et
1230 3191 1298 3244 ad
1325 3192 1378 3244 id
1417 3193 1602 3253 etiam,
1639 3201 1851 3260 propter
1890 3192 1989 3243 sibi
2035 3206 2162 3244 con-

594 3289 827 3341 iunctam
860 3285 1325 3352 rel1¢tionenz,l"ilii
1347 3286 1715 3354 cogitationem
1733 3285 1837 3336 sive
1863 3282 2164 3352 intelligen-

596 3378 1014 3441 tiamadducut),
1037 3377 1197 3430 insita
1229 3376 1332 3430 sibi
1362 3375 1618 3430 audentia
1641 3373 1934 3436 subtraxit,
1963 3382 2017 3426 et
2043 3388 2166 3441 pcr-

595 3479 778 3538 Specta
795 3483 1009 3532 eorum,
1027 3482 1146 3536 quae
1164 3467 1306 3520 dicta
1323 3474 1503 3527 erant,
1524 3465 1761 3529 ratione,
1780 3479 1904 3518 cum
1931 3465 2162 3532 reliquis

594 3561 1018 3632 digladiatnr,et
1049 3559 1297 3612 mutilata
1335 3558 1581 3626 corporis
1606 3557 1769 3616 serie,
1804 3565 1971 3624 utque
2007 3555 2159 3608 arbi-

593 3661 790 3714 tratur,
813 3650 878 3704 ad
893 3650 1276 3704 refutationem
1310 3649 1516 3717 aptiorc
1533 3655 1587 3700 et
1609 3647 1936 3716 procliviora
1953 3647 2038 3698 via
2058 3645 2162 3699 sibi

596 3740 886 3811 patefacta,
933 3739 1136 3809 frigido
1161 3749 1210 3792 et
1237 3739 1462 3791 infirmo
1499 3739 1836 3807 sophismate
1865 3743 2162 3790 sectatores

595 3847 727 3886 suos
756 3830 1141 3889 circumvenit,
1164 3830 1549 3882 demonstrare
1575 3828 1785 3888 volens,
1821 3826 1976 3888 illud,
2017 3825 2162 3894 quod

594 3939 622 3977 ε
639 3922 895 3976 ramulum
914 3919 1116 3990 aliquid
1130 3919 1570 3973 communionem
1599 3917 1780 3984 habet,
1795 3917 1956 3971 etiam
1994 3917 2162 3971 totius

594 4013 888 4084 signiﬁcati
921 4013 1360 4066 communionem
1391 4011 1610 4071 habere,
1655 4011 1737 4064 sic
1767 4011 1914 4064 leves
1935 4025 2160 4065 suorum

592 4121 757 4160 aures
791 4104 894 4159 sibi
925 4103 1248 4158 concilians.
1287 4101 1421 4154 Cum
1473 4101 1620 4155 enim
1668 4115 1770 4154 nos
1805 4101 2160 4163 dixissemus,

592 4197 900 4252 secundum
925 4193 1147 4263 aliquod
1166 4193 1563 4262 signiﬁcatum,
1588 4192 1768 4247 Patris
1792 4209 1978 4247 vocem
1999 4195 2160 4246 etiam

594 4288 824 4358 ingeniti
851 4286 1311 4357 signiﬁcationem
1356 4286 1576 4348 habere,
1603 4284 1708 4338 iste
1732 4284 2030 4352 perfectam
2086 4284 2162 4336 si-

593 4379 832 4449 gniﬁcati
859 4377 1331 4447 participationem
1353 4391 1382 4427 a
1405 4385 1668 4430 consueta
1697 4377 1974 4428 nominum
2001 4389 2163 4428 usur-

2269 3096 2364 3166 μὲν
2384 3095 2676 3163 ἀσφαλείας
2704 3095 2886 3148 ἕνεκεν
2910 3095 2986 3164 τῷ
3007 3096 3149 3165 λόγῳ
3171 3098 3558 3170 προσκείμενον
3581 3101 3755 3170 (λέγω
3777 3103 3833 3156 δὲ

2265 3190 2356 3251 τὸ,
2389 3189 2499 3242 Καὶ
2543 3187 2660 3255 τὴν
2694 3187 2826 3254 περὶ
2867 3189 2973 3242 τοῦ
3012 3190 3144 3243 Υἰοῦ
3172 3189 3414 3246 ἔννοιαν
3442 3196 3835 3265 συνημμένως

2265 3279 2450 3348 ἑαυτῇ
2477 3280 2574 3334 διὰ
2602 3279 2711 3347 τῆς
2743 3279 3010 3348 σχέσεως
3042 3281 3481 3354 συνεισάγειν),
3513 3285 3701 3344 τοῦτον
3737 3288 3834 3359 μὲν

2266 3369 2370 3422 ὑπὸ
2389 3371 2486 3439 τῆς
2520 3369 2813 3437 συγγενοῦς
2847 3370 3159 3440 ἐλευθερίας
3195 3372 3460 3440 ὑφείλετο.
3490 3377 3600 3432 Καὶ
3622 3377 3835 3436 διασκέ-

2263 3461 2370 3530 ψας
2413 3461 2518 3513 τῶν
2573 3462 2971 3531 γεγραμμένων
3017 3463 3106 3516 τὸν
3136 3464 3319 3532 λόγον,
3371 3469 3484 3530 τοῖς
3527 3467 3834 3533 ὑπολοίποις

2265 3553 2666 3622 συμπλέκεται·
2730 3554 2824 3606 καὶ
2878 3555 3298 3626 ἀκρωτηριάσας
3356 3557 3447 3610 τὸν
3495 3559 3684 3631 εἱρμὸν
3738 3561 3833 3614 τοῦ

2265 3645 2514 3714 σώματος
2533 3683 2548 3706 ,
2579 3645 2672 3698 καὶ
2701 3645 2776 3709 ὼς
2807 3645 2944 3716 ᾤετο
2977 3646 3298 3718 σαθρότερον
3327 3650 3502 3720 ἐαυτῷ
3523 3690 3538 3713 ,
3574 3653 3668 3707 καὶ
3701 3655 3834 3722 πρὸς

2261 3737 2359 3806 τὴν
2393 3737 2709 3807 ἀντίρρησιν
2742 3737 3060 3790 εὐεπίϐατον
3089 3741 3459 3810 καταστήσας,
3493 3742 3682 3814 ψυχρῷ
3740 3745 3830 3798 καὶ

2262 3828 2482 3899 ἁδρανεῖ
2546 3827 2626 3897 τῷ
2685 3828 2980 3898 σοφίσματι
3045 3830 3171 3897 τοὺς
3234 3829 3354 3882 καθ’
3411 3833 3599 3886 ἐαυτὸν
3653 3851 3833 3905 παρα-

2263 3917 2544 3986 κρούεται,
2573 3919 2635 3972 τὸ
2664 3920 2805 3972 κατά
2832 3937 2883 3972 τι
2915 3919 3221 3981 κοινωνοῦν,
3255 3921 3345 3973 καὶ
3373 3921 3460 3974 διά
3489 3923 3703 3978 πάντων
3734 3923 3834 3980 τὴν

2264 4009 2399 4064 κατά
2418 4010 2478 4063 τὸ
2499 4011 2892 4081 σημαινόμενον
2913 4013 3195 4066 κοινωνίαν
3212 4013 3356 4083 ἔχειν
3383 4016 3827 4082 κατασκευάζων,

2259 4101 2356 4154 καὶ
2412 4098 2617 4154 τούτων
2683 4099 2780 4170 τὴν
2844 4101 3155 4156 ἐπιπόλαιον
3215 4104 3385 4173 ἀκοὴν
3451 4107 3826 4176 συναρπάζων.

2275 4193 2458 4260 Ἦμῶν
2492 4193 2600 4263 γὰρ
2633 4193 2774 4246 κατά
2821 4210 2873 4245 τι
2917 4194 3312 4263 σημαινόμενον
3354 4199 3451 4269 τὴν
3490 4198 3583 4252 τοῦ
3622 4199 3831 4268 Πατρὸς

2263 4283 2560 4356 εἰρηκότων
2593 4283 2804 4354 φωνὴν,
2845 4284 2941 4336 καὶ
2968 4285 3067 4355 τὴν
3107 4285 3200 4338 τοῦ
3232 4287 3522 4360 ἀγεννήτου
3556 4291 3828 4360 σημασίαν

2263 4373 2627 4443 παρέχεσθαι,
2663 4369 2816 4437 οὗτος
2863 4375 2962 4446 τὴν
3015 4376 3248 4446 παντελῆ
3288 4377 3383 4431 τοῦ
3431 4381 3826 4452 σημαινομένου

599 4472 817 4540 patione.
875 4470 1192 4533 instituens,
1220 4468 1578 4521 assertionem
1618 4476 1860 4520 nostram
1907 4465 2159 4519 absurdi-

2267 4464 2565 4535 μετάληψιν
2593 4466 2700 4518 ἀπὸ
2731 4466 2827 4534 τῆς
2871 4465 3137 4536 συνήθους
3187 4465 3296 4520 τῶν
3342 4469 3616 4538 ὀνομάτων
3655 4472 3828 4540 ἐμφά-

593 4562 722 4616 tatis
756 4562 966 4615 scilicet
1001 4560 1206 4628 arguit,
1253 4557 1411 4626 quasi
1450 4572 1557 4610 non
1608 4558 1844 4624 amplius
1871 4555 2052 4610 Patris
2090 4555 2158 4607 ad

594 4653 791 4706 Filium
829 4649 1090 4704 habitudo
1124 4649 1225 4702 hac
1269 4648 1630 4717 appellatione
1674 4646 1968 4710 indicetur,
2012 4648 2056 4699 si
2085 4647 2162 4699 in-

592 4741 760 4810 geniti
791 4742 943 4794 notio
975 4757 1069 4810 per
1095 4756 1219 4794 eum
1254 4755 1376 4793 sese
1417 4739 1576 4792 nobis
1607 4738 1885 4792 exhibeat.
1924 4737 2160 4792 Perinde

594 4848 658 4886 ac
681 4835 727 4886 si
757 4833 902 4900 quis,
931 4831 998 4886 de
1028 4847 1166 4900 pane
1189 4833 1325 4884 duas
1363 4830 1610 4883 rationes
1639 4830 1889 4891 edoctus,
1928 4831 2155 4891 diceret,

595 4925 750 4978 illum
779 4941 842 4977 ex
876 4925 1147 4978 frumento
1197 4931 1478 4984 constare,
1527 4929 1582 4974 et
1607 4921 1912 4974 comedenti
1964 4921 2160 4974 alimo-

594 5017 738 5069 niam
771 5017 1052 5084 praebcre;
1087 5016 1225 5068 alius
1258 5023 1437 5068 autem
1470 5021 1661 5068 contra
1705 5014 1962 5068 obnitens
1988 5028 2156 5082 ogge-

595 5113 758 5167 rerct,
807 5105 1058 5158 eumdem
1091 5119 1316 5172 prorsus
1351 5103 1749 5172 sophismatutn
1784 5103 2004 5156 modum
2063 5102 2159 5154 atl-

595 5195 812 5258 hibens,
868 5195 1028 5247 aliam
1069 5210 1190 5248 esse
1226 5195 1493 5248 rationem
1544 5194 1685 5261 ejus.
1729 5194 1875 5263 quod
1933 5209 1998 5248 ex
2045 5193 2159 5245 frn-

593 5295 778 5341 tncnto
813 5287 1172 5340 constitutum
1197 5295 1301 5350 est,
1324 5293 1380 5338 et
1403 5285 1564 5337 aliam
1592 5284 1934 5340 nutritnenti.
1963 5283 2019 5336 Si
2058 5284 2160 5353 igi-

590 5388 683 5432 tur
711 5379 904 5432 demus
957 5391 1150 5445 panem
1204 5391 1270 5428 ex
1323 5374 1600 5428 frumento
1651 5372 1960 5428 confectum
2011 5389 2153 5435 esse,

591 5486 700 5524 non
739 5469 937 5538 poterit
976 5467 1211 5535 amplius
1244 5465 1566 5518 alimentum
1599 5465 1898 5518 nominari.
1943 5463 2153 5520 Similis

591 5575 815 5632 prorsus
845 5568 927 5614 est
950 5573 1144 5613 sensus
1166 5557 1488 5610 Eunomiani
1510 5556 1835 5625 syllogismi.
1867 5554 2151 5608 Aitenim:

596 5655 649 5710 Si
683 5654 966 5719 ingenitum
997 5667 1084 5703 seu
1120 5648 1431 5701 innascibile
1486 5646 1736 5700 vocabulo
1760 5644 1943 5698 Patris
1984 5645 2154 5714 signi-

590 5748 800 5811 ficatur,
831 5761 931 5797 non
978 5744 1164 5811 poterit
1194 5740 1418 5806 amplius
1451 5739 1513 5792 ab
1554 5738 1730 5791 eodem
1779 5737 2032 5790 vocabulo
2073 5737 2150 5789 si-

2264 4573 2400 4618 σεως
2423 4557 2811 4625 ποιησάμενος,
2839 4557 2918 4618 εἰς
2945 4557 3145 4610 ἄτοπον
3171 4557 3328 4626 δῆθεν
3356 4559 3602 4613 ἐκϐάλλει
3631 4561 3719 4614 τὸν
3745 4561 3828 4614 λό-

2261 4646 2464 4714 γον,ὼς
2479 4647 2661 4699 οὐκέτι
2686 4646 2784 4716 τὴν
2810 4647 2944 4717 πρὸς
2970 4647 3060 4702 τὸν
3083 4647 3207 4700 Υἱὺν
3238 4649 3416 4717 σχέσιν
3431 4651 3527 4719 τῆς
3559 4667 3826 4721 προσηγος-

2263 4740 2384 4810 ρίας
2411 4738 2613 4807 ταύτης
2641 4738 3132 4808 ἐνδεικνυμένης,εἰ
3166 4740 3257 4792 καὶ
3291 4739 3350 4792 τὸ
3380 4739 3472 4792 τοῦ
3501 4741 3827 4808 ἀγεννήτου

2262 4829 2437 4896 νόημα
2460 4827 2547 4879 διὰ
2574 4826 2761 4880 τούτου
2805 4827 3146 4897 ἐσημαίνετο.
3185 4829 3396 4900 Ὥσπερ
3431 4829 3496 4884 ἀν
3524 4831 3579 4882 εί
3611 4847 3692 4894 τις
3737 4832 3829 4886 δύο

2263 4919 2470 4980 ἐννοίας
2492 4918 2622 4986 περὶ
2640 4919 2733 4972 τοῦ
2759 4919 2921 4987 ἄρτου
2959 4917 3166 4987 μαθὼν,
3197 4919 3277 4972 ὅτι
3307 4937 3364 4972 τε
3389 4920 3494 4972 ἀπὸ
3521 4920 3667 4972 σίτου
3707 4939 3829 4974 συνο

2261 5010 2480 5079 έστηκε,
2521 5009 2614 5062 καὶ
2637 5009 2719 5061 ὃτι
2752 5009 2925 5079 τροφὴ
2945 5009 3024 5079 τῷ
3047 5010 3310 5080 χρωμένῳ
3337 5011 3565 5077 γίνεται,
3602 5011 3827 5081 μάχοιτο

2261 5101 2397 5170 πρὸς
2427 5100 2515 5152 τὸν
2547 5100 2792 5168 λέγοντα,
2825 5099 2903 5169 τῷ
2931 5099 3101 5171 ὁμοίῳ
3130 5102 3313 5171 τρόπῳ
3342 5101 3448 5154 τῶν
3479 5105 3828 5172 σοφισμάτων

2262 5195 2382 5248 κατ’
2429 5192 2590 5246 αὑτοῦ
2637 5192 2914 5264 χρώμενος
2935 5233 2950 5256 ,
2983 5194 3066 5246 ὅτι
3112 5193 3268 5256 ἄλλος
3298 5194 3452 5262 λόγος
3480 5195 3594 5247 ἐστὶ
3637 5195 3735 5264 τῆς
3765 5198 3828 5248 ἐκ

2260 5283 2352 5336 τοῦ
2382 5283 2527 5335 σίτου
2551 5282 2878 5345 συστάσεως,
2910 5283 3004 5336 καὶ
3023 5285 3052 5336 ὁ
3076 5283 3173 5351 τῆς
3196 5284 3403 5353 τροφῆς
3430 5284 3591 5338 πάλιν
3621 5285 3825 5356 ἕτερος.

2259 5374 2324 5426 Εἰ
2353 5369 2444 5426 οὖν
2477 5372 2654 5443 δοθείη
2675 5412 2689 5436 ,
2720 5372 2782 5426 τὸ
2811 5376 2875 5426 ὲκ
2912 5372 3005 5426 τοῦ
3047 5374 3192 5426 σίτου
3224 5369 3362 5428 εἶναι
3395 5375 3487 5427 τὸν
3519 5376 3700 5444 ἄρτον,
3736 5377 3826 5429 οὑ-

2260 5465 2376 5518 κέτι
2410 5465 2540 5518 αὐτὸ
2581 5464 2737 5517 τοῦτο
2785 5464 2878 5517 καὶ
2908 5462 3079 5534 τροφὴ
3131 5463 3328 5534 κυρίως
3375 5466 3824 5536 ὀνομασθήσεται.

2261 5555 2495 5625 Τοιαύτη
2527 5555 2620 5608 τοῦ
2653 5555 3011 5625 συλλογισμοῦ
3036 5558 3068 5626 ἡ
3101 5555 3324 5610 διάνοια.
3355 5559 3421 5610 El
3443 5556 3549 5628 γὰρ
3573 5558 3636 5610 τὸ
3657 5557 3825 5628 ἀγέν-

2259 5661 2464 5712 νητον,
2498 5645 2691 5714 φησὶν,
2734 5645 2851 5717 ὑπὸ
2887 5644 2996 5712 τῆς
3023 5644 3129 5698 τοῦ
3161 5646 3390 5712 Πατρός
3427 5647 3817 5716 προσηγορίας

2259 5736 2641 5807 σημαίνεται,
2672 5735 2870 5788 οὐκέτι
2912 5736 2976 5788 τὸ
3016 5738 3432 5805 γεγεννηκέναι
3478 5739 3582 5792 τὸν
3625 5740 3757 5792 Υίσῖπι·
3790 5741 3824 5792 ii
