4146 6370
341 332 449 395 423

1493 342 1767 400 CONTRA
1807 343 2193 409 EUNOMIUM,
2234 344 2361 399 LIB.
2400 347 2443 399 1.

3483 353 3587 411 628

341 452 510 521 φωνὴ
543 454 694 524 αὕτη
733 459 1120 526 παρίστησιν.
1167 460 1305 513 Ἀλλ’
1354 460 1609 532 εὔκαιρον
1640 463 1769 524 ἴσως
1812 460 1908 531 τὴν

2016 460 2279 529 gniﬁcan’.
2312 460 2451 531 quod
2490 459 2651 514 Pater
2688 460 2926 530 genuerit
2960 458 3181 514 Filium.
3235 459 3343 517 Sed
3385 461 3590 521 fortas-

345 544 549 616 σεμνὴν
591 547 806 618 ἐκείνην
849 550 943 603 τοῦ
972 551 1144 603 κώλου
1176 552 1420 625 περίοδον
1464 555 1557 605 καὶ
1604 554 1729 624 παρ’
1760 552 1915 623 ἡμῶν

345 637 648 707 ἐπαχθῆναι
689 640 765 709 τῷ
795 641 1093 715 λεγομένῳ.
1139 646 1344 717 Πρέπει
1377 644 1486 715 γὰρ
1515 647 1627 709 τοῖς
1655 644 1916 707 τοιούτοις

345 729 560 793 πάντως
592 732 815 785 τοιαῦτα
840 748 854 763 ⁶
893 736 974 788 ὅτι
1011 737 1170 790 πλέον
1202 737 1267 790 ἂν
1294 738 1451 806 ἔσχεν
1486 736 1622 806 πρὸς
1650 736 1708 789 τὸ
1740 736 1915 789 δοκεῖν

345 824 672 890 σωφρονεῖν,
724 826 773 876 εί
830 827 1084 879 παντελεῖ
1134 831 1308 898 σιωπῇ
1360 828 1559 896 ταύτην
1612 827 1774 897 ὥρισε
1818 826 1915 894 τὴν

340 910 658 978 ἀσφάλειαν·
683 910 754 986 τῼ
780 916 885 988 γὰρ
920 919 952 986 ἡ
989 918 1272 990 προσθήκη
1295 919 1404 971 τῶν
1433 919 1604 986 λόγων
1636 919 1714 980 είς
1750 933 1917 987 προσ-

341 999 518 1071 θήκην
562 1004 707 1056 τελεῖ
758 1005 1138 1078 βλασφημίας,
1190 1009 1387 1080 μᾶλλον
1429 1010 1485 1061 δὲ
1524 1008 1626 1078 τῆς
1682 1009 1915 1077 ἐσχάτης

340 1091 557 1157 ἀνοίας,
601 1094 775 1165 τούτῳ
822 1097 881 1149 τὸ
910 1101 1086 1169 σιγᾷν,
1112 1101 1209 1170 οὐχ
1235 1101 1422 1170 ήμίσει
1457 1099 1645 1171 μέρει,
1676 1099 1810 1152 ἀλλὰ
1837 1097 1915 1167 τῷ

340 1183 504 1234 παντὶ
532 1184 625 1237 τοῦ
658 1185 836 1238 λαλεῖν
864 1189 979 1240 ἐστι
1007 1190 1352 1259 κουφότερον.

411 1359 563 1427 Τάχα
583 1359 647 1413 ἄν
672 1378 755 1423 τις
784 1362 979 1431 μᾶλλον
1011 1364 1076 1416 ἐκ
1098 1364 1203 1417 τῶν
1228 1365 1348 1418 καθ’
1372 1366 1563 1418 ἑαυτὸν
1589 1365 1915 1435 προσάγοιτο

340 1450 477 1518 πρὸς
508 1450 606 1519 τὴν
635 1451 741 1503 τῶν
785 1454 1091 1524 λεγομένων
1122 1456 1401 1526 ἀλήθειαν.
1445 1457 1555 1510 Καὶ
1587 1456 1650 1527 δή
1693 1456 1914 1509 καταλι-

343 1541 534 1603 πόντες
578 1542 638 1594 τὸ
694 1545 1185 1616 κατηγκυλωμένον
1240 1547 1339 1618 τῆς
1395 1547 1503 1601 τῶν
1563 1547 1912 1617 σοφισμάτων

342 1634 581 1705 πλοκῆς,
636 1636 1043 1708 ίδιωτικώτερόν
1082 1656 1142 1690 τε
1188 1640 1283 1692 καὶ
1311 1639 1614 1711 κοινότερον
1661 1639 1789 1710 περὶ
1818 1639 1911 1692 τοῦ

342 1727 701 1797 προκειμένου
749 1728 1138 1800 διαλεξώμεθα⁴
1195 1730 1252 1784 '0
1316 1731 1407 1793 σδς
1446 1730 1667 1804 Πατὴρ,
1699 1725 1746 1783 ὦ
1801 1730 1910 1782 Εὐ-

2020 546 2098 598 sis
2130 546 2269 600 haud
2299 548 2737 616 intempestivum
2775 548 2959 611 fuerit,
3021 564 3243 618 gravem
3281 551 3429 605 illam
3481 556 3588 609 coli

2016 638 2296 705 periodum
2352 638 2407 691 in
2452 638 2629 707 ipsius
2669 640 2917 693 auctoris
2946 647 3109 708 caput
3144 656 3172 692 a
3206 640 3368 695 nobis
3412 652 3589 697 retor-

2014 730 2189 797 queri.
2219 727 2369 782 Talia
2417 730 2562 783 enim
2595 730 2733 783 tales
2773 730 2998 784 omnino
3029 731 3244 792 decent.
3295 735 3423 803 quia
3464 735 3588 803 plus

2015 819 2317 887 adjumenti
2347 820 2414 873 ad
2448 820 2620 875 sobrii
2654 820 2894 875 hominis
2941 822 3405 877 existimationem
3442 838 3587 877 com-

2016 910 2317 979 parandam
2346 911 2652 975 hahuisset,
2684 913 2729 967 si
2771 913 2932 981 pleno
2951 913 3171 968 silentio
3209 914 3316 969 sibi
3361 914 3585 970 consul-

2016 1010 2131 1054 tum
2158 1002 2364 1057 ivisset.
2391 1002 2492 1055 Cui
2546 1005 2689 1057 enim
2716 1004 3005 1058 verborum
3039 1005 3244 1060 additio
3278 988 3490 1061 eonlert
3516 1006 3584 1061 ad

2014 1092 2486 1162 biasphemiz,vel
2531 1095 2711 1163 potius
2745 1096 2812 1149 ad
2850 1103 3113 1150 extremze
3155 1096 3449 1151 dementiae
3479 1098 3579 1152 ad-

2014 1184 2295 1247 ditionem,
2324 1185 2450 1238 huic
2490 1201 2598 1238 non
2627 1186 2802 1240 solum
2846 1186 3011 1242 silere
3044 1187 3245 1251 media,
3301 1190 3394 1243 sed
3427 1190 3580 1244 omni

2011 1287 2077 1325 ex
2116 1281 2270 1337 parte
2292 1281 2375 1325 est
2411 1270 2648 1336 facilius,
2681 1290 2846 1343 quam
2879 1276 3052 1345 loqui.

2084 1361 2248 1416 Forte
2280 1362 2553 1432 quispiam
2592 1366 2767 1435 magis
2795 1366 2863 1419 ab
2896 1367 3016 1436 ipso
3064 1365 3330 1423 Eunomio
3370 1369 3586 1424 desum-

2013 1452 2121 1521 ptis
2142 1455 2407 1522 exemplis
2440 1454 2506 1508 ad
2541 1456 2824 1510 veritatem
2868 1458 3302 1527 amplectendam
3361 1476 3585 1529 promo-

2012 1546 2245 1599 vebitur.
2276 1545 2463 1616 itaque
2497 1548 2701 1603 relictis
2736 1550 2963 1604 tumidis
3021 1558 3075 1604 et
3111 1554 3376 1606 tortuosis
3408 1552 3581 1623 syllo-

2012 1637 2306 1707 gismorum
2338 1640 2589 1702 nexibus,
2620 1641 2892 1711 pinguiori
2920 1641 3183 1707 Minerva,
3212 1658 3279 1698 ex
3299 1644 3581 1698 communi

2013 1743 2201 1790 sensu,
2231 1728 2298 1784 de
2334 1732 2618 1800 proposito
2650 1739 2973 1801 argumento
3008 1733 3369 1788 disseramus.
3418 1732 3582 1788 Pater

338 1819 515 1885 νόμιε.
554 1819 767 1882 πάντως
794 1820 1077 1891 ἄνθρωπος
1097 1816 1164 1891 ἦν
1185 1837 1199 1851 ·
1231 1821 1345 1875 ἀλλ’
1384 1824 1414 1875 6
1445 1820 1606 1884 αὐτὸς
1633 1815 1785 1884 οὗτος
1818 1822 1908 1874 καὶ

2011 1828 2161 1886 tuus,
2194 1819 2449 1884 Eunomi,
2478 1822 2703 1877 omnino
2732 1822 2896 1877 homo
2922 1831 3080 1891 erat;
3111 1832 3167 1877 at
3192 1825 3286 1880 ille
3325 1824 3448 1895 ipse
3475 1825 3580 1879 tibi

342 1910 424 1960 σοὶ
460 1906 553 1961 τοῦ
606 1905 744 1962 εἷναι
790 1911 1012 1978 γέγονεν
1049 1911 1239 1974 αἴτιος.
1290 1906 1417 1983 ’Ἆρ’
1450 1906 1543 1964 οὖν
1586 1912 1802 1982 ἐχρήσω
1832 1910 1911 1981 τῷ

345 2000 491 2070 σοφῷ
521 1999 694 2069 τούτῳ
712 2041 727 2064 ,
772 2002 869 2053 καὶ
906 2002 992 2054 ἐπ’
1025 2001 1254 2067 ἐκείνου,
1284 2000 1423 2055 ὥστε
1454 2000 1547 2055 τὸν
1575 2000 1787 2071 πατέρα
1816 2001 1911 2053 τὸν

340 2092 463 2157 σὺν,
495 2095 543 2147 εὶ
578 2094 668 2147 τὸν
698 2095 796 2165 τῆς
835 2096 1048 2165 φύσεως
1079 2096 1305 2167 ὁρισμὸν
1334 2096 1569 2166 δέχοιτο,
1607 2095 1697 2149 διὰ
1720 2096 1781 2148 τὸ
1815 2096 1909 2150 ἆν-

338 2184 557 2255 θρωπος
582 2183 748 2252 εἶναι,
790 2189 985 2257 μηκέτι
1028 2189 1289 2243 δύνασθαι
1321 2189 1421 2259 τὴν
1467 2189 1602 2260 πρὸς
1633 2188 1695 2240 σὲ
1726 2188 1909 2258 σχέσιν

339 2279 737 2348 ἀποσημαίνειν
757 2297 771 2343 ;
792 2282 1001 2351 Χρῆναι
1024 2283 1131 2352 γὰρ
1153 2284 1369 2345 πάντως
1383 2282 1492 2335 τῶν
1511 2281 1605 2334 δύο
1625 2281 1684 2335 τὸ
1699 2280 1785 2333 ἓτε
1793 2297 1904 2351 ρον,

339 2369 372 2438 ἢ
402 2368 685 2441 ἄνθρωπον
708 2366 867 2434 εἶναι,
907 2373 939 2442 ἢ
976 2374 1237 2444 Εὐνομίου
1264 2374 1494 2445 πατέρα.
1527 2368 1660 2426 Εἶτα
1697 2373 1780 2425 σοὶ
1812 2371 1908 2441 μὲν

336 2462 438 2514 οὐκ
464 2461 637 2526 ἔξεστι
675 2464 749 2534 μὴ
786 2465 924 2517 κατὰ
968 2466 1027 2518 τὸ
1072 2468 1269 2519 οἰκεῖον
1298 2466 1395 2535 τῆς
1436 2464 1710 2535 σημασίας
1742 2480 1909 2534 προσ-

337 2552 597 2623 φέρεσθαι
630 2554 696 2606 τὰ
720 2554 827 2606 τῶν
851 2554 1066 2607 οἰκείων
1091 2554 1349 2625 ὀνόματα.
1386 2553 1545 2607 Ἀλλὰ
1572 2553 1675 2607 κᾶν
1699 2550 1908 2623 ὕϐρεως

333 2644 574 2714 γράψαιὸ
622 2662 742 2698 τινα
778 2647 867 2698 τὸν
908 2645 1273 2715 χλευαστικῶς
1306 2648 1384 2709 είς
1430 2646 1521 2709 σὲ,
1551 2645 1638 2698 διὰ
1668 2644 1768 2714 τῆς
1798 2644 1907 2696 τῶν

331 2738 615 2807 ὀνομάτων
647 2737 983 2807 ύπαλλαγῆς,
1017 2737 1387 2801 διαπαίζοντα,
1415 2738 1476 2790 οὐ
1520 2737 1783 2808 φρίττεις⁸
1815 2736 1907 2788 καὶ

336 2829 598 2896 διαγελῶν
628 2830 697 2882 τὰ
725 2830 967 2900 δόγματα
997 2830 1103 2883 τῶν
1132 2830 1464 2899 μυστηρίων,
1495 2827 1789 2889 ἀκινδύνως
1815 2844 1908 2895 γε·

337 2915 469 2985 λᾷς;
516 2916 601 2979 Ὠς
624 2918 729 2987 γὰρ
751 2919 778 2970 6
803 2917 892 2980 σὸς
914 2916 1124 2988 πατὴρ,
1150 2917 1244 2969 καὶ
1279 2918 1378 2988 τήν
1394 2917 1528 2987 πρὸς
1553 2917 1612 2969 σὲ
1638 2917 1907 2969 δείκνυσιν

335 3005 659 3075 οἰκειότητα,
688 3008 781 3059 καὶ
816 3008 878 3060 τὸ
914 3007 1196 3078 ἄνθρωπος
1233 3003 1373 3060 εἶναι
1405 3007 1557 3060 οὐδὲν
1600 3006 1688 3060 διὰ
1717 3006 1905 3060 τούτου

336 3092 639 3145 κωλύεται·
687 3095 778 3147 καὶ
827 3095 926 3147 οὐκ
970 3095 1036 3148 ἄν
1074 3113 1157 3158 τις
1191 3095 1637 3166 σωφρονούντων,
1664 3096 1784 3149 ἀντὶ
1812 3095 1905 3148 τοῦ

338 3185 552 3255 πατέρα
581 3202 673 3237 σου
702 3188 1017 3255 προσειπεῖν
1044 3186 1136 3240 τὸν
1161 3189 1518 3258 γεννήσαντα,
1548 3189 1577 3241 6
1608 3186 1663 3240 δὲ
1691 3187 1784 3240 τοῦ
1811 3188 1904 3239 ἁν-

337 3273 557 3344 θρώπου
604 3275 695 3329 τὸν
741 3276 966 3348 ὁρισμὸν
1017 3277 1237 3349 ἀποδοίη
1264 3295 1279 3309 ο
1344 3278 1376 3349 ἦ
1429 3278 1591 3330 πάλιν
1638 3277 1766 3348 περὶ
1811 3276 1905 3328 τοῦ

337 3365 529 3431 γένους
576 3367 888 3437 ἐρωτηθεὶς,
932 3368 1025 3422 καλ⁸
1054 3370 1387 3442 ὁμολογήσας
1421 3371 1481 3423 τὸ
1514 3368 1651 3424 εἶναι
1696 3370 1903 3440 ἄνθρω-

339 3475 459 3519 πον,
494 3458 795 3512 κωλύεσθαι
836 3460 1000 3527 λέγοι,
1027 3460 1114 3514 διὰ
1141 3461 1241 3530 τῆς
1274 3462 1559 3532 ὁμολογίας
1598 3461 1819 3530 ταύτης,
1848 3462 1908 3513 τὸ

338 3550 433 3603 καὶ
464 3551 555 3604 σού
584 3552 743 3606 αὐτὸν
765 3549 903 3607 εἶναι
930 3553 1140 3625 πατέρα
1158 3568 1171 3582 ⁸
1202 3552 1373 3616 οὕτως
1393 3554 1486 3606 ἐπὶ
1521 3553 1613 3605 τοῦ
1640 3552 1773 3605 Θεοῦ
1799 3551 1907 3605 τῶν

333 3644 503 3709 ὅλων,
542 3647 571 3698 6
605 3646 703 3715 μὲν
741 3646 989 3716 εὐσεϐὴς,
1031 3646 1206 3699 καὶτὸ
1243 3646 1551 3715 ἀγεννήτως
1579 3645 1739 3696 αὐτὸν
1769 3640 1907 3696 εἶναι

341 3737 719 3806 σημαίνεσθαι,
758 3722 988 3805 διὰγτῆς
1021 3737 1392 3806 προσηγορίας
1418 3722 1511 3788 τοῦ
1550 3735 1762 3804 Πατρὸς
1809 3735 1909 3787 ούκ

339 3829 667 3899 ἀρνήσεται,
699 3830 792 3881 καὶ
834 3829 932 3900 τὴν
977 3829 1111 3900 πρὸς
1148 3828 1239 3880 τὸν
1272 3827 1398 3880 Υίὸν
1443 3829 1747 3895 οἰκειότητα
1787 3825 1908 3880 καθ’

337 3923 525 3993 ἓτερον
552 3922 914 3975 ἐνδείκνυσθαι
955 3922 1369 3991 σημαινόμενον.
1410 3921 1470 3973 '0
1506 3920 1563 3972 δὲ
1592 3918 1908 3986 καταγελῶν

338 4014 440 4084 τῆς
480 4014 763 4084 ἀληθείας,
787 4015 968 4068 οὐκέτι
1000 4014 1061 4067 τὸ
1104 4013 1489 4083 γεγεννηκέναι
1520 4012 1610 4065 τὸν
1652 4011 1777 4064 Υίὺν
1808 4012 1908 4081 τὴν

341 4107 435 4159 τοῦ
462 4106 670 4176 Πατρδς
704 4106 1071 4177 προσηγορίαν
1097 4106 1243 4175 λέγει
1270 4106 1572 4176 σημαίνειν,
1602 4105 1694 4156 ἐὰν
1720 4104 1813 4157 καὶ
1849 4102 1910 4155 τὸ

339 4192 631 4264 ἀγέννητον
668 4189 806 4246 εἶναι
833 4194 920 4247 διὰ
942 4194 1040 4263 τῆς
1058 4193 1226 4264 αὐτῆς
1254 4194 1437 4263 φωνῆς
1456 4192 1834 4247 διδασκόμεθα.

2012 1921 2073 1966 ιιι
2102 1927 2275 1978 esses,
2302 1926 2470 1968 causa
2496 1915 2728 1969 exstitit.
2757 1914 2896 1970 Num
2939 1925 2994 1971 et
3024 1916 3092 1972 de
3136 1917 3231 1973 iilo
3267 1927 3486 1973 acutum
3519 1919 3582 1973 il-

2011 2002 2103 2057 luti
2140 2010 2296 2057 tuum
2360 2004 2646 2059 inventum
2700 2006 3022 2075 usurpasti?
3068 2015 3276 2076 patrem
3328 2008 3582 2063 videlicet

2007 2103 2185 2158 tuum,
2236 2094 2280 2150 si
2312 2111 2410 2164 per
2435 2097 2560 2158 hoc,
2607 2096 2754 2166 quod
2794 2097 2959 2151 homo
2988 2105 3091 2163 est,
3154 2114 3183 2151 a
3218 2108 3410 2152 nalura
3463 2101 3580 2154 suis

2008 2184 2168 2254 quasi
2188 2185 2452 2248 limitibus
2484 2188 2981 2252 circumscribitur,
3016 2204 3124 2243 non
3148 2204 3310 2259 posse
3342 2191 3575 2258 amplius

2008 2275 2385 2331 habitudinem
2435 2277 2502 2332 ad
2547 2286 2599 2333 te
2634 2278 2983 2349 signiﬁcare?
3038 2281 3284 2335 Alterum
3327 2283 3469 2335 enim
3509 2298 3578 2336 ex

2008 2367 2223 2422 duobus
2249 2369 2409 2439 plane
2440 2377 2523 2424 est
2554 2372 2963 2437 necessarium,
2996 2383 3090 2426 aut
3124 2372 3401 2428 hominem
3429 2390 3572 2437 esse,

2008 2467 2103 2513 aut
2127 2460 2383 2515 Eunomii
2415 2471 2649 2531 patrem.
2678 2461 2865 2533 Neque
2894 2464 2995 2519 tibi
3026 2464 3109 2520 fas
3139 2473 3245 2529 est,
3268 2474 3328 2519 ut
3356 2466 3577 2535 proprio

2009 2552 2319 2621 significatu
2352 2569 2461 2607 non
2490 2553 2736 2625 proferas
2769 2571 2833 2610 ea
2859 2559 3082 2612 nomina
3125 2574 3247 2628 qua:
3292 2561 3576 2628 proprium

2008 2645 2380 2715 signiﬁcatum
2406 2647 2630 2702 habent.
2673 2647 2872 2703 Verum
2910 2651 3034 2705 licet
3060 2650 3276 2719 injuriae
3302 2653 3576 2705 actionem

2009 2737 2260 2792 intendas
2305 2738 2438 2803 illis,
2497 2740 2590 2809 qui
2634 2750 2857 2810 propter
2888 2741 3170 2795 nominum
3219 2744 3577 2797 mutationem

2008 2830 2106 2883 tibi
2137 2830 2532 2885 subsannando
2562 2831 2819 2895 illudunt,
2863 2846 2969 2885 non
3002 2832 3364 2897 cohorrescis,
3408 2843 3463 2887 et
3491 2834 3577 2886 di-

2007 2916 2254 2971 vinorum
2288 2916 2598 2987 dogmatum
2648 2919 2910 2989 mysteria
2949 2918 3210 2981 irridens,
3242 2922 3462 2991 impune
3502 2922 3578 2975 ri-

2008 3005 2142 3060 des!
2184 3006 2657 3071 Quemadmodum
2705 3009 2851 3063 enim
2912 3017 3039 3065 tuus
3085 3020 3238 3079 pater
3295 3012 3579 3082 cognatio-

2009 3112 2153 3161 nem,
2187 3112 2349 3160 nuam
2403 3105 2581 3151 tecum
2614 3099 2799 3162 habet,
2853 3099 3116 3163 ostendit,
3174 3111 3228 3155 et
3281 3103 3573 3171 quominus

2009 3186 2173 3239 homo
2207 3186 2298 3252 sit,
2328 3203 2423 3257 per
2447 3187 2548 3241 hoc
2574 3188 2709 3241 nihil
2736 3188 2955 3257 penitus
2985 3188 3298 3258 impeditur,
3348 3191 3568 3246 nullus-

2007 3292 2116 3347 que
2148 3278 2268 3331 sani
2310 3278 2528 3348 capitis,
2578 3280 2625 3334 si
2681 3280 2806 3348 quis
2857 3279 3115 3348 jubeatur
3151 3280 3435 3335 nominare
3484 3297 3579 3348 pa-

2008 3374 2168 3429 trem,
2192 3366 2285 3435 qui
2314 3373 2366 3421 te
2388 3367 2595 3436 genuit,
2628 3368 2721 3421 ille
2748 3382 2879 3421 vero
2908 3367 3283 3422 definitionem
3337 3367 3577 3422 hominis

2009 3456 2270 3526 assignet,
2299 3457 2384 3511 vel
2431 3458 2800 3527 interrogatus
2850 3458 2917 3512 de
2961 3473 3180 3527 genere,
3243 3460 3570 3528 respondeat

2008 3562 2133 3601 esse
2182 3546 2480 3611 hominem,
2518 3547 2718 3603 dixerit
2782 3546 3095 3616 hujusmodi
3151 3549 3567 3617 responsionem

2009 3638 2252 3700 obstare,
2292 3639 2585 3707 quominus
2622 3648 2775 3708 pater
2815 3647 2942 3695 tuus
2972 3641 3043 3693 sit
3071 3656 3086 3694 :
3115 3638 3187 3693 ita
3216 3654 3431 3709 quoque
3457 3655 3576 3694 sese

2010 3746 2101 3785 res
2160 3731 2323 3784 habet
2366 3746 2491 3785 cum
2526 3733 2923 3807 universorum
2971 3730 3101 3793 Deo,
3144 3747 3303 3800 quem
3356 3733 3575 3801 pietatis

2011 3822 2197 3875 cultor
2250 3822 2551 3892 ingenitum
2605 3837 2747 3885 esse,
2783 3822 2945 3891 idque
2986 3821 3162 3877 Patris
3219 3824 3577 3891 appellatione

2008 3914 2333 3985 signiﬁcari,
2372 3921 2428 3968 et
2480 3922 2718 3983 utroque
2765 3914 3078 3986 signiﬁcatu
3112 3915 3488 3969 habitudinem
3522 3924 3577 3969 et

2009 4005 2386 4075 cognationem
2421 4005 2488 4058 ad
2516 4002 2718 4058 Filium
2744 4004 3017 4059 declarari
3065 4005 3299 4060 libenter
3340 4005 3573 4059 conﬁte-

2010 4106 2120 4148 tur.
2155 4097 2224 4149 At
2244 4095 2492 4150 veritatis
2546 4096 2745 4149 irrisor
2787 4094 3071 4149 contendit
3115 4093 3295 4148 Patris
3335 4094 3576 4164 appella-

2009 4186 2157 4241 tione
2186 4201 2297 4241 non
2314 4187 2549 4255 amplius
2581 4185 2903 4257 signiﬁcari,
2932 4186 3079 4256 quod
3114 4184 3287 4240 Filius
3314 4201 3382 4241 ex
3414 4202 3481 4241 eo
3505 4188 3577 4241 sit

2004 4279 2243 4348 genitus,
2278 4278 2327 4333 si
2358 4277 2547 4333 eadem
2576 4277 2940 4347 appellatione
2968 4277 3195 4348 ingeniti
3215 4292 3437 4348 quoque
3469 4293 3571 4331 no-

2008 4368 2087 4421 tio
2110 4371 2382 4422 mentibus
2409 4368 2789 4436 ingeneretur.

413 4458 532 4541 ᾜτι
559 4457 613 4510 δὲ
646 4458 920 4511 καὶτοῦτο
942 4458 1075 4526 πρὸς
1119 4459 1339 4529 ἔλεγχον
1371 4459 1467 4528 τῆς
1493 4458 1602 4512 τῶν
1632 4457 1906 4539 ῥηθέντων

2079 4457 2349 4513 Przeterea
2375 4458 2443 4512 ad
2467 4458 2825 4514 absurditatis
2860 4459 3247 4515 refutationem
3285 4461 3452 4514 etiam
3476 4462 3579 4515 hoc

338 4550 563 4614 ἀτοπίας
600 4552 1114 4621 συμπαραλάϐωμεν
1140 4568 1153 4581 ⁸
1184 4552 1318 4621 ὅπερ
1352 4550 1543 4603 οὐδένα
1574 4548 1716 4619 φημὶ
1740 4587 1755 4610 ,
1784 4548 1905 4601 οὐδὲ

2010 4547 2411 4609 adsciscamus,
2443 4547 2588 4616 quod
2625 4547 2922 4613 neminem,
2950 4562 3019 4602 ne
3046 4546 3205 4602 valde
3242 4546 3461 4616 quidem
3497 4546 3578 4600 in-

338 4640 447 4693 τῶν
478 4642 672 4713 κομιδῇ
698 4641 905 4710 νηπίων
929 4642 1033 4695 ὑπὸ
1053 4644 1439 4713 γραμματιστῇ
1458 4641 1552 4695 καὶ
1572 4639 1905 4709 παιδαγωγῷ

340 4731 474 4801 πρὸς
546 4732 644 4802 τὴν
711 4730 1072 4801 ὀνομαστικὴν
1132 4731 1477 4802 τεχνολογίαν
1545 4731 1865 4801 ὲναγόμενον
1888 4772 1902 4792 ,

336 4824 572 4890 ἀγνοεῖν.
615 4823 710 4886 Τίς
739 4822 846 4893 γὰρ
870 4824 970 4876 οὐκ
990 4820 1128 4877 οἶδεν
1158 4824 1239 4876 ὅτι
1268 4823 1374 4877 τῶν
1393 4823 1675 4893 ὀνομάτων
1705 4823 1774 4876 τὰ
1806 4822 1903 4891 μὲν

337 4912 583 4967 ἀπόλυτά
604 4930 661 4966 τε
687 4914 779 4966 καί¹
810 4913 1042 4983 ἄσχετα,
1076 4914 1144 4966 τὰ
1170 4914 1227 4966 δὲ
1254 4912 1388 4983 πρὸς
1412 4929 1533 4965 τινα
1562 4913 1746 4982 σχέσιν
1777 4912 1905 4964 ὠνο-

341 5004 589 5073 μασμένα
612 5004 789 5071 ἐστίν;
822 5003 1009 5055 Αύτῶν
1029 5003 1085 5056 δὲ
1111 5002 1312 5055 τούτων
1343 5002 1504 5055 πάλιν
1525 5002 1674 5055 ἔστιν
1700 5003 1735 5055 ἃ.
1765 5002 1907 5055 κατὰ

337 5098 433 5168 τήν
464 5096 573 5151 τῶν
605 5097 898 5167 χρωμένων
927 5094 1176 5166 βούλησιν
1207 5095 1518 5165 ὲπιρῤεπῶς
1551 5094 1687 5164 πρὸς
1716 5094 1904 5147 ἑκάτε-

342 5209 434 5262 ρον
475 5193 625 5260 ἔχει·
671 5189 708 5243 ἃ
753 5191 839 5258 ἐφ’
891 5189 1098 5243 ἑαυτῶν
1145 5190 1241 5259 μὲν
1279 5189 1544 5258 λεγόμενα
1575 5187 1672 5257 τὴν
1727 5187 1905 5257 ἁπλῆν

338 5284 669 5336 ἐνδείκνυται
701 5282 949 5352 δύναμιν,
994 5282 1386 5352 μετατιθέμενα
1419 5283 1476 5335 δὲ
1511 5281 1769 5345 πολλάκις
1798 5281 1904 5335 τῶν

340 5374 476 5443 πρός
508 5391 560 5425 τι
596 5374 822 5440 γίνεται.
857 5374 965 5425 Καὶ
996 5374 1082 5425 ἵνα
1105 5375 1180 5444 μή
1203 5390 1258 5425 τι
1319 5373 1508 5445 πόρρω
1541 5373 1649 5426 τῶν
1687 5388 1906 5444 προκει-

342 5466 517 5535 μένων
548 5466 906 5535 ύποδείγμασι
933 5466 1213 5535 χρώμενος
1250 5466 1573 5536 ὲπιμηκύνω
1605 5465 1695 5519 τὸν
1724 5466 1900 5533 λόγο..

338 5552 400 5617 ἐξ
442 5554 620 5605 αὐτῶν
653 5554 758 5607 τῶν
790 5555 1094 5624 δογμάτων,
1143 5554 1172 5606 ὃ
1203 5554 1368 5622 λέγω,
1419 5554 1898 5627 σαφηνισθήσεται.

426 5735 486 5791 '0
518 5735 670 5797 Θεὸς,
700 5735 794 5788 καὶ
838 5736 1026 5807 Πατὴρ
1046 5776 1059 5798 ,
1106 5739 1199 5790 καὶ
1242 5738 1489 5808 βασιλεὺς
1516 5738 1729 5807 λέγεται
1755 5778 1768 5801 ,
1810 5740 1904 5791 καὶ

550 5832 822 5895 Parnm.
870 5834 984 5893 Gn.
1024 5833 1202 5894 XLV.

2005 4638 2233 4704 fantem,
2259 4640 2353 4709 qui
2384 4639 2560 4693 adhuc
2587 4654 2617 4692 a
2657 4638 3033 4708 grammaticis
3077 4648 3131 4694 et
3170 4639 3482 4709 paedagogis
3519 4639 3575 4692 in

2007 4730 2290 4785 nominum
2346 4729 2737 4785 discendorum
2791 4737 2908 4784 arte
2961 4737 3276 4791 exercetur,
3320 4730 3578 4797 ignorare

2006 4820 2277 4874 existimo.
2300 4817 2435 4884 Quis
2458 4821 2602 4873 enim
2637 4819 2814 4873 nescit
2848 4817 3128 4872 nominum
3169 4817 3419 4886 quaedam
3454 4832 3578 4871 esse

2011 4911 2287 4974 absoluta,
2335 4918 2390 4963 et
2443 4910 2623 4963 omnis
2688 4916 2977 4978 respectus
3017 4909 3285 4976 expertia,
3327 4908 3576 4976 quaedam

2013 5017 2146 5056 vero
2170 5000 2238 5053 ad
2265 5001 2411 5054 aliud
2447 5001 2727 5069 quidpiam
2758 5010 3071 5069 respectum
3105 4999 3344 5053 habere?
3382 4998 3457 5052 Ex
3488 4999 3574 5054 his

2012 5110 2209 5149 rursus
2243 5092 2504 5147 nonnulla
2534 5094 2907 5157 inveniuntur,
2938 5107 3059 5161 quae
3090 5107 3157 5145 ex
3184 5092 3451 5146 utentium
3488 5106 3579 5145 ar-

2013 5185 2183 5239 bitrio
2234 5186 2302 5239 ad
2355 5185 2675 5239 utrumlibet
2718 5192 2843 5254 apta
2885 5192 3036 5248 sunt,
3087 5200 3211 5253 quae
3250 5184 3579 5254 simpliciter

2011 5278 2221 5346 prolata
2262 5278 2313 5330 vi
2354 5292 2575 5346 quoque
2621 5276 2862 5345 simplici
2898 5284 3192 5337 constant,.
3235 5276 3577 5343 transposita

2010 5382 2142 5421 vero
2171 5367 2371 5437 saepius
2402 5367 2627 5422 relativa
2670 5366 2827 5421 liunt.
2881 5366 2946 5419 Et
2986 5382 3055 5421 ne
3085 5365 3329 5430 aliunde,
3384 5366 3577 5435 procul

2009 5460 2078 5513 ab
2110 5460 2362 5513 instituto
2393 5466 2605 5521 nostro,
2648 5459 2915 5529 exemplis
2946 5460 3229 5513 accersitis
3254 5459 3432 5512 oratio
3456 5458 3578 5509 Ion»

2008 5551 2128 5618 gior
2155 5551 2375 5612 evadat,
2406 5566 2472 5604 ex
2500 5550 2635 5621 ipsis
2665 5550 3034 5621 dogmatibus,
3058 5551 3125 5605 de
3154 5551 3355 5619 quibus
3384 5548 3578 5617 dispu~

2013 5644 2143 5697 latio
2170 5651 2425 5711 suscepta
2455 5650 2559 5704 est,
2591 5642 2642 5696 id
2684 5642 2828 5711 quod
2855 5657 3065 5705 assero,
3091 5644 3311 5712 planum
3356 5640 3575 5709 faciam.

2086 5738 2227 5793 Deus
2263 5742 2372 5790 tam
2406 5734 2563 5790 Pater
2592 5749 2754 5805 quam
2789 5750 2881 5790 rex
2913 5734 3238 5804 appellatur,
3269 5743 3323 5789 et
3350 5746 3579 5789 sexcen-

3101 5828 3173 5889 14
