4146 6370
540 296 645 356 827

1811 309 1868 365 S.
1894 308 2218 366 GREGORII
2246 311 2544 367 NYSSENI

3694 311 3798 370 493

545 414 614 472 tis
653 418 777 475 aliis
812 422 1129 478 nominibus
1158 439 1187 477 a
1226 439 1385 480 sacra
1421 424 1706 496 Scriptura
1735 428 1991 485 allicitur.
2042 430 2118 485 Ex

2241 433 2437 503 ιυρίοις
2468 431 2725 503 ὀνόμασιν
2750 432 2927 495 ἄλλοις
2959 432 3104 503 παρὰ
3139 432 3240 502 τῆς
3264 432 3425 501 ἁγίας
3440 430 3664 504 Γραφῆς
3688 432 3801 484 όνο-

537 511 632 566 his
663 513 828 583 igitur
852 514 1187 579 nominibus,
1217 519 1466 586 quaedam
1493 520 1745 575 absolute
1774 530 1829 575 et
1854 522 1975 577 sine
2003 524 2118 576 ullo

548 605 618 657 ad
660 606 809 660 aliud
840 616 1112 676 respectu,
1142 610 1392 664 solitarie
1439 618 1494 665 et
1539 627 1633 681 per
1655 628 1719 668 se
1754 629 2021 683 usurpare
2056 615 2123 667 li-

549 697 854 766 cet,qnalia
887 710 1014 753 sunt
1032 700 1447 769 incorruptibilis
1473 701 1536 767 “,
1557 715 1785 757 wternu;
1804 705 1871 769 “,
1900 706 2121 757 immor-

554 787 676 840 talis
696 788 761 850 “,
812 790 947 844 etsi
997 807 1118 859 qua:
1165 792 1269 845 alia
1319 802 1449 847 sunt
1509 795 1675 861 hujus
1727 796 1924 850 classis
1963 816 1975 850 :
2010 798 2124 851 hac

553 879 721 941 enim,
754 878 879 933 licet
905 881 1041 935 nihil
1077 883 1224 936 aliud
1273 886 1658 951 subaudiatur,
1700 888 2002 954 perfectum
2058 890 2125 942 de

554 967 665 1023 Deo
703 980 1025 1041 conceptum
1060 973 1405 1043 ingenerant.
1462 977 1583 1030 Alia
1631 994 1762 1032 vero
1792 980 2015 1032 nomina
2072 979 2124 1033 id

557 1062 755 1126 solum,
789 1064 934 1131 quod
966 1064 1032 1117 ad
1082 1066 1289 1136 aliquid
1346 1068 1479 1120 utile
1512 1077 1618 1134 est,
1671 1069 2004 1139 signiﬁcant,
2066 1080 2122 1125 ut

548 1160 641 1206 est
693 1153 994 1218 adiutor",
1045 1167 1407 1225 propugnator
1426 1160 1493 1220 ",
1534 1160 1891 1228 susceptor“,
1944 1170 1997 1215 et
2026 1176 2129 1215 cae-

548 1248 673 1292 tera
701 1239 864 1309 hujus
912 1246 1148 1312 generis.
1203 1244 1354 1301 Tolle
1397 1248 1541 1301 enim
1574 1264 1721 1311 eum,
1774 1250 1867 1318 qui
1923 1250 2130 1305 auxilio

559 1341 751 1398 egeat,
802 1333 914 1402 jam
958 1335 1135 1391 otiosa
1181 1339 1286 1391 erit
1340 1338 1426 1392 his
1488 1341 1769 1395 vocabulis
1828 1342 2131 1410 signiﬁcata

565 1421 761 1476 virtus.
792 1424 931 1478 Sunt
971 1434 1150 1479 autem
1203 1429 1449 1496 quantam
1502 1431 1802 1493 vocabula,
1862 1440 1919 1484 ut
1969 1441 2132 1486 antea

563 1511 774 1574 dixi,ct
814 1513 1062 1569 absolute
1086 1524 1139 1569 et
1178 1518 1348 1570 relate
1398 1519 1650 1587 usurpari
1713 1522 1898 1582 solita,
1950 1533 2008 1577 ut
2048 1531 2131 1577 est

564 1600 727 1664 Deus,
762 1601 925 1656 bonus
943 1604 1011 1667 ”,
1070 1612 1124 1659 et
1149 1605 1345 1659 similia
1372 1624 1386 1671 ;
1417 1622 1524 1660 non
1554 1609 1701 1663 enim
1734 1626 1952 1680 semper
1991 1621 2047 1666 et
2075 1614 2132 1665 in

562 1692 820 1747 omnibus
859 1710 1014 1748 mens
1050 1695 1103 1748 in
1142 1697 1395 1752 absoluto
1424 1708 1612 1754 manet
1655 1718 1668 1755 :
1706 1718 1831 1755 nam
1876 1704 1970 1773 qui
2013 1706 2136 1758 uni-

553 1797 848 1837 'vcrsorum
877 1783 1021 1841 Deus
1047 1794 1151 1851 est,
1192 1803 1335 1857 saepe
1375 1792 1629 1859 proprius
1668 1791 1813 1861 ejus,
1850 1794 1945 1862 qui
1984 1795 2135 1848 invo-

556 1884 674 1935 cat,
698 1873 1128 1944 ellicitur,prout
1159 1880 1337 1933 sancti
1365 1896 1468 1935 nos
1502 1881 1720 1944 docent,
1749 1884 1844 1951 qui
1880 1894 2133 1939 naturam

567 1964 770 2018 nullius
817 1965 1060 2020 dominio
1110 1967 1412 2037 subjectam
1448 1972 1645 2025 crebro
1704 1973 1807 2027 sibi
1848 1975 2129 2043 propriam

557 2055 1079 2112 ’t'aciant:Sanclus
1134 2058 1392 2113 Dominus
1449 2061 1608 2115 Deus.
1661 2063 1787 2117 llaec
1851 2066 2137 2135 hucusque

568 2148 819 2201 absoluta
848 2156 1012 2216 sunt;
1048 2151 1143 2204 sed
1168 2153 1262 2221 qui
1294 2153 1564 2225 adjungit,
1599 2164 1795 2220 noster,
1833 2157 1924 2211 ille
1970 2172 2137 2212 causa

565 2249 671 2307 est,
716 2255 822 2294 cur
865 2241 974 2296 hoc
1017 2257 1216 2296 nomen
1250 2257 1359 2296 non
1405 2246 1582 2313 possit
1617 2246 1853 2315 amplius
1888 2247 2140 2301 absolute

566 2342 622 2387 et
671 2333 791 2387 sine
830 2332 1101 2389 relatione
1143 2334 1351 2405 accipi;
1406 2336 1535 2405 quia
1592 2336 1914 2391 habitudine
1962 2336 2032 2390 ad
2081 2353 2141 2391 se

568 2427 935 2497 signiﬁcatum
973 2428 1077 2483 sibi
1111 2432 1391 2498 proprium
1421 2430 1680 2484 reddidit.
1729 2430 1935 2483 lterum
1974 2429 2142 2499 Spiri-

568 2523 712 2576 ritus
743 2522 945 2575 clamat
977 2540 991 2577 :
1022 2521 1173 2575 Abba
1196 2519 1352 2577 Pater
1375 2525 1444 2577 δι.
1495 2522 1621 2577 llaec
1652 2538 1755 2576 vox
1788 2521 1973 2576 Patris
2017 2538 2143 2593 par-

569 2613 789 2668 ticulari
828 2614 1010 2683 aliqua
1043 2614 1365 2670 habitudine
1396 2624 1566 2669 caret.
1593 2613 1701 2669 Sed
1733 2629 1856 2668 cum
1897 2625 2137 2667 nostrum

569 2706 663 2778 qui
699 2714 783 2760 est
832 2706 887 2758 in
940 2706 1119 2771 caelis,
1168 2707 1498 2776 compellare
1529 2706 1876 2775 jubemur”,
1937 2722 2136 2761 rursus

570 2796 905 2866 signiﬁcatio
972 2796 1352 2851 habitudinem
1408 2797 1608 2855 induit.
1662 2796 2141 2864 Quemadmodum

571 2888 760 2959 igitur,
790 2889 884 2958 qui
920 2889 1305 2942 universorum
1348 2887 1517 2942 Deum
1559 2890 1668 2944 sibi
1708 2891 1990 2960 proprium
2030 2890 2145 2945 elli-

570 2984 668 3046 cit,
720 2981 858 3035 nihil
900 2981 1121 3050 penitus
1156 2980 1224 3035 de
1266 2980 1385 3048 ejus
1429 2982 1483 3033 in
1518 2997 1607 3036 res
1651 2997 1844 3036 omnes
1871 2990 2146 3053 potestate

571 3071 809 3126 detrahit
844 3088 857 3124 :
892 3072 971 3125 sic
1007 3071 1143 3124 nihil
1185 3071 1391 3133 obstat,
1422 3071 1659 3136 Patrem,
1685 3082 1739 3127 et
1769 3090 1893 3127 cum
1931 3075 2026 3143 qui
2058 3084 2142 3127 est

572 3181 637 3218 ex
669 3166 812 3234 ipso,
840 3163 1023 3218 omnis
1051 3164 1313 3216 nimirum
1359 3172 1630 3217 creaturae
1695 3164 2139 3234 primogenitum,

572 3265 968 3325 repracsentare
1008 3254 1186 3308 Patris
1230 3254 1619 3324 appellatione,
1675 3256 1840 3307 etiam
1899 3254 2020 3308 Filii
2075 3272 2142 3309 ex

574 3348 697 3418 ipso
731 3346 1141 3416 generationem
1199 3346 1565 3414 signiticaute,
1623 3352 1677 3398 et
1724 3344 1858 3399 illud
1919 3345 2147 3415 insuper

574 3439 767 3493 eadem
811 3452 944 3490 voce
967 3436 1259 3501 declarari,
1317 3433 1540 3490 Patrem
1573 3450 1602 3488 a
1658 3436 1807 3488 nulla
1858 3437 2147 3505 superiore

568 3545 741 3584 causa
774 3544 920 3582 esse.
981 3524 1118 3581 Nam
1153 3526 1246 3595 qui
1280 3526 1516 3596 primum
1557 3525 1773 3581 Patrem
1796 3530 2064 3591 imminut,
2100 3528 2147 3582 is

570 3635 699 3675 eum
736 3622 829 3689 qui
862 3625 991 3672 ante
1026 3618 1214 3673 omnia
1245 3620 1520 3686 cogitatur
1559 3626 1614 3671 et
1649 3617 1994 3688 intelligitur,
2042 3635 2144 3673 no-

579 3710 770 3773 minat,
804 3710 943 3763 ultra
974 3724 1134 3778 quem
1164 3709 1310 3777 quod
1342 3719 1444 3771 est,
1476 3708 1568 3762 ille
1602 3710 1719 3777 ipse
1752 3718 1857 3772 est,
1906 3727 2012 3764 non
2050 3712 2148 3764 ha-

582 3805 717 3857 bens
750 3803 896 3873 quod
937 3812 1064 3857 ante
1097 3817 1157 3856 se
1196 3802 1399 3865 videat,
1446 3803 1535 3855 cui
1576 3803 1762 3857 nullus
1797 3813 1920 3872 post
1949 3820 2008 3858 se
2034 3814 2146 3859 ter-

578 3898 785 3957 minus,
813 3896 865 3949 in
899 3911 1057 3964 quem
1087 3894 1325 3955 desinat,
1357 3893 1452 3948 sed
1474 3896 1834 3965 undequaque
1865 3898 2147 3966 aequaliter

2226 526 2475 596 μάζεται.
2517 526 2672 578 Ἔστι
2714 526 2892 578 τοίνυν
2925 527 2988 578 ἐκ
3015 525 3123 578 τῶν
3156 526 3436 595 ὀνομάτων
3473 526 3699 590 τούτων,
3735 525 3798 578 τὸ

2226 616 2324 685 μὲν
2350 614 2536 678 ἁπλῶς
2568 616 2738 677 οὕτως
2779 616 2861 684 ἐφ’
2887 614 3080 668 ἑαυτοῦ
3114 616 3481 685 μεμνημένον,
3514 614 3800 675 ἀπολύτους

2223 709 2413 772 εἰπεῖν,
2458 704 2588 768 οἷον,
2627 707 2944 776 ἄφθαρτος,
2979 706 3235 772 αἰώνιος,
3269 707 3588 773 ἀθάνατος,
3627 707 3721 760 καὶ
3752 706 3806 759 εῐ

2224 817 2274 852 τι
2302 799 2427 851 ἄλλο
2456 799 2712 852 τοιοῦτον.
2749 798 2929 851 Ταῦτα
2957 798 3064 870 γὰρ
3088 840 3103 863 ,
3137 797 3238 852 κᾶν
3266 799 3428 869 μηδὲν
3459 798 3644 868 ἕτερον
3678 816 3803 851 συν-

2227 892 2565 959 υπακούηται
2611 892 2827 961 νόημα,
2885 891 3302 961 ἀπηρτισμένην
3346 890 3465 943 τινὰ
3507 891 3636 961 περὶ
3668 889 3801 943 Θεοῦ

2226 979 2323 1049 τὴν
2355 979 2590 1032 διάνοιαν
2622 982 2678 1033 ἐν
2709 982 2919 1044 ἑαυτοῖς
2968 982 3317 1051 περιγράφει.
3351 982 3555 1051 ’Ἕτερα
3602 981 3658 1032 δὲ
3690 979 3801 1033 τῶν

2228 1071 2504 1142 ὀνομάτων
2547 1072 2607 1125 τὸ
2654 1073 2790 1143 πρός
2822 1090 2874 1124 τι
2909 1074 3176 1143 χρήσιμον
3209 1073 3576 1141 ἀποσημαίνει
3621 1071 3802 1141 μόνον,

2230 1159 2304 1221 ὡς
2328 1159 2578 1226 βοηθὸς,
2616 1162 2709 1213 καὶ
2748 1160 3223 1228 ὑπερασπιστὴς,
3270 1162 3362 1214 καὶ
3406 1160 3803 1228 ἀντιλήπτωρ,

2231 1249 2325 1301 καὶ
2353 1250 2450 1301 ὅσα
2480 1250 2576 1318 τῆς
2624 1249 2877 1318 τοιαύτης
2907 1250 3180 1318 σημασίας
3225 1249 3534 1319 εὑρίσκεται
3561 1264 3573 1279 ⁶
3607 1242 3682 1303 ὧν
3711 1248 3806 1301 ὲάν

2233 1341 2435 1412 ὑφέλῃς
2460 1341 2521 1393 τὸ
2550 1343 2648 1411 τῆς
2681 1340 2928 1410 βοηθείας
2960 1341 3230 1411 δεόμενον,
3261 1342 3504 1411 ἧργησεν
3529 1342 3561 1410 ἡ
3593 1341 3799 1410 ἐμφαι-

2234 1432 2432 1502 νομένη
2466 1432 2545 1503 τῷ
2590 1432 2812 1501 ὀνόματι
2859 1430 3107 1502 δύναμις.
3140 1432 3296 1484 Ἔστι
3340 1432 3395 1483 δέ
3427 1447 3548 1483 τινα
3577 1473 3591 1495 ,
3622 1428 3806 1495 καθὼς

2235 1523 2592 1596 προείρηται,
2623 1524 2716 1576 καὶ
2747 1524 2831 1590 ἐφ’
2859 1522 3066 1574 ἑαυτῶν
3106 1524 3199 1576 καὶ
3244 1522 3382 1592 μετά
3426 1521 3535 1575 τῶν
3574 1522 3712 1591 πρός
3754 1539 3807 1573 τι

2235 1609 2520 1679 λεγόμενα,
2563 1604 2674 1662 οἷον
2707 1610 2786 1671 τὸ,
2836 1608 2982 1673 Θεὸς
3002 1650 3016 1673 ,
3052 1612 3143 1662 καὶ
3174 1610 3267 1673 τὸ,
3297 1611 3537 1680 ἀγαθὸς,
3568 1613 3661 1665 καὶ
3708 1612 3810 1663 ὅσα

2235 1699 2475 1753 τοιαῦτα.
2506 1699 2581 1753 Οὐ
2607 1700 2715 1771 γὰρ
2749 1699 2907 1771 μέχρι
2934 1700 3131 1763 παντὸς
3151 1702 3207 1753 ὲν
3231 1700 3308 1769 τῷ
3334 1700 3583 1771 ἀπολύτῳ
3604 1700 3808 1754 τούτων

2166 1780 2208 1834 Β
2238 1790 2481 1859 διαμένει
2532 1791 2565 1860 ή
2614 1788 2810 1843 ἔννοια.
2862 1791 2919 1842 Ὀ
2951 1791 3059 1860 γάρ
3095 1791 3322 1843 καθόλου
3355 1790 3486 1853 Θεὸς
3506 1833 3520 1858 ,
3557 1792 3685 1855 ἴδιος
3714 1792 3809 1845 τοῦ

2236 1882 2665 1951 ἐπικαλουμένου
2707 1881 2967 1944 πολλάκις
3017 1883 3267 1950 γίνεται,
3316 1883 3502 1948 καθὼς
3541 1884 3657 1937 ἔστι
3699 1884 3810 1936 τῶν

2236 1974 2406 2041 ἁγίων
2436 1972 2674 2034 ἀκούειν,
2712 1974 2961 2027 ίδιοποιου
2971 1976 3145 2046 μένων
3166 1975 3264 2047 τὴν
3289 1976 3585 2029 ἀδέσποτον
3611 1975 3769 2045 φύσιν
3790 1993 3804 2005 ·

2240 2065 2441 2132 ’Ἄγιος
2470 2065 2684 2131 Κύριος
2730 2068 2762 2117 ό
2809 2067 2972 2131 Θεός.
3010 2067 3151 2127 Ἕως
3178 2067 3365 2119 τούτου
3396 2067 3621 2137 ἄσχετον
3646 2083 3659 2095 ·
3696 2066 3809 2120 ἀλλ’

2236 2157 2264 2208 ὁ
2314 2155 2571 2224 προσθεὶς
2623 2156 2702 2218 τὸ,
2742 2157 2929 2227 ἡμῶν,
2978 2159 3162 2211 οὐκέτι
3216 2158 3414 2212 ἔδωκεν
3470 2160 3553 2228 ἐφ’
3612 2158 3810 2212 ἑαυτοῦ

2239 2245 2472 2300 νοεῖσθαι
2504 2247 2565 2300 τὸ
2590 2246 2779 2320 ὄνομα,
2814 2251 2879 2319 τῇ
2921 2249 3056 2320 πρὸς
3088 2250 3277 2302 ἑαυτὸν
3309 2251 3490 2320 σχέσει
3527 2250 3587 2303 τὸ
3614 2266 3814 2321 σημαι-

2239 2337 2460 2406 νόμενον
2489 2337 2770 2401 οίκειώσας
2789 2357 2801 2369 θ
2822 2339 3002 2404 πάλιν,
3020 2339 3193 2395 Ἀϐὅᾶ
3216 2343 3249 2393 ὁ
3270 2340 3494 2409 Πατὴρ,
3509 2341 3569 2393 τὸ
3589 2339 3815 2410 Πνεῦμα

2242 2428 2375 2499 βοᾷ·
2429 2428 2568 2500 αὕτη
2619 2432 2652 2501 ἠ
2702 2430 2802 2499 τῆς
2858 2434 3088 2502 μερικῆς
3135 2431 3374 2501 σχέσεως
3422 2431 3805 2501 ἀπολελυμένη

2242 2522 2413 2593 φωνή.
2460 2522 2618 2575 Ἀλλά
2647 2523 2742 2575 καὶ
2772 2522 2989 2594 Πατέρα
3018 2522 3187 2592 ’ἡμῶν
3224 2523 3313 2576 τὸν
3358 2523 3576 2593 Πατέρα
3616 2522 3708 2575 τὸν
3756 2524 3814 2575 ὲν

2239 2616 2352 2676 τοῖς
2379 2614 2627 2683 οὐρανοῖς
2665 2613 2848 2667 καλεῖν
2905 2615 3353 2686 προσετάχθημεν
3373 2633 3386 2647 ·
3416 2615 3553 2685 αὓτη
3590 2616 3748 2670 πάλιν
3778 2619 3814 2687 η

2244 2702 2463 2773 σχετικὴ
2500 2704 2757 2774 σημασία.
2817 2704 3026 2772 Ὥσπερ
3065 2704 3243 2757 τοίνυν
3275 2705 3364 2758 τὸν
3410 2705 3638 2757 καθόλου
3682 2705 3815 2757 Θεὸν

2242 2799 2433 2853 ἑαυτοῦ
2456 2816 2539 2862 τις
2572 2799 2955 2869 ποιησάμενος,
2981 2799 3132 2852 οὐδὲν
3155 2799 3254 2868 τὴν
3286 2800 3376 2852 ἐπὶ
3405 2799 3623 2853 πάντων
3653 2798 3812 2864 ἀξίαν

2242 2893 2598 2964 ἠμαύρωσεν·
2629 2893 2799 2957 οὕτως
2824 2893 2975 2946 οὐδέν
3007 2894 3126 2945 ἐστι
3160 2892 3409 2963 κώλυμα,
3444 2892 3533 2945 τὸν
3567 2892 3810 2962 Πατέρα,

2243 2986 2337 3039 καὶ
2377 2986 2467 3039 τὸν
2496 2986 2555 3050 ἐξ
2599 2985 2782 3049 αὐτοῦ,
2844 2986 2933 3038 τὸν
2972 2984 3153 3055 πάσης
3198 2986 3431 3047 κτίσεως
3473 2984 3816 3054 πρωτότοκον

2199 3125 2215 3143 ,
2249 3079 2621 3143 ἀναδείξαντα,
2657 3078 2792 3150 ὁμοῦ
2818 3077 2897 3149 τῷ
2928 3078 3307 3147 γεγεννηκέναι
3329 3077 3419 3129 τὸν
3456 3076 3581 3129 Υίὸν
3605 3076 3692 3129 διὰ
3718 3076 3817 3145 τῆς

2248 3170 2339 3223 τοῦ
2378 3171 2589 3241 Harpe;
2647 3171 3013 3240 προσηγορίας
3069 3169 3370 3237 σημαίνειν,
3414 3167 3508 3221 καὶ
3553 3167 3613 3219 τὸ
3652 3165 3725 3237 μὴ
3760 3168 3818 3230 ἐξ

2248 3265 2423 3327 αἰτίας
2453 3264 2849 3334 ὑπερκειμένης
2873 3260 3010 3315 εἶναι
3042 3263 3129 3316 διὰ
3168 3262 3267 3331 τῆς
3295 3262 3467 3331 αὐτῆς
3494 3259 3817 3332 ἑρμηνεύειν

2249 3355 2450 3424 φωνῆς.
2499 3356 2556 3406 '0
2598 3354 2706 3424 γὰρ
2736 3355 2826 3408 τὸν
2869 3355 3084 3424 πρῶτον
3117 3354 3334 3424 Πατέρα
3376 3352 3565 3415 εἰπὼν,
3607 3353 3697 3405 τὸν
3723 3350 3815 3404 τοῦ

2252 3447 2449 3508 παντὸς
2488 3447 2968 3517 προεπινοούμενον
3000 3445 3313 3511 ἐνεδείξατο.
3349 3439 3515 3506 Οὗτος
3543 3443 3815 3505 ἐπέκεινα,

2251 3531 2402 3601 οὗτος
2436 3539 2637 3601 ἐκεῖνός
2683 3541 2847 3603 ἐστιν,
2884 3539 2984 3592 οὐκ
3021 3538 3158 3608 ἔχων
3190 3538 3217 3589 ὃ
3247 3554 3298 3589 τι
3333 3536 3437 3605 πρὸ
3484 3535 3672 3589 ἑαυτοῦ
3710 3535 3814 3605 ἴδῃ.

2253 3628 2374 3680 οὐδὲ
2426 3630 2506 3691 είς
2544 3630 2572 3682 ὅ
2610 3647 2662 3682 τι
2712 3630 2884 3700 πέρας
2932 3630 3049 3699 μεθ’
3086 3628 3275 3681 ἑαυτὸν
3317 3628 3627 3699 καταλήξῃο
3684 3624 3818 3678 ἁλλά

2256 3720 2594 3789 πανταχόθεν
2622 3722 2817 3790 ἐπίσης
2841 3721 2927 3774 ἀεὶ
2954 3719 3049 3781 ὢν,
3096 3722 3191 3774 καὶ
3216 3719 3402 3783 τέλους
3424 3720 3567 3789 ὅρον,
3593 3717 3685 3770 καὶ
3717 3717 3817 3786 ἀρ·-

2254 3811 2354 3879 χῆς
2403 3809 2609 3863 ἔννοιαν
2639 3813 2704 3881 τῇ
2740 3810 2961 3881 ἀπειρίᾳ
2992 3813 3090 3881 τῆς
3124 3811 3266 3879 ζωῆς
3311 3809 3622 3871 διαϐαίνων,
3670 3808 3818 3876 πάσῃ

2253 3903 2591 3973 προσηγορίᾳ
2620 3904 3118 3973 συνυπακουόμενον
3145 3902 3254 3973 ἔχει
3278 3902 3370 3954 καὶ
3392 3901 3450 3954 τὸ
3474 3901 3658 3954 ἀΐδιον.

580 4006 795 4059 semper
819 3999 921 4055 est,
958 4004 1172 4044 omnem
1208 3989 1330 4045 ﬁnis
1359 3997 1558 4042 metam
1593 3997 1647 4044 et
1676 3990 1815 4043 initii
1853 3993 2543 4061 cogitationcminﬁnitate
2577 4013 2675 4053 sua
2718 3998 3135 4063 transcendens,
3161 4005 3346 4067 utpote
3372 3996 3464 4067 qui
3495 4008 3819 4066 quocunque

580 4089 805 4142 nomine
835 4087 1165 4155 appelletur,
1197 4100 1413 4154 semper
1440 4086 1802 4142 teter-nitatem
1834 4089 1999 4143 tacite
2027 4091 2287 4145 itu-ludat.

655 4178 758 4233 Sed
798 4179 937 4232 lianc
981 4182 1250 4246 vulgatam
1280 4176 1588 4231 doctrinam
1632 4192 1741 4231 non
1773 4179 1919 4248 capit
1966 4179 2150 4233 Euno-

584 4272 748 4332 mius,
806 4270 899 4338 qui
931 4286 989 4324 se
1020 4269 1248 4322 multum
1294 4269 1929 4339 incomprehensibilium
1967 4286 2150 4325 rerum

583 4364 1044 4435 contemplatione
1067 4372 1318 4432 occupat,
1372 4378 1483 4417 nec
1538 4362 1824 4432 cognoscit
1878 4362 2150 4430 geminam

578 4460 640 4516 in
697 4457 874 4512 Patris
946 4457 1314 4527 appellatione
1366 4455 1850 4524 signiﬁcationem,
1918 4468 2151 4521 quarum

585 4554 755 4603 altera
789 4549 1096 4612 est,omnia
1123 4563 1187 4601 ex
1222 4547 1341 4616 ipso
1371 4561 1518 4609 esse,
1578 4556 1631 4600 et
1684 4552 1812 4599 ante
1844 4545 2029 4599 omnia
2062 4542 2152 4597 Fi-

585 4644 716 4697 limn
748 4643 1107 4711 unigenitum,
1147 4656 1242 4709 per
1272 4654 1432 4708 quem
1479 4638 1621 4691 facta
1657 4645 1787 4691 sunt
1828 4639 2045 4701 omnia;
2077 4636 2157 4688 al-

587 4743 704 4788 tera
729 4743 834 4797 est,
889 4732 1105 4787 Patrem
1150 4731 1359 4784 nullam
1421 4744 1480 4784 se
1528 4731 1867 4799 superiorem
1926 4742 2155 4781 causam

586 4826 808 4880 habere.
845 4826 912 4876 At
952 4824 1080 4877 licet
1132 4823 1251 4890 ipse
1300 4823 1443 4875 hanc
1492 4821 1800 4875 doctrinam
1858 4826 2152 4888 conspuat,

590 4930 713 4975 nos,
743 4920 1058 4980 contempto
1086 4910 1206 4980 ejus
1236 4910 1351 4964 risu
1386 4910 1699 4979 spretisque
1738 4908 1995 4962 omnibus
2030 4923 2160 4962 san-

590 5006 699 5067 nis,
735 5004 961 5059 ﬁdenter
988 5002 1063 5065 id,
1105 5002 1250 5071 quod
1275 5001 1388 5068 jam
1420 5015 1451 5054 a
1489 5001 1647 5056 nobis
1678 4999 1887 5053 dictum
1912 5009 2018 5063 est,
2058 5016 2148 5054 re-

594 5096 925 5166 spondemus
962 5114 975 5149 :
1010 5108 1223 5159 nempe,
1292 5090 1507 5147 Patrem
1581 5102 1636 5148 et
1672 5093 1972 5162 ingenitum
2015 5092 2160 5146 idem

594 5203 737 5251 esse,
771 5195 825 5240 et
871 5186 1014 5256 quod
1045 5184 1244 5240 Filium
1276 5185 1551 5256 genuerit,
1609 5183 1866 5253 quodque
1894 5199 1959 5238 ex
2006 5183 2159 5237 nullo

595 5281 669 5335 sit
699 5280 1027 5349 signiﬁcare.

666 5371 865 5426 Verum
924 5371 1035 5433 ille,
1086 5371 1385 5425 certamine
1434 5370 1666 5438 repetito
1706 5375 1760 5421 et
1811 5366 2059 5421 oratione
2106 5367 2160 5420 in

591 5463 928 5517 contrarium
967 5476 1250 5526 conversa,
1285 5461 1359 5514 ita
1385 5460 1537 5515 inﬁt:
1565 5458 1623 5514 Si
1651 5457 1809 5523 Deus,
1845 5458 1932 5528 qui
1964 5457 2162 5510 Filium

590 5555 808 5624 genuit,
856 5551 1007 5606 Patet
1072 5562 1170 5616 est,
1216 5562 1264 5605 et
1309 5567 1374 5605 ea:
1429 5550 1606 5605 eodem
1653 5550 1813 5601 etiam
1865 5550 2163 5618 signiﬁcato

2341 4184 2477 4237 Ἀλλ’
2505 4186 2565 4237 οὐ
2594 4184 2807 4255 δέχεται
2841 4185 2930 4238 τὸν
2966 4185 3271 4254 ίδιωτισμὸν
3299 4184 3484 4237 τοῦτον
3508 4185 3535 4235 ό
3566 4181 3730 4245 πολὺς
3763 4182 3820 4233 ὲν

2256 4278 2375 4338 ταῖς
2407 4277 2512 4328 τῶν
2546 4276 2803 4346 ἀλήπτων
2834 4275 3086 4346 θεωρίαις
3129 4276 3421 4345 Εὐνόμιος·
3452 4274 3571 4327 οὐδὲ
3600 4270 3820 4325 διπλοῦν

2258 4372 2349 4423 ἐπὶ
2382 4370 2475 4423 τοῦ
2522 4370 2731 4441 Πατρὸς
2761 4365 2899 4422 εἶναι
2941 4368 3001 4421 τὸ
3050 4367 3447 4437 σημαινόμενον
3485 4364 3688 4417 τίθεται
3715 4381 3729 4395 ·
3764 4362 3821 4415 ἓν

2263 4462 2359 4531 μὲν
2389 4460 2450 4512 τὺ
2472 4501 2486 4524 ,
2518 4460 2575 4526 ἐξ
2609 4459 2818 4511 ἐκείνου
2846 4457 2915 4510 τὰ
2959 4458 3137 4511 πάντα
3160 4497 3174 4520 ,
3214 4456 3309 4508 καὶ
3335 4454 3440 4525 πρὸ
3488 4454 3703 4507 πάντων
3730 4452 3821 4505 τὸν

2261 4551 2386 4603 Υίὸν
2432 4550 2728 4621 μονογενῆ,
2758 4549 2823 4601 δι’
2863 4541 2923 4600 οὗ
2956 4547 3024 4600 τὰ
3059 4548 3265 4610 πάντα,
3295 4542 3678 4615 σημαίνεσθαι·
3708 4542 3823 4593 ἓτε-

2263 4661 2353 4712 ρον
2387 4643 2443 4695 δὲ
2467 4643 2527 4694 τὸ
2559 4641 2823 4711 μηδεμίαν
2849 4640 3007 4693 αὑτὸν
3030 4637 3427 4710 ὑπερκειμένην
3455 4634 3631 4689 αἰτίαν
3658 4632 3819 4703 ἔχειν.

2272 4735 2431 4787 Ἀλλὰ
2471 4734 2571 4787 κᾶν
2617 4737 2819 4796 ἐκεῖνος
2863 4732 3107 4785 διαπτύει
3150 4731 3240 4783 τὸν
3284 4730 3459 4796 λόγον,
3497 4728 3652 4797 ἡμεῖς
3693 4723 3822 4794 παρ’

2260 4826 2409 4881 οὐδὲν
2447 4828 2536 4879 τὸν
2562 4825 2772 4894 γέλωτα
2802 4824 2891 4876 τὸν
2917 4822 3265 4894 χλευαστικὸν
3296 4818 3670 4889 ποιησάμενοι,
3695 4815 3825 4885 θαρ-

2264 4918 2480 4989 ροῦντες
2510 4914 2965 4988 ἀποκρινούμεθα,
2987 4914 3120 4983 ὅπερ
3156 4912 3455 4981 εἰρήκαμεν
3478 4909 3601 4980 ἠδη,
3630 4909 3711 4960 ὃτι
3732 4906 3825 4958 καὶ

2260 5008 2455 5061 ταύτόν
2508 5009 2653 5059 ἐστιν
2685 5009 2713 5059 ό
2743 5006 2927 5076 Πατὴρ
2969 5005 3045 5074 τῷ
3082 5004 3381 5072 ἁγεννήτῳ,
3421 5001 3514 5053 καὶ
3544 4999 3605 5051 τὸ
3636 5015 3825 5067 γεγεν-

2262 5101 2484 5171 νηκέναι
2534 5099 2624 5153 τὸν
2664 5100 2784 5152 ram
2834 5098 3106 5168 σημαίνει,
3138 5096 3231 5148 καὶ
3261 5095 3321 5147 τὸ
3353 5092 3413 5156 ἐξ
3440 5090 3650 5154 οὐδενὸς
3689 5087 3827 5145 εἶναι

2266 5193 2615 5264 παρίστησιν.

2350 5365 2408 5417 '0
2432 5363 2488 5416 δὲ
2514 5365 2605 5417 καὶ
2630 5360 3019 5430 ἐπαγωνίζεται
3048 5362 3158 5421 τοῖς
3184 5357 3513 5429 εἰρημένοις,
3555 5354 3648 5408 καί
3675 5371 3828 5425 φησι.

2270 5457 2363 5509 καὶ
2398 5457 2576 5525 μέντοι
2609 5456 2703 5508 καὶ
2732 5454 2867 5524 πρὸς
2900 5450 3204 5505 τούναντίον
3232 5448 3572 5518 ἀντιστρέφει
3606 5446 3765 5499 πάλιν
3805 5448 3833 5497 ὁ

2270 5544 2425 5612 λόγος
2440 5562 2451 5573 ·
2478 5543 2545 5597 El
2566 5542 2673 5612 γὰρ
2697 5541 2795 5595 διὰ
2813 5541 2877 5595 τὸ
2907 5538 3323 5609 γεγεννηκέναι
3349 5537 3456 5591 τόν
3485 5534 3617 5589 Flor
3641 5536 3673 5587 ό
3692 5537 3833 5597 Θεὸς

667 5670 713 5701 ⁸⁵
753 5669 907 5723 Rom.
957 5686 972 5722 ι
1038 5667 1127 5723 25.
1205 5666 1252 5697 ⁸⁵
1293 5665 1448 5717 Rom.
1505 5682 1590 5712 η·
1618 5708 1631 5732 ,
1669 5662 1761 5717 96.
1793 5663 1838 5693 “
1875 5664 1895 5716 ι
1936 5663 2071 5715 Tim.
2131 5680 2143 5715 ι

2245 5660 2378 5732 1”"
2419 5659 2562 5715 Psai.
2610 5676 2685 5732 ιιι,
2714 5659 2803 5715 20.
2881 5657 3049 5713 “lsa.
3096 5670 3249 5723 unt,
3288 5657 3339 5709 l.
3415 5654 3460 5687 δ’
3500 5652 3643 5709 Psal.
3674 5650 3832 5718 m,&.

599 5739 645 5771 ⁸⁸
668 5739 856 5795 Matth.
896 5754 1009 5803 xix,
1052 5739 1155 5805 to;
1197 5735 1332 5791 Mar.
1372 5734 1453 5799 10,
1498 5735 1584 5788 15.
1619 5729 1627 5732 ’
1659 5735 1701 5766 ⁵¹
1736 5733 1890 5787 Rom.
1924 5748 2040 5795 un,
2073 5733 2135 5788 li-

2247 5734 2267 5764 ³
2302 5729 2491 5787 Matth.
2526 5745 2600 5798 νι,
2633 5730 2686 5786 9.
3770 5752 3773 5753 ν
