4146 6370
340 320 451 379 829

1486 329 1765 386 CONTRA
1808 332 2194 398 EUNOMIUM,
2235 333 2365 388 LIB.
2406 334 2444 390 Ι.

3489 330 3596 389 430

339 441 468 493 ἐστι
498 442 719 510 Πατὴρ.
753 444 850 495 καὶ
890 444 1110 497 ταύτὸν
1135 444 1202 497 δὲ
1238 449 1684 518 σημαινόμενον
1712 451 1910 520 Πατήρ

2026 452 2179 505 Pater
2224 453 2484 523 ingenitus
2516 460 2617 512 est,
2670 452 2901 521 sequitur
2933 448 3098 504 Deum
3130 467 3239 503 esse
3283 450 3594 519 ingenitum,

339 532 513 585 ἐστιν
550 534 647 586 καὶ
696 534 1045 604 ἀγέννητυς,
1095 536 1192 590 διὰ
1228 538 1294 590 τό
1345 542 1765 609 γεγεννιικέιάι
1810 544 1917 595 τὸν

342 623 494 687 Flor,
534 627 568 678 ό
604 626 748 691 Θεός
776 626 947 679 ἐστιν
977 628 1325 696 ἀγέννητος.
1356 631 1582 702 Ἰδωμεν
1611 632 1788 685 τοίνυν
1822 634 1917 687 καὶ

340 710 432 761 τον
458 711 558 780 τῆς
588 712 932 783 ἀναστροφῆς
962 713 1126 766 αὐτοῦ
1161 715 1337 783 λόγον,
1378 717 1495 780 πῶς
1528 718 1664 789 πρὸς
1698 721 1918 772 τούναν-

342 802 455 854 τίον
476 802 722 856 ἀναλύων
750 804 849 876 τὴν
873 804 968 857 τοῦ
998 808 1261 878 προτέρου
1288 810 1620 880 σοφίσματος
1646 812 1914 877 σύνθεσιν,

346 894 506 946 πάλιν
541 898 685 965 ἡμᾶς
716 898 807 949 καὶ
846 897 934 950 διὰ
976 899 1168 953 τούτου
1199 905 1317 965 ταῖς
1358 903 1618 971 ἀφύκτοις
1650 907 1917 974 ἀνάγκαις

345 986 826 1055 περιστοιχίζεται.
868 987 926 1040 '0
951 989 1211 1058 πρότερος
1239 986 1349 1061 εἶχε
1378 993 1731 1065 συλλογισμὸς
1762 996 1919 1049 τοῦτο

346 1075 408 1126 τὸ
440 1074 637 1129 ἄτοπον
660 1092 674 1105 ο
712 1080 781 1131 Εἰ
818 1081 851 1131 ό
893 1080 1098 1147 Πατὴρ
1129 1083 1408 1151 σημαίνει
1456 1085 1523 1137 τὸ
1570 1087 1639 1150 ἐξ
1672 1087 1920 1152 οὐδενὸς

344 1162 498 1218 εἶναι
529 1166 636 1220 τὸν
660 1170 825 1231 Θεὸν,
870 1170 937 1234 ἐξ
976 1170 1240 1241 ἀνάγκης
1268 1176 1331 1227 τὸ
1376 1176 1789 1245 γεγεννηκέναι
1814 1179 1922 1232 τὸν

347 1259 483 1310 Υίόν
508 1258 704 1312 οὐκέτι
745 1260 1087 1326 ἐνδείξεται.
1119 1257 1319 1328 Οὗτος,
1360 1266 1447 1319 διὰ
1475 1246 1573 1336 τῆς
1594 1268 1730 1337 πρὸς
1768 1270 1921 1321 τούν-

348 1348 525 1401 αντίον
565 1350 912 1422 ἀναστροφῆς
932 1393 947 1417 ,
977 1355 1171 1425 ἑτέραν
1201 1358 1330 1426 ἡμῖν
1360 1358 1591 1410 ἀτοπίαν
1637 1360 1779 1413 κατὰ
1823 1359 1918 1413 τοῦ

354 1443 625 1512 ἡμετέρου
647 1443 915 1514 δόγματος
939 1448 1349 1516 ἐπαγγέλλεται.
1392 1450 1487 1513 Τίς
1515 1446 1607 1504 οὖν
1631 1452 1662 1521 ἡ
1690 1451 1782 1504 τοῦ
1806 1454 1924 1506 ἐκεῖ

344 1531 647 1602 δειχθέντος
677 1536 962 1603 ἀνάλυσιςς
990 1539 1057 1592 El
1086 1538 1181 1593 διὰ
1201 1539 1266 1594 τὸ
1291 1542 1730 1610 γεγεννηκέναι,
1764 1545 1918 1614 φησὶ,

350 1626 455 1676 τὸν
484 1626 637 1689 Υιὸν,
661 1629 693 1679 ό
719 1630 860 1693 Θεός
882 1629 1011 1682 ἐστι
1032 1630 1249 1698 Πατήρ.
1273 1632 1443 1686 Τοῦτο
1468 1635 1590 1703 ἡμῖν
1611 1636 1639 1686 ὁ
1664 1636 1922 1706 πρότερος

353 1715 705 1786 συλλογισμὸς
733 1720 791 1770 οὐ
822 1720 1184 1792 παρέστησεν,
1220 1722 1355 1775 ἀλλά
1389 1725 1465 1793 τῷ
1497 1725 1614 1794 μὲν,
1641 1725 1919 1789 δύνασθαι,

2016 544 2139 612 quia
2188 541 2389 596 Filium
2422 545 2597 613 genuit
2631 558 2653 596 :
2689 545 2837 612 prius
2873 543 3058 613 igitur,
3081 558 3243 612 quant
3276 538 3325 591 F
3328 541 3479 592 ilium
3514 557 3601 610 ge-

2018 644 2246 695 neraret,
2281 652 2383 687 non
2410 645 2525 687 erat
2555 636 2839 704 ingenitus.
2867 633 3243 689 Discutiamus
3269 634 3435 704 igitur
3459 634 3599 685 hanc

2017 726 2138 793 ejus
2180 725 2233 777 in
2268 726 2601 777 contrarium
2631 706 3070 787 conversionem,
3112 734 3165 779 et
3195 722 3468 795 quomodo
3505 739 3600 792 per

2020 819 2218 887 prioris
2248 817 2549 888 syllogismi
2587 817 2979 872 resolutionem
3033 817 3474 871 ineluctabilibus
3505 832 3601 869 no-

2018 909 2102 962 dis
2132 924 2231 962 nos
2260 908 2624 977 constringat,
2655 907 3035 977 dispiciamus.
3064 906 3223 960 Prior
3247 906 3597 978 syllogismus

2018 1000 2163 1053 hanc
2199 1000 2359 1054 nobis
2387 999 2780 1054 absurditatem
2816 999 3148 1069 objiciebat:
3183 997 3243 1054 Si
3281 997 3597 1052 vocabulum

2018 1090 2205 1145 Patris
2257 1092 2541 1160 significat,
2601 1089 2764 1144 Deum
2807 1106 2872 1144 ea:
2903 1090 3053 1145 nulla
3100 1091 3209 1144 alia
3236 1106 3404 1144 causa
3454 1106 3593 1154 esse,

2020 1183 2312 1235 necessario
2341 1183 2595 1251 sequitur,
2630 1182 2724 1235 illo
2748 1181 3001 1236 vocabulo
3034 1199 3139 1236 non
3166 1182 3398 1251 amplius
3432 1171 3597 1251 signi-

2019 1271 2193 1340 ﬁcari,
2229 1271 2366 1342 quod
2412 1269 2616 1325 Filium
2656 1274 2912 1342 genuerit.
2959 1273 3027 1326 At
3074 1274 3177 1327 iste
3225 1273 3595 1344 syllogismus,

2021 1362 2107 1414 via
2152 1360 2208 1414 in
2260 1362 2602 1416 contrarium
2636 1378 2817 1428 versa,
2868 1364 3030 1416 aliam
3080 1364 3346 1416 doctrinae
3396 1370 3598 1415 nostra:

2021 1452 2414 1507 absurditatem
2462 1455 2709 1523 imponit.
2749 1454 2882 1520 Quae
2928 1455 3095 1524 igitur
3129 1461 3213 1508 est
3261 1454 3363 1508 ista
3398 1452 3596 1522 prioris

2024 1546 2325 1615 syllogismi
2359 1546 2671 1601 resolutio?
2721 1545 2803 1611 Si,
2861 1547 3059 1616 inquit,
3098 1546 3237 1599 Deus
3287 1558 3367 1599 est
3406 1543 3595 1606 Pater.

2023 1639 2147 1707 quia
2184 1636 2385 1691 Filium
2416 1639 2614 1707 genuit.
2636 1636 2750 1693 Hoc
2772 1638 2924 1708 prior
2952 1638 3306 1710 syllogismus
3331 1652 3438 1691 non
3464 1653 3598 1690 con-

2028 1728 2255 1792 tinebat,
2278 1728 2371 1783 sed
2405 1727 2553 1781 istud
2600 1727 2716 1781 ﬁeri
2744 1742 2853 1782 non
2885 1742 3066 1796 posse,
3094 1737 3153 1781 ut
3194 1727 3240 1782 si
3268 1726 3595 1780 vocabulum

348 1808 399 1857 εί
427 1807 485 1859 τὸ
507 1808 795 1878 ἀγέννητον
823 1810 916 1863 τοῦ
940 1811 1147 1882 Πατρδς
1180 1814 1500 1884 σημανθείη,
1535 1818 1627 1869 καὶ
1658 1817 1754 1888 τὴν
1782 1820 1917 1889 πρὸς

2026 1818 2205 1871 Patris
2268 1817 2538 1886 signiticet
2590 1816 2803 1871 Patrem
2870 1794 3172 1887 ingenitum
3231 1831 3386 1878 esse,
3434 1815 3597 1870 simul

353 1898 442 1950 τὸν
479 1899 604 1952 Υίὸν
654 1901 836 1971 σχέσιν
875 1904 1159 1973 σημαίνειν
1203 1906 1235 1976 ἡ
1270 1906 1557 1959 ἀκολουθία
1606 1908 1697 1961 τοῦ
1733 1911 1919 1963 συλλο-

350 1988 549 2059 γισμοῦ
595 1990 754 2059 δῆθεν
789 1992 1076 2049 ἐδείκνυεν.
1126 1996 1198 2047 Τὸ
1230 1996 1287 2049 δὲ
1330 1995 1419 2049 διὰ
1465 1997 1622 2051 τοῦτο
1655 2000 1745 2052 τὸν
1786 2000 1918 2054 Θεὸν

350 2076 488 2133 εἶναι
521 2081 757 2153 Πατέρα,
788 2084 919 2137 διότι
946 2086 1236 2156 γεγέννηκε
1277 2088 1367 2141 τὸν
1403 2089 1549 2153 Υίὸν,
1583 2091 1733 2143 οὐδὲν
1763 2095 1795 2162 ἠ
1825 2093 1918 2145 τοῦ

351 2174 615 2244 προτέρου
651 2175 978 2245 σοφίσματος
1027 2181 1337 2251 κατασκευὴ
1378 2181 1687 2252 διωρίσατο.
1721 2178 1786 2237 Τί
1826 2182 1919 2238 οὖν

350 2266 468 2318 ὲστι
501 2267 559 2319 τὸ
584 2268 1050 2338 ἀναστρεφόμενον
1087 2270 1192 2323 ὑπὸ
1226 2272 1325 2341 τῆς
1367 2272 1706 2344 διαλεκτικῆς
1744 2293 1802 2327 τε
1830 2277 1923 2329 καὶ

351 2357 602 2427 τεχνικῆς
627 2359 919 2426 ἀγχινοίας,
945 2359 1096 2412 οὔπω
1130 2362 1371 2431 συνίημι.

421 2448 565 2519 Πλὴν
590 2449 725 2503 ἀλλά
766 2453 1129 2525 σκοπήσωμεν
1176 2453 1276 2523 τὴν
1310 2453 1419 2506 τῶν
1466 2456 1772 2525 εἰρημένων
1802 2457 1919 2512 διὰ-

350 2557 529 2592 νοιαν·
569 2543 636 2593 El
671 2541 767 2596 διὰ
808 2543 874 2596 τὸ
910 2546 1333 2614 γεγεννηκέναι
1376 2547 1481 2599 τὸν
1525 2548 1662 2601 Υίὸν
1704 2553 1738 2603 ὀ
1781 2552 1924 2617 Θεός

348 2634 519 2687 ἐστιν
550 2635 895 2704 ἀγέννητος,
931 2637 1073 2704 πρὶν
1118 2637 1405 2707 γεννῆσαι
1439 2640 1671 2706 τοῦτον,
1712 2645 1823 2697 οὐκ
1847 2640 1926 2713 ἦν

350 2726 695 2795 ἁγὲννητος.
746 2728 913 2782 Πάλιν
955 2729 1171 2799 ἕτοιμος
1214 2730 1349 2800 πρὸς
1389 2732 1448 2784 τὸ
1486 2734 1793 2804 εἰρημένον,
1829 2736 1924 2788 καὶ

350 2817 553 2880 ἁπλοῦς
587 2819 686 2887 τῆς
716 2819 970 2889 ἀληθείας
998 2822 1026 2872 ὁ
1062 2819 1238 2888 λόγος·
1274 2822 1356 2874 ὃτι
1394 2822 1571 2875 καὶτὸ
1601 2825 1927 2895 γεγεννηκέ-

352 2925 439 2960 ναι
468 2909 557 2960 τὸν
591 2909 719 2963 Υἱὸν
750 2911 783 2979 ἡ
826 2909 918 2963 τοῦ
953 2910 1165 2980 Πατρὸς
1208 2910 1537 2965 ἐνδείκνυται
1570 2912 1761 2984 κλῆσις
1782 2953 1797 2977 ,
1831 2934 1928 2968 κα-

350 2996 459 3061 θὼς
481 2999 615 3067 ἡμῖν
642 3000 697 3050 ὲν
726 3001 837 3061 τοῖς
866 3000 1274 3071 προειρημένοις
1299 3001 1801 3071 προαποδέδεικται,
1831 3011 1927 3059 καὶ

354 3088 411 3139 τ’)
440 3088 514 3157 μὴ
536 3088 594 3153 ἐξ
627 3089 805 3152 αἰτίας
832 3089 1070 3142 νοεῖσθαί
1112 3108 1259 3153 τινος
1300 3091 1390 3144 τὸν
1432 3095 1791 3162 γεννήσαντα*
1833 3098 1926 3149 ἐὰν

356 3178 455 3246 μὲν
480 3178 587 3248 γὰρ
615 3179 748 3250 πρὸς
778 3180 838 3232 τὸ
863 3179 923 3246 ἐξ
948 3179 1111 3233 αὐτοῦ
1146 3181 1370 3253 βλέπῃς,
1403 3185 1437 3252 ἡ
1470 3183 1561 3236 τοῦ
1592 3186 1928 3254 Μονογενοῦς

356 3270 647 3334 ὒπόστασις
678 3271 765 3325 διὰ
810 3272 909 3343 τῆς
941 3272 1034 3325 τοῦ
1068 3273 1278 3345 Πατρὺς
1324 3278 1693 3347 προσηγορίας
1732 3280 1927 3349 γνωρί-

355 3362 523 3426 ζεται.
573 3362 697 3416 Ἐὰν
718 3362 774 3416 δὲ
797 3364 855 3416 τὸ
884 3364 988 3434 πρὸ
1022 3364 1184 3417 αὑτοῦ
1210 3365 1490 3436 ἐξετάζῃς,
1525 3371 1556 3436 ἡ
1590 3368 1684 3421 τοῦ
1711 3370 1925 3439 Πατρός

355 3454 544 3523 κλῆσις
585 3454 644 3506 τὸ
680 3454 908 3525 ἄναρχον
941 3454 1034 3508 τοῦ
1070 3456 1158 3508 τὸν
1192 3456 1319 3510 Υἱὸν
1341 3458 1730 3527 γεγεννηκότος
1763 3460 1928 3515 ἐνδεί-

352 3560 564 3597 κνυταιο
616 3545 677 3597 τὸ
725 3544 780 3597 δὲ
832 3546 1030 3613 λέγειν,
1080 3547 1162 3599 ὅτι
1206 3548 1334 3617 πρὶν
1363 3548 1622 3618 γεννῆσαι
1666 3550 1755 3603 τὸν
1804 3551 1929 3603 rem

355 3636 455 3687 οὒκ
482 3631 549 3707 ἦν
583 3636 869 3707 ἀγέννητος
899 3640 927 3690 δ
959 3636 1109 3701 Θεὸς.
1148 3638 1337 3708 διπλῆν
1369 3640 1523 3709 φέρει
1566 3640 1662 3709 τὴν
1694 3657 1927 3709 κατηγο-

359 3729 480 3799 ρίαν
506 3728 583 3798 τῷ
605 3728 925 3800 λογογράφῳ
950 3747 963 3760 ο
998 3731 1096 3800 τῆς
1123 3748 1181 3783 τε
1207 3731 1328 3783 καθ’
1350 3733 1381 3801 ἡ
1392 3730 1508 3800 μῶν
1544 3732 1926 3799 συκοφαντίας,

360 3819 579 3888 καὶτῆς
612 3819 753 3871 κατά
784 3820 873 3871 τοῦ
904 3820 1166 3890 δόγματος
1196 3820 1425 3890 ὕϐρεως·
1462 3822 1523 3874 τό
1560 3839 1618 3873 τε
1650 3822 1760 3891 γὰρ
1791 3824 1927 3891 μήτε

362 3907 510 3977 παρά
533 3907 626 3960 τοῦ
654 3908 969 3961 διδασκάλου
993 3909 1176 3979 ρηθξν,
1207 3911 1344 3979 μήτε
1373 3909 1468 3963 νῦν
1500 3911 1626 3980 παρ’
1654 3910 1829 3979 ἡμῶν,
1852 3910 1927 3971 ὡς

358 3998 780 4069 ὁμολογούμενον
813 3999 1075 4071 διασύρει·
1113 4001 1204 4053 καὶ
1232 4001 1322 4055 τὸν
1350 4001 1480 4054 Θεόν
1508 4019 1669 4072 φησιν
1702 4001 1925 4073 ὕστερόν

364 4106 494 4143 ποτε
555 4091 878 4160 γεγενῆσθαι
921 4092 1163 4162 Πατέρα,
1208 4091 1335 4145 ἄλλο
1380 4110 1433 4145 τι
1476 4092 1603 4145 ὄντα
1642 4093 1925 4163 πρότερον,

365 4182 458 4233 καὶ
486 4182 547 4233 οὐ
583 4181 819 4252 Πατέρα.
862 4181 938 4233 Δι’
983 4174 1057 4237 ὧν
1086 4182 1193 4253 γὰρ
1224 4182 1281 4235 τὸ
1310 4183 1510 4236 ἄτοπον
1536 4182 1630 4235 τοῦ
1664 4184 1926 4254 ἡμετέρου

360 4274 518 4342 λόγου
562 4276 987 4347 καταχλευάζει,
1011 4276 1107 4346 τὴν
1143 4278 1332 4331 ἑαυτοῦ
1362 4280 1489 4349 περὶ
1520 4279 1580 4331 τὸ
1611 4279 1785 4348 δόγμα
1824 4297 1929 4333 πα-

365 4366 625 4436 ρανομίαν
659 4366 773 4437 βοᾷ.
818 4369 902 4429 Ὠς
925 4368 1032 4438 γὰρ
1051 4368 1474 4438 ὁμολογούμενον
1502 4370 1657 4439 ἔχων,
1690 4372 1769 4423 ὅτι
1801 4373 1927 4439 πρό-

2019 1909 2182 1963 ctiam
2222 1908 2400 1963 Patris
2442 1907 2511 1962 ad
2555 1907 2753 1962 Filium
2803 1908 3127 1963 relationem
3162 1907 3456 1978 signiﬁcet,
3490 1907 3597 1961 hoc

2016 1996 2229 2054 scilicet
2248 1999 2598 2069 syllogismus
2624 1997 2715 2052 ille
2748 1997 3181 2051 demonstrabat.
3223 2000 3293 2050 At
3325 1998 3378 2050 in
3409 1997 3598 2065 priore

2021 2093 2357 2162 30pltismate
2399 2107 2509 2144 non
2551 2091 2900 2145 asserebatur
2946 2090 3111 2143 Deum
3156 2088 3277 2143 ideo
3329 2105 3453 2144 esse
3491 2089 3597 2143 Pa-

2022 2195 2180 2249 trem,
2228 2184 2371 2252 quod
2413 2182 2609 2237 Filiqu
2647 2183 2915 2252 genuerit.
2954 2180 3216 2246 Quaenam
3264 2181 3431 2251 igitur
3483 2180 3598 2235 hate

2022 2275 2095 2327 sit
2137 2272 2417 2341 reciproca
2464 2268 2755 2325 conversio
2780 2284 2846 2322 ex
2886 2268 3167 2323 dialectica
3206 2276 3261 2323 et
3298 2268 3596 2322 artiﬁciosa

2023 2362 2245 2416 solertia
2290 2361 2556 2428 profecta,
2604 2373 2703 2429 ego
2743 2374 2850 2412 non
2901 2358 3080 2412 video.

2094 2451 2458 2505 Nihilominus
2494 2450 2866 2519 expendamus
2913 2464 2975 2503 ea
3041 2464 3162 2516 qua:
3204 2450 3361 2503 dicit:
3388 2447 3448 2503 Si
3475 2465 3599 2517 pro-

2024 2552 2201 2609 pterea
2237 2540 2374 2593 Deus
2417 2550 2491 2592 est
2524 2538 2808 2608 ingenitus,
2859 2539 2984 2607 quia
3008 2536 3058 2589 [τ’
3061 2538 3214 2590 ilium
3247 2538 3445 2607 genuit,
3472 2554 3595 2606 ergo

2024 2634 2337 2702 priusquam
2385 2640 2679 2700 generaret,
2734 2630 2995 2698 ingenitus
3039 2646 3144 2683 non
3191 2637 3327 2682 erat.
3386 2628 3600 2684 Rursus

2030 2724 2209 2779 facilis
2258 2732 2312 2777 et
2343 2721 2596 2791 expedita
2628 2721 2848 2775 veritati
2897 2721 3186 2790 responsio
3214 2726 3473 2789 suppetit.
3514 2722 3600 2773 ni-

2029 2818 2223 2870 mirum
2249 2814 2428 2869 Patris
2454 2814 2815 2884 appellatione
2833 2813 3151 2883 signilicari,
3187 2828 3314 2868 eum
3343 2812 3601 2883 genuisse

2031 2906 2247 2969 Filium,
2274 2914 2435 2976 prout
2464 2913 2623 2959 antea
2653 2905 3089 2960 demonstratum
3116 2913 3223 2966 est,
3274 2918 3509 2973 eumque
3531 2918 3601 2957 ex

2031 2997 2178 3049 nulla
2200 2996 2306 3047 alia
2328 3010 2494 3049 causa
2517 3010 2679 3049 esse:
2708 3009 2834 3047 nam
2867 2995 2914 3049 si
2951 2994 3216 3064 respicias
3263 2993 3331 3047 ad
3363 2994 3415 3047 id
3453 2996 3599 3065 quod

2030 3095 2114 3141 est
2145 3102 2211 3141 ex
2248 3087 2388 3155 ipso,
2424 3084 2697 3155 Unigeniti
2724 3085 3037 3155 hypostasis
3066 3099 3161 3154 per
3185 3084 3363 3139 Patris
3398 3101 3597 3139 nomen

2032 3178 2344 3233 innotescit.
2401 3175 2459 3231 Si
2497 3192 2627 3232 vero
2672 3176 2801 3248 quid
2842 3179 2996 3246 prius
3045 3177 3164 3246 ipso
3214 3178 3307 3240 sit,
3353 3176 3601 3247 iudages,

2029 3266 2209 3322 Patris
2256 3268 2671 3323 nomenclatura
2711 3285 2741 3321 a
2783 3266 2945 3321 Patre
2977 3268 3233 3338 principii
3260 3276 3483 3337 experte
3511 3265 3605 3322 Fi-

2030 3360 2159 3413 lium
2182 3361 2423 3425 genitum
2450 3374 2574 3413 esse
2604 3358 2863 3413 ostendit.
2896 3358 3168 3413 Caeterum
3224 3360 3407 3414 dicere
3431 3357 3602 3412 Deum

2030 3449 2184 3519 prius
2228 3466 2337 3503 non
2384 3449 2557 3503 fuisse
2605 3451 2930 3519 ingenitum,
2973 3464 3133 3519 quam
3181 3447 3377 3503 Filium
3437 3465 3603 3518 gene-

2030 3547 2197 3602 raret,
2238 3539 2441 3608 duplici
2475 3539 2900 3608 reprehensione
2922 3540 3344 3595 declamatorem
3379 3540 3603 3609 dignum

2029 3646 2152 3686 esse
2191 3633 2371 3701 arguit
2407 3650 2419 3684 :
2459 3640 2573 3684 tum
2620 3632 2690 3685 ob
2734 3633 3149 3702 sycophantiam
3188 3632 3463 3693 adversus
3503 3648 3603 3687 nos

2030 3731 2319 3786 structam,
2364 3730 2476 3774 tum
2513 3723 2583 3775 ob
2612 3724 2998 3777 contumeliam
3046 3722 3146 3792 ipsi
3195 3722 3605 3776 doctrinaeilla-

2029 3821 2161 3868 tam.
2208 3810 2343 3865 Nam
2391 3813 2539 3882 quod
2587 3829 2764 3883 neque
2802 3828 2833 3867 a
2876 3817 3138 3884 magistro
3200 3823 3392 3868 nostro
3426 3828 3605 3883 neque

2031 3916 2062 3953 a
2106 3902 2266 3957 nobis
2296 3901 2503 3956 dictum
2535 3911 2641 3969 est,
2676 3902 2811 3957 illud
2839 3912 3098 3973 tanquam
3138 3920 3462 3958 concessum
3490 3913 3606 3957 tra-

2030 3992 2202 4057 ducit,
2244 3993 2428 4063 aitque
2476 3995 2642 4048 Deum
2699 3995 2936 4064 posteris
2985 3996 3204 4050 tandem
3265 3996 3604 4064 temporibus

2030 4080 2234 4136 factum
2280 4098 2403 4137 esse
2462 4081 2701 4148 Patrem,
2748 4100 2873 4138 cum
2927 4086 3081 4154 prius
3139 4086 3287 4139 aliud
3341 4086 3601 4155 quiddam

2028 4185 2192 4239 esset,
2222 4184 2276 4229 et
2301 4192 2411 4229 non
2445 4174 2626 4231 Pater.
2670 4175 2803 4230 Nam
2839 4177 3032 4232 iisdem
3073 4180 3433 4249 argumentis,
3478 4180 3603 4250 qui-

2030 4268 2133 4321 bus
2165 4268 2359 4337 dogma
2388 4277 2634 4322 nostrum
2660 4276 2921 4338 tanquam
2951 4271 3249 4325 absurdum
3274 4272 3602 4337 sulisannat,

2032 4360 2438 4428 improbitatem
2494 4376 2648 4415 suam
2690 4362 2837 4415 circa
2884 4362 3017 4416 illud
3059 4364 3236 4432 ipsum
3279 4364 3474 4434 dogma
3509 4380 3604 4433 pa-

359 4473 515 4525 τερον
542 4456 667 4509 ἄλλο
690 4475 740 4509 τι
763 4456 858 4519 ὣν,
891 4459 1025 4527 μετὰ
1050 4459 1219 4511 ταῦτα
1243 4460 1379 4512 κατὰ
1406 4461 1684 4531 προκοπὴν
1714 4463 1924 4529 ἐγένετό

2033 4450 2234 4504 tel'acit.
2265 4449 2443 4504 Sumit
2471 4452 2615 4505 enim
2639 4454 2783 4505 velut
2804 4453 2916 4520 jam
2947 4454 3235 4523 probatum
3290 4464 3344 4508 et
3376 4470 3604 4509 conces-

360 4564 420 4599 τε
445 4548 537 4600 καὶ
564 4549 849 4619 ὠνομάσθη
879 4550 1083 4619 Πατήρ·
1112 4552 1269 4604 τοῦτό
1294 4570 1489 4622 φησιν,
1515 4554 1595 4605 ὅτι
1624 4553 1769 4621 Πρὶν
1800 4572 1930 4622 γεν-

360 4638 546 4706 νῆσαι
588 4640 692 4692 τὸν
728 4642 885 4702 Υίδνν,
918 4642 1012 4694 καὶ
1047 4641 1141 4696 διὰ
1168 4644 1342 4696 τοῦτο
1381 4644 1673 4712 κληθῆναι
1702 4646 1926 4713 Πατὴρ,

361 4728 503 4781 οὐδὲ
524 4728 845 4797 ἀγέννητος
864 4728 961 4800 ἦν,
992 4732 1155 4799 εἴπερ
1187 4735 1223 4799 ἡ
1244 4734 1573 4801 ἀγεννησία
1594 4735 1668 4803 τῇ
1685 4738 1790 4790 τοῦ
1812 4741 1929 4789 Πα-

361 4820 498 4886 τρός
518 4820 721 4888 ἐννοίᾳ
742 4821 1090 4891 γνωρίζεται.
1122 4824 1288 4876 Τοῦτο
1312 4826 1440 4895 ὅσην
1463 4826 1575 4895 ἔχει
1595 4829 1692 4892 τὴν
1723 4828 1925 4889 ἄνοιαν,

360 4912 509 4964 οὐδὲν
539 4909 687 4982 οἶμαι
724 4914 833 4966 δεῖν
867 4914 960 4967 τοῦ
1000 4916 1326 4985 ἐλέγχοντος·
1365 4917 1562 4980 ἱκανῶς
1600 4919 1708 4990 γὰρ
1739 4922 1830 4972 καὶ
1860 4920 1928 4971 δι’

363 5003 554 5055 ἑαυτοῦ
588 5005 880 5074 παρίστησι
908 5007 1016 5067 τοῖς
1052 5022 1113 5073 γε
1149 5005 1272 5058 νοῦν
1303 5007 1533 5076 ἔχουσιν.
1567 5009 1629 5062 Εἰ
1662 4997 1769 5080 γὰρ
1805 5011 1929 5064 ἄλλο

363 5110 415 5144 τι
442 5089 567 5163 ῆνοό
593 5094 719 5157 Θεὸς
770 5095 875 5163 πρὸ
900 5093 991 5146 τοῦ
1022 5093 1272 5162 γενέσθαι
1322 5097 1526 5166 Πατὴρ,
1558 5098 1609 5148 τί
1639 5098 1851 5168 ἐροῦσιν
1878 5101 1929 5152 οἱ

364 5184 661 5252 προστάται
700 5184 790 5236 τοῦ
827 5183 1127 5252 δόγματος;
1177 5184 1263 5235 Ἐν
1287 5183 1414 5254 ποίᾳ.
1436 5189 1767 5240 καταστάσει
1798 5187 1930 5241 θεω-

365 5271 569 5346 ρεῖσθαι
600 5275 865 5342 φήσουσις
908 5273 973 5324 Τί
1005 5271 1172 5342 ὄνομα
1208 5275 1271 5343 τῇ
1319 5273 1436 5325 τότε
1465 5274 1706 5346 διαγωγῇ
1735 5315 1748 5337 ,
1781 5280 1927 5341 παῖς,

363 5366 574 5434 νήπιον,
626 5362 839 5434 βρέφος,
884 5363 1196 5433 μειράκιον;
1240 5364 1311 5415 ’Ἡ
1336 5363 1537 5417 τούτων
1582 5364 1679 5434 μὲν
1715 5365 1930 5436 ἐροῦσιν

361 5455 531 5520 οὐδὲν,
558 5455 620 5507 τὺ
659 5456 952 5527 περιφανὲς
996 5455 1123 5516 ἴσως
1146 5454 1246 5524 τῆς
1279 5455 1505 5517 ἀτοπίας
1535 5455 1889 5526 ὲρυθριῶντες
1911 5496 1925 5521 ,

361 5546 561 5599 τέλειον
586 5534 660 5599 ’δὲ
693 5547 851 5598 αὑτὸν
894 5545 952 5611 ἐξ
983 5547 1154 5618 ἀρχῆς
1182 5544 1317 5599 εἶναι
1356 5546 1454 5598 οὐκ
1493 5547 1927 5617 ἀπαρνήσονταις

360 5631 480 5688 εἶτα
512 5634 626 5697 πῶς
654 5635 852 5698 τέλειος
888 5638 1051 5704 μήπω
1081 5637 1260 5706 πατὴρ
1294 5632 1429 5689 εἶναι
1456 5636 1779 5705 δυνάμενοςς
1815 5637 1846 5707 ἢ
1871 5638 1930 5689 τὸ

369 5727 469 5797 μὲν
499 5726 701 5798 ἰσχύειν
743 5728 842 5781 οὐκ
880 5729 1289 5799 ἀφαιρήσονταιο
1325 5730 1554 5800 φήσουσι
1586 5728 1639 5781 δὲ
1679 5729 1754 5799 μὴ
1797 5731 1928 5800 πρέ-

2029 4555 2170 4605 sum,
2212 4540 2378 4596 Deum
2428 4543 2580 4611 prius
2637 4544 2842 4611 aliquid
2893 4545 3043 4599 aliud
3097 4546 3288 4610 fuisse,
3330 4555 3383 4601 et
3414 4556 3602 4617 postea

2029 4647 2124 4700 per
2163 4634 2489 4701 profectum,
2524 4632 2734 4687 Patrem
2767 4636 2969 4689 factum
2998 4644 3052 4689 et
3084 4639 3412 4707 appellatum
3440 4655 3596 4694 esse:

2030 4723 2150 4777 ideo
2180 4724 2275 4787 ait,
2305 4726 2611 4795 priusquam
2639 4737 2907 4796 generaret
2935 4725 3155 4792 Filium,
3185 4740 3234 4782 et
3259 4730 3380 4784 inde
3412 4729 3595 4786 Patris

2031 4831 2215 4868 nomen
2266 4818 2540 4885 acciperet,
2602 4836 2663 4871 ne
2714 4819 2999 4888 ingenitum
3058 4821 3271 4889 quidem
3315 4822 3501 4890 fuisse,
3551 4826 3599 4877 si

2030 4904 2419 4959 innascibilitas
2468 4906 2648 4959 Patris
2699 4907 3180 4962 notioniadhazret.
3210 4908 3600 4966 Demonstrare

2029 5004 2293 5066 quantum
2344 4997 2460 5052 hazc
2507 4998 2753 5052 stultitiae
2804 5000 3260 5067 complectantur,
3297 5016 3406 5055 non
3453 5002 3600 5056 arbi-

2032 5099 2147 5142 tror
2180 5089 2290 5142 ullo
2336 5090 2525 5144 labore
2564 5105 2703 5159 opus
2738 5105 2882 5144 esse.
2915 5090 3062 5146 Satis
3105 5092 3251 5145 enim
3286 5108 3382 5162 per
3414 5094 3596 5163 seipsa

2032 5182 2325 5235 amentiam
2373 5197 2528 5235 suam
2605 5180 2843 5252 produnt
2898 5184 3037 5252 apud
3093 5183 3219 5239 illos
3266 5186 3360 5254 qui
3416 5196 3599 5241 mente

2032 5288 2141 5326 non
2194 5282 2398 5328 carent.
2446 5275 2584 5327 Nam
2658 5276 2702 5329 si
2768 5275 2915 5329 aliud
2966 5276 3225 5345 quiddam
3279 5286 3397 5332 erat
3454 5277 3599 5334 Deus

2031 5367 2348 5435 priusquam
2397 5365 2595 5420 Filium
2645 5374 2947 5437 generaret,
2992 5367 3124 5437 quid
3176 5367 3360 5423 dicent
3405 5368 3598 5439 impie-

2033 5458 2159 5511 tatis
2192 5457 2353 5526 hujus
2391 5458 2767 5527 antesignani?
2806 5456 2864 5511 In
2901 5473 3012 5525 quo
3055 5465 3203 5512 statu
3234 5473 3359 5511 eum
3387 5460 3599 5511 consti-

2032 5549 2218 5603 tuent?
2259 5547 2541 5613 Quodnam
2582 5565 2778 5603 nomen
2819 5550 2869 5603 ei
2910 5550 2965 5604 in
3012 5550 3107 5602 tali
3140 5549 3354 5603 vivendi
3389 5550 3600 5602 ratione

2031 5641 2332 5695 constituto
2384 5640 2699 5710 imponent?
2747 5640 2885 5697 Num
2952 5641 3300 5711 appellabunt
3333 5639 3599 5709 puerum?

2032 5731 2170 5786 Num
2223 5731 2481 5788 infantem
2520 5734 2815 5790 tenellam?
2850 5737 2932 5789 An
2964 5733 3101 5788 nihil
3152 5732 3349 5788 horum
3394 5730 3600 5796 dicent,
