4146 6370
541 249 637 296 ιδι

1788 256 1846 312 S.
1875 256 2202 316 GREGORII
2229 260 2528 320 NYSSENI

3690 277 3797 334 4ῧὲ

541 356 890 414 manifestam
919 360 1313 418 absurditatem
1350 368 1587 433 reveriti,
1616 372 2029 446 perfectumque
2053 378 2117 430 ab

2223 398 2344 434 πειν
2371 381 2504 452 ὁμοῦ
2535 380 2612 452 τῷ
2639 378 2775 436 εἶναι
2805 385 2968 438 αὑτὸν
3014 389 3106 440 καὶ⁹
3150 387 3366 460 Πατέρα
3409 384 3588 454 εἷναι;
3621 393 3715 447 καὶ
3749 394 3798 450 εί

541 451 700 506 initio
739 453 1018 510 exstitisse
1053 472 1160 510 non
1203 458 1630 518 inliciabuntur?
1680 463 1786 520 Sed
1839 471 2116 538 quomodo

540 541 840 613 perlectus,
899 547 991 615 qui
1044 549 1274 602 necdum
1328 559 1482 620 pater
1527 568 1649 610 esse
1708 559 1990 626 potuerit?
2032 562 2113 614 An

540 637 791 707 potuisse
835 653 941 691 non
980 640 1281 710 negabunt,
1334 644 1428 698 sed
1468 661 1580 701 non
1615 648 1866 705 decuisse
1907 651 2113 712 dicent.

541 736 601 780 ut
646 727 878 782 simulac
906 739 1071 791 esset,
1117 732 1281 784 etiam
1317 749 1470 803 pater
1518 738 1698 792 esset?
1741 739 1809 791 At
1858 741 1903 795 si
1938 758 2116 810 neque

541 819 851 886 pulchrum,
901 837 1077 891 neque
1125 823 1383 878 decorum
1436 827 1486 882 ei
1535 835 1618 882 cst
1661 828 1727 883 ab
1763 830 1918 884 initio
1945 831 2114 887 fuisse

542 907 755 963 Patrem
800 913 926 968 talis
957 910 1101 978 Filii,
1145 915 1420 986 quomodo
1454 934 1712 974 successu
1742 923 2029 992 temporis,
2061 923 2110 976 id

542 1000 683 1065 quod
731 999 1018 1068 pulchrum
1063 1017 1172 1056 non
1202 1012 1340 1069 erat,
1384 1007 1708 1075 acquisivit?
1741 1010 1809 1062 At
1851 1027 2000 1065 nunc
2030 1021 2114 1066 est

545 1093 832 1159 pulchrum
863 1103 915 1147 et
952 1096 1372 1165 magnificentia
1412 1100 1609 1154 divina:
1638 1116 1942 1173 congruum
1988 1106 2112 1160 talis

528 1183 663 1237 Filii
723 1183 838 1240 ﬁeri
883 1197 1183 1256 parentem.
1236 1188 1404 1259 Igitur
1450 1191 1616 1246 Deum
1666 1192 1734 1246 ab
1777 1193 1933 1247 initio
1992 1195 2110 1262 ejus

543 1275 688 1344 quod
739 1277 1027 1345 pulchrum
1087 1290 1191 1346 est,
1246 1290 1517 1335 exsortem
1588 1281 1759 1337 fuisse
1794 1283 1946 1338 aiunt
1991 1301 2004 1337 :
2063 1297 2116 1341 et

2227 471 2303 542 μὴ
2353 473 2533 536 καλὸν,
2583 475 2717 544 μήτε
2773 477 2982 545 πρέπον
3024 479 3205 548 αὐτῷ,
3250 480 3310 533 τὸ
3348 480 3406 547 ἐξ
3451 483 3625 554 ἀρχῆς
3658 480 3798 544 εἶναι

2224 566 2445 636 Πατέρα
2485 567 2725 619 τοιούτου
2759 568 2986 634 Παιδὸς,
3017 570 3133 635 πῶς
3170 572 3373 644 προῖὼν
3415 573 3478 627 τὸ
3526 579 3600 646 μὴ
3636 577 3798 630 καλὸν

2222 653 2598 724 ἐπεκτήσατος
2640 656 2797 710 Ἀλλὰ
2823 658 2981 712 καλόν
3013 661 3128 714 ἐστι
3151 661 3265 727 νῦν,
3292 664 3385 718 καὶ
3417 667 3482 736 τῇ
3519 665 3800 737 μεγαλειό-

2220 762 2341 815 τητι
2369 746 2462 798 τοῦ
2487 746 2618 800 Θεοῦ
2653 748 2860 817 πρέπον
2889 750 2949 802 τὸ
2975 752 3216 804 τοιούτου
3258 754 3510 821 γενέσθαι
3558 757 3794 826 Πατέρα.

2222 836 2427 889 Οὐκοῦν
2455 837 2717 908 ἀμέτοχον
2743 840 2904 895 αὐτὸν
2938 840 3030 895 τοῦ
3064 843 3226 896 καλοῦ
3255 844 3316 897 τὸ
3347 847 3629 917 καταρχὰς
3655 843 3794 900 εἶναι

2220 929 2710 994 κατασκευάζουσι·
2745 932 2837 985 καὶ
2878 933 2982 997 ἕως
3015 935 3114 988 οὐκ
3151 931 3262 1006 εἶχε
3297 936 3387 990 τὸν
3430 938 3556 990 Υίὸν
3599 943 3628 992 ὁ
3666 938 3796 1002 Θεὸς

2219 1017 2403 1086 (ἵλεως
2443 1019 2499 1072 δέ
2544 1021 2628 1092 εἴη
2663 1022 2741 1092 τῷ
2772 1023 2912 1095 λόγῳ
2941 1026 2970 1076 ό
3017 1025 3200 1096 Θεὸς),
3237 1028 3370 1098 μήτε
3419 1029 3608 1098 σοφίαν
3653 1029 3797 1100 ἔχειν

2217 1109 2379 1161 αὑτὸν
2400 1110 2601 1180 ἐροῦσι,
2632 1115 2768 1184 μήτε
2797 1115 3047 1187 δύναμιν,
3080 1119 3215 1189 μήτε
3243 1119 3520 1187 ἀλήθειαν,
3559 1123 3693 1192 μήτε
3725 1121 3796 1176 τὰ

2217 1197 2350 1252 ἄλλα
2383 1200 2574 1262 πάντα,
2611 1204 2709 1256 ὅσα
2749 1205 2891 1258 κατά
2917 1207 3203 1278 διαφόρους
3236 1210 3478 1273 ἐπινοίας
3503 1212 3533 1262 ὁ
3573 1229 3795 1283 μονογε-

2222 1289 2317 1360 νὴς
2340 1291 2465 1355 Υἱὸς
2498 1293 2614 1345 ἐστι
2635 1311 2694 1346 τε
2725 1296 2817 1348 καὶ
2845 1296 3187 1367 ὀνομάζεται.

544 1466 749 1528 dicent,
790 1483 968 1535 neque
1015 1469 1336 1537 potentiam,
1385 1486 1559 1540 neque
1606 1471 1887 1536 virtutem,
1935 1490 2111 1544 neque
2145 1479 2249 1532 alia
2305 1482 2656 1553 omnia,qu
2696 1488 2997 1540 secundum
3039 1488 3287 1543 diversas
3353 1493 3595 1548 rationes
3665 1495 3792 1547 uni-

541 1557 759 1627 genitus
782 1553 952 1610 Filius
997 1566 1050 1611 et
1078 1571 1161 1613 est
1183 1567 1235 1613 ct
1257 1560 1576 1629 appellatur.

614 1648 812 1703 Verum
871 1649 983 1702 hanc
1032 1649 1084 1703 in
1137 1652 1312 1718 capita
1372 1660 1655 1706 auctorum
1705 1660 2116 1709 convertantur.
2151 1645 2194 1700 Β

541 1738 712 1794 Nobis
757 1741 951 1794 iterum
986 1741 1398 1812 regrediendum
1429 1751 1535 1808 est,
1567 1743 1708 1798 unde
1751 1744 1987 1814 digressi
2017 1761 2110 1799 su-

530 1847 686 1885 ‘tnus.
714 1827 792 1892 Si,
830 1832 1025 1900 inquit,
1056 1832 1188 1885 Deus
1211 1843 1288 1886 est
1313 1832 1498 1896 Pater,
1534 1835 1659 1904 quia
1681 1837 1855 1904 genuit
1882 1834 2111 1901 Filium,

537 1921 728 1975 Patris
787 1938 903 1975 vero
953 1923 1260 1976 vocabulum
1300 1925 1588 1994 ingenitum
1635 1928 1926 1996 signiﬁcat,
1969 1938 2116 1982 ante-

543 2029 701 2081 quam
761 2013 918 2066 istum
981 2023 1253 2082 generaret
1321 2033 1424 2069 non
1479 2027 1595 2070 erat
1649 2019 1928 2088 ingenitus.
1991 2019 2115 2074 Haec

547 2103 687 2157 forte
716 2103 935 2157 tolerari
969 2113 1211 2173 possent,
1246 2106 1291 2160 si
1328 2106 1396 2161 de
1443 2121 1530 2169 eo,
1559 2108 1703 2178 quod
1745 2109 1887 2178 apud
1936 2110 2115 2163 homi-

544 2210 643 2249 nes
662 2195 976 2264 contingere
998 2197 1156 2261 solet,
1199 2207 1600 2268 assererentur,
1639 2200 1780 2268 apud
1817 2215 1957 2268 quos
1999 2201 2113 2256 ﬁeri

549 2283 773 2350 nequit,
829 2290 888 2336 ut
957 2283 1296 2338 diversorum
1355 2286 1664 2340 studiorum
1726 2287 1944 2342 habitus
2000 2289 2118 2342 sine

545 2371 808 2441 temporis
853 2373 1210 2428 successione
1257 2375 1666 2444 ingenerentur,
1716 2377 1845 2431 dum
1892 2379 2118 2448 quilibet

546 2474 668 2531 post
695 2462 861 2515 alium
891 2463 1215 2532 acquiritur.
1247 2463 1300 2517 Si
1330 2465 1445 2534 pari
1475 2467 1636 2521 modo
1661 2467 1729 2521 de
1761 2467 1867 2522 Deo
1896 2470 2118 2524 ratioci-

529 2549 784 2604 nandum
818 2551 1158 2620 esset,quasi
1207 2567 1353 2607 nunc
1376 2553 1594 2623 quidem
1633 2556 2116 2612 innascibilitatem

545 2637 814 2705 habuerit,
840 2649 1025 2710 postea
1056 2658 1186 2696 vero
1211 2641 1441 2714 adeptus
1471 2649 1540 2700 sit
1562 2648 1886 2715 potentiam,
1924 2648 2119 2703 deinde

545 2731 1036 2802 incorruptionem,
1066 2741 1188 2802 post
1221 2733 1337 2788 haec
1367 2737 1738 2806 prudentiam,
1766 2750 1817 2795 et
1854 2741 2119 2810 temporis

545 2839 804 2879 successu
849 2827 1269 2895 paternitatem,
1315 2828 1512 2884 deinde
1554 2830 1848 2900 justitiam,
1897 2832 2115 2886 tandem

527 2917 923 2980 atomitatem,
959 2927 1128 2988 utque
1191 2919 1318 2984 alia,
1357 2937 1479 2990 quae
1521 2921 1628 2977 Deo
1679 2924 1884 2989 insunt,
1926 2925 2120 2980 ordine

2305 1636 2461 1689 Ἀλλὰ
2485 1638 2654 1692 ταῦτα
2683 1640 2780 1709 μὲν
2813 1642 2892 1703 είς
2916 1641 3153 1713 κεφαλὴν
3181 1643 3288 1696 τῶν
3311 1646 3500 1699 αἰτίων
3524 1649 3786 1719 τραπείη.

2225 1725 2383 1795 Ἡμῖν
2415 1727 2471 1778 δέ
2501 1727 2661 1780 πάλιν
2691 1729 2989 1797 ἐπανιτέον,
3016 1732 3139 1785 ὅθεν
3168 1733 3455 1805 ἐξέϐημεν.
3490 1739 3558 1790 El
3594 1737 3691 1791 διὰ
3729 1739 3793 1793 τὸ

2216 1818 2652 1886 γεγεννηκέναι,
2679 1821 2861 1892 φησὶν,
2894 1825 2928 1876 ὁ
2957 1825 3098 1890 Θεός
3124 1826 3255 1880 ἐστι
3277 1828 3498 1895 Πατήρ·
3531 1832 3563 1883 ὀ
3584 1829 3652 1883 δὲ
3680 1835 3793 1885 Πα-

2214 1906 2324 1975 τὴρ
2378 1909 2444 1961 τὸ
2507 1909 2837 1980 ἀγέννητον
2900 1916 3177 1982 σημαίνει
3199 1959 3213 1981 ,
3291 1921 3432 1986 πρὶν
3493 1919 3786 1988 γεννῆσαι

2218 1998 2450 2061 τοῦτον,
2501 2002 2612 2054 οὐκ
2654 1999 2735 2072 ἦν
2765 2002 3113 2073 ἀτέννητος.
3175 2005 3358 2061 Ταῦτα
3397 2010 3446 2061 εί
3499 2009 3595 2080 μὲν
3653 2011 3794 2062 κατὰ

2214 2090 2312 2160 τὴν
2363 2093 2448 2143 ἐπ’
2501 2093 2804 2163 ἀνθρώπων
2839 2095 2985 2164 λέγοι
3040 2097 3349 2168 συνήθειαν,
3395 2102 3479 2170 ἐφ’
3532 2094 3606 2153 ὧν
3654 2102 3794 2172 ἀμή-

2216 2181 2380 2251 χανόν
2419 2183 2534 2236 ἐστι
2566 2185 2825 2238 πλειόνων
2852 2187 3298 2260 ἐπιτηδευμάτων
3326 2190 3437 2255 ἕξιν
3481 2193 3621 2245 κατά
3663 2193 3796 2246 ταὺ-

2214 2272 2305 2325 τὸν
2339 2274 2640 2344 κτήσασθαί
2667 2294 2805 2342 τινα,
2845 2279 2917 2350 μὴ
2947 2283 3087 2334 κατά
3123 2299 3243 2334 τινα
3277 2283 3468 2354 χρόνου
3514 2285 3668 2351 τάξιν
3699 2285 3794 2339 καὶ

2217 2364 2534 2419 ἀκολουθίαν
2571 2366 2800 2422 ’ἑκαστον
2850 2369 2958 2422 τῶν
3002 2373 3448 2444 σπουδαζομένων
3478 2375 3792 2447 ἀναλαμϐά-

2215 2472 2392 2509 νοντα.
2429 2458 2491 2510 Ei
2535 2457 2677 2511 οὕτω
2707 2460 2800 2512 καὶ¹
2838 2461 2929 2517 ἐπὶ
2968 2462 3062 2515 τοῦ
3095 2463 3229 2517 Θεοῦ
3263 2465 3370 2518 τῶν
3399 2465 3534 2519 ὅλων
3565 2467 3668 2520 ἔδει
3707 2467 3792 2519 λο-

2215 2547 2483 2617 γίζεσθαι,
2535 2550 2607 2614 ὡς
2641 2550 2734 2604 νῦν
2778 2552 2874 2623 μὲν
2923 2553 3020 2625 τὴν
3061 2556 3388 2625 ἀγεννησίαν
3437 2558 3598 2628 ἔχειν,
3654 2557 3790 2628 μετά

2214 2645 2390 2698 ταῦτα
2444 2645 2501 2700 δὲ
2551 2648 2986 2717 προσλαμϐάνειν
3055 2651 3152 2720 τὴν
3209 2649 3461 2720 δύναμιν,
3516 2645 3633 2703 εἷτα
3687 2649 3790 2720 τὴν

2217 2737 2547 2808 ἀφθαρσίαν,
2577 2735 2692 2791 εἶτα
2719 2743 2816 2810 τὴν
2849 2742 3126 2813 φρόνησιν,
3152 2742 3246 2794 καὶ⁵
3278 2742 3535 2812 προϊόντα
3569 2741 3788 2812 Πατέρα

2217 2828 2483 2897 γίνεσθαι,
2513 2830 2607 2882 καὶ
2648 2829 2806 2881 πάλιν
2841 2831 3068 2890 δίκαιον,
3107 2831 3202 2883 καὶ
3242 2830 3439 2900 ἐφεξῆς
3467 2830 3654 2894 ἀΐδιον,
3698 2831 3790 2883 καὶ

2220 2921 2394 2974 πάντα
2419 2921 2516 2974 ὃσα
2546 2922 2672 2994 περ)¹
2697 2923 2854 2975 αὐτὸν
2885 2922 3166 2991 θεωρεῖται
3189 2923 3277 2976 διά
3300 2941 3442 2987 τινος
3471 2922 3789 2986 ἀκολουθίας

543 3008 777 3074 quodam
812 3023 876 3062 ac
920 3013 1063 3064 serie
1114 3012 1479 3081 acquisierit:
1521 3013 1770 3070 fortassis
1815 3016 2113 3070 absurdum

2220 3015 2608 3087 προσκτᾶσθαι·
2647 3015 2706 3068 οὺ
2746 3016 2945 3086 σφόδρα
2986 3012 3053 3086 ἦν
3091 3017 3287 3070 ἄτοπον
3322 3017 3449 3080 ἴσως
3483 3017 3666 3086 ἓτερον
3692 3012 3787 3068 τοῦ

545 3115 654 3153 non
687 3109 831 3155 esset
863 3103 1202 3167 existimare,
1240 3106 1549 3169 nominum,
1578 3122 1699 3175 qute
1730 3109 1796 3162 de
1827 3107 1936 3162 Deo
1982 3125 2117 3178 prte-

545 3193 822 3253 dicantur.
866 3195 1040 3247 altera
1083 3196 1273 3250 alteris
1322 3201 1504 3266 priora
1551 3215 1693 3262 esse,
1724 3208 1777 3254 et
1814 3201 1964 3269 prius
1991 3202 2115 3271 qui-

544 3282 667 3337 dem
715 3300 836 3339 esse
884 3285 1209 3354 ingenitum,
1237 3298 1427 3358 postea
1475 3291 1688 3346 Patrem
1735 3293 1998 3347 evasisse.
2049 3293 2117 3347 At

538 3391 674 3430 vero
700 3378 824 3446 quis
856 3378 992 3432 adeo
1031 3379 1258 3446 abjeclte
1291 3382 1488 3436 mentis
1520 3391 1625 3449 est,
1675 3391 1729 3438 et
1761 3384 1960 3437 divina:
2005 3400 2118 3438 ma-

543 3467 764 3536 jestatis
794 3469 927 3522 adeo
958 3471 1267 3538 imperitus,
1287 3473 1378 3541 qui
1409 3488 1629 3526 causam
1661 3475 1904 3528 omnium
1936 3491 2114 3529 rerum

546 3565 725 3612 mente
755 3560 1092 3628 concipiens,
1121 3576 1226 3614 non
1257 3563 1439 3616 omnia
1475 3579 1596 3632 qua!
1625 3565 1692 3618 de
1725 3563 1832 3618 Deo
1855 3565 1942 3634 pie
1976 3564 2119 3618 aﬂir-

551 3659 790 3714 mantur,
831 3653 990 3706 simul
1037 3663 1090 3707 et
1145 3654 1301 3722 quasi
1355 3669 1464 3708 uno
1510 3656 1818 3724 complexu,
1853 3656 2034 3708 animo
2065 3665 2119 3708 et

531 3744 876 3812 cogitatione
894 3744 1284 3814 apprehendat,
1304 3747 1395 3799 sed
1415 3746 1561 3800 aliud
1585 3748 1801 3817 quidem
1823 3747 2114 3818 posterius,

550 3832 693 3885 aliud
726 3834 793 3884 ab
819 3832 993 3892 initio,
1023 3833 1170 3887 aliud
1218 3834 1270 3886 in
1314 3835 1493 3887 medio
1531 3836 1687 3904 quasi
1722 3850 1817 3905 per
1849 3851 2117 3889 consecu-

549 3926 714 3978 tionis
761 3926 1007 3978 ordinem
1055 3925 1160 3979 Deo
1207 3926 1492 3981 advenisse
1558 3929 1751 3998 putet?
1800 3927 1916 3982 Non
1971 3928 2114 3982 enim

548 4017 662 4069 ﬁeri
697 4025 894 4085 potest.
925 4026 984 4069 ut
1012 4017 1080 4081 is,
1115 4017 1228 4086 qui,
1257 4034 1377 4087 qua!
1406 4019 1471 4073 de
1502 4017 1611 4073 Deo
1639 4020 1726 4088 pie
1752 4018 2114 4081 aﬂirmanlur,

543 4107 664 4158 obit
694 4113 746 4158 et
780 4105 1095 4174 perlustrat,
1128 4106 1334 4159 incidat
1368 4108 1420 4159 in
1454 4107 1614 4159 aliam
1651 4107 1733 4160 vel
1764 4123 1874 4161 rem
1907 4109 1989 4162 vel
2021 4124 2119 4160 no-

551 4196 775 4258 tionem,
828 4211 948 4264 quae
994 4196 1378 4265 antiquitatem
1431 4199 1562 4251 dicti
1613 4196 1704 4252 Dei
1745 4199 2116 4261 transcendat,

550 4285 642 4340 sed
676 4302 836 4339 omne
877 4301 1069 4340 nomen
1114 4287 1302 4356 pietati
1354 4297 1805 4354 consentaneum,
1848 4297 1902 4344 et
1939 4292 2117 4345 omnis

2219 3109 2402 3179 ἐτέρου
2452 3107 2799 3180 προτερεόειν
2857 3108 2965 3161 τῶν
3017 3109 3144 3178 περὶ
3198 3108 3289 3160 τὸν
3333 3107 3466 3160 Θεὸν
3511 3107 3787 3177 ὀνομάτων

2217 3199 2421 3252 οἴεσθαι
2453 3237 2466 3260 ,
2497 3198 2590 3252 καὶ
2618 3197 2877 3268 πρότερον
2911 3196 3008 3267 μὲν
3034 3197 3343 3266 ἀγέννητον,
3372 3196 3508 3266 μετά
3537 3196 3591 3248 δέ
3616 3194 3786 3248 ταῦτα

2219 3289 2437 3360 Πατέρα
2485 3290 2806 3358 γεγενῆσθαι
2849 3289 3043 3357 λέγειν.
3074 3289 3210 3341 Νυνὶ
3237 3289 3294 3340 δὲ
3329 3288 3412 3350 τίς
3437 3287 3578 3340 οῦτω
3602 3304 3790 3342 ταπει-

2218 3381 2304 3444 νὸς
2336 3381 2430 3451 τὴν
2456 3381 2708 3441 διάνοιαν,
2741 3381 2833 3432 καὶ
2862 3380 2962 3449 τῆς
2987 3377 3092 3431 τῶν
3125 3378 3282 3432 θείων
3310 3379 3592 3448 δογμάτων
3622 3396 3788 3449 μεγαο

2218 3473 2438 3540 λοφυῖας
2485 3473 2761 3542 ἀμύητος,
2811 3471 2948 3523 ὥστε
2990 3470 3090 3540 τὴν
3139 3471 3316 3542 αἰτίαν
3350 3469 3456 3521 τῶν
3488 3468 3656 3522 ὄντων
3709 3471 3788 3532 εἰς

2220 3564 2341 3616 νοῦν
2367 3562 2564 3628 λαϐὼν,
2613 3563 2686 3632 μὴ
2749 3563 2963 3614 πάντων
3013 3560 3154 3614 κατὰ
3197 3560 3389 3612 ταύτὸν
3438 3559 3639 3629 ἀθρόαν
3695 3560 3789 3613 καὶ

2221 3656 2728 3725 συγκεκροτημένην
2767 3652 2874 3725 τῶν
2909 3653 3034 3723 περὶ⁸
3071 3653 3160 3705 τὸν
3193 3651 3322 3704 Θεὸν
3360 3650 3596 3713 εὐσεϐῶς
3639 3668 3786 3703 νοου-

2225 3749 2396 3817 μένων
2426 3745 2710 3798 ἀναλαϐεῖν
2739 3744 2834 3815 τὴν
2867 3745 3125 3798 διάνοιανο
3155 3743 3288 3796 ἀλλὰ
3312 3743 3372 3795 τὸ
3408 3743 3504 3813 μέν
3538 3740 3783 3812 ὕστερον,

2218 3839 2277 3890 τὸ
2315 3839 2371 3890 δέ
2402 3837 2519 3890 κατ’
2550 3837 2742 3906 ἀρχάς,
2775 3835 2958 3906 ἓτερον
2990 3835 3044 3886 δέ
3077 3852 3130 3888 τι
3171 3834 3258 3887 διά
3307 3834 3469 3904 μέσου
3499 3832 3640 3886 κατά
3669 3848 3787 3884 τινα

2217 3928 2421 3994 τάξεως
2475 3928 2793 3982 ἀκολουθίαν
2865 3925 3331 3998 προσγεγενῆσθαι
3399 3923 3666 3995 νομίζειν;
3724 3923 3784 3976 οὐ

2219 4019 2326 4088 γὰρ
2359 4018 2524 4082 ἐστιν,
2558 4017 2616 4069 ἐν
2649 4034 2700 4068 τι
2739 4016 2818 4087 τῷ
2849 4015 3093 4086 λογισμῷ
3123 4013 3380 4068 διαϐάντα
3410 4013 3517 4067 τῶν
3540 4014 3666 4083 περὶ
3695 4012 3787 4065 τὸν

2220 4111 2350 4161 Θεὸν
2396 4107 2633 4174 εὐσεϐῶς
2660 4108 2985 4179 λεγομένων.
3025 4110 3264 4176 ἐντυχεῖν
3291 4107 3460 4177 ἐτέρῳ
3503 4106 3786 4175 πράγματι

2219 4197 2252 4270 ἦ
2283 4199 2512 4268 νοήματι
2541 4197 2568 4249 ὃ
2601 4181 2696 4267 τῆς
2725 4198 2817 4249 τοῦ
2867 4196 3121 4267 ῥηθέντος
3162 4195 3513 4266 ἀρχαιότητος
3545 4196 3787 4264 ὑπεραρ-

2220 4287 2379 4356 θῆναι
2431 4287 2733 4355 δυνήσεται.
2796 4285 2952 4337 Ἀλλὰ
2996 4285 3104 4337 πᾶν
3151 4283 3319 4354 ὃνομα
3352 4284 3511 4345 θεῖον,
3553 4283 3644 4337 καὶ
3678 4283 3788 4334 πᾶν

550 4377 661 4432 Deo
693 4387 1006 4448 competens
1048 4379 1331 4448 cogitatio,
1361 4380 1650 4450 omnisque
1693 4381 1877 4450 lingua
1915 4388 1967 4434 et
2003 4380 2117 4434 exi-

2226 4376 2634 4447 μεγαλοπρεπὲς
2657 4378 2834 4447 νόημα
2857 4415 2871 4439 ,
2903 4377 2992 4428 καὶ
3029 4377 3173 4428 πᾶσα
3201 4375 3438 4443 γλῶσσα,
3467 4374 3557 4426 καὶ
3588 4372 3790 4441 ὑπόλη-

551 4470 813 4535 stimatio,
860 4486 982 4538 quae
1021 4472 1338 4528 notionibus
1379 4474 1445 4527 dc
1498 4472 1606 4528 Deo
1660 4475 1936 4535 convenit,
1987 4488 2118 4526 con-

551 4576 688 4616 nexa
731 4569 784 4614 et
820 4561 971 4614 unita
1007 4568 1092 4615 est
1134 4577 1256 4616 cum
1299 4562 1488 4624 altera,
1533 4577 1831 4632 omnesque
1859 4563 2113 4632 junctiin,

550 4659 757 4723 alisque
810 4652 1239 4722 interruptione,
1284 4662 1336 4707 et
1393 4654 1548 4723 quasi
1601 4655 1655 4707 in
1704 4670 1871 4707 unum
1929 4661 2118 4706 mutuo

549 4753 842 4814 congestae,
897 4745 951 4798 in
1008 4743 1114 4797 Deo
1169 4743 1576 4812 concipiuntur,
1622 4754 1680 4796 ut
1731 4743 2113 4806 mansuetudo,

552 4836 973 4900 innascibilitas,
1003 4835 1262 4904 potentia,
1297 4836 1652 4905 incorruptio,
1689 4835 1927 4896 bonitas,
1965 4843 2119 4902 pote-

551 4939 686 4985 sms.
713 4933 768 4980 et
793 4927 973 4979 omnia
1009 4926 1135 4978 alia.
1170 4923 1286 4978 Non
1330 4928 1476 4980 enim
1503 4926 1722 4995 aliquod
1752 4941 1818 4979 ex
1845 4925 1928 4980 his
1961 4925 2117 4979 attri-

556 5016 702 5070 butis
757 5015 868 5081 Dei,
935 5018 1152 5071 divisim
1208 5018 1364 5086 quasi
1419 5019 1486 5072 ab
1544 5018 1666 5072 aliis
1720 5028 2014 5080 resectum,
2065 5025 2118 5072 et

554 5107 807 5170 seorsim,
839 5108 1135 5162 secundum
1171 5108 1463 5178 temporale
1490 5108 1710 5178 aliquod
1747 5107 2115 5172 intervallum,

553 5213 812 5270 tanquam
863 5203 1034 5255 altero
1069 5200 1220 5272 prius
1270 5201 1353 5256 vel
1385 5203 1656 5270 posterius
1696 5208 1996 5270 spectatur,
2021 5201 2117 5254 sed

555 5292 938 5362 quodcumque
967 5307 1162 5346 nomen
1186 5293 1385 5348 divinae
1411 5292 1824 5362 magniﬁcentia:
1851 5302 1904 5346 et
1932 5292 2116 5359 pietati

553 5398 866 5455 congruens
915 5384 1206 5453 repereri-s,
1253 5383 1386 5438 illud
1437 5384 1728 5438 artcrnitati
1754 5383 1846 5438 Dei
1890 5399 2118 5452 respon—

557 5473 670 5527 det.
707 5471 1174 5537 Quemadmodum
1207 5472 1372 5542 igitur
1399 5489 1674 5543 nunquam
1700 5473 1965 5527 aﬂirmare
1991 5473 2118 5526 licet

558 5564 725 5618 Deum
760 5579 870 5618 non
896 5580 1018 5619 esse
1048 5565 1270 5628 bonum,
1298 5580 1407 5618 non
1431 5565 1668 5634 potentia
1696 5564 2009 5632 prteditum,
2036 5565 2116 5618 vel

559 5654 959 5725 incorruptum,
1014 5656 1098 5710 vel
1147 5655 1507 5710 immortalem
1539 5655 1694 5725 :pari
1746 5654 1905 5709 modo
1948 5655 2117 5724 pictas

2222 4471 2332 4539 ψις,
2359 4473 2477 4532 ταῖς
2504 4471 2629 4537 περὶ
2661 4468 2794 4521 Θεοῦ
2827 4469 3052 4531 ἐννοίαις
3094 4467 3424 4537 ἁρμόζουσα,
3461 4466 3785 4536 συνήρτηται

2226 4561 2359 4631 πρὸς
2402 4562 2498 4630 τὴν
2531 4562 2717 4630 ἑτέραν
2742 4561 2832 4614 καὶ
2856 4561 3078 4629 ἥνωται·
3109 4561 3201 4612 καὶ
3229 4560 3396 4611 πᾶσαι
3426 4557 3565 4610 κατὰ
3590 4558 3648 4609 τὸ
3673 4573 3789 4609 συν-

2224 4653 2340 4722 εχές
2396 4652 2589 4722 ἀθρόαι
2630 4653 2724 4704 καὶ
2761 4651 3264 4722 συγκεκροτημέναι
3312 4652 3428 4720 μετ’
3459 4648 3702 4718 ἀλλήλων
3730 4649 3784 4699 αἱ

2224 4744 2351 4814 περὶ
2373 4743 2464 4796 τοῦ
2500 4742 2633 4794 Θεοῦ
2669 4743 2958 4812 ὑπολήψεις
2990 4741 3565 4811 καταλαμϐάνονται,ή
3593 4737 3788 4808 πατρός
3822 4773 3826 4777 -

2222 4853 2342 4904 της,
2375 4837 2407 4905 ἡ
2443 4835 2750 4903 ἁγεννησία,
2803 4835 2836 4902 ἡ
2868 4833 3126 4904 δύναμις,
3173 4835 3204 4904 ἡ
3234 4832 3509 4902 ἁφθαρσία
3531 4873 3545 4893 ,
3574 4833 3606 4900 ἡ
3648 4832 3786 4898 ἀγα-

2225 4927 2384 4996 θότης
2403 4966 2416 4986 ,
2445 4927 2477 4995 ἡ
2516 4925 2732 4989 ἐξουσία
2752 4967 2766 4990 ,
2809 4926 2876 4977 τὰ
2902 4926 3032 4980 ἄλλα
3062 4925 3253 4978 πάντα·
3287 4925 3346 4976 οὐ
3391 4924 3499 4995 γὰρ
3531 4922 3786 4996 διῃρημέ-

2227 5034 2329 5078 νως
2352 5015 2553 5068 τούτων
2586 5015 2831 5076 ἕκαστον,
2860 5016 2966 5068 τῶν
2995 5016 3192 5068 λοιπῶν
3227 5015 3671 5085 ἀποτετμημένον
3700 5015 3784 5083 ἐφ’

2225 5105 2416 5159 ἐαυτοῦ
2446 5107 2584 5159 κατά
2611 5123 2661 5158 τι
2683 5108 2929 5177 χρονικὸν
2950 5107 3218 5178 διάστημα
3245 5111 3444 5160 νοεῖται
3467 5147 3480 5166 ,
3507 5107 3580 5170 ὡς
3603 5123 3787 5176 προτε-

2228 5197 2382 5268 ρεῦον
2423 5196 2630 5268 ἐτέρου,
2665 5198 2697 5268 ἢ
2735 5198 3084 5269 ἐφεπόμενον·
3131 5199 3242 5251 ἀλλ’
3293 5199 3430 5268 ὅπερ
3469 5197 3534 5252 ἂν
3588 5197 3783 5268 εὑρεθῇ

2228 5287 2639 5359 μεγαλοπρεπές
2678 5306 2737 5342 τε
2780 5289 2876 5343 καὶ⁸
2908 5289 3126 5353 εὐσεϐὲς
3165 5291 3356 5358 ὄνομα,
3408 5293 3474 5361 τῇ
3527 5288 3785 5360 ἀῖδιότητι

2223 5381 2315 5434 τοῦ
2360 5380 2493 5434 Θεοῦ
2529 5383 2967 5453 συνεμφαίνεται.
3020 5383 3106 5446 Ὠς
3138 5380 3227 5437 οῦν
3256 5383 3355 5437 οὐκ
3402 5382 3546 5438 ἐστιν
3589 5386 3784 5446 εἰπεῖν,

2227 5471 2300 5541 μὴ
2334 5466 2471 5524 εἴναί
2501 5489 2627 5526 ποτε
2654 5473 2746 5526 τὸν
2776 5473 2909 5526 Θεὸν
2934 5473 3152 5541 ἀγαθὸν,
3180 5474 3213 5545 ἢ
3241 5474 3484 5539 δυνατὸν,
3509 5474 3544 5546 ἢ
3579 5471 3789 5547 ἀφθαρ-

2222 5580 2331 5629 τον,
2359 5563 2392 5632 ἢ
2429 5562 2710 5617 ἀθάνατονο
2755 5565 2893 5618 κατᾶ
2925 5565 3016 5617 τὸν
3044 5566 3200 5619 αὐτὸν
3229 5567 3425 5637 τρόπον
3457 5563 3646 5628 ἀσεϐές
3673 5567 3786 5617 ἐστι

2226 5654 2300 5724 μὴ
2352 5654 2436 5707 ἀεὶ
2471 5655 2618 5726 αὐτῷ
2657 5661 3093 5731 προσμαρτυρεῖν
3141 5659 3240 5730 τὴν
3290 5657 3621 5731 πατρότητα·
3670 5653 3786 5710 ἀλλ’
