4146 6370
367 523 471 578 ιεδ

1510 525 1791 583 CONTRA
1827 526 2190 584 EUNOMIUM
2210 570 2223 594 ,
2258 530 2385 587 LIB.
2426 531 2468 587 1.

3511 537 3628 593 433'

368 640 593 710 ὕστερον
623 642 1088 712 προσγεγενῆσθαι
1121 642 1317 710 λέγειν.
1359 643 1418 696 '0
1444 644 1552 715 γάρ
1589 645 1801 715 ἀληθῶς
1828 646 1926 700 Παα

2040 647 2229 716 exigit,
2281 656 2337 702 ut
2393 649 2500 701 Deo
2557 665 2770 720 semper
2828 652 3206 721 paternitalem
3254 651 3612 714 ascribamus,

367 736 489 800 τὴρ,
522 731 606 782 ἀεὶ
628 732 835 801 Πατήρ·
864 734 913 783 εί
932 731 991 783 δὲ
1022 732 1095 803 μὴ
1121 732 1344 803 προσείη
1371 732 1432 784 τὸ
1455 734 1539 784 ἀεὶ
1565 736 1630 803 τῇ
1659 735 1934 806 ὁμολογίᾳ,

368 822 504 875 ἀλλά
553 840 634 884 τις
676 822 854 875 ἔννοια
910 823 1050 875 κατὰ
1098 824 1157 876 τὸ
1206 823 1432 894 μάταιον
1477 827 1935 898 προεπινοουμὲνη

369 914 650 986 ἀποτέμοι,
675 917 769 968 καὶ
794 914 1143 967 κολοϐὡσειεν
1166 917 1257 967 ἐπὶ
1280 916 1337 969 τὸ
1359 916 1470 970 ἄνω
1487 920 1586 988 τὴν
1608 900 1699 970 τοῧ
1726 918 1937 987 Πατρὸς

370 1006 597 1065 ἔννοιαν,
625 1007 805 1059 οὐκέτι
842 1006 902 1058 τὸ
943 1006 1155 1076 ἀληθῶς
1194 1007 1383 1077 Πατὴρ
1413 1002 1551 1059 εἶναι
1581 1007 1782 1078 κυρίως
1810 1010 1938 1077 ὁμοο

370 1096 749 1167 λογηθήσεται,
793 1096 894 1166 τῆς
924 1096 1129 1158 ἐννοίας
1153 1096 1365 1168 ἐκείνης
1390 1100 1489 1167 τῆς
1516 1098 1607 1150 τοῦ
1639 1097 1768 1150 Υἱοῦ
1807 1116 1939 1168 προ-

369 1205 581 1240 επινοου
590 1187 775 1258 μένης,
796 1187 1296 1258 παραγραφομὲνης
1322 1189 1381 1240 τὸ
1403 1188 1567 1241 ἀΐδιον
1589 1189 1681 1241 καὶ
1696 1188 1939 1260 διηνεκὲς

367 1285 466 1353 τῆς
496 1284 847 1352 πατρότητος.
893 1282 1016 1345 Πῶς
1066 1283 1173 1353 γὰρ
1212 1282 1437 1334 δυνατὸν
1482 1282 1541 1335 τὸ
1589 1283 1723 1352 μετὰ
1768 1282 1937 1335 ταῦτά

369 1390 499 1425 ποτε
525 1374 809 1443 γενόμενον
837 1372 1071 1426 νοεῖσθαι
1103 1372 1131 1424 ὃ
1160 1372 1253 1424 νῦν
1284 1372 1532 1440 λέγεταις
1565 1374 1627 1425 Εἰ
1654 1368 1747 1425 οὖν
1788 1373 1938 1444 πρῶ-

368 1482 458 1516 τον
486 1466 773 1536 ἀγέννητος
806 1466 880 1519 ὣν
909 1467 1047 1535 μετὰ
1070 1466 1238 1519 ταῦτα
1266 1468 1498 1535 ἐγένετο,
1532 1468 1621 1520 καὶ
1646 1467 1935 1538 ὠνομάσθη

368 1558 579 1626 Πατὴρ,
607 1558 709 1610 οὐκ
750 1559 836 1611 ἀεὶ
875 1555 944 1629 ἦν
991 1560 1205 1619 πάντως
1239 1560 1267 1613 6
1313 1560 1408 1614 νῦν
1437 1561 1779 1631 ὀνομάζεται·
1814 1564 1842 1614 6
1879 1563 1936 1615 δὲ

366 1647 497 1711 θεὸς
522 1648 550 1700 6
572 1648 665 1701 νῦν
687 1651 822 1712 ἐστι,
855 1651 947 1703 καὶ
970 1648 1054 1702 ἀεί
1085 1651 1251 1713 ἐστιν,
1286 1650 1409 1703 οὔτε
1433 1651 1652 1722 χείρων,
1675 1651 1798 1704 οὗτε
1825 1650 1935 1721 βελ.

363 1739 494 1791 τίων
530 1740 594 1791 ὲκ
632 1739 945 1810 προσθήκης
972 1741 1280 1811 γενόμενος,
1313 1741 1435 1795 οὔτε
1464 1761 1515 1796 τι
1543 1744 1668 1798 ἄλλο
1694 1745 1751 1811 ἐξ
1775 1745 1934 1798 ἄλλου

369 1830 791 1900 μεταλαμϐάνων
822 1833 914 1885 καὶ
946 1833 1153 1886 ἁλλοιού
1163 1851 1352 1904 μενος,
1384 1836 1496 1889 ἀλλ’
1527 1838 1555 1889 6
1592 1838 1752 1900 αὑτός
1791 1839 1934 1890 ἐστιν

364 1922 540 1992 ἑαυτῴ
571 1924 677 1976 ἀεί.
711 1925 772 1976 Εἰ
802 1924 899 1994 μὲν
922 1921 1014 1978 οὖν
1048 1928 1148 1979 οὐκ
1176 1924 1242 1997 ἦν
1270 1928 1327 1992 ἐξ
1361 1928 1533 1999 ἀρχῆς
1563 1930 1751 2000 Πατὴρ
1770 1969 1783 1991 ,
1811 1929 1933 1982 οὔτε

2047 755 2219 809 tneque
2251 757 2369 794 eam
2401 742 2674 811 posterius
2706 744 2922 797 tandem
2959 744 3134 799 eidem
3164 743 3455 798 advenisse
3488 751 3616 798 scn-

2045 832 2267 887 tiamus.
2301 833 2433 887 Nam
2460 835 2554 904 qui
2576 849 2702 889 vere
2731 834 2892 889 Pater
2918 846 3023 898 est,
3053 852 3267 906 semper
3300 835 3459 890 Pater
3482 842 3568 890 est
3596 856 3609 889 ς

2044 930 2097 975 ει
2128 921 2233 975 nisi
2282 921 2427 978 istud
2474 940 2674 991 semper
2715 925 2780 977 ad
2824 924 3221 979 confessionem
3266 924 3611 994 adjungatur,

2045 1011 2139 1066 sed
2160 1006 2299 1066 vana
2320 1014 2563 1083 quaedam
2590 1015 2847 1084 cogi1atio
2879 1017 3152 1070 notionem
3178 1015 3354 1070 Patris
3381 1031 3615 1085 superne

2046 1105 2200 1171 quasi
2226 1113 2467 1173 amputet
2497 1116 2551 1160 et
2588 1108 2823 1171 mutilet,
2865 1123 2974 1161 non
3009 1109 3205 1175 poterit
3236 1108 3469 1177 amplius
3495 1122 3616 1175 pro-

2047 1200 2158 1265 prie
2184 1196 2346 1251 Pater
2373 1200 2576 1264 vocari,
2611 1202 2967 1270 conceptione
2993 1201 3103 1259 illa,
3129 1217 3247 1268 qua-
3281 1200 3431 1269 prius
3451 1216 3615 1268 quam

2045 1286 2213 1342 Filius
2251 1290 2486 1351 exsistit,
2525 1291 2757 1356 elicitur,
2794 1291 3280 1345 circumscribente
3315 1290 3612 1359 pateruita-

2045 1379 2115 1433 tis
2190 1381 2545 1435 aeternitatem
2594 1390 2648 1434 et
2696 1397 2964 1450 nusquam
3016 1382 3326 1435 intercisam
3370 1381 3614 1435 duratio-

2042 1484 2185 1524 nem.
2223 1469 2508 1536 Quomodo
2549 1472 2693 1524 enim
2747 1472 2860 1525 ﬁeri
2901 1480 3098 1540 potest,
3138 1482 3197 1524 ut
3234 1470 3380 1540 quod
3426 1480 3609 1539 postea

2041 1562 2243 1616 factum
2276 1569 2383 1627 est,
2431 1561 2484 1614 id
2518 1562 2670 1630 prius
2716 1578 2839 1615 esse
2879 1562 3232 1630 intelligatur,
3277 1559 3423 1629 quod
3467 1574 3613 1614 nunc

2041 1652 2282 1708 dicitur?
2307 1654 2362 1706 Si
2395 1653 2561 1723 igitur
2583 1653 2758 1723 primo
2781 1668 2904 1707 cum
2934 1661 3079 1707 esset
3104 1652 3400 1724 ingenitus,
3426 1659 3623 1722 postea.

2041 1744 2217 1799 factus
2252 1752 2305 1799 et
2335 1745 2637 1814 appellatus
2671 1752 2754 1798 est
2787 1742 2969 1808 Pater,
3002 1744 3223 1797 omnino
3254 1759 3360 1796 non
3398 1758 3613 1812 semper

2039 1844 2158 1892 erat
2191 1836 2274 1901 id,
2299 1836 2445 1908 quod
2475 1852 2619 1890 nunc
2648 1837 2959 1891 nominatur
2994 1854 3006 1890 :
3036 1842 3090 1889 at
3123 1835 3294 1899 Deus,
3327 1836 3468 1904 quod
3502 1834 3611 1901 iam

2039 1936 2145 1991 est,
2187 1943 2405 1999 semper
2434 1938 2540 1993 est,
2581 1937 2635 1982 et
2675 1944 2851 1997 neque
2895 1928 3155 1993 deterior,
3197 1925 3373 1995 neque
3419 1927 3610 1980 melior

366 2012 503 2081 μετὰ
529 2012 701 2067 ταῦτα
731 2015 965 2081 ἐγένετο.
997 2016 1060 2068 Εἰ
1093 2016 1149 2069 δὲ
1174 2018 1514 2087 ὁμολογεῖται
1544 2018 1681 2071 εἶναι
1710 2020 1926 2089 Πατήρ·

2034 2020 2140 2073 ulla
2169 2019 2446 2073 additione
2468 2020 2661 2085 evasit,
2697 2035 2872 2090 neque
2901 2019 3048 2073 aliud
3081 2018 3149 2072 ab
3172 2018 3278 2071 alio
3308 2019 3606 2087 accipiens,

364 2105 524 2157 πάλιν
553 2105 640 2157 τὸν
673 2106 832 2158 αὐτὸν
857 2105 1012 2173 λόγον
1035 2109 1466 2180 ἐπαναλήψομαι·
1497 2110 1576 2162 ὅτι
1604 2111 1650 2161 εί
1676 2110 1768 2163 νῦν
1794 2111 1927 2175 ἐστι,

365 2197 459 2248 καὶ
489 2197 570 2249 ἀεὶ
596 2192 663 2267 ἦν
683 2216 696 2227 ·
731 2198 823 2250 καὶ
853 2200 901 2251 εί
930 2199 1016 2251 ἀεὶ
1048 2195 1135 2269 ἦν,
1184 2202 1276 2252 καὶ
1308 2202 1475 2253 εἰσαεὶ
1508 2201 1683 2253 ἔσται.
1725 2201 1931 2254 Οὐκοῦν

364 2288 454 2342 ἀεὶ
489 2289 676 2358 Πατὴρ
719 2291 746 2341 6
781 2290 987 2359 Πατὴρ,
1031 2290 1105 2360 τῷ
1135 2290 1191 2343 δὲ
1229 2292 1404 2362 Πατρὶ
1452 2291 1929 2360 συνεπινοουμένου

363 2380 577 2443 πάντως
602 2381 695 2434 καὶ
719 2380 810 2434 τοῦ
838 2382 987 2434 Υίοῦ·
1020 2382 1140 2435 οὐδὲ
1157 2384 1263 2453 γάρ
1291 2384 1405 2437 ἐστι
1441 2382 1663 2436 δυνατὸν
1703 2383 1930 2453 βεϐαιω-

360 2471 516 2543 θῆναι
563 2470 656 2524 τοῦ
707 2472 916 2542 Πατρὺς
958 2473 1055 2542 τὴν
1106 2472 1317 2542 κλῆσιν,
1360 2473 1432 2543 μὴ
1469 2472 1597 2525 Υἱοῦ
1641 2472 1736 2543 τὴν
1766 2490 1926 2544 προσ-

359 2558 584 2628 ηγορίαν
605 2559 1050 2629 ἐπαληθεύοντος,
1076 2561 1167 2613 καὶ
1193 2560 1259 2613 τὰ
1289 2560 1365 2630 τῷ
1392 2562 1566 2632 Πατρὶ
1586 2561 1930 2633 θεωρούμενα

358 2651 535 2702 πάντα
550 2652 642 2703 καὶ
664 2653 753 2702 ἐπὶ
767 2651 859 2703 τοῦ
885 2651 1015 2704 fio-3
1038 2652 1353 2722 καθορᾶται.
1374 2653 1556 2706 Πάντα
1579 2653 1687 2724 γὰρ
1706 2654 1805 2705 ὅσα
1819 2653 1928 2723 ἔχει

357 2740 606 2810 ὁΠατὴρ,
629 2741 721 2793 τοῦ
744 2742 872 2795 Υἱοῦ
905 2744 1037 2795 ἐστι·
1072 2744 1165 2795 καὶ
1186 2744 1251 2795 τά
1280 2742 1373 2795 τοῦ
1402 2744 1533 2796 Υίοῦ
1566 2745 1742 2797 πάντα
1765 2746 1791 2796 6
1818 2746 1929 2796 Πα-

357 2835 458 2904 τὴρ
505 2834 637 2904 ἔχει.
679 2836 736 2888 '0
788 2836 975 2907 Πατὴρ
1018 2831 1158 2900 εἷπε,
1207 2837 1276 2890 τὰ
1321 2837 1412 2889 τοῦ
1462 2836 1610 2901 Υἱοῦ,
1652 2837 1725 2900 ὡς
1756 2837 1822 2889 ἂν
1855 2836 1927 2907 μὴ

357 2925 500 2997 ἐξείη
550 2927 625 2998 τῷ
672 2928 983 3001 συκοφάντῃ
1023 2928 1560 3001 συμπεριλαμϐάνειν
1604 2929 1929 2999 ὲπηρεαστι-

356 3019 467 3083 κῶς
499 3037 613 3083 πως
654 3021 808 3079 πᾶσι,
839 3021 933 3072 καὶ
964 3020 1025 3073 τὸ
1069 3008 1145 3091 μὴ
1183 3020 1538 3091 γεγεννῆσθαι
1568 3020 1658 3072 τὸν
1692 3019 1837 3083 Υἱὸν,
1870 3020 1927 3071 ἐν

353 3110 431 3179 τῷ
466 3110 665 3178 λέγειν,
697 3111 899 3165 Πάντα
936 3111 1007 3165 τὰ
1055 3112 1148 3164 τοῦ
1174 3112 1382 3181 Πατρὸς
1406 3111 1497 3163 τὸν
1541 3112 1666 3163 Υἰὸν
1698 3110 1860 3180 ἔχειν,
1892 3110 1923 3180 ἢ

356 3200 515 3255 πάλιν
542 3202 633 3254 τὸν
670 3202 925 3271 γεννητὸν
966 3197 1105 3254 εἶναι
1134 3202 1229 3255 καὶ
1268 3203 1357 3254 τὸν
1388 3202 1627 3273 Πατέρα.
1660 3205 1717 3255 ἑν
1744 3201 1819 3271 τῷ
1859 3202 1927 3254 τὰ

353 3292 447 3345 τοῦ
478 3293 607 3345 Υἱοῦ
640 3294 815 3346 πάντα
844 3296 901 3347 ὲν
934 3293 1010 3364 τῷ
1033 3294 1206 3363 Πατρὶ
1236 3292 1587 3363 καθορᾶσθαι.
1616 3294 1799 3346 Πάντα
1819 3292 1925 3362 γάρ

356 3381 424 3434 τά
448 3381 542 3434 τοῦ
575 3383 785 3452 Πατρὸς
815 3382 927 3451 ἔχει
965 3384 992 3435 6
1024 3382 1170 3445 Υἱὸς,
1195 3382 1314 3452 οὐχὶ
1340 3383 1527 3452 Πατήρ
1560 3382 1707 3447 seu;
1748 3382 1841 3433 καὶ
1869 3381 1928 3433 τὸ

355 3471 609 3542 ἔμπαλιν,
639 3474 707 3525 τὰ
736 3473 828 3525 τοῦ
860 3472 991 3526 Υἱοῦ
1017 3473 1196 3526 πάντα
1226 3475 1281 3525 ὲν
1309 3472 1386 3543 τῷ
1411 3475 1586 3545 Ila-cpt
1626 3474 1925 3546 θεωρεῖται,

354 3564 475 3634 οὐχὶ
511 3564 637 3627 Υἱός
667 3566 811 3618 ἐστιν
838 3587 852 3635 ;

2032 2128 2209 2181 neque
2251 2111 2605 2165 mutationem
2643 2112 2889 2176 subiens,
2918 2126 3130 2180 semper
3163 2111 3302 2164 idem
3343 2111 3446 2164 sibi
3495 2111 3623 2179 ipse

2031 2213 2135 2257 εει.
2172 2201 2228 2256 Si
2261 2202 2425 2272 igitur
2457 2217 2564 2256 non
2590 2210 2709 2256 erat
2737 2203 2806 2257 ab
2830 2203 2985 2256 initio
3016 2202 3201 2266 Pater,
3223 2218 3398 2272 neque
3423 2192 3619 2270 postea.

2031 2291 2191 2346 Pater
2238 2291 2413 2346 lactus
2450 2300 2553 2345 est.
2603 2291 2661 2345 Si
2710 2300 2890 2345 autem
2939 2292 2995 2345 in
3032 2290 3286 2346 confesso
3331 2297 3434 2355 est,
3482 2305 3608 2343 eum

2030 2395 2176 2434 nunc
2227 2394 2350 2434 esse
2394 2378 2607 2433 Patrem
2642 2397 2655 2432 :
2694 2379 2835 2434 idem
2881 2394 3147 2448 namque,
3182 2378 3325 2449 quod
3359 2390 3485 2431 ante
3525 2378 3609 2431 di-

2036 2481 2181 2525 ctum
2206 2479 2312 2532 est,
2338 2479 2578 2539 repetam
2609 2489 2620 2521 :
2653 2471 2899 2539 sequitur
2931 2486 3143 2539 semper
3170 2469 3338 2523 fuisse
3369 2467 3605 2532 Patrem,

2030 2570 2085 2613 et
2130 2560 2175 2614 si
2218 2574 2430 2629 semper
2484 2557 2647 2613 Pater
2704 2569 2843 2623 erat,
2891 2574 3107 2628 semper
3150 2561 3314 2613 etiam
3368 2561 3605 2628 posteris

2031 2653 2247 2708 sazculis
2280 2653 2404 2707 erit.
2440 2650 2668 2721 Semper
2695 2654 2855 2723 igitur
2885 2651 3045 2706 Pater
3071 2661 3175 2717 est,
3211 2660 3264 2706 et
3294 2653 3393 2706 fuit
3420 2652 3603 2717 Pater,

2030 2760 2359 2815 semperque
2409 2759 2531 2797 cum
2568 2744 2729 2798 Patre
2774 2742 2949 2798 Filius
2985 2744 3301 2799 indivisihili
3340 2760 3482 2798 nexu
3523 2760 3609 2798 co-

2031 2836 2249 2903 pulatus
2315 2840 2475 2888 erat:
2510 2849 2683 2903 neque
2730 2835 2874 2887 enim
2917 2834 3099 2888 Patris
3139 2834 3431 2904 appellatio
3469 2848 3605 2887 eon-

2030 2926 2259 2979 stabiliri
2312 2934 2511 2993 potest,
2562 2926 2666 2979 nisi
2710 2923 2881 2980 Filius
2915 2942 3032 2979 eam
3076 2940 3258 2979 veram
3308 2924 3495 2980 faciat.
3544 2925 3607 2979 Et

2028 3015 2231 3078 omnia,
2268 3031 2388 3084 quae
2414 3015 2560 3069 Patri
2596 3017 2807 3082 insunt,
2842 3018 3005 3071 etiam
3037 3017 3176 3071 Filio
3213 3019 3400 3072 insunt
3435 3034 3607 3072 :iom-

2029 3107 2117 3159 nia
2155 3106 2303 3161 enim
2345 3122 2467 3175 qua:
2501 3106 2660 3161 Pater
2706 3107 2886 3173 habet,
2920 3106 3040 3161 Filii
3084 3115 3213 3163 sunt
3246 3127 3259 3160 :
3293 3117 3347 3162 et
3397 3110 3605 3171 omnia,

2027 3210 2149 3264 qua:
2176 3204 2308 3250 sunt
2346 3194 2492 3260 Filii,
2524 3196 2687 3251 Pater
2720 3198 2899 3252 habet.
2931 3197 3145 3265 Omnia,
3177 3199 3314 3253 dixit
3346 3198 3602 3260 Filius”.

2031 3303 2095 3342 ne
2144 3289 2271 3357 quis
2328 3289 2697 3342 calumniator
2752 3291 3006 3345 omnibus
3065 3292 3303 3346 illudens
3359 3303 3603 3362 oggerat,

2037 3379 2201 3433 etiam
2257 3380 2546 3449 ingenitum
2598 3394 2719 3435 esse
2768 3392 3078 3450 competere
3130 3381 3303 3446 Filio,
3353 3399 3418 3437 eo
3457 3384 3602 3452 quod

2035 3471 2251 3533 dixerit,
2282 3471 2460 3524 omnia
2486 3470 2663 3526 Patris
2690 3471 2888 3525 habere
2920 3470 3134 3538 Filium,
3176 3474 3259 3527 vel
3302 3488 3332 3528 e
3376 3483 3599 3529 contra-

2030 3561 2113 3614 rio
2168 3561 2399 3629 genitum
2452 3577 2574 3616 esse
2623 3562 2917 3617 convenire
2965 3562 3136 3627 Patri,
3189 3566 3333 3635 quod
3400 3567 3602 3621 dixerit

351 3658 533 3711 omnia
564 3656 683 3711 Filii
732 3659 785 3711 in
826 3657 983 3712 Patre
1030 3658 1253 3712 inesse:
1286 3673 1410 3712 nam
1458 3657 1503 3712 si
1550 3657 1734 3711 omnia
1775 3670 1896 3725 quae
1931 3652 2106 3707 Patris
2154 3660 2315 3719 sunt,
2355 3651 2527 3707 Filius
2560 3652 2744 3717 habet,
2792 3668 2975 3708 nonne
3007 3652 3169 3709 Pater
3208 3657 3350 3711 erit?
3423 3658 3483 3713 Et
3553 3661 3602 3717 si

351 3753 533 3806 omnia
564 3768 684 3822 qua:
710 3764 837 3807 sunt
870 3752 1013 3819 Filii,
1054 3753 1108 3806 in
1148 3752 1308 3807 Patre
1344 3754 1718 3817 inveniuntur,
1752 3764 1934 3805 nonne
1972 3746 2144 3801 Filius
2172 3748 2309 3801 erit!

422 3846 484 3897 Ei
510 3842 599 3898 οὖν
626 3849 681 3897 ὲν
701 3844 778 3915 τῷ
802 3847 1090 3912 Μονογενεῖ
1106 3844 1174 3897 τὰ
1193 3844 1285 3897 τοῦ
1317 3845 1524 3916 Πατρὸς
1550 3845 1744 3905 πάντα,
1773 3837 1923 3902 οὗτος

350 3937 407 3991 δὲ
441 3940 497 3989 ὲν
535 3937 610 4007 τῷ
647 3937 839 4008 Πατρὶ,
882 3939 916 4007 ἡ
955 3936 1012 3989 δὲ
1054 3937 1327 4007 πατρότης
1366 3937 1462 4006 τῆς
1496 3933 1814 4003 ἁγεννησίας
1862 3934 1921 3985 οὐ

350 4030 729 4099 διατέτμηται,
784 4028 834 4081 τί
887 4028 991 4099 πρὸ
1031 4031 1127 4099 τῆς
1156 4026 1248 4080 τοῦ
1283 4027 1411 4081 Υἱοῦ
1451 4027 1656 4089 ἑννοίας
1689 4041 1920 4095 κεχωρι-

354 4120 563 4189 σμένως
593 4122 675 4187 ἐφ’
701 4118 890 4171 ἑαυτοῦ
914 4119 1054 4172 κατά
1074 4137 1126 4171 τι
1156 4119 1425 4189 διάστημα
1448 4117 1573 4189 περὶ
1596 4117 1687 4171 τὸν
1710 4118 1923 4186 Πατέρα

350 4212 587 4265 νοεῖσθαι
620 4212 870 4274 δύναται,
903 4210 1013 4279 ἐγὼ
1056 4211 1154 4281 μὲν
1185 4212 1244 4264 οὐ
1288 4211 1515 4281 συνορῶ.
1556 4210 1763 4264 Οὐκοῦν
1789 4209 1922 4277 ἁφό-

351 4303 461 4366 ϐως
506 4302 652 4355 ἔστιν
696 4301 1169 4373 ἐπιθαρσήσαντας
1212 4304 1323 4365 τοῖς
1368 4302 1793 4373 προφερομένοις
1835 4300 1922 4354 διὰ

351 4392 446 4446 τοῦ
498 4392 826 4462 σοφίσματος
875 4394 1006 4461 ἡμῖν
1076 4391 1239 4461 ὁμόσε
1284 4394 1563 4461 χωρῆσαι,
1618 4393 1710 4445 καὶ
1760 4391 1922 4462 μηδὲν

352 4483 682 4551 πτοηθέντας
720 4483 814 4535 τοῦ
858 4481 1211 4552 συλλογισμοῦ
1263 4482 1363 4551 τὴν
1407 4482 1641 4553 γοργόνα
1688 4482 1786 4551 τὴν
1830 4484 1924 4534 ἐπὶ

349 4574 683 4645 καταπλήξει
711 4574 817 4626 τῶν
855 4574 1054 4627 παίδων
1087 4575 1499 4643 σεσοφισμένην,
1544 4575 1741 4637 εἰπεῖν,
1774 4574 1853 4626 ὅτι
1897 4574 1924 4625 6

2102 3837 2157 3890 Si
2201 3838 2368 3906 igitur
2416 3838 2600 3890 omnia
2649 3834 2828 3891 Patris
2872 3845 3000 3890 sunt
3051 3837 3103 3890 in
3152 3836 3464 3909 Unigenito,
3516 3843 3602 3898 hic

2031 3943 2157 3982 vero
2188 3940 2273 3983 est
2312 3929 2366 3981 in
2417 3928 2600 3989 Patre,
2632 3929 2938 3999 paternitas
2968 3943 3099 3983 vero
3146 3930 3213 3983 ab
3260 3931 3603 3987 innascibili-

2029 4028 2136 4074 tate
2173 4036 2279 4074 non
2319 4021 2649 4090 sejuugitur,
2685 4019 2943 4088 quidnam
2984 4030 3108 4073 ante
3136 4019 3257 4074 Filii
3301 4024 3598 4089 notionem,

2030 4109 2345 4178 separatim,
2374 4124 2471 4178 per
2502 4125 2583 4173 se,
2618 4118 2670 4163 et
2702 4109 3003 4163 secundum
3029 4109 3300 4177 quoddam
3338 4112 3601 4166 interval-

2029 4200 2162 4263 lum,
2195 4199 2488 4267 concipere
2522 4198 2647 4267 quis
2684 4199 2881 4268 possit,
2911 4213 3010 4268 ego
3043 4215 3149 4252 non
3186 4199 3455 4270 intelligo.
3496 4200 3603 4271 Igi-

2025 4301 2117 4344 tur
2146 4290 2418 4360 intrepide
2453 4299 2507 4344 et
2536 4290 2763 4345 ﬁdenter
2789 4306 2852 4344 ea
2877 4306 2997 4359 quae
3029 4291 3082 4344 in
3113 4291 3451 4360 sophismate
3493 4295 3598 4348 isto

2026 4382 2188 4437 nobis
2237 4382 2595 4450 objiciuntur,
2641 4381 3043 4452 aggredientes,
3096 4383 3344 4451 nihilque
3376 4384 3599 4455 syllogi-

2024 4473 2127 4525 Sili
2164 4472 2327 4541 hujus
2355 4474 2811 4527 terriculamento
2853 4474 3040 4543 pueris
3074 4473 3595 4543 perterrefaciendis

2026 4563 2356 4633 excogitato,
2403 4562 2692 4625 retardati,
2751 4561 3101 4625 aﬂirmamus,
3152 4562 3316 4617 Deum
3369 4572 3423 4618 et
3469 4580 3597 4619 sau-

349 4668 501 4733 Θεὸς,
529 4668 622 4720 καὶ
651 4666 805 4733 ἆγιος
824 4705 840 4730 ,
868 4666 960 4718 καὶ
984 4665 1266 4727 ἀθάνατος,
1293 4667 1386 4717 καὶ
1420 4665 1627 4735 Πατὴρ,
1662 4666 1752 4717 καὶ
1768 4665 1921 4731 ἀγέν-

2031 4661 2196 4716 ctum,
2226 4664 2279 4706 et
2317 4653 2700 4715 immortalem,
2732 4662 2787 4706 et
2817 4651 3055 4713 Patrem,
3092 4661 3145 4705 et
3187 4653 3507 4722 ingenitum,
3540 4661 3597 4708 et

287 4784 295 4791 -
351 4776 528 4829 νητος,
555 4757 648 4811 καὶ
668 4757 857 4822 ἀΐδιος,
890 4757 983 4810 καὶ
1005 4755 1139 4826 ὁμοῦ
1170 4755 1239 4808 τὰ
1272 4755 1447 4808 πάντα
1472 4755 1606 4807 ἐστί’
1642 4752 1742 4805 κᾶν
1778 4754 1837 4805 ἓν
1869 4770 1920 4805 τι

350 4850 458 4902 τῶν
489 4848 724 4911 εὐσεϐῶς
772 4847 898 4918 περί
944 4845 1108 4899 αὑτοῦ
1148 4846 1452 4915 λεγομένων
1496 4843 1617 4898 καθ’
1664 4843 1921 4896 ὑπόθεσιν

351 4940 428 5009 μὴ
451 4935 590 4991 εἷναι
613 4937 738 5008 δῷς,
764 4936 832 4991 τὰ
858 4938 1034 4990 πάντα
1055 4937 1133 5006 τῷ
1172 4938 1254 4989 ἐνὶ
1285 4935 1671 5007 συνανῄρηται.
1698 4936 1772 4987 Οὐ
1811 4936 1919 5005 γάρ

351 5037 465 5086 ἐστι
487 5032 728 5096 δυνατὸν,
754 5031 846 5084 ἐὰν
882 5028 956 5100 μὴ
983 5028 1245 5089 ἀθάνατος
1275 5022 1332 5101 ᾗ,
1373 5026 1440 5079 τὰ
1459 5026 1619 5079 λοιπὰ
1656 5021 1814 5079 εἶναι.
1854 5027 1918 5077 Ὃ

256 5118 261 5125 ’
352 5123 410 5176 δὲ
435 5121 529 5175 ἐπὶ
549 5120 744 5191 μέρους
766 5118 999 5191 εἴρηται,
1021 5116 1245 5170 καθόλου
1276 5116 1517 5169 νοείσθω.
1541 5116 1747 5169 Οὐκοῦν
1769 5115 1917 5167 οὐδὲν

351 5214 479 5285 περὶ
525 5213 684 5266 αὑτὸν
730 5212 853 5265 οὔτε
902 5212 1345 5282 προγενέστερον,
1396 5208 1518 5261 οὕτε
1562 5206 1843 5278 νεώτερον,
1883 5206 1915 5275 ἢ

347 5304 518 5367 οὕτως
557 5301 623 5356 ἂν
652 5301 1002 5373 εὑρεθήσεται
1024 5298 1391 5371 πρεσϐύτερος
1419 5296 1581 5359 αὐτὸς
1606 5296 1799 5349 ἑαυτοῦ
1828 5297 1921 5347 καὶ

347 5393 629 5464 νεώτερος.
665 5395 725 5445 Εἰ
748 5392 855 5464 γὰρ
903 5393 975 5463 μὴ
1017 5392 1244 5444 πάντοτε
1285 5389 1459 5442 πάντα
1498 5387 1641 5440 ἐστὶν
1685 5389 1713 5440 6
1753 5386 1917 5450 Θεὸς,

347 5484 483 5538 ἀλλὰ
512 5484 653 5537 κατά
672 5499 794 5537 τινα
816 5483 967 5547 τάξιν
1003 5482 1097 5536 καὶ
1123 5479 1462 5543 ἀκολουθίαν,
1491 5479 1551 5532 τὸ
1581 5478 1678 5548 μέν
1706 5477 1757 5531 τί
1782 5479 1920 5541 ἐστι,

346 5575 408 5627 τὸ
440 5574 497 5627 δὲ
528 5574 769 5642 γίνεται,
808 5572 1050 5635 σύνθεσις
1078 5572 1134 5625 δὲ
1176 5572 1305 5641 περὶ
1331 5570 1490 5623 αὑτὸν
1525 5568 1765 5638 οὐδεμία’
1800 5567 1915 5619 ἀλλ’

349 5667 492 5737 ἆπερ
523 5665 588 5721 ἂν
613 5662 678 5738 ᾗ,
711 5665 829 5729 ὅλος
853 5664 1001 5717 ἐστί’
1032 5664 1169 5717 κατὰ
1197 5663 1254 5715 δὲ
1292 5661 1386 5715 τὸν
1414 5663 1509 5732 τῆς
1541 5661 1802 5732 αἱρέσεως
1830 5660 1916 5712 λό-

349 5776 465 5828 γον,
500 5758 761 5829 πρότερον
784 5757 1069 5827 ἀγέννητος
1095 5753 1167 5807 ὢν
1203 5754 1337 5826 μετὰ
1359 5753 1529 5809 ταῦτα
1565 5753 1769 5823 γίνεται
1799 5753 1913 5807 Πα-

420 5939 466 5970 ⁵³
487 5935 647 5993 Joan.
679 5952 809 6002 κω,
847 5934 928 5990 10.

2022 4754 2312 4810 :eternum,
2345 4753 2399 4798 et
2426 4744 2590 4798 simul
2618 4745 2802 4798 omnia
2842 4759 2965 4797 esse
3001 4763 3012 4797 :
3048 4756 3099 4798 et
3130 4745 3176 4798 si
3210 4744 3386 4814 posita
3420 4745 3594 4816 hypo-

2023 4835 2400 4904 thesi,aliquid
2433 4851 2647 4900 eorum,
2679 4850 2800 4906 quae
2824 4836 2892 4890 de
2928 4833 3037 4889 Deo
3060 4835 3364 4890 orthodoxe
3398 4836 3595 4890 dicun-

2022 4939 2133 4989 tur,
2162 4926 2481 4992 sustuleris,
2519 4925 2703 4980 omnia
2730 4926 2836 4978 alia
2870 4926 3033 4979 simul
3075 4941 3200 4979 cum
3243 4926 3350 4979 isto
3384 4926 3596 4979 sublata

2018 5026 2165 5073 sunt.
2201 5016 2319 5072 Non
2357 5020 2502 5072 enim
2536 5017 2650 5071 ﬁeri
2686 5026 2917 5086 poterat,
2956 5024 3016 5069 ut
3045 5016 3090 5071 si
3130 5017 3452 5072 immortalis
3487 5033 3594 5070 non

2019 5119 2186 5175 esset,
2225 5110 2435 5179 reliqua
2462 5116 2630 5164 esset.
2679 5108 2743 5162 Et
2771 5109 2915 5178 quod
2950 5109 3017 5164 de
3052 5124 3161 5162 uno
3192 5107 3245 5161 in
3279 5109 3597 5177 particulari

2020 5202 2225 5254 dictum
2252 5208 2357 5263 est,
2391 5199 2457 5252 de
2481 5198 2737 5252 omnibus
2766 5198 3062 5253 universim
3104 5197 3457 5267 intelligatur.
3493 5198 3598 5251 Ita-

2021 5308 2127 5363 que
2162 5291 2296 5345 nihil
2330 5293 2383 5343 iu
2418 5290 2512 5343 illo
2552 5288 3028 5363 antiquius,‘nihil
3071 5291 3344 5345 recentius
3370 5297 3476 5352 εει,
3510 5291 3597 5343 ηἰ-

2023 5386 2101 5440 hil
2134 5385 2285 5454 prius
2316 5389 2406 5435 aut
2439 5383 2733 5453 posterius,
2771 5391 2829 5435 ut
2855 5396 2921 5436 ne
2951 5380 3032 5435 sic
3059 5381 3278 5451 quidem
3308 5383 3489 5451 seipso
3522 5383 3596 5438 sit

2023 5477 2206 5532 senior
2246 5482 2299 5531 et
2339 5472 2547 5544 juuior.
2609 5473 2667 5527 Si
2710 5473 2855 5527 enim
2908 5473 3050 5530 Deus
3098 5489 3207 5529 non
3253 5490 3468 5545 seraper
3510 5483 3596 5529 est

2021 5569 2237 5633 omnia,
2286 5568 2377 5621 sed
2426 5565 2620 5619 ordine
2670 5566 2909 5635 quodam
2955 5575 3011 5619 et
3064 5566 3438 5629 successione,
3491 5564 3595 5619 hoc

2022 5659 2239 5730 quidem
2263 5666 2370 5720 est,
2399 5655 2533 5710 illud
2569 5654 2649 5721 tit,
2679 5656 2733 5710 in
2759 5655 2854 5711 illo
2873 5663 3053 5711 autem
3091 5657 3236 5711 nulla
3266 5655 3593 5725 compositio

2024 5754 2203 5807 locum
2238 5750 2419 5817 habet,
2450 5749 2544 5807 sed
2571 5762 2929 5819 quacumque
2956 5755 3063 5815 est,
3098 5762 3163 5802 ea
3197 5755 3346 5801 totus
3379 5755 3486 5813 est,
3534 5756 3593 5802 ut
