4146 6370
530 467 637 524 655

1739 474 1799 528 8.
1821 472 2147 531 GREGORII
2177 476 2470 532 NYSSENI

3671 482 3777 539 £35

532 597 658 637 vero
686 580 935 635 heretica
973 582 1220 639 doctrina
1252 585 1434 649 habet,
1466 588 1617 658 prius
1654 587 1754 643 fuit
1796 591 2086 662 ingenitus.

2213 596 2316 667 τὴρ,
2366 597 2617 665 οὐδεμιᾶς
2668 596 2901 667 σωρείας
2944 596 3391 667 ἐπιτηδευμάτων
3440 597 3565 667 περὶ
3610 598 3776 653 αὐτὸν

530 677 720 739 postea
749 669 926 733 Pater,
961 675 1113 727 nulla
1148 675 1531 731 attribntorum
1557 679 1879 735 collectione
1902 683 1955 735 in
1981 684 2098 752 ipso

530 770 777 832 spectata
823 782 837 816 :
869 765 1000 817 nihil
1038 765 1181 819 aliud
1217 770 1484 835 sequitur,
1518 783 1679 837 quam
1723 773 1897 840 ipsum
1930 781 2099 827 totum

532 853 719 921 seipso
775 862 890 906 toto
940 856 1174 922 priorem
1219 863 1272 909 et
1306 847 1664 925 posteriorem
1701 875 1844 924 esse,
1899 870 1952 915 et
1981 862 2105 930 qui-

531 942 653 996 dem
685 946 984 999 secundum
1017 947 1495 1001 innascibilitatcm
1532 950 1712 1018 seipso
1745 952 2005 1019 priorem,
2048 962 2105 1006 at

533 1034 833 1087 secundum
861 1035 1038 1090 Patris
1074 1038 1343 1090 notionem
1371 1040 1551 1106 seipso
1574 1042 1927 1106 posteriorem
1958 1057 2101 1097 esse.

533 1122 800 1179 therum
832 1128 901 1189 si,
935 1138 993 1180 ut
1020 1126 1289 1197 Propheta
1316 1131 1469 1193 dicit,
1504 1129 1637 1183 idem
1662 1131 1771 1199 ipse
1804 1140 1903 1193 est,
1932 1146 2104 1186 vanus

532 1227 634 1280 est,
690 1219 942 1287 quisquis
986 1222 1203 1285 asserit,
1245 1236 1393 1283 eum,
1441 1224 1761 1292 priusquam
1811 1224 2103 1292 generarit,

534 1324 643 1361 non
695 1309 864 1364 fuisse
909 1312 1232 1381 ingenitum,
1265 1313 1393 1381 quia
1439 1323 1693 1367 neutrum
1739 1315 1934 1369 horum
1986 1316 2106 1371 sine

534 1402 708 1455 altero
740 1404 1035 1471 reperitur,
1072 1420 1246 1473 neque
1284 1403 1463 1459 Patris
1486 1421 1705 1467 nomen,
1750 1422 1924 1475 neque
1951 1407 2103 1477 inge-

535 1495 659 1558 niti,
693 1495 789 1549 sed
835 1496 998 1550 simul
1038 1497 1140 1549 ista
1190 1497 1300 1550 duo
1334 1505 1388 1551 et
1438 1497 1779 1566 conjunctim
1828 1499 2104 1553 mentibus

534 1591 683 1639 recte
711 1584 777 1639 de
808 1584 916 1640 Deo
946 1587 1295 1640 sentientium
1334 1587 1723 1656 ingenerantur
1753 1606 1765 1640 :
1800 1602 1924 1640 nam
1956 1595 2009 1640 et
2038 1587 2105 1641 ab

537 1682 743 1729 aaterno
772 1675 914 1731 Deus
950 1687 1036 1731 est
1061 1676 1241 1743 Pater,
1277 1687 1331 1732 et
1358 1676 1523 1732 Pater
1552 1686 1812 1741 aeternus,
1841 1686 1894 1733 et
1920 1681 2105 1732 omnia

537 1764 666 1823 alia,
704 1782 825 1835 qua:
854 1767 1105 1835 religiose
1131 1768 1198 1822 de
1222 1767 1331 1822 Deo
1360 1770 1748 1837 praniicantur,
1779 1768 1941 1822 simul
1969 1784 2105 1838 prte-

536 1855 813 1921 dicantur,
848 1858 1087 1919 seclusa,
1115 1866 1175 1911 ut
1204 1858 1463 1921 diximus,
1494 1858 1643 1913 omni
1679 1859 1940 1927 temporis
1977 1875 2103 1927 spa-

538 1946 615 2000 tio
641 1947 708 2000 ab
732 1948 823 2001 illa
862 1958 1080 2012 natura,
1121 1964 1243 2018 qua:
1268 1951 1449 2003 omnia
1483 1949 1681 2004 saecula
1713 1950 2006 2004 antecedit.

613 2035 900 2092 Videamus
953 2046 1007 2093 et
1054 2038 1262 2107 reliqua
1312 2038 1626 2093 dialectices
1684 2040 1937 2092 acumina
1986 2054 2109 2109 quae

536 2129 653 2197 ipse
688 2128 918 2182 ridicula
946 2141 995 2183 et
1037 2130 1335 2183 miseranda
1370 2146 1491 2185 esse
1518 2131 1613 2185 ait.
1653 2130 1794 2186 Vere
1835 2130 2105 2200 profecto.

537 2219 745 2275 Revera
791 2222 935 2275 enim
980 2238 1042 2277 ea
1100 2238 1221 2292 qua:
1271 2222 1375 2277 iste
1426 2224 1657 2286 asserit,
1697 2224 1972 2293 copiosam
2036 2222 2112 2276 ri-

536 2312 699 2367 dendi
735 2315 1016 2368 materiam
1055 2316 1374 2379 continent,
1406 2318 1490 2371 vel
1532 2316 1714 2386 potius
1760 2331 1983 2371 causam
2027 2318 2113 2371 lu-

537 2406 695 2473 gendi
722 2444 736 2467 ,
766 2405 836 2459 ob
873 2406 1097 2476 impium
1132 2424 1409 2473 errorem,
1440 2410 1531 2478 qui
1569 2410 1782 2463 animos
1817 2409 2025 2463 detinet
2056 2415 2113 2463 et

538 2506 789 2566 occupat.
822 2498 957 2552 Cum
988 2501 1133 2553 enim
1168 2500 1353 2562 Pater,
1389 2500 1691 2555 secundum
1721 2501 1997 2571 quoddam
2035 2500 2113 2555 si-

538 2588 856 2655 gniﬁcatum
878 2629 894 2655 ,
923 2590 1085 2644 etiam
1124 2589 1349 2659 ingeniti
1381 2590 1661 2644 notionem
1694 2590 2111 2658 complectatur,

537 2686 595 2728 ut
619 2688 803 2731 nostra
831 2676 935 2732 lert
960 2680 1261 2744 sententia,
1288 2680 1414 2741 iste,
1441 2688 1660 2749 arrepta
1687 2680 1904 2749 propria
1932 2677 2111 2731 Patris

538 2767 968 2837 signiﬁcatione,
1009 2770 1081 2823 ita
1135 2780 1325 2823 contra
1382 2771 1671 2839 ingenitum
1719 2771 2011 2839 disputat:
2051 2768 2114 2823 Si

535 2862 675 2913 enim
710 2861 846 2913 idem
876 2871 952 2915 est
982 2862 1245 2932 ingenitus
1279 2871 1327 2916 et
1362 2838 1567 2927 Pater”:
1586 2861 1760 2915 licebit
1810 2863 1957 2914 nobis
1980 2900 1994 2924 ,
2031 2879 2114 2915 re-

538 2949 661 3003 licto
695 2948 876 3004 Patris
908 2952 1159 3005 vocabulo
1179 2991 1193 3014 ,
1228 2960 1276 3004 et
1308 2961 1579 3019 assumpto
1611 2952 1830 3021 ingeniti
1867 2953 2074 3005 nomine
2095 2992 2110 3016 ,

537 3039 748 3092 dicere:
785 3038 1057 3110 Ingenilus
1094 3040 1224 3095 Filii
1253 3050 1330 3095 est
1364 3043 1645 3110 ingenitus.
1687 3040 1834 3093 Sicut
1865 3042 2002 3094 enim
2038 3042 2114 3094 in-

536 3132 741 3200 genitus
773 3143 850 3185 est
883 3132 1017 3186 Filii
1049 3133 1235 3198 Pater,
1268 3135 1345 3187 ita
1388 3136 1617 3188 vicissim
1664 3132 1794 3187 Filii
1843 3135 2109 3203 ingenitus

537 3234 615 3275 est
650 3222 828 3279 Pater.
856 3223 1014 3279 Subit
1045 3226 1301 3279 admirari
1336 3224 1663 3279 Eunomium
1696 3227 1765 3278 ob
1797 3225 2073 3279 solertiam
2097 3267 2112 3291 ,

2205 688 2515 757 νοουμένης.
2545 687 2695 740 οὐδὲν
2722 688 2867 750 ἄλλο,
2896 689 2927 755 ἢ
2950 689 3070 751 ὅλος
3095 688 3256 750 αὐτὸς
3283 688 3474 741 ἑαυτοῦ
3498 688 3618 742 ὅλου
3645 707 3779 760 πρε-

2207 779 2463 849 σϐύτερός
2484 796 2540 831 τε
2572 781 2665 832 καὶ
2692 781 3144 851 μεταγενέστερος
3165 781 3389 848 γίνεταιο
3419 782 3561 834 κατὰ
3595 782 3693 852 μὲν
3716 782 3780 835 τὸ

2204 870 2517 941 ἀγέννητον,
2544 870 2734 923 ἑαυτοῦ
2766 869 3127 942 προτερεύων,
3158 872 3298 926 κατὰ
3328 871 3385 924 δὲ
3410 874 3508 941 τὴν
3533 872 3626 924 τοῦ
3660 873 3775 925 Πα-

2204 962 2333 1030 τρός
2362 961 2587 1023 ἔννοιαν,
2613 961 2806 1015 ἑαυτοῦ
2830 964 3116 1032 γενόμενος
3147 962 3414 1033 δεύτερος⁸
3443 966 3491 1015 εί
3522 964 3577 1015 δὲ
3596 964 3779 1027 καθώς

2205 1068 2337 1120 φησι
2367 1054 2495 1122 περὶ
2526 1052 2618 1105 τοῦ
2649 1053 2782 1105 Θεοῦ
2810 1054 2836 1107 6
2866 1054 3173 1125 Προφήτης,
3205 1055 3286 1107 ὅτι
3324 1055 3385 1103 Ὀ
3410 1057 3590 1119 αὐτός
3615 1056 3774 1108 ἐστι’

2209 1145 2432 1214 μάταιος
2462 1146 2489 1196 6
2514 1144 2705 1213 λέγων,
2727 1146 2808 1199 ὅτι
2838 1147 2964 1217 πρὶν
2991 1147 3270 1215 γεννῆσαι,
3308 1148 3407 1199 οὐκ
3444 1143 3511 1217 ἦν
3547 1148 3777 1218 ἀγέννη-

2204 1252 2313 1298 τος·
2344 1237 2423 1288 ὃτι
2457 1236 2733 1306 οὐδέτερον
2761 1237 2964 1290 τούτων
3005 1239 3172 1309 χωρὶς
3197 1239 3289 1291 τοῦ
3320 1239 3505 1308 ἑτέρου
3532 1239 3778 1310 εὑρίσκε-

2204 1344 2316 1390 ται,
2344 1326 2465 1380 οὔτε
2490 1327 2583 1380 τοῦ
2622 1329 2834 1399 Πατρός
2866 1329 2927 1381 τὸ
2951 1328 3122 1399 ὄνομα
3143 1370 3158 1393 ,
3190 1328 3311 1382 οὔτε
3345 1329 3437 1382 τοῦ
3463 1329 3774 1398 ἀγεννήτου.

2218 1418 2356 1471 Ἀλλ’
2379 1420 2513 1490 ὁμοῦ
2546 1420 2612 1473 τὰ
2654 1420 2767 1484 δύο,
2808 1421 2902 1473 καὶ
2940 1422 3054 1490 μετ’
3098 1421 3339 1491 ἀλλήλων
3371 1423 3488 1483 ταῖς
3520 1420 3775 1484 διανοίαις

2206 1510 2312 1562 τῶν
2341 1510 2579 1573 εὐσεϐῶς
2604 1509 2969 1581 λογιζομένων
2993 1512 3266 1579 ἐγγίνεται
3287 1512 3356 1564 τά
3384 1513 3645 1582 νοήματα.
3670 1513 3780 1564 Καὶ

2206 1599 2313 1670 γὰρ
2338 1599 2396 1665 ἐξ
2429 1601 2598 1652 άῖδίου
2644 1601 2834 1672 Πατὴρ
2880 1603 2908 1653 6
2940 1600 3099 1663 Θεὸς,
3123 1602 3214 1653 καὶ
3250 1601 3437 1671 Πατὴρ
3464 1602 3652 1665 ἀΐδιος,
3684 1600 3779 1653 καὶ

2208 1692 2384 1745 πάντα
2409 1692 2505 1773 ὅσα
2526 1692 2763 1755 εὐσεϐῶς
2782 1693 3018 1761 λέγεται,
3044 1694 3185 1747 κατὰ
3212 1694 3407 1747 ταύτὸν
3432 1693 3777 1763 ὀνομάζεται,

2205 1784 2303 1854 τῆς
2332 1786 2585 1855 χρονικῆς
2613 1785 2836 1856 ταύτης,
2871 1786 3052 1849 καθὼς
3080 1786 3308 1856 ἔφαμεν,
3333 1785 3651 1847 ἀκολουθίας
3688 1785 3781 1838 καὶ

2206 1873 2409 1939 τάξεως
2434 1874 2525 1926 ἐπὶ
2553 1874 2652 1945 τῆς
2690 1876 3013 1945 προαιωνίου
3037 1875 3249 1945 φύσεως
3276 1876 3571 1947 ἀργούσης.

2285 2033 2509 2103 Ἵδωμεν
2534 2033 2591 2086 δὲ
2621 2034 2716 2087 καὶ
2744 2032 2814 2086 τά
2847 2033 3007 2086 λοιπὰ
3036 2034 3135 2105 τῆς
3177 2033 3518 2104 διαλεκτικῆς
3563 2034 3784 2102 εὐστρο-

2213 2127 2362 2197 φίας,
2404 2126 2440 2180 ἃ
2496 2128 2590 2180 καὶ
2634 2128 2794 2191 αὐτὸς
2848 2127 3047 2196 γελοῖά
3088 2145 3153 2180 τε
3195 2128 3351 2197 ἅμα,
3402 2129 3498 2180 καὶ
3550 2122 3784 2179 ἐλεεινά

2212 2235 2376 2288 φησιν
2421 2215 2575 2273 εἶναι.
2623 2218 2820 2283 Καλῶς
2866 2220 3022 2273 τοῦτο
3072 2220 3265 2288 λέγων.
3314 2220 3528 2282 Ιῐλατύς
3572 2220 3679 2289 γὰρ
3708 2219 3783 2282 ὡς

2213 2310 2427 2379 ἀληθῶς
2452 2312 2509 2362 έν
2535 2312 2644 2374 τοῖς
2670 2311 2977 2382 εἰρημένοις
3005 2315 3033 2364 6
3060 2312 3255 2379 γέλως,
3300 2312 3499 2382 μᾶλλον
3523 2311 3578 2364 δὲ
3619 2311 3784 2374 πολὺς

2211 2401 2239 2453 6
2272 2402 2465 2473 θρῆνος
2489 2403 2579 2455 ἐπὶ
2606 2405 2669 2473 τῇ
2700 2403 3000 2475 κατεχούσῃ
3023 2404 3120 2475 τὴν
3150 2404 3324 2475 ψυχὴν
3349 2406 3532 2476 ἀπάτῃ
3550 2421 3563 2432 ο
3597 2402 3787 2473 ἐπειδὴ

2213 2494 2321 2562 γὰρ
2370 2494 2511 2547 κατά
2562 2511 2613 2545 τι
2669 2495 3066 2569 σημαινόμενον
3108 2496 3135 2547 6
3190 2495 3376 2564 Πατὴρ
3417 2494 3511 2547 xal.
3555 2494 3653 2563 τὴν
3691 2492 3785 2545 τοῦ

2213 2586 2506 2655 ἀγεννήτου
2531 2586 2880 2657 περιείληφεν
2911 2586 3137 2647 ἔννοιαν,
3160 2587 3234 2649 ὡς
3264 2589 3291 2639 6
3318 2586 3586 2657 ἡμέτερος
3606 2585 3786 2652 λόγος,

2217 2676 2533 2747 μεταϐαλὼν
2557 2679 2655 2747 τὴν
2683 2678 2881 2744 κυρίαν
2924 2678 3017 2729 τοῦ
3061 2678 3285 2746 Πατρός
3318 2679 3591 2747 σημασίαν
3617 2678 3695 2739 εἰς
3726 2676 3787 2729 τὸ

2213 2770 2559 2839 ἀγέννητον,
2594 2771 2719 2824 τάδε
2762 2771 2957 2840 φησίν·
2998 2773 3067 2825 El
3114 2772 3223 2841 γὰρ
3250 2772 3469 2825 ταύτόν
3512 2771 3681 2823 ἐστιν
3710 2772 3788 2823 ει-

2215 2864 2368 2928 πεῐν,
2421 2864 2766 2933 ἀγέννητος,
2814 2864 2852 2933 ἢ
2886 2864 3110 2932 Πατὴρ,
3149 2864 3387 2927 ἐξέσται
3437 2862 3580 2931 ἡμῖν
3610 2879 3787 2916 κατα-

2213 2953 2461 3007 λιποῦσι
2494 2954 2607 3021 την
2637 2954 2743 3007 τοῦ
2768 2954 2995 3022 Πατρός
3014 2952 3243 3021 φωνὴν,
3274 2949 3677 3021 μεταλαϐοῦσι
3720 2947 3789 3001 δὲ

2214 3048 2279 3100 τό
2318 3046 2665 3115 ἀγέννητον,
2694 3046 2907 3101 εἰπεῖν’
2950 3048 3003 3097 '0
3050 3045 3389 3113 ἀγέννητος.
3447 3043 3580 3096 ΥΙοῦ
3620 3042 3789 3095 ἐστιν

2216 3139 2563 3207 ἁγέννητος.
2600 3140 2829 3207 ’Ὠσπερ
2863 3140 2975 3207 γὰρ
3016 3139 3343 3208 ἀγέννητος
3384 3135 3519 3189 Υἱοῦ
3562 3134 3784 3201 Πατὴρ,

2218 3232 2404 3296 οὕτως
2433 3231 2691 3297 ἔμπαλιν
2729 3231 2861 3284 Υιοῦ
2894 3229 3222 3299 ἀτέννητος
3249 3232 3281 3282 ό
3309 3226 3527 3294 Πατήρ.
3572 3224 3788 3277 Ἔπεισί

539 3316 698 3382 cujus
732 3316 946 3384 copiam
978 3324 1031 3369 et
1061 3316 1379 3370 varietatem
1413 3318 1560 3371 circa
1606 3315 1919 3386 dogmatum
1966 3316 2110 3384 peri-

2221 3342 2309 3393 μοι
2339 3326 2521 3377 λοιπὸν
2548 3323 2847 3393 θαυμάζειν
2876 3323 2965 3375 τὸν
2997 3322 3165 3393 ἄνδρα
3193 3322 3290 3388 τῆς
3323 3320 3677 3389 εὐμηχανίας,
3696 3319 3789 3369 καὶ

540 3407 696 3472 tiam,
733 3407 1024 3461 multorum
1059 3408 1373 3461 facultatem
1409 3421 1671 3477 superare
1716 3408 1975 3462 arbitror.
2006 3408 2117 3462 Ma-

540 3496 713 3565 gister
760 3505 947 3550 noster
990 3497 1179 3565 paucis
1221 3497 1462 3552 verbulis
1502 3499 1743 3551 breviter
1786 3499 1944 3563 dixit,
1998 3498 2116 3553 ﬁeri

540 3601 736 3656 posse,
771 3596 830 3640 ut
859 3587 1020 3641 etiam
1055 3603 1153 3657 per
1194 3588 1374 3645 Patris
1414 3590 1835 3658 appellationem
1878 3592 2117 3643 innasci-

542 3677 722 3730 bilitas
753 3677 1132 3747 signiﬁcetur:
1165 3678 1269 3732 iste
1318 3687 1397 3733 tot
1450 3690 1504 3733 et
1554 3689 1704 3734 tanta
1757 3684 2001 3751 oggerit,
2055 3692 2114 3736 ut

540 3770 960 3838 multitudojam
984 3786 1091 3823 non
1123 3770 1194 3824 sit
1218 3770 1455 3840 amplius
1484 3772 1536 3824 in
1559 3787 1821 3826 sensuum
1849 3772 2109 3828 dilferen-

538 3862 646 3924 tia,
674 3861 768 3915 sed
793 3862 847 3915 in
878 3862 1110 3915 circuitu
1140 3873 1194 3917 et
1222 3850 1546 3932 repetitione
1571 3865 1885 3918 eorumdem
1912 3867 2109 3919 verbo-

539 3969 682 4007 rum.
733 3953 1204 4018 Quemadmodum
1240 3956 1383 4012 enim
1422 3955 1496 4007 illi
1537 3956 1630 4025 qui
1679 3956 1877 4011 velatis
1931 3959 2108 4013 oculis

541 4043 686 4097 circa
730 4044 927 4097 molam
964 4044 1311 4112 discursant,
1349 4046 1520 4098 multo
1567 4046 1750 4101 labore
1794 4050 2106 4112 exantlato,

540 4134 596 4187 in
643 4134 832 4188 eodem
877 4136 997 4189 loco
1044 4146 1267 4191 manent
1298 4155 1311 4190 :
1355 4135 1430 4190 ita
1458 4136 1561 4190 iste
1596 4152 1812 4206 semper
1841 4138 1989 4192 circa
2018 4155 2112 4193 ea-

540 4222 662 4277 dem
698 4225 945 4285 vertitur,
978 4234 1031 4279 et
1067 4227 1136 4281 ab
1169 4226 1363 4280 iisdem
1394 4242 1501 4279 non
1528 4227 1769 4280 absistit.

539 4316 813 4386 ὁδοιπορίᾳ
854 4315 993 4368 κατὰ
1019 4314 1109 4367 τὸν
1137 4315 1298 4368 αὐτὸν
1331 4316 1550 4385 μένουσι
1588 4317 1779 4368 τόπον·

542 4405 774 4461 (σταται.

611 4499 830 4553 Dixerat
862 4499 1029 4554 semel
1067 4501 1415 4553 subsannans
1448 4516 1546 4553 nos
1569 4541 1583 4565 ,
1623 4498 1837 4554 Patrem
1881 4519 1985 4556 non
2028 4505 2106 4557 si-

2218 3416 2551 3485 πολύτροπον
2583 3415 2767 3475 αὐτοῦ,
2799 3415 2893 3467 καὶ
2930 3413 3170 3467 ποικίλον
3207 3413 3306 3482 τῆς
3335 3414 3412 3473 είς
3444 3412 3512 3463 τὰ
3544 3411 3787 3479 δόγματα

2219 3510 2485 3573 παιδείας,
2535 3509 2674 3578 ὑπὲρ
2712 3508 2807 3576 τὴν
2845 3505 2952 3560 τῶν
2982 3505 3192 3557 πολλῶν
3225 3499 3362 3555 εἶναι
3403 3503 3629 3572 δύναμιν
3677 3500 3786 3552 οἴε-

2220 3602 2362 3655 σθαι.
2398 3602 2471 3653 Τὸ
2506 3600 2601 3670 μὲν
2628 3598 2914 3670 εἰρημένον
2944 3596 3096 3668 παρὰ
3136 3596 3230 3649 τοῦ
3263 3595 3578 3647 διδασκάλου
3610 3592 3785 3662 ήμῶν,

2219 3687 2299 3753 εἷς
2328 3690 2482 3756 λόγος
2511 3691 2567 3741 ὲν
2603 3688 2792 3759 βραχεί
2818 3688 2916 3759 τὴν
2963 3688 3307 3758 περιγραφὴν
3342 3687 3478 3756 ἔχων
3499 3727 3513 3749 ,
3543 3686 3603 3738 τὸ
3639 3686 3789 3738 δυνα-

2213 3782 2305 3834 τὸν
2346 3777 2483 3833 εἶναι
2519 3783 2612 3833 καὶ
2636 3782 2723 3834 διὰ
2752 3782 2850 3851 τῆς
2891 3780 2983 3833 τοῦ
3014 3779 3241 3846 Πατρός
3281 3779 3649 3849 προσηγορίας
3691 3776 3788 3848 τὴν

2214 3871 2585 3940 ἀγεννησίαν
2634 3870 2992 3940 σημαίνεσθαι
3020 3887 3033 3897 ·
3091 3869 3158 3922 τὰ
3207 3868 3264 3921 δὲ
3298 3869 3449 3939 παρὰ
3479 3869 3665 3921 τούτου
3698 3884 3771 3920 τοι

2216 3962 2405 4027 σαῦτα,
2436 3956 2509 4014 ὧν
2532 3963 2593 4014 τὸ
2619 3962 2816 4031 πλῆθος
2838 3962 2936 4013 οὐκ
2964 3964 3020 4013 ἐν
3051 3963 3115 4030 τῇ
3146 3960 3377 4029 διαφορᾷ
3403 3958 3509 4011 τῶν
3534 3975 3683 4029 νενοη
3695 3957 3789 4027 μέ-

2215 4070 2320 4106 νων
2350 4053 2515 4114 ὲστὶν,
2567 4051 2678 4103 ἀλλ’
2707 4053 2764 4102 ὲν
2801 4053 2867 4120 τῇ
2900 4049 3127 4120 περιόδῳ
3190 4051 3281 4101 καὶ
3332 4050 3644 4117 ἀναστροφῇ
3683 4047 3787 4101 τῶν

2214 4140 2412 4208 ὁμοίων
2444 4139 2722 4210 ῥημάτων.
2759 4138 3025 4209 Καθάπερ
3055 4138 3163 4208 γὰρ
3191 4139 3240 4190 οἱ
3272 4138 3370 4206 τὴν
3419 4136 3590 4207 μύλην
3625 4154 3787 4188 κεκα-

2215 4231 2507 4300 λυμμένοις
2536 4233 2645 4292 τοῖς
2689 4228 2985 4299 ὀφθαλμοῖς
3018 4229 3383 4298 περιθέοντες,
3419 4229 3476 4280 ὲν
3520 4227 3686 4298 πολλῇ
3722 4230 3786 4302 τῇ

1854 4317 2026 4382 οὕτως
2094 4320 2182 4373 ἀεὶ
2219 4322 2347 4390 περὶ
2373 4320 2440 4373 τά
2488 4319 2627 4372 αὐτὰ
2675 4320 2982 4389 στρέφεται,
3043 4318 3134 4371 καὶ
3176 4318 3283 4370 τῶν
3326 4317 3501 4371 αὐτῶν
3542 4318 3641 4370 οὐκ
3688 4319 3789 4386 ἁφ-

2285 4497 2452 4556 Εἶπεν
2473 4500 2617 4564 ἅπαξ
2640 4499 3027 4569 ἐπιχλευάζων,
3046 4500 3126 4552 ὅτι
3151 4500 3233 4552 Οὐ
3262 4498 3328 4551 τό
3357 4497 3643 4566 γεννῆσαι
3674 4515 3785 4567 ση-

541 4595 792 4665 gniﬁcare
823 4592 875 4645 id
905 4592 1041 4662 quod
1071 4602 1147 4646 est
1180 4608 1459 4661 generare,
1490 4591 1579 4645 sed
1631 4592 1685 4645 id
1729 4593 1867 4661 quod
1921 4603 1997 4646 est
2046 4610 2110 4647 ea:

2213 4595 2406 4663 μαίνει
2450 4595 2482 4645 ὀ
2511 4591 2731 4658 Πατὴρ,
2755 4591 2913 4645 ἀλλὰ
2939 4590 3004 4642 τό
3035 4590 3104 4654 ἐξ
3136 4589 3383 4655 οὐδενός
3415 4586 3588 4644 εἷναι.
3620 4592 3787 4645 Πάλιν

541 4685 688 4739 nullo
718 4700 865 4747 esse;
900 4698 1021 4737 mox
1054 4684 1241 4738 eadem
1273 4684 1544 4737 cantilena
1577 4684 1795 4746 iterata,
1840 4684 1898 4738 Si
1933 4684 2113 4747 Pater,

542 4780 737 4849 inquit,
759 4777 1019 4847 signiﬁcat
1052 4776 1359 4844 ingenitum,
1380 4784 1662 4843 antequam
1696 4786 1987 4843 generaret,
2014 4794 2117 4829 nun

539 4881 651 4924 erat
686 4872 970 4940 ingenitus.
1002 4866 1207 4921 Deinde
1236 4868 1398 4921 tertio
1448 4866 1516 4919 ad
1572 4866 1758 4920 eadem
1792 4883 2114 4933 recurrens,

540 4963 775 5024 Lirebit,
823 4959 1032 5030 inquit,
1084 4968 1293 5025 accepto
1338 4958 1569 5027 ingenito
1619 4958 1811 5023 dicere,
1844 4957 2116 5029 lngenitus

544 5058 676 5111 Filii
699 5065 774 5110 est
800 5056 1059 5124 ingenitus
1088 5070 1104 5106 :
1135 5062 1187 5107 et
1216 5068 1242 5107 e
1273 5053 1507 5121 vestigio
1534 5052 1767 5120 repetit,
1797 5052 1943 5121 quod
1973 5068 2118 5121 Saepe

537 5151 650 5219 jam
685 5156 1040 5204 evomuerat:
1082 5145 1287 5205 Sicuti,
1322 5146 1531 5213 inquit,
1567 5144 1833 5213 ingenitus
1869 5156 1947 5197 est
1984 5144 2117 5198 Filii

542 5241 725 5305 Pater,
752 5240 826 5293 sic
859 5239 965 5291 vice
992 5254 1141 5290 versa
1178 5234 1308 5288 Filii
1341 5236 1600 5304 ingenitus
1632 5244 1708 5288 est
1753 5234 1931 5289 Pater.
1964 5234 2115 5300 Quo-

543 5335 643 5387 ties
673 5331 738 5385 ad
766 5331 1018 5385 eumdem
1046 5329 1309 5383 vomitum
1340 5328 1644 5381 relabitur?
1671 5326 1898 5393 Quoties
1927 5328 2115 5381 eadem

545 5424 784 5494 repetit?
826 5422 1051 5489 Quoties
1096 5421 1283 5475 eadem
1330 5420 1596 5474 eructat?
1631 5422 1713 5472 An
1769 5434 1878 5473 non
1917 5430 1971 5472 et
2013 5433 2115 5472 nos

544 5516 760 5571 molesti
795 5514 1068 5584 plerisque
1098 5513 1344 5574 erimus,
1380 5513 1425 5565 si
1459 5520 1650 5565 nostra
1684 5512 1933 5564 oratione
1963 5511 2115 5563 vani-

544 5616 710 5661 tatem
751 5619 942 5661 eorum
991 5618 1114 5673 quae
1144 5603 1247 5657 iste
1280 5602 1536 5665 adducit,
1565 5602 1844 5657 discutere
1867 5610 1919 5654 et
1956 5600 2114 5654 refel-

545 5700 656 5753 lere
682 5696 957 5751 velimus?
983 5694 1048 5748 Et
1075 5694 1216 5749 forte
1245 5693 1311 5747 ad
1340 5694 1445 5749 ista
1478 5692 1640 5747 silere
1675 5692 1961 5747 decentius
1997 5691 2113 5749 fuc-

544 5791 733 5844 rit.At
762 5806 829 5842 ne
852 5790 975 5858 quis
1008 5786 1058 5840 id
1089 5803 1154 5840 ex
1184 5786 1537 5842 imbecilitatc
1565 5785 1833 5839 orationis
1861 5796 1912 5837 et
1938 5799 2113 5853 penu-

544 5882 625 5933 ria
654 5886 1092 5947 argumentorum
1114 5876 1360 5933 accidere
1387 5877 1699 5941 arbitretur,
1727 5876 1825 5930 ista
1851 5889 2110 5946 responsa

2219 4686 2277 4737 τὸ
2306 4686 2486 4755 ὅμοιον
2515 4682 2730 4746 ἕπλεξεν
2752 4698 2765 4709 ·
2802 4685 2870 4735 El
2896 4681 3095 4748 Πατὴρ
3118 4682 3182 4734 τό
3209 4682 3539 4749 ἀγέννητον
3571 4684 3787 4751 σημαί-

2218 4796 2326 4841 rei,
2356 4777 2498 4844 πρὶν
2530 4773 2821 4843 γεννῆσαι
2868 4775 2978 4827 οὐκ
3020 4770 3099 4841 ἦν
3144 4772 3491 4841 ἀγέννητος.
3544 4769 3676 4826 Εἶτα
3723 4775 3788 4828 ἐκ

2218 4867 2398 4939 τρίτου
2445 4867 2538 4918 ἐπὶ
2587 4866 2656 4919 τὰ
2712 4863 2848 4917 αὐτὰ
2902 4864 3281 4933 ἐπανέρχεται.
3351 4864 3593 4927 Ἔξεστι
3656 4864 3785 4935 γὰρ,

2218 4960 2370 5029 φησὶ,
2400 4956 2798 5027 μεταλαϐοῦσι
2828 4956 2892 5007 τό
2926 4953 3256 5025 ἀγέννητον
3285 4955 3504 5007 εἰπεῖν·
3543 4957 3595 5007 Ὀ
3616 4956 3787 5024 ἀγέν-

2216 5068 2417 5117 νητος,
2449 5047 2588 5102 Υἱοῦ
2612 5049 2780 5101 ἐστιν
2816 5046 3142 5116 ἀγέννητος
3162 5064 3175 5075 ·
3214 5046 3305 5099 καὶ
3338 5046 3498 5109 εὐθὺς
3522 5048 3786 5100 ἐπανέλα-

2217 5140 2309 5192 6εν
2352 5140 2380 5192 ὃ
2410 5140 2668 5203 πολλάκις
2694 5138 2948 5211 ὲξήμεσε,
2976 5138 3069 5192 καί
3114 5155 3275 5208 φησιν
3299 5154 3313 5167 ο
3344 5139 3573 5207 ’Ὠσπερ
3608 5140 3713 5209 γὰρ
3754 5143 3787 5193 ό

2215 5232 2541 5301 ἀγέννητος
2594 5232 2727 5285 Υἱοῦ
2790 5230 3007 5297 Πατὴρ,
3080 5230 3267 5295 οὕτως
3333 5230 3591 5298 ἔμπαλιν
3650 5231 3787 5285 Υἰοῦ

2216 5324 2540 5393 ἀγέννητος
2571 5327 2603 5377 ό
2648 5322 2868 5390 Πατήρ.
2926 5323 2990 5373 Ὢ
3034 5322 3262 5384 ποσάκις
3315 5322 3405 5374 ἐπὶ
3454 5323 3542 5374 τὸν
3592 5322 3786 5376 ἑαυτοῦ

2216 5417 2407 5484 ἔμετον
2454 5415 2825 5485 ἐπανεδραμεί
2873 5414 3099 5478 ποσάκις
3156 5414 3491 5466 ὲπανέλαϐεί
3558 5416 3785 5478 ποσάκις

2216 5506 2534 5568 ἐξέὄλυσενί
2576 5500 2700 5574 ’Ἆρ’
2751 5500 2843 5555 οὖν
2869 5504 2968 5555 οὐκ
3012 5502 3266 5571 ἐπαχθεῖς
3330 5504 3420 5556 καὶ
3467 5504 3629 5573 ἡμεῖς
3675 5508 3785 5567 τοῖς

2216 5592 2426 5659 πολλοῖς
2457 5597 2818 5665 γενησόμεθα,
2848 5598 2913 5665 τῇ
2958 5595 3276 5665 ματαιότητι
3303 5594 3412 5648 τῶν
3443 5598 3570 5665 παρ’
3620 5594 3782 5650 aia-:65

2215 5691 2652 5759 προφερομένων,
2703 5688 2796 5739 καὶ
2842 5688 2933 5739 τὸν
2964 5688 3232 5757 ἡμέτερον
3265 5687 3420 5755 λόγον
3452 5694 3788 5760 συμπερισύ-

2218 5796 2432 5851 ροντεςς
2467 5780 2572 5831 Καὶ
2609 5780 2736 5841 ἴσως
2766 5778 2825 5830 τὸ
2860 5782 3070 5849 σιωπᾷν
3100 5781 3156 5831 ἐν
3186 5782 3296 5841 τοῖς
3326 5779 3585 5843 τοιούτοις
3617 5780 3786 5851 ἁρμο-

2213 5873 2483 5944 διώτερον.
2533 5870 2671 5924 Ἀλλ’
2699 5873 2783 5925 ἵνα
2814 5874 2885 5943 μή
2922 5890 3002 5935 τις
3029 5876 3094 5943 τῇ
3140 5872 3264 5945 περὶ
3297 5872 3391 5926 τοῦ
3417 5871 3594 5941 λέγειν
3621 5874 3781 5930 ἁσθε.
