4146 6370
370 473 476 530 ‘57

1515 457 1795 538 CONTRA
1833 477 2228 545 EUNoumtt,
2262 476 2390 530 LIB.
2431 475 2471 531 ι.

3518 465 3622 515 45⁷5

373 593 490 663 vei;
520 591 841 663 καθυφιέναι
879 598 1074 672 νομίσῃ
1102 599 1196 652 τὸν
1226 599 1402 667 λόγον,
1437 601 1607 654 ταῦτα
1653 605 1767 666 τοῖς
1793 601 1943 672 είρη-

2057 600 2283 654 damus:
2318 595 2436 649 Non
2480 593 2606 647 licet
2639 591 2737 646 tibi
2773 591 2955 645 dicere
2994 585 3114 640 Filii
3161 581 3459 654 ingenitum
3505 596 3625 634 esse

376 683 561 754 μένοις
598 687 1072 760 ἀποκρινούμεθα·
1106 691 1218 744 υύκ
1261 691 1433 758 ἔξεστί
1473 710 1554 746 σοι
1589 693 1786 762 λέγειν,
1815 691 1943 745 Υίοῦ

373 774 667 846 ἀγέννητον
693 777 784 830 τὸν
815 781 1056 853 Πατέρα,
1091 782 1192 836 κᾶν
1226 785 1258 854 ἡ
1285 783 1378 835 τοῦ
1408 785 1618 855 Πατρὸς
1644 785 1854 854 κλῆσις,
1885 785 1946 836 τὸ

312 913 320 920 .
377 867 452 937 μὴ
487 865 548 931 ἐξ
571 869 748 932 αἰτίας
773 866 910 923 εἶναι
940 873 1028 924 τὸν
1052 875 1415 944 γεγεννηκότα
1449 877 1710 949 σημαίνῃ.
1737 878 1945 946 ’Ὠσπερ

375 959 482 1030 γὰρ
516 960 654 1013 κατὰ
691 961 750 1014 τὸ
794 963 956 1033 ῥηθὲν
1002 967 1134 1035 ἡμῖν
1176 965 1499 1037 ὑπόδειγμα,
1526 968 1624 1037 τὴν
1656 965 1749 1020 τοῦ
1793 967 1948 1035 βασι-

375 1051 506 1114 λέως
546 1052 702 1117 ἀξίαν
735 1055 1083 1120 ἀκούσαντες,
1137 1058 1230 1111 δύο
1263 1060 1327 1111 ἐκ
1364 1059 1458 1112 τοῦ
1495 1059 1754 1129 ὀνόματος
1793 1059 1947 1126 ἐνοή-

377 1159 583 1212 σαμεν,
617 1145 678 1197 τό
708 1163 768 1198 τε
807 1148 1166 1219 ὑποτετάχθαι
1211 1150 1397 1220 μηδενὶ
1427 1151 1517 1203 τὸν
1550 1151 1668 1203 κατ’
1700 1150 1946 1214 ἐξουσίαν

375 1233 709 1304 προέχοντα,
751 1238 846 1290 καὶ⁹
889 1239 950 1290 τὸ
995 1239 1104 1292 τῶν
1151 1241 1476 1312 ὑποχειρίων
1519 1245 1771 1311 κρατεῖν·
1805 1241 1947 1294 οὑτω

375 1327 468 1378 καὶ
514 1329 559 1397 ἡ·
581 1327 674 1381 τοῦ
719 1330 931 1400 Πατρὺς
960 1335 1322 1406 προσηγορία,
1351 1335 1542 1404 διπλῆν
1570 1335 1700 1404 ἡμῖν
1731 1335 1823 1386 ἐπὶ
1854 1333 1944 1387 τοῦ

375 1416 508 1470 Θεοῦ
553 1418 650 1489 τὴν
709 1423 983 1492 σημασίαν
1036 1425 1366 1496 παρέχεται’
1422 1428 1520 1495 τήν
1568 1443 1628 1477 τε
1673 1424 1809 1496 πρὸς
1853 1425 1946 1476 τὸν

375 1508 503 1561 Υίὸν
552 1512 876 1583 νοουμένην,
933 1514 1025 1567 καὶ
1071 1517 1130 1568 τὸ
1185 1517 1453 1586 μηδεμιᾶς
1507 1515 1666 1568 αὑτὸν
1716 1513 1946 1584 ἐξῆφθαι

375 1604 869 1674 προεπινοουμένης
901 1606 1100 1670 αἰτίας.
1154 1607 1363 1679 Ὥσπερ
1407 1604 1499 1662 οὖν
1538 1608 1637 1660 οὑκ
1677 1606 1822 1659 ἐστιν
1857 1607 1948 1659 ἐπὶ

373 1691 466 1744 τοῦ
515 1691 775 1761 βασιλέως
807 1697 1002 1759 εἰπεῖν,
1051 1697 1130 1751 ὃτι
1183 1699 1232 1751 εί
1269 1700 1337 1752 τὰ
1372 1698 1464 1752 δύο
1502 1699 1590 1753 διὰ
1631 1699 1730 1767 τῆς
1778 1699 1947 1767 αὐτῆς

374 1786 746 1855 προσηγορίας
774 1788 1116 1858 σημαίνεται,
1147 1789 1206 1842 τό
1242 1806 1302 1841 τε
1335 1793 1555 1860 κρατεῖν
1585 1790 1692 1843 τῶν
1724 1791 1946 1859 ὑποχει-

376 1873 526 1943 ρίων,
552 1879 645 1929 καὶ
672 1877 731 1930 τὸ
768 1879 840 1949 μὴ
883 1878 1026 1950 ἔχειν
1058 1882 1148 1933 τὸν
1178 1881 1610 1952 προηγούμενον,
1644 1882 1819 1949 ἔξεστι
1872 1881 1947 1952 μὴ

2048 690 2278 746 Patrem.
2309 685 2524 740 etiamsi
2550 683 2732 738 Patris
2761 680 3052 752 appellatio
3083 675 3356 746 signiﬁcet
3378 686 3503 727 eum
3532 671 3624 739 qui

2047 781 2265 851 genuit.
2299 794 2362 832 ex
2397 778 2546 830 nulla
2574 791 2740 829 causa
2780 789 2924 827 esse.
2958 768 3129 824 Sicuti
3171 767 3315 821 enim
3341 764 3496 833 juxta
3529 763 3626 812 ad-

2047 872 2274 925 ductum
2307 883 2334 920 a
2369 869 2528 921 nobis
2569 865 2911 934 exemplum,
2958 857 3307 929 imperatoris
3358 851 3627 921 dignitate

2047 962 2230 1017 audita
2253 1002 2267 1025 ,
2297 961 2406 1015 duo
2434 959 2541 1014 isto
2571 957 2789 1012 nomine
2818 952 3186 1020 concipimus,
3220 962 3414 1013 nempe
3464 957 3588 996 eum
3610 979 3626 1003 ,

2047 1057 2143 1124 qui
2199 1059 2471 1123 potestate
2517 1049 2776 1105 omnibus
2826 1043 3173 1115 praeminet,
3214 1039 3347 1091 nulli
3400 1034 3628 1089 subesse

2047 1121 2102 1198 et
2148 1121 2388 1199 subditis
2431 1141 2741 1208 imperare:
2778 1136 2852 1188 ita
2886 1143 2940 1187 et
2971 1130 3154 1184 Patris
3189 1123 3485 1197 appellatio
3521 1121 3628 1175 du-

2047 1235 2243 1305 plicem
2290 1233 2449 1287 nobis
2497 1232 2565 1288 de
2611 1229 2722 1284 Deo
2766 1224 3229 1298 signiﬁcationem
3275 1214 3626 1305 suppeditati

2049 1303 2275 1379 alteram
2303 1365 2317 1388 ,
2354 1339 2474 1392 quae
2515 1331 2601 1377 est
2643 1335 2768 1374 cum
2817 1322 3068 1386 respectu
3113 1322 3168 1368 et
3208 1306 3530 1364 habitudine
3561 1303 3628 1356 ad

2047 1417 2288 1482 Filium,
2319 1417 2586 1475 alteram,
2619 1411 2764 1482 quod
2796 1427 2827 1464 ιι
2863 1409 3012 1463 nulla
3046 1407 3227 1478 priore
3257 1410 3310 1456 et
3340 1399 3644 1468 superiore-

2049 1524 2214 1563 causa
2245 1507 2570 1576 dependeat.
2607 1499 3082 1572 Quemadmodum
3114 1509 3245 1564 ergo
3277 1493 3345 1546 de
3392 1491 3630 1557 impera-

2049 1609 2166 1654 tore
2191 1615 2298 1653 nou
2328 1599 2456 1652 licet
2481 1598 2687 1657 dicere,
2734 1595 2778 1649 si
2826 1593 2935 1647 duo
2963 1588 3222 1660 pra-dicta
3251 1600 3350 1654 per
3378 1580 3636 1635 eamdem

2049 1687 2472 1757 appellationem
2503 1679 3254 1756 signiﬁcent.qunimirum,
3303 1671 3448 1743 quod
3497 1671 3639 1724 sub—

2049 1779 2182 1833 ditis
2215 1779 2480 1847 imperet,
2531 1791 2708 1844 neque
2743 1776 2920 1830 alium
2969 1787 3028 1825 se
3076 1766 3417 1838 superiorem
3458 1776 3630 1831 agno-

2051 1877 2203 1932 scat,
2237 1868 2320 1922 fas
2353 1866 2503 1932 fore,
2549 1881 2658 1920 non
2699 1880 2886 1934 regem
2934 1861 3154 1930 populi,
3203 1856 3299 1911 sed
3337 1853 3489 1923 regni
3533 1867 3628 1905 ex-

375 1963 613 2035 ἇρχοντα
659 1966 752 2020 τοῦ
788 1967 990 2035 ἔθνους,
1042 1970 1156 2024 ἀλλ’
1209 1971 1557 2026 ἀϐασίλευτον
1602 1973 1709 2024 τῶν
1759 1973 1952 2025 ὑποτε-

2057 1968 2297 2027 pertem,
2348 1958 2550 2012 intuitu
2588 1955 2934 2010 subditorum
2957 1994 2972 2017 ,
3008 1949 3322 2020 appellare:
3372 1958 3548 2013 neque
3578 1942 3624 1997 si

375 2055 662 2124 ταγμένων
742 2059 1198 2138 προσαγορεύεινῇ
1274 2063 1396 2116 ούδέ
1461 2063 1811 2127 συντιθέντας
1883 2064 1946 2118 τὸ

375 2147 582 2200 τοιοῦτο
609 2147 820 2217 λέγειν·
852 2151 932 2204 ὅτι
975 2151 1162 2226 ὥσπερ
1197 2154 1448 2225 βασιλεὺς
1477 2156 1663 2218 ἔθνους
1709 2157 1944 2224 λέγεται,

378 2239 518 2293 οὕτω
550 2243 642 2295 καὶ
672 2243 1016 2310 ἀϐασίλευτος
1052 2247 1146 2301 τοῦ
1171 2248 1354 2312 ἔθνους
1377 2249 1827 2320 ὀνομασθήσεται,
1858 2251 1949 2303 τὸν

380 2332 540 2384 αὑτὸν
588 2335 786 2403 τρόπον
822 2339 916 2390 καὶ
962 2338 1060 2407 τῆς
1101 2339 1195 2391 τοῦ
1244 2339 1456 2410 Πατρδς
1500 2341 1704 2409 φωνῆς,
1756 2339 1847 2392 τόν
1888 2355 1946 2392 τε

379 2420 507 2474 Υίὸν
539 2424 970 2497 ἐνδεικνυμένης,
1014 2427 1110 2480 καὶ
1148 2427 1245 2498 τὴν
1277 2428 1370 2480 τοῦ
1414 2429 1708 2499 ἀγεννήτου
1743 2428 1948 2481 ἔννοιαν

378 2516 751 2586 παριστώσης,
779 2519 880 2571 οὑκ
908 2519 1084 2585 ἔξεστι
1135 2520 1524 2591 μετατιθέντας
1558 2521 1708 2591 παρὰ
1738 2522 1799 2573 τὸ
1833 2521 1950 2573 δέον

376 2607 474 2675 τὴν
503 2608 796 2676 σημασίαν,
828 2611 892 2680 τῇ
928 2609 1060 2681 πρὸς
1089 2611 1176 2663 τὸν
1220 2611 1347 2664 Υίὸν
1396 2613 1687 2681 οἰκειότητι
1728 2613 1950 2681 γελοίως

379 2699 713 2771 προσκολλᾷν
735 2701 828 2754 τοῦ
851 2703 1146 2775 ἀγεννήτου
1175 2705 1272 2776 τὴν
1301 2704 1528 2770 ἔννοιαν,
1557 2706 1615 2757 ἐν
1647 2705 1723 2777 τῷ
1749 2705 1946 2773 λέγειν·

380 2790 507 2844 Υίοῦ
542 2792 852 2864 ἀγέννητος.

461 2883 582 2936 Ἐπὶ
628 2884 889 2949 τοιούτοις
915 2886 970 2940 δέ
1005 2888 1116 2950 τοῖς
1156 2887 1484 2958 εἰρημένοις,
1516 2888 1592 2951 ὡς
1619 2887 1814 2952 ἐπιϐὰς
1852 2888 1952 2959 τῆς

380 2972 654 3043 ἀληθείας.
690 2977 782 3027 καὶ
813 2975 1084 3044 διελέγξας
1107 2976 1213 3028 τῶν
1242 2978 1706 3048 ἀντιτεταγμένων
1736 2978 1796 3030 τὸ
1831 2979 1952 3032 ἀτο-

382 3083 500 3129 πον,
533 3061 621 3119 οἷα
653 3067 1156 3138 μεγαλαυχούμενος
1198 3068 1524 3138 φθέγγεταιο
1571 3069 1680 3123 Καὶ
1725 3071 1818 3135 τίς
1845 3069 1953 3122 πώ-

379 3172 521 3210 ποτε
545 3157 870 3226 σωφρονῶν
888 3159 1227 3214 σιωπᾶσθαι
1265 3160 1378 3229 τὴν
1411 3159 1684 3229 φυσικὴν
1711 3161 1955 3215 ἔννοιαν

379 3249 711 3328 ἐδικαίωσε,
741 3250 854 3319 τὴν
898 3251 966 3304 δὲ
994 3250 1326 3320 παράνοιαν
1366 3253 1687 3321 ὲτίμησεν;
1743 3253 1950 3328 Οὐδεὶς,

380 3327 429 3384 ὧ
465 3333 759 3401 σοφώτατε,
795 3335 989 3387 οὐκοῦν
1017 3335 1136 3387 ούδέ
1163 3337 1190 3388 ὁ
1221 3335 1484 3406 ἡμέτερος
1522 3335 1696 3403 λόγος,
1731 3337 1758 3388 ὁ
1788 3327 1954 3388 είπὼν

381 3418 478 3487 τήν
526 3416 614 3469 τοῦ
649 3419 939 3487 ἀγεννήτου
986 3421 1352 3489 προσηγορίαν
1385 3423 1504 3483 ταῖς
1539 3419 1769 3483 ἐννοίαις
1817 3437 1954 3489 συμ-

382 3508 606 3573 ϐαίνειν,
656 3510 749 3562 καὶ
801 3510 908 3562 δεῖν
959 3511 1158 3582 ταύτην
1224 3512 1365 3582 ἔχειν
1426 3514 1481 3564 ἐν
1537 3515 1657 3575 ταῖς
1707 3513 1956 3582 καρδίαις

384 3599 673 3670 ἀκίνητονο
727 3602 846 3654 ἀντὶ
897 3601 953 3655 δὲ
1001 3602 1101 3672 τῆς
1146 3603 1566 3675 διαστραφείσης
1613 3606 1742 3675 παρ’
1801 3603 1956 3674 ἡμῶν

383 3691 566 3761 φωνῆς
612 3691 708 3763 τὴν
758 3692 852 3746 τοῦ
895 3697 1122 3762 Πατρός
1155 3696 1524 3766 προσηγορίαν
1568 3695 1756 3765 ἱκανὴν
1796 3693 1955 3758 εἶναι,

386 3781 479 3832 καὶ
511 3783 646 3852 πρὸς
677 3784 892 3854 ἐκείνην
939 3784 1092 3854 ἄγειν
1134 3787 1232 3856 τὴν
1265 3786 1491 3840 ἔννοιαν.
1535 3787 1821 3857 Μνήσθητι
1853 3788 1960 3856 γὰρ

385 3867 459 3924 ὢν
514 3874 672 3937 αὑτὸς
724 3877 963 3947 παρέθου
1019 3878 1309 3948 ῥημάτων,
1341 3879 1426 3942 ,ὅτι
1481 3878 1602 3947 οὑχὶ
1651 3877 1959 3931 σιωπᾶσθαι

383 3966 483 4036 τὴν
537 3969 768 4038 φυσικὴν
804 3969 1011 4022 ἔννοιαν
1037 3969 1316 4022 ἐδικαίωσε
1337 4009 1351 4032 ,
1392 3969 1488 4040 τὴν
1520 3969 1575 4021 δὲ
1601 3969 1958 4038 παράνοιαν,

384 4055 460 4120 ὡς
479 4057 640 4122 αὐτὸς
671 4059 971 4129 ὀνομάζεις,
992 4062 1248 4132 ἐτίμησεν
1268 4078 1281 4090 ·
1300 4059 1436 4113 ἀλλά
1462 4061 1560 4131 τὴν
1591 4061 1964 4133 προσηγορίαν

391 4151 558 4222 μόνην
587 4151 681 4204 τοῦ
714 4152 1063 4221 ἁγεννήτου,
1093 4153 1234 4206 τοῦτ’
1251 4153 1383 4220 ἐστι,
1413 4154 1513 4226 τὴν
1541 4155 1599 4209 ἐν
1629 4156 1747 4216 ταῖς
1771 4154 1962 4208 συλλα-

389 4241 512 4306 ϐαῖς
549 4244 851 4315 προφορὰν,
884 4245 959 4309 ὡς
1001 4246 1188 4310 κακῶς
1232 4247 1646 4318 ἐξειλημμένην,
1702 4248 1796 4301 καὶ
1848 4247 1963 4317 ἅμα

391 4335 530 4404 μήτε
553 4335 703 4404 παρὰ
721 4336 818 4406 τῆς
847 4337 1068 4407 Γραφῆς
1100 4338 1397 4407 εἰρημένην
1425 4336 1724 4400 ἀκινδύνως
1756 4338 1964 4407 σιωπᾷν

391 4425 744 4493 συμϐουλεύει
765 4446 778 4459 ·
813 4427 873 4480 τὸ
909 4427 965 4479 δὲ
1006 4431 1423 4499 σημαινόμενον,
1456 4430 1552 4482 καὶ
1585 4429 1816 4500 μάλιστα
1845 4431 1965 4491 ταῖς

388 4519 619 4582 ἐννοίαις
647 4519 803 4590 ἡμῶν
839 4520 1154 4590 συμϐαίνειν
1185 4523 1368 4592 φησίν.

436 4709 440 4715 ’
472 4697 631 4752 Ἀλλὰ
660 4696 729 4750 τὰ
758 4699 856 4768 μὲν
901 4701 1032 4770 παρ’
1069 4680 1227 4768 ἡμῶν
1259 4687 1498 4752 τοιαῦτα
1518 4716 1531 4729 ο
1561 4701 1590 4750 ὁ
1616 4698 1671 4750 δὲ
1698 4697 1818 4760 τοὺς
1859 4698 1968 4750 Σο-

390 4790 608 4860 φιστὰς
652 4789 972 4853 διαϐάλλων,
1011 4793 1105 4844 καὶ
1143 4793 1210 4862 τῇ
1247 4789 1475 4861 ἀληθείᾳ
1507 4787 1849 4851 καθοπλίζων
1875 4788 1967 4840 τὸν

389 4881 567 4950 λόγον,
612 4882 706 4935 xui.
750 4882 859 4934 τῶν
888 4883 1170 4953 ἡμετέρων
1205 4881 1692 4952 πλημμελημάτων
1733 4897 1968 4950 κατηγο-

394 4973 523 5044 ρῶν,
557 4973 657 5025 ούκ
685 4973 915 5044 ἐρυθριᾷ
945 4975 1000 5025 ἐν
1047 4976 1159 5036 τοῖς
1189 4974 1316 5044 περὶ
1343 4973 1450 5026 τῶν
1483 4973 1768 5042 δογμάτων
1788 4972 1967 5040 λόγοις

390 5064 478 5118 διὰ
509 5067 859 5136 σοφισμάτων
899 5064 1299 5136 ἀστεῖζόμενος,
1332 5066 1427 5118 καὶ
1475 5063 1807 5134 μιμούμενος
1842 5065 1968 5126 τοὺς

392 5157 450 5211 ἐν
492 5157 812 5228 συμποσίοις
849 5156 938 5210 διὰ
997 5155 1398 5227 κομψευμάτων
1448 5154 1609 5207 τινῶν
1665 5153 1964 5222 ἐφελκομέ-

392 5267 516 5313 νους
548 5251 637 5303 τὸν
676 5251 907 5319 γέλωτα.
943 5250 1146 5304 Θεᾶσθε
1178 5251 1286 5319 γὰρ
1330 5251 1390 5302 τὸ
1437 5248 1712 5320 ἐμϐριθὲς,
1749 5251 1842 5302 καὶ
1877 5248 1965 5301 λε-

391 5340 708 5410 λογισμένον
739 5344 838 5410 τῆς
865 5341 958 5394 τοῦ
993 5339 1348 5411 συλλογισμοῦ
1382 5339 1587 5410 πλοκῆς
1607 5356 1620 5370 ·
1649 5340 1759 5394 τῶν
1787 5341 1966 5394 αὐτῶν

391 5433 500 5503 γὰρ
534 5433 692 5487 πάλιν
737 5421 1232 5505 ἐπιμνησθήσομαι.
1265 5434 1332 5486 El
1385 5432 1491 5500 γὰρ
1535 5433 1756 5487 ταύτόν
1795 5432 1966 5485 ἐστιν

389 5525 582 5578 εἰπεῖν
625 5524 989 5593 Ἆγέννητος,
1019 5526 1056 5592 ἢ
1085 5524 1307 5594 Πατὴρ,
1343 5523 1584 5588 ἐξέσται
1616 5523 1758 5592 ἡμῖν
1789 5541 1964 5577 κατα-

391 5617 639 5671 λιποῦσι
667 5617 785 5686 τὴν
813 5617 919 5671 τοῦ
952 5621 1181 5686 Πατρὸς
1208 5615 1436 5686 φωνὴν,
1461 5617 1866 5684 μεταλαϐοῦσι
1897 5615 1966 5668 δὲ

389 5709 457 5763 τὸ
489 5708 818 5778 ἀγέννητον
863 5709 1080 5763 είπεῐνο
1113 5711 1174 5762 '0
1223 5707 1569 5776 ἀγέννητος,
1607 5708 1744 5762 Υίοῦ
1799 5709 1968 5762 ἐστιν

393 5799 738 5871 ἀγέννητος.
775 5801 1002 5870 ’Ὠσπερ
1023 5807 1133 5872 γὰρ
1157 5805 1189 5855 ὀ
1215 5801 1542 5870 ἀγέννητος
1574 5799 1709 5854 Υίοῦ
1740 5799 1964 5867 Πατὴρ,

393 5893 577 5960 οὕτως
610 5895 869 5964 ἔμπαλιν
902 5895 1036 5950 Υίοῦ
1067 5895 1392 5964 ἀγέννητος
1421 5896 1454 5947 ό
1493 5891 1713 5960 Πατήρ.
1767 5893 1965 5962 Παρα-

2058 2050 2160 2104 hoc
2207 2051 2612 2112 concedamus,
2652 2046 2775 2100 ideo
2819 2045 3090 2113 integrum
3137 2040 3242 2093 erit
3286 2048 3624 2095 asseverare,

2057 2150 2116 2196 ut
2154 2159 2248 2197 rex
2283 2143 2464 2212 populi
2509 2157 2602 2196 rex
2647 2146 3015 2208 nuncupatur,
3049 2134 3129 2188 sic
3161 2132 3325 2185 etiam
3361 2127 3511 2197 regni
3541 2140 3630 2178 ex-

2057 2245 2260 2304 pertem
2285 2276 2300 2298 ,
2337 2241 2589 2303 respectu
2636 2230 2860 2301 populi,
2895 2227 3003 2281 dici
3052 2239 3255 2294 posse:
3295 2219 3412 2290 pari
3467 2215 3629 2271 modo

2055 2340 2180 2379 cum
2211 2324 2394 2379 Patris
2421 2323 2747 2378 vocabulum
2799 2328 2854 2377 et
2883 2316 3079 2371 Filium
3128 2319 3398 2368 monstret
3443 2315 3494 2361 et
3543 2309 3628 2358 iu-

2055 2417 2227 2486 geniti
2264 2416 2544 2469 notionem
2580 2418 2939 2483 reprmsentet
2967 2448 2981 2471 ,
3016 2422 3127 2461 non
3165 2405 3291 2459 licet
3325 2400 3591 2456 translata
3613 2437 3629 2462 ,

2057 2517 2251 2576 praeter
2295 2507 2700 2568 necessitatem,
2737 2502 3160 2574 signilicatione.
3216 2493 3525 2551 habitudini
3561 2490 3630 2544 ad

2056 2598 2256 2652 Filium
2293 2596 2523 2652 ridicule
2553 2594 2812 2663 aﬂingere
2841 2602 2894 2646 et
2930 2593 3213 2660 imponere
3262 2585 3488 2657 ingeniti
3527 2598 3633 2637 no-

2056 2690 2283 2750 tionem,
2321 2686 2555 2741 dicendo
2590 2701 2714 2741 eum
2763 2684 2860 2754 qui
2913 2691 2998 2737 est
3034 2679 3346 2752 ingenitus,
3383 2676 3508 2730 Filii
3542 2676 3628 2730 in-

2018 2799 2036 2812 ··
2057 2779 2294 2848 genitum
2326 2793 2468 2832 esse.

2129 2869 2224 2926 llis
2257 2871 2399 2924 hunc
2430 2869 2485 2922 in
2535 2863 2752 2922 [nedum
2786 2863 3134 2937 pertractatis
3157 2905 3173 2927 ,
3231 2862 3388 2933 quasi
3423 2861 3632 2916 verita-

2057 2971 2165 3015 tem
2205 2977 2307 3016 acu
2345 2963 2612 3031 tetigisset
2644 2967 2698 3013 et
2728 2959 3171 3012 adversariorum
3236 2954 3638 3010 absurditatem

2060 3050 2302 3103 ninnium
2344 3049 2519 3102 oculis
2562 3047 2934 3116 exposuisset,
2995 3046 3048 3098 in
3099 3045 3211 3098 haec
3269 3040 3638 3110 iactabundus

2059 3142 2298 3211 erumpit
2347 3141 2511 3195 verba
2554 3158 2566 3193 :
2607 3138 2674 3192 Et
2718 3141 2835 3208 quis
2893 3153 3124 3207 unquam
3175 3135 3362 3190 sobria:
3402 3144 3450 3187 et
3497 3147 3641 3186 sana:

2064 3235 2272 3295 mentis,
2302 3243 2357 3285 ιιι
2385 3231 2651 3285 naturalis
2682 3230 3030 3300 intelligentia
3059 3229 3269 3296 silentio
3293 3235 3639 3294 premeretur,

1983 3326 2024 3380 C
2059 3334 2237 3377 ratum
2291 3323 2496 3388 habuit,
2545 3332 2592 3375 et
2645 3322 2913 3375 vesaniam
2962 3319 3285 3373 honoravit?
3339 3315 3548 3381 Nullus,
3606 3330 3655 3372 ο

2064 3415 2494 3484 sapientissime,
2535 3429 2714 3484 neque
2748 3427 2848 3467 nos
2896 3413 3083 3483 igitur,
3125 3411 3220 3481 qui
3255 3410 3498 3465 diximus
3554 3408 3641 3461 in-

2058 3507 2224 3578 geniti
2257 3507 2671 3575 appellationem
2697 3505 3016 3560 notionibus
3061 3513 3389 3573 competere,
3414 3518 3653 3572 eamque

2059 3603 2116 3655 in
2155 3600 2412 3655 cordibus
2441 3598 2796 3652 immobilitcr
2833 3597 3058 3651 retineri
3102 3597 3302 3652 debere
3334 3613 3347 3649 :
3386 3596 3510 3650 loco
3535 3610 3637 3649 au-

2060 3698 2168 3743 tem
2211 3689 2462 3743 vocabuli
2497 3703 2524 3740 a
2567 3688 2727 3741 nobis
2759 3687 3039 3756 depravati
3082 3697 3137 3741 et
3174 3686 3417 3751 distorti,
3456 3685 3659 3740 Patris.

2062 3780 2481 3850 appellationem
2517 3794 2680 3849 posse
2712 3779 2778 3832 ad
2810 3777 3056 3833 eamdem
3106 3779 3384 3832 notionem
3419 3778 3644 3848 ingenc-

2063 3871 2291 3924 raudam
2344 3870 2612 3924 sullicere.
2663 3867 2975 3924 Memineris
3020 3869 3164 3922 enim
3208 3867 3496 3921 verborum
3522 3882 3648 3935 qua:

2065 3964 2181 4033 ipse
2228 3962 2528 4033 protulisti,
2564 3960 2710 4029 quod
2762 3975 2942 4028 neque
2998 3959 3305 4014 naturalem
3343 3959 3648 4029 intelligen-

2066 4059 2195 4111 tiam
2214 4056 2430 4110 sileutio
2453 4053 2783 4109 dissimulari
2801 4053 3133 4122 probaverit,
3152 4069 3330 4124 neque
3351 4053 3659 4115 vesaniam,

2066 4159 2125 4204 ut
2159 4157 2216 4203 tu
2267 4146 2541 4210 nominas,
2593 4146 2970 4209 ltonoraverit,
3035 4145 3131 4200 sed
3190 4145 3362 4201 solam
3426 4145 3661 4216 ingeniti.

2066 4240 2506 4312 appellationem,
2568 4237 2673 4291 hoc
2725 4243 2830 4299 est,
2885 4236 3250 4305 prolationem
3310 4235 3365 4289 in
3421 4221 3648 4306 syllabis

2067 4332 2252 4395 sitam,
2277 4344 2375 4383 ceu
2418 4327 2563 4382 male
2596 4335 2877 4396 acceptam
2901 4335 2957 4382 et
2983 4327 3339 4387 intellectam,
3373 4326 3649 4395 simulque

2067 4438 2096 4475 a
2137 4419 2439 4490 Scripturis
2483 4434 2595 4473 non
2636 4418 2918 4484 traditam,
2970 4418 3120 4472 sileri
3163 4434 3328 4488 posse
3365 4419 3603 4474 suaserit
3629 4437 3662 4472 εί

2067 4521 2122 4567 at
2150 4529 2262 4566 rem
2292 4512 2657 4582 signiﬁcatam
2700 4510 3130 4581 cogitationibus
3173 4512 3380 4565 nostris
3414 4511 3651 4566 maxime

1994 4613 2037 4668 D
2067 4619 2367 4674 congruere
2397 4604 2493 4661 ait.

2140 4694 2246 4750 Sed
2297 4696 2412 4750 haec
2452 4694 2725 4765 quidema
2764 4695 2923 4749 nobis
2952 4694 3240 4750 hactenus.
3286 4695 3356 4748 At
3413 4693 3516 4748 iste
3551 4694 3644 4764 qui

2067 4803 2170 4842 nos
2218 4785 2493 4854 Sophistas
2541 4800 2665 4840 esse
2719 4784 3105 4848 calumniatur,
3159 4798 3427 4852 suamque
3460 4781 3648 4852 dispu-

2069 4881 2330 4935 tationem
2413 4878 2643 4934 veritate
2721 4876 3021 4938 instruens,
3078 4883 3268 4930 nostra
3318 4883 3500 4929 errata
3561 4890 3647 4929 re-

2068 4969 2378 5040 prehendit,
2453 4983 2562 5022 non
2615 4967 2892 5022 erubescit
2948 4965 3331 5020 tractationem
3398 4965 3466 5020 de
3522 4965 3661 5019 ﬁdei.

2067 5060 2361 5130 capitibus,
2409 5059 2760 5128 sophismatis
2803 5057 2978 5126 lepide
3009 5072 3300 5120 exornare,
3338 5057 3462 5110 illos
3519 5057 3647 5110 imi-

2067 5163 2235 5214 tatus,
2289 5157 2382 5222 qui
2433 5152 2490 5205 in
2534 5150 2831 5221 symposiis
2866 5147 3110 5217 jucunde
3162 5156 3216 5202 et
3257 5149 3448 5204 festive
3482 5148 3647 5203 dictis

2068 5247 2242 5301 risum
2284 5246 2432 5300 ciere
2481 5245 2681 5298 solent.
2723 5240 2914 5297 Videte
2963 5242 3107 5296 enim
3187 5257 3348 5309 quam
3386 5239 3649 5294 formida-

2067 5338 2192 5393 bilis
2238 5347 2292 5392 et
2338 5337 2618 5391 elaborata
2675 5335 2748 5389 sit
2793 5335 2908 5388 lucc
2943 5333 3245 5404 syllogismi
3298 5333 3642 5402 complexio:

2066 5429 2254 5484 eadem
2289 5429 2435 5482 enim
2485 5427 2665 5480 denuo
2699 5439 2980 5494 reponam.
3049 5422 3108 5477 Si
3154 5423 3291 5476 idem
3321 5434 3398 5476 est
3449 5424 3652 5492 ingeni-

2068 5531 2152 5576 tus
2188 5530 2236 5574 et
2280 5519 2460 5581 Pater,
2511 5516 2683 5570 lirebit
2721 5515 2892 5577 nobis,
2923 5515 3116 5568 omisso
3154 5515 3336 5568 Patris
3369 5514 3655 5579 vocabulo,

2068 5622 2278 5682 accepto
2338 5620 2513 5665 autem
2567 5610 2785 5679 ingeniti
2831 5609 3060 5674 nomine,
3111 5607 3283 5660 dicere
3355 5609 3643 5675 ingenitum

2067 5702 2200 5757 Filii
2241 5719 2353 5757 esse
2381 5701 2691 5772 ingenitum.
2759 5698 2906 5752 Sicut
2947 5699 3087 5752 enim
3124 5698 3384 5766 ingenitus
3405 5707 3484 5750 est
3513 5695 3646 5750 Filii

2067 5796 2253 5860 Pater,
2277 5796 2367 5848 .sic
2402 5796 2507 5848 vice
2536 5811 2707 5860 versa,
2745 5791 2877 5846 Filii
2903 5792 3174 5860 ingenitus.
3197 5798 3282 5844 est.
3305 5789 3488 5843 Pater.
3538 5791 3644 5843 As-

2069 5889 2250 5946 simile
2298 5883 2526 5960 prorsus
2569 5889 2673 5943 hoc
2728 5885 2877 5952 huic,
2935 5881 2982 5938 si
3032 5882 3155 5954 quis
3197 5882 3344 5938 bono
3402 5889 3457 5936 et
3507 5897 3644 5937 sano
