4146 6370
441 374 551 433 459

1629 416 1635 421 .
1680 379 1737 433 S.
1769 376 2097 433 GREGORII
2129 377 2411 435 NYSSENI

3573 375 3687 430 ιιο

427 493 708 548 intellectu
726 493 955 558 diceret,
981 493 1113 549 nihil
1141 496 1430 563 interesse,
1455 496 1569 551 sive
1589 497 1713 565 quis
1735 496 2002 551 Adamqu

2125 499 2337 569 πλήσιον
2365 498 2661 570 γάρτοῦτο
2700 499 2925 569 ἐκείνῳ·
2976 498 3165 568 ὥσπερ
3207 497 3315 568 γάρ
3360 496 3413 548 εἴ
3458 511 3544 556 τις
3590 494 3682 547 τὸν

426 590 635 649 patrem
691 584 971 646 omnium,
1019 587 1135 640 sive
1185 586 1419 655 primqu
1470 604 1499 639 a
1550 587 1657 640 Deo
1703 585 1996 640 formatum

429 669 706 721 hominem
755 672 1021 739 nominet,
1075 673 1215 728 idem
1260 676 1406 728 enim
1459 684 1688 744 utroque
1731 676 2001 728 vocabulo

431 758 757 825 significari;
784 761 978 816 deinde
1001 764 1207 834 aliquis
1231 782 1297 820 ex
1324 766 1676 821 Eunomiauae
1706 768 2002 821 dialectica),

433 853 620 905 schola
658 855 971 921 prosiliens,
1013 857 1243 925 ejusque
1283 866 1489 911 textum
1520 865 1573 912 et
1608 874 1804 912 nexum
1837 874 2001 928 argu-

433 942 713 996 mentandi
760 944 981 998 imitans
1010 947 1315 1000 occlamet:
1352 946 1409 1000 Si
1450 946 1592 1002 idem
1627 953 1711 1001 est
1746 947 1996 1002 eumdem

434 1046 466 1083 a
504 1030 614 1085 Deo
654 1033 887 1102 primum
930 1043 1170 1089 creatum
1219 1051 1360 1101 csse,
1410 1046 1463 1091 et
1511 1044 1718 1106 patrem
1755 1037 1996 1090 omnium

436 1132 780 1189 posterorum
834 1139 976 1188 esse,
1017 1125 1234 1188 licebit,
1284 1127 1477 1181 relicto
1518 1126 1690 1198 patris
1734 1127 2003 1180 vocabulo

434 1222 487 1266 et
513 1224 735 1281 accepto
771 1216 1086 1284 protoplasti
1118 1218 1359 1280 nomine,
1401 1217 1583 1271 dicere
1607 1217 1875 1271 :Adamus
1901 1234 2004 1270 non

435 1313 513 1358 est
552 1305 727 1358 Abelis
781 1316 961 1375 pater,
1002 1307 1090 1361 sed
1126 1309 1485 1377 protoplastus
1509 1324 1527 1362 :
1551 1308 2005 1379 quemadmodum

437 1399 805 1466 protOpIastus
872 1408 956 1452 est
1026 1398 1121 1453 lilii
1162 1410 1345 1470 pater,
1392 1400 1468 1454 ita
1526 1401 1643 1454 vice
1695 1414 1854 1454 versa
1909 1397 2004 1451 ﬁlii

438 1488 808 1556 protOplastus
852 1499 935 1543 est
980 1497 1152 1558 pater.
1199 1490 1257 1543 Si
1306 1490 1433 1544 talia
1481 1489 1535 1543 in
1586 1504 1835 1559 caupona
1886 1502 2007 1557 perv

440 1588 817 1643 censerentur,
868 1588 1133 1649 quantum
1183 1582 1412 1650 plausus
1456 1592 1509 1635 et
1548 1582 1692 1636 risus
1724 1596 1751 1633 a
1783 1594 2008 1648 compo-

440 1670 655 1723 toribus
700 1677 1067 1739 reportarem,
1118 1679 1226 1723 tam
1285 1670 1481 1725 festive
1522 1670 1757 1724 inventis
1788 1669 2010 1722 admur-

443 1760 790 1814 murantibus
821 1768 875 1814 et
907 1760 1386 1830 adstrepentibus!
1415 1758 1641 1815 Talibus
1676 1758 2008 1829 argumentis

441 1861 720 1922 oppugnat
767 1859 952 1907 nostra
1017 1854 1192 1909 solers
1249 1853 1355 1908 iste
1403 1853 1712 1922 theologus,
1760 1851 2010 1919 indigens
2046 1836 2086 1890 Β

440 1943 739 2014 paedagogo
776 1945 862 1997 vel
894 1943 1077 2013 potius
1110 1945 1306 1997 baculo
1344 1953 1404 1996 ut
1434 1944 1637 2007 discat,
1668 1956 1775 1995 non
1824 1940 2008 1994 omnia

444 2048 562 2101 quae
601 2033 668 2087 de
702 2032 884 2102 aliquo
922 2034 1316 2103 praedicantur,
1361 2032 1428 2086 ad
1481 2032 1623 2086 idem
1672 2030 1896 2084 omnino
1936 2028 2013 2081 si-

444 2126 756 2194 gniﬁcatum
781 2126 1077 2195 respicere,
1100 2122 1561 2194 quemadmodum
1584 2138 1681 2192 per
1702 2120 2011 2190 exemplum

444 2217 512 2270 de
575 2217 780 2270 Adamo
825 2223 881 2271 et
926 2214 1093 2270 Abele
1144 2218 1369 2270 allatum
1408 2214 1847 2269 demonstratum
1908 2219 2015 2266 est.

444 2305 579 2361 Nam
636 2307 900 2360 Adamum
935 2307 1184 2361 eumdem
1230 2314 1285 2360 et
1342 2313 1555 2376 patrem
1583 2305 1771 2359 Abelis
1798 2311 1852 2358 et
1878 2318 2015 2373 opus

446 2397 542 2450 Dei
583 2413 706 2452 esse
730 2412 916 2452 verum
944 2406 1050 2451 est.
1080 2397 1197 2449 Non
1221 2397 1387 2467 igitur
1420 2411 1542 2450 cum
1578 2397 1693 2465 ipse
1724 2406 2019 2465 utrumque

448 2489 540 2545 sit.
570 2489 735 2542 etiam
779 2488 830 2540 in
868 2489 1033 2541 Abele
1073 2496 1367 2557 utrumque
1400 2494 1503 2542 est.
1549 2486 1641 2541 Sic
1676 2476 1730 2539 iu
1767 2488 1874 2540 Deo
1918 2485 2023 2539 Pa-

449 2581 550 2635 tris
580 2581 871 2649 appellatio
893 2580 1205 2635 manifestat
1230 2580 1448 2649 quidem
1471 2580 1524 2634 id
1541 2580 1687 2649 quod
1709 2578 1927 2649 proprie
1952 2581 2021 2632 ab

449 2670 553 2724 hoc
576 2672 840 2725 vocabulo
868 2671 1227 2741 signiﬁcatur,
1260 2686 1452 2741 nempe
1474 2685 1768 2740 generasse
1798 2668 2021 2733 Filium,

450 2764 655 2818 indicat
691 2780 822 2818 vero
859 2773 912 2818 et
938 2765 1086 2820 istud
1130 2766 1333 2819 nullam
1375 2780 1597 2820 causam
1636 2764 2020 2827 antecessisse,

450 2857 615 2912 istum
637 2872 762 2911 vere
784 2857 1113 2927 appellatum
1140 2855 1378 2913 Patrem.
1412 2857 1535 2911 Non
1569 2857 1739 2927 igitur
1757 2869 2015 2910 necessa-

2116 590 2284 659 Ἀδάμ
2330 591 2473 661 ὀρθῷ
2523 591 2616 644 καὶ
2671 589 2960 657 ὑγιαίνοντι
2994 589 3136 658 λόγῳ
3185 588 3259 658 μὴ
3297 585 3572 653 διαφέρειν
3595 584 3683 637 λέ-

2102 696 2188 747 γοι
2212 721 2226 745 ,
2278 680 2311 750 ἢ
2372 679 2580 751 πατέρα
2625 680 2841 733 πάντων
2890 678 3223 748 ἀνθρώπων,
3267 676 3300 745 ἢ
3349 675 3561 746 πρῶτον
3590 676 3683 727 ἁν-

2106 769 2338 840 θρώπων
2425 771 2529 823 ὑπὸ
2579 769 2671 824 τοῦ
2720 771 2854 824 Θεοῦ
2903 768 3209 824 πεπλάσθαι
3258 766 3470 834 λέγειν’
3548 765 3682 817 ταὺ-

2102 864 2193 916 τὸν
2238 862 2345 933 γὰρ
2390 863 2456 916 δι’
2506 862 2781 933 ἑκατέρων
2813 861 3206 933 σημαίνεσθαιο
3267 855 3391 913 εἶτά
3440 875 3521 921 τις
3572 856 3685 909 τῶν

2110 954 2227 1005 κατ’
2273 954 2434 1006 αὑτὸν
2472 952 2820 1006 διαλεκτικῶν
2877 952 3239 1022 ὲφαλλόμενος
3288 952 3401 1011 τοῖς
3454 947 3679 1019 εἰρημέ-

2106 1062 2215 1108 νοις
2268 1047 2485 1115 μιμοῖτο
2530 1044 2629 1115 τὴν
2682 1043 2935 1115 τοιαύτην
2972 1043 3201 1113 πλοκὴν,
3259 1042 3339 1093 ὅτι
3385 1041 3435 1093 εί
3487 1038 3687 1091 ταύτόν

2105 1138 2273 1199 ἐστιν,
2327 1135 2362 1206 ἢ
2420 1134 2633 1206 πρῶτον
2680 1134 2839 1187 αὐτὸν
2884 1133 2986 1187 ὑπὸ
3050 1131 3145 1185 τοῦ
3192 1129 3326 1183 Θεοῦ
3374 1127 3682 1182 πεπλάσθαι

2104 1229 2301 1296 λέγειν,
2356 1227 2392 1298 ἢ
2446 1228 2655 1297 πατέρα
2698 1226 2808 1279 τῶν
2872 1224 3009 1295 μετὰ
3066 1223 3260 1287 ταῦτα,
3306 1222 3519 1286 ἐξέσται
3575 1236 3678 1272 κα-

2105 1314 2387 1369 ταλιποῦσι
2425 1314 2520 1385 τὴν
2558 1316 2650 1367 τοῦ
2703 1312 2914 1384 Πατρὸς
2962 1312 3165 1382 φωνὴν,
3222 1309 3580 1381 μεταλαϐοῦσι
3624 1307 3683 1359 δὲ

2106 1407 2166 1459 τὸ
2217 1406 2634 1478 πρωτόπλαστον
2671 1406 2675 1410 ”
2710 1406 2907 1457 εἰπεῖν’
2964 1403 3026 1455 Ὁ
3100 1401 3280 1471 Ἀδὰμ
3350 1400 3455 1454 τοῦ
3506 1399 3684 1451 ’Ἅϐελ

2108 1497 2244 1566 οὐχί
2297 1496 2491 1566 πατήρ
2531 1497 2721 1561 ἐστιν,
2751 1494 2912 1551 ἀλλὰ
2955 1494 3441 1563 πρωτόπλαστος.
3473 1491 3685 1561 Ὠσπερ

2108 1590 2216 1658 γὰρ
2265 1590 2293 1641 6
2344 1586 2761 1658 πρωτόπλαστος
2818 1586 2936 1640 υἱοῦ
3002 1585 3215 1655 πατήρ·
3278 1581 3419 1636 οὓτω
3483 1581 3542 1634 τὸ
3589 1581 3686 1649 ἐμ-

2110 1680 2271 1733 παλιν
2317 1677 2433 1732 υἱοῦ
2487 1677 2907 1746 πρωτόπλαστος
2952 1675 2982 1728 6
3035 1676 3237 1744 πατήρ.
3290 1673 3353 1725 El
3398 1670 3569 1725 ταῦτα
3626 1671 3690 1721 ὲν

2116 1768 2398 1841 καπηλείῳ
2430 1768 2659 1836 λέγοιτο,
2699 1768 2862 1822 πόσον
2905 1766 2983 1835 av;
3014 1767 3097 1836 εἴη
3128 1764 3320 1835 κρότον
3348 1762 3441 1816 καὶ
3473 1760 3685 1829 γέλωτα

2115 1862 2266 1933 παρὰ
2316 1861 2423 1915 τῶν
2475 1859 3018 1929 διακωθωνιζομένων
3077 1858 3330 1931 ῥαγῆναι,
3379 1857 3683 1923 ἐπικαγχα-

2114 1952 2311 2016 ζόντων
2349 1954 2413 2022 τῇ
2454 1950 2691 2022 κομψείᾳ
2723 1949 2816 2005 τοῦ
2855 1948 3308 2021 παρευρέματοςῑ
3349 1944 3619 2006 Τοιούτοις
3656 1945 3688 1997 6

2116 2042 2276 2110 σοφὸς
2318 2042 2561 2107 θεολόγος
2612 2041 2941 2113 ἰσχυρίζεται
2993 2040 3113 2093 καθ’
3143 2039 3298 2110 ἡμῶν
3344 2040 3451 2100 τοῖς
3490 2036 3686 2104 λόγοις,

2118 2137 2213 2189 καὶ
2239 2136 2567 2206 κατατρέχει
2599 2134 2692 2187 τοῦ
2720 2134 2987 2209 δόγματος
3005 2173 3019 2196 ,
3055 2128 3399 2198 παιδαγωγοῦ
3429 2145 3568 2189 τινος
3598 2126 3688 2180 δν-

2117 2243 2225 2290 τως
2276 2226 2368 2279 καὶ
2407 2224 2705 2295 βακτηρίας
2751 2223 3038 2293 δεόμενος,
3086 2221 3161 2283 ὡς
3193 2220 3258 2272 ἂν
3300 2216 3569 2287 διδαχθείη
3607 2218 3696 2269 ὅτι

2119 2319 2181 2370 οὐ
2227 2317 2406 2370 πάντα
2448 2317 2549 2368 ὅσα
2602 2314 2744 2368 κατά
2791 2330 2939 2375 τινος
2987 2311 3387 2381 κατηγορεῖται,
3447 2307 3581 2378 πρὸς
3630 2304 3695 2359 ἓν

2122 2408 2338 2471 πάντως
2366 2407 2426 2459 τὸ
2455 2406 2849 2477 σημαινόμενον
2886 2402 3101 2473 βλέπει*
3141 2403 3215 2464 ὡς
3242 2401 3329 2454 διά
3361 2398 3459 2452 τοῦ
3490 2397 3685 2469 ρηθέν-

2121 2515 2213 2561 τος
2239 2500 2369 2568 ἡμῖν
2399 2496 2537 2550 κατὰ
2564 2497 2653 2548 τὸν
2688 2494 2854 2548 Ἀϐελ
2883 2494 2978 2547 καὶ
3027 2493 3118 2546 τὸν
3164 2491 3332 2559 Ἀδάμ
3371 2489 3694 2559 ὑποδείγμα-

2123 2605 2215 2649 τος
2262 2587 2552 2640 δείκνυται.
2606 2586 2708 2639 Τῦν
2741 2585 2848 2657 γὰρ
2893 2584 3082 2653 Ἀδὰμ,
3120 2584 3210 2636 τὸν
3255 2582 3415 2635 αὑτὸν
3450 2581 3543 2633 καὶ
3592 2597 3699 2633 πα-

2124 2680 2259 2748 τέρα
2287 2678 2379 2732 τοῦ
2422 2678 2607 2743 Ἀϐελ,
2656 2679 2747 2730 καὶ
2778 2677 2937 2748 ἔργον
2969 2675 3062 2728 τοῦ
3098 2673 3230 2727 Θεοῦ
3259 2672 3457 2741 λέγειν,
3500 2668 3696 2738 ἀληθές

2129 2772 2275 2824 ἐστιν
2297 2786 2311 2799 °
2342 2770 2402 2823 οὺ
2441 2770 2545 2840 μὴν
2572 2768 2765 2839 ἐπειδὴ
2789 2768 2950 2830 αὐτὸς
2977 2766 3257 2838 ἀμφότερα
3285 2763 3377 2815 ἐπὶ
3413 2763 3515 2815 τοῦ,
3534 2759 3697 2813 ’Ἅϐελ

2130 2862 2197 2914 τὰ
2222 2861 2313 2915 δύο
2331 2876 2345 2891 °
2380 2860 2523 2914 οὕτω
2549 2861 2645 2913 καὶ
2670 2861 2761 2912 ἐπὶ
2788 2858 2881 2912 τοῦ
2909 2858 3042 2911 Θεοῦ
3081 2857 3185 2910 τῶν
3223 2856 3359 2909 ὅλων
3386 2857 3417 2926 ἡ
3462 2853 3555 2905 τοῦ
3585 2853 3697 2904 lla..-

451 2948 590 3001 rium
607 2956 690 3002 est
712 2947 1021 3018 ut,quando
1038 2947 1158 3002 Filii
1176 2950 1509 3003 mentionem
1532 2948 1786 3012 facimus,
1805 2944 2024 3016 non§Pa-

2132 2952 2257 3023 τρός
2288 2949 2625 3023 προσηγορία
2678 2949 2828 3018 δηλοί
2859 2947 2957 3018 μὲν
2988 2947 3081 3001 καί
3118 2945 3178 2998 τὸ
3217 2945 3359 3006 ἰδίως
3389 2943 3497 2997 ὑπὸ
3517 2940 3701 2995 τοιαύ-

453 3044 611 3101 trem,
636 3038 731 3093 sed
753 3040 1037 3110 ingenitum
1069 3038 1203 3094 Filii
1225 3040 1575 3095 nominemus
1600 3055 1813 3109 :neque
1837 3053 2029 3093 rursus

451 3146 681 3187 necesse
723 3143 807 3187 est
849 3143 937 3200 ut,
984 3135 1029 3190 si
1087 3134 1156 3188 ad
1198 3132 1324 3188 Filii
1362 3133 1739 3188 habitudinem
1782 3132 1838 3188 id
1882 3131 2028 3203 quod

2133 3060 2233 3112 της
2260 3042 2441 3112 φωνῆς
2470 3038 2862 3111 σημαινόμενον
2891 3037 2952 3089 τὸ
2992 3034 3377 3104 γεγεννηκέναι
3405 3032 3495 3085 τὸν
3540 3030 3663 3083 Υίόν
3682 3046 3704 3060 '

2138 3130 2553 3186 ἐνδείκνυταιδέ
2599 3128 2785 3182 καὶτὸ
2838 3126 3105 3198 μηδεμίαν
3150 3124 3328 3177 αἰτίαν
3369 3121 3703 3192 προεπινοεῇ

452 3233 536 3277 est
581 3225 838 3295 principii
892 3241 1109 3296 expers,
1157 3226 1479 3290 reticeatur,
1522 3241 1591 3280 ex
1624 3232 1804 3281 mente
1831 3233 2022 3279 nostra

2135 3223 2259 3277 σθαι
2310 3222 2403 3275 τοῦ
2454 3221 2667 3293 ἀληθῶς
2712 3192 2953 3291 Πατρόςο
2978 3192 3045 3270 ὀὐ
3080 3215 3184 3288 μὴν
3226 3215 3530 3281 ἐπάναγκες
3575 3214 3708 3264 ὅταν

454 3311 762 3381 ingenilum,
791 3310 942 3366 Patri
976 3321 1317 3383 competens,
1350 3312 1657 3381 ejiciamus.
1691 3310 1799 3367 Sed
1825 3312 2023 3382 hujus-

458 3400 602 3453 modi
647 3402 927 3454 nominum
960 3417 1117 3456 usum
1148 3402 1398 3472 repudiat
1424 3402 1547 3467 iste,
1572 3409 1627 3457 et
1664 3417 1815 3458 more
1836 3417 2025 3457 eorum

456 3491 551 3558 qui
590 3490 737 3546 risus
778 3494 1095 3548 concitandi
1129 3494 1371 3549 artiﬁces
1406 3504 1556 3559 sunt,
1594 3495 1898 3551 subsannat
1934 3511 2025 3551 re-

458 3582 786 3648 sponsiones
826 3593 1071 3645 nostras.
1128 3584 1527 3654 sophismatum
1560 3585 1896 3649 absurditate
1929 3601 2026 3641 ca-

459 3667 699 3725 chinnos.
736 3672 1005 3728 excitans.

2130 3315 2224 3367 τοῦ
2262 3313 2388 3367 Υἱοῦ
2428 3312 2772 3383 μνησθῶμεν,
2806 3310 2881 3382 μὴ
2909 3308 3127 3379 Πατέρα
3154 3308 3352 3376 λέγειν,
3383 3305 3494 3359 ἀλλ’
3540 3302 3703 3368 άτένο

2136 3422 2321 3472 amtor
2363 3403 2497 3457 Υἰοῦ
2536 3401 2993 3473 προσαγορεύειν·
3045 3399 3152 3453 οὐδ’
3189 3394 3255 3451 αὖ
3286 3397 3445 3450 πάλιν
3491 3396 3537 3447 εί
3568 3392 3704 3463 πρὸς

2129 3496 2228 3567 τὴν
2266 3494 2359 3548 τοῦ
2394 3493 2521 3547 Υἱοῦ
2570 3493 2757 3564 σχέσιν
2788 3493 2849 3545 τὸ
2877 3492 3109 3562 ἄναρχον
3157 3488 3476 3559 σιωπηθείη,
3512 3485 3711 3539 ἐκϐάλω

2130 3586 2242 3640 λειν
2286 3585 2384 3655 τῆς
2419 3584 2655 3646 διανοίας
2694 3582 2850 3654 ἡμῶν
2900 3582 3005 3634 ἀπὸ
3056 3580 3152 3633 τοῦ
3199 3578 3333 3632 Θεοῦ
3372 3578 3430 3630 τὸ
3464 3574 3709 3645 ἀγέννη-

2122 3696 2250 3732 τον.
2304 3676 2439 3728 Ἀλλ’
2475 3674 2774 3729 ἀπωθεῖται
2817 3673 2914 3742 τὴν
2961 3669 3215 3739 τοιαύτην
3265 3671 3457 3739 χρῆσιν
3506 3664 3704 3734 ὀνομά-

458 3777 592 3823 των,
616 3762 709 3815 καὶ
737 3763 875 3816 κατὰ
901 3766 1025 3827 τοὺς
1053 3765 1253 3835 μίμους
1285 3764 1394 3817 τῶν
1456 3765 1701 3834 γελοίων,
1763 3766 2105 3839 διαχλευάζει
2142 3772 2233 3823 τὸν
2280 3768 2436 3836 λόγον
2490 3766 2569 3837 τῷ
2619 3765 2889 3836 ἀλλοκότῳ
2929 3763 3036 3817 τῶν
3088 3761 3435 3832 σοφισμάτων
3481 3759 3718 3828 γελωτο-

458 3855 637 3908 ποιῶν
658 3858 715 3910 ἐν
743 3860 855 3921 τοῖς
876 3857 1125 3927 δόγμασι.

530 3954 742 4009 Rursus
781 3955 924 4009 enim
956 3970 1022 4009 ea
1061 3970 1181 4024 qua:
1209 3954 1444 4010 elfutivit
1467 3969 1743 4010 resumam
1768 3974 1781 4009 :
1807 3953 1867 4010 Si
1895 3954 2032 4010 idem

460 4044 727 4099 estdicere
769 4047 1025 4114 ingenitus
1072 4047 1149 4100 vel
1180 4046 1366 4110 Pater,
1407 4046 1584 4100 licebit
1623 4047 1794 4112 nobis,
1826 4047 2035 4102 deserto

462 4136 646 4190 Patris
722 4137 971 4191 vocabulo
1035 4146 1086 4191 et
1146 4148 1418 4207 assumpto
1474 4139 1732 4209 ingenito,
1794 4138 1965 4192 dicere
2012 4155 2031 4192 :

462 4227 733 4297 lngenilus
764 4226 899 4282 Filii
939 4239 1016 4283 est
1057 4230 1340 4299 ingenitus.
1381 4227 1549 4283 Sicuti
1593 4230 1733 4283 enim
1769 4230 2029 4301 ingenitus

462 4330 539 4373 est
568 4318 700 4373 Filii
727 4319 911 4383 Pater,
933 4320 1011 4373 ita
1031 4321 1262 4374 uicissim
1286 4319 1419 4374 Filii
1441 4322 1703 4391 ingenitus
1738 4332 1815 4376 est
1848 4321 2029 4376 Pater.

462 4410 688 4475 Verum,
728 4420 787 4465 ut
841 4423 895 4466 et
941 4427 1042 4466 nos
1095 4411 1310 4465 ridendi
1370 4413 1653 4465 materiam
1708 4412 2028 4473 habeamus,

465 4506 512 4559 si
549 4506 787 4568 videtur,
831 4507 885 4558 in
916 4505 1256 4558 contrarium
1286 4504 1561 4573 sophisma
1591 4510 2027 4570 retorqueamus.

467 4597 528 4650 Si
577 4612 683 4651 non
712 4607 796 4651 est
817 4596 959 4650 idem
998 4594 1160 4649 Pater
1197 4610 1321 4649 cum
1357 4595 1620 4664 ingenito,
1658 4592 1836 4647 Patris
1864 4592 2034 4647 Filius

465 4703 574 4742 non
614 4688 718 4742 erit
755 4686 980 4757 ingeniti
1032 4686 1202 4740 Filius
1235 4705 1249 4740 :
1295 4700 1423 4739 nam
1455 4700 1583 4739 cum
1631 4683 1699 4737 ad
1733 4685 1908 4738 solum
1940 4684 2035 4735 Pa-

467 4786 604 4831 trem
658 4777 1028 4831 habitudinem
1082 4776 1295 4839 habeat,
1342 4785 1641 4828 extraneus
1668 4774 1893 4827 omnino
1931 4773 2036 4826 erit

469 4878 664 4923 natura
698 4882 799 4922 sua
830 4866 903 4920 ab
924 4868 1019 4920 illo
1055 4867 1149 4936 qui
1189 4865 1336 4920 aliud
1361 4864 1627 4936 quiddam
1644 4872 1753 4929 est,
1780 4872 1834 4919 et
1858 4862 2038 4919 Patris

471 4958 679 5013 notioni
706 4972 1050 5027 nequaquam
1076 4956 1381 5011 conforme.
1410 4956 1595 5025 Itaque
1633 4956 1676 5009 si
1707 4955 1852 5008 aliud
1882 4953 2041 5024 quid-

470 5050 595 5101 dam
629 5056 713 5103 est
751 5047 911 5102 Pater
936 5049 1003 5102 ab
1031 5049 1294 5119 ingenito,
1332 5064 1508 5117 neque
1532 5046 1710 5099 Patris
1750 5046 2040 5116 appellatio

472 5141 704 5209 ingeniti
732 5141 1100 5208 signiﬁcatum
1139 5141 1539 5210 complectitur,
1577 5154 1687 5193 non
1718 5138 1916 5207 poterit
1948 5137 2043 5207 qui

474 5243 561 5288 est
594 5234 822 5295 unus,in
851 5234 990 5287 duas
1032 5248 1215 5288 rerum
1248 5233 1599 5286 habitudines
1645 5231 1838 5293 dividi,
1872 5231 2045 5283 idem-

482 5341 589 5395 que
632 5340 752 5380 esse
781 5332 835 5379 et
862 5323 1042 5378 Patris
1070 5332 1124 5378 et
1153 5325 1381 5393 ingeniti
1411 5322 1600 5377 Filius.
1657 5321 1724 5375 Et
1756 5329 1815 5374 ut
1851 5322 2047 5376 absur—

481 5418 614 5473 dum.
662 5426 922 5471 censetur
953 5416 1258 5485 ingenitum
1284 5414 1451 5468 Deum
1483 5415 1685 5475 dicere,
1718 5414 1790 5466 ita
1822 5413 2049 5466 omnino

480 5510 540 5564 in
601 5508 951 5562 conversione
996 5522 1094 5573 par
1133 5506 1446 5561 absurditas
1491 5506 1821 5567 invenietur,
1871 5503 2051 5557 nomi-

484 5602 664 5656 nando
694 5597 1043 5670 Uuigenitum
1073 5597 1271 5652 Filium
1310 5598 1534 5667 ingeniti
1575 5616 1589 5651 :
1626 5608 1684 5651 ut
1726 5612 1790 5650 ex
1835 5596 2051 5649 duobus

487 5691 715 5743 alterum
748 5688 939 5744 conﬁci
985 5695 1251 5758 oporteat,
1278 5687 1362 5742 vel
1403 5687 1544 5741 idem
1577 5701 1700 5742 esse
1749 5684 2050 5752 ingenitum

492 5788 550 5836 et
584 5779 819 5847 Patrem,
858 5790 917 5835 ut
961 5779 1143 5834 Patris
1189 5776 1359 5833 Filius
1410 5778 1571 5831 etiam
1617 5773 1843 5844 ingeniti
1883 5773 2053 5830 Filius

2212 3949 2381 4004 Πάλιν
2412 3946 2519 4016 γὰρ
2544 3942 2652 3996 τῶν
2698 3942 2828 4012 παρ’
2869 3939 3031 3995 αὐτοῦ
3063 3939 3338 4011 ῥηθέντων.
3376 3936 3719 4009 ἐπιμνησθήο

2141 4056 2333 4111 σομαι’
2368 4039 2435 4090 El
2462 4035 2679 4090 ταύτόν
2708 4033 2879 4086 ἐστιν
2921 4031 3127 4097 εἰπεῖν,
3144 4031 3494 4099 Ἀγέννητος
3526 4028 3563 4096 ἢ
3601 4031 3709 4080 Ila-

2139 4130 2271 4198 τὴρ,
2299 4126 2541 4192 ἐξέσται
2574 4123 2718 4192 ἡμῖν
2750 4120 3149 4175 καταλιποῦσι
3183 4122 3297 4187 τὴν
3331 4118 3434 4171 τοῦ
3474 4117 3709 4185 Πατρός

2138 4219 2370 4291 φωνὴν,
2394 4215 2799 4291 μεταλαϐοῦσι
2832 4212 2899 4265 δὲ
2929 4212 2994 4264 τὸ
3031 4210 3376 4280 ἀγέννητον,
3405 4208 3621 4263 εἰπεῖν·
3658 4211 3708 4260 '0

2137 4312 2482 4382 ἁγέννητος,
2529 4307 2667 4360 Υἱοῦ
2705 4306 2875 4358 ἐστιν
2907 4304 3249 4373 ὰγέννητος.
3285 4302 3513 4368 Ὠσπερ
3546 4301 3654 4369 γὰρ
3678 4303 3715 4354 ό

2139 4402 2466 4471 ἀγέννητος
2531 4397 2668 4451 Υἱοῦ
2724 4395 2958 4464 Πατὴρ,
3005 4394 3192 4459 οὕτως
3240 4394 3500 4461 ἔμπαλιν
3574 4390 3711 4445 Υιοῦ

2067 4467 2112 4522 D
2141 4467 2469 4564 ἀγένητος
2502 4492 2534 4543 ὀ
2568 4488 2789 4555 Πατήρ.
2822 4486 2957 4538 Ἀλλ’
2983 4484 3437 4554 ἀντιγελάσωμεν,
3472 4486 3519 4535 εί
3546 4482 3711 4548 δοκεῖ,

2143 4585 2237 4637 καὶ
2286 4585 2469 4654 ἡμεῖς,
2506 4582 2584 4643 εἰς
2629 4577 2934 4631 τούναντίον
2981 4575 3129 4645 αὐτῷ
3179 4574 3604 4646 περιαγαγόντες
3651 4573 3714 4625 τδ

2136 4676 2373 4744 σόφισμα
2392 4689 2405 4701 ·
2436 4672 2496 4724 El
2538 4669 2637 4722 οὐκ
2667 4668 2782 4721 ἔστι
2809 4668 3003 4721 ταύτὸν
3031 4669 3060 4720 6
3088 4666 3275 4737 Πατὴρ
3300 4667 3377 4736 τῷ
3412 4668 3711 4736 άγεννήτῳ,

2134 4769 2163 4820 6
2190 4765 2283 4818 τοῦ
2324 4763 2534 4834 Πατρὸς
2574 4760 2700 4823 Tib;
2728 4760 2828 4811 οὐκ
2868 4759 3019 4811 ἔσται
3060 4758 3151 4810 τοῦ
3205 4758 3498 4827 άγεννήτου
3548 4757 3715 4819 Υἱὸςσ

2136 4857 2272 4926 πρὸς
2304 4855 2409 4924 γὰρ
2455 4853 2542 4905 τὸν
2578 4851 2796 4919 Πατέρα
2837 4849 2993 4919 μόνον
3022 4849 3118 4918 τὴν
3155 4848 3338 4917 σχέσιν
3368 4848 3525 4916 ἔχων,
3558 4849 3713 4900 ἁλλο-

2138 4948 2301 5018 τρίως
2333 4945 2548 5007 πάντως
2572 4942 2682 5007 ἕξει
2712 4940 2856 4994 κατὰ
2882 4941 2979 5006 τὴν
3022 4940 3181 5006 φύσιν
3220 4938 3355 5008 πρὸς
3383 4937 3473 4990 τὸν
3500 4937 3626 4991 ἄλλο
3654 4955 3710 4989 τι

2141 5039 2270 5091 ὅντα
2318 5037 2409 5090 καὶ
2452 5037 2517 5105 τῇ
2569 5034 2749 5102 ἐννοίᾳ
2796 5031 2889 5084 τοῦ
2946 5030 3155 5101 Πατρὸς
3194 5029 3269 5101 μὴ
3313 5030 3710 5100 συμϐαίνοντα·

2143 5132 2280 5184 ὥστε
2309 5130 2357 5181 εί
2388 5126 2515 5181 ἄλλο
2541 5143 2593 5178 τι
2628 5123 2774 5192 παρὰ
2816 5124 2906 5175 τὸν
2938 5121 3226 5191 άγέννητὸν
3259 5124 3402 5172 ἐστιν
3445 5121 3473 5171 6
3507 5121 3712 5190 Πατὴρ,

2145 5218 2239 5272 καὶ
2269 5218 2329 5270 οὐ
2360 5213 2754 5286 περιλαμϐάνει
2780 5210 2874 5263 τοῦ
2909 5209 3137 5276 Πατρὸς
3164 5211 3197 5279 ἡ
3235 5210 3590 5280 προσηγορία,
3624 5210 3718 5260 καὶ

2144 5308 2238 5363 τοῦ
2264 5305 2592 5377 ἀγεννήτω
2613 5303 2675 5355 τὸ
2706 5301 3097 5372 σημαινόμενον
3114 5316 3127 5329 ·
3148 5299 3208 5351 οὐ
3231 5299 3448 5352 δύναται
3472 5300 3499 5349 6
3526 5293 3604 5361 εἷς
3621 5296 3715 5361 ὣν,

2148 5403 2228 5464 είς
2271 5400 2365 5453 δύο
2391 5396 2727 5466 πραγμάτων
2763 5392 2973 5463 σχέσεις
3005 5390 3467 5460 καταμερίζεσθαι
3491 5431 3503 5454 ,
3554 5391 3647 5441 καὶ
3690 5391 3716 5440 6

2148 5493 2308 5554 αὐτὸς
2360 5487 2496 5543 εἶναι
2529 5485 2623 5540 τοῦ
2649 5502 2707 5539 τε
2739 5483 2949 5554 Πατρδς
2980 5482 3070 5535 καὶ
3098 5482 3190 5534 τοῦ
3222 5483 3512 5551 άγεννήτου
3556 5481 3680 5543 Υίὸς
3701 5496 3716 5507 ·

2150 5582 2245 5635 καὶ
2284 5582 2359 5643 ὡς
2403 5580 2601 5633 ἄτοπον
2634 5576 2893 5645 ἐνομίσθη
2934 5573 3063 5626 Υἱοῦ
3116 5572 3407 5643 ἀγέννητον
3456 5572 3546 5624 τὸν
3589 5572 3721 5623 Θεὸν

2150 5673 2346 5740 λέγειν,
2391 5670 2531 5723 οῦτω
2576 5669 2787 5730 πάντως
2831 5668 2889 5718 ἐν
2934 5664 3012 5735 τῷ
3055 5664 3457 5735 ἁντιστρέφοντι
3502 5662 3563 5714 τὸ
3606 5656 3720 5714 ἶσον

2155 5766 2351 5819 ἄτοπον
2402 5762 2752 5834 εὑρεθήσεται
2799 5759 2889 5811 τοῦ
2935 5758 3226 5828 ἁγεννήτου
3277 5756 3402 5810 Υἱὸν
3457 5753 3725 5827 μονογενῆ
