4146 6370
384 482 482 537 ιιι

1510 479 1791 536 CONTRA
1825 474 2222 538 EUNOMIUM,
2260 476 2394 530 LIB.
2434 476 2475 531 l.

3546 474 3652 529 449

385 602 567 670 λέγειν
590 614 605 629 ⁸
655 600 797 654 ὥστε
826 600 935 655 τῶν
959 600 1052 654 δύο
1082 601 1143 655 τδ
1172 602 1378 673 ἕτερον,
1412 602 1443 673 ἢ
1490 603 1685 655 ταύτόν
1730 604 1844 654 ἐστι
1894 599 1972 669 τῷ

2075 600 2167 661 sit,
2232 607 2289 651 ut
2338 599 2541 653 frustra
2595 615 2696 656 nos
2751 598 3102 655 adversarius
3138 598 3421 664 traduxit,
3464 597 3549 651 vel
3604 597 3651 650 si

386 694 666 765 ἀγεννήτῳ
707 694 737 746 ὀ
769 693 980 764 Πατὴρ,
1012 694 1099 748 ἴνα
1125 696 1154 747 6
1182 694 1275 747 τοῦ
1308 694 1520 765 Πατρός
1558 694 1706 756 Υἱὸς,
1748 693 1843 747 καὶ
1871 691 1965 744 τοῦ

387 783 681 852 ἀγεννήτου
723 782 851 845 Υἱὸς
886 778 960 856 ᾗ,
1005 785 1097 836 καὶ
1144 785 1319 853 μάτην
1351 784 1508 853 ήμῶν
1549 782 1894 852 διεχλευάσθη
1939 783 1969 834 6

388 871 545 940 λόγος
569 888 583 901 '
617 873 650 943 ἢ
698 874 748 926 εἰ
796 872 982 944 ἕτερόν
1026 892 1079 926 τι
1132 874 1282 945 παρὰ
1318 874 1379 927 τὸ
1427 874 1720 945 ἀγέννητόν
1755 876 1900 925 ἐστιν
1939 873 1969 924 6

390 963 602 1033 Πατὴρ,
631 964 660 1016 6
687 963 781 1016 τοῦ
816 964 1029 1034 Πατρὸς
1077 964 1205 1026 Υἱὸς
1236 964 1334 1035 τῆς
1388 966 1525 1035 πρὸς
1574 965 1635 1017 τὸ
1675 965 1971 1033 ἀγέννητον

391 1052 629 1121 σχέσεως
656 1053 1026 1124 ἠλλοτρίωται.
1088 1054 1195 1107 Καὶ
1237 1054 1330 1107 ἐὰν
1370 1054 1526 1108 τοῦτο
1579 1055 1848 1125 κρατήσῃ,
1892 1052 1968 1123 μὴ

391 1146 455 1195 ὲκ
503 1141 598 1195 τοῦ
661 1144 958 1214 ἀγεννήτου
1016 1139 1153 1197 εἶναι
1206 1145 1299 1198 τὸν
1355 1144 1656 1214 Μονογενῆ,
1716 1142 1971 1214 γεννητὸν

389 1232 537 1302 αὐτῷ
569 1234 785 1297 πάντως
809 1237 841 1304 ἡ
887 1234 1176 1288 ἀκολουθία
1198 1235 1292 1289 τοῦ
1318 1236 1476 1305 λόγου
1512 1237 1604 1291 τὸν
1638 1238 1854 1307 Πατέρα
1881 1238 1971 1289 ὲν-

390 1326 652 1390 δείξεται·
682 1328 742 1381 τὸ
768 1328 876 1399 γὰρ
905 1329 963 1381 ὃν
998 1330 1112 1399 μὲν,
1148 1334 1220 1400 μὴ
1248 1332 1555 1400 ἀγεννήτως
1587 1331 1644 1384 δὲ
1675 1330 1753 1394 ὃν,
1788 1347 1972 1399 γεννη-

390 1414 488 1484 τὴν
526 1417 744 1481 πάντως
790 1418 1085 1471 ὑπόστασιν
1124 1419 1253 1488 ἔχει.
1289 1420 1352 1472 El
1383 1415 1476 1473 οὖν
1516 1420 1768 1490 γεννητὸς
1806 1423 1834 1473 6
1858 1423 1970 1474 Παο

391 1510 496 1579 τὴρ
531 1512 650 1562 κατ’
687 1510 947 1573 ἐκείνους,
977 1510 1106 1564 ἀλλο
1147 1528 1198 1563 τι
1240 1510 1318 1564 ὢν
1347 1512 1499 1583 παρά
1527 1514 1617 1564 τὸν
1656 1512 1968 1581 ἀγέννητον,

394 1599 498 1651 ποῦ
548 1601 581 1669 ὴ
629 1600 1054 1671 πολυθρύλλητος
1103 1602 1437 1671 (iram-1201a
1495 1604 1718 1674 έκείνη;
1772 1604 1880 1657 Ποῦ
1930 1606 1966 1676 ἡ

395 1690 595 1761 κρηπὶς
622 1691 715 1745 καί
747 1694 781 1763 ἡ
810 1692 1091 1763 ὑποδάθρα
1113 1697 1211 1764 τῆς
1244 1695 1524 1766 αἱρετικῆς
1566 1695 1962 1766 πυργοποιίας;

393 1782 611 1852 Οἴχεται
635 1785 726 1837 καὶ
749 1784 1039 1853 ἠφάνισται
1059 1784 1145 1838 διὰ
1172 1785 1261 1838 τοῦ
1296 1786 1551 1856 γλίσχρου
1566 1786 1672 1838 τῶν
1705 1786 1971 1857 σοφισμά-

391 1890 521 1937 των,
568 1873 633 1925 ἐκ
664 1873 771 1925 τῶν
812 1874 1061 1943 κατέχειν
1101 1874 1237 1937 τέως
1290 1875 1585 1929 δοκούντων
1629 1876 1971 1949 διολισθῆσαν

2071 690 2348 745 diversum
2400 691 2661 761 quiddam
2709 693 2777 746 ab
2824 692 3069 761 ingenito
3115 689 3274 744 Pater
3316 697 3424 758 est,
3479 687 3652 743 Filius

2070 781 2140 836 ab
2201 781 2524 837 habitudine
2574 782 2641 836 ad
2692 782 2993 867 ingenitum
3020 797 3249 851 prorsus
3296 782 3367 835 sit
3413 782 3652 836 alienus.

2070 872 2225 938 Quod
2287 874 2332 927 si
2374 874 2687 928 obtineatur
2738 873 3087 944 Unigeuitum
3129 889 3237 927 non
3273 888 3397 928 esse
3441 874 3510 925 ab
3565 872 3645 925 in-

2071 966 2273 1033 genito,
2307 979 2649 1034 consequens
2680 965 2904 1019 omnino
2940 973 3025 1019 est
3062 972 3124 1017 ut
3158 962 3375 1017 Patrem
3409 963 3649 1033 genitum

2071 1054 2361 1111 faciamus.
2403 1055 2537 1110 Nam
2575 1057 2720 1127 quod
2749 1067 2854 1119 est,
2891 1070 2993 1110 nec
3030 1064 3209 1109 tamen
3246 1054 3487 1123 ingenite
3531 1063 3640 1113 est.

2072 1149 2300 1202 omnino
2334 1150 2573 1219 genitam
2611 1146 3022 1203 subsistentiam
3052 1146 3236 1201 habet.
3265 1144 3323 1199 Si
3353 1132 3520 1214 igitur
3555 1161 3648 1199 se-

2071 1242 2311 1298 cundum
2343 1241 2465 1295 illos
2497 1239 2658 1294 Pater
2692 1246 2777 1295 est
2813 1241 3051 1309 genitus,
3099 1238 3246 1291 aliud
3292 1237 3420 1307 quid
3455 1226 3524 1291 ab
3567 1238 3650 1291 in-

2070 1334 2255 1405 genito
2285 1332 2580 1393 exsistens,
2622 1331 2715 1384 ubi
2748 1330 3038 1391 decantata
3081 1329 3172 1383 illa
3200 1328 3595 1382 innascibililas
3616 1331 3641 1382 ?

2075 1423 2175 1479 Ubi
2214 1423 2413 1477 fundus
2454 1432 2508 1477 et
2533 1420 2946 1476 fundamentum
2979 1420 3247 1473 haeretica:
3281 1420 3653 1473 substructio-

2070 1512 2199 1567 uis?
2236 1511 2385 1565 Abiit
2431 1520 2484 1566 et
2531 1510 2754 1565 evanuit
2790 1525 2883 1578 per
2913 1509 3101 1579 jejuna
3134 1509 3238 1563 ista
3286 1509 3646 1577 sophismata.

2072 1607 2148 1660 Ex
2194 1605 2413 1675 quibus,
2462 1618 2587 1657 cum
2637 1618 2703 1657 eo
2755 1617 2928 1671 usque
2963 1598 3257 1670 prmvalida
3307 1600 3645 1661 viderentur,

2070 1697 2271 1752 amissa
2327 1712 2461 1752 ansa
2521 1695 2805 1765 delapsum
2856 1702 2942 1749 est
2996 1694 3311 1763 ingenitum,
3370 1701 3422 1747 et
3467 1692 3653 1746 omnis

2072 1789 2458 1859 inaequalitatis
2509 1787 2784 1851 machina,
2827 1787 2974 1841 velut
3025 1786 3322 1847 somnium.
3373 1783 3655 1848 diffluensr

2070 1878 2517 1933 orationisictum
2538 1875 2742 1944 effugit,
2770 1876 2930 1930 simul
2967 1891 3092 1929 cum
3128 1875 3368 1944 ingenito
3401 1874 3644 1928 avolans.

393 1966 494 2034 τῆς
526 1966 696 2035 λαϐῆς
737 1966 794 2019 τὸ
822 1966 1187 2036 ἀγέννητονο
1232 1970 1327 2022 καὶ
1370 1970 1404 2039 ἡ
1455 1969 1551 2022 τοῦ
1590 1944 1970 2040 ἀνομοίουνκα-

2075 1968 2150 2023 lta
2189 1969 2410 2039 quando
2449 1968 2792 2023 mendacium
2849 1967 3058 2021 veritati
3114 1966 3485 2035 anteponitur,
3525 1965 3650 2018 licet

392 2054 652 2125 τασκευὴ,
697 2054 948 2124 καθάπερ
992 2056 1137 2119 τινὸς
1162 2056 1313 2128 ὄναρ,
1344 2056 1656 2129 διαρρυεῖσα
1682 2059 1776 2111 τοῦ
1811 2058 1967 2128 λόγου

393 2148 492 2217 τὴν
520 2146 735 2217 ἐπαφὴν
765 2147 1092 2217 διαπέφευγε
1136 2148 1212 2218 τῷ
1243 2151 1523 2221 ἀγεννήτῳ
1562 2153 1967 2206 συναποπτᾶσα.

398 2239 585 2302 Οὕτως
630 2240 757 2292 ὅταν
793 2258 845 2293 τι
881 2240 1074 2309 ψεῦδος
1166 2242 1270 2313 πρὸ
1306 2242 1406 2312 τῆς
1447 2242 1700 2313 ἀληθείας
1726 2243 1969 2315 τιμώμε-

396 2346 504 2393 νον,
537 2328 640 2381 κᾶν
686 2329 823 2399 πρὸς
864 2330 1042 2398 ὀλίγον
1074 2330 1160 2384 διὰ
1205 2330 1303 2401 τῆς
1333 2330 1549 2401 ἀπάτης
1595 2331 1834 2404 ἀνθήσοι,
1875 2350 1967 2386 τα·-

396 2420 534 2489 χέως
568 2420 703 2488 πρὸς
749 2420 909 2472 ἑαυτὸ
961 2423 1245 2494 καταρρεῖ,
1300 2422 1395 2474 καὶ
1444 2424 1563 2485 ταῖς
1601 2421 1755 2486 ἰδίαις
1804 2441 1969 2476 κατα-

398 2512 615 2574 σκευαῖς
645 2510 937 2564 διαλύεται.
987 2509 1146 2563 Ἀλλὰ
1176 2510 1347 2565 ταῦτα
1390 2511 1487 2582 μὲν
1520 2511 1642 2565 ὅσον
1672 2513 1973 2582 ἐπιμειδιάσ

2074 2061 2292 2115 modico
2360 2068 2604 2127 tempore
2661 2074 2758 2129 per
2804 2072 3046 2111 errorem
3103 2058 3282 2126 vigeat
3336 2066 3391 2111 et
3436 2056 3647 2119 floreat,

2074 2158 2264 2220 postea
2310 2158 2492 2205 tamen
2536 2148 2721 2219 seipso
2749 2149 3013 2211 concidit,
3046 2156 3100 2202 et
3145 2148 3385 2218 propriis
3429 2148 3646 2201 machi-

2073 2242 2343 2298 namentis
2410 2242 2747 2297 dissolvitur.
2792 2239 2991 2296 Verum
3040 2242 3156 2295 haec
3204 2241 3424 2310 quidem
3478 2239 3649 2293 animi

2074 2333 2252 2405 gratia
2299 2334 2354 2388 in
2394 2332 2890 2388 remunerationem
2942 2332 3146 2387 festiva:
3173 2332 3334 2386 istius
3370 2330 3650 2400 inmquali-

2075 2427 2207 2481 tatis
2251 2440 2283 2480 a
2328 2426 2489 2481 nobis
2519 2427 2665 2481 dicta
2717 2426 2848 2480 sint.
2885 2425 3125 2498 Tempus
3164 2426 3327 2481 fuerit
3370 2434 3431 2480 ut
3474 2425 3657 2479 oratio

2087 2518 2154 2572 ad
2198 2519 2543 2588 propositum
2580 2518 2684 2573 iter
2727 2527 3054 2575 revertatur.

399 2605 576 2673 σαιτῇ
617 2602 853 2673 κομψείᾳ
898 2601 997 2671 τῆς
1036 2602 1128 2655 τοῦ
1162 2602 1412 2672 ἀνομοίου
1437 2604 1856 2671 ἀνταποδόσεως,
1897 2606 1988 2660 καὶ
2022 2612 2151 2682 παρ’
2206 2610 2364 2681 ἡμῶν
2411 2612 2823 2683 προενήνεκται.
2881 2612 3086 2682 Καιρὸς
3130 2612 3176 2665 δ’
3224 2611 3292 2665 ἂν
3360 2610 3446 2680 εἴη
3492 2608 3656 2663 πάλιν

397 2695 759 2762 ἐπαναγαγεῖν
784 2694 877 2746 ἐπὶ
905 2694 1007 2763 τὴν
1032 2694 1351 2747 ἀκολουθίαν
1378 2694 1471 2747 τὸν
1501 2694 1678 2762 λόγον.

469 2786 543 2838 Ού
575 2784 822 2854 βούλεται
854 2788 882 2838 6
914 2786 1180 2857 Εὑνόμιος
1209 2787 1313 2839 ὑπὸ
1346 2786 1443 2858 τῆς
1467 2788 1562 2840 τοῦ
1611 2789 1820 2859 Πατρδς
1862 2806 1969 2856 (pto-

398 2876 514 2946 γῆς,
546 2876 642 2928 καὶ
670 2875 763 2929 τοῦ
801 2878 1097 2947 ἀγεννήτου
1127 2878 1227 2947 τὴν
1260 2878 1534 2948 σημασίαν
1570 2879 1967 2949 παρίστασθαιο

400 2967 487 3019 ενα
533 2965 595 3018 τὸ
640 2966 769 3019 ποτὲ
809 2967 884 3037 μὴ
928 2961 1065 3020 εἶναι
1110 2968 1202 3020 τὸν
1232 2969 1511 3039 Μονογενῆ
1564 2971 1967 3042 κατασκευάσῃ.

399 3058 509 3111 Καὶ
533 3058 641 3129 γὰρ
669 3059 763 3112 καὶ⁸
791 3058 924 3112 πολὺ
970 3059 1127 3113 τοῦτο
1180 3061 1329 3132 παρὰ
1366 3061 1475 3115 τῶν
1519 3062 1774 3133 μαθητῶν
1805 3063 1968 3116 αὑτοῦ

400 3146 461 3199 τὸ
488 3145 780 3217 ἐρώτημα,
824 3147 906 3200 ὅτι
958 3147 1020 3200 '0
1055 3146 1139 3201 ὢν
1186 3147 1312 3215 πῶς
1347 3150 1660 3220 γεννᾶται;
1688 3153 1868 3204 Αἰτιον
1912 3150 1969 3204 δὲ

398 3208 590 3290 τούτου
632 3208 808 3307 δέμαί,
854 3237 915 3291 τὸ
960 3237 1034 3309 μὴ
1080 3208 1423 3310 ἐθέλεινϋτῖἦς
1460 3208 1801 3313 ἀνθρωίτίνης
1841 3246 1975 3315 Χρή”
1999 3208 2043 3267 C

405 3346 540 3391 σεως
575 3328 686 3381 τῶν
717 3328 996 3399 ὀνομάτων
1028 3330 1123 3382 καὶ
1152 3331 1247 3383 ἐπὶ
1273 3330 1383 3383 τῶν
1417 3332 1574 3384 θείων
1601 3334 1973 3403 διανοημάτων

403 3420 750 3489 ἀφίστασθαι.
796 3420 1108 3492 Ἀλλ’ἡμεῖς
1140 3422 1396 3485 εὐνοϊκῶς
1427 3422 1559 3477 αὐτὸ
1585 3423 1645 3476 τὸ
1667 3424 1977 3495 πεπλασμέ-

402 3529 492 3564 νον
519 3514 617 3581 τῆς
641 3512 891 3574 ὑπονοίας
921 3515 1000 3576 εἰς
1013 3512 1074 3565 τὸ
1097 3512 1252 3577 εὐθὲς
1284 3515 1710 3586 προαγάγωμεν,
1730 3516 1974 3581 εἰπόντες

402 3603 438 3656 ἀ
468 3604 596 3674 περὶ
622 3603 810 3657 τούτου
844 3603 1203 3675 γινώσκομεν.

477 3694 645 3746 ¹Ἀλλα
689 3694 938 3765 σημαίνει
984 3695 1114 3766 παρ’
1164 3696 1313 3766 ἡμῖν,
1361 3690 1406 3748 ὧ
1453 3696 1707 3767 Εὐνόμιε,
1743 3696 1813 3751 τά
1860 3698 1976 3750 ὀνό-

410 3802 571 3855 ματα,
611 3785 707 3839 καὶ
754 3785 945 3856 ἑτέραν
987 3786 1080 3838 ἐπὶ
1129 3784 1228 3855 τῆς
1268 3787 1668 3858 ὑπερκειμένης
1700 3788 1975 3859 δυνάμεως

403 3880 503 3949 τὴν
536 3878 807 3949 σημασίαν
838 3878 1151 3948 παρέχεται.
1195 3878 1305 3930 Καὶ
1353 3877 1461 3945 γὰρ
1501 3878 1594 3930 καὶ
1627 3880 1685 3931 ἐν
1726 3880 1834 3939 τοῖς
1872 3876 1978 3929 λοι-

406 3973 526 4031 ποῖς
570 3972 701 4023 πᾶσι
749 3970 926 4039 πολλῷ
970 3968 1044 4039 τῷ
1097 3968 1247 4039 μέσῳ
1291 3970 1323 4038 ὴ
1365 3967 1483 4019 θεία
1521 3968 1679 4035 φύσις
1730 3966 1839 4021 ἀπὸ
1879 3968 1977 4038 τῆς

405 4061 748 4131 ἀνθρωπίνης
774 4060 1219 4129 διατετείχισται*
1252 4060 1345 4112 καὶ
1367 4057 1517 4111 οὐδὲν
1544 4057 1777 4111 ἐνταῦθα
1804 4057 1977 4110 τοιοῦ-

404 4171 495 4206 τον
542 4156 576 4225 η
622 4157 783 4225 πεῖρα
827 4154 1115 4218 δείκνυσιν,
1152 4154 1273 4206 ὅσον
1320 4154 1376 4205 ὲν
1418 4154 1601 4225 ἐκείνῃ
1650 4154 1975 4223 στοχασμοίς

407 4261 516 4297 τισι
544 4244 638 4297 καὶ
675 4245 949 4307 ὑπονοίαις
991 4242 1287 4307 εἰκάζεται.
1322 4244 1425 4297 Τὸν
1464 4244 1625 4296 αὑτὸν
1656 4244 1853 4316 τρόπον
1883 4244 1976 4297 καὶ

408 4337 464 4387 ὲν
488 4338 600 4399 τοῖς
635 4335 740 4388 ὑπὸ
769 4334 876 4387 τῶν
911 4335 1187 4405 ὀνομάτων
1237 4334 1683 4405 σημαινομένοις,
1732 4333 1838 4387 κᾶν
1879 4335 1977 4403 ὀμ·

408 4426 617 4496 ωνυμία
642 4442 726 4487 τις
820 4425 927 4478 τῶν
965 4424 1320 4495 ἀνθρωπίνων
1367 4425 1503 4495 πρὸς
1531 4425 1592 4477 τὸ
1622 4424 1811 4485 ἀΐδιον,
1841 4424 1977 4478 ἀλλά

2145 2788 2321 2857 Negat
2364 2786 2670 2841 Eunomius
2698 2785 2877 2841 Patris
2911 2785 3277 2855 appellatione
3315 2787 3477 2840 etiam
3508 2788 3655 2858 inge—

2076 2880 2177 2934 uiti
2205 2878 2663 2949 significationem
2696 2878 3102 2947 repraesentari.
3146 2884 3205 2930 ut
3247 2877 3373 2931 inde
3401 2878 3657 2933 conficiat

2080 2972 2432 3043 Uuigeuitum
2474 2970 2774 3039 aliquando
2812 2984 2922 3023 non
2966 2968 3161 3022 fuisse.
3196 2966 3477 3037 Frequens
3507 2969 3652 3023 enim

2075 3075 2157 3121 est
2188 3064 2329 3135 apud
2352 3063 2654 3132 discipulos
2689 3060 2810 3129 ejus
2841 3062 2956 3114 haec
2986 3060 3211 3129 qurestio
3239 3077 3250 3111 :
3278 3058 3548 3122 Quomodo
3569 3077 3655 3127 μεν

2076 3168 2295 3211 ueratur
2339 3155 2427 3225 qui
2460 3155 2590 3211 rest?
2622 3152 2854 3206 Causam
2889 3150 3055 3218 hujus
3086 3149 3163 3203 rei
3204 3149 3462 3211 arbitror,
3506 3150 3655 3219 quod

2076 3249 2248 3301 nolint
2290 3248 2359 3299 ab
2413 3246 2653 3299 humano
2681 3242 3072 3297 vocabulorum
3112 3256 3236 3305 usu,
3267 3250 3398 3294 tunc
3431 3256 3654 3310 quoque

2075 3356 2199 3394 cum
2239 3340 2428 3393 divina
2476 3344 2735 3401 tractant,
2774 3335 3060 3390 absistere.
3095 3332 3201 3387 Sed
3257 3350 3358 3387 nos
3392 3334 3537 3387 hunc
3569 3349 3656 3387 er-

2086 3447 2266 3486 rorem
2288 3439 2342 3486 et
2364 3430 2565 3483 mentis
2594 3428 2973 3497 deceptionem
3000 3426 3259 3481 benevole
3279 3426 3657 3492 emendumus,

2076 3523 2258 3579 allatis
2304 3522 2374 3577 iis
2420 3538 2542 3592 quae
2591 3520 2660 3575 de
2710 3520 2815 3573 hoc
2863 3517 3179 3573 didicimus.

2146 3701 2297 3755 Alias
2329 3698 2785 3769 significationes,
2838 3695 3092 3756 Eunomi,
3128 3694 3347 3748 nomina
3378 3693 3523 3762 apud
3555 3710 3657 3748 nos

2076 3790 2299 3853 habent,
2349 3798 2401 3843 et
2450 3790 2557 3843 alia
2597 3790 2663 3843 de
2709 3802 2962 3856 suprema
3017 3787 3105 3839 illa
3156 3786 3400 3855 potentia
3433 3788 3659 3855 ingene-

2078 3892 2219 3936 rant.
2271 3880 2404 3935 Nam
2429 3892 2482 3935 et
2523 3881 2577 3934 in
2606 3880 2829 3948 reliquis
2853 3878 3109 3931 omnibus
3159 3878 3316 3947 longe
3343 3878 3462 3945 plus
3492 3895 3656 3947 quam

2077 3975 2358 4030 dimidiata
2400 3990 2465 4027 ex
2512 3981 2663 4042 parte
2713 3983 2907 4026 natura
2961 3970 3146 4024 divina
3194 3971 3263 4024 ab
3295 3970 3531 4024 humana
3568 3986 3663 4027 se-

2072 4065 2370 4135 jungitur:
2414 4074 2466 4118 et
2508 4062 2842 4134 experientia
2886 4061 2973 4115 hic
3014 4062 3149 4113 nihil
3192 4060 3373 4115 simile
3416 4061 3657 4126 exhibet,

2076 4158 2238 4226 quale
2282 4154 2616 4223 coniecturis
2652 4150 2982 4221 quibusdam
3031 4160 3085 4205 et
3133 4151 3547 4221 suspicionibus
3601 4153 3663 4207 in

2078 4247 2170 4301 illa
2214 4244 2549 4299 efl'ormatur.
2598 4242 2801 4296 Eodem
2849 4242 3012 4296 modo
3064 4256 3123 4297 se
3174 4257 3261 4296 res
3314 4242 3481 4296 habet
3530 4258 3656 4296 cum

2078 4338 2244 4392 rebus
2296 4350 2393 4405 per
2444 4335 2663 4388 nomina
2724 4332 3090 4403 significatis:
3129 4333 3344 4387 etiamsi
3371 4334 3661 4389 nominum

2077 4428 2312 4498 quadam
2354 4426 2708 4481 similitudine
2757 4424 3009 4478 humana:
3052 4440 3177 4478 cum
3208 4424 3411 4482 divinis
3455 4442 3659 4480 conve-

409 4516 547 4569 κατὰ
576 4516 634 4569 τὸ
666 4516 860 4588 μέτρον
890 4517 988 4587 τῆς
1015 4516 1122 4569 τῶν
1149 4515 1362 4585 φύσεων
1388 4515 1758 4578 ἀποστάσεως,
1785 4515 1879 4567 καὶ
1905 4516 1973 4567 τά

2080 4522 2253 4583 uiant,
2280 4519 2636 4572 nihilominus
2659 4532 2756 4587 pro
2785 4518 3158 4586 proportione,
3179 4532 3287 4586 qua
3310 4526 3517 4572 natura:
3541 4519 3660 4572 ista:

410 4608 777 4677 σημαινόμενα
812 4606 901 4660 διὰ
945 4607 1053 4661 τῶν
1104 4607 1381 4677 ὀνομάτων
1425 4604 1775 4676 κεχώρισται.
1827 4600 1971 4670 Οἷον,

407 4697 784 4769 οἰκοδεσπότην
816 4697 1100 4769 ἄνθρωπον
1140 4698 1229 4751 διὰ
1257 4701 1354 4769 τῆς
1386 4698 1699 4769 παραϐολῆς
1733 4699 1822 4751 τὸν
1842 4698 1974 4750 Θεὸν

407 4789 661 4860 ὀνομάζει
690 4790 718 4842 6
739 4789 969 4859 Κύριος·
989 4790 1123 4843 ἀλλά
1145 4789 1276 4842 πολὺ
1303 4789 1459 4843 τοῦτο
1487 4791 1583 4843 καὶ
1607 4792 1663 4844 ἐν
1690 4790 1767 4862 τῷ
1794 4790 1892 4860 βίῳ
1913 4790 1976 4843 τὸ

406 4878 594 4949 ὄνομα.
625 4874 751 4950 *Δρ*
774 4876 866 4932 οὖν
893 4882 921 4932 ὀ
942 4880 1101 4943 αὐτὸς
1131 4880 1286 4948 λόγος
1318 4880 1410 4933 τοῦ
1440 4881 1558 4934 καθ’
1591 4882 1736 4951 ἡμᾶς
1769 4878 1976 4949 ἀνθρὼ-

410 4987 532 5033 που,
561 4970 763 5024 καὶτοῦ
791 4970 1072 5042 ἀνθρώπου
1092 4971 1301 5026 ἐκείνου
1321 4987 1334 5000 °
1357 4974 1449 5025 καὶ
1474 4973 1711 5036 τοιοῦτος
1731 4975 1758 5026 6
1776 4972 1975 5042 ἡμέτε-

410 5080 503 5135 ρος
529 5058 696 5125 οἶκος,
726 5063 811 5116 οἷα
836 5064 869 5132 ή
908 5062 1117 5132 μεγάλη
1153 5063 1299 5115 οἰκία
1323 5062 1525 5132 ἐκείνη,
1561 5061 1743 5124 καθώς
1768 5080 1929 5132 φησιν
1947 5065 1975 5118 6

420 5155 762 5218 Ἀπόστολος,
779 5156 839 5209 ἐν
867 5150 983 5226 ᾖτά
1006 5154 1170 5224 σκεύη
1194 5155 1262 5207 τὰ
1279 5156 1473 5226 χρυσᾶ,
1500 5155 1594 5206 καὶ
1624 5156 1862 5225 ἀργυρᾶ,
1882 5157 1976 5208 καὶ

408 5253 508 5305 ὅσα
535 5254 631 5322 τῆς
660 5249 851 5322 λοιπῆς
882 5252 1012 5321 ὕλης
1038 5250 1335 5321 ἠρίθμηται
1357 5267 1371 5281 ’
1404 5250 1437 5320 ἢ
1468 5249 1603 5305 ἄλλα
1647 5250 1745 5318 μὲν
1776 5252 1977 5315 ἐκεῖνα,

407 5344 444 5398 ἃ
480 5344 588 5397 οὐδ’
622 5345 686 5396 ἂν
729 5344 976 5412 έπιγνοίη
1026 5359 1110 5405 τις
1157 5342 1411 5404 εὐκόλως,
1460 5344 1519 5394 ἐν
1570 5341 1846 5412 ἀφθαρσίᾳ⁵
1888 5342 1981 5393 καὶ

413 5434 775 5504 μακαριότητι
803 5432 1169 5503 θεωρούμενα,
1196 5432 1330 5486 ἄλλα
1368 5432 1423 5486 δὲ
1450 5432 1519 5485 τά
1558 5435 1686 5501 παρ’
1716 5433 1879 5503 ἡμῶν,
1916 5436 1981 5485 ἐκ

408 5527 510 5597 γῆς
537 5526 684 5589 ὄντα,
712 5527 804 5580 καὶ
832 5528 911 5588 εἰς
938 5526 1039 5596 γῆν
1066 5523 1455 5596 καταρρέοντα.
1499 5522 1770 5586 Ὡσαύτως
1801 5522 1857 5575 δὲ
1887 5526 1982 5576 καὶ

409 5619 467 5671 ιν
493 5619 603 5680 τοίς
630 5618 831 5680 λοιποῖς
866 5618 998 5669 πᾶσι
1029 5615 1210 5685 σχεδὸν
1254 5614 1537 5685 ὁμωνυμία
1584 5613 1665 5677 τίς
1693 5617 1807 5668 ἐστι
1841 5616 1977 5686 πρὸς

410 5706 477 5760 τὰ
506 5707 623 5761 θεῖα
658 5707 765 5761 τῶν
794 5704 1075 5777 ἡμετέρων
1110 5705 1465 5777 πραγμάτων,
1498 5703 1556 5755 ὲν
1588 5705 1653 5773 τῇ
1688 5704 1976 5776 ταυτότητι

482 5882 529 5913 ⁸⁸
557 5880 746 5937 Matth.
782 5895 905 5946 xm,
932 5879 1027 5945 27,
1066 5880 1158 5935 5‘2.
1286 5879 1335 5912 ⁸⁵
1361 5879 1401 5934 ll
1430 5880 1570 5936 Tim.
1601 5897 1661 5948 ιι,
1700 5884 1795 5937 ΞΟ.

2076 4614 2218 4667 inter
2265 4627 2322 4667 se
2366 4611 2601 4676 distant,
2658 4611 2821 4664 etiam
2878 4626 2977 4672 ea.
3037 4626 3156 4679 quae
3204 4610 3289 4665 his
3342 4612 3665 4665 nominibus

2074 4702 2475 4771 significantur,
2526 4711 2774 4770 separata
2812 4707 2962 4754 sunt.
3025 4698 3271 4769 Exempli
3322 4717 3513 4765 causa,
3554 4702 3663 4755 Do-

2077 4794 2256 4848 minus
2300 4794 2351 4846 in
2404 4794 2713 4862 evangelica
2748 4793 3006 4862 parabola
3060 4802 3220 4845 vocat
3259 4791 3424 4845 Deum
3479 4793 3661 4846 homi-

2076 4886 2276 4940 miuem
2324 4884 2773 4954 patremfamilias
2795 4883 2862 4951 ⁸⁸,
2909 4899 3034 4953 quae
3104 4885 3397 4952 appellatio
3441 4884 3494 4937 in
3551 4885 3664 4939 vita

2076 4991 2295 5045 quoque
2347 4976 2588 5028 humana
2618 4975 2911 5029 admodum
2945 4974 3349 5043 frequentatur.
3382 4983 3464 5028 An
3492 4976 3667 5045 igitur

2075 5066 2265 5122 eadem
2312 5073 2399 5122 est
2444 5064 2584 5120 ratio
2625 5066 2799 5121 nostri
2833 5066 3067 5133 alicujus
3100 5064 3337 5119 hominis
3363 5073 3416 5119 et
3470 5065 3618 5119 illius
3645 5085 3663 5119 :

2076 5155 2307 5224 talisque
2357 5165 2541 5209 nostra
2589 5164 2672 5211 est
2725 5153 2923 5208 domus
2969 5154 3150 5223 qualis
3192 5169 3387 5222 magna
3430 5154 3522 5207 illa
3566 5154 3663 5208 do-

2083 5263 2229 5311 mus,
2276 5257 2335 5301 ut
2381 5247 2623 5316 loquitur
2668 5247 2965 5317 Apostolus
3003 5246 3070 5310 ",
3121 5246 3176 5301 in
3220 5261 3326 5316 qua
3364 5254 3493 5300 sunt
3533 5262 3663 5300 vasa

2081 5354 2248 5394 aurea
2290 5349 2345 5394 et
2393 5347 2674 5411 argentea,
2723 5348 2777 5395 et
2826 5339 2931 5392 alia
2984 5354 3051 5393 ex
3096 5338 3219 5394 aliis
3256 5336 3500 5391 materiis
3533 5352 3665 5391 con-

2081 5431 2307 5494 stantia,
2371 5447 2492 5501 qua:
2531 5431 2729 5486 ibidem
2792 5430 3090 5500 Apostolus
3141 5429 3472 5499 perrenset?
3521 5426 3659 5481 Num

2082 5521 2188 5576 alia
2240 5522 2461 5592 quidem
2500 5523 2591 5576 illa
2644 5523 2865 5593 cognitu
2922 5538 3031 5577 non
3075 5537 3271 5591 prona,
3322 5536 3444 5592 qua;
3476 5520 3531 5574 in
3572 5520 3663 5573 illa

2084 5614 2497 5685 incorruptione
2537 5623 2592 5669 et
2634 5614 2971 5670 beatitudine
2996 5622 3336 5685 spectantur,
3370 5611 3476 5666 alia
3511 5627 3661 5672 vero,

2085 5722 2209 5777 qua:
2242 5707 2383 5778 apud
2420 5722 2516 5764 nos
2563 5715 2783 5764 exstant
2848 5723 2916 5765 ex
2968 5716 3117 5763 terra
3172 5714 3453 5777 procreata
3505 5710 3561 5759 et
3610 5702 3671 5755 in
