4146 6370
499 456 606 513 H5

1704 462 1707 463 ⁷
1776 458 1832 511 S.
1865 446 2193 512 GREGORII
2228 458 2524 517 NYSSENI

3638 458 3747 515 ιιι

501 583 705 628 terram
761 571 1095 627 dilabentia?
1160 570 1424 629 Similiter
1479 572 1533 627 in
1591 573 1847 628 omnibus
1908 573 2075 627 ferme

2182 575 2283 627 τῶν
2312 577 2611 647 ὀνομάτων,
2658 576 2791 631 πολὺ
2822 576 2881 631 τὸ
2910 577 3167 648 διάφορον
3187 576 3295 629 τῶν
3334 573 3746 646 σημαινομένων

500 665 623 719 aliis
678 664 1060 719 convenientia
1107 676 1191 719 est
1233 665 1513 718 nominum
1566 663 1875 717 divinorum
1910 672 1963 718 et
1989 680 2075 718 re-

499 771 621 811 rum
667 772 793 811 cum
843 757 1124 811 humanis.
1170 760 1241 810 At
1280 758 1333 811 in
1390 758 1670 811 nominum
1696 757 2075 810 convenientia

502 847 708 918 grande
730 856 815 902 est
846 848 1141 903 discrimen
1188 864 1367 903 rerum
1410 848 1838 919 significatarum
1878 867 1891 902 :
1948 864 2075 918 pro-

501 946 687 1007 pterea
745 940 1202 994 et-membrorum
1251 949 1305 995 et
1337 956 1598 995 sensuum
1663 942 1885 995 nomina
1918 948 2074 993 utro-

501 1029 669 1100 bique
721 1032 974 1085 similiter
1000 1034 1240 1100 reperire
1263 1033 1406 1087 licet.
1435 1031 1607 1086 Sicuti
1628 1035 1773 1087 enim
1810 1034 1863 1086 in
1893 1034 2075 1094 nobis,

504 1126 579 1179 ita
624 1127 679 1179 in
725 1126 904 1180 divina
938 1126 1029 1179 illa
1064 1128 1170 1179 vita
1225 1142 1389 1195 quam
1423 1142 1638 1181 omnem
1673 1141 1893 1180 sensum
1928 1142 2079 1179 exce-

503 1216 633 1271 dere
672 1233 866 1273 omnes
894 1220 1152 1273 mortales
1187 1222 1537 1283 confitentur,
1575 1228 1704 1273 sunt
1746 1219 1922 1287 digiti,
1952 1218 2081 1272 bra-

436 1354 439 1357 λ
504 1309 711 1372 chium,
772 1325 990 1375 manus,
1047 1312 1263 1373 oculus,
1312 1311 1598 1379 palpebrae,
1658 1309 1901 1371 auditus,
1959 1324 2075 1371 cor,

505 1403 688 1471 pedes,
710 1402 1102 1463 ealceamenta,
1132 1401 1281 1469 equi,
1310 1402 1605 1470 equitatus,
1636 1416 1854 1463 currus,
1880 1409 1933 1455 et
1960 1401 2081 1454 iuti-

505 1495 617 1546 nita
665 1493 791 1554 alia,
834 1508 955 1562 quae
994 1508 1059 1546 ex
1107 1493 1358 1547 humana:
1403 1495 1528 1547 vitae
1576 1495 1972 1549 consuetudine
2009 1494 2078 1548 ad

503 1585 808 1638 caelestium
836 1584 1333 1638 manifestationem
1362 1601 1456 1654 per
1487 1586 1826 1639 involucrum
1851 1601 1880 1639 a
1905 1586 2079 1641 sacris

506 1675 722 1730 Litteris
746 1676 1007 1729 translata
1030 1686 1178 1730 sunt.
1203 1676 1670 1741 Quemadmodum
1694 1677 1860 1746 igitur
1873 1677 2081 1747 quodli-

504 1769 595 1822 bet
619 1768 813 1823 borum
834 1769 1112 1831 nominum
1134 1779 1186 1823 et
1202 1768 1499 1822 humanum
1524 1778 1576 1822 et
1596 1784 1763 1838 supra
1782 1769 2077 1823 humanum

503 1859 842 1931 signiﬁcandi
870 1859 1087 1912 modum
1110 1860 1270 1913 habet
1307 1879 1318 1913 :
1350 1860 1429 1914 sic
1460 1867 1513 1913 et
1532 1861 1700 1929 patris
1728 1874 1922 1914 nomen
1954 1860 2081 1914 licet

2176 668 2552 738 ὲνδεικνυμένη
2575 685 2589 699 ·
2621 669 2701 722 διὸ
2728 671 2821 723 καὶ
2849 670 2916 722 τὰ
2943 670 3049 723 τῶν
3080 670 3253 740 μελῶν
3290 669 3383 722 καὶ¹
3418 668 3487 720 τὰ
3512 666 3620 720 τῶν
3661 668 3745 720 αί-

2177 758 2479 830 σθητηρίων
2499 762 2734 831 ὀνόματα
2757 763 3146 835 παραπλησίως
3172 762 3315 813 ἐστιν
3340 763 3539 830 εὑρεῖν,
3557 758 3746 829 ὥσπερ

2173 854 2258 920 ἐφ’
2294 854 2445 922 ήμίν,
2478 852 2618 905 οὕτω
2662 856 2757 906 καὶ
2800 855 2891 906 ἐπὶ
2918 854 3019 922 τῆς
3045 854 3193 915 Θείας
3226 852 3532 919 τεταγμένα
3578 848 3743 919 ζωῆς,

2175 943 2241 1012 ἢν
2271 946 2408 1015 ὑπὲρ
2455 945 2706 1015 αἴσθησιν
2735 941 2874 999 εἶναι
2920 948 3118 1007 πάντες
3157 943 3505 1013 ὁμολογοῦσιν
3540 941 3748 1013 ἀνθρω-

2178 1052 2287 1099 ποι,
2322 1034 2593 1096 δάκτυλοι,
2637 1036 2731 1089 καὶ
2780 1034 3036 1106 βραχίων,
3070 1036 3164 1087 καὶ
3201 1036 3340 1104 χεὶρ,
3384 1033 3657 1103 ὀφθαλμός
3684 1048 3743 1083 τε

2178 1130 2270 1177 καὶ
2302 1126 2563 1197 βλέφαρα,
2595 1128 2688 1180 καὶ
2725 1128 2882 1197 ἀκοὴ,
2928 1128 3019 1180 καὶ
3055 1126 3266 1196 καρδία,
3312 1127 3405 1178 καὶ
3445 1126 3622 1189 πόδες,
3653 1123 3745 1176 καὶ⁵

2178 1218 2514 1288 ὑποδήματα,
2569 1219 2658 1273 καὶ
2707 1219 2881 1283 ἵπποι,
2940 1220 3035 1272 καλ⁸
3075 1219 3327 1281 ἱππασία,
3368 1219 3460 1271 καὶ
3503 1219 3743 1287 ἅρματα,

2179 1306 2272 1356 καὶ
2303 1305 2471 1374 μυρία
2496 1305 2717 1359 τοιαῦτα
2754 1308 2816 1359 ὲκ
2843 1307 2937 1360 τοῦ
2967 1307 3309 1378 ἀνθρωπίνου
3350 1307 3464 1375 βίου
3494 1307 3629 1376 πρὸς
3648 1305 3746 1376 τὴν

2178 1392 2286 1444 τῶν
2317 1392 2474 1445 θείων
2518 1394 2747 1463 δήλωσιν
2781 1395 2849 1447 δι’
2892 1396 3207 1466 αἰνίγματος
3254 1396 3358 1449 ὑπὸ
3393 1395 3490 1465 τῆς
3527 1396 3747 1466 Γραφῆς

2182 1483 2588 1553 μετενήνεκται.
2633 1485 2843 1555 ’Ὥσπερ
2891 1487 3069 1539 τοίνυν
3119 1486 3347 1540 ἕκαστον
3394 1484 3595 1538 τούτων
3638 1485 3745 1537 τῶν

2178 1574 2479 1643 ὀνομάτων,
2512 1575 2604 1627 καὶ
2630 1574 2983 1646 ἀνθρωπίνως
3010 1577 3245 1645 λέγεται,
3276 1578 3371 1630 καὶ
3398 1578 3497 1630 οὐκ
3539 1577 3747 1647 ἀνθρω-

2179 1666 2348 1727 πίνως
2374 1667 2729 1736 σημαίνεται·
2764 1667 2907 1721 οὕτω
2953 1670 3044 1722 καὶ
3072 1670 3130 1722 τὸ
3178 1670 3271 1722 τοῦ
3305 1670 3522 1739 πατρὸς
3554 1670 3744 1739 ὄνομα,

2180 1756 2283 1809 κᾶν
2329 1755 2585 1820 ὡσαύτως
2644 1757 2735 1810 ἐπί
2774 1776 2833 1811 τε
2884 1761 2981 1830 τῆς
3032 1761 3305 1831 ἡμετέρας
3352 1762 3446 1813 καὶ
3497 1763 3589 1815 ἐπὶ
3646 1761 3745 1831 τῆς

2181 1840 2331 1904 θείας
2375 1843 2598 1914 λέγηται
2644 1845 2884 1913 φύσεως,
2934 1848 3068 1900 ἀλλὰ
3112 1850 3252 1903 κατά
3299 1851 3357 1902 τὸ
3408 1851 3604 1921 μέτρον
3645 1852 3747 1921 τῆς

503 1952 706 2020 pariter
733 1960 787 2005 et
824 1951 891 2005 de
929 1962 1116 2006 nostra
1149 1960 1202 2005 et
1227 1951 1293 2005 de
1327 1951 1510 2005 divina
1535 1958 1731 2005 natura
1758 1959 2071 2020 usurpetur,

2182 1932 2438 2003 διαφορᾶς
2472 1934 2577 1988 τῶν
2608 1937 2666 1988 ἐν
2713 1940 2823 1999 τοῖς
2850 1938 3107 2008 ὀνόμασιν
3137 1940 3528 2009 ὑποκειμένων,
3562 1941 3747 1994 καὶτὰ

502 2051 743 2100 attamen
773 2059 871 2113 pro
897 2044 1250 2112 proportione
1282 2042 1601 2098 differentia:
1629 2057 1810 2096 rerum
1840 2045 2074 2097 nomini-

503 2136 607 2191 bus
648 2136 1075 2199 substratarum,
1134 2136 1296 2189 etiam
1340 2151 1429 2189 res
1482 2135 1711 2190 vocibus
1759 2135 2073 2205 significata!

503 2226 647 2278 inter
699 2240 760 2279 se
820 2225 1329 2279 discriminantur:
1365 2226 1525 2280 aliter
1574 2226 1720 2281 enim
1779 2225 2071 2281 humanam

503 2317 913 2387 generationem
950 2317 1493 2385 concipimus,aliter
1524 2316 1592 2371 de
1624 2317 1809 2371 divina
1843 2333 2073 2386 genera-

500 2408 649 2460 tione
678 2406 1076 2473 eonjectamus.
1112 2404 1285 2458 llomo
1316 2407 1368 2458 in
1398 2413 1641 2473 tempore
1674 2415 1988 2475 generatur,
2020 2414 2074 2460 et

506 2499 705 2567 aliquis
739 2498 961 2551 omnino
992 2498 1146 2551 locus
1184 2497 1349 2550 vitam
1386 2497 1505 2565 ejus
1544 2498 1765 2566 excipit,
1801 2498 1919 2552 sine
1953 2499 2073 2568 qui-

508 2591 615 2645 bus
656 2599 851 2643 natura
882 2605 992 2644 non
1018 2589 1395 2644 constituitur.
1444 2588 1718 2654 Quocirca
1758 2590 2072 2645 necessario

510 2682 565 2736 in
599 2680 842 2735 hominis
882 2681 993 2734 vita
1028 2681 1305 2736 sectiones
1333 2681 1580 2750 quaedam
1623 2681 1963 2750 temporaria:
1991 2682 2076 2736 in-

501 2776 819 2840 veniuntur,
871 2774 1204 2844 praateritum
1240 2774 1467 2838 scilicet,
1535 2789 1775 2843 prazsens
1810 2782 1861 2829 et
1920 2774 2072 2828 futu-

500 2882 639 2922 rum.
680 2864 819 2920 Vere
849 2866 996 2919 enim
1040 2865 1107 2919 de
1136 2866 1321 2935 aliquo
1343 2866 1436 2935 qui
1476 2874 1797 2935 generatur,
1845 2866 2070 2932 dicitur,

499 2973 623 3012 eum
656 2958 949 3026 aliquando
982 2971 1090 3009 non
1121 2955 1311 3017 fuisse,
1360 2972 1507 3010 nunc
1547 2972 1690 3021 esse,
1740 2968 1794 3011 et
1851 2959 2072 3013 tandem

501 3064 719 3118 quoque
754 3067 858 3101 Imtt
910 3052 1148 3118 amplius
1203 3050 1340 3103 fore.
1383 3048 1655 3103 Caeterum
1711 3065 1836 3102 cum
1872 3059 2074 3103 mterna

503 3142 618 3204 illa,
655 3152 707 3196 et
747 3157 866 3210 qua:
895 3150 1088 3195 cuncta
1140 3142 1339 3196 saecula
1390 3143 1782 3212 antegreditur,
1848 3159 2075 3213 genera-

506 3232 656 3285 tione
716 3232 1061 3300 temporaria:
1094 3233 1209 3286 ista:
1265 3233 1516 3287 notiones
1550 3247 1659 3285 non
1716 3242 2071 3297 concurrunt,

2178 2024 2263 2077 διὰ
2306 2025 2413 2078 τῶν
2440 2027 2632 2094 φωνῶν
2672 2030 3043 2099 σημαινόμενα
3082 2030 3181 2101 τὴν
3208 2031 3557 2101 παραλλαγὴν
3596 2032 3743 2101 ἔχει·

2179 2115 2354 2180 ἄλλως
2390 2118 2496 2189 γὰρ
2528 2118 2754 2190 νοοῦμεν
2792 2120 2885 2191 τὴν
2912 2120 3163 2190 γέννησιν
3194 2122 3279 2175 ἐπ’
3305 2123 3624 2193 ἀνθρώπων,
3655 2124 3749 2176 καὶ⁵

2179 2208 2353 2271 ἄλλως
2403 2212 2530 2282 περὶ
2574 2212 2672 2282 τῆς
2707 2211 2857 2275 θείας
2904 2215 3207 2285 γεννήσεως
3253 2216 3642 2286 στοχαζόμεθα.
3690 2216 3751 2271 Ὁ

2180 2305 2462 2374 ἄνθρωπος
2493 2310 2551 2358 ὲν
2600 2305 2776 2375 χρόνῳ
2825 2306 3095 2373 τίκτεται,
3146 2308 3237 2359 καὶ
3269 2307 3430 2371 τόπος
3474 2325 3557 2371 τις
3600 2307 3747 2379 αὐτῷ

2180 2397 2398 2460 πάντως
2440 2398 2540 2467 τὴν
2599 2395 2741 2468 ζωὴν
2790 2397 3136 2470 ὑποδέχεται·
3188 2392 3263 2452 ὧν
3308 2401 3435 2453 ἄνευ
3490 2402 3748 2471 συστῆναι

2182 2488 2340 2555 φύσιν
2384 2490 2482 2541 οὐκ
2510 2490 2641 2560 ἔχει.
2693 2490 2791 2543 Διὰ
2820 2490 2976 2544 τοῦτο
3009 2492 3185 2544 τοίνυν
3227 2492 3451 2562 χρονικὰ
3488 2495 3750 2563 τμήματα

2182 2581 2309 2653 πορὶ
2334 2581 2431 2653 τὴν
2454 2582 2546 2635 τοῦ
2576 2583 2861 2654 ἀνθρώπου
2893 2584 3035 2655 ζωὴν
3068 2585 3376 2653 ἀναγκαίως
3402 2585 3711 2655 εὑρίσκεται
3730 2601 3748 2616 ⁸

2179 2672 2241 2725 τὸ
2274 2672 2380 2744 πρὸ
2411 2674 2574 2727 αὑτοῦ
2601 2674 2763 2742 λέγω,
2814 2677 2907 2728 καὶ
2947 2676 3008 2728 τὸ
3040 2677 3160 2729 κατ’
3190 2678 3369 2743 αὐτὸν,
3400 2678 3492 2731 καὶ
3519 2678 3581 2730 τὸ
3612 2679 3750 2748 μετά

2180 2763 2356 2818 τοῦτο.
2411 2765 2632 2835 Ἀληθὲς
2676 2768 2783 2837 γάρ
2816 2769 2963 2821 ἐστιν
2996 2769 3168 2820 εἰπεῖν
3202 2770 3328 2839 περί
3353 2786 3495 2832 τινος
3520 2769 3625 2822 τῶν
3667 2786 3751 2837 γε·

2180 2856 2547 2927 γεννημένων,
2583 2858 2665 2911 ὅτι
2708 2860 2782 2929 μή
2826 2876 2953 2911 ποτε
2995 2857 3070 2912 ὢν
3112 2860 3205 2913 νῦν
3246 2862 3380 2926 ἐστι,
3425 2861 3517 2914 καὶ¹
3569 2861 3749 2930 μέντοι

2181 2949 2275 3001 καί
2322 2964 2453 3001 ποτε
2512 2948 2672 3001 πάλιν
2718 2948 2811 3001 τοῦ
2859 2946 2997 3002 εἶναι
3047 2950 3341 3004 παύσεταιο
3398 2954 3489 3004 ἐπὶ
3544 2950 3599 3003 δὲ
3652 2951 3748 3019 τῆς

2182 3039 2504 3111 προαιωνίου
2554 3042 2855 3111 γεννήσεως
2887 3041 2955 3093 τὰ
2995 3042 3219 3112 χρονικὰ
3260 3043 3430 3095 ταῦτα
3480 3044 3746 3113 νοήματα.

2183 3133 2278 3185 ἆτε
2320 3133 2483 3203 μηδὲν
2523 3133 2714 3203 ἔχοντα
2754 3134 3013 3203 συγγενὲς
3055 3136 3190 3207 πρὸς
3220 3136 3432 3206 ἐκείνην
3460 3136 3554 3207 τὴν
3593 3136 3750 3206 φύσιν

2180 3226 2290 3285 τοῖς
2330 3223 2605 3293 νηφόντως
2650 3222 3036 3294 λογιζομένοις,
3090 3228 3150 3279 οὐ
3196 3229 3616 3298 συνεισέρχεται.
3678 3228 3751 3280 Τὸ

502 3330 693 3390 utpote
731 3294 851 3390 quae
879 3323 1085 3375 nullam
1120 3323 1503 3392 cognationem
1555 3323 1791 3377 habeant
1833 3339 1957 3377 cum
1989 3324 2074 3378 di—

2184 3316 2293 3385 γάρ
2355 3314 2517 3379 ποτὲ,
2550 3315 2725 3368 καὶτὸ
2754 3316 3028 3383 ὕστερον,
3075 3318 3169 3369 καὶ
3209 3319 3270 3370 τὸ
3317 3294 3621 3387 πρότερον,
3657 3321 3752 3373 καὶ

502 3414 626 3467 vina
663 3426 876 3477 natura,
906 3414 1148 3467 omnium
1173 3430 1361 3468 eorum
1392 3415 1599 3483 judicio
1652 3416 1744 3483 qui
1780 3415 1962 3469 sobrie
2011 3416 2079 3469 de

503 3506 590 3559 bis
641 3506 1037 3559 ratiocinantur
1118 3504 1249 3559 Nam
1307 3506 1396 3567 id,
1457 3505 1600 3575 quod
1643 3506 1931 3574 aliquando
1979 3522 2080 3559 vo—

502 3604 682 3657 catur,
702 3596 963 3663 posterius
996 3595 1267 3657 itidem,et
1297 3596 1469 3664 prius,
1505 3605 1558 3649 et
1592 3596 1774 3649 omnia
1811 3596 2079 3665 alia,qua:

504 3687 855 3755 temporalem
890 3688 1260 3740 extensionem
1288 3686 1620 3755 significant,
1654 3688 2077 3752 transcendens,

503 3778 596 3845 qui
655 3778 898 3832 divinam
956 3778 1123 3831 vitam
1161 3772 1584 3845 contemplatur,
1626 3778 1934 3833 sublimiter
1975 3793 2069 3833 su-

2182 3407 2278 3458 ὅσα
2339 3408 2435 3476 τὴν
2481 3406 2735 3477 χρονικὴν
2785 3407 2985 3477 ταύτην
3034 3410 3341 3479 παράτασιν
3388 3412 3750 3481 ἀποσημαίνει

2181 3498 2390 3561 διαϐὰς,
2436 3500 2464 3550 ό
2509 3498 2606 3569 τὴν
2651 3498 2797 3552 θείαν
2848 3500 2993 3569 ζωὴν
3038 3501 3402 3572 λογιζόμενος,
3438 3505 3653 3575 ὑψηλῶς
3684 3505 3753 3558 τά

2184 3592 2363 3661 ὑψηλὰ
2392 3592 2815 3661 κατασκέψεται,
2867 3596 2957 3646 καὶ
2988 3596 3085 3663 οὑχ
3122 3596 3224 3647 ὅσα
3254 3598 3381 3667 περὶ
3406 3598 3504 3666 τὴν
3542 3598 3753 3668 ἀνθρω-

2184 3686 2345 3755 πίνην
2375 3686 2625 3753 γέννησιν
2658 3684 2862 3753 βλέπει,
2889 3685 3100 3750 τούτοις
3123 3687 3334 3757 νομίσει
3361 3689 3628 3742 δουλεύειν
3659 3692 3753 3743 καὶ

2180 3778 2276 3847 τὴν
2310 3776 2624 3829 ἀδέσποτον.
3218 3772 3227 3779 ’

502 3874 690 3927 blimia
724 3874 1091 3929 considerabit
1140 3882 1195 3927 et
1233 3875 1609 3943 perlustrabit,
1642 3891 1817 3945 neque
1854 3877 2138 3940 omnibus,
2175 3893 2291 3945 qua)
2329 3876 2474 3929 circa
2523 3876 2812 3932 humanam
2853 3880 3252 3949 generationem
3298 3880 3544 3935 accidere
3588 3880 3751 3947 videt,

508 3970 749 4024 divinam
778 3971 924 4024 illam
959 3980 1013 4024 et
1044 3969 1433 4024 dominationis
1462 3978 1735 4040 expertem
1770 3972 2057 4025 obnoxiam
2095 3972 2467 4027 arbitrabitur.

581 4063 882 4119 Humanam
924 4064 1375 4133 compositionem
1416 4064 1687 4118 antecedit
1734 4065 1984 4129 nuitatio,
2024 4075 2079 4119 et

504 4170 780 4225 corporea-
835 4152 1082 4223 quaedam
1154 4153 1395 4206 materia:
1443 4168 1507 4207 ac
1553 4153 1941 4223 dispositiones
2011 4153 2079 4207 ad

506 4249 763 4304 animalis
819 4246 1200 4299 formationem
1254 4246 1680 4299 substernuntur
1724 4252 1823 4298 :et
1891 4246 2081 4299 subest

505 4340 690 4395 divino
728 4344 863 4391 nutu
902 4343 1122 4398 natura,
1157 4350 1277 4404 quae
1317 4335 1430 4390 lucc
1461 4336 1640 4389 omnia
1693 4335 1920 4390 mirifice
1963 4334 2078 4389 etii-

507 4433 604 4494 cit,
653 4429 1017 4498 undequaque
1060 4427 1116 4481 id
1161 4427 1307 4496 quod
1342 4427 1406 4481 ad
1462 4427 1626 4481 fmtus
1686 4428 2075 4496 perfectionem

506 4537 810 4592 congruum
842 4527 925 4575 est
956 4532 1008 4574 et
1042 4518 1323 4573 conforme
1354 4534 1675 4590 corrogans,
1718 4521 1787 4575 ab
1833 4521 2077 4576 elemen-

2254 4064 2416 4118 Φύσιν
2444 4063 2675 4119 ἐνταῦθα
2735 4066 2904 4129 πάθος
2931 4069 3248 4137 προηγεῖται
3281 4066 3380 4136 τῆς
3409 4068 3755 4139 ἀνθρωπίνης

2188 4158 2517 4223 συστάσεως,
2551 4160 2644 4210 καὶ
2676 4159 2980 4227 σωματικαί
3022 4175 3165 4220 τινες
3194 4159 3457 4228 ἀφορμαὶ,
3490 4160 3624 4229 πρὸς
3653 4158 3752 4229 τὴν

2185 4248 2278 4301 τοῦ
2305 4247 2442 4313 ζώου
2478 4251 2821 4320 κατασκευὴν
2866 4251 3309 4314 καταϐάλλονται,
3344 4252 3437 4304 καὶ
3472 4253 3751 4305 ὑπόκειται

2186 4340 2328 4394 κατὰ
2352 4342 2412 4395 τὸ
2440 4341 2578 4394 θεῖον
2606 4341 2851 4411 βούλημα
2877 4344 2908 4411 ή
2938 4341 3005 4393 τὰ
3036 4342 3257 4395 τοιαῦτα
3286 4342 3755 4413 θαυματοποιοῦσα

2189 4432 2369 4501 φύσις,
2405 4433 2736 4503 πανταχόθεν
2760 4434 2821 4485 τὸ
2857 4435 3051 4486 οἰκεῖόν
3089 4452 3149 4487 τε
3192 4436 3285 4487 καὶ
3316 4435 3647 4504 κατάλληλον
3676 4436 3754 4497 εἰς

2184 4524 2281 4593 τὴν
2308 4522 2401 4575 τοῦ
2434 4526 2717 4593 γινομένου
2753 4523 3029 4577 τελείωσιν
3059 4526 3407 4596 ἐρανίζουσα·
3439 4526 3547 4578 τῶν
3574 4544 3632 4579 τε
3659 4526 3750 4579 τοῦ

510 4616 581 4669 tis
614 4590 833 4684 quidem
868 4609 1079 4675 mundi,
1114 4618 1377 4680 quantum
1410 4625 1439 4662 a
1469 4610 1713 4680 quolibet
1760 4610 1976 4670 sufﬁcit,
2026 4618 2078 4664 et

2185 4615 2389 4683 κόσμου
2424 4615 2720 4684 στοιχείων,
2752 4615 2873 4667 ὅσον
2905 4615 3087 4667 ἱκανὸν
3132 4618 3222 4685 ἀφ’
3252 4617 3500 4683 ἑκάστου,
3538 4618 3630 4670 καὶ
3658 4618 3753 4687 τῆς

510 4723 540 4760 a
590 4718 832 4773 tempore
865 4717 1179 4757 mensuram
1234 4702 1748 4765 consummationis,
1799 4710 1851 4756 et
1884 4719 1948 4757 ex
1985 4718 2080 4755 nu-

510 4803 768 4851 trimento
816 4810 1033 4857 eorum,
1068 4808 1189 4863 qua:
1230 4792 1419 4847 fretum
1458 4793 1668 4863 fingunt
1718 4802 1770 4849 et
1818 4793 2077 4859 formant,

510 4900 772 4959 quantum
805 4887 877 4950 ei,
909 4886 1055 4956 quod
1084 4884 1354 4938 formatur
1398 4886 1747 4938 commodum
1785 4894 1905 4953 est;
1937 4893 1989 4939 et
2024 4895 2083 4940 ut

512 4996 627 5035 rem
673 4980 727 5033 in
756 4993 927 5048 pauca
964 4976 1266 5040 conferam,
1310 4984 1504 5029 natura
1533 4978 1717 5029 omnia
1758 4978 2080 5047 pervadens,

510 5072 712 5142 quibus
740 5070 1065 5124 constitutio
1101 5068 1341 5121 humana
1384 5068 1686 5137 perficitur,
1726 5070 1799 5121 ita
1831 5069 1895 5122 ad
1924 5086 2085 5139 gene-

512 5164 777 5219 rationem
803 5161 878 5223 id,
904 5160 1049 5230 quod
1084 5175 1194 5214 non
1227 5168 1368 5222 erat,
1403 5158 1646 5237 adducit,
1699 5168 1752 5213 et
1793 5171 2085 5230 propterea

511 5256 586 5319 id,
618 5254 763 5326 quod
794 5270 902 5308 non
934 5261 1072 5315 erat,
1103 5252 1254 5306 nasci
1288 5252 1555 5316 dicimus,
1582 5238 1709 5321 quia
1742 5252 1889 5322 quod
1904 5254 2086 5323 aliquo

511 5355 755 5415 tempore
781 5359 891 5397 non
930 5350 1068 5405 erat,
1094 5349 1283 5410 postea
1314 5343 1499 5412 aliquo
1548 5349 1793 5411 tempore
1844 5359 1967 5398 esse
2000 5345 2087 5398 in-

512 5438 664 5507 cipi.
690 5436 759 5489 At
790 5436 846 5489 in
880 5435 1063 5488 divina
1094 5436 1448 5505 generatione
1481 5450 1662 5505 neque
1692 5437 2087 5490 naturzemini-

514 5529 703 5593 sterio,
746 5542 923 5597 neque
963 5525 1226 5595 temporis
1266 5525 1608 5579 revolutione
1644 5526 1711 5579 ad
1748 5526 1888 5594 ejus,
1941 5527 2087 5597 quod

518 5629 833 5691 generatur,
867 5619 1352 5687 complementum,
1383 5632 1557 5685 neque
1582 5617 1728 5683 aliis,
1757 5633 1878 5686 qua:
1899 5618 1952 5671 in
1984 5628 2091 5673 tero

517 5712 678 5767 restri
717 5710 1069 5781 generatione
1116 5716 1447 5771 cernuntur,
1482 5723 1620 5778 opus
1656 5718 1763 5771 est,
1802 5725 1977 5779 neque
2032 5711 2087 5764 in

518 5804 665 5858 ultas
694 5802 931 5857 humiles
946 5802 1299 5872 abjectasque
1320 5801 1675 5871 cogitationes
1698 5800 1913 5865 incidit,
1936 5803 2089 5872 quis-

522 5892 649 5962 quis
676 5893 823 5947 omni
844 5908 1008 5947 sensu
1035 5892 1242 5949 carnali
1269 5899 1489 5959 exutus,
1513 5890 1580 5947 ad
1609 5890 1921 5949 divinorum
1954 5912 2076 5950 cou-

2184 4705 2289 4757 ὑπὸ
2310 4704 2402 4757 τοῦ
2432 4704 2622 4774 χρόνου
2652 4706 2938 4777 συνεργίας
2968 4706 3027 4758 τὸ
3055 4707 3247 4778 μέτρον
3266 4724 3280 4737 ·
3316 4708 3408 4761 καὶ
3437 4709 3500 4761 ὲκ
3523 4709 3619 4778 τῆς
3647 4708 3755 4761 τῶν

2182 4796 2617 4850 διαπλασσόντων
2666 4798 2725 4849 τὸ
2769 4798 3081 4867 τικτόμενον
3125 4801 3350 4870 τροφῆς,
3394 4801 3517 4853 ὅσον
3559 4803 3755 4853 οἰκεῖον

2182 4888 2261 4959 τῷ
2308 4888 2667 4959 πλασσομένῳ
2709 4888 2915 4956 γίνεται
2943 4908 2957 4920 ·
3011 4893 3101 4944 καὶ
3132 4893 3402 4945 συνελόντι
3448 4894 3633 4961 φάναι,
3668 4894 3755 4947 διὰ

2186 4981 2403 5035 πάντων
2432 4981 2685 5052 χωροῦσα
2726 4985 2758 5052 ἡ
2809 4984 2987 5053 φύσις,
3033 4985 3097 5038 δι’
3134 4979 3206 5039 ὧν
3239 4989 3271 5057 ή
3305 4987 3615 5059 ἀνθρωπίνη
3644 4989 3754 5060 ζωὴ

2185 5072 2281 5142 τὴν
2315 5075 2655 5145 κατασκευὴν
2700 5076 2835 5146 ἔχει,
2874 5075 3045 5139 οὕτως
3092 5078 3170 5140 είς
3201 5079 3449 5149 γέννησιν
3482 5082 3541 5134 τὸ
3578 5083 3651 5153 μὴ
3698 5081 3756 5136 ὃν

2186 5162 2328 5230 ἄγει,
2367 5165 2456 5217 καὶ
2483 5165 2569 5217 διὰ
2595 5165 2753 5219 τοῦτο
2790 5168 2863 5237 μὴ
2897 5168 2956 5221 ὃν
2996 5169 3237 5236 γίνεσθαι
3269 5171 3498 5241 λέγομεν
3530 5188 3544 5203 ο
3590 5173 3668 5225 ὅτι
3700 5173 3754 5226 ἓν

2186 5266 2289 5302 τινι
2323 5252 2497 5337 χρόνω
2533 5252 2606 5324 μὴ
2635 5253 2713 5316 ὃν,
2740 5256 2796 5306 ἐν
2828 5256 2970 5327 ἄλλῳ
3000 5259 3175 5329 χρόνῳ
3201 5260 3293 5312 τοῦ
3330 5257 3466 5314 εἶναι
3496 5262 3754 5333 ἄρχεται*

2188 5339 2280 5390 ἐπὶ
2308 5339 2363 5391 δὲ
2392 5340 2491 5409 τῆς
2523 5340 2671 5405 θείας
2698 5347 3003 5414 γεννήσεως
3033 5348 3064 5416 ἡ
3113 5347 3289 5401 ἔννοια
3321 5350 3420 5419 τήν
3448 5367 3504 5401 τε
3531 5352 3629 5420 τῆς
3655 5350 3756 5419 φύ-

2191 5448 2325 5492 σεως
2358 5432 2680 5503 ὑπηρεσίαν,
2725 5436 2816 5488 καὶ
2854 5437 2949 5507 τὴν
2975 5437 3067 5489 τοῦ
3096 5440 3284 5509 χρόνου
3315 5441 3589 5494 τελείωσιν
3623 5444 3757 5514 πρὸς

2188 5522 2284 5592 τὴν
2315 5522 2407 5574 τοῦ
2440 5525 2722 5594 γινομένου
2764 5529 3139 5598 συνεισφορὰν,
3176 5532 3269 5583 καὶ
3302 5531 3477 5585 πάντα
3504 5533 3604 5585 ὅσα
3632 5533 3759 5603 περὶ

2188 5616 2286 5684 τὴν
2308 5615 2456 5667 κάτω
2484 5616 2735 5686 γέννησιν
2765 5619 2794 5670 ό
2824 5618 2981 5687 λόγος
3010 5620 3333 5693 ἐθεώρησεν,
3363 5624 3423 5675 οὑ
3457 5625 3756 5693 προσίεται,

2190 5707 2283 5760 καὶ
2317 5706 2490 5760 οὐδενὶ
2521 5706 2629 5760 τῶν
2664 5710 2935 5763 ταπεινῶν
2966 5712 3249 5781 νοημάτων
3291 5716 3702 5783 συνεμπεσεῖται
3730 5717 3759 5768 ὁ

2194 5800 2269 5870 μὴ
2296 5802 2581 5870 σαρκικαῖς
2605 5800 2864 5866 διανοίαις
2905 5803 3013 5856 τῶν
3044 5804 3200 5858 θείων
3226 5806 3561 5860 ἐπιϐατεύων
3580 5822 3591 5833 ’
3626 5805 3760 5860 ἀλλὰ

2193 5892 2344 5963 ζητεῖ
2390 5908 2509 5945 τινα
2552 5891 2786 5947 διάνοιαν
2824 5894 2901 5966 τῷ
2934 5895 3202 5967 μεγαλείῳ
3241 5896 3333 5951 τοῦ
3365 5897 3760 5968 σημαινομένου
