4146 6370
373 495 481 551 HS

1484 495 1759 551 CONTRA
1800 493 2191 559 EUNOMIUM,
2236 493 2366 547 LIB.
2403 495 2443 548 ι.

3520 489 3628 545 ΗΘ

375 609 718 675 πρέπουσαν·
744 606 868 661 οὑτε
902 608 1010 680 γὰρ
1042 608 1212 671 πάθος
1245 608 1373 679 περὶ
1408 608 1497 662 τὸν
1525 609 1713 681 ἀπαθῆ
1736 611 1951 679 νοήσει·

2068 607 2466 676 lemplationem
2500 605 2740 669 accedit,
2768 605 2863 661 sed
2895 604 3093 686 quierit
3141 605 3382 675 aliquam
3428 605 3630 660 intelli-

375 697 498 749 οὒτε
534 698 821 770 συνεργίας
855 704 1089 771 φυσικῆς
1120 700 1211 752 τὸν
1255 700 1584 772 δημιουργὸν
1628 702 1807 771 πάσης
1850 702 1952 769 φύ-

380 803 518 850 σεως
546 788 842 841 ἐπιδεῖσθαι
875 789 1147 856 λογίσεται
1167 804 1180 819 ·
1212 787 1333 842 οὕτε
1362 789 1619 860 χρονικὴν
1648 790 1956 860 παράτασιν

380 878 473 931 ἐπὶ
519 882 617 950 τῆς
667 879 884 933 αἰωνίου
932 880 1077 951 ζωῆς
1127 880 1497 951 περιδέξεται’
1554 880 1690 934 ἀλλὰ
1741 881 1955 934 πάντων

380 970 584 1024 τούτων
606 971 1011 1042 καθαρεύουσαν
1040 973 1130 1041 τὴν
1157 971 1303 1024 Θείαν
1324 972 1575 1041 γέννησιν
1594 974 1955 1043 κατανοήσας,

388 1062 544 1131 μόνον
590 1062 651 1113 τὸ
702 1063 776 1133 μὴ
824 1062 1071 1132 ἁνάρχως
1119 1058 1257 1114 εἶναι
1306 1062 1394 1116 διά
1437 1062 1535 1132 τῆς
1584 1062 1679 1114 τοῦ
1728 1062 1955 1130 Πατρός

386 1152 658 1221 σημασίας
707 1153 797 1206 τὸν
840 1150 1118 1220 Μονογενῆ
1164 1152 1453 1221 δηλοῦσθαι
1504 1153 1846 1223 συνθήσεται,
1882 1154 1958 1216 ὡς

384 1245 481 1315 τὴν
508 1246 685 1297 αἰτίαν
718 1246 816 1315 μὲν
841 1244 1046 1297 ἐκεῖθεν
1074 1244 1214 1314 ἔχειν
1256 1244 1350 1297 τοῦ
1382 1240 1541 1307 εἶναι,
1569 1246 1742 1316 ἀρχὴν
1771 1247 1828 1298 δὲ
1857 1246 1957 1315 τῆς

386 1337 732 1398 ὑποστάσεως
783 1335 857 1406 μὴ
902 1336 1207 1403 λογίζεσθαι
1235 1352 1248 1367 ⁸
1299 1335 1387 1388 διὰ
1417 1337 1477 1387 τὸ
1518 1336 1592 1406 μὴ
1623 1337 1877 1389 δύνασθαί
1904 1355 1957 1389 τι

389 1430 610 1497 σημεῖον
656 1426 750 1478 τοῦ
785 1425 1113 1496 ζητουμένου
1150 1427 1496 1495 κατανοῆσαι.
1546 1427 1651 1479 Τοῦ
1682 1427 1791 1497 γὰρ
1823 1444 1957 1498 προ-

388 1517 729 1589 γενεστέρου,
753 1518 845 1570 καὶ
869 1518 961 1571 τοῦ
982 1518 1266 1588 νεωτέρου,
1290 1518 1384 1570 καὶ
1417 1519 1635 1572 πάντων
1661 1519 1766 1572 τῶν
1786 1518 1962 1572 τοιού-

387 1626 495 1661 των
524 1608 808 1679 νοημάτων
853 1608 911 1661 ἐν
958 1612 1069 1671 τοῖς
1111 1610 1379 1678 χρονικοῖς
1423 1608 1781 1680 διαστήμασιν
1808 1611 1957 1679 εὑρι-

391 1701 688 1772 σκομένων,
735 1702 831 1755 ἐάν
864 1700 1063 1770 ὑφέλῃς
1101 1700 1179 1770 τῷ
1221 1699 1364 1769 λόγῳ
1409 1700 1499 1752 τὸν
1531 1700 1736 1771 χρόνον,
1782 1702 1957 1756 πάντα

391 1792 763 1865 συνυφῄρηται
794 1793 863 1846 τά
900 1793 1124 1846 τοιαῦτα
1162 1796 1377 1863 σημεία,
1408 1792 1502 1846 καὶ
1539 1794 1956 1865 συνυπεσπάσθη

391 1882 532 1955 μετὰ
560 1883 654 1936 τοῦ
692 1882 904 1954 χρόνου.

472 2155 624 2208 Ἐπεὶ
648 2149 739 2209 οὖν
767 2154 827 2208 τὸ
866 2153 1009 2209 ποτέ
1036 2155 1097 2208 οὑ
1128 2156 1407 2227 προσίεται
1436 2159 1463 2211 6
1485 2156 1588 2228 πρὸ
1612 2157 1721 2211 τῶν
1751 2156 1963 2210 αἰώνων

392 2246 531 2299 κατὰ
560 2247 650 2298 τὸν
684 2248 957 2316 ἄφραστον
985 2246 1140 2313 λόγον
1166 2247 1244 2317 τῷ
1268 2249 1440 2319 Πατρὶ
1476 2248 1666 2314 συνὼν,
1692 2248 1961 2319 γεννητῶς

397 2338 494 2407 μὲν
529 2336 692 2401 ἐστιν,
721 2338 781 2389 οὑ
816 2341 921 2407 μήν
964 2356 1092 2391 ποτε
1117 2338 1209 2391 τοῦ
1238 2335 1375 2391 εἶναι
1401 2340 1625 2410 ἄρχεται
1655 2357 1668 2372 ο
1712 2339 1833 2393 οὔτε
1855 2342 1962 2410 γὰρ

393 2430 451 2480 ἐν
470 2429 664 2499 χρόνῳ,
689 2426 812 2480 οὗτε
837 2431 893 2480 ἐν
918 2429 1066 2498 τόπῳ
1086 2430 1183 2499 τὴν
1206 2429 1347 2499 ζωὴν
1369 2430 1498 2500 ἔχει,
1527 2430 1889 2502 ἐξαιρεθέντος
1907 2430 1963 2483 δὲ

394 2520 486 2572 καὶ
506 2518 692 2581 τόπου,
722 2520 813 2571 καὶ
828 2519 1041 2587 χρόνου,
1070 2519 1164 2572 καὶ
1186 2521 1381 2583 παντὸς
1408 2521 1645 2574 τοιούτου
1673 2521 1853 2591 διανοή
1864 2538 1966 2590 μα-

393 2628 501 2673 τος,
519 2611 610 2662 ὲπὶ
622 2612 716 2681 τῆς
731 2611 821 2662 τοῦ
840 2611 1171 2678 Μονογενοῦς
1187 2613 1554 2677 ὑποστάσεως,
1568 2613 1628 2665 τὸ
1641 2612 1745 2684 πρὸ
1758 2608 1964 2666 ἐκείίδυ

394 2701 698 2772 νοούμενον,
728 2706 756 2756 6
783 2704 970 2773 Πατήρ
1004 2708 1118 2755 ἐστι
1158 2704 1333 2773 μόνος.
1382 2704 1519 2756 Ἀλλ’
1546 2706 1604 2755 ἐν
1622 2704 1795 2773 τούτῳ
1825 2705 1918 2758 καὶ
1940 2705 1967 2756 6

394 2794 700 2864 Μονογενὴς
718 2795 811 2859 ὢν,
831 2794 1013 2857 καθὼς
1033 2795 1191 2857 αὐτὸς
1214 2794 1418 2857 ἐκεῖνός
1443 2811 1593 2864 φησι,
1612 2795 1709 2865 τὴν
1726 2796 1817 2848 τοῦ
1839 2812 1967 2847 ποτε

398 2886 472 2955 μὴ
493 2881 627 2936 εἶναι
655 2886 904 2939 ὑπόνοιαν
922 2885 1171 2950 δέξασθαι
1193 2886 1351 2953 φύσιν
1373 2888 1471 2939 οὐκ
1495 2886 1627 2955 ἔχει.
1654 2888 1715 2940 Εἰ
1743 2886 1839 2956 μὲν
1861 2887 1968 2957 γάρ

394 2994 524 3029 ποτε
553 2978 652 3029 οὑκ
671 2972 737 3047 ἦν
754 2980 846 3031 καὶ
875 2978 1410 3048 Πατὴρ,άναγκαίως
1432 2982 1498 3049 τῇ
1529 2980 1621 3033 τοῦ
1652 2980 1861 3049 Πατρδς
1878 2981 1971 3033 άν-

395 3067 631 3139 υπαρξίᾳ
652 3070 790 3139 καὶὴ
822 3068 912 3122 τοῦ
938 3070 1066 3122 Υίοῦ
1090 3072 1325 3141 ἀῖδιότης
1352 3074 1441 3124 ἐπὶ
1462 3073 1520 3124 τὸ
1541 3072 1651 3123 ἄνω
1676 3072 1971 3125 συναπεκό-

396 3177 580 3213 πτετο.
620 3161 681 3213 Εἰ
708 3159 763 3211 δὲ
793 3161 878 3213 άεί
906 3162 1050 3215 ἐστιν
1077 3165 1104 3215 ὁ
1130 3164 1338 3232 Πατὴρ,
1371 3162 1487 3226 πῶς
1512 3165 1539 3213 6
1562 3163 1686 3225 Υἱός
1715 3181 1844 3215 ποτε
1873 3165 1971 3216 οὐκ

397 3252 541 3305 ἔστιν
569 3255 597 3305 6
632 3253 719 3322 μὴι
751 3253 1047 3323 δυνάμενος
1095 3256 1178 3321 ἐφ’
1207 3254 1397 3308 ἑαυτοῦ
1445 3256 1611 3324 χωρὶς
1638 3254 1728 3307 τοῦ
1762 3255 1969 3324 Ματρὸς

397 3346 683 3415 νοηθῆναι,
738 3344 873 3398 ἀλλὰ
920 3346 1061 3399 κατὰ
1088 3347 1149 3399 τὸ
1190 3348 1538 3415 σιωπώμενον
1573 3348 1658 3399 ἀεὶ
1688 3346 1765 3416 τῷ
1797 3348 1969 3417 Πατρὶ

398 3433 883 3504 συνονομαζόμενος
908 3453 923 3498 ;
961 3438 1024 3489 'H
1054 3438 1159 3509 γὰρ
1183 3437 1277 3489 τοῦ
1304 3438 1531 3504 Πατρός
1553 3438 1743 3509 κλῆσις
1776 3440 1968 3506 ἐπίσης

397 3521 504 3572 τών
532 3524 624 3575 δύο
665 3525 971 3594 προσώπων
998 3527 1095 3595 τὴν
1129 3527 1398 3596 σημασίαν
1436 3526 1548 3595 ἔχει
1583 3545 1597 3559 ι
1646 3529 1968 3599 αὐτομάτως

395 3613 497 3682 τῆς
529 3616 654 3685 περὶ
680 3615 773 3668 τοῦ
805 3616 932 3668 Υίοῦ
962 3617 1185 3681 ἐννοίας,
1207 3621 1269 3686 τῇ
1296 3620 1444 3686 φωνῇ
1475 3617 1643 3688 ταύτῃ
1677 3620 1971 3672 συνεισιού·

400 3723 514 3776 σης.
554 3707 687 3760 Πότε
716 3709 814 3761 οὑκ
846 3703 912 3777 ἦν
945 3709 972 3759 6
998 3708 1159 3775 Υἱός;
1199 3710 1286 3761 Ἐν
1308 3710 1413 3762 τίνι
1436 3710 1495 3761 τὸ
1515 3711 1601 3777 μὴ
1628 3707 1777 3763 εἶναι
1805 3712 1968 3764 αὑτοῦ

396 3797 738 3869 κατελήφθη;
787 3800 874 3852 Ἐν
920 3801 1103 3870 τόπῳ;
1158 3800 1331 3863 Τόπος
1381 3802 1479 3853 οὑκ
1520 3796 1711 3869 ἦν.Ἐν
1758 3802 1969 3873 χρόνῳ;

396 3889 510 3959 Πρὸ
540 3890 745 3959 χρόνων
783 3893 811 3943 6
852 3891 1072 3961 Κύριος.
1125 3892 1186 3943 El
1222 3888 1314 3945 οὖν
1344 3892 1450 3963 πρὸ
1481 3892 1686 3945 τούτων
1718 3889 1804 3963 ἦν,
1839 3897 1969 3948 πότε

396 3981 496 4032 οὑκ
523 3978 623 4052 ἦν;
659 3984 765 4035 Καὶ
789 3984 837 4035 εί
871 3985 925 4035 ἐν
953 3983 1032 4051 τῷ
1056 3984 1226 4055 Πατρ“ι
1249 3979 1337 4053 ἦν,
1366 3986 1423 4035 ἐν
1454 3984 1557 4036 τίνι
1582 3987 1677 4038 οὑκ
1702 3982 1791 4056 ἦν,
1823 3987 1973 4038 εἶπα-

396 4086 457 4121 τε
492 4070 542 4121 οἱ
570 4069 635 4122 τὰ
661 4071 863 4125 ἀθέατα
908 4071 1225 4141 βλέποντες;
1255 4073 1319 4124 Τί
1341 4072 1429 4125 διὰ
1458 4075 1620 4142 μέσου
1653 4075 1682 4126 6
1717 4075 1972 4145 λογισμὸς

398 4162 552 4231 ὑμῶν
580 4162 997 4229 ἀνετυπώσατο;
1028 4164 1093 4216 Τί
1130 4163 1281 4217 κενὸν
1317 4163 1407 4216 τοῦ
1448 4166 1780 4233 Μονογενοῦς
1815 4168 1972 4237 ἐνοή-

399 4254 602 4324 σατε,ῆ
632 4256 879 4325 πρᾶγμα,
914 4254 947 4324 ῆ
980 4255 1174 4324 νόημα.
1204 4255 1232 4306 ὃ
1261 4255 1339 4324 τῷ
1368 4256 1540 4325 Πατρὶ
1570 4275 1971 4329 συμπαρεκτει-

397 4345 618 4416 νόμενον
662 4345 1051 4417 περισσοτέραν
1099 4345 1263 4399 αὑτοῦ
1313 4346 1409 4416 τὴν
1454 4346 1598 4419 ζωὴν
1644 4347 1738 4401 τοῦ
1800 4351 1971 4403 Μονο-

397 4436 586 4505 γενοῦς
611 4436 956 4489 ἀποδείκνυσι
978 4453 992 4501 ;
1022 4436 1126 4489 Καὶ
1153 4437 1203 4489 τί
1234 4436 1388 4488 τοῦτο
1412 4437 1551 4505 λέγω
1576 4439 1727 4500 ;οὑδέ
1752 4440 1859 4510 γὰρ
1880 4442 1972 4493 ἐπὶ

395 4530 504 4581 τῶν
535 4528 834 4601 ἀνθρώπων
864 4530 1063 4598 κυρίως
1105 4528 1250 4581 ἐστιν
1293 4533 1484 4595 εἰπεῖν,
1533 4532 1615 4584 ὃτι
1658 4532 1757 4584 οὑκ
1784 4531 1860 4585 ὥν
1889 4551 1972 4596 τις

1983 1961 2027 2014 Β

1997 3308 2039 3364 C

2058 696 2320 766 gentiam,
2349 696 2622 765 majestati
2665 696 2744 749 rei
2792 696 3112 765 signiﬁcata:
3156 702 3625 761 consentaneam;

2060 801 2232 854 neque
2287 786 2432 839 enim
2489 786 2849 839 mutationem
2902 785 3143 855 aliquam
3200 785 3257 838 in
3304 785 3630 855 impassibili

2057 876 2445 947 apprehendet,
2482 894 2661 948 neque
2690 878 2952 947 cogitabit
2984 893 3130 940 eum,
3173 879 3267 946 qui
3311 879 3492 930 omnis
3538 892 3631 929 na—

2057 981 2192 1027 tura:
2221 973 2473 1027 conditor
2494 984 2597 1035 est,
2632 974 2875 1043 indigere
2904 974 3145 1026 naturali
3177 987 3279 1041 ope
3310 979 3364 1026 et
3393 972 3623 1033 authio,

2055 1083 2233 1138 neque
2285 1066 2673 1135 temporariam
2726 1066 3091 1121 intensionetn
3153 1067 3209 1118 in
3261 1073 3465 1119 interna
3517 1065 3629 1117 vita

2058 1159 2338 1219 admittet;
2375 1158 2470 1212 sed
2504 1158 2571 1210 ab
2601 1158 2858 1211 omnibus
2890 1157 3013 1211 istis
3056 1156 3284 1209 liberam
3323 1170 3631 1225 puramque

2057 1250 2300 1304 divinam
2353 1248 2762 1318 generationem
2812 1247 3144 1315 intelligens,
3183 1246 3360 1299 solum
3404 1247 3632 1299 conﬁte—

2056 1341 2205 1396 bitur
2232 1339 2413 1397 Patris
2447 1340 2812 1407 appellatione
2844 1339 2949 1392 hoc
2999 1338 3266 1391 duntaxat
3307 1336 3628 1405 signiﬁcari,

2058 1431 2402 1500 unigenitum
2468 1430 2664 1483 Filium
2702 1446 2809 1483 non
2857 1445 2979 1484 esse
3022 1430 3277 1498 principii
3322 1438 3629 1498 expertem,

2057 1521 2257 1591 quippe
2306 1520 2399 1588 qui
2440 1533 2469 1571 a
2516 1517 2677 1572 Patre
2733 1518 3104 1573 subsistentia:
3161 1533 3274 1571 sua:
3311 1526 3490 1571 ortum
3536 1519 3630 1571 ha-

2059 1612 2203 1674 beat,
2264 1611 2410 1663 omni
2446 1617 2629 1685 autem
2674 1610 3057 1671 iuitiocareat,
3101 1623 3168 1663 eo
3215 1607 3360 1678 quod
3424 1609 3632 1661 nullum

2057 1703 2198 1756 initii
2235 1702 2448 1771 signum
2485 1701 2539 1753 in
2567 1717 2656 1762 eo,
2691 1701 2834 1770 quod
2860 1701 3143 1769 quaeritur,
3183 1708 3463 1770 appareat.
3494 1698 3629 1753 Nam

2056 1795 2210 1864 prius
2240 1802 2292 1847 et
2313 1793 2587 1861 posterius
2614 1801 2668 1847 et
2703 1794 2821 1845 alia:
2846 1792 3247 1855 successiones,
3278 1808 3399 1860 qua:
3421 1792 3472 1844 in
3498 1801 3634 1846 tem-

2058 1885 2291 1955 porariis
2317 1884 2618 1938 intervallis
2648 1883 3024 1948 inveniuntur,
3076 1883 3123 1937 si
3175 1890 3392 1953 tempus
3451 1884 3632 1947 tollas,

2063 1978 2267 2046 pariter
2301 1977 2582 2035 tolluntur,
2626 1990 2841 2044 unaque
2870 1989 2993 2028 cum
3024 1984 3269 2043 tempore
3311 1975 3497 2028 omnia
3527 1975 3633 2028 alia

2062 2068 2229 2136 hujus
2268 2067 2488 2136 generis
2512 2066 2666 2136 signa
2701 2075 3057 2121 evanescunt.

2133 2159 2268 2213 Cum
2314 2158 2478 2227 igitur
2518 2156 2653 2209 illud
2707 2155 2993 2225 aliquando
3050 2170 3159 2209 non
3208 2156 3479 2220 admittat,
3541 2156 3635 2225 qui

2064 2258 2190 2304 ante
2225 2250 2445 2311 sarcula,
2499 2246 2760 2301 ineffabili
2813 2247 2978 2301 modo
3036 2246 3185 2300 Patri
3236 2263 3475 2316 praesens
3528 2257 3636 2310 est,

2064 2357 2128 2395 ex
2163 2341 2511 2410 generatione
2538 2339 2754 2409 quidem
2778 2348 2880 2404 est,
2947 2337 3043 2392 sed
3101 2354 3384 2407 nunquam
3446 2339 3639 2408 incipit

2065 2448 2215 2498 esse;
2250 2447 2424 2501 neque
2460 2432 2603 2485 enim
2632 2432 2685 2483 in
2717 2438 2987 2498 tempore,
3038 2445 3216 2497 neque
3248 2431 3300 2482 in
3331 2432 3449 2484 loco
3471 2430 3636 2482 vitam

2069 2524 2259 2591 habet;
2295 2524 2511 2577 sublato
2543 2522 2706 2591 igitur
2733 2531 2786 2576 et
2816 2522 2955 2587 loco,
2994 2532 3049 2576 et
3090 2530 3361 2591 tempore,
3405 2535 3460 2576 et
3489 2522 3639 2575 omni

2068 2614 2380 2682 hujusmodi
2423 2614 2747 2683 cogitatione
2786 2613 2975 2682 procul
3006 2613 3073 2666 ab
3114 2613 3394 2683 bypostasi
3439 2614 3640 2693 Unige-

2070 2706 2169 2759 niti
2204 2706 2521 2768 amandata,
2548 2704 2695 2773 quod
2730 2712 2856 2758 ante
2889 2705 3042 2757 illum
3091 2707 3391 2774 cogitatur,
3444 2721 3639 2759 Ulllt'llS

2070 2798 2234 2849 Pater
2261 2806 2363 2850 est.
2410 2795 2514 2849 Sed
2549 2812 2672 2849 cum
2723 2796 2777 2849 in
2818 2796 2919 2848 hoc
2951 2797 3065 2865 ipse
3094 2798 3257 2850 etiam
3318 2797 3641 2865 lluigeuitus

2074 2887 2165 2950 sit,
2188 2892 2347 2955 prout
2397 2884 2513 2954 ipse
2551 2891 2807 2949 testatur,
2859 2884 3009 2937 nulla
3043 2895 3183 2939 ratio
3229 2887 3518 2954 permittit,
3583 2901 3641 2941 ut

2074 2991 2197 3030 eum
2239 2975 2533 3042 aliquando
2562 2989 2677 3028 non
2732 2973 2903 3029 fuisse
2955 2976 3338 3045 suspicemur;
3408 2992 3532 3031 nam
3592 2981 3640 3034 si

2076 3066 2368 3136 aliquando
2392 3066 2506 3135 ipse
2533 3066 2695 3120 etiam
2733 3065 2894 3119 Pater
2952 3082 3061 3120 non
3116 3075 3254 3130 erat,
3319 3069 3640 3123 necessario

2076 3173 2172 3227 per
2203 3158 2382 3212 Patris
2415 3158 2925 3213 non—exsistentiam
2956 3159 3238 3214 aeternitas
3270 3158 3393 3214 Filii
3423 3178 3643 3215 sursum

2076 3264 2270 3303 versus
2296 3249 2734 3317 interrumpitur.
2794 3248 2851 3302 Si
2884 3266 3012 3303 vero
3044 3249 3205 3305 Pater
3253 3268 3470 3322 semper
3530 3263 3639 3317 est,

2072 3341 2346 3410 quomodo
2374 3338 2547 3394 Filius
2573 3342 2866 3410 aliquando
2898 3358 3003 3394 non
3030 3352 3135 3405 est,
3202 3345 3292 3413 qui
3327 3361 3433 3397 non
3468 3356 3645 3414 potest

2073 3432 2362 3501 separatim
2396 3448 2491 3503 per
2521 3447 2599 3495 se,
2636 3432 2845 3500 absque
2880 3442 3132 3500 respectu
3152 3435 3217 3487 ad
3249 3433 3464 3489 Patrem
3496 3436 3644 3490 intel-

2074 3523 2190 3593 ligi,
2245 3524 2339 3577 sed
2404 3524 2567 3577 tacite
2626 3538 2841 3590 semper
2898 3538 3022 3577 cum
3080 3524 3240 3580 Patre
3290 3527 3645 3581 nominatur?

2071 3614 2207 3667 Nam
2244 3614 2425 3673 Patris
2468 3614 2759 3685 appellatio
2805 3630 2869 3667 ex
2904 3631 3060 3685 a3quo
3098 3617 3237 3671 duas
3278 3633 3541 3686 personas
3572 3622 3645 3673 si—

2073 3707 2320 3774 gniﬁcat,
2372 3717 2567 3776 sponte
2614 3724 2713 3761 sua
2746 3708 2868 3762 Filii
2901 3709 3123 3762 notione
3161 3708 3227 3762 ad
3266 3709 3441 3764 Patris
3480 3726 3645 3765 voca-

2072 3796 2260 3850 bulum
2316 3798 2712 3865 subsequente.
2759 3797 2989 3863 Quando
3021 3814 3129 3851 non
3176 3808 3295 3867 erat
3333 3797 3543 3853 Filius?
3587 3800 3644 3854 In

2073 3903 2181 3955 quo
2207 3892 2313 3941 non‘
2338 3904 2451 3942 esse
2482 3889 2628 3943 illius
2650 3890 3055 3958 deprehensum
3088 3891 3216 3944 est?
3240 3889 3379 3944 Num
3417 3893 3472 3945 in
3500 3892 3647 3947 loco?

2072 3982 2142 4031 At
2181 3980 2335 4033 locus
2371 3993 2477 4032 non
2522 3991 2661 4033 erat.
2690 3980 2829 4034 Num
2862 3981 2916 4033 in
2955 3983 3237 4049 tempore?
3262 3986 3330 4035 At
3359 3993 3485 4038 ante
3519 3993 3648 4039 tem-

2072 4087 2202 4141 pm-a
2237 4070 2501 4126 Dominus
2543 4080 2646 4127 est.
2699 4071 2757 4127 Si
2807 4074 2976 4143 igitur
3032 4083 3158 4129 ante
3210 4084 3454 4145 tempora
3500 4089 3643 4142 erat,

2074 4160 2293 4229 quando
2321 4176 2429 4214 non
2459 4162 2621 4215 erat?
2683 4161 2751 4215 Et
2778 4163 2824 4216 si
2854 4163 2907 4215 itt
2948 4162 3110 4217 Patre
3143 4174 3277 4224 erat.
3314 4167 3366 4219 in
3403 4182 3509 4236 quo
3535 4185 3646 4222 non

2071 4258 2209 4312 erat,
2255 4251 2440 4318 dicite,
2484 4268 2706 4321 quaeso,
2747 4269 2842 4308 vos
2889 4254 2982 4323 qui
3016 4256 3423 4324 inaspectabilia
3468 4259 3649 4313 cerni-

2074 4342 2180 4396 tis?
2208 4340 2349 4407 Quid
2392 4343 2701 4397 intertnedii
2740 4344 2995 4413 cogitatio
3026 4353 3207 4399 vestra
3232 4346 3471 4402 elliuxit?
3491 4348 3645 4414 Quod

2071 4450 2305 4488 vacuum
2336 4436 2481 4488 circa
2521 4432 2872 4504 Unigenitum
2896 4438 3180 4506 reperistis
3203 4439 3224 4490 ?
3244 4436 3384 4491 Num
3409 4456 3541 4503 rem,
3577 4457 3644 4493 an

2074 4528 2507 4595 conceptionem,
2536 4541 2657 4595 quae
2683 4541 2805 4579 cum
2834 4524 2995 4581 Patre
3040 4539 3266 4582 extensa
3310 4531 3474 4585 vitam
3524 4533 3644 4599 ejus

398 4618 680 4693 ἐγεννήθη.
734 4618 865 4673 Δευῒ
908 4619 1013 4690 γὰρ
1056 4622 1161 4692 πρὸ
1212 4621 1421 4675 πολλῶν
1454 4622 1653 4690 γενεῶν
1697 4624 1795 4693 τῆς
1829 4624 1965 4678 κατὰ

2075 4617 2483 4686 productiorem
2508 4615 2694 4682 faciat,
2719 4632 2881 4685 quam
2907 4618 3069 4670 vitam
3094 4616 3406 4687 Unigeniti?
3433 4622 3494 4674 Et
3515 4624 3644 4690 quid

402 4711 580 4781 σάρκα
613 4710 805 4764 ἑαυτοῦ
835 4711 1139 4779 γεννήσεως
1179 4711 1281 4763 ὑπὸ
1325 4711 1416 4765 τοῦ
1450 4712 1781 4783 Μελχισεδὲκ
1820 4714 1969 4767 δεδε-

400 4802 641 4854 κάτωται
672 4818 685 4831 ·
732 4800 873 4854 οὑτω
905 4801 1012 4874 γάρ
1042 4818 1202 4872 φησιν
1233 4805 1261 4855 6
1300 4804 1635 4868 Ἀπόστολος,
1667 4806 1749 4858 ὅτι
1777 4806 1907 4859 Λευῒ
1940 4808 1968 4859 6

399 4892 496 4956 τὰς
526 4892 753 4955 δεκάτας
781 4892 1072 4963 λαμϐάνων
1100 4892 1476 4956 δεδεκάτωται,
1508 4896 1600 4947 καὶ
1632 4896 1726 4967 τὴν
1752 4898 1968 4950 ἀπόδει-

402 4983 484 5049 ξιν
511 4986 620 5046 τοῖς
648 4983 955 5052 λεγομένοις
992 4984 1269 5052 ἐπήγαγεν
1304 5002 1315 5015 ·
1369 4986 1449 5037 ὅτι
1483 4987 1540 5037 ἐν
1581 4989 1646 5057 τῇ
1682 4987 1844 5056 ὀσφύϊ
1871 4987 1967 5041 τοῦ

402 5074 615 5145 Πατρὸς
640 5073 803 5126 αὑτοῦ
831 5069 917 5145 ἦν,
942 5074 1031 5126 ὅτε
1060 5074 1307 5143 Ἀϐραάμ
1337 5073 1411 5143 τῷ
1440 5076 1573 5146 ἱερεῖ
1596 5075 1687 5128 τοῦ
1718 5076 1967 5144 Ὑψίστου

406 5166 752 5233 συνήντησεν.
784 5163 846 5214 El
880 5157 972 5215 οὖν
1000 5161 1282 5233 ἄνθρωπος
1312 5162 1507 5233 τρόπον
1534 5163 1652 5217 τινά
1680 5164 1757 5217 ὢν
1782 5169 1969 5234 γεννᾶ-

402 5268 514 5316 ται,
550 5251 689 5304 κατά
718 5251 813 5320 τὴν
844 5250 1199 5322 άποστολικὴν
1236 5254 1558 5325 μαρτυρίαν,
1605 5255 1692 5308 διὰ
1724 5256 1814 5309 τοῦ
1857 5275 1971 5311 κοι-

402 5343 493 5395 νοῦ
521 5344 617 5413 τῆς
643 5342 829 5405 οὐσίας
856 5344 912 5393 ἐν
934 5340 1011 5411 τῷ
1038 5343 1385 5411 γεγεννηκότι
1406 5346 1564 5397 αὑτὸν
1595 5347 1969 5417 προῦφεστὼς,

404 5438 519 5499 πῶς
565 5436 661 5488 ἐπὶ
694 5436 792 5505 τῆς
820 5434 969 5497 θείας
1000 5434 1211 5502 φύσεως
1254 5436 1353 5506 τὴν
1393 5437 1573 5507 φωνὴν
1619 5439 1820 5510 ταύτην
1854 5441 1974 5493 τολ-

407 5526 547 5595 μῶσι
575 5525 865 5596 προφέρειν
884 5564 899 5588 ,
933 5525 1013 5575 ὅτι
1032 5525 1130 5578 οὐκ
1157 5524 1231 5577 ὢν
1259 5527 1521 5598 ἐγεννήθη
1554 5530 1582 5580 6
1615 5530 1672 5581 ἐν
1699 5530 1776 5601 τῷ
1800 5533 1971 5602 Πατρὶ

402 5615 498 5676 ὢν,
535 5614 712 5678 καθώς
743 5632 903 5684 φησιν
933 5616 962 5666 ὁ
992 5615 1193 5687 Κύριος
1215 5635 1228 5648 ο
1274 5618 1412 5687 Ἐγὼ
1443 5620 1513 5672 ἐν
1540 5620 1619 5686 τῷ
1640 5624 1843 5689 Harp},
1875 5624 1971 5677 καὶ

404 5711 437 5762 ό
466 5708 666 5776 Πατὴρ
696 5708 765 5761 ὲν
788 5707 955 5777 ἐμοί;
988 5707 1123 5760 Κατ’
1156 5709 1321 5781 ἄλλην
1349 5711 1547 5786 δηλαδὴ
1576 5714 1667 5768 καὶ
1700 5715 1861 5787 ἄλλην
1889 5717 1972 5771 ἕν-

476 5885 521 5916 ⁸⁸
562 5884 758 5942 Cenes.
776 5902 887 5952 xiv,
911 5887 975 5943 i8
1006 5902 1125 5957 squ.

2072 4711 2127 4764 in
2156 4711 2241 4765 his
2265 4711 2546 4774 immoror,
2588 4725 2714 4763 cum
2755 4726 2933 4779 neque
2972 4710 3039 4764 de
3064 4711 3379 4783 hominibus
3421 4717 3646 4784 proprie

2072 4800 2346 4856 afﬁrmare
2380 4802 2556 4864 liceat,
2587 4817 2731 4865 eum,
2769 4804 2861 4870 qui
2889 4817 2993 4853 non
3022 4809 3127 4864 est,
3156 4812 3472 4870 generatum
3500 4812 3652 4864 esse?

2073 4889 2207 4943 Nam
2243 4889 2371 4946 Levi
2403 4892 2589 4946 multis
2618 4891 3067 4961 generationibus
3099 4901 3226 4946 ante
3256 4908 3410 4947 suam
3453 4911 3649 4951 secure-

2076 4981 2204 5034 dum
2238 4997 2459 5035 carnem
2489 4982 2827 5035 nativitatem
2856 4996 2885 5033 a
2913 4981 3309 5037 Melchisedech
3341 4985 3647 5041 decimatus

2072 5085 2157 5128 est
2185 5092 2198 5127 :
2234 5075 2306 5129 ita
2332 5074 2476 5129 enim
2501 5075 2577 5126 ait
2606 5074 2921 5142 Apostolus,
2946 5072 3074 5127 Levi
3104 5078 3197 5143 qui
3229 5076 3471 5133 decimas
3501 5083 3646 5134 acci—

2074 5168 2275 5233 piebat,
2333 5167 2659 5220 det-imatum
2716 5180 2877 5219 esse:
2932 5172 2986 5218 et
3034 5166 3184 5219 addit
3244 5168 3641 5236 probationem,

2072 5260 2198 5326 quia
2232 5258 2285 5310 in
2320 5257 2517 5310 lumbis
2568 5256 2739 5325 patris
2773 5257 2857 5311 sui
2918 5262 3054 5316 erat,
3112 5258 3331 5326 quando
3369 5260 3642 5315 Abraham

2074 5349 2347 5407 sacerdoti
2374 5350 2641 5403 Altissitni
2676 5350 2920 5404 occurrit
2949 5350 3016 5402 ⁸⁸.
3057 5348 3113 5402 Si
3150 5350 3313 5419 igitur
3346 5352 3508 5406 homo
3540 5356 3641 5407 ali-

2073 5459 2184 5513 quo
2258 5442 2418 5495 modo
2466 5442 2738 5496 exsistens
2796 5450 3124 5512 generatur,
3170 5450 3308 5497 teste
3360 5445 3642 5512 Apostolo,

2078 5542 2346 5603 quatenus
2373 5548 2466 5601 per
2499 5532 2938 5586 communionem
2971 5532 3222 5585 essentizu
3255 5533 3307 5584 in
3344 5546 3643 5603 generante

2078 5626 2441 5693 prmexsistit:
2504 5622 2779 5693 quomodo
2836 5622 2904 5678 de
2953 5624 3135 5678 divina
3184 5632 3378 5676 natura
3456 5640 3644 5683 vocem

2081 5718 2220 5775 hanc
2248 5718 2495 5773 emittere
2547 5716 2785 5785 audent,
2828 5732 3027 5787 nempe
3055 5730 3178 5771 eum
3231 5730 3340 5771 non
3368 5718 3644 5777 exsistat-
