4146 6370
460 510 565 565 U7

1680 513 1735 568 S.
1777 513 2104 570 GliEGORli
2157 516 2446 572 NYSSENI

3612 524 3721 579 448

464 656 572 698 tem
602 648 845 715 genitum
882 661 1021 712 esse,
1059 663 1182 701 cum
1212 648 1267 701 in
1301 646 1460 701 Patre
1505 649 1595 711 sit,
1632 660 1793 718 prout
1822 651 2040 720 ipsemet

2150 653 2316 699 νοιαν,
2346 637 2605 706 ἑκάτερος
2628 637 2689 688 ἐν
2714 636 2790 707 τῷ
2818 636 2985 707 ἑτέρῳ
3012 632 3149 690 εἶναι
3176 636 3485 707 λεγόμενος.
3525 638 3583 690 '0
3618 650 3718 709 μεν

466 736 580 788 ait:
614 733 722 804 Ego
750 737 804 789 in
839 735 1025 800 Patre,
1055 747 1105 790 et
1144 737 1308 791 Pater
1340 741 1393 793 in
1448 756 1529 793 me
1565 750 1641 793 est
1671 741 1756 793 '7?
1786 742 2040 794 nimirum

465 827 765 879 secundum
828 828 990 881 aliam
1036 837 1091 882 et
1125 829 1286 882 aliam
1341 830 1712 901 intelligentia:
1768 832 2045 885 notionem

465 918 602 971 alter
631 917 685 970 in
715 918 893 973 altero
924 934 1045 975 esse
1069 920 1293 974 dicitur.
1326 920 1500 976 Filius
1534 922 1751 991 quidem
1788 923 1840 976 in
1863 922 2043 984 Patre.

464 1009 926 1077 quemadmodum
963 1010 1222 1080 imaginis
1252 1012 1604 1081 pulchritudo
1633 1021 1717 1066 est
1743 1014 1795 1065 in
1830 1013 2046 1082 elegan-

465 1100 537 1153 tia
567 1101 838 1171 prototypi
871 1120 883 1155 :
923 1109 976 1153 at
1011 1101 1170 1155 Pater
1202 1104 1254 1156 in
1306 1102 1443 1157 Filio
1478 1112 1561 1157 est
1610 1104 1754 1158 sicut
1811 1105 1865 1157 in
1918 1106 2046 1159 ima-

465 1190 588 1256 gine
626 1189 792 1243 decor
849 1198 902 1243 et
941 1199 1203 1245 venustas
1271 1193 1445 1260 ipsius
1505 1192 1816 1262 primigenii
1866 1208 2046 1246 exeni-

467 1280 651 1348 plaris.
683 1280 738 1332 In
781 1282 1115 1350 imaginibus
1157 1283 1488 1337 manufactis
1529 1291 1745 1352 tempus
1798 1284 2042 1351 interpo-

466 1375 628 1425 situm
660 1374 899 1440 speciem
942 1385 1219 1442 acceptam
1257 1389 1284 1425 a
1320 1383 1606 1443 prototypo
1674 1373 1893 1441 penitus
1952 1389 2042 1426 se-

461 1462 665 1531 jungit.
708 1462 809 1516 llic
838 1478 967 1517 vero
997 1464 1226 1517 alterum
1254 1466 1320 1517 ab
1348 1465 1524 1518 altero
1555 1465 1797 1533 separari
1832 1464 2041 1533 nequit,

467 1565 525 1604 ut
549 1557 623 1604 ait
655 1554 978 1622 Apostolus,
1024 1570 1201 1623 neque
1239 1556 1551 1625 hyposlasis
1608 1570 1700 1609 seu
1738 1554 2043 1608 substantia

465 1659 495 1695 a
526 1645 711 1696 charm
734 1653 886 1698 tere:
929 1661 1107 1715 neque
1150 1661 1178 1697 a
1215 1647 1397 1699 divina
1425 1646 1595 1711 gloria
1626 1646 1907 1715 splendor,
1945 1662 2043 1700 ne-

465 1750 625 1801 quea
661 1735 904 1789 bonitate
955 1736 1135 1805 imago
1196 1736 1351 1789 avelli
1384 1745 1581 1806 potest,
1624 1738 1716 1791 sed
1777 1736 2043 1807 quidquid

467 1826 659 1878 horum
694 1828 880 1881 animo
909 1828 1253 1896 conceperis,
1307 1829 1671 1896 conjunctiin,
1721 1827 1867 1897 quod
1917 1842 2040 1879 cum

468 1919 560 1970 illo
594 1919 933 1986 intelligitur,
991 1928 1226 1973 mentem
1263 1936 1326 1974 ac
1375 1922 1761 1990 cogitationem
1811 1918 2036 1973 subibit.

2149 729 2274 792 Υίὸς
2303 732 2361 782 ἐν
2402 729 2479 799 τῷ
2508 731 2700 801 Πατρὶ,
2730 729 2805 793 ὼς
2826 729 2886 782 τὸ
2926 730 3017 781 ἐπὶ
3042 730 3139 799 τῆς
3167 730 3373 793 εἰκόνος
3414 729 3624 793 κάλλος,
3659 731 3721 783 ἐν

2145 824 2209 892 τῇ
2245 820 2535 891 ἀρχετύπῳ
2567 822 2746 890 μορφῇ
2771 836 2783 849 ⁸
2825 822 2852 872 6
2886 819 2944 872 δὲ
2978 819 3164 891 Πατὴρ
3197 820 3255 872 ἐν
3288 818 3366 889 τῷ
3397 818 3530 889 Υίῴ,
3559 820 3633 882 ὡς
3660 823 3723 872 ἐν

2145 913 2209 981 τῇ
2237 912 2403 964 εἰκόνι
2430 903 2621 963 ἐαυτοῦ
2651 910 2710 963 τὸ
2738 911 3088 982 πρωτότυπον
3112 910 3305 975 κάλλος
3323 928 3335 941 ·
3363 910 3475 964 ἀλλ’
3501 911 3593 963 ἐπὶ
3617 911 3723 981 μέν

2144 1003 2254 1055 τῶν
2280 1003 2653 1074 χειροκμήτων
2712 1001 2933 1054 εἰκόνων
2972 1002 3001 1054 ὁ
3049 1000 3137 1054 διὰ
3180 1002 3349 1071 μέσου
3392 1000 3579 1071 χρόνος
3618 1000 3725 1071 τὴν-

2149 1092 2581 1162 μεταληφθείσαν
2621 1090 2831 1163 μορφὴν
2860 1092 2968 1145 ἀπὸ
3000 1091 3092 1146 τοῦ
3119 1090 3472 1161 πρωτοτύπου
3504 1091 3721 1155 πάντως

2146 1184 2429 1255 διίστησιν.
2481 1186 2626 1238 Ἐκεῖ
2662 1184 2719 1238 δὲ
2748 1185 2849 1237 οὐκ
2882 1184 2994 1236 ἐστι
3040 1182 3269 1254 χωρίσαι
3315 1181 3408 1235 τοῦ
3441 1182 3624 1254 ἐτέρου
3656 1181 3721 1233 τὸ

2145 1278 2347 1348 ἓτερον,
2381 1275 2562 1341 καθώς
2603 1294 2767 1346 φησιν
2811 1279 2839 1329 6
2879 1275 3198 1337 Ἀπόστολος
3233 1290 3248 1305 δ
3300 1272 3425 1326 οὔτε
3458 1274 3553 1343 τῆς
3582 1274 3714 1325 61:0-

2147 1368 2389 1430 στάσεως
2425 1367 2516 1420 τὸν
2559 1366 2915 1438 χαρακτῆρα,
2959 1364 3082 1418 οὔτε
3126 1365 3224 1435 τῆς
3267 1364 3416 1427 θείας
3458 1363 3612 1434 δόξης
3658 1364 3725 1415 τὸ

2146 1459 2505 1530 ἀπαύγασμα,
2550 1458 2674 1511 οὔτε
2713 1461 2811 1528 τῆς
2856 1458 3186 1526 ἀγαθότητος
3213 1457 3309 1527 τὴν
3340 1457 3519 1510 εἰκόνα
3548 1473 3561 1486 ⁸
3604 1457 3716 1510 ἀλλ’

2144 1552 2173 1604 6
2199 1551 2404 1604 τούτων
2436 1568 2489 1603 τι
2512 1550 2833 1621 διανοηθεὶς,
2868 1549 3229 1619 συνημμένως
3253 1549 3345 1602 καὶ
3378 1548 3439 1601 τὸ
3472 1547 3587 1618 μετ’
3622 1550 3717 1602 αύμ-

2143 1643 2237 1696 τοῦ
2268 1642 2553 1711 νοούμενον
2589 1645 2653 1713 τῇ
2686 1641 2890 1713 διανοίᾳ
2936 1639 3391 1710 συμπαρεδέξατο.
3440 1642 3545 1694 Ὧν
3585 1638 3721 1709 γὰρ,

2146 1733 2328 1804 φησὶν,
2351 1733 2713 1801 ἀπαύγασμα
2734 1730 2843 1799 τῆς
2881 1730 3065 1797 δόξης
3087 1748 3100 1761 ⁸
3128 1728 3232 1795 ὢν,
3257 1731 3379 1801 οὐχὶ
3407 1730 3710 1799 γενόμενος,

2141 1823 2217 1886 ὡς
2248 1822 2431 1891 σαφῶς
2452 1822 2539 1875 διὰ
2569 1822 2757 1874 τούτου
2786 1821 2846 1874 τὸ
2874 1823 2957 1891 ἐφ’
2994 1822 3229 1893 ἑκατέρᾳ
3251 1822 3359 1876 τῶν
3393 1822 3719 1892 ὑπολήψεων

2142 1913 2333 1975 ἀσεϐὲς
2365 1912 2814 1982 ἀποπέμπεσθαιο
2863 1914 2955 1963 καὶ
2991 1915 3124 1983 μήτε
3150 1913 3442 1981 ἀγέννητον
3466 1912 3717 1981 οἰηθῆναι

466 2008 570 2073 Qui
604 2024 721 2058 cum
750 2008 842 2069 sit,
877 2008 1077 2075 inquit,
1107 2007 1348 2077 splendor
1369 2007 1549 2078 gloria:
1565 2007 1648 2062 '3:
1675 2024 1786 2061 cum
1810 2010 1897 2072 sit,
1928 2022 2033 2060 non

2142 1998 2228 2050 τὸν
2272 1999 2589 2068 Μονογενῆ,
2642 1999 2729 2053 διὰ
2772 1999 2865 2051 τοῦ
2914 2002 3122 2064 εἰπεῖν,
3190 2000 3554 2069 ἀπαύγασμα
3604 2001 3712 2068 τῆς

469 2094 558 2166 qui
600 2094 770 2148 factus
806 2099 905 2146 est.
978 2095 1151 2161 Quam
1183 2098 1468 2164 perspicue
1491 2095 1611 2151 istis
1656 2096 1890 2149 duarum
1916 2096 2035 2164 epi-

465 2186 753 2239 nationum
790 2187 1124 2253 impietatem
1160 2185 1380 2249 refellit,
1432 2195 1491 2240 ut
1524 2203 1700 2255 neque
1734 2187 2039 2257 ingenitum

463 2275 842 2329 existimemus
875 2273 1251 2345 Unigenitum,
1296 2277 1425 2344 quia
1460 2285 1623 2329 vocat
1658 2275 1808 2329 illum
1871 2275 2041 2342 splen-

462 2367 644 2420 derent
681 2368 868 2436 gloriae
910 2383 1083 2420 :nam
1125 2384 1188 2421 ex
1242 2368 1413 2436 gloria
1450 2366 1708 2436 splendor
1760 2373 1882 2430 est,
1936 2380 2043 2418 non

466 2459 587 2512 vice
618 2474 797 2523 versa,
823 2474 852 2511 a
881 2459 1173 2527 Splendore
1204 2459 1404 2528 gloria:
1439 2473 1614 2527 neque
1630 2455 1775 2527 quod
1794 2457 2046 2527 aliquan-

2143 2090 2326 2157 δόξης
2355 2090 2442 2161 (ἐκ
2473 2091 2580 2163 γὰρ
2618 2091 2716 2161 τῆς
2754 2090 2908 2161 δόξης
2943 2093 3058 2144 ἐστὶ
3100 2092 3161 2144 τὸ
3193 2092 3530 2163 ἀπαύγασμα
3557 2108 3570 2121 ·
3620 2094 3714 2146 καὶ

2144 2184 2204 2235 οὗ
2234 2183 2296 2236 τὸ
2321 2182 2553 2253 ἔμπαλιν
2575 2183 2681 2236 ἀπὸ
2704 2183 2892 2236 τούτου
2924 2186 2955 2253 ἡ
2983 2184 3153 2255 δόξα),
3188 2186 3321 2255 μήτε
3351 2186 3431 2238 ὅτι
3467 2185 3595 2237 ποτὲ
3620 2185 3719 2238 τοῦ

2147 2272 2283 2327 εἶναι
2332 2273 2551 2345 ἤρξατο.
2591 2274 2656 2326 Ἡ
2691 2274 2798 2345 γὰρ
2832 2274 2923 2327 τοῦ
2958 2274 3042 2326 ὢν
3088 2276 3357 2345 μαρτυρία
3385 2276 3445 2327 τὸ
3475 2275 3715 2345 διηνεκὲς

2149 2364 2241 2418 τοῦ
2273 2365 2423 2426 Υἰού,
2458 2364 2550 2416 καὶ
2583 2365 2771 2425 ἀΐδιον,
2808 2365 2901 2417 κού⁸
2941 2363 3000 2416 τὸ
3035 2366 3212 2435 πάσης
3253 2366 3509 2437 χρονικῆς
3537 2383 3717 2436 σημα-

2152 2458 2269 2519 σίας
2301 2456 2689 2527 ὑπερκείμενον
2714 2454 3024 2526 ἐρμηνεύει.

462 2550 534 2604 do
573 2552 907 2606 exsistentia:
955 2551 1170 2603 initium
1204 2551 1501 2619 acceperit.
1538 2548 1673 2603 Nam
1705 2549 1859 2615 illud,
1889 2566 2007 2604 cum
2046 2552 2139 2615 sit,
2170 2552 2587 2620 perpetuitatem
2621 2557 2673 2603 et
2710 2549 3072 2602 aeternitatem
3121 2545 3245 2602 Filii
3277 2548 3425 2601 omni
3471 2557 3721 2616 tempore

464 2645 806 2715 superiorem
829 2644 1070 2700 denotat.

542 2741 727 2809 Itaque
762 2740 1074 2810 importuna
1100 2756 1326 2810 prorsus
1353 2749 1438 2795 est
1459 2748 1514 2795 et
1545 2734 1721 2797 fu'tilis
1765 2740 1853 2795 illa
1896 2753 2041 2809 qua:-

463 2832 568 2887 stio
602 2832 671 2885 ab
696 2831 1027 2886 adversariis
1059 2832 1125 2884 ad
1163 2832 1289 2886 tidei
1342 2832 1688 2887 eversionem
1743 2841 1799 2886 et
1835 2830 2041 2901 proprii

461 2922 669 2977 erroris
723 2923 1181 2985 stabilimentum,
1217 2930 1477 2992 tanquam
1532 2922 1799 2976 invictum
1844 2922 2038 2983 telum,

462 3010 631 3079 objici
668 3011 832 3065 solita
880 3027 895 3064 :
935 3010 1083 3064 Num
1116 3014 1205 3081 qui
1237 3016 1667 3083 est,generatur?
1697 3013 1910 3079 Quibus
1966 3014 2044 3066 in-

463 3099 674 3169 trepide
703 3100 1148 3170 respoudendum
1200 3108 1316 3164 est,
1360 3117 1483 3155 eum
1537 3101 1630 3171 qui
1682 3100 1736 3154 in
1789 3099 2034 3169 ingenito

462 3202 602 3259 erat,
633 3206 701 3245 ex
731 3192 853 3261 ipso
879 3194 1121 3262 genitum
1147 3207 1291 3255 esse,
1313 3204 1365 3247 et
1387 3194 1715 3263 principium
1735 3192 2037 3249 exsistendi

2215 2734 2377 2786 Ὥστε
2425 2734 2545 2786 τίνα
2594 2732 2785 2803 καιρὸν
2818 2732 2927 2802 ἔχει
2976 2734 3074 2804 τὴν
3124 2736 3471 2805 μικροπρεπῆ
3515 2737 3715 2805 ταύτην

2145 2826 2409 2897 ἐρώτησιν
2454 2827 2543 2878 ἐπὶ⁴
2574 2825 2717 2896 λύμῃ
2776 2825 2875 2895 τῆς
2904 2825 3182 2888 εὐσεϐείας
3228 2826 3377 2896 παρὰ
3416 2828 3523 2878 τῶν
3560 2830 3713 2880 ἐναν-

2143 2917 2271 2971 τίων
2307 2917 2709 2988 προφέρεσθαι,
2748 2916 2815 2987 ἣν
2854 2916 2929 2978 ὼς
2981 2916 3191 2986 ἄμαχον
3237 2919 3366 2988 ἡμῖν
3418 2920 3495 2981 είς
3546 2938 3715 2972 κατα-

2146 3008 2343 3080 σκευὴν
2372 3007 2467 3061 τοῦ
2510 3008 2709 3061 οἰκείου
2756 3008 3147 3078 προϐάλλονται
3180 3008 3477 3079 δόγματος,
3525 3010 3715 3081 διερω-

2144 3100 2366 3164 τῶντες,
2402 3102 2471 3153 El
2507 3104 2539 3154 ό
2576 3099 2659 3153 ὠν
2688 3099 2997 3169 γεννᾶται;
3048 3100 3187 3171 Πρὸς
3220 3100 3313 3164 οὒς
3344 3100 3490 3154 ἐστιν
3520 3102 3715 3174 εὐθαρ-

2146 3191 2255 3255 σῶς
2300 3191 2737 3261 ἀποκρίνασθαι,
2787 3193 2869 3245 ὅτι
2915 3193 2943 3243 6
2988 3193 3045 3245 ἐν
3090 3191 3166 3262 τῷ
3197 3193 3472 3265 ἀγεννήτῳ
3518 3192 3613 3258 ὢν,
3656 3194 3717 3259 ἐξ

463 3282 590 3335 inde
623 3281 865 3348 ducere;
897 3282 1075 3352 inquit
1108 3282 1251 3337 enim
1270 3284 1354 3337 ὀι
1393 3282 1501 3353 Ego
1537 3286 1648 3337 rivo
1675 3292 1890 3353 propter
1922 3282 2036 3337 Pa-

2145 3283 2310 3336 αύτοῦ
2356 3283 2617 3355 ἐγεννήθη
2644 3331 2661 3357 ,
2724 3284 2821 3355 τὴν
2854 3285 2951 3355 μὲν
2981 3285 3154 3338 αἰτίαν
3184 3285 3278 3338 τοῦ
3336 3285 3472 3339 εἶναι
3507 3288 3715 3341 ἐκεῖθεν

463 3383 597 3425 trem
623 3388 639 3426 :
668 3382 725 3427 at
776 3374 1017 3439 initium,
1053 3376 1271 3444 quando
1308 3374 1436 3430 inde
1495 3376 1851 3445 processerit,
1892 3375 2037 3429 haud

459 3470 546 3517 est
571 3462 779 3525 dicere,
813 3478 937 3517 cum
961 3479 1070 3518 non
1109 3464 1482 3534 interjiciatur
1512 3476 1606 3519 aut
1637 3481 1745 3532 res,
1770 3473 1864 3519 aut
1891 3465 2033 3535 cogi-

461 3553 621 3616 tatio,
656 3560 748 3606 aut
782 3555 1044 3623 temporis
1078 3555 1447 3619 intervallum,
1478 3572 1587 3626 quo
1618 3571 1743 3612 esse
1789 3555 1916 3611 Filii
1965 3557 2036 3611 ab

461 3658 587 3697 esse
630 3643 808 3699 Patris
843 3655 1164 3701 secernatur
1183 3656 1237 3701 et
1261 3648 1572 3714 divellatur,
1606 3664 1782 3717 neque
1808 3650 2040 3704 exsistat

461 3733 675 3802 signum
712 3750 804 3787 seu
848 3736 1109 3791 indicium
1139 3739 1382 3808 aliquod,
1413 3756 1478 3794 ex
1510 3755 1618 3809 quo
1648 3739 1972 3810 Unigenitus
2009 3756 2040 3792 a

462 3826 571 3876 vita
605 3825 780 3880 Patris
804 3838 1092 3895 separatus
1127 3830 1405 3899 proprium
1430 3831 1773 3885 subsistendi
1820 3830 2037 3884 initium

459 3917 689 3984 ceperit.
722 3915 777 3970 Si
809 3918 974 3987 igitur
1003 3921 1211 3974 nullum
1240 3921 1388 3975 aliud
1412 3930 1493 3975 est
1519 3922 1867 3991 principium,
1894 3922 2040 3991 quod

464 4003 587 4059 Filii
646 4008 811 4059 vitam
871 4011 1301 4079 antegrediatur,
1340 4026 1577 4080 cumque
1614 4012 1835 4080 pietatis
1896 4015 2040 4065 ratio

461 4108 516 4150 et
544 4099 765 4151 traditio
809 4100 989 4154 solum
1042 4099 1259 4156 Patrem
1314 4103 1693 4158 indubitanter
1742 4112 1868 4157 ante
1919 4102 2040 4156 Filii

463 4188 788 4259 hypostasin
823 4194 1235 4262 praconcipiat,
1276 4192 1441 4247 Pater
1491 4211 1621 4249 vero
1661 4194 1914 4265 principii
1943 4210 2042 4249 ex-

462 4295 588 4348 pers
620 4281 692 4334 sit
719 4288 773 4335 et
817 4282 1112 4352 ingenitus,
1153 4285 1287 4355 ipsis
1334 4286 1666 4341 adversariis
1702 4286 1752 4340 id
1783 4286 2043 4342 conﬁten-

461 4370 645 4423 tibus:
685 4372 964 4439 quomodo
1022 4374 1240 4428 initium
1293 4378 1511 4431 essendi
1567 4378 1750 4441 habet,
1786 4394 1948 4448 quem
1984 4379 2038 4432 in

462 4461 714 4529 principii
751 4474 974 4530 experte
995 4464 1263 4519 exsistere
1300 4466 1702 4537 intelligimus?

534 4550 676 4617 Quid
710 4568 838 4607 vero
874 4554 1187 4610 detrimenti
1222 4572 1351 4611 vera
1375 4567 1430 4612 et
1464 4576 1597 4613 sana
1628 4562 1875 4613 doctrina
1916 4577 2039 4616 sus-

461 4645 678 4710 tinebit,
730 4645 777 4699 si
831 4646 959 4715 quis
1022 4648 1280 4701 admittat
1358 4665 1521 4705 voces
1572 4652 2033 4717 adversariorum,
2069 4634 2112 4687 Ι)

462 4753 602 4806 quas
634 4747 690 4792 ut
727 4738 997 4794 absurdas
1050 4740 1359 4809 proferunt,
1413 4744 1834 4811 sciscitantium,
1890 4746 2036 4800 Num

460 4828 551 4897 qui
581 4838 982 4900 est,generatus
1013 4831 1083 4884 sit
1104 4834 1129 4885 ?
1176 4847 1352 4901 neque
1381 4833 1529 4887 enim
1580 4834 1855 4898 volumus,
1888 4850 2036 4899 eum,

461 4918 556 4987 qui
589 4922 859 4975 exsistens
899 4922 1115 4990 genitus
1147 4931 1254 4988 est,
1296 4925 1537 4994 genitum
1584 4940 1707 4981 esse
1736 4940 1801 4979 eo
1851 4928 2037 4989 modo,

462 5024 623 5078 quem
652 5009 756 5063 sibi
803 5026 990 5066 crassa
1048 5015 1284 5082 quadam
1334 5014 1661 5083 cogitatione
1709 5014 2038 5070 Nicodeinus

464 5098 695 5154 Domino
726 5102 1046 5172 colloquens
1078 5105 1505 5175 imaginabatur,
1553 5116 1707 5162 ratus
1764 5124 1909 5171 eum,
1943 5109 2032 5177 qui

458 5192 570 5261 jam
601 5199 762 5247 natus
793 5201 956 5259 esset,
990 5211 1099 5251 non
1123 5212 1285 5267 posse
1311 5198 1491 5253 denuo
1515 5200 1667 5253 nasci
1686 5198 1754 5265 “;
1784 5199 1879 5254 sed
1912 5201 2036 5268 quia

462 5297 683 5352 semper
714 5283 783 5337 ab
806 5300 893 5348 eo,
925 5288 1018 5355 qui
1050 5288 1322 5358 principio
1356 5299 1531 5353 caret,
1558 5305 1719 5345 suum
1751 5306 1876 5346 esse
1910 5292 2035 5345 uni-

459 5383 547 5427 ter
588 5382 775 5443 aptuin
809 5384 861 5429 et
891 5391 1198 5432 connexum
1236 5380 1420 5446 habet,
1457 5384 1664 5451 quique
1687 5382 1841 5451 prius
1874 5382 2037 5451 quid-

460 5463 587 5519 dam
627 5482 722 5521 seu
754 5468 1035 5538 antiquius
1078 5471 1426 5540 indagantem
1472 5490 1685 5544 semper
1715 5476 2033 5540 comitatur,

459 5563 517 5609 et
548 5558 923 5613 curiositatem
965 5562 1162 5617 mentis
1213 5565 1598 5619 ascendentem
1651 5566 1705 5619 in
1749 5569 2033 5636 superiora

461 5652 775 5715 antevertit,
812 5653 1069 5708 omnibus
1097 5652 1275 5709 Patris
1298 5655 1617 5712 notionibus
1649 5658 1807 5727 quasi
1851 5657 2028 5712 admi-

464 5746 607 5805 stus,
633 5757 810 5812 neque
830 5758 953 5799 esse
984 5744 1197 5815 incipit,
1230 5760 1409 5815 neque
1456 5747 1734 5818 ingenitus
1782 5758 1887 5813 est,
1936 5750 2029 5805 sed

2140 3374 2277 3445 ἔχων
2298 3392 2311 3406 ο
2360 3375 2505 3445 Ἐγὼ
2529 3374 2657 3447 γὰρ,
2689 3376 2844 3446 φησὶ,
2879 3375 2951 3437 ζῶ
2977 3376 3073 3429 διὰ
3103 3376 3209 3430 τὸν
3248 3378 3475 3447 Πατέρα
3494 3397 3507 3411 ·
3538 3382 3638 3448 τὴν
3669 3381 3713 3432 δ’

2139 3462 2311 3533 ἀρχὴν
2336 3464 2438 3515 οὐκ.
2460 3463 2607 3517 ἔστιν
2637 3466 2810 3517 εἰπεῖν
2832 3480 2845 3493 ·
2889 3466 2975 3518 ὅτε
3011 3466 3084 3535 μὴ
3112 3466 3218 3537 γὰρ
3251 3467 3400 3529 ὄντος
3430 3468 3524 3520 τοῦ
3562 3487 3715 3538 μεσι-

2138 3551 2384 3614 τεύοντος
2446 3552 2806 3623 πράγματος,
2863 3553 2895 3625 ἦ
2938 3553 3330 3625 διανοήματος,
3383 3556 3415 3625 ἢ
3463 3557 3715 3627 χρονικού

2139 3644 2534 3713 διαστήματος,
2583 3638 2627 3712 ᾧ
2671 3646 3037 3716 διακρίνεται,
3090 3648 3183 3699 καὶ
3226 3648 3602 3720 διαχωρίζεται
3655 3650 3716 3702 τὸ

2140 3731 2279 3788 εἶναι
2322 3737 2415 3789 τοῦ
2465 3735 2596 3789 Υίοῠ
2651 3737 2757 3790 ἀπὸ
2802 3737 2893 3789 τοῦ
2944 3739 3156 3809 Πατρός
3190 3755 3205 3768 ο
3258 3739 3379 3792 οὐδὲ
3422 3741 3713 3794 ἐπινοεῖται

2143 3831 2387 3899 σημεῖον,
2440 3830 2531 3897 ἀφ’
2569 3823 2628 3883 οὗ
2675 3832 2703 3883 6
2746 3830 3055 3899 Μονογενὴς
3083 3831 3179 3896 τῆς
3209 3830 3302 3883 τοῦ
3336 3832 3546 3902 Πατρὸς
3573 3832 3715 3903 ζωῆς

2141 3920 2476 3991 διαζευχθεὶς
2514 3920 2578 3973 ἐκ
2604 3938 2747 3984 τινος
2779 3921 3085 3992 ἰδιαζούσης
3120 3922 3297 3993 ἀρχῆς
3338 3924 3712 3991 ἀναφαίνεται.

2141 4013 2203 4065 Εἰ
2231 4011 2323 4067 οὖν
2355 4012 2576 4081 οὐδεμία
2601 4013 2747 4065 ἐστὶν
2776 4012 2907 4083 ἄλλη
2940 4013 3102 4083 ἁρχὴ,
3132 4015 3252 4084 ἤτις
3290 4015 3385 4068 τού
3448 4015 3579 4069 Υἱοῦ
3616 4018 3714 4087 τῆς

2142 4103 2285 4175 ζωῆς
2315 4102 2632 4175 ἡγεμονεύει
2655 4143 2669 4167 ,
2720 4102 2856 4157 ἀλλὰ
2886 4105 3042 4173 μόνον
3071 4104 3161 4157 τὸν
3190 4106 3407 4177 Πατέρα
3436 4110 3463 4160 6
3493 4108 3717 4179 εὐσεϐὴς
3751 4145 3766 4169 τ

2141 4194 2296 4262 λόγος
2321 4195 2420 4265 τῆς
2447 4194 2793 4259 ὑποστάσεως
2825 4195 2917 4247 τοῦ
2962 4194 3091 4247 Υἱοῦ
3125 4197 3428 4268 προθεωρεῖ
3457 4199 3713 4253 ἀδιαστά-

2141 4302 2267 4348 τως,
2301 4286 2329 4337 6
2360 4286 2549 4356 Πατὴρ
2573 4285 2629 4339 δέ
2664 4287 2898 4357 ἄναρχος
2930 4289 3022 4339 καὶ
3061 4288 3373 4360 ἁγέννητος,
3409 4292 3590 4357 καθὼς
3624 4294 3715 4347 καὶ

2142 4378 2175 4445 ὴ
2201 4375 2307 4428 τῶν
2340 4377 2674 4430 ὑπεναντίων
2703 4380 3051 4449 συνομολογεί
3080 4382 3372 4452 μαρτυρία,
3399 4383 3516 4447 πῶς
3538 4384 3711 4456 ἀρχὴν

2141 4464 2232 4516 τοῦ
2264 4459 2402 4519 εῖναι
2429 4466 2692 4536 λαμϐάνει
2724 4469 2752 4519 6
2780 4469 2857 4540 τῷ
2896 4471 3111 4541 ἁνάρχῳ
3140 4472 3605 4544 ἐνθεωρούμενος;

2212 4556 2277 4608 Τί
2302 4557 2359 4609 δέ
2383 4556 2676 4627 βλάπτεται
2704 4560 2803 4629 τῆς
2829 4561 3106 4625 εὐσεϐείας
3131 4565 3160 4615 6
3184 4563 3339 4632 λόγος
3368 4566 3433 4617 ἐκ
3457 4564 3552 4618 τοῦ
3587 4583 3711 4619 συν-

2141 4646 2379 4703 τίθεσθαι
2421 4653 2540 4713 ταῖς
2567 4650 2674 4704 τῶν
2708 4652 2965 4707 ἐναντίων
2994 4658 3217 4723 φωναῖς,
3249 4655 3317 4719 ἃς
3362 4657 3438 4721 ὡς
3477 4657 3712 4721 ἀτόπους

2140 4742 2509 4811 προτείνονται
2532 4740 2800 4809 λέγοντες,
2842 4745 2909 4797 El
2929 4747 2961 4799 ὀ
2983 4744 3061 4798 ὢν
3084 4746 3373 4815 ἐγεννήθη
3398 4764 3418 4812 ;
3446 4748 3566 4801 οὐδέ
3604 4748 3712 4820 γὰρ

2139 4832 2294 4884 τοῦτό
2328 4850 2527 4903 φαμεν,
2558 4834 2639 4887 ὅτι
2670 4834 2811 4889 κατὰ
2853 4836 2952 4908 τὴν
2982 4838 3231 4908 ῥυπαρὰν
3271 4838 3363 4891 τοῦ
3402 4839 3711 4910 Νικοδήμου

2142 4924 2278 4993 πρὸς
2302 4924 2394 4977 τὸν
2422 4923 2626 4995 Κύριον
2660 4926 3021 4999 ἐπαπόρησιν,
3054 4929 3174 4981 καθ’
3202 4929 3267 4999 ἢν
3296 4927 3432 4999 ᾤετο
3466 4930 3541 5000 μὴ
3575 4927 3712 4985 εἶναι

2140 5015 2364 5069 δυνατὸν
2393 5017 2599 5080 ἐκεῖνος
2643 5020 2723 5081 εἰς
2766 5018 3026 5091 δευτέραν
3056 5020 3306 5091 γέννησιν
3341 5022 3430 5074 τὸν
3464 5022 3589 5075 ὅντα
3621 5024 3710 5076 ἐλ-

2140 5108 2273 5172 θεῖν,
2307 5108 2479 5172 οὕτως
2517 5112 2545 5163 6
2583 5110 2658 5164 ὢν
2690 5112 2787 5183 τὴν
2828 5114 3074 5185 γέννησιν
3100 5115 3343 5185 δέχεται·
3376 5116 3486 5169 ἀλλ’
3514 5119 3592 5171 ὅτι
3617 5117 3710 5171 τοῦ

2141 5200 2245 5265 ἀεὶ,
2288 5202 2381 5253 καὶ
2419 5202 2667 5272 ἅνάρχως
2712 5204 2861 5267 ὄντος
2896 5206 3198 5277 ἐξημμένον
3238 5208 3430 5261 ἐαυτοῦ
3466 5208 3526 5260 τὸ
3572 5206 3711 5263 εἶναι

2140 5288 2277 5358 ἔχων
2303 5330 2317 5355 ,
2372 5290 2467 5344 καὶ
2514 5291 2591 5361 τῷ
2642 5292 2708 5345 τὰ
2768 5295 3111 5367 πρεσϐύτερα
3176 5296 3711 5369 πολυπραγμονοῦντι

2142 5379 2434 5448 συνανιὼν,
2488 5384 2581 5437 καὶ
2628 5387 2709 5448 είς
2755 5386 2813 5438 τὸ
2857 5386 3246 5459 ὑπερκείμενον
3291 5388 3391 5459 τῆς
3430 5390 3709 5462 πολυπρα-

2141 5473 2417 5545 γμοσύνης
2467 5475 2559 5528 τοῦ
2604 5476 2695 5530 νοῦ
2743 5478 3167 5549 προλαμϐάνων,
3218 5482 3314 5535 καὶ
3361 5483 3560 5547 πάσαις
3590 5487 3709 5547 ταῖς

2143 5566 2271 5637 περὶ
2309 5567 2404 5620 τοῦ
2440 5568 2653 5639 [ἰατρὸς
2690 5570 2918 5634 ἐννοίαις
2953 5575 3413 5648 συγκεκραμένος,
3452 5576 3575 5629 οὔτε
3616 5576 3710 5630 τοῦ

2140 5656 2277 5711 εἶναι
2316 5660 2561 5739 ἄρχεται,
2592 5660 2713 5715 οὔτε
2739 5662 3029 5733 ἁγέννητός
3066 5666 3233 5730 ἐστιν,
3270 5667 3403 5721 ἀλλὰ
3440 5668 3533 5723 καὶ
3556 5671 3708 5737 ἐγεν-

2140 5750 2304 5821 νήθη,
2351 5754 2443 5805 καὶ
2470 5747 2538 5821 ἦν
2571 5768 2589 5786 ο
2637 5752 2715 5825 τῷ
2747 5756 2843 5826 μὲν
2871 5757 2970 5828 τῆς
3009 5758 3186 5823 αἰτίας
3211 5759 3352 5831 λόγῳ
3383 5759 3480 5831 τὴν
3511 5760 3575 5813 ἐκ
3615 5756 3708 5813 τού

536 5916 581 5950 ³⁷
607 5918 764 5974 Joan.
803 5936 857 5988 ι,
884 5922 970 5976 14.
1049 5925 1094 5957 ⁸⁵
1136 5923 1299 5981 Hebr.
1329 5940 1367 5991 ι,
1396 5924 1448 5981 3.
1527 5927 1571 5958 "
1596 5924 1754 5982 Joan.
1790 5943 1861 5992 γι,
1894 5929 1981 5984 58.

2143 5928 2301 5985 .loan.
2330 5944 2411 5995 ιιι,
2445 5929 2479 5981 2
2508 5945 2625 6001 sqq.
