  <div class='ocr_page' id='page_1' title='image "/cluster/home/n/w/nwhite01/storage/ocr_20150623/45/nnc1.0046978445/236.png"; bbox 0 0 4146 6370; ppageno 0'>
   <div class='ocr_carea' id='block_1_1' title="bbox 381 308 485 362">
    <p class='ocr_par' dir='ltr' id='par_1_1' title="bbox 381 308 485 362">
     <span class='ocr_line' id='line_1_1' title="bbox 381 308 485 362; baseline -0.019 0"><span class='ocrx_word' id='word_1_1' title='bbox 381 308 485 362; x_wconf 67' lang='lat'><strong>“.9</strong></span> 
     </span>
    </p>
   </div>
   <div class='ocr_carea' id='block_1_2' title="bbox 1542 280 2485 349">
    <p class='ocr_par' dir='ltr' id='par_1_2' title="bbox 1542 280 2485 349">
     <span class='ocr_line' id='line_1_2' title="bbox 1542 280 2485 349; baseline -0.014 -1"><span class='ocrx_word' id='word_1_2' title='bbox 1542 289 1816 349; x_wconf 75' lang='lat' dir='ltr'><strong>CONTRA</strong></span> <span class='ocrx_word' id='word_1_3' title='bbox 1845 280 2235 348; x_wconf 78' lang='lat' dir='ltr'><strong>EUNOMIUM,</strong></span> <span class='ocrx_word' id='word_1_4' title='bbox 2272 281 2402 335; x_wconf 86' lang='lat' dir='ltr'><strong>LIB.</strong></span> <span class='ocrx_word' id='word_1_5' title='bbox 2443 281 2485 335; x_wconf 87' lang='grc' dir='ltr'><strong>Ι.</strong></span> 
     </span>
    </p>
   </div>
   <div class='ocr_carea' id='block_1_3' title="bbox 3548 269 3655 325">
    <p class='ocr_par' dir='ltr' id='par_1_3' title="bbox 3548 269 3655 325">
     <span class='ocr_line' id='line_1_3' title="bbox 3548 269 3655 325; baseline 0.028 -4"><span class='ocrx_word' id='word_1_6' title='bbox 3548 270 3610 322; x_wconf 68' lang='grc'><strong>41⁵</strong></span> <span class='ocrx_word' id='word_1_7' title='bbox 3606 269 3655 325; x_wconf 72' lang='grc' dir='ltr'>ῖθ</span> 
     </span>
    </p>
   </div>
   <div class='ocr_carea' id='block_1_4' title="bbox 383 393 2002 498">
    <p class='ocr_par' dir='ltr' id='par_1_4' title="bbox 383 407 2002 498">
     <span class='ocr_line' id='line_1_4' title="bbox 383 407 2002 498; baseline -0.015 -15"><span class='ocrx_word' id='word_1_8' title='bbox 383 426 597 498; x_wconf 73' lang='grc' dir='ltr'>Πατρδς</span> <span class='ocrx_word' id='word_1_9' title='bbox 620 424 871 494; x_wconf 85' lang='grc' dir='ltr'>γέννησιν</span> <span class='ocrx_word' id='word_1_10' title='bbox 895 418 1171 492; x_wconf 82' lang='grc' dir='ltr'>ὁμολογῶν</span> <span class='ocrx_word' id='word_1_11' title='bbox 1186 434 1199 447; x_wconf 91' lang='grc'><strong>·</strong></span> <span class='ocrx_word' id='word_1_12' title='bbox 1233 414 1309 487; x_wconf 79' lang='grc' dir='ltr'><strong>τῷ</strong></span> <span class='ocrx_word' id='word_1_13' title='bbox 1330 415 1385 471; x_wconf 78' lang='grc' dir='ltr'>δὲ</span> <span class='ocrx_word' id='word_1_14' title='bbox 1417 412 1569 485; x_wconf 76' lang='grc' dir='ltr'>ἀϊδίῳ</span> <span class='ocrx_word' id='word_1_15' title='bbox 1592 414 1691 482; x_wconf 83' lang='grc' dir='ltr'>τῆς</span> <span class='ocrx_word' id='word_1_16' title='bbox 1720 409 1883 481; x_wconf 77' lang='grc' dir='ltr'>ζωῆς,</span> <span class='ocrx_word' id='word_1_17' title='bbox 1904 407 1965 459; x_wconf 81' lang='grc' dir='ltr'>τὸ</span> <span class='ocrx_word' id='word_1_18' title='bbox 1995 445 2002 465; x_wconf 60' lang='grc'><strong>,</strong></span> 
     </span>
    </p>
   </div>
   <div class='ocr_carea' id='block_1_5' title="bbox 2104 393 3657 498">
    <p class='ocr_par' dir='ltr' id='par_1_5' title="bbox 2104 393 3657 475">
     <span class='ocr_line' id='line_1_5' title="bbox 2104 393 3657 475; baseline -0.007 -18"><span class='ocrx_word' id='word_1_19' title='bbox 2104 411 2122 457; x_wconf 94' lang='lat' dir='ltr'><strong>t</strong></span> <span class='ocrx_word' id='word_1_20' title='bbox 2151 405 2370 475; x_wconf 83' lang='lat' dir='ltr'><strong>genitus</strong></span> <span class='ocrx_word' id='word_1_21' title='bbox 2399 410 2507 463; x_wconf 85' lang='lat' dir='ltr'><strong>est,</strong></span> <span class='ocrx_word' id='word_1_22' title='bbox 2541 410 2597 457; x_wconf 94' lang='lat' dir='ltr'><strong>et</strong></span> <span class='ocrx_word' id='word_1_23' title='bbox 2628 406 2770 464; x_wconf 91' lang='lat' dir='ltr'><strong>erat,</strong></span> <span class='ocrx_word' id='word_1_24' title='bbox 2797 395 3055 470; x_wconf 83' lang='lat' dir='ltr'><strong>principii</strong></span> <span class='ocrx_word' id='word_1_25' title='bbox 3107 394 3323 450; x_wconf 78' lang='lat' dir='ltr'><strong>ratione</strong></span> <span class='ocrx_word' id='word_1_26' title='bbox 3343 393 3657 464; x_wconf 83' lang='lat' dir='ltr'><strong>generatio-</strong></span> 
     </span>
    </p>
   </div>
   <div class='ocr_carea' id='block_1_6' title="bbox 387 511 1301 590">
    <p class='ocr_par' dir='ltr' id='par_1_6' title="bbox 387 511 1301 590">
     <span class='ocr_line' id='line_1_6' title="bbox 387 511 1301 590; baseline -0.012 -18"><span class='ocrx_word' id='word_1_27' title='bbox 387 518 521 573; x_wconf 72' lang='grc' dir='ltr'>ποτὲ</span> <span class='ocrx_word' id='word_1_28' title='bbox 551 518 626 590; x_wconf 82' lang='grc' dir='ltr'>μὴ</span> <span class='ocrx_word' id='word_1_29' title='bbox 659 514 798 569; x_wconf 77' lang='grc' dir='ltr'>εἶναι</span> <span class='ocrx_word' id='word_1_30' title='bbox 823 514 886 566; x_wconf 87' lang='grc' dir='ltr'><strong>οὑ</strong></span> <span class='ocrx_word' id='word_1_31' title='bbox 924 511 1301 583; x_wconf 81' lang='grc' dir='ltr'><strong>προσιέμενος.</strong></span> 
     </span>
    </p>
   </div>
   <div class='ocr_carea' id='block_1_7' title="bbox 470 678 1975 756">
    <p class='ocr_par' dir='ltr' id='par_1_7' title="bbox 470 678 1975 756">
     <span class='ocr_line' id='line_1_7' title="bbox 470 678 1975 756; baseline -0.009 -15"><span class='ocrx_word' id='word_1_32' title='bbox 470 688 610 741; x_wconf 82' lang='grc' dir='ltr'>Ἀλλ’</span> <span class='ocrx_word' id='word_1_33' title='bbox 637 685 934 740; x_wconf 81' lang='grc' dir='ltr'>ἀντιϐαίνει</span> <span class='ocrx_word' id='word_1_34' title='bbox 962 686 1075 746; x_wconf 88' lang='grc' dir='ltr'>τοῖς</span> <span class='ocrx_word' id='word_1_35' title='bbox 1109 685 1229 756; x_wconf 82' lang='grc' dir='ltr'>είρη</span> <span class='ocrx_word' id='word_1_36' title='bbox 1240 681 1440 750; x_wconf 90' lang='grc' dir='ltr'>μένοις,</span> <span class='ocrx_word' id='word_1_37' title='bbox 1472 682 1499 733; x_wconf 86' lang='grc' dir='ltr'>ὁ</span> <span class='ocrx_word' id='word_1_38' title='bbox 1525 678 1595 731; x_wconf 80' lang='grc' dir='ltr'><strong>τὰ</strong></span> <span class='ocrx_word' id='word_1_39' title='bbox 1624 678 1857 749; x_wconf 86' lang='grc' dir='ltr'>περισσὰ</span> <span class='ocrx_word' id='word_1_40' title='bbox 1888 692 1975 729; x_wconf 82' lang='grc' dir='ltr'>σο·-</span> 
     </span>
    </p>
   </div>
   <div class='ocr_carea' id='block_1_8' title="bbox 392 766 1974 849">
    <p class='ocr_par' dir='ltr' id='par_1_8' title="bbox 392 766 1974 849">
     <span class='ocr_line' id='line_1_8' title="bbox 392 766 1974 849; baseline -0.009 -17"><span class='ocrx_word' id='word_1_41' title='bbox 392 778 699 849; x_wconf 78' lang='grc' dir='ltr'>φιςόμενος.</span> <span class='ocrx_word' id='word_1_42' title='bbox 742 779 836 829; x_wconf 70' lang='grc' dir='ltr'>καὶ</span> <span class='ocrx_word' id='word_1_43' title='bbox 862 776 1125 845; x_wconf 77' lang='grc' dir='ltr'><strong>διασχίζει</strong></span> <span class='ocrx_word' id='word_1_44' title='bbox 1150 774 1249 843; x_wconf 82' lang='grc' dir='ltr'>τῆς</span> <span class='ocrx_word' id='word_1_45' title='bbox 1277 771 1370 825; x_wconf 77' lang='grc' dir='ltr'>τοῦ</span> <span class='ocrx_word' id='word_1_46' title='bbox 1401 772 1611 841; x_wconf 77' lang='grc' dir='ltr'>Πατρδς</span> <span class='ocrx_word' id='word_1_47' title='bbox 1641 768 1851 837; x_wconf 86' lang='grc' dir='ltr'>φύσεως</span> <span class='ocrx_word' id='word_1_48' title='bbox 1880 766 1974 819; x_wconf 79' lang='grc' dir='ltr'><strong>τοῦ</strong></span> 
     </span>
    </p>
   </div>
   <div class='ocr_carea' id='block_1_9' title="bbox 408 858 1977 938">
    <p class='ocr_par' dir='ltr' id='par_1_9' title="bbox 408 858 1977 938">
     <span class='ocr_line' id='line_1_9' title="bbox 408 858 1977 938; baseline -0.008 -15"><span class='ocrx_word' id='word_1_49' title='bbox 408 868 745 938; x_wconf 82' lang='grc' dir='ltr'>Μονογενοῦς</span> <span class='ocrx_word' id='word_1_50' title='bbox 776 867 874 938; x_wconf 83' lang='grc' dir='ltr'>τὴν</span> <span class='ocrx_word' id='word_1_51' title='bbox 897 867 1083 919; x_wconf 82' lang='grc' dir='ltr'>οὐσίαν</span> <span class='ocrx_word' id='word_1_52' title='bbox 1104 883 1117 896; x_wconf 90' lang='grc'><strong>·</strong></span> <span class='ocrx_word' id='word_1_53' title='bbox 1151 864 1283 917; x_wconf 84' lang='grc' dir='ltr'>διότι</span> <span class='ocrx_word' id='word_1_54' title='bbox 1318 866 1347 916; x_wconf 85' lang='grc' dir='ltr'>ὁ</span> <span class='ocrx_word' id='word_1_55' title='bbox 1378 862 1474 934; x_wconf 81' lang='grc' dir='ltr'>μὲν</span> <span class='ocrx_word' id='word_1_56' title='bbox 1499 861 1841 930; x_wconf 85' lang='grc' dir='ltr'><strong>γεγέννηται,</strong></span> <span class='ocrx_word' id='word_1_57' title='bbox 1872 858 1900 910; x_wconf 90' lang='grc' dir='ltr'><strong>ὁ</strong></span> <span class='ocrx_word' id='word_1_58' title='bbox 1922 858 1977 911; x_wconf 79' lang='grc' dir='ltr'>δὲ</span> 
     </span>
    </p>
   </div>
   <div class='ocr_carea' id='block_1_10' title="bbox 400 952 1979 1032">
    <p class='ocr_par' dir='ltr' id='par_1_10' title="bbox 400 952 1979 1032">
     <span class='ocr_line' id='line_1_10' title="bbox 400 952 1979 1032; baseline -0.006 -17"><span class='ocrx_word' id='word_1_59' title='bbox 400 960 695 1032; x_wconf 83' lang='grc' dir='ltr'>ἀγέννητός</span> <span class='ocrx_word' id='word_1_60' title='bbox 714 961 848 1023; x_wconf 76' lang='grc' dir='ltr'>ἐστι,</span> <span class='ocrx_word' id='word_1_61' title='bbox 872 959 967 1012; x_wconf 78' lang='grc' dir='ltr'>καὶ</span> <span class='ocrx_word' id='word_1_62' title='bbox 986 958 1253 1011; x_wconf 84' lang='grc' dir='ltr'><strong>τοσούτων</strong></span> <span class='ocrx_word' id='word_1_63' title='bbox 1271 956 1439 1009; x_wconf 76' lang='grc' dir='ltr'>ὄντων</span> <span class='ocrx_word' id='word_1_64' title='bbox 1454 954 1561 1008; x_wconf 84' lang='grc' dir='ltr'>τῶν</span> <span class='ocrx_word' id='word_1_65' title='bbox 1577 954 1854 1025; x_wconf 81' lang='grc' dir='ltr'><strong>ὀνομάτων</strong></span> <span class='ocrx_word' id='word_1_66' title='bbox 1870 952 1979 1005; x_wconf 80' lang='grc' dir='ltr'><strong>τῶν</strong></span> 
     </span>
    </p>
   </div>
   <div class='ocr_carea' id='block_1_11' title="bbox 396 1040 1979 1123">
    <p class='ocr_par' dir='ltr' id='par_1_11' title="bbox 396 1040 1979 1123">
     <span class='ocr_line' id='line_1_11' title="bbox 396 1040 1979 1123; baseline -0.006 -17"><span class='ocrx_word' id='word_1_67' title='bbox 396 1052 637 1116; x_wconf 79' lang='grc' dir='ltr'>εύσεὸὦς</span> <span class='ocrx_word' id='word_1_68' title='bbox 666 1050 1185 1123; x_wconf 84' lang='grc' dir='ltr'>περιθεωρουμένων</span> <span class='ocrx_word' id='word_1_69' title='bbox 1214 1052 1279 1119; x_wconf 81' lang='grc' dir='ltr'><strong>τῇ</strong></span> <span class='ocrx_word' id='word_1_70' title='bbox 1318 1048 1440 1117; x_wconf 82' lang='grc' dir='ltr'>Θείᾳ</span> <span class='ocrx_word' id='word_1_71' title='bbox 1475 1046 1656 1116; x_wconf 87' lang='grc' dir='ltr'>φύσει,</span> <span class='ocrx_word' id='word_1_72' title='bbox 1688 1048 1745 1099; x_wconf 83' lang='grc' dir='ltr'>ὲν</span> <span class='ocrx_word' id='word_1_73' title='bbox 1777 1040 1859 1109; x_wconf 75' lang='grc' dir='ltr'>οἷς</span> <span class='ocrx_word' id='word_1_74' title='bbox 1885 1045 1979 1097; x_wconf 82' lang='grc' dir='ltr'>οὑ-</span> 
     </span>
    </p>
   </div>
   <div class='ocr_carea' id='block_1_12' title="bbox 395 1136 1981 1215">
    <p class='ocr_par' dir='ltr' id='par_1_12' title="bbox 395 1136 1981 1215">
     <span class='ocr_line' id='line_1_12' title="bbox 395 1136 1981 1215; baseline -0.007 -17"><span class='ocrx_word' id='word_1_75' title='bbox 395 1144 555 1215; x_wconf 87' lang='grc' dir='ltr'>δεμία</span> <span class='ocrx_word' id='word_1_76' title='bbox 590 1142 914 1213; x_wconf 84' lang='grc' dir='ltr'>παραλλαγὴ</span> <span class='ocrx_word' id='word_1_77' title='bbox 947 1141 1084 1212; x_wconf 73' lang='grc' dir='ltr'>πρὸς</span> <span class='ocrx_word' id='word_1_78' title='bbox 1113 1142 1202 1195; x_wconf 81' lang='grc' dir='ltr'>τὸν</span> <span class='ocrx_word' id='word_1_79' title='bbox 1233 1140 1360 1194; x_wconf 83' lang='grc' dir='ltr'>Υἱὸν</span> <span class='ocrx_word' id='word_1_80' title='bbox 1390 1138 1689 1209; x_wconf 78' lang='grc' dir='ltr'>καθορᾶται</span> <span class='ocrx_word' id='word_1_81' title='bbox 1717 1155 1730 1168; x_wconf 79' lang='grc'><em>’</em></span> <span class='ocrx_word' id='word_1_82' title='bbox 1764 1136 1981 1190; x_wconf 85' lang='grc' dir='ltr'>πάντων</span> 
     </span>
    </p>
   </div>
   <div class='ocr_carea' id='block_1_13' title="bbox 393 1228 1983 1305">
    <p class='ocr_par' dir='ltr' id='par_1_13' title="bbox 393 1228 1983 1305">
     <span class='ocr_line' id='line_1_13' title="bbox 393 1228 1983 1305; baseline -0.007 -14"><span class='ocrx_word' id='word_1_83' title='bbox 393 1238 455 1292; x_wconf 81' lang='grc' dir='ltr'>δὲ</span> <span class='ocrx_word' id='word_1_84' title='bbox 488 1237 631 1291; x_wconf 89' lang='grc' dir='ltr'><strong>κατά</strong></span> <span class='ocrx_word' id='word_1_85' title='bbox 674 1236 736 1289; x_wconf 84' lang='grc' dir='ltr'>τὸ</span> <span class='ocrx_word' id='word_1_86' title='bbox 783 1232 902 1289; x_wconf 73' lang='grc' dir='ltr'>ἴσον</span> <span class='ocrx_word' id='word_1_87' title='bbox 947 1234 1277 1305; x_wconf 78' lang='grc' dir='ltr'>ἀμφοτέροις</span> <span class='ocrx_word' id='word_1_88' title='bbox 1321 1231 1738 1303; x_wconf 75' lang='grc' dir='ltr'>ἐφαρμοζόντων</span> <span class='ocrx_word' id='word_1_89' title='bbox 1770 1228 1983 1290; x_wconf 74' lang='grc' dir='ltr'>οὐδενὸς</span> 
     </span>
    </p>
   </div>
   <div class='ocr_carea' id='block_1_14' title="bbox 397 1320 1980 1400">
    <p class='ocr_par' dir='ltr' id='par_1_14' title="bbox 397 1320 1980 1400">
     <span class='ocr_line' id='line_1_14' title="bbox 397 1320 1980 1400; baseline -0.006 -17"><span class='ocrx_word' id='word_1_90' title='bbox 397 1330 506 1383; x_wconf 85' lang='grc' dir='ltr'><strong>τῶν</strong></span> <span class='ocrx_word' id='word_1_91' title='bbox 537 1330 712 1384; x_wconf 79' lang='grc' dir='ltr'>ἄλλων</span> <span class='ocrx_word' id='word_1_92' title='bbox 743 1328 1102 1400; x_wconf 66' lang='grc' dir='ltr'>ἐπιμνησθεὶς</span> <span class='ocrx_word' id='word_1_93' title='bbox 1131 1327 1197 1381; x_wconf 88' lang='grc' dir='ltr'><strong>δι’</strong></span> <span class='ocrx_word' id='word_1_94' title='bbox 1232 1321 1307 1380; x_wconf 83' lang='grc' dir='ltr'>ὧν</span> <span class='ocrx_word' id='word_1_95' title='bbox 1330 1326 1391 1380; x_wconf 88' lang='grc' dir='ltr'>τὸ</span> <span class='ocrx_word' id='word_1_96' title='bbox 1423 1323 1602 1379; x_wconf 79' lang='grc' dir='ltr'>κοινὸν</span> <span class='ocrx_word' id='word_1_97' title='bbox 1635 1320 1980 1394; x_wconf 75' lang='grc' dir='ltr'>γνωρίζεται,</span> 
     </span>
    </p>
   </div>
   <div class='ocr_carea' id='block_1_15' title="bbox 405 1413 1985 1493">
    <p class='ocr_par' dir='ltr' id='par_1_15' title="bbox 405 1413 1985 1493">
     <span class='ocr_line' id='line_1_15' title="bbox 405 1413 1985 1493; baseline -0.006 -19"><span class='ocrx_word' id='word_1_98' title='bbox 405 1423 549 1493; x_wconf 82' lang='grc' dir='ltr'>μόνῳ</span> <span class='ocrx_word' id='word_1_99' title='bbox 583 1420 661 1491; x_wconf 84' lang='grc' dir='ltr'><strong>τῷ</strong></span> <span class='ocrx_word' id='word_1_100' title='bbox 704 1420 926 1491; x_wconf 87' lang='grc' dir='ltr'>ὀνόματι</span> <span class='ocrx_word' id='word_1_101' title='bbox 962 1420 1060 1491; x_wconf 81' lang='grc' dir='ltr'>τῆς</span> <span class='ocrx_word' id='word_1_102' title='bbox 1099 1419 1425 1489; x_wconf 85' lang='grc' dir='ltr'>ἀγεννησίας</span> <span class='ocrx_word' id='word_1_103' title='bbox 1460 1415 1797 1487; x_wconf 83' lang='grc' dir='ltr'>προσφύεται</span> <span class='ocrx_word' id='word_1_104' title='bbox 1826 1430 1841 1444; x_wconf 79' lang='grc' dir='ltr'><strong><em>ο</em></strong></span> <span class='ocrx_word' id='word_1_105' title='bbox 1890 1413 1985 1465; x_wconf 74' lang='grc' dir='ltr'>καὶ</span> 
     </span>
    </p>
   </div>
   <div class='ocr_carea' id='block_1_16' title="bbox 399 1507 1985 1584">
    <p class='ocr_par' dir='ltr' id='par_1_16' title="bbox 399 1507 1985 1584">
     <span class='ocr_line' id='line_1_16' title="bbox 399 1507 1985 1584; baseline -0.006 -16"><span class='ocrx_word' id='word_1_106' title='bbox 399 1515 520 1569; x_wconf 84' lang='grc' dir='ltr'>οὑδὲ</span> <span class='ocrx_word' id='word_1_107' title='bbox 548 1513 752 1583; x_wconf 82' lang='grc' dir='ltr'>ταύτης</span> <span class='ocrx_word' id='word_1_108' title='bbox 779 1514 877 1584; x_wconf 82' lang='grc' dir='ltr'>τὴν</span> <span class='ocrx_word' id='word_1_109' title='bbox 915 1512 1145 1584; x_wconf 84' lang='grc' dir='ltr'>συνήθη,</span> <span class='ocrx_word' id='word_1_110' title='bbox 1191 1511 1288 1565; x_wconf 72' lang='grc' dir='ltr'>καὶ</span> <span class='ocrx_word' id='word_1_111' title='bbox 1316 1508 1711 1579; x_wconf 82' lang='grc' dir='ltr'>νενομισμένην</span> <span class='ocrx_word' id='word_1_112' title='bbox 1749 1507 1985 1577; x_wconf 80' lang='grc' dir='ltr'>ἔμφασιν</span> 
     </span>
    </p>
   </div>
   <div class='ocr_carea' id='block_1_17' title="bbox 400 1600 1981 1677">
    <p class='ocr_par' dir='ltr' id='par_1_17' title="bbox 400 1600 1981 1677">
     <span class='ocr_line' id='line_1_17' title="bbox 400 1600 1981 1677; baseline -0.004 -18"><span class='ocrx_word' id='word_1_113' title='bbox 400 1606 647 1677; x_wconf 86' lang='grc' dir='ltr'>δέχεται·</span> <span class='ocrx_word' id='word_1_114' title='bbox 681 1604 817 1659; x_wconf 87' lang='grc' dir='ltr'>ἀλλὰ</span> <span class='ocrx_word' id='word_1_115' title='bbox 842 1605 1157 1674; x_wconf 86' lang='grc' dir='ltr'>καινοτομεῖ</span> <span class='ocrx_word' id='word_1_116' title='bbox 1181 1602 1274 1656; x_wconf 84' lang='grc' dir='ltr'>τοῦ</span> <span class='ocrx_word' id='word_1_117' title='bbox 1296 1602 1593 1673; x_wconf 88' lang='grc' dir='ltr'>ἀγεννήτου</span> <span class='ocrx_word' id='word_1_118' title='bbox 1618 1600 1717 1671; x_wconf 83' lang='grc' dir='ltr'>τὴν</span> <span class='ocrx_word' id='word_1_119' title='bbox 1740 1600 1948 1654; x_wconf 77' lang='grc' dir='ltr'>ἔννοιαν</span> <span class='ocrx_word' id='word_1_120' title='bbox 1968 1616 1981 1630; x_wconf 75' lang='grc'><em>’</em></span> 
     </span>
    </p>
   </div>
   <div class='ocr_carea' id='block_1_18' title="bbox 405 1694 1983 1766">
    <p class='ocr_par' dir='ltr' id='par_1_18' title="bbox 405 1694 1983 1766">
     <span class='ocr_line' id='line_1_18' title="bbox 405 1694 1983 1766; baseline -0.004 -15"><span class='ocrx_word' id='word_1_121' title='bbox 405 1699 504 1762; x_wconf 85' lang='grc' dir='ltr'><strong>τὰς</strong></span> <span class='ocrx_word' id='word_1_122' title='bbox 536 1696 722 1760; x_wconf 83' lang='grc' dir='ltr'>κοινὰς</span> <span class='ocrx_word' id='word_1_123' title='bbox 758 1698 884 1766; x_wconf 72' lang='grc' dir='ltr'>περὶ</span> <span class='ocrx_word' id='word_1_124' title='bbox 914 1696 1016 1766; x_wconf 81' lang='grc' dir='ltr'>τῆς</span> <span class='ocrx_word' id='word_1_125' title='bbox 1047 1695 1229 1766; x_wconf 81' lang='grc' dir='ltr'>φωνῆς</span> <span class='ocrx_word' id='word_1_126' title='bbox 1261 1694 1462 1765; x_wconf 86' lang='grc' dir='ltr'>ταύτης</span> <span class='ocrx_word' id='word_1_127' title='bbox 1486 1694 1781 1765; x_wconf 64' lang='grc' dir='ltr'>ὑπολήψεις</span> <span class='ocrx_word' id='word_1_128' title='bbox 1806 1710 1983 1762; x_wconf 88' lang='grc' dir='ltr'>παρα-</span> 
     </span>
    </p>
   </div>
   <div class='ocr_carea' id='block_1_19' title="bbox 405 1784 1985 1860">
    <p class='ocr_par' dir='ltr' id='par_1_19' title="bbox 405 1784 1985 1860">
     <span class='ocr_line' id='line_1_19' title="bbox 405 1784 1985 1860; baseline -0.004 -17"><span class='ocrx_word' id='word_1_129' title='bbox 405 1790 768 1860; x_wconf 88' lang='grc' dir='ltr'>γραφόμενος.</span> <span class='ocrx_word' id='word_1_130' title='bbox 831 1789 896 1841; x_wconf 89' lang='grc' dir='ltr'>Τί</span> <span class='ocrx_word' id='word_1_131' title='bbox 940 1790 1058 1842; x_wconf 84' lang='grc' dir='ltr'>ποτ’</span> <span class='ocrx_word' id='word_1_132' title='bbox 1106 1785 1199 1841; x_wconf 81' lang='grc' dir='ltr'>οὖν</span> <span class='ocrx_word' id='word_1_133' title='bbox 1244 1789 1360 1841; x_wconf 82' lang='grc' dir='ltr'>ἐστι</span> <span class='ocrx_word' id='word_1_134' title='bbox 1415 1786 1617 1841; x_wconf 87' lang='grc' dir='ltr'>τούτων</span> <span class='ocrx_word' id='word_1_135' title='bbox 1668 1786 1728 1839; x_wconf 75' lang='grc' dir='ltr'><strong>τὸ</strong></span> <span class='ocrx_word' id='word_1_136' title='bbox 1774 1784 1985 1847; x_wconf 83' lang='grc' dir='ltr'>αίτιον;</span> 
     </span>
    </p>
   </div>
   <div class='ocr_carea' id='block_1_20' title="bbox 403 1876 1990 1955">
    <p class='ocr_par' dir='ltr' id='par_1_20' title="bbox 403 1876 1990 1955">
     <span class='ocr_line' id='line_1_20' title="bbox 403 1876 1990 1955; baseline -0.004 -19"><span class='ocrx_word' id='word_1_137' title='bbox 403 1883 539 1936; x_wconf 82' lang='grc' dir='ltr'>Ούδὲ</span> <span class='ocrx_word' id='word_1_138' title='bbox 559 1884 664 1955; x_wconf 86' lang='grc' dir='ltr'><strong>γάρ</strong></span> <span class='ocrx_word' id='word_1_139' title='bbox 690 1882 816 1936; x_wconf 81' lang='grc' dir='ltr'>ἄνευ</span> <span class='ocrx_word' id='word_1_140' title='bbox 847 1881 1090 1952; x_wconf 85' lang='grc' dir='ltr'>μεγάλης</span> <span class='ocrx_word' id='word_1_141' title='bbox 1111 1880 1255 1943; x_wconf 81' lang='grc' dir='ltr'>τινὸς</span> <span class='ocrx_word' id='word_1_142' title='bbox 1274 1879 1452 1944; x_wconf 85' lang='grc' dir='ltr'>αίτίας</span> <span class='ocrx_word' id='word_1_143' title='bbox 1482 1880 1578 1949; x_wconf 79' lang='grc' dir='ltr'>τῆς</span> <span class='ocrx_word' id='word_1_144' title='bbox 1602 1878 1699 1949; x_wconf 77' lang='grc' dir='ltr'>μὲν</span> <span class='ocrx_word' id='word_1_145' title='bbox 1727 1876 1990 1948; x_wconf 77' lang='grc' dir='ltr'>συνήθους</span> 
     </span>
    </p>
   </div>
   <div class='ocr_carea' id='block_1_21' title="bbox 405 1966 1992 2044">
    <p class='ocr_par' dir='ltr' id='par_1_21' title="bbox 405 1966 1992 2044">
     <span class='ocr_line' id='line_1_21' title="bbox 405 1966 1992 2044; baseline -0.004 -17"><span class='ocrx_word' id='word_1_146' title='bbox 405 1973 515 2027; x_wconf 82' lang='grc' dir='ltr'><strong>τῶν</strong></span> <span class='ocrx_word' id='word_1_147' title='bbox 540 1974 814 2044; x_wconf 84' lang='grc' dir='ltr'>ὀνομάτων</span> <span class='ocrx_word' id='word_1_148' title='bbox 841 1974 1131 2043; x_wconf 77' lang='grc' dir='ltr'>ἐμφάσεως</span> <span class='ocrx_word' id='word_1_149' title='bbox 1159 1972 1254 2025; x_wconf 84' lang='grc' dir='ltr'>τὸν</span> <span class='ocrx_word' id='word_1_150' title='bbox 1298 1971 1452 2041; x_wconf 90' lang='grc' dir='ltr'>λόγον</span> <span class='ocrx_word' id='word_1_151' title='bbox 1477 1970 1759 2040; x_wconf 83' lang='grc' dir='ltr'>ἀφίστησι,</span> <span class='ocrx_word' id='word_1_152' title='bbox 1795 1966 1992 2035; x_wconf 78' lang='grc' dir='ltr'>ξενίζει</span> 
     </span>
    </p>
   </div>
   <div class='ocr_carea' id='block_1_22' title="bbox 406 2053 1992 2135">
    <p class='ocr_par' dir='ltr' id='par_1_22' title="bbox 406 2053 1992 2135">
     <span class='ocr_line' id='line_1_22' title="bbox 406 2053 1992 2135; baseline -0.004 -18"><span class='ocrx_word' id='word_1_153' title='bbox 406 2065 464 2117; x_wconf 81' lang='grc' dir='ltr'>δὲ</span> <span class='ocrx_word' id='word_1_154' title='bbox 496 2066 563 2135; x_wconf 83' lang='grc' dir='ltr'>τῇ</span> <span class='ocrx_word' id='word_1_155' title='bbox 598 2063 921 2135; x_wconf 87' lang='grc' dir='ltr'>παραλλαγῇ</span> <span class='ocrx_word' id='word_1_156' title='bbox 966 2063 1067 2133; x_wconf 82' lang='grc' dir='ltr'>τῆς</span> <span class='ocrx_word' id='word_1_157' title='bbox 1104 2062 1214 2117; x_wconf 86' lang='grc' dir='ltr'><strong>τῶν</strong></span> <span class='ocrx_word' id='word_1_158' title='bbox 1258 2061 1450 2131; x_wconf 84' lang='grc' dir='ltr'>φωνῶν</span> <span class='ocrx_word' id='word_1_159' title='bbox 1491 2060 1787 2132; x_wconf 85' lang='grc' dir='ltr'>σημασίας.</span> <span class='ocrx_word' id='word_1_160' title='bbox 1838 2053 1992 2111; x_wconf 81' lang='grc' dir='ltr'>υἷδεν</span> 
     </span>
    </p>
   </div>
   <div class='ocr_carea' id='block_1_23' title="bbox 409 2148 1993 2227">
    <p class='ocr_par' dir='ltr' id='par_1_23' title="bbox 409 2148 1993 2227">
     <span class='ocr_line' id='line_1_23' title="bbox 409 2148 1993 2227; baseline -0.006 -18"><span class='ocrx_word' id='word_1_161' title='bbox 409 2156 650 2227; x_wconf 78' lang='grc' dir='ltr'>ἀκριῦῶς</span> <span class='ocrx_word' id='word_1_162' title='bbox 684 2156 766 2209; x_wconf 83' lang='grc' dir='ltr'>ὅτι</span> <span class='ocrx_word' id='word_1_163' title='bbox 795 2156 843 2208; x_wconf 84' lang='grc' dir='ltr'><strong>εί</strong></span> <span class='ocrx_word' id='word_1_164' title='bbox 877 2155 977 2226; x_wconf 82' lang='grc' dir='ltr'>μὲν</span> <span class='ocrx_word' id='word_1_165' title='bbox 1007 2154 1098 2207; x_wconf 76' lang='grc' dir='ltr'>επὶ</span> <span class='ocrx_word' id='word_1_166' title='bbox 1121 2155 1218 2225; x_wconf 83' lang='grc' dir='ltr'>τῆς</span> <span class='ocrx_word' id='word_1_167' title='bbox 1249 2152 1534 2223; x_wconf 81' lang='grc' dir='ltr'>συνηθείας</span> <span class='ocrx_word' id='word_1_168' title='bbox 1563 2149 1858 2221; x_wconf 83' lang='grc' dir='ltr'>φυλαχθείη</span> <span class='ocrx_word' id='word_1_169' title='bbox 1883 2148 1993 2201; x_wconf 84' lang='grc' dir='ltr'><strong>τῶν</strong></span> 
     </span>
    </p>
   </div>
   <div class='ocr_carea' id='block_1_24' title="bbox 408 2240 1995 2317">
    <p class='ocr_par' dir='ltr' id='par_1_24' title="bbox 408 2240 1995 2317">
     <span class='ocr_line' id='line_1_24' title="bbox 408 2240 1995 2317; baseline -0.004 -18"><span class='ocrx_word' id='word_1_170' title='bbox 408 2248 688 2317; x_wconf 75' lang='grc' dir='ltr'>ὀνομάτων</span> <span class='ocrx_word' id='word_1_171' title='bbox 729 2248 762 2317; x_wconf 84' lang='grc' dir='ltr'><strong>ή</strong></span> <span class='ocrx_word' id='word_1_172' title='bbox 810 2246 1037 2317; x_wconf 81' lang='grc' dir='ltr'>χρῆσις,</span> <span class='ocrx_word' id='word_1_173' title='bbox 1082 2244 1338 2315; x_wconf 74' lang='grc' dir='ltr'>οὐδεμίαν</span> <span class='ocrx_word' id='word_1_174' title='bbox 1392 2244 1542 2314; x_wconf 81' lang='grc' dir='ltr'>ἰσχὺν</span> <span class='ocrx_word' id='word_1_175' title='bbox 1587 2243 1810 2313; x_wconf 80' lang='grc' dir='ltr'>εὑρήσει</span> <span class='ocrx_word' id='word_1_176' title='bbox 1860 2240 1995 2311; x_wconf 73' lang='grc' dir='ltr'>πρὸς</span> 
     </span>
    </p>
   </div>
   <div class='ocr_carea' id='block_1_25' title="bbox 411 2331 1995 2410">
    <p class='ocr_par' dir='ltr' id='par_1_25' title="bbox 411 2331 1995 2410">
     <span class='ocr_line' id='line_1_25' title="bbox 411 2331 1995 2410; baseline -0.005 -17"><span class='ocrx_word' id='word_1_177' title='bbox 411 2340 724 2410; x_wconf 81' lang='grc' dir='ltr'>ἀνατροπὴν</span> <span class='ocrx_word' id='word_1_178' title='bbox 785 2339 879 2392; x_wconf 76' lang='grc' dir='ltr'>τοῦ</span> <span class='ocrx_word' id='word_1_179' title='bbox 946 2338 1280 2407; x_wconf 80' lang='grc' dir='ltr'>ὑγιαίνοντος</span> <span class='ocrx_word' id='word_1_180' title='bbox 1323 2337 1609 2405; x_wconf 88' lang='grc' dir='ltr'>δόγματος.</span> <span class='ocrx_word' id='word_1_181' title='bbox 1670 2335 1733 2387; x_wconf 85' lang='grc' dir='ltr'><strong>Εί</strong></span> <span class='ocrx_word' id='word_1_182' title='bbox 1788 2333 1844 2386; x_wconf 88' lang='grc' dir='ltr'>δὲ</span> <span class='ocrx_word' id='word_1_183' title='bbox 1885 2331 1995 2385; x_wconf 84' lang='grc' dir='ltr'>τῶν</span> 
     </span>
    </p>
   </div>
   <div class='ocr_carea' id='block_1_26' title="bbox 414 2423 1996 2502">
    <p class='ocr_par' dir='ltr' id='par_1_26' title="bbox 414 2423 1996 2502">
     <span class='ocr_line' id='line_1_26' title="bbox 414 2423 1996 2502; baseline -0.006 -18"><span class='ocrx_word' id='word_1_184' title='bbox 414 2431 608 2484; x_wconf 82' lang='grc' dir='ltr'>κοινῶν</span> <span class='ocrx_word' id='word_1_185' title='bbox 637 2431 732 2484; x_wconf 78' lang='grc' dir='ltr'>καὶ</span> <span class='ocrx_word' id='word_1_186' title='bbox 758 2431 1160 2502; x_wconf 84' lang='grc' dir='ltr'>νενομισμένων</span> <span class='ocrx_word' id='word_1_187' title='bbox 1184 2428 1558 2499; x_wconf 85' lang='grc' dir='ltr'>διανοημάτων</span> <span class='ocrx_word' id='word_1_188' title='bbox 1598 2423 1996 2496; x_wconf 74' lang='grc' dir='ltr'>παρακινηθείη</span> 
     </span>
    </p>
   </div>
   <div class='ocr_carea' id='block_1_27' title="bbox 413 2515 1999 2593">
    <p class='ocr_par' dir='ltr' id='par_1_27' title="bbox 413 2515 1999 2593">
     <span class='ocr_line' id='line_1_27' title="bbox 413 2515 1999 2593; baseline -0.006 -17"><span class='ocrx_word' id='word_1_189' title='bbox 413 2522 481 2575; x_wconf 77' lang='grc' dir='ltr'><strong>τὰ</strong></span> <span class='ocrx_word' id='word_1_190' title='bbox 515 2524 753 2593; x_wconf 77' lang='grc' dir='ltr'>ῥήματα,</span> <span class='ocrx_word' id='word_1_191' title='bbox 776 2525 843 2593; x_wconf 81' lang='grc' dir='ltr'><strong>τῇ</strong></span> <span class='ocrx_word' id='word_1_192' title='bbox 892 2522 1020 2593; x_wconf 77' lang='grc' dir='ltr'>περὶ</span> <span class='ocrx_word' id='word_1_193' title='bbox 1047 2522 1145 2593; x_wconf 84' lang='grc' dir='ltr'>τὴν</span> <span class='ocrx_word' id='word_1_194' title='bbox 1194 2523 1376 2591; x_wconf 78' lang='grc' dir='ltr'>φωνὴν</span> <span class='ocrx_word' id='word_1_195' title='bbox 1417 2517 1751 2590; x_wconf 70' lang='grc' dir='ltr'>κακοτροπίᾳ</span> <span class='ocrx_word' id='word_1_196' title='bbox 1800 2515 1999 2588; x_wconf 70' lang='grc' dir='ltr'>ῥαδίως</span> 
     </span>
    </p>
   </div>
   <div class='ocr_carea' id='block_1_28' title="bbox 412 2602 1999 2683">
    <p class='ocr_par' dir='ltr' id='par_1_28' title="bbox 412 2602 1999 2683">
     <span class='ocr_line' id='line_1_28' title="bbox 412 2602 1999 2683; baseline -0.006 -16"><span class='ocrx_word' id='word_1_197' title='bbox 412 2613 672 2667; x_wconf 87' lang='grc' dir='ltr'>δύνασθαι</span> <span class='ocrx_word' id='word_1_198' title='bbox 728 2614 1232 2683; x_wconf 88' lang='grc' dir='ltr'>συγκακουργήσειν</span> <span class='ocrx_word' id='word_1_199' title='bbox 1291 2610 1362 2664; x_wconf 89' lang='grc' dir='ltr'><strong>τά</strong></span> <span class='ocrx_word' id='word_1_200' title='bbox 1415 2609 1675 2681; x_wconf 89' lang='grc' dir='ltr'>δόγματα.</span> <span class='ocrx_word' id='word_1_201' title='bbox 1740 2602 1862 2660; x_wconf 80' lang='grc' dir='ltr'>Οἶον</span> <span class='ocrx_word' id='word_1_202' title='bbox 1912 2606 1999 2658; x_wconf 77' lang='grc' dir='ltr'><strong>ἐπ’</strong></span> 
     </span>
    </p>
   </div>
   <div class='ocr_carea' id='block_1_29' title="bbox 417 2698 1999 2776">
    <p class='ocr_par' dir='ltr' id='par_1_29' title="bbox 417 2698 1999 2776">
     <span class='ocr_line' id='line_1_29' title="bbox 417 2698 1999 2776; baseline -0.006 -17"><span class='ocrx_word' id='word_1_203' title='bbox 417 2706 597 2759; x_wconf 84' lang='grc' dir='ltr'>αὑτῶν</span> <span class='ocrx_word' id='word_1_204' title='bbox 628 2704 736 2776; x_wconf 73' lang='grc' dir='ltr'><strong>γάρ</strong></span> <span class='ocrx_word' id='word_1_205' title='bbox 770 2704 1009 2776; x_wconf 77' lang='grc' dir='ltr'>ἔλθωμεν</span> <span class='ocrx_word' id='word_1_206' title='bbox 1048 2704 1155 2757; x_wconf 79' lang='grc' dir='ltr'>τῶν</span> <span class='ocrx_word' id='word_1_207' title='bbox 1200 2702 1573 2773; x_wconf 86' lang='grc' dir='ltr'>ἀδικουμένων</span> <span class='ocrx_word' id='word_1_208' title='bbox 1604 2700 1864 2771; x_wconf 81' lang='grc' dir='ltr'>ῥημάτων</span> <span class='ocrx_word' id='word_1_209' title='bbox 1892 2712 1906 2725; x_wconf 76' lang='grc'><strong><em>⁸</em></strong></span> <span class='ocrx_word' id='word_1_210' title='bbox 1953 2698 1999 2749; x_wconf 85' lang='grc' dir='ltr'><strong>εί</strong></span> 
     </span>
    </p>
   </div>
   <div class='ocr_carea' id='block_1_30' title="bbox 419 2789 2002 2869">
    <p class='ocr_par' dir='ltr' id='par_1_30' title="bbox 419 2789 2002 2869">
     <span class='ocr_line' id='line_1_30' title="bbox 419 2789 2002 2869; baseline -0.005 -17"><span class='ocrx_word' id='word_1_211' title='bbox 419 2798 560 2853; x_wconf 73' lang='grc' dir='ltr'>κατὰ</span> <span class='ocrx_word' id='word_1_212' title='bbox 588 2799 686 2869; x_wconf 81' lang='grc' dir='ltr'>τὴν</span> <span class='ocrx_word' id='word_1_213' title='bbox 728 2798 911 2868; x_wconf 83' lang='grc' dir='ltr'>κοινὴν</span> <span class='ocrx_word' id='word_1_214' title='bbox 948 2796 1055 2850; x_wconf 84' lang='grc' dir='ltr'><strong>τῶν</strong></span> <span class='ocrx_word' id='word_1_215' title='bbox 1099 2797 1386 2866; x_wconf 86' lang='grc' dir='ltr'>δογμάτων</span> <span class='ocrx_word' id='word_1_216' title='bbox 1414 2794 1681 2865; x_wconf 73' lang='grc' dir='ltr'>ὑπόληψιν</span> <span class='ocrx_word' id='word_1_217' title='bbox 1712 2791 1798 2845; x_wconf 75' lang='grc' dir='ltr'><strong>διὰ</strong></span> <span class='ocrx_word' id='word_1_218' title='bbox 1836 2791 1896 2843; x_wconf 83' lang='grc' dir='ltr'>τὸ</span> <span class='ocrx_word' id='word_1_219' title='bbox 1927 2789 2002 2860; x_wconf 83' lang='grc' dir='ltr'>μὴ</span> 
     </span>
    </p>
   </div>
   <div class='ocr_carea' id='block_1_31' title="bbox 418 2881 2002 2957">
    <p class='ocr_par' dir='ltr' id='par_1_31' title="bbox 418 2881 2002 2957">
     <span class='ocr_line' id='line_1_31' title="bbox 418 2881 2002 2957; baseline -0.003 -18"><span class='ocrx_word' id='word_1_220' title='bbox 418 2888 777 2957; x_wconf 80' lang='grc' dir='ltr'>γεγεννῆσθαι</span> <span class='ocrx_word' id='word_1_221' title='bbox 830 2888 1118 2957; x_wconf 79' lang='grc' dir='ltr'>ἀγέννητον</span> <span class='ocrx_word' id='word_1_222' title='bbox 1167 2885 1421 2955; x_wconf 88' lang='grc' dir='ltr'>λέγεσθαι</span> <span class='ocrx_word' id='word_1_223' title='bbox 1466 2886 1555 2940; x_wconf 84' lang='grc' dir='ltr'>τὸν</span> <span class='ocrx_word' id='word_1_224' title='bbox 1602 2884 1734 2937; x_wconf 83' lang='grc' dir='ltr'>Θεὸν</span> <span class='ocrx_word' id='word_1_225' title='bbox 1780 2881 2002 2937; x_wconf 87' lang='grc' dir='ltr'>κατεδέ-</span> 
     </span>
    </p>
   </div>
   <div class='ocr_carea' id='block_1_32' title="bbox 419 2975 2003 3049">
    <p class='ocr_par' dir='ltr' id='par_1_32' title="bbox 419 2975 2003 3049">
     <span class='ocr_line' id='line_1_32' title="bbox 419 2975 2003 3049; baseline -0.003 -17"><span class='ocrx_word' id='word_1_226' title='bbox 419 2980 570 3044; x_wconf 80' lang='grc' dir='ltr'>ξατο,</span> <span class='ocrx_word' id='word_1_227' title='bbox 610 2980 858 3033; x_wconf 86' lang='grc' dir='ltr'>διέπεσεν</span> <span class='ocrx_word' id='word_1_228' title='bbox 889 2979 953 3032; x_wconf 85' lang='grc' dir='ltr'>ἂν</span> <span class='ocrx_word' id='word_1_229' title='bbox 989 2981 1106 3032; x_wconf 80' lang='grc' dir='ltr'>ὅλον</span> <span class='ocrx_word' id='word_1_230' title='bbox 1147 2979 1329 3042; x_wconf 85' lang='grc' dir='ltr'>αὑτοῖς</span> <span class='ocrx_word' id='word_1_231' title='bbox 1366 2979 1426 3031; x_wconf 84' lang='grc' dir='ltr'>τὸ</span> <span class='ocrx_word' id='word_1_232' title='bbox 1462 2977 1761 3049; x_wconf 86' lang='grc' dir='ltr'>μηχάνημα</span> <span class='ocrx_word' id='word_1_233' title='bbox 1790 2976 1889 3045; x_wconf 80' lang='grc' dir='ltr'>τῆς</span> <span class='ocrx_word' id='word_1_234' title='bbox 1918 2975 2003 3029; x_wconf 87' lang='grc' dir='ltr'>αί-</span> 
     </span>
    </p>
   </div>
   <div class='ocr_carea' id='block_1_33' title="bbox 2074 481 3655 549">
    <p class='ocr_par' dir='ltr' id='par_1_33' title="bbox 2074 481 3655 549">
     <span class='ocr_line' id='line_1_33' title="bbox 2074 481 3655 549; baseline -0.009 0"><span class='ocrx_word' id='word_1_235' title='bbox 2074 511 2198 549; x_wconf 90' lang='lat' dir='ltr'><strong>nem</strong></span> <span class='ocrx_word' id='word_1_236' title='bbox 2228 509 2383 549; x_wconf 90' lang='lat' dir='ltr'><strong>suam</strong></span> <span class='ocrx_word' id='word_1_237' title='bbox 2400 509 2464 547; x_wconf 85' lang='lat' dir='ltr'><strong>ex</strong></span> <span class='ocrx_word' id='word_1_238' title='bbox 2481 491 2645 546; x_wconf 87' lang='lat' dir='ltr'><strong>Patre</strong></span> <span class='ocrx_word' id='word_1_239' title='bbox 2674 487 3056 548; x_wconf 84' lang='lat' dir='ltr'><strong>manifestans,</strong></span> <span class='ocrx_word' id='word_1_240' title='bbox 3088 484 3396 540; x_wconf 77' lang='lat' dir='ltr'><strong>aeternitate</strong></span> <span class='ocrx_word' id='word_1_241' title='bbox 3419 483 3563 547; x_wconf 87' lang='lat' dir='ltr'><strong>vitae,</strong></span> <span class='ocrx_word' id='word_1_242' title='bbox 3584 481 3655 535; x_wconf 86' lang='lat' dir='ltr'><strong>il-</strong></span> 
     </span>
    </p>
   </div>
   <div class='ocr_carea' id='block_1_34' title="bbox 2078 575 3647 656">
    <p class='ocr_par' dir='ltr' id='par_1_34' title="bbox 2078 575 3647 656">
     <span class='ocr_line' id='line_1_34' title="bbox 2078 575 3647 656; baseline -0.007 -17"><span class='ocrx_word' id='word_1_243' title='bbox 2078 586 2166 639; x_wconf 81' lang='lat' dir='ltr'><strong>iud</strong></span> <span class='ocrx_word' id='word_1_244' title='bbox 2189 629 2204 651; x_wconf 97' lang='lat'><strong>,</strong></span> <span class='ocrx_word' id='word_1_245' title='bbox 2254 585 2399 656; x_wconf 90' lang='lat' dir='ltr'><strong>quod</strong></span> <span class='ocrx_word' id='word_1_246' title='bbox 2439 581 2738 653; x_wconf 82' lang='lat' dir='ltr'><strong>aliquando</strong></span> <span class='ocrx_word' id='word_1_247' title='bbox 2765 596 2875 635; x_wconf 93' lang='lat' dir='ltr'><strong>non</strong></span> <span class='ocrx_word' id='word_1_248' title='bbox 2905 579 3089 645; x_wconf 81' lang='lat' dir='ltr'><strong>fuerit,</strong></span> <span class='ocrx_word' id='word_1_249' title='bbox 3122 593 3152 632; x_wconf 88' lang='lat' dir='ltr'><strong>a</strong></span> <span class='ocrx_word' id='word_1_250' title='bbox 3180 593 3239 633; x_wconf 91' lang='lat' dir='ltr'><strong>se</strong></span> <span class='ocrx_word' id='word_1_251' title='bbox 3268 575 3647 652; x_wconf 24' lang='lat' dir='ltr'><strong>propulsansa</strong></span> 
     </span>
    </p>
   </div>
   <div class='ocr_carea' id='block_1_35' title="bbox 2147 671 3657 746">
    <p class='ocr_par' dir='ltr' id='par_1_35' title="bbox 2147 671 3657 746">
     <span class='ocr_line' id='line_1_35' title="bbox 2147 671 3657 746; baseline -0.011 -14"><span class='ocrx_word' id='word_1_252' title='bbox 2147 678 2420 732; x_wconf 64' lang='lat' dir='ltr'><strong>Caeterum</strong></span> <span class='ocrx_word' id='word_1_253' title='bbox 2455 675 2733 746; x_wconf 61' lang='lat' dir='ltr'><strong>praedictis</strong></span> <span class='ocrx_word' id='word_1_254' title='bbox 2758 673 3028 742; x_wconf 75' lang='lat' dir='ltr'><strong>obstrepit</strong></span> <span class='ocrx_word' id='word_1_255' title='bbox 3057 671 3285 733; x_wconf 88' lang='lat' dir='ltr'><strong>sciolus,</strong></span> <span class='ocrx_word' id='word_1_256' title='bbox 3328 679 3657 736; x_wconf 79' lang='lat' dir='ltr'><strong>supervaca-</strong></span> 
     </span>
    </p>
   </div>
   <div class='ocr_carea' id='block_1_36' title="bbox 2080 758 3659 832">
    <p class='ocr_par' dir='ltr' id='par_1_36' title="bbox 2080 758 3659 832">
     <span class='ocr_line' id='line_1_36' title="bbox 2080 758 3659 832; baseline -0.008 -9"><span class='ocrx_word' id='word_1_257' title='bbox 2080 785 2178 825; x_wconf 90' lang='lat' dir='ltr'><strong>nea</strong></span> <span class='ocrx_word' id='word_1_258' title='bbox 2207 770 2458 829; x_wconf 86' lang='lat' dir='ltr'><strong>edoctus.</strong></span> <span class='ocrx_word' id='word_1_259' title='bbox 2484 774 2540 822; x_wconf 81' lang='lat' dir='ltr'><strong>ct</strong></span> <span class='ocrx_word' id='word_1_260' title='bbox 2570 783 2599 820; x_wconf 90' lang='lat' dir='ltr'><strong>a</strong></span> <span class='ocrx_word' id='word_1_261' title='bbox 2626 766 2809 821; x_wconf 88' lang='lat' dir='ltr'><strong>Patris</strong></span> <span class='ocrx_word' id='word_1_262' title='bbox 2836 775 3032 819; x_wconf 85' lang='lat' dir='ltr'><strong>natura</strong></span> <span class='ocrx_word' id='word_1_263' title='bbox 3053 762 3330 832; x_wconf 87' lang='lat' dir='ltr'><strong>Unigeniti</strong></span> <span class='ocrx_word' id='word_1_264' title='bbox 3361 758 3659 814; x_wconf 76' lang='lat' dir='ltr'><strong>essentiam</strong></span> 
     </span>
    </p>
   </div>
   <div class='ocr_carea' id='block_1_37' title="bbox 2082 853 3661 932">
    <p class='ocr_par' dir='ltr' id='par_1_37' title="bbox 2082 853 3661 932">
     <span class='ocr_line' id='line_1_37' title="bbox 2082 853 3661 932; baseline -0.009 -15"><span class='ocrx_word' id='word_1_265' title='bbox 2082 873 2318 929; x_wconf 82' lang='lat' dir='ltr'><strong>resecat,</strong></span> <span class='ocrx_word' id='word_1_266' title='bbox 2351 878 2415 917; x_wconf 87' lang='lat' dir='ltr'><strong>eo</strong></span> <span class='ocrx_word' id='word_1_267' title='bbox 2445 862 2590 932; x_wconf 88' lang='lat' dir='ltr'><strong>quod</strong></span> <span class='ocrx_word' id='word_1_268' title='bbox 2624 862 2727 916; x_wconf 92' lang='lat' dir='ltr'><strong>iste</strong></span> <span class='ocrx_word' id='word_1_269' title='bbox 2765 860 2983 930; x_wconf 86' lang='lat' dir='ltr'><strong>genitus</strong></span> <span class='ocrx_word' id='word_1_270' title='bbox 3013 858 3107 920; x_wconf 87' lang='lat' dir='ltr'><strong>sit,</strong></span> <span class='ocrx_word' id='word_1_271' title='bbox 3139 857 3277 909; x_wconf 86' lang='lat' dir='ltr'><strong>alter</strong></span> <span class='ocrx_word' id='word_1_272' title='bbox 3311 868 3462 917; x_wconf 89' lang='lat' dir='ltr'><strong>vero,</strong></span> <span class='ocrx_word' id='word_1_273' title='bbox 3517 853 3661 919; x_wconf 83' lang='lat' dir='ltr'><strong>inge-</strong></span> 
     </span>
    </p>
   </div>
   <div class='ocr_carea' id='block_1_38' title="bbox 2080 944 3659 1025">
    <p class='ocr_par' dir='ltr' id='par_1_38' title="bbox 2080 944 3659 1025">
     <span class='ocr_line' id='line_1_38' title="bbox 2080 944 3659 1025; baseline -0.01 -14"><span class='ocrx_word' id='word_1_274' title='bbox 2080 957 2256 1020; x_wconf 86' lang='lat' dir='ltr'><strong>nitus,</strong></span> <span class='ocrx_word' id='word_1_275' title='bbox 2296 971 2533 1025; x_wconf 88' lang='lat' dir='ltr'><strong>cumque</strong></span> <span class='ocrx_word' id='word_1_276' title='bbox 2556 962 2637 1008; x_wconf 92' lang='lat' dir='ltr'><strong>tot</strong></span> <span class='ocrx_word' id='word_1_277' title='bbox 2663 953 2778 1008; x_wconf 88' lang='lat' dir='ltr'><strong>sint</strong></span> <span class='ocrx_word' id='word_1_278' title='bbox 2806 951 3052 1012; x_wconf 87' lang='lat' dir='ltr'><strong>nomina,</strong></span> <span class='ocrx_word' id='word_1_279' title='bbox 3082 964 3204 1020; x_wconf 74' lang='lat' dir='ltr'><strong>qua:</strong></span> <span class='ocrx_word' id='word_1_280' title='bbox 3237 948 3304 1003; x_wconf 90' lang='lat' dir='ltr'><strong>de</strong></span> <span class='ocrx_word' id='word_1_281' title='bbox 3335 954 3532 1001; x_wconf 89' lang='lat' dir='ltr'><strong>natura</strong></span> <span class='ocrx_word' id='word_1_282' title='bbox 3569 944 3659 996; x_wconf 86' lang='lat' dir='ltr'><strong>di-</strong></span> 
     </span>
    </p>
   </div>
   <div class='ocr_carea' id='block_1_39' title="bbox 2080 1035 3659 1119">
    <p class='ocr_par' dir='ltr' id='par_1_39' title="bbox 2080 1035 3659 1119">
     <span class='ocr_line' id='line_1_39' title="bbox 2080 1035 3659 1119; baseline -0.009 -16"><span class='ocrx_word' id='word_1_283' title='bbox 2080 1050 2207 1104; x_wconf 90' lang='lat' dir='ltr'><strong>vina</strong></span> <span class='ocrx_word' id='word_1_284' title='bbox 2244 1050 2330 1119; x_wconf 86' lang='lat' dir='ltr'><strong>pie</strong></span> <span class='ocrx_word' id='word_1_285' title='bbox 2351 1048 2735 1109; x_wconf 86' lang='lat' dir='ltr'><strong>enuntiantur.</strong></span> <span class='ocrx_word' id='word_1_286' title='bbox 2766 1046 2819 1097; x_wconf 90' lang='lat' dir='ltr'><strong>in</strong></span> <span class='ocrx_word' id='word_1_287' title='bbox 2848 1044 3049 1114; x_wconf 88' lang='lat' dir='ltr'><strong>quibus</strong></span> <span class='ocrx_word' id='word_1_288' title='bbox 3076 1042 3223 1095; x_wconf 87' lang='lat' dir='ltr'><strong>nulla</strong></span> <span class='ocrx_word' id='word_1_289' title='bbox 3245 1038 3547 1093; x_wconf 88' lang='lat' dir='ltr'><strong>dilIerentia</strong></span> <span class='ocrx_word' id='word_1_290' title='bbox 3575 1035 3659 1090; x_wconf 85' lang='lat' dir='ltr'><strong>vel</strong></span> 
     </span>
    </p>
   </div>
   <div class='ocr_carea' id='block_1_40' title="bbox 2083 1130 3662 1210">
    <p class='ocr_par' dir='ltr' id='par_1_40' title="bbox 2083 1130 3662 1210">
     <span class='ocr_line' id='line_1_40' title="bbox 2083 1130 3662 1210; baseline -0.009 -15"><span class='ocrx_word' id='word_1_291' title='bbox 2083 1144 2320 1196; x_wconf 91' lang='lat' dir='ltr'><strong>variatio</strong></span> <span class='ocrx_word' id='word_1_292' title='bbox 2353 1142 2418 1195; x_wconf 91' lang='lat' dir='ltr'><strong>ad</strong></span> <span class='ocrx_word' id='word_1_293' title='bbox 2448 1140 2643 1195; x_wconf 87' lang='lat' dir='ltr'><strong>Filium</strong></span> <span class='ocrx_word' id='word_1_294' title='bbox 2668 1148 2911 1210; x_wconf 84' lang='lat' dir='ltr'><strong>apparet,</strong></span> <span class='ocrx_word' id='word_1_295' title='bbox 2931 1136 3189 1191; x_wconf 90' lang='lat' dir='ltr'><strong>omnibus</strong></span> <span class='ocrx_word' id='word_1_296' title='bbox 3223 1134 3353 1188; x_wconf 75' lang='lat' dir='ltr'><strong>illis.</strong></span> <span class='ocrx_word' id='word_1_297' title='bbox 3385 1146 3506 1201; x_wconf 76' lang='lat' dir='ltr'><strong>quae</strong></span> <span class='ocrx_word' id='word_1_298' title='bbox 3530 1130 3662 1184; x_wconf 91' lang='lat' dir='ltr'><strong>utri-</strong></span> 
     </span>
    </p>
   </div>
   <div class='ocr_carea' id='block_1_41' title="bbox 2086 1226 3665 1306">
    <p class='ocr_par' dir='ltr' id='par_1_41' title="bbox 2086 1226 3665 1306">
     <span class='ocr_line' id='line_1_41' title="bbox 2086 1226 3665 1306; baseline -0.01 -17"><span class='ocrx_word' id='word_1_299' title='bbox 2086 1250 2193 1306; x_wconf 88' lang='lat' dir='ltr'><strong>que</strong></span> <span class='ocrx_word' id='word_1_300' title='bbox 2225 1235 2513 1303; x_wconf 75' lang='lat' dir='ltr'><strong>:equaliter</strong></span> <span class='ocrx_word' id='word_1_301' title='bbox 2547 1231 2903 1294; x_wconf 91' lang='lat' dir='ltr'><strong>conveniunt,</strong></span> <span class='ocrx_word' id='word_1_302' title='bbox 2958 1229 3203 1298; x_wconf 85' lang='lat' dir='ltr'><strong>(quibus</strong></span> <span class='ocrx_word' id='word_1_303' title='bbox 3252 1226 3417 1281; x_wconf 85' lang='lat' dir='ltr'><strong>etiam</strong></span> <span class='ocrx_word' id='word_1_304' title='bbox 3454 1232 3665 1278; x_wconf 71' lang='lat' dir='ltr'><strong>natura:</strong></span> 
     </span>
    </p>
   </div>
   <div class='ocr_carea' id='block_1_42' title="bbox 2085 1314 3667 1394">
    <p class='ocr_par' dir='ltr' id='par_1_42' title="bbox 2085 1314 3667 1394">
     <span class='ocr_line' id='line_1_42' title="bbox 2085 1314 3667 1394; baseline -0.011 -10"><span class='ocrx_word' id='word_1_305' title='bbox 2085 1328 2401 1384; x_wconf 90' lang='lat' dir='ltr'><strong>communio</strong></span> <span class='ocrx_word' id='word_1_306' title='bbox 2436 1324 2784 1394; x_wconf 79' lang='lat' dir='ltr'><strong>notilicatur)</strong></span> <span class='ocrx_word' id='word_1_307' title='bbox 2811 1321 3218 1393; x_wconf 68' lang='lat' dir='ltr'><strong>praetermissis,</strong></span> <span class='ocrx_word' id='word_1_308' title='bbox 3264 1317 3365 1372; x_wconf 93' lang='lat' dir='ltr'><strong>soli</strong></span> <span class='ocrx_word' id='word_1_309' title='bbox 3424 1314 3667 1369; x_wconf 84' lang='lat' dir='ltr'><strong>innasci-</strong></span> 
     </span>
    </p>
   </div>
   <div class='ocr_carea' id='block_1_43' title="bbox 2087 1411 3664 1489">
    <p class='ocr_par' dir='ltr' id='par_1_43' title="bbox 2087 1411 3664 1489">
     <span class='ocr_line' id='line_1_43' title="bbox 2087 1411 3664 1489; baseline -0.011 -13"><span class='ocrx_word' id='word_1_310' title='bbox 2087 1423 2319 1477; x_wconf 85' lang='lat' dir='ltr'><strong>hilitatis</strong></span> <span class='ocrx_word' id='word_1_311' title='bbox 2354 1436 2449 1475; x_wconf 90' lang='lat' dir='ltr'><strong>seu</strong></span> <span class='ocrx_word' id='word_1_312' title='bbox 2480 1418 2708 1489; x_wconf 83' lang='lat' dir='ltr'><strong>ingeniti</strong></span> <span class='ocrx_word' id='word_1_313' title='bbox 2761 1415 3031 1471; x_wconf 88' lang='lat' dir='ltr'><strong>vocabulo</strong></span> <span class='ocrx_word' id='word_1_314' title='bbox 3065 1411 3389 1467; x_wconf 66' lang='lat' dir='ltr'><strong>adhaerescit</strong></span> <span class='ocrx_word' id='word_1_315' title='bbox 3418 1428 3432 1464; x_wconf 88' lang='lat'><strong>:</strong></span> <span class='ocrx_word' id='word_1_316' title='bbox 3478 1417 3533 1462; x_wconf 93' lang='lat' dir='ltr'><strong>et</strong></span> <span class='ocrx_word' id='word_1_317' title='bbox 3565 1423 3664 1461; x_wconf 74' lang='lat' dir='ltr'><strong>ne-</strong></span> 
     </span>
    </p>
   </div>
   <div class='ocr_carea' id='block_1_44' title="bbox 2086 1502 3669 1584">
    <p class='ocr_par' dir='ltr' id='par_1_44' title="bbox 2086 1502 3669 1584">
     <span class='ocr_line' id='line_1_44' title="bbox 2086 1502 3669 1584; baseline -0.009 -15"><span class='ocrx_word' id='word_1_318' title='bbox 2086 1530 2195 1584; x_wconf 88' lang='lat' dir='ltr'><strong>que</strong></span> <span class='ocrx_word' id='word_1_319' title='bbox 2232 1514 2398 1582; x_wconf 84' lang='lat' dir='ltr'><strong>hujus</strong></span> <span class='ocrx_word' id='word_1_320' title='bbox 2426 1522 2768 1577; x_wconf 87' lang='lat' dir='ltr'><strong>consuetam,</strong></span> <span class='ocrx_word' id='word_1_321' title='bbox 2815 1509 3174 1576; x_wconf 87' lang='lat' dir='ltr'><strong>omniumque</strong></span> <span class='ocrx_word' id='word_1_322' title='bbox 3217 1506 3430 1560; x_wconf 88' lang='lat' dir='ltr'><strong>calculo</strong></span> <span class='ocrx_word' id='word_1_323' title='bbox 3467 1502 3669 1573; x_wconf 83' lang='lat' dir='ltr'><strong>proba-</strong></span> 
     </span>
    </p>
   </div>
   <div class='ocr_carea' id='block_1_45' title="bbox 2089 1596 3665 1675">
    <p class='ocr_par' dir='ltr' id='par_1_45' title="bbox 2089 1596 3665 1675">
     <span class='ocr_line' id='line_1_45' title="bbox 2089 1596 3665 1675; baseline -0.009 -14"><span class='ocrx_word' id='word_1_324' title='bbox 2089 1616 2199 1661; x_wconf 85' lang='lat' dir='ltr'><strong>tam</strong></span> <span class='ocrx_word' id='word_1_325' title='bbox 2237 1605 2691 1675; x_wconf 81' lang='lat' dir='ltr'><strong>signilicationem</strong></span> <span class='ocrx_word' id='word_1_326' title='bbox 2730 1602 2965 1670; x_wconf 86' lang='lat' dir='ltr'><strong>recipit:</strong></span> <span class='ocrx_word' id='word_1_327' title='bbox 3004 1598 3103 1655; x_wconf 89' lang='lat' dir='ltr'><strong>sed</strong></span> <span class='ocrx_word' id='word_1_328' title='bbox 3133 1598 3355 1669; x_wconf 78' lang='lat' dir='ltr'><strong>ingeniti</strong></span> <span class='ocrx_word' id='word_1_329' title='bbox 3385 1596 3665 1650; x_wconf 89' lang='lat' dir='ltr'><strong>notionem</strong></span> 
     </span>
    </p>
   </div>
   <div class='ocr_carea' id='block_1_46' title="bbox 2092 1684 3670 1765">
    <p class='ocr_par' dir='ltr' id='par_1_46' title="bbox 2092 1684 3670 1765">
     <span class='ocr_line' id='line_1_46' title="bbox 2092 1684 3670 1765; baseline -0.01 -14"><span class='ocrx_word' id='word_1_330' title='bbox 2092 1705 2291 1759; x_wconf 82' lang='lat' dir='ltr'><strong>novat,</strong></span> <span class='ocrx_word' id='word_1_331' title='bbox 2325 1696 2626 1765; x_wconf 88' lang='lat' dir='ltr'><strong>repudiatis</strong></span> <span class='ocrx_word' id='word_1_332' title='bbox 2646 1691 3030 1747; x_wconf 86' lang='lat' dir='ltr'><strong>communibus</strong></span> <span class='ocrx_word' id='word_1_333' title='bbox 3065 1689 3229 1757; x_wconf 85' lang='lat' dir='ltr'><strong>hujus</strong></span> <span class='ocrx_word' id='word_1_334' title='bbox 3272 1689 3425 1741; x_wconf 82' lang='lat' dir='ltr'><strong>vocis</strong></span> <span class='ocrx_word' id='word_1_335' title='bbox 3455 1684 3670 1756; x_wconf 76' lang='lat' dir='ltr'><strong>signifi-</strong></span> 
     </span>
    </p>
   </div>
   <div class='ocr_carea' id='block_1_47' title="bbox 2090 1777 3668 1853">
    <p class='ocr_par' dir='ltr' id='par_1_47' title="bbox 2090 1777 3668 1853">
     <span class='ocr_line' id='line_1_47' title="bbox 2090 1777 3668 1853; baseline -0.009 -9"><span class='ocrx_word' id='word_1_336' title='bbox 2090 1790 2424 1844; x_wconf 89' lang='lat' dir='ltr'><strong>cationibus.</strong></span> <span class='ocrx_word' id='word_1_337' title='bbox 2460 1787 2593 1853; x_wconf 62' lang='lat' dir='ltr'><strong>Quae</strong></span> <span class='ocrx_word' id='word_1_338' title='bbox 2625 1788 2822 1841; x_wconf 90' lang='lat' dir='ltr'><strong>horum</strong></span> <span class='ocrx_word' id='word_1_339' title='bbox 2862 1785 3105 1839; x_wconf 91' lang='lat' dir='ltr'><strong>omnium</strong></span> <span class='ocrx_word' id='word_1_340' title='bbox 3137 1782 3350 1837; x_wconf 83' lang='lat' dir='ltr'><strong>causa?</strong></span> <span class='ocrx_word' id='word_1_341' title='bbox 3388 1795 3497 1833; x_wconf 91' lang='lat' dir='ltr'><strong>non</strong></span> <span class='ocrx_word' id='word_1_342' title='bbox 3520 1777 3668 1833; x_wconf 81' lang='lat' dir='ltr'><strong>enim</strong></span> 
     </span>
    </p>
   </div>
   <div class='ocr_carea' id='block_1_48' title="bbox 2093 1875 3672 1951">
    <p class='ocr_par' dir='ltr' id='par_1_48' title="bbox 2093 1875 3672 1951">
     <span class='ocr_line' id='line_1_48' title="bbox 2093 1875 3672 1951; baseline -0.007 -15"><span class='ocrx_word' id='word_1_343' title='bbox 2093 1882 2213 1936; x_wconf 91' lang='lat' dir='ltr'><strong>sine</strong></span> <span class='ocrx_word' id='word_1_344' title='bbox 2242 1880 2474 1951; x_wconf 80' lang='lat' dir='ltr'><strong>urgente</strong></span> <span class='ocrx_word' id='word_1_345' title='bbox 2518 1882 2732 1935; x_wconf 86' lang='lat' dir='ltr'><strong>ratione</strong></span> <span class='ocrx_word' id='word_1_346' title='bbox 2771 1879 2841 1933; x_wconf 87' lang='lat' dir='ltr'><strong>ab</strong></span> <span class='ocrx_word' id='word_1_347' title='bbox 2876 1879 3078 1933; x_wconf 87' lang='lat' dir='ltr'><strong>usitata</strong></span> <span class='ocrx_word' id='word_1_348' title='bbox 3134 1875 3526 1930; x_wconf 80' lang='lat' dir='ltr'><strong>vocabulorum</strong></span> <span class='ocrx_word' id='word_1_349' title='bbox 3572 1885 3672 1926; x_wconf 84' lang='lat' dir='ltr'><strong>no-</strong></span> 
     </span>
    </p>
   </div>
   <div class='ocr_carea' id='block_1_49' title="bbox 2092 1966 3697 2038">
    <p class='ocr_par' dir='ltr' id='par_1_49' title="bbox 2092 1966 3697 2038">
     <span class='ocr_line' id='line_1_49' title="bbox 2092 1966 3697 2038; baseline -0.006 -13"><span class='ocrx_word' id='word_1_350' title='bbox 2092 1973 2243 2027; x_wconf 89' lang='lat' dir='ltr'><strong>tione</strong></span> <span class='ocrx_word' id='word_1_351' title='bbox 2273 1971 2588 2025; x_wconf 89' lang='lat' dir='ltr'><strong>orationem</strong></span> <span class='ocrx_word' id='word_1_352' title='bbox 2626 1969 2926 2033; x_wconf 88' lang='lat' dir='ltr'><strong>abducens,</strong></span> <span class='ocrx_word' id='word_1_353' title='bbox 2977 1966 3417 2038; x_wconf 70' lang='lat' dir='ltr'><strong>peregrinitatem</strong></span> <span class='ocrx_word' id='word_1_354' title='bbox 3472 1978 3697 2017; x_wconf 45' lang='lat' dir='ltr'><strong>vocum:</strong></span> 
     </span>
    </p>
   </div>
   <div class='ocr_carea' id='block_1_50' title="bbox 2094 2056 3669 2124">
    <p class='ocr_par' dir='ltr' id='par_1_50' title="bbox 2094 2056 3669 2124">
     <span class='ocr_line' id='line_1_50' title="bbox 2094 2056 3669 2124; baseline -0.008 -4"><span class='ocrx_word' id='word_1_355' title='bbox 2094 2073 2359 2120; x_wconf 82' lang='lat' dir='ltr'><strong>sectatur.</strong></span> <span class='ocrx_word' id='word_1_356' title='bbox 2379 2062 2555 2117; x_wconf 86' lang='lat' dir='ltr'><strong>Probe</strong></span> <span class='ocrx_word' id='word_1_357' title='bbox 2579 2069 2826 2124; x_wconf 85' lang='lat' dir='ltr'><strong>noverat,</strong></span> <span class='ocrx_word' id='word_1_358' title='bbox 2851 2060 2898 2114; x_wconf 88' lang='lat' dir='ltr'><strong>si</strong></span> <span class='ocrx_word' id='word_1_359' title='bbox 2921 2067 3247 2114; x_wconf 82' lang='lat' dir='ltr'><strong>consuetum</strong></span> <span class='ocrx_word' id='word_1_360' title='bbox 3278 2056 3669 2111; x_wconf 79' lang='lat' dir='ltr'><strong>vocabulorum</strong></span> 
     </span>
    </p>
   </div>
   <div class='ocr_carea' id='block_1_51' title="bbox 2099 2149 3670 2219">
    <p class='ocr_par' dir='ltr' id='par_1_51' title="bbox 2099 2149 3670 2219">
     <span class='ocr_line' id='line_1_51' title="bbox 2099 2149 3670 2219; baseline -0.007 -8"><span class='ocrx_word' id='word_1_361' title='bbox 2099 2173 2256 2211; x_wconf 90' lang='lat' dir='ltr'><strong>usum</strong></span> <span class='ocrx_word' id='word_1_362' title='bbox 2288 2156 2570 2219; x_wconf 87' lang='lat' dir='ltr'><strong>retineret,</strong></span> <span class='ocrx_word' id='word_1_363' title='bbox 2604 2170 2664 2209; x_wconf 90' lang='lat' dir='ltr'><strong>se</strong></span> <span class='ocrx_word' id='word_1_364' title='bbox 2694 2155 2904 2207; x_wconf 89' lang='lat' dir='ltr'><strong>nullum</strong></span> <span class='ocrx_word' id='word_1_365' title='bbox 2938 2151 3005 2205; x_wconf 90' lang='lat' dir='ltr'><strong>ad</strong></span> <span class='ocrx_word' id='word_1_366' title='bbox 3035 2166 3176 2206; x_wconf 70' lang='lat' dir='ltr'><strong>vene</strong></span> <span class='ocrx_word' id='word_1_367' title='bbox 3223 2149 3488 2203; x_wconf 61' lang='lat' dir='ltr'><strong>doctrinae</strong></span> <span class='ocrx_word' id='word_1_368' title='bbox 3510 2162 3670 2201; x_wconf 87' lang='lat' dir='ltr'><strong>ever-</strong></span> 
     </span>
    </p>
   </div>
   <div class='ocr_carea' id='block_1_52' title="bbox 2099 2240 3672 2314">
    <p class='ocr_par' dir='ltr' id='par_1_52' title="bbox 2099 2240 3672 2314">
     <span class='ocr_line' id='line_1_52' title="bbox 2099 2240 3672 2314; baseline -0.006 -14"><span class='ocrx_word' id='word_1_369' title='bbox 2099 2249 2310 2300; x_wconf 82' lang='lat' dir='ltr'><strong>sionem</strong></span> <span class='ocrx_word' id='word_1_370' title='bbox 2349 2244 2558 2299; x_wconf 87' lang='lat' dir='ltr'><strong>aditum</strong></span> <span class='ocrx_word' id='word_1_371' title='bbox 2614 2252 2982 2314; x_wconf 91' lang='lat' dir='ltr'><strong>reperturum.</strong></span> <span class='ocrx_word' id='word_1_372' title='bbox 3034 2241 3090 2298; x_wconf 90' lang='lat' dir='ltr'><strong>Si</strong></span> <span class='ocrx_word' id='word_1_373' title='bbox 3131 2258 3260 2296; x_wconf 88' lang='lat' dir='ltr'><strong>vero</strong></span> <span class='ocrx_word' id='word_1_374' title='bbox 3286 2257 3315 2295; x_wconf 90' lang='lat' dir='ltr'><strong>a</strong></span> <span class='ocrx_word' id='word_1_375' title='bbox 3361 2240 3672 2295; x_wconf 84' lang='lat' dir='ltr'><strong>communi-</strong></span> 
     </span>
    </p>
   </div>
   <div class='ocr_carea' id='block_1_53' title="bbox 2100 2330 3675 2405">
    <p class='ocr_par' dir='ltr' id='par_1_53' title="bbox 2100 2330 3675 2405">
     <span class='ocr_line' id='line_1_53' title="bbox 2100 2330 3675 2405; baseline -0.006 -14"><span class='ocrx_word' id='word_1_376' title='bbox 2100 2338 2202 2391; x_wconf 88' lang='lat' dir='ltr'><strong>bus</strong></span> <span class='ocrx_word' id='word_1_377' title='bbox 2237 2346 2291 2391; x_wconf 90' lang='lat' dir='ltr'><strong>et</strong></span> <span class='ocrx_word' id='word_1_378' title='bbox 2320 2338 2522 2405; x_wconf 77' lang='lat' dir='ltr'><strong>passim</strong></span> <span class='ocrx_word' id='word_1_379' title='bbox 2548 2336 2870 2405; x_wconf 85' lang='lat' dir='ltr'><strong>approbatis</strong></span> <span class='ocrx_word' id='word_1_380' title='bbox 2900 2334 3218 2388; x_wconf 91' lang='lat' dir='ltr'><strong>notionibus</strong></span> <span class='ocrx_word' id='word_1_381' title='bbox 3259 2347 3425 2387; x_wconf 88' lang='lat' dir='ltr'><strong>voces</strong></span> <span class='ocrx_word' id='word_1_382' title='bbox 3456 2330 3675 2384; x_wconf 85' lang='lat' dir='ltr'><strong>abstra-</strong></span> 
     </span>
    </p>
   </div>
   <div class='ocr_carea' id='block_1_54' title="bbox 2098 2422 3677 2497">
    <p class='ocr_par' dir='ltr' id='par_1_54' title="bbox 2098 2422 3677 2497">
     <span class='ocr_line' id='line_1_54' title="bbox 2098 2422 3677 2497; baseline -0.004 -15"><span class='ocrx_word' id='word_1_383' title='bbox 2098 2429 2273 2489; x_wconf 84' lang='lat' dir='ltr'><strong>heret,</strong></span> <span class='ocrx_word' id='word_1_384' title='bbox 2309 2428 2676 2497; x_wconf 85' lang='lat' dir='ltr'><strong>perversitate</strong></span> <span class='ocrx_word' id='word_1_385' title='bbox 2718 2427 2890 2487; x_wconf 89' lang='lat' dir='ltr'><strong>vocis.</strong></span> <span class='ocrx_word' id='word_1_386' title='bbox 2952 2425 3115 2481; x_wconf 85' lang='lat' dir='ltr'><strong>facile</strong></span> <span class='ocrx_word' id='word_1_387' title='bbox 3149 2427 3313 2480; x_wconf 89' lang='lat' dir='ltr'><strong>etiam</strong></span> <span class='ocrx_word' id='word_1_388' title='bbox 3368 2426 3543 2493; x_wconf 90' lang='lat' dir='ltr'><strong>ipsam</strong></span> <span class='ocrx_word' id='word_1_389' title='bbox 3574 2422 3677 2476; x_wconf 55' lang='lat' dir='ltr'><strong>do-</strong></span> 
     </span>
    </p>
   </div>
   <div class='ocr_carea' id='block_1_55' title="bbox 2099 2515 3679 2589">
    <p class='ocr_par' dir='ltr' id='par_1_55' title="bbox 2099 2515 3679 2589">
     <span class='ocr_line' id='line_1_55' title="bbox 2099 2515 3679 2589; baseline -0.004 -16"><span class='ocrx_word' id='word_1_390' title='bbox 2099 2522 2336 2574; x_wconf 88' lang='lat' dir='ltr'><strong>ctrinam</strong></span> <span class='ocrx_word' id='word_1_391' title='bbox 2374 2519 2610 2589; x_wconf 86' lang='lat' dir='ltr'><strong>perverti</strong></span> <span class='ocrx_word' id='word_1_392' title='bbox 2642 2533 2825 2589; x_wconf 88' lang='lat' dir='ltr'><strong>posse.</strong></span> <span class='ocrx_word' id='word_1_393' title='bbox 2860 2517 3104 2588; x_wconf 75' lang='lat' dir='ltr'><strong>Exempli</strong></span> <span class='ocrx_word' id='word_1_394' title='bbox 3156 2518 3333 2588; x_wconf 86' lang='lat' dir='ltr'><strong>gratia</strong></span> <span class='ocrx_word' id='word_1_395' title='bbox 3389 2516 3498 2587; x_wconf 88' lang='lat' dir='ltr'><strong>(ad</strong></span> <span class='ocrx_word' id='word_1_396' title='bbox 3561 2515 3679 2585; x_wconf 87' lang='lat' dir='ltr'><strong>ipsa</strong></span> 
     </span>
    </p>
   </div>
   <div class='ocr_carea' id='block_1_56' title="bbox 2100 2610 3682 2684">
    <p class='ocr_par' dir='ltr' id='par_1_56' title="bbox 2100 2610 3682 2684">
     <span class='ocr_line' id='line_1_56' title="bbox 2100 2610 3682 2684; baseline -0.005 -14"><span class='ocrx_word' id='word_1_397' title='bbox 2100 2617 2246 2671; x_wconf 89' lang='lat' dir='ltr'><strong>enim</strong></span> <span class='ocrx_word' id='word_1_398' title='bbox 2286 2615 2585 2684; x_wconf 66' lang='lat' dir='ltr'><strong>deprauata</strong></span> <span class='ocrx_word' id='word_1_399' title='bbox 2619 2614 2884 2668; x_wconf 85' lang='lat' dir='ltr'><strong>vocabula</strong></span> <span class='ocrx_word' id='word_1_400' title='bbox 2938 2611 3338 2681; x_wconf 86' lang='lat' dir='ltr'><strong>accedemus),</strong></span> <span class='ocrx_word' id='word_1_401' title='bbox 3364 2610 3410 2664; x_wconf 91' lang='lat' dir='ltr'><strong>si</strong></span> <span class='ocrx_word' id='word_1_402' title='bbox 3433 2625 3498 2665; x_wconf 83' lang='lat' dir='ltr'><strong>ex</strong></span> <span class='ocrx_word' id='word_1_403' title='bbox 3531 2625 3682 2664; x_wconf 90' lang='lat' dir='ltr'><strong>com-</strong></span> 
     </span>
    </p>
   </div>
   <div class='ocr_carea' id='block_1_57' title="bbox 2104 2704 3680 2775">
    <p class='ocr_par' dir='ltr' id='par_1_57' title="bbox 2104 2704 3680 2775">
     <span class='ocr_line' id='line_1_57' title="bbox 2104 2704 3680 2775; baseline -0.002 -15"><span class='ocrx_word' id='word_1_404' title='bbox 2104 2707 2256 2760; x_wconf 92' lang='lat' dir='ltr'><strong>muni</strong></span> <span class='ocrx_word' id='word_1_405' title='bbox 2290 2708 2537 2761; x_wconf 88' lang='lat' dir='ltr'><strong>omnium</strong></span> <span class='ocrx_word' id='word_1_406' title='bbox 2589 2708 2862 2761; x_wconf 86' lang='lat' dir='ltr'><strong>sententia</strong></span> <span class='ocrx_word' id='word_1_407' title='bbox 2910 2705 3079 2764; x_wconf 85' lang='lat' dir='ltr'><strong>Deum</strong></span> <span class='ocrx_word' id='word_1_408' title='bbox 3139 2706 3469 2775; x_wconf 89' lang='lat' dir='ltr'><strong>ingenitum,</strong></span> <span class='ocrx_word' id='word_1_409' title='bbox 3532 2704 3680 2773; x_wconf 90' lang='lat' dir='ltr'><strong>quod</strong></span> 
     </span>
    </p>
   </div>
   <div class='ocr_carea' id='block_1_58' title="bbox 2102 2796 3683 2869">
    <p class='ocr_par' dir='ltr' id='par_1_58' title="bbox 2102 2796 3683 2869">
     <span class='ocr_line' id='line_1_58' title="bbox 2102 2796 3683 2869; baseline -0.003 -16"><span class='ocrx_word' id='word_1_410' title='bbox 2102 2798 2321 2869; x_wconf 86' lang='lat' dir='ltr'><strong>genitus</strong></span> <span class='ocrx_word' id='word_1_411' title='bbox 2351 2814 2460 2852; x_wconf 88' lang='lat' dir='ltr'><strong>non</strong></span> <span class='ocrx_word' id='word_1_412' title='bbox 2495 2799 2587 2858; x_wconf 84' lang='lat' dir='ltr'><strong>sit.</strong></span> <span class='ocrx_word' id='word_1_413' title='bbox 2623 2799 2887 2869; x_wconf 91' lang='lat' dir='ltr'><strong>appellari</strong></span> <span class='ocrx_word' id='word_1_414' title='bbox 2916 2798 3236 2854; x_wconf 85' lang='lat' dir='ltr'><strong>decuisset:</strong></span> <span class='ocrx_word' id='word_1_415' title='bbox 3275 2799 3465 2867; x_wconf 89' lang='lat' dir='ltr'><strong>utique</strong></span> <span class='ocrx_word' id='word_1_416' title='bbox 3510 2796 3683 2850; x_wconf 65' lang='lat' dir='ltr'><strong>haere-</strong></span> 
     </span>
    </p>
   </div>
   <div class='ocr_carea' id='block_1_59' title="bbox 2109 2891 3682 2955">
    <p class='ocr_par' dir='ltr' id='par_1_59' title="bbox 2109 2891 3682 2955">
     <span class='ocr_line' id='line_1_59' title="bbox 2109 2891 3682 2955; baseline -0.003 -9"><span class='ocrx_word' id='word_1_417' title='bbox 2109 2893 2227 2946; x_wconf 84' lang='lat' dir='ltr'><strong>ticae</strong></span> <span class='ocrx_word' id='word_1_418' title='bbox 2279 2900 2575 2948; x_wconf 70' lang='lat' dir='ltr'><strong>structura:</strong></span> <span class='ocrx_word' id='word_1_419' title='bbox 2632 2891 2887 2945; x_wconf 86' lang='lat' dir='ltr'><strong>machina</strong></span> <span class='ocrx_word' id='word_1_420' title='bbox 2939 2891 3262 2955; x_wconf 88' lang='lat' dir='ltr'><strong>corruisset,</strong></span> <span class='ocrx_word' id='word_1_421' title='bbox 3321 2891 3538 2945; x_wconf 88' lang='lat' dir='ltr'><strong>sublata</strong></span> <span class='ocrx_word' id='word_1_422' title='bbox 3595 2904 3682 2954; x_wconf 78' lang='lat' dir='ltr'><strong>ea,</strong></span> 
     </span>
    </p>
   </div>
   <div class='ocr_carea' id='block_1_60' title="bbox 2107 2982 3682 3052">
    <p class='ocr_par' dir='ltr' id='par_1_60' title="bbox 2107 2982 3682 3052">
     <span class='ocr_line' id='line_1_60' title="bbox 2107 2982 3682 3052; baseline -0.003 -16"><span class='ocrx_word' id='word_1_423' title='bbox 2107 2998 2271 3052; x_wconf 90' lang='lat' dir='ltr'><strong>quam</strong></span> <span class='ocrx_word' id='word_1_424' title='bbox 2303 2999 2366 3038; x_wconf 77' lang='lat' dir='ltr'><strong>ex</strong></span> <span class='ocrx_word' id='word_1_425' title='bbox 2400 2982 2824 3037; x_wconf 77' lang='lat' dir='ltr'><strong>innascibilitate</strong></span> <span class='ocrx_word' id='word_1_426' title='bbox 2849 2982 3006 3043; x_wconf 80' lang='lat' dir='ltr'><strong>texit,</strong></span> <span class='ocrx_word' id='word_1_427' title='bbox 3041 2982 3428 3048; x_wconf 80' lang='lat' dir='ltr'><strong>cavillatione;</strong></span> <span class='ocrx_word' id='word_1_428' title='bbox 3453 2982 3497 3036; x_wconf 93' lang='lat' dir='ltr'><strong>si</strong></span> <span class='ocrx_word' id='word_1_429' title='bbox 3535 2982 3682 3035; x_wconf 84' lang='lat' dir='ltr'><strong>cnim</strong></span> 
     </span>
    </p>
   </div>
   <div class='ocr_carea' id='block_1_61' title="bbox 424 3066 2002 3171">
    <p class='ocr_par' dir='ltr' id='par_1_61' title="bbox 424 3066 2002 3137">
     <span class='ocr_line' id='line_1_61' title="bbox 424 3066 2002 3137; baseline -0.004 -15"><span class='ocrx_word' id='word_1_430' title='bbox 424 3070 661 3137; x_wconf 88' lang='grc' dir='ltr'>ρέσεως,</span> <span class='ocrx_word' id='word_1_431' title='bbox 709 3068 1150 3131; x_wconf 77' lang='grc' dir='ltr'>ὑποσπασθέντος</span> <span class='ocrx_word' id='word_1_432' title='bbox 1188 3068 1281 3121; x_wconf 75' lang='grc' dir='ltr'><strong>τοῦ</strong></span> <span class='ocrx_word' id='word_1_433' title='bbox 1317 3069 1459 3121; x_wconf 77' lang='grc' dir='ltr'>κατὰ</span> <span class='ocrx_word' id='word_1_434' title='bbox 1496 3068 1609 3136; x_wconf 73' lang='grc' dir='ltr'><strong>τὴν</strong></span> <span class='ocrx_word' id='word_1_435' title='bbox 1637 3066 2002 3137; x_wconf 74' lang='grc' dir='ltr'>ἀγεγνησίαν</span> 
     </span>
    </p>
   </div>
   <div class='ocr_carea' id='block_1_62' title="bbox 2104 3066 3686 3171">
    <p class='ocr_par' dir='ltr' id='par_1_62' title="bbox 2108 3073 3686 3141">
     <span class='ocr_line' id='line_1_62' title="bbox 2108 3073 3686 3141; baseline -0.002 -11"><span class='ocrx_word' id='word_1_436' title='bbox 2108 3074 2454 3141; x_wconf 88' lang='lat' dir='ltr'><strong>credidisset,</strong></span> <span class='ocrx_word' id='word_1_437' title='bbox 2482 3091 2548 3130; x_wconf 78' lang='lat' dir='ltr'><strong>ex</strong></span> <span class='ocrx_word' id='word_1_438' title='bbox 2583 3076 2684 3129; x_wconf 91' lang='lat' dir='ltr'><strong>hac</strong></span> <span class='ocrx_word' id='word_1_439' title='bbox 2708 3076 3101 3130; x_wconf 88' lang='lat' dir='ltr'><strong>consecutioue</strong></span> <span class='ocrx_word' id='word_1_440' title='bbox 3147 3075 3452 3128; x_wconf 90' lang='lat' dir='ltr'><strong>secundum</strong></span> <span class='ocrx_word' id='word_1_441' title='bbox 3488 3073 3686 3127; x_wconf 89' lang='lat' dir='ltr'><strong>simili-</strong></span> 
     </span>
    </p>
   </div>
   <div class='ocr_carea' id='block_1_63' title="bbox 426 3159 2003 3232">
    <p class='ocr_par' dir='ltr' id='par_1_63' title="bbox 426 3159 2003 3232">
     <span class='ocr_line' id='line_1_63' title="bbox 426 3159 2003 3232; baseline -0.003 -17"><span class='ocrx_word' id='word_1_442' title='bbox 426 3163 773 3231; x_wconf 76' lang='grc' dir='ltr'>σοφίσματος.</span> <span class='ocrx_word' id='word_1_443' title='bbox 808 3162 871 3213; x_wconf 87' lang='grc' dir='ltr'>Εί</span> <span class='ocrx_word' id='word_1_444' title='bbox 903 3160 1010 3232; x_wconf 72' lang='grc' dir='ltr'><strong>γὰρ</strong></span> <span class='ocrx_word' id='word_1_445' title='bbox 1035 3160 1262 3231; x_wconf 80' lang='grc' dir='ltr'>ἐπείσθη</span> <span class='ocrx_word' id='word_1_446' title='bbox 1290 3161 1375 3213; x_wconf 80' lang='grc' dir='ltr'>διὰ</span> <span class='ocrx_word' id='word_1_447' title='bbox 1402 3162 1499 3231; x_wconf 81' lang='grc' dir='ltr'>τῆς</span> <span class='ocrx_word' id='word_1_448' title='bbox 1525 3159 1845 3222; x_wconf 83' lang='grc' dir='ltr'>ἀκολουθίας</span> <span class='ocrx_word' id='word_1_449' title='bbox 1870 3159 2003 3211; x_wconf 86' lang='grc' dir='ltr'>ταύ-</span> 
     </span>
    </p>
   </div>
   <div class='ocr_carea' id='block_1_64' title="bbox 422 3252 2005 3323">
    <p class='ocr_par' dir='ltr' id='par_1_64' title="bbox 422 3252 2005 3323">
     <span class='ocr_line' id='line_1_64' title="bbox 422 3252 2005 3323; baseline -0.002 -17"><span class='ocrx_word' id='word_1_450' title='bbox 422 3270 523 3321; x_wconf 86' lang='grc' dir='ltr'><strong>της</strong></span> <span class='ocrx_word' id='word_1_451' title='bbox 552 3254 672 3306; x_wconf 85' lang='grc' dir='ltr'>καθ’</span> <span class='ocrx_word' id='word_1_452' title='bbox 700 3253 1014 3323; x_wconf 81' lang='grc' dir='ltr'>ὁμοιότητα,</span> <span class='ocrx_word' id='word_1_453' title='bbox 1050 3254 1266 3305; x_wconf 87' lang='grc' dir='ltr'>πάντων</span> <span class='ocrx_word' id='word_1_454' title='bbox 1294 3253 1499 3323; x_wconf 77' lang='grc' dir='ltr'>σχεδὸν,</span> <span class='ocrx_word' id='word_1_455' title='bbox 1528 3253 1635 3304; x_wconf 81' lang='grc' dir='ltr'>τῶν</span> <span class='ocrx_word' id='word_1_456' title='bbox 1665 3253 1746 3315; x_wconf 82' lang='grc' dir='ltr'><strong>εἰς</strong></span> <span class='ocrx_word' id='word_1_457' title='bbox 1780 3252 2005 3320; x_wconf 86' lang='grc' dir='ltr'>Ἐκκλη-</span> 
     </span>
    </p>
   </div>
   <div class='ocr_carea' id='block_1_65' title="bbox 426 3342 2003 3415">
    <p class='ocr_par' dir='ltr' id='par_1_65' title="bbox 426 3342 2003 3415">
     <span class='ocr_line' id='line_1_65' title="bbox 426 3342 2003 3415; baseline -0.003 -16"><span class='ocrx_word' id='word_1_458' title='bbox 426 3347 549 3400; x_wconf 87' lang='grc' dir='ltr'>σίαν</span> <span class='ocrx_word' id='word_1_459' title='bbox 570 3344 704 3398; x_wconf 78' lang='grc' dir='ltr'>Θεοῦ</span> <span class='ocrx_word' id='word_1_460' title='bbox 744 3344 1153 3407; x_wconf 84' lang='grc' dir='ltr'>συντελούντων,</span> <span class='ocrx_word' id='word_1_461' title='bbox 1178 3345 1364 3415; x_wconf 80' lang='grc' dir='ltr'>ὥσπερ</span> <span class='ocrx_word' id='word_1_462' title='bbox 1398 3345 1645 3414; x_wconf 73' lang='grc' dir='ltr'>ἀόρατον,</span> <span class='ocrx_word' id='word_1_463' title='bbox 1679 3344 1772 3396; x_wconf 82' lang='grc' dir='ltr'>καὶ</span> <span class='ocrx_word' id='word_1_464' title='bbox 1796 3342 2003 3412; x_wconf 75' lang='grc' dir='ltr'>ἀπαθῆ,</span> 
     </span>
    </p>
   </div>
   <div class='ocr_carea' id='block_1_66' title="bbox 437 3434 2007 3509">
    <p class='ocr_par' dir='ltr' id='par_1_66' title="bbox 437 3434 2007 3509">
     <span class='ocr_line' id='line_1_66' title="bbox 437 3434 2007 3509; baseline -0.003 -18"><span class='ocrx_word' id='word_1_465' title='bbox 437 3440 522 3491; x_wconf 62' lang='lat' dir='ltr'><strong>sa‘t</strong></span> <span class='ocrx_word' id='word_1_466' title='bbox 555 3438 865 3509; x_wconf 77' lang='grc' dir='ltr'>ἀσώματον,</span> <span class='ocrx_word' id='word_1_467' title='bbox 908 3436 1049 3490; x_wconf 79' lang='grc' dir='ltr'>οὓτω</span> <span class='ocrx_word' id='word_1_468' title='bbox 1074 3439 1167 3491; x_wconf 72' lang='grc' dir='ltr'>καὶ</span> <span class='ocrx_word' id='word_1_469' title='bbox 1204 3437 1495 3505; x_wconf 80' lang='grc' dir='ltr'>ἀγέννητον</span> <span class='ocrx_word' id='word_1_470' title='bbox 1526 3435 1761 3489; x_wconf 79' lang='grc' dir='ltr'>νοεῖσθαι</span> <span class='ocrx_word' id='word_1_471' title='bbox 1798 3434 1890 3487; x_wconf 80' lang='grc' dir='ltr'>τὸν</span> <span class='ocrx_word' id='word_1_472' title='bbox 1916 3436 2007 3487; x_wconf 71' lang='grc' dir='ltr'><strong>ἐπὶ</strong></span> 
     </span>
    </p>
   </div>
   <div class='ocr_carea' id='block_1_67' title="bbox 442 3527 2009 3597">
    <p class='ocr_par' dir='ltr' id='par_1_67' title="bbox 442 3527 2009 3597">
     <span class='ocr_line' id='line_1_67' title="bbox 442 3527 2009 3597; baseline -0.001 -15"><span class='ocrx_word' id='word_1_473' title='bbox 442 3530 646 3583; x_wconf 75' lang='grc' dir='ltr'>πάντων</span> <span class='ocrx_word' id='word_1_474' title='bbox 679 3530 831 3592; x_wconf 82' lang='grc' dir='ltr'>Θεὸν,</span> <span class='ocrx_word' id='word_1_475' title='bbox 860 3529 925 3582; x_wconf 86' lang='grc' dir='ltr'><strong>δι’</strong></span> <span class='ocrx_word' id='word_1_476' title='bbox 954 3529 1199 3581; x_wconf 76' lang='grc' dir='ltr'>ἑκάστων</span> <span class='ocrx_word' id='word_1_477' title='bbox 1218 3528 1326 3581; x_wconf 82' lang='grc' dir='ltr'>τῶν</span> <span class='ocrx_word' id='word_1_478' title='bbox 1350 3529 1627 3597; x_wconf 71' lang='grc' dir='ltr'>ὀνομάτων</span> <span class='ocrx_word' id='word_1_479' title='bbox 1651 3528 1711 3580; x_wconf 86' lang='grc' dir='ltr'>τὸ</span> <span class='ocrx_word' id='word_1_480' title='bbox 1743 3527 2009 3597; x_wconf 77' lang='grc' dir='ltr'>μηδαμῶς</span> 
     </span>
    </p>
   </div>
   <div class='ocr_carea' id='block_1_68' title="bbox 443 3619 2007 3694">
    <p class='ocr_par' dir='ltr' id='par_1_68' title="bbox 443 3619 2007 3694">
     <span class='ocr_line' id='line_1_68' title="bbox 443 3619 2007 3694; baseline -0.003 -19"><span class='ocrx_word' id='word_1_481' title='bbox 443 3622 629 3694; x_wconf 72' lang='grc' dir='ltr'>προσὸν</span> <span class='ocrx_word' id='word_1_482' title='bbox 654 3622 730 3694; x_wconf 83' lang='grc' dir='ltr'>τῷ</span> <span class='ocrx_word' id='word_1_483' title='bbox 755 3621 871 3693; x_wconf 84' lang='grc' dir='ltr'>Θεῷ</span> <span class='ocrx_word' id='word_1_484' title='bbox 894 3621 1250 3692; x_wconf 82' lang='grc' dir='ltr'>σημαίνεσθαι</span> <span class='ocrx_word' id='word_1_485' title='bbox 1274 3621 1673 3691; x_wconf 85' lang='grc' dir='ltr'>συντιθέμενος,</span> <span class='ocrx_word' id='word_1_486' title='bbox 1701 3621 1775 3691; x_wconf 84' lang='grc' dir='ltr'>μὴ</span> <span class='ocrx_word' id='word_1_487' title='bbox 1825 3619 2007 3690; x_wconf 84' lang='grc' dir='ltr'>σῶμα,</span> 
     </span>
    </p>
   </div>
   <div class='ocr_carea' id='block_1_69' title="bbox 441 3708 2005 3785">
    <p class='ocr_par' dir='ltr' id='par_1_69' title="bbox 441 3708 2005 3785">
     <span class='ocr_line' id='line_1_69' title="bbox 441 3708 2005 3785; baseline -0.001 -20"><span class='ocrx_word' id='word_1_488' title='bbox 441 3713 510 3785; x_wconf 80' lang='grc' dir='ltr'>μὴ</span> <span class='ocrx_word' id='word_1_489' title='bbox 542 3713 733 3777; x_wconf 81' lang='grc' dir='ltr'>πάθος,</span> <span class='ocrx_word' id='word_1_490' title='bbox 766 3713 839 3785; x_wconf 84' lang='grc' dir='ltr'>μὴ</span> <span class='ocrx_word' id='word_1_491' title='bbox 871 3712 1089 3784; x_wconf 85' lang='grc' dir='ltr'>χρῶμα,</span> <span class='ocrx_word' id='word_1_492' title='bbox 1130 3714 1285 3785; x_wconf 81' lang='grc' dir='ltr'>μὴτὸ</span> <span class='ocrx_word' id='word_1_493' title='bbox 1321 3712 1379 3779; x_wconf 72' lang='grc' dir='ltr'><strong>ἐξ</strong></span> <span class='ocrx_word' id='word_1_494' title='bbox 1411 3714 1587 3776; x_wconf 83' lang='grc' dir='ltr'>αἰτίας</span> <span class='ocrx_word' id='word_1_495' title='bbox 1607 3712 1748 3783; x_wconf 77' lang='grc' dir='ltr'>ἔχειν</span> <span class='ocrx_word' id='word_1_496' title='bbox 1768 3712 1829 3765; x_wconf 82' lang='grc' dir='ltr'>τὸ</span> <span class='ocrx_word' id='word_1_497' title='bbox 1852 3708 2005 3764; x_wconf 77' lang='grc' dir='ltr'>εἶναι.</span> 
     </span>
    </p>
   </div>
   <div class='ocr_carea' id='block_1_70' title="bbox 438 3802 2010 3876">
    <p class='ocr_par' dir='ltr' id='par_1_70' title="bbox 438 3802 2010 3876">
     <span class='ocr_line' id='line_1_70' title="bbox 438 3802 2010 3876; baseline -0.001 -17"><span class='ocrx_word' id='word_1_498' title='bbox 438 3808 496 3859; x_wconf 80' lang='grc' dir='ltr'><strong>Εἰ</strong></span> <span class='ocrx_word' id='word_1_499' title='bbox 522 3806 695 3859; x_wconf 79' lang='grc' dir='ltr'>ταῦτα</span> <span class='ocrx_word' id='word_1_500' title='bbox 738 3805 911 3869; x_wconf 77' lang='grc' dir='ltr'>οὑτως</span> <span class='ocrx_word' id='word_1_501' title='bbox 951 3805 1091 3876; x_wconf 78' lang='grc' dir='ltr'>ἔχειν</span> <span class='ocrx_word' id='word_1_502' title='bbox 1121 3805 1407 3870; x_wconf 78' lang='grc' dir='ltr'>ὑπέλαϐεν,</span> <span class='ocrx_word' id='word_1_503' title='bbox 1452 3804 1706 3874; x_wconf 85' lang='grc' dir='ltr'>οὐδεμίαν</span> <span class='ocrx_word' id='word_1_504' title='bbox 1750 3803 1907 3874; x_wconf 74' lang='grc' dir='ltr'>ἔσχεν</span> <span class='ocrx_word' id='word_1_505' title='bbox 1946 3802 2010 3857; x_wconf 87' lang='grc' dir='ltr'>ἂν</span> 
     </span>
    </p>
   </div>
   <div class='ocr_carea' id='block_1_71' title="bbox 433 3898 2013 3970">
    <p class='ocr_par' dir='ltr' id='par_1_71' title="bbox 433 3898 2013 3970">
     <span class='ocr_line' id='line_1_71' title="bbox 433 3898 2013 3970; baseline -0.003 -17"><span class='ocrx_word' id='word_1_506' title='bbox 433 3900 661 3970; x_wconf 80' lang='grc' dir='ltr'>δύναμιν</span> <span class='ocrx_word' id='word_1_507' title='bbox 708 3901 736 3952; x_wconf 83' lang='grc' dir='ltr'>ὁ</span> <span class='ocrx_word' id='word_1_508' title='bbox 778 3900 875 3969; x_wconf 82' lang='grc' dir='ltr'>τῆς</span> <span class='ocrx_word' id='word_1_509' title='bbox 919 3898 1302 3969; x_wconf 88' lang='grc' dir='ltr'>ἀνομοιότητος</span> <span class='ocrx_word' id='word_1_510' title='bbox 1333 3898 1490 3965; x_wconf 84' lang='grc' dir='ltr'>λόγος</span> <span class='ocrx_word' id='word_1_511' title='bbox 1531 3898 1709 3950; x_wconf 85' lang='grc' dir='ltr'>αὑτῶν</span> <span class='ocrx_word' id='word_1_512' title='bbox 1743 3913 1756 3926; x_wconf 87' lang='grc'><strong>·</strong></span> <span class='ocrx_word' id='word_1_513' title='bbox 1804 3898 1863 3948; x_wconf 85' lang='grc' dir='ltr'>ὲν</span> <span class='ocrx_word' id='word_1_514' title='bbox 1901 3898 2013 3957; x_wconf 89' lang='grc' dir='ltr'>τοῖς</span> 
     </span>
    </p>
   </div>
   <div class='ocr_carea' id='block_1_72' title="bbox 436 3988 2012 4060">
    <p class='ocr_par' dir='ltr' id='par_1_72' title="bbox 436 3988 2012 4060">
     <span class='ocr_line' id='line_1_72' title="bbox 436 3988 2012 4060; baseline -0.004 -15"><span class='ocrx_word' id='word_1_515' title='bbox 436 3991 641 4053; x_wconf 84' lang='grc' dir='ltr'>λοιποῖς</span> <span class='ocrx_word' id='word_1_516' title='bbox 673 3991 858 4055; x_wconf 80' lang='grc' dir='ltr'>πᾶσιν,</span> <span class='ocrx_word' id='word_1_517' title='bbox 886 3990 985 4042; x_wconf 85' lang='grc' dir='ltr'>ὅσα</span> <span class='ocrx_word' id='word_1_518' title='bbox 1028 3990 1156 4060; x_wconf 78' lang='grc' dir='ltr'>περὶ</span> <span class='ocrx_word' id='word_1_519' title='bbox 1189 3990 1279 4042; x_wconf 86' lang='grc' dir='ltr'>τὸν</span> <span class='ocrx_word' id='word_1_520' title='bbox 1321 3989 1429 4043; x_wconf 81' lang='grc' dir='ltr'><strong>τῶν</strong></span> <span class='ocrx_word' id='word_1_521' title='bbox 1464 3989 1601 4042; x_wconf 78' lang='grc' dir='ltr'>ὅλων</span> <span class='ocrx_word' id='word_1_522' title='bbox 1628 3988 1758 4041; x_wconf 83' lang='grc' dir='ltr'>Θεὸν</span> <span class='ocrx_word' id='word_1_523' title='bbox 1788 3988 2012 4059; x_wconf 87' lang='grc' dir='ltr'>θεωρεί-</span> 
     </span>
    </p>
   </div>
   <div class='ocr_carea' id='block_1_73' title="bbox 437 4081 2017 4154">
    <p class='ocr_par' dir='ltr' id='par_1_73' title="bbox 437 4081 2017 4154">
     <span class='ocr_line' id='line_1_73' title="bbox 437 4081 2017 4154; baseline -0.003 -18"><span class='ocrx_word' id='word_1_524' title='bbox 437 4101 547 4144; x_wconf 85' lang='grc' dir='ltr'>ται,</span> <span class='ocrx_word' id='word_1_525' title='bbox 585 4082 1007 4154; x_wconf 87' lang='grc' dir='ltr'>συγχωρούντων</span> <span class='ocrx_word' id='word_1_526' title='bbox 1036 4084 1128 4135; x_wconf 70' lang='grc' dir='ltr'>καὶ</span> <span class='ocrx_word' id='word_1_527' title='bbox 1160 4081 1267 4136; x_wconf 81' lang='grc' dir='ltr'><strong>τῶν</strong></span> <span class='ocrx_word' id='word_1_528' title='bbox 1296 4082 1555 4137; x_wconf 76' lang='grc' dir='ltr'>ἐναντίων</span> <span class='ocrx_word' id='word_1_529' title='bbox 1594 4081 1674 4153; x_wconf 80' lang='grc' dir='ltr'><strong>τῷ</strong></span> <span class='ocrx_word' id='word_1_530' title='bbox 1720 4082 2017 4150; x_wconf 85' lang='grc' dir='ltr'>Μονογενεῖ</span> 
     </span>
    </p>
   </div>
   <div class='ocr_carea' id='block_1_74' title="bbox 442 4175 1267 4246">
    <p class='ocr_par' dir='ltr' id='par_1_74' title="bbox 442 4175 1267 4246">
     <span class='ocr_line' id='line_1_74' title="bbox 442 4175 1267 4246; baseline -0.002 -18"><span class='ocrx_word' id='word_1_531' title='bbox 442 4177 575 4245; x_wconf 76' lang='grc' dir='ltr'>πρὸς</span> <span class='ocrx_word' id='word_1_532' title='bbox 605 4176 693 4229; x_wconf 82' lang='grc' dir='ltr'>τὸν</span> <span class='ocrx_word' id='word_1_533' title='bbox 730 4176 948 4246; x_wconf 82' lang='grc' dir='ltr'>Πατέρα</span> <span class='ocrx_word' id='word_1_534' title='bbox 978 4175 1037 4227; x_wconf 80' lang='grc' dir='ltr'>τὸ</span> <span class='ocrx_word' id='word_1_535' title='bbox 1063 4176 1267 4245; x_wconf 70' lang='grc' dir='ltr'>ὅμοιον,</span> 
     </span>
    </p>
   </div>
   <div class='ocr_carea' id='block_1_75' title="bbox 522 4262 2015 4338">
    <p class='ocr_par' dir='ltr' id='par_1_75' title="bbox 522 4262 2015 4338">
     <span class='ocr_line' id='line_1_75' title="bbox 522 4262 2015 4338; baseline -0.003 -18"><span class='ocrx_word' id='word_1_536' title='bbox 522 4267 659 4320; x_wconf 81' lang='grc' dir='ltr'>Ἀλλ’</span> <span class='ocrx_word' id='word_1_537' title='bbox 684 4268 770 4320; x_wconf 81' lang='grc' dir='ltr'>ἵνα</span> <span class='ocrx_word' id='word_1_538' title='bbox 806 4268 880 4338; x_wconf 79' lang='grc' dir='ltr'>μὴ</span> <span class='ocrx_word' id='word_1_539' title='bbox 911 4267 1069 4319; x_wconf 75' lang='grc' dir='ltr'>τοῦτο</span> <span class='ocrx_word' id='word_1_540' title='bbox 1103 4267 1350 4338; x_wconf 86' lang='grc' dir='ltr'>γένηται,</span> <span class='ocrx_word' id='word_1_541' title='bbox 1394 4266 1611 4319; x_wconf 83' lang='grc' dir='ltr'>πάντων</span> <span class='ocrx_word' id='word_1_542' title='bbox 1639 4265 1747 4317; x_wconf 85' lang='grc' dir='ltr'>τῶν</span> <span class='ocrx_word' id='word_1_543' title='bbox 1774 4263 1901 4335; x_wconf 69' lang='grc' dir='ltr'>περὶ</span> <span class='ocrx_word' id='word_1_544' title='bbox 1924 4262 2015 4316; x_wconf 80' lang='grc' dir='ltr'>τὸν</span> 
     </span>
    </p>
   </div>
   <div class='ocr_carea' id='block_1_76' title="bbox 437 4356 2015 4429">
    <p class='ocr_par' dir='ltr' id='par_1_76' title="bbox 437 4356 2015 4429">
     <span class='ocr_line' id='line_1_76' title="bbox 437 4356 2015 4429; baseline -0.004 -16"><span class='ocrx_word' id='word_1_545' title='bbox 437 4359 571 4414; x_wconf 63' lang='grc' dir='ltr'>Θεὸν</span> <span class='ocrx_word' id='word_1_546' title='bbox 605 4359 903 4429; x_wconf 86' lang='grc' dir='ltr'>ὀνομάτων,</span> <span class='ocrx_word' id='word_1_547' title='bbox 931 4358 1036 4411; x_wconf 84' lang='grc' dir='ltr'>τῶν</span> <span class='ocrx_word' id='word_1_548' title='bbox 1069 4356 1417 4410; x_wconf 82' lang='grc' dir='ltr'>ὲνδεικτικῶν</span> <span class='ocrx_word' id='word_1_549' title='bbox 1457 4356 1600 4424; x_wconf 89' lang='grc' dir='ltr'>λέγω</span> <span class='ocrx_word' id='word_1_550' title='bbox 1630 4356 1731 4425; x_wconf 72' lang='grc' dir='ltr'>τῆς</span> <span class='ocrx_word' id='word_1_551' title='bbox 1758 4356 2015 4426; x_wconf 85' lang='grc' dir='ltr'>ὑπερκει-</span> 
     </span>
    </p>
   </div>
   <div class='ocr_carea' id='block_1_77' title="bbox 2110 3166 3685 3237">
    <p class='ocr_par' dir='ltr' id='par_1_77' title="bbox 2110 3166 3685 3237">
     <span class='ocr_line' id='line_1_77' title="bbox 2110 3166 3685 3237; baseline -0.001 -17"><span class='ocrx_word' id='word_1_552' title='bbox 2110 3168 2354 3221; x_wconf 90' lang='lat' dir='ltr'><strong>tudinem</strong></span> <span class='ocrx_word' id='word_1_553' title='bbox 2385 3166 2557 3222; x_wconf 81' lang='lat' dir='ltr'><strong>ferme</strong></span> <span class='ocrx_word' id='word_1_554' title='bbox 2585 3168 2858 3231; x_wconf 91' lang='lat' dir='ltr'><strong>omnium,</strong></span> <span class='ocrx_word' id='word_1_555' title='bbox 2886 3183 3009 3237; x_wconf 64' lang='lat' dir='ltr'><strong>qua:</strong></span> <span class='ocrx_word' id='word_1_556' title='bbox 3039 3166 3286 3222; x_wconf 85' lang='lat' dir='ltr'><strong>Ecclesia</strong></span> <span class='ocrx_word' id='word_1_557' title='bbox 3314 3167 3404 3221; x_wconf 92' lang='lat' dir='ltr'><strong>Dei</strong></span> <span class='ocrx_word' id='word_1_558' title='bbox 3433 3178 3685 3235; x_wconf 81' lang='lat' dir='ltr'><strong>usurpat,</strong></span> 
     </span>
    </p>
   </div>
   <div class='ocr_carea' id='block_1_78' title="bbox 2108 3257 3687 3329">
    <p class='ocr_par' dir='ltr' id='par_1_78' title="bbox 2108 3257 3687 3329">
     <span class='ocr_line' id='line_1_78' title="bbox 2108 3257 3687 3329; baseline -0.001 -17"><span class='ocrx_word' id='word_1_559' title='bbox 2108 3258 2571 3329; x_wconf 89' lang='lat' dir='ltr'><strong>quemadmodum</strong></span> <span class='ocrx_word' id='word_1_560' title='bbox 2607 3259 2906 3323; x_wconf 85' lang='lat' dir='ltr'><strong>invisibile,</strong></span> <span class='ocrx_word' id='word_1_561' title='bbox 2943 3258 3280 3327; x_wconf 88' lang='lat' dir='ltr'><strong>impassibile</strong></span> <span class='ocrx_word' id='word_1_562' title='bbox 3332 3266 3386 3311; x_wconf 91' lang='lat' dir='ltr'><strong>et</strong></span> <span class='ocrx_word' id='word_1_563' title='bbox 3424 3257 3687 3328; x_wconf 91' lang='lat' dir='ltr'><strong>incorpo-</strong></span> 
     </span>
    </p>
   </div>
   <div class='ocr_carea' id='block_1_79' title="bbox 2106 3351 3685 3421">
    <p class='ocr_par' dir='ltr' id='par_1_79' title="bbox 2106 3351 3685 3421">
     <span class='ocr_line' id='line_1_79' title="bbox 2106 3351 3685 3421; baseline -0.001 -15"><span class='ocrx_word' id='word_1_564' title='bbox 2106 3366 2283 3415; x_wconf 88' lang='lat' dir='ltr'><strong>reum,</strong></span> <span class='ocrx_word' id='word_1_565' title='bbox 2322 3351 2402 3406; x_wconf 91' lang='lat' dir='ltr'><strong>sic</strong></span> <span class='ocrx_word' id='word_1_566' title='bbox 2434 3359 2487 3405; x_wconf 91' lang='lat' dir='ltr'><strong>et</strong></span> <span class='ocrx_word' id='word_1_567' title='bbox 2527 3352 2825 3421; x_wconf 82' lang='lat' dir='ltr'><strong>ingenitum</strong></span> <span class='ocrx_word' id='word_1_568' title='bbox 2865 3351 2974 3406; x_wconf 88' lang='lat' dir='ltr'><strong>Deo</strong></span> <span class='ocrx_word' id='word_1_569' title='bbox 3014 3352 3393 3407; x_wconf 87' lang='lat' dir='ltr'><strong>universorum</strong></span> <span class='ocrx_word' id='word_1_570' title='bbox 3436 3353 3685 3415; x_wconf 89' lang='lat' dir='ltr'><strong>attribui,</strong></span> 
     </span>
    </p>
   </div>
   <div class='ocr_carea' id='block_1_80' title="bbox 2108 3441 3689 3512">
    <p class='ocr_par' dir='ltr' id='par_1_80' title="bbox 2108 3441 3689 3512">
     <span class='ocr_line' id='line_1_80' title="bbox 2108 3441 3689 3512; baseline -0.003 -13"><span class='ocrx_word' id='word_1_571' title='bbox 2108 3443 2584 3511; x_wconf 88' lang='lat' dir='ltr'><strong>concessissetque</strong></span> <span class='ocrx_word' id='word_1_572' title='bbox 2611 3442 2856 3511; x_wconf 89' lang='lat' dir='ltr'><strong>quolibet</strong></span> <span class='ocrx_word' id='word_1_573' title='bbox 2906 3441 3102 3495; x_wconf 88' lang='lat' dir='ltr'><strong>horum</strong></span> <span class='ocrx_word' id='word_1_574' title='bbox 3139 3442 3424 3496; x_wconf 87' lang='lat' dir='ltr'><strong>nominum</strong></span> <span class='ocrx_word' id='word_1_575' title='bbox 3473 3443 3689 3512; x_wconf 80' lang='lat' dir='ltr'><strong>signiti-</strong></span> 
     </span>
    </p>
   </div>
   <div class='ocr_carea' id='block_1_81' title="bbox 2108 3531 3687 3601">
    <p class='ocr_par' dir='ltr' id='par_1_81' title="bbox 2108 3531 3687 3601">
     <span class='ocr_line' id='line_1_81' title="bbox 2108 3531 3687 3601; baseline 0.001 -15"><span class='ocrx_word' id='word_1_576' title='bbox 2108 3534 2222 3587; x_wconf 89' lang='lat' dir='ltr'><strong>cari</strong></span> <span class='ocrx_word' id='word_1_577' title='bbox 2258 3532 2309 3586; x_wconf 92' lang='lat' dir='ltr'><strong>id</strong></span> <span class='ocrx_word' id='word_1_578' title='bbox 2351 3531 2499 3601; x_wconf 92' lang='lat' dir='ltr'><strong>quod</strong></span> <span class='ocrx_word' id='word_1_579' title='bbox 2533 3531 2644 3586; x_wconf 90' lang='lat' dir='ltr'><strong>Deo</strong></span> <span class='ocrx_word' id='word_1_580' title='bbox 2674 3546 2783 3585; x_wconf 90' lang='lat' dir='ltr'><strong>non</strong></span> <span class='ocrx_word' id='word_1_581' title='bbox 2812 3533 2977 3595; x_wconf 90' lang='lat' dir='ltr'><strong>inest,</strong></span> <span class='ocrx_word' id='word_1_582' title='bbox 3026 3532 3156 3601; x_wconf 83' lang='lat' dir='ltr'><strong>quia</strong></span> <span class='ocrx_word' id='word_1_583' title='bbox 3193 3546 3291 3586; x_wconf 91' lang='lat' dir='ltr'><strong>nec</strong></span> <span class='ocrx_word' id='word_1_584' title='bbox 3323 3546 3547 3601; x_wconf 82' lang='lat' dir='ltr'><strong>corpus,</strong></span> <span class='ocrx_word' id='word_1_585' title='bbox 3583 3548 3687 3587; x_wconf 82' lang='lat' dir='ltr'><strong>nec</strong></span> 
     </span>
    </p>
   </div>
   <div class='ocr_carea' id='block_1_82' title="bbox 2110 3622 3690 3697">
    <p class='ocr_par' dir='ltr' id='par_1_82' title="bbox 2110 3622 3690 3697">
     <span class='ocr_line' id='line_1_82' title="bbox 2110 3622 3690 3697; baseline -0.001 -17"><span class='ocrx_word' id='word_1_586' title='bbox 2110 3628 2448 3697; x_wconf 87' lang='lat' dir='ltr'><strong>passionem,</strong></span> <span class='ocrx_word' id='word_1_587' title='bbox 2480 3641 2582 3681; x_wconf 89' lang='lat' dir='ltr'><strong>nec</strong></span> <span class='ocrx_word' id='word_1_588' title='bbox 2632 3626 2891 3685; x_wconf 89' lang='lat' dir='ltr'><strong>colorem,</strong></span> <span class='ocrx_word' id='word_1_589' title='bbox 2936 3639 3036 3677; x_wconf 89' lang='lat' dir='ltr'><strong>nec</strong></span> <span class='ocrx_word' id='word_1_590' title='bbox 3071 3622 3293 3678; x_wconf 86' lang='lat' dir='ltr'><strong>aliunde</strong></span> <span class='ocrx_word' id='word_1_591' title='bbox 3317 3639 3540 3678; x_wconf 91' lang='lat' dir='ltr'><strong>causam</strong></span> <span class='ocrx_word' id='word_1_592' title='bbox 3601 3640 3690 3679; x_wconf 84' lang='lat' dir='ltr'><strong>es-</strong></span> 
     </span>
    </p>
   </div>
   <div class='ocr_carea' id='block_1_83' title="bbox 2112 3718 3693 3789">
    <p class='ocr_par' dir='ltr' id='par_1_83' title="bbox 2112 3718 3693 3789">
     <span class='ocr_line' id='line_1_83' title="bbox 2112 3718 3693 3789; baseline -0.001 -10"><span class='ocrx_word' id='word_1_593' title='bbox 2112 3723 2265 3779; x_wconf 90' lang='lat' dir='ltr'><strong>seudi</strong></span> <span class='ocrx_word' id='word_1_594' title='bbox 2296 3722 2457 3776; x_wconf 89' lang='lat' dir='ltr'><strong>habet</strong></span> <span class='ocrx_word' id='word_1_595' title='bbox 2506 3740 2519 3776; x_wconf 90' lang='lat'><strong>:</strong></span> <span class='ocrx_word' id='word_1_596' title='bbox 2563 3721 2632 3786; x_wconf 91' lang='lat' dir='ltr'><strong>si,</strong></span> <span class='ocrx_word' id='word_1_597' title='bbox 2674 3722 2922 3789; x_wconf 90' lang='lat' dir='ltr'><strong>inquam,</strong></span> <span class='ocrx_word' id='word_1_598' title='bbox 2957 3734 3068 3772; x_wconf 90' lang='lat' dir='ltr'><strong>rem</strong></span> <span class='ocrx_word' id='word_1_599' title='bbox 3093 3720 3180 3772; x_wconf 86' lang='lat' dir='ltr'><strong>hic</strong></span> <span class='ocrx_word' id='word_1_600' title='bbox 3215 3718 3289 3772; x_wconf 87' lang='lat' dir='ltr'><strong>ita</strong></span> <span class='ocrx_word' id='word_1_601' title='bbox 3327 3735 3446 3774; x_wconf 86' lang='lat' dir='ltr'><strong>sese</strong></span> <span class='ocrx_word' id='word_1_602' title='bbox 3492 3721 3693 3777; x_wconf 83' lang='lat' dir='ltr'><strong>habere</strong></span> 
     </span>
    </p>
   </div>
   <div class='ocr_carea' id='block_1_84' title="bbox 2112 3810 3692 3882">
    <p class='ocr_par' dir='ltr' id='par_1_84' title="bbox 2112 3810 3692 3882">
     <span class='ocr_line' id='line_1_84' title="bbox 2112 3810 3692 3882; baseline -0.002 -13"><span class='ocrx_word' id='word_1_603' title='bbox 2112 3814 2506 3876; x_wconf 80' lang='lat' dir='ltr'><strong>existimasset,</strong></span> <span class='ocrx_word' id='word_1_604' title='bbox 2544 3813 2691 3866; x_wconf 90' lang='lat' dir='ltr'><strong>nulla</strong></span> <span class='ocrx_word' id='word_1_605' title='bbox 2722 3813 2772 3865; x_wconf 92' lang='lat' dir='ltr'><strong>ei</strong></span> <span class='ocrx_word' id='word_1_606' title='bbox 2809 3812 2876 3864; x_wconf 91' lang='lat' dir='ltr'><strong>ad</strong></span> <span class='ocrx_word' id='word_1_607' title='bbox 2916 3811 3304 3879; x_wconf 66' lang='lat' dir='ltr'><strong>inmqualitatis</strong></span> <span class='ocrx_word' id='word_1_608' title='bbox 3365 3810 3565 3882; x_wconf 75' lang='lat' dir='ltr'><strong>dogma</strong></span> <span class='ocrx_word' id='word_1_609' title='bbox 3603 3830 3692 3866; x_wconf 88' lang='lat' dir='ltr'><strong>ar-</strong></span> 
     </span>
    </p>
   </div>
   <div class='ocr_carea' id='block_1_85' title="bbox 2112 3902 3690 3973">
    <p class='ocr_par' dir='ltr' id='par_1_85' title="bbox 2112 3902 3690 3973">
     <span class='ocr_line' id='line_1_85' title="bbox 2112 3902 3690 3973; baseline -0.001 -13"><span class='ocrx_word' id='word_1_610' title='bbox 2112 3904 2519 3961; x_wconf 85' lang='lat' dir='ltr'><strong>chitectandum</strong></span> <span class='ocrx_word' id='word_1_611' title='bbox 2572 3906 2793 3957; x_wconf 89' lang='lat' dir='ltr'><strong>occasio</strong></span> <span class='ocrx_word' id='word_1_612' title='bbox 2844 3903 3053 3972; x_wconf 86' lang='lat' dir='ltr'><strong>reliqua</strong></span> <span class='ocrx_word' id='word_1_613' title='bbox 3122 3902 3338 3965; x_wconf 77' lang='lat' dir='ltr'><strong>fuiSSct,</strong></span> <span class='ocrx_word' id='word_1_614' title='bbox 3401 3920 3524 3957; x_wconf 88' lang='lat' dir='ltr'><strong>cum</strong></span> <span class='ocrx_word' id='word_1_615' title='bbox 3586 3906 3690 3973; x_wconf 83' lang='lat' dir='ltr'><strong>ipsi</strong></span> 
     </span>
    </p>
   </div>
   <div class='ocr_carea' id='block_1_86' title="bbox 2113 3994 3693 4064">
    <p class='ocr_par' dir='ltr' id='par_1_86' title="bbox 2113 3994 3693 4064">
     <span class='ocr_line' id='line_1_86' title="bbox 2113 3994 3693 4064; baseline 0.001 -14"><span class='ocrx_word' id='word_1_616' title='bbox 2113 3999 2276 4051; x_wconf 88' lang='lat' dir='ltr'><strong>etiam</strong></span> <span class='ocrx_word' id='word_1_617' title='bbox 2337 3995 2633 4049; x_wconf 83' lang='lat' dir='ltr'><strong>adversarii</strong></span> <span class='ocrx_word' id='word_1_618' title='bbox 2690 3994 2989 4055; x_wconf 81' lang='lat' dir='ltr'><strong>fateantur,</strong></span> <span class='ocrx_word' id='word_1_619' title='bbox 3049 3996 3104 4048; x_wconf 92' lang='lat' dir='ltr'><strong>in</strong></span> <span class='ocrx_word' id='word_1_620' title='bbox 3158 3996 3382 4064; x_wconf 76' lang='lat' dir='ltr'><strong>reliquis</strong></span> <span class='ocrx_word' id='word_1_621' title='bbox 3432 3998 3693 4052; x_wconf 78' lang='lat' dir='ltr'><strong>omnibus</strong></span> 
     </span>
    </p>
   </div>
   <div class='ocr_carea' id='block_1_87' title="bbox 2117 4086 3104 4159">
    <p class='ocr_par' dir='ltr' id='par_1_87' title="bbox 2117 4086 3104 4159">
     <span class='ocr_line' id='line_1_87' title="bbox 2117 4086 3104 4159; baseline -0.006 -16"><span class='ocrx_word' id='word_1_622' title='bbox 2117 4087 2468 4159; x_wconf 85' lang='lat' dir='ltr'><strong>Unigenitum</strong></span> <span class='ocrx_word' id='word_1_623' title='bbox 2494 4086 2639 4140; x_wconf 82' lang='lat' dir='ltr'><strong>Patri</strong></span> <span class='ocrx_word' id='word_1_624' title='bbox 2668 4087 2931 4156; x_wconf 83' lang='lat' dir='ltr'><strong>aequalem</strong></span> <span class='ocrx_word' id='word_1_625' title='bbox 2960 4101 3104 4141; x_wconf 81' lang='lat' dir='ltr'><strong>esse.</strong></span> 
     </span>
    </p>
   </div>
   <div class='ocr_carea' id='block_1_88' title="bbox 2187 4261 3696 4329">
    <p class='ocr_par' dir='ltr' id='par_1_88' title="bbox 2187 4261 3696 4329">
     <span class='ocr_line' id='line_1_88' title="bbox 2187 4261 3696 4329; baseline 0.003 -13"><span class='ocrx_word' id='word_1_626' title='bbox 2187 4261 2459 4317; x_wconf 61' lang='lat' dir='ltr'><strong>(laterum</strong></span> <span class='ocrx_word' id='word_1_627' title='bbox 2486 4278 2555 4315; x_wconf 88' lang='lat' dir='ltr'><strong>ne</strong></span> <span class='ocrx_word' id='word_1_628' title='bbox 2581 4262 2681 4315; x_wconf 89' lang='lat' dir='ltr'><strong>hoc</strong></span> <span class='ocrx_word' id='word_1_629' title='bbox 2709 4262 3013 4329; x_wconf 83' lang='lat' dir='ltr'><strong>contingat,</strong></span> <span class='ocrx_word' id='word_1_630' title='bbox 3043 4276 3109 4317; x_wconf 83' lang='lat' dir='ltr'><strong>ex</strong></span> <span class='ocrx_word' id='word_1_631' title='bbox 3136 4262 3395 4318; x_wconf 90' lang='lat' dir='ltr'><strong>omnibus</strong></span> <span class='ocrx_word' id='word_1_632' title='bbox 3453 4265 3696 4320; x_wconf 80' lang='lat' dir='ltr'><strong>nomini-</strong></span> 
     </span>
    </p>
   </div>
   <div class='ocr_carea' id='block_1_89' title="bbox 2116 4353 3690 4426">
    <p class='ocr_par' dir='ltr' id='par_1_89' title="bbox 2116 4353 3690 4426">
     <span class='ocr_line' id='line_1_89' title="bbox 2116 4353 3690 4426; baseline 0.003 -18"><span class='ocrx_word' id='word_1_633' title='bbox 2116 4354 2243 4419; x_wconf 86' lang='lat' dir='ltr'><strong>bus,</strong></span> <span class='ocrx_word' id='word_1_634' title='bbox 2277 4368 2397 4424; x_wconf 66' lang='lat' dir='ltr'><strong>quae</strong></span> <span class='ocrx_word' id='word_1_635' title='bbox 2450 4354 2689 4408; x_wconf 84' lang='lat' dir='ltr'><strong>divinam</strong></span> <span class='ocrx_word' id='word_1_636' title='bbox 2733 4362 2788 4408; x_wconf 88' lang='lat' dir='ltr'><strong>et</strong></span> <span class='ocrx_word' id='word_1_637' title='bbox 2841 4353 3130 4409; x_wconf 82' lang='lat' dir='ltr'><strong>sublimem</strong></span> <span class='ocrx_word' id='word_1_638' title='bbox 3177 4355 3326 4408; x_wconf 86' lang='lat' dir='ltr'><strong>illam</strong></span> <span class='ocrx_word' id='word_1_639' title='bbox 3388 4359 3690 4426; x_wconf 84' lang='lat' dir='ltr'><strong>potentiam</strong></span> 
     </span>
    </p>
   </div>
   <div class='ocr_carea' id='block_1_90' title="bbox 446 4446 2002 4528">
    <p class='ocr_par' dir='ltr' id='par_1_90' title="bbox 446 4447 2002 4522">
     <span class='ocr_line' id='line_1_90' title="bbox 446 4447 2002 4522; baseline -0.003 -19"><span class='ocrx_word' id='word_1_640' title='bbox 446 4452 614 4522; x_wconf 88' lang='grc' dir='ltr'>μένης</span> <span class='ocrx_word' id='word_1_641' title='bbox 664 4451 982 4521; x_wconf 82' lang='grc' dir='ltr'>δυνάμεως,</span> <span class='ocrx_word' id='word_1_642' title='bbox 1038 4448 1324 4521; x_wconf 87' lang='grc' dir='ltr'>προτίθησι</span> <span class='ocrx_word' id='word_1_643' title='bbox 1369 4448 1431 4501; x_wconf 83' lang='grc' dir='ltr'>τὸ</span> <span class='ocrx_word' id='word_1_644' title='bbox 1470 4448 1569 4518; x_wconf 85' lang='grc' dir='ltr'>τῆς</span> <span class='ocrx_word' id='word_1_645' title='bbox 1647 4447 2002 4515; x_wconf 73' lang='grc' dir='ltr'>ἁγεννησίας</span> 
     </span>
    </p>
   </div>
   <div class='ocr_carea' id='block_1_91' title="bbox 2104 4446 3693 4528">
    <p class='ocr_par' dir='ltr' id='par_1_91' title="bbox 2120 4446 3693 4517">
     <span class='ocr_line' id='line_1_91' title="bbox 2120 4446 3693 4517; baseline 0.001 -15"><span class='ocrx_word' id='word_1_646' title='bbox 2120 4448 2421 4508; x_wconf 84' lang='lat' dir='ltr'><strong>declarant,</strong></span> <span class='ocrx_word' id='word_1_647' title='bbox 2452 4446 2614 4517; x_wconf 80' lang='lat' dir='ltr'><strong>elegit</strong></span> <span class='ocrx_word' id='word_1_648' title='bbox 2654 4448 2757 4501; x_wconf 92' lang='lat' dir='ltr'><strong>sibi</strong></span> <span class='ocrx_word' id='word_1_649' title='bbox 2784 4447 3222 4503; x_wconf 76' lang='lat' dir='ltr'><strong>innascibititatis</strong></span> <span class='ocrx_word' id='word_1_650' title='bbox 3254 4449 3602 4511; x_wconf 88' lang='lat' dir='ltr'><strong>vocabulum,</strong></span> <span class='ocrx_word' id='word_1_651' title='bbox 3640 4460 3693 4503; x_wconf 58' lang='grc' dir='ltr'><strong>τι</strong></span> 
     </span>
    </p>
   </div>
   <div class='ocr_carea' id='block_1_92' title="bbox 439 4536 2016 4614">
    <p class='ocr_par' dir='ltr' id='par_1_92' title="bbox 439 4536 2016 4614">
     <span class='ocr_line' id='line_1_92' title="bbox 439 4536 2016 4614; baseline -0.004 -19"><span class='ocrx_word' id='word_1_652' title='bbox 439 4544 613 4614; x_wconf 69' lang='grc' dir='ltr'>ὕνομα</span> <span class='ocrx_word' id='word_1_653' title='bbox 641 4559 654 4571; x_wconf 87' lang='grc'><strong>·</strong></span> <span class='ocrx_word' id='word_1_654' title='bbox 700 4544 792 4595; x_wconf 74' lang='grc' dir='ltr'>καὶ</span> <span class='ocrx_word' id='word_1_655' title='bbox 820 4541 977 4595; x_wconf 81' lang='grc' dir='ltr'>τοῦτο</span> <span class='ocrx_word' id='word_1_656' title='bbox 1004 4540 1297 4610; x_wconf 87' lang='grc' dir='ltr'>πεποίηται</span> <span class='ocrx_word' id='word_1_657' title='bbox 1332 4539 1431 4608; x_wconf 82' lang='grc' dir='ltr'>τῆς</span> <span class='ocrx_word' id='word_1_658' title='bbox 1464 4537 1604 4590; x_wconf 85' lang='grc' dir='ltr'><strong>κατά</strong></span> <span class='ocrx_word' id='word_1_659' title='bbox 1634 4536 1728 4590; x_wconf 84' lang='grc' dir='ltr'>τοῦ</span> <span class='ocrx_word' id='word_1_660' title='bbox 1750 4537 2016 4608; x_wconf 88' lang='grc' dir='ltr'>δόγματος</span> 
     </span>
    </p>
   </div>
   <div class='ocr_carea' id='block_1_93' title="bbox 442 4630 2016 4705">
    <p class='ocr_par' dir='ltr' id='par_1_93' title="bbox 442 4630 2016 4705">
     <span class='ocr_line' id='line_1_93' title="bbox 442 4630 2016 4705; baseline -0.002 -19"><span class='ocrx_word' id='word_1_661' title='bbox 442 4634 599 4704; x_wconf 78' lang='grc' dir='ltr'>ήμῶν</span> <span class='ocrx_word' id='word_1_662' title='bbox 640 4633 988 4703; x_wconf 78' lang='grc' dir='ltr'>καταδρομῆς</span> <span class='ocrx_word' id='word_1_663' title='bbox 1023 4634 1392 4705; x_wconf 81' lang='grc' dir='ltr'>ὁρμητήριον,</span> <span class='ocrx_word' id='word_1_664' title='bbox 1439 4630 1537 4700; x_wconf 80' lang='grc' dir='ltr'>τὴν</span> <span class='ocrx_word' id='word_1_665' title='bbox 1581 4630 1673 4682; x_wconf 81' lang='grc' dir='ltr'>τοῦ</span> <span class='ocrx_word' id='word_1_666' title='bbox 1722 4630 2016 4699; x_wconf 76' lang='grc' dir='ltr'>γεννητοῦ</span> 
     </span>
    </p>
   </div>
   <div class='ocr_carea' id='block_1_94' title="bbox 445 4718 2018 4794">
    <p class='ocr_par' dir='ltr' id='par_1_94' title="bbox 445 4718 2018 4794">
     <span class='ocr_line' id='line_1_94' title="bbox 445 4718 2018 4794; baseline -0.004 -17"><span class='ocrx_word' id='word_1_667' title='bbox 445 4725 581 4794; x_wconf 81' lang='grc' dir='ltr'>πρὸς</span> <span class='ocrx_word' id='word_1_668' title='bbox 604 4724 664 4776; x_wconf 85' lang='grc' dir='ltr'>τὸ</span> <span class='ocrx_word' id='word_1_669' title='bbox 726 4723 1061 4792; x_wconf 58' lang='grc' dir='ltr'>ἀγέννητον</span> <span class='ocrx_word' id='word_1_670' title='bbox 1100 4721 1237 4774; x_wconf 87' lang='grc' dir='ltr'><strong>κατά</strong></span> <span class='ocrx_word' id='word_1_671' title='bbox 1271 4722 1368 4791; x_wconf 83' lang='grc' dir='ltr'>τὴν</span> <span class='ocrx_word' id='word_1_672' title='bbox 1404 4720 1679 4790; x_wconf 86' lang='grc' dir='ltr'>προφορὰν</span> <span class='ocrx_word' id='word_1_673' title='bbox 1707 4718 2018 4773; x_wconf 76' lang='grc' dir='ltr'>ἐναντίωσιν</span> 
     </span>
    </p>
   </div>
   <div class='ocr_carea' id='block_1_95' title="bbox 446 4808 2019 4886">
    <p class='ocr_par' dir='ltr' id='par_1_95' title="bbox 446 4808 2019 4886">
     <span class='ocr_line' id='line_1_95' title="bbox 446 4808 2019 4886; baseline -0.003 -17"><span class='ocrx_word' id='word_1_674' title='bbox 446 4818 538 4869; x_wconf 78' lang='grc' dir='ltr'><strong>ἐπὶ</strong></span> <span class='ocrx_word' id='word_1_675' title='bbox 560 4815 627 4870; x_wconf 81' lang='grc' dir='ltr'><strong>τὰ</strong></span> <span class='ocrx_word' id='word_1_676' title='bbox 668 4817 935 4886; x_wconf 83' lang='grc' dir='ltr'>πρόσωπα</span> <span class='ocrx_word' id='word_1_677' title='bbox 973 4813 1291 4884; x_wconf 81' lang='grc' dir='ltr'>μεταφέρων</span> <span class='ocrx_word' id='word_1_678' title='bbox 1325 4808 1406 4875; x_wconf 71' lang='grc' dir='ltr'>οἷς</span> <span class='ocrx_word' id='word_1_679' title='bbox 1439 4813 1779 4883; x_wconf 82' lang='grc' dir='ltr'>ὲφήρμοσται</span> <span class='ocrx_word' id='word_1_680' title='bbox 1804 4812 1872 4865; x_wconf 86' lang='grc' dir='ltr'><strong>τά</strong></span> <span class='ocrx_word' id='word_1_681' title='bbox 1899 4812 2019 4865; x_wconf 89' lang='grc' dir='ltr'>ὀνό-</span> 
     </span>
    </p>
   </div>
   <div class='ocr_carea' id='block_1_96' title="bbox 448 4902 2020 4979">
    <p class='ocr_par' dir='ltr' id='par_1_96' title="bbox 448 4902 2020 4979">
     <span class='ocr_line' id='line_1_96' title="bbox 448 4902 2020 4979; baseline -0.004 -18"><span class='ocrx_word' id='word_1_682' title='bbox 448 4920 623 4979; x_wconf 76' lang='grc' dir='ltr'>ματα·</span> <span class='ocrx_word' id='word_1_683' title='bbox 662 4908 754 4959; x_wconf 79' lang='grc' dir='ltr'>καὶ</span> <span class='ocrx_word' id='word_1_684' title='bbox 782 4906 869 4959; x_wconf 83' lang='grc' dir='ltr'>διὰ</span> <span class='ocrx_word' id='word_1_685' title='bbox 898 4905 1103 4958; x_wconf 87' lang='grc' dir='ltr'>τούτων</span> <span class='ocrx_word' id='word_1_686' title='bbox 1134 4906 1230 4975; x_wconf 79' lang='grc' dir='ltr'>τὴν</span> <span class='ocrx_word' id='word_1_687' title='bbox 1262 4903 1554 4974; x_wconf 79' lang='grc' dir='ltr'>ἑτερότητα</span> <span class='ocrx_word' id='word_1_688' title='bbox 1578 4904 1685 4956; x_wconf 83' lang='grc' dir='ltr'>τῶν</span> <span class='ocrx_word' id='word_1_689' title='bbox 1719 4903 1914 4957; x_wconf 86' lang='grc' dir='ltr'>οὑσιῶν</span> <span class='ocrx_word' id='word_1_690' title='bbox 1941 4902 2020 4973; x_wconf 83' lang='grc' dir='ltr'><strong>τῷ</strong></span> 
     </span>
    </p>
   </div>
   <div class='ocr_carea' id='block_1_97' title="bbox 448 4994 2022 5069">
    <p class='ocr_par' dir='ltr' id='par_1_97' title="bbox 448 4994 2022 5069">
     <span class='ocr_line' id='line_1_97' title="bbox 448 4994 2022 5069; baseline -0.002 -18"><span class='ocrx_word' id='word_1_691' title='bbox 448 4997 885 5069; x_wconf 83' lang='grc' dir='ltr'>παρηλλαγμένῳ</span> <span class='ocrx_word' id='word_1_692' title='bbox 910 4996 1018 5049; x_wconf 83' lang='grc' dir='ltr'><strong>τῶν</strong></span> <span class='ocrx_word' id='word_1_693' title='bbox 1046 4996 1331 5066; x_wconf 85' lang='grc' dir='ltr'>ὀνομάτων</span> <span class='ocrx_word' id='word_1_694' title='bbox 1353 4994 1628 5063; x_wconf 80' lang='grc' dir='ltr'>σοφίζεται</span> <span class='ocrx_word' id='word_1_695' title='bbox 1653 5011 1665 5025; x_wconf 77' lang='grc'><strong><em>⁸</em></strong></span> <span class='ocrx_word' id='word_1_696' title='bbox 1700 4996 1802 5048; x_wconf 83' lang='grc' dir='ltr'>οὐκ</span> <span class='ocrx_word' id='word_1_697' title='bbox 1836 4995 2022 5065; x_wconf 71' lang='grc' dir='ltr'>ἐπειδὴ</span> 
     </span>
    </p>
   </div>
   <div class='ocr_carea' id='block_1_98' title="bbox 448 5085 2019 5160">
    <p class='ocr_par' dir='ltr' id='par_1_98' title="bbox 448 5085 2019 5160">
     <span class='ocr_line' id='line_1_98' title="bbox 448 5085 2019 5160; baseline -0.002 -17"><span class='ocrx_word' id='word_1_698' title='bbox 448 5090 765 5160; x_wconf 84' lang='grc' dir='ltr'>γεγέννηται</span> <span class='ocrx_word' id='word_1_699' title='bbox 811 5088 1088 5158; x_wconf 82' lang='grc' dir='ltr'>γεννητὸν,</span> <span class='ocrx_word' id='word_1_700' title='bbox 1136 5087 1242 5140; x_wconf 81' lang='grc' dir='ltr'>οὐδ’</span> <span class='ocrx_word' id='word_1_701' title='bbox 1286 5089 1367 5141; x_wconf 86' lang='grc' dir='ltr'>ὅτι</span> <span class='ocrx_word' id='word_1_702' title='bbox 1420 5085 1494 5157; x_wconf 82' lang='grc' dir='ltr'>μὴ</span> <span class='ocrx_word' id='word_1_703' title='bbox 1547 5088 1822 5157; x_wconf 87' lang='grc' dir='ltr'>γεννηθείς</span> <span class='ocrx_word' id='word_1_704' title='bbox 1852 5088 2019 5151; x_wconf 79' lang='grc' dir='ltr'>ἐστιν,</span> 
     </span>
    </p>
   </div>
   <div class='ocr_carea' id='block_1_99' title="bbox 447 5179 2023 5252">
    <p class='ocr_par' dir='ltr' id='par_1_99' title="bbox 447 5179 2023 5252">
     <span class='ocr_line' id='line_1_99' title="bbox 447 5179 2023 5252; baseline -0.001 -17"><span class='ocrx_word' id='word_1_705' title='bbox 447 5182 738 5250; x_wconf 82' lang='grc' dir='ltr'>ἀγέννηνον</span> <span class='ocrx_word' id='word_1_706' title='bbox 762 5180 1016 5249; x_wconf 85' lang='grc' dir='ltr'>λέγεσθαι</span> <span class='ocrx_word' id='word_1_707' title='bbox 1048 5179 1429 5249; x_wconf 86' lang='grc' dir='ltr'>συντιθέμενος</span> <span class='ocrx_word' id='word_1_708' title='bbox 1459 5198 1474 5213; x_wconf 74' lang='grc'><strong>⁸</strong></span> <span class='ocrx_word' id='word_1_709' title='bbox 1522 5182 1659 5235; x_wconf 87' lang='grc' dir='ltr'><strong>ἀλλά</strong></span> <span class='ocrx_word' id='word_1_710' title='bbox 1688 5181 1778 5234; x_wconf 86' lang='grc' dir='ltr'>τὸν</span> <span class='ocrx_word' id='word_1_711' title='bbox 1810 5181 1927 5252; x_wconf 84' lang='grc' dir='ltr'>μὲν,</span> <span class='ocrx_word' id='word_1_712' title='bbox 1959 5181 2023 5233; x_wconf 80' lang='grc' dir='ltr'>ὲκ</span> 
     </span>
    </p>
   </div>
   <div class='ocr_carea' id='block_1_100' title="bbox 448 5269 2023 5346">
    <p class='ocr_par' dir='ltr' id='par_1_100' title="bbox 448 5269 2023 5346">
     <span class='ocr_line' id='line_1_100' title="bbox 448 5269 2023 5346; baseline -0.002 -18"><span class='ocrx_word' id='word_1_713' title='bbox 448 5276 545 5346; x_wconf 80' lang='grc' dir='ltr'>τῆς</span> <span class='ocrx_word' id='word_1_714' title='bbox 572 5277 878 5344; x_wconf 83' lang='grc' dir='ltr'>γεννήσεως</span> <span class='ocrx_word' id='word_1_715' title='bbox 938 5272 1265 5329; x_wconf 81' lang='grc' dir='ltr'>ούσιῶσθαι</span> <span class='ocrx_word' id='word_1_716' title='bbox 1303 5272 1482 5342; x_wconf 85' lang='grc' dir='ltr'>λέγειν</span> <span class='ocrx_word' id='word_1_717' title='bbox 1522 5290 1534 5303; x_wconf 90' lang='grc'><strong>·</strong></span> <span class='ocrx_word' id='word_1_718' title='bbox 1578 5275 1678 5326; x_wconf 85' lang='grc' dir='ltr'>οὐκ</span> <span class='ocrx_word' id='word_1_719' title='bbox 1716 5269 1832 5326; x_wconf 78' lang='grc' dir='ltr'>οἶδα</span> <span class='ocrx_word' id='word_1_720' title='bbox 1865 5271 2023 5336; x_wconf 89' lang='grc' dir='ltr'>ποίας</span> 
     </span>
    </p>
   </div>
   <div class='ocr_carea' id='block_1_101' title="bbox 449 5362 2027 5435">
    <p class='ocr_par' dir='ltr' id='par_1_101' title="bbox 449 5362 2027 5435">
     <span class='ocr_line' id='line_1_101' title="bbox 449 5362 2027 5435; baseline -0.003 -15"><span class='ocrx_word' id='word_1_721' title='bbox 449 5367 611 5422; x_wconf 82' lang='grc' dir='ltr'>αὐτὸν</span> <span class='ocrx_word' id='word_1_722' title='bbox 645 5367 834 5435; x_wconf 84' lang='grc' dir='ltr'>σοφίας</span> <span class='ocrx_word' id='word_1_723' title='bbox 879 5364 972 5417; x_wconf 72' lang='grc' dir='ltr'><strong>ἐπὶ</strong></span> <span class='ocrx_word' id='word_1_724' title='bbox 1006 5363 1106 5435; x_wconf 86' lang='grc' dir='ltr'>τὴν</span> <span class='ocrx_word' id='word_1_725' title='bbox 1139 5362 1390 5435; x_wconf 80' lang='grc' dir='ltr'>τοιαύτην</span> <span class='ocrx_word' id='word_1_726' title='bbox 1420 5362 1632 5417; x_wconf 90' lang='grc' dir='ltr'>σύνεσιν</span> <span class='ocrx_word' id='word_1_727' title='bbox 1659 5362 2027 5434; x_wconf 67' lang='grc' dir='ltr'>χειραγωγούο</span> 
     </span>
    </p>
   </div>
   <div class='ocr_carea' id='block_1_102' title="bbox 453 5455 2026 5530">
    <p class='ocr_par' dir='ltr' id='par_1_102' title="bbox 453 5455 2026 5530">
     <span class='ocr_line' id='line_1_102' title="bbox 453 5455 2026 5530; baseline -0.003 -19"><span class='ocrx_word' id='word_1_728' title='bbox 453 5476 570 5529; x_wconf 85' lang='grc' dir='ltr'>σης.</span> <span class='ocrx_word' id='word_1_729' title='bbox 615 5460 680 5511; x_wconf 85' lang='grc' dir='ltr'>Εἰ</span> <span class='ocrx_word' id='word_1_730' title='bbox 732 5458 839 5530; x_wconf 89' lang='grc' dir='ltr'><strong>γάρ</strong></span> <span class='ocrx_word' id='word_1_731' title='bbox 871 5474 952 5521; x_wconf 85' lang='grc' dir='ltr'><strong>τις</strong></span> <span class='ocrx_word' id='word_1_732' title='bbox 994 5457 1162 5520; x_wconf 84' lang='grc' dir='ltr'>αὑτὰς</span> <span class='ocrx_word' id='word_1_733' title='bbox 1206 5457 1289 5525; x_wconf 78' lang='grc' dir='ltr'><strong>ἐφ’</strong></span> <span class='ocrx_word' id='word_1_734' title='bbox 1323 5455 1530 5510; x_wconf 84' lang='grc' dir='ltr'>ὲαυτῶν</span> <span class='ocrx_word' id='word_1_735' title='bbox 1573 5455 1876 5525; x_wconf 87' lang='grc' dir='ltr'>καταμάθοι</span> <span class='ocrx_word' id='word_1_736' title='bbox 1918 5455 2026 5508; x_wconf 85' lang='grc' dir='ltr'><strong>τῶν</strong></span> 
     </span>
    </p>
   </div>
   <div class='ocr_carea' id='block_1_103' title="bbox 450 5548 2025 5622">
    <p class='ocr_par' dir='ltr' id='par_1_103' title="bbox 450 5548 2025 5622">
     <span class='ocr_line' id='line_1_103' title="bbox 450 5548 2025 5622; baseline 0 -20"><span class='ocrx_word' id='word_1_737' title='bbox 450 5550 730 5619; x_wconf 85' lang='grc' dir='ltr'>ὀνομάτων</span> <span class='ocrx_word' id='word_1_738' title='bbox 754 5552 852 5613; x_wconf 86' lang='grc' dir='ltr'><strong>τὰς</strong></span> <span class='ocrx_word' id='word_1_739' title='bbox 877 5550 1161 5621; x_wconf 74' lang='grc' dir='ltr'>ἐμφάσεις,</span> <span class='ocrx_word' id='word_1_740' title='bbox 1178 5549 1385 5621; x_wconf 83' lang='grc' dir='ltr'>ὑφελὼν</span> <span class='ocrx_word' id='word_1_741' title='bbox 1408 5549 1483 5619; x_wconf 82' lang='grc' dir='ltr'>τῷ</span> <span class='ocrx_word' id='word_1_742' title='bbox 1502 5548 1644 5622; x_wconf 84' lang='grc' dir='ltr'>λόγῳ</span> <span class='ocrx_word' id='word_1_743' title='bbox 1672 5549 1739 5601; x_wconf 85' lang='grc' dir='ltr'>τὰ</span> <span class='ocrx_word' id='word_1_744' title='bbox 1761 5550 2025 5620; x_wconf 86' lang='grc' dir='ltr'>πρόσωπα</span> 
     </span>
    </p>
   </div>
   <div class='ocr_carea' id='block_1_104' title="bbox 454 5635 2022 5712">
    <p class='ocr_par' dir='ltr' id='par_1_104' title="bbox 454 5635 2022 5712">
     <span class='ocr_line' id='line_1_104' title="bbox 454 5635 2022 5712; baseline 0.001 -19"><span class='ocrx_word' id='word_1_745' title='bbox 454 5642 539 5709; x_wconf 74' lang='grc' dir='ltr'><strong>ἐφ’</strong></span> <span class='ocrx_word' id='word_1_746' title='bbox 582 5635 657 5695; x_wconf 83' lang='grc' dir='ltr'>ὧν</span> <span class='ocrx_word' id='word_1_747' title='bbox 698 5641 956 5712; x_wconf 85' lang='grc' dir='ltr'>τετάχθαι</span> <span class='ocrx_word' id='word_1_748' title='bbox 990 5642 1135 5696; x_wconf 84' lang='grc' dir='ltr'>δοκεῖ</span> <span class='ocrx_word' id='word_1_749' title='bbox 1166 5642 1235 5695; x_wconf 89' lang='grc' dir='ltr'><strong>τά</strong></span> <span class='ocrx_word' id='word_1_750' title='bbox 1279 5642 1538 5712; x_wconf 86' lang='grc' dir='ltr'>ὀνόματα,</span> <span class='ocrx_word' id='word_1_751' title='bbox 1581 5641 1800 5712; x_wconf 86' lang='grc' dir='ltr'>εὑρήσει</span> <span class='ocrx_word' id='word_1_752' title='bbox 1829 5641 1890 5694; x_wconf 89' lang='grc' dir='ltr'>τὸ</span> <span class='ocrx_word' id='word_1_753' title='bbox 1924 5642 2022 5712; x_wconf 86' lang='grc' dir='ltr'>μά-</span> 
     </span>
    </p>
   </div>
   <div class='ocr_carea' id='block_1_105' title="bbox 455 5732 2025 5805">
    <p class='ocr_par' dir='ltr' id='par_1_105' title="bbox 455 5732 2025 5805">
     <span class='ocr_line' id='line_1_105' title="bbox 455 5732 2025 5805; baseline 0.002 -20"><span class='ocrx_word' id='word_1_754' title='bbox 455 5749 602 5787; x_wconf 86' lang='grc' dir='ltr'>ταιον</span> <span class='ocrx_word' id='word_1_755' title='bbox 629 5734 723 5805; x_wconf 75' lang='grc' dir='ltr'>τῆς</span> <span class='ocrx_word' id='word_1_756' title='bbox 759 5733 996 5796; x_wconf 77' lang='grc' dir='ltr'>διανοίας</span> <span class='ocrx_word' id='word_1_757' title='bbox 1043 5733 1144 5787; x_wconf 83' lang='grc' dir='ltr'><strong>τῶν</strong></span> <span class='ocrx_word' id='word_1_758' title='bbox 1173 5735 1301 5805; x_wconf 80' lang='grc' dir='ltr'>παρ’</span> <span class='ocrx_word' id='word_1_759' title='bbox 1349 5732 1515 5787; x_wconf 84' lang='grc' dir='ltr'>αὑτοῦ</span> <span class='ocrx_word' id='word_1_760' title='bbox 1555 5732 1878 5803; x_wconf 78' lang='grc' dir='ltr'>λεγομένων.</span> <span class='ocrx_word' id='word_1_761' title='bbox 1933 5736 2025 5805; x_wconf 83' lang='grc' dir='ltr'><strong>Μὴ</strong></span> 
     </span>
    </p>
   </div>
   <div class='ocr_carea' id='block_1_106' title="bbox 2121 4540 3693 4610">
    <p class='ocr_par' dir='ltr' id='par_1_106' title="bbox 2121 4540 3693 4610">
     <span class='ocr_line' id='line_1_106' title="bbox 2121 4540 3693 4610; baseline 0.001 -18"><span class='ocrx_word' id='word_1_762' title='bbox 2121 4540 2224 4594; x_wconf 89' lang='lat' dir='ltr'><strong>hoc</strong></span> <span class='ocrx_word' id='word_1_763' title='bbox 2259 4554 2359 4609; x_wconf 92' lang='lat' dir='ltr'><strong>pro</strong></span> <span class='ocrx_word' id='word_1_764' title='bbox 2397 4554 2522 4594; x_wconf 90' lang='lat' dir='ltr'><strong>arce</strong></span> <span class='ocrx_word' id='word_1_765' title='bbox 2550 4547 2604 4593; x_wconf 90' lang='lat' dir='ltr'><strong>et</strong></span> <span class='ocrx_word' id='word_1_766' title='bbox 2634 4541 3046 4610; x_wconf 85' lang='lat' dir='ltr'><strong>propugnaculo</strong></span> <span class='ocrx_word' id='word_1_767' title='bbox 3071 4580 3086 4603; x_wconf 94' lang='lat'><strong>,</strong></span> <span class='ocrx_word' id='word_1_768' title='bbox 3134 4540 3279 4594; x_wconf 87' lang='lat' dir='ltr'><strong>unde</strong></span> <span class='ocrx_word' id='word_1_769' title='bbox 3308 4542 3362 4594; x_wconf 89' lang='lat' dir='ltr'><strong>in</strong></span> <span class='ocrx_word' id='word_1_770' title='bbox 3386 4541 3693 4594; x_wconf 88' lang='lat' dir='ltr'><strong>doctrinam</strong></span> 
     </span>
    </p>
   </div>
   <div class='ocr_carea' id='block_1_107' title="bbox 2121 4631 3695 4702">
    <p class='ocr_par' dir='ltr' id='par_1_107' title="bbox 2121 4631 3695 4702">
     <span class='ocr_line' id='line_1_107' title="bbox 2121 4631 3695 4702; baseline 0 -17"><span class='ocrx_word' id='word_1_771' title='bbox 2121 4646 2312 4686; x_wconf 83' lang='lat' dir='ltr'><strong>sanam</strong></span> <span class='ocrx_word' id='word_1_772' title='bbox 2338 4631 2533 4696; x_wconf 84' lang='lat' dir='ltr'><strong>irruat,</strong></span> <span class='ocrx_word' id='word_1_773' title='bbox 2555 4633 2864 4697; x_wconf 85' lang='lat' dir='ltr'><strong>constituit,</strong></span> <span class='ocrx_word' id='word_1_774' title='bbox 2889 4633 3221 4686; x_wconf 90' lang='lat' dir='ltr'><strong>contrariam</strong></span> <span class='ocrx_word' id='word_1_775' title='bbox 3254 4634 3544 4698; x_wconf 86' lang='lat' dir='ltr'><strong>rationem,</strong></span> <span class='ocrx_word' id='word_1_776' title='bbox 3573 4649 3695 4702; x_wconf 75' lang='lat' dir='ltr'><strong>qua:</strong></span> 
     </span>
    </p>
   </div>
   <div class='ocr_carea' id='block_1_108' title="bbox 2121 4725 3692 4796">
    <p class='ocr_par' dir='ltr' id='par_1_108' title="bbox 2121 4725 3692 4796">
     <span class='ocr_line' id='line_1_108' title="bbox 2121 4725 3692 4796; baseline 0 -18"><span class='ocrx_word' id='word_1_777' title='bbox 2121 4733 2205 4778; x_wconf 89' lang='lat' dir='ltr'><strong>est</strong></span> <span class='ocrx_word' id='word_1_778' title='bbox 2240 4725 2293 4778; x_wconf 93' lang='lat' dir='ltr'><strong>in</strong></span> <span class='ocrx_word' id='word_1_779' title='bbox 2327 4725 2554 4779; x_wconf 83' lang='lat' dir='ltr'><strong>vocibus</strong></span> <span class='ocrx_word' id='word_1_780' title='bbox 2583 4726 2745 4794; x_wconf 73' lang='lat' dir='ltr'><strong>geniti</strong></span> <span class='ocrx_word' id='word_1_781' title='bbox 2781 4734 2833 4778; x_wconf 91' lang='lat' dir='ltr'><strong>et</strong></span> <span class='ocrx_word' id='word_1_782' title='bbox 2858 4726 3101 4795; x_wconf 78' lang='lat' dir='ltr'><strong>ingeniti,</strong></span> <span class='ocrx_word' id='word_1_783' title='bbox 3134 4726 3202 4779; x_wconf 88' lang='lat' dir='ltr'><strong>ad</strong></span> <span class='ocrx_word' id='word_1_784' title='bbox 3238 4727 3383 4794; x_wconf 85' lang='lat' dir='ltr'><strong>ipsas</strong></span> <span class='ocrx_word' id='word_1_785' title='bbox 3408 4742 3692 4796; x_wconf 78' lang='lat' dir='ltr'><strong>personas,</strong></span> 
     </span>
    </p>
   </div>
   <div class='ocr_carea' id='block_1_109' title="bbox 2121 4815 3695 4884">
    <p class='ocr_par' dir='ltr' id='par_1_109' title="bbox 2121 4815 3695 4884">
     <span class='ocr_line' id='line_1_109' title="bbox 2121 4815 3695 4884; baseline 0.004 -16"><span class='ocrx_word' id='word_1_786' title='bbox 2121 4815 2324 4884; x_wconf 90' lang='lat' dir='ltr'><strong>quibus</strong></span> <span class='ocrx_word' id='word_1_787' title='bbox 2354 4816 2574 4871; x_wconf 87' lang='lat' dir='ltr'><strong>nomina</strong></span> <span class='ocrx_word' id='word_1_788' title='bbox 2600 4817 2957 4881; x_wconf 90' lang='lat' dir='ltr'><strong>conveniunt,</strong></span> <span class='ocrx_word' id='word_1_789' title='bbox 2990 4819 3350 4881; x_wconf 82' lang='lat' dir='ltr'><strong>transferens,</strong></span> <span class='ocrx_word' id='word_1_790' title='bbox 3380 4828 3433 4871; x_wconf 90' lang='lat' dir='ltr'><strong>et</strong></span> <span class='ocrx_word' id='word_1_791' title='bbox 3468 4828 3695 4874; x_wconf 54' lang='lat' dir='ltr'><strong>naturae</strong></span> 
     </span>
    </p>
   </div>
   <div class='ocr_carea' id='block_1_110' title="bbox 2123 4906 3695 4966">
    <p class='ocr_par' dir='ltr' id='par_1_110' title="bbox 2123 4906 3695 4966">
     <span class='ocr_line' id='line_1_110' title="bbox 2123 4906 3695 4966; baseline 0.004 -6"><span class='ocrx_word' id='word_1_792' title='bbox 2123 4923 2245 4962; x_wconf 90' lang='lat' dir='ltr'><strong>rum</strong></span> <span class='ocrx_word' id='word_1_793' title='bbox 2287 4906 2660 4963; x_wconf 88' lang='lat' dir='ltr'><strong>diversitatem</strong></span> <span class='ocrx_word' id='word_1_794' title='bbox 2690 4924 2754 4961; x_wconf 85' lang='lat' dir='ltr'><strong>ex</strong></span> <span class='ocrx_word' id='word_1_795' title='bbox 2784 4911 3068 4963; x_wconf 88' lang='lat' dir='ltr'><strong>nominum</strong></span> <span class='ocrx_word' id='word_1_796' title='bbox 3104 4908 3423 4966; x_wconf 87' lang='lat' dir='ltr'><strong>diversitate</strong></span> <span class='ocrx_word' id='word_1_797' title='bbox 3459 4914 3695 4965; x_wconf 89' lang='lat' dir='ltr'><strong>commi-</strong></span> 
     </span>
    </p>
   </div>
   <div class='ocr_carea' id='block_1_111' title="bbox 2126 4998 3697 5075">
    <p class='ocr_par' dir='ltr' id='par_1_111' title="bbox 2126 4998 3697 5075">
     <span class='ocr_line' id='line_1_111' title="bbox 2126 4998 3697 5075; baseline 0.004 -22"><span class='ocrx_word' id='word_1_798' title='bbox 2126 5001 2364 5055; x_wconf 90' lang='lat' dir='ltr'><strong>niscens.</strong></span> <span class='ocrx_word' id='word_1_799' title='bbox 2402 4998 2494 5051; x_wconf 84' lang='lat' dir='ltr'><strong>Ait</strong></span> <span class='ocrx_word' id='word_1_800' title='bbox 2524 4998 2692 5063; x_wconf 91' lang='lat' dir='ltr'><strong>enim,</strong></span> <span class='ocrx_word' id='word_1_801' title='bbox 2729 5014 2838 5052; x_wconf 88' lang='lat' dir='ltr'><strong>non</strong></span> <span class='ocrx_word' id='word_1_802' title='bbox 2877 5000 2982 5053; x_wconf 88' lang='lat' dir='ltr'><strong>dici</strong></span> <span class='ocrx_word' id='word_1_803' title='bbox 3016 5003 3278 5069; x_wconf 81' lang='lat' dir='ltr'><strong>genitum,</strong></span> <span class='ocrx_word' id='word_1_804' title='bbox 3303 5003 3427 5071; x_wconf 88' lang='lat' dir='ltr'><strong>quia</strong></span> <span class='ocrx_word' id='word_1_805' title='bbox 3478 5007 3697 5075; x_wconf 81' lang='lat' dir='ltr'><strong>genitus</strong></span> 
     </span>
    </p>
   </div>
   <div class='ocr_carea' id='block_1_112' title="bbox 2125 5089 3695 5159">
    <p class='ocr_par' dir='ltr' id='par_1_112' title="bbox 2125 5089 3695 5159">
     <span class='ocr_line' id='line_1_112' title="bbox 2125 5089 3695 5159; baseline 0.002 -14"><span class='ocrx_word' id='word_1_806' title='bbox 2125 5092 2216 5151; x_wconf 85' lang='lat' dir='ltr'><strong>sit,</strong></span> <span class='ocrx_word' id='word_1_807' title='bbox 2248 5106 2345 5144; x_wconf 89' lang='lat' dir='ltr'><strong>nec</strong></span> <span class='ocrx_word' id='word_1_808' title='bbox 2373 5090 2697 5156; x_wconf 78' lang='lat' dir='ltr'><strong>ingenitum,</strong></span> <span class='ocrx_word' id='word_1_809' title='bbox 2738 5089 2863 5157; x_wconf 91' lang='lat' dir='ltr'><strong>quia</strong></span> <span class='ocrx_word' id='word_1_810' title='bbox 2895 5092 3113 5159; x_wconf 87' lang='lat' dir='ltr'><strong>genitus</strong></span> <span class='ocrx_word' id='word_1_811' title='bbox 3144 5106 3252 5145; x_wconf 92' lang='lat' dir='ltr'><strong>non</strong></span> <span class='ocrx_word' id='word_1_812' title='bbox 3282 5094 3389 5147; x_wconf 88' lang='lat' dir='ltr'><strong>sit:</strong></span> <span class='ocrx_word' id='word_1_813' title='bbox 3428 5095 3522 5148; x_wconf 87' lang='lat' dir='ltr'><strong>sed</strong></span> <span class='ocrx_word' id='word_1_814' title='bbox 3558 5097 3695 5150; x_wconf 87' lang='lat' dir='ltr'><strong>alte-</strong></span> 
     </span>
    </p>
   </div>
   <div class='ocr_carea' id='block_1_113' title="bbox 2124 5184 3695 5258">
    <p class='ocr_par' dir='ltr' id='par_1_113' title="bbox 2124 5184 3695 5258">
     <span class='ocr_line' id='line_1_113' title="bbox 2124 5184 3695 5258; baseline 0.003 -21"><span class='ocrx_word' id='word_1_815' title='bbox 2124 5198 2245 5237; x_wconf 91' lang='lat' dir='ltr'><strong>rum</strong></span> <span class='ocrx_word' id='word_1_816' title='bbox 2276 5198 2340 5236; x_wconf 80' lang='lat' dir='ltr'><strong>ex</strong></span> <span class='ocrx_word' id='word_1_817' title='bbox 2366 5184 2710 5252; x_wconf 77' lang='lat' dir='ltr'><strong>generatione</strong></span> <span class='ocrx_word' id='word_1_818' title='bbox 2730 5184 3070 5237; x_wconf 71' lang='lat' dir='ltr'><strong>essentiam»:</strong></span> <span class='ocrx_word' id='word_1_819' title='bbox 3094 5199 3217 5240; x_wconf 88' lang='lat' dir='ltr'><strong>esse</strong></span> <span class='ocrx_word' id='word_1_820' title='bbox 3266 5185 3347 5257; x_wconf 88' lang='lat' dir='ltr'><strong>(ut</strong></span> <span class='ocrx_word' id='word_1_821' title='bbox 3370 5189 3439 5242; x_wconf 87' lang='lat' dir='ltr'><strong>ita</strong></span> <span class='ocrx_word' id='word_1_822' title='bbox 3466 5187 3695 5258; x_wconf 89' lang='lat' dir='ltr'><strong>loquar),</strong></span> 
     </span>
    </p>
   </div>
   <div class='ocr_carea' id='block_1_114' title="bbox 2126 5274 3697 5349">
    <p class='ocr_par' dir='ltr' id='par_1_114' title="bbox 2126 5274 3697 5349">
     <span class='ocr_line' id='line_1_114' title="bbox 2126 5274 3697 5349; baseline 0.005 -23"><span class='ocrx_word' id='word_1_823' title='bbox 2126 5274 2314 5327; x_wconf 87' lang='lat' dir='ltr'><strong>nescio</strong></span> <span class='ocrx_word' id='word_1_824' title='bbox 2366 5287 2602 5343; x_wconf 84' lang='lat' dir='ltr'><strong>quanam</strong></span> <span class='ocrx_word' id='word_1_825' title='bbox 2666 5275 2931 5343; x_wconf 87' lang='lat' dir='ltr'><strong>sapientia</strong></span> <span class='ocrx_word' id='word_1_826' title='bbox 2993 5276 3059 5330; x_wconf 90' lang='lat' dir='ltr'><strong>ad</strong></span> <span class='ocrx_word' id='word_1_827' title='bbox 3096 5277 3234 5330; x_wconf 90' lang='lat' dir='ltr'><strong>hanc</strong></span> <span class='ocrx_word' id='word_1_828' title='bbox 3286 5278 3697 5349; x_wconf 82' lang='lat' dir='ltr'><strong>intelligentiam</strong></span> 
     </span>
    </p>
   </div>
   <div class='ocr_carea' id='block_1_115' title="bbox 2128 5365 3701 5440">
    <p class='ocr_par' dir='ltr' id='par_1_115' title="bbox 2128 5365 3701 5440">
     <span class='ocr_line' id='line_1_115' title="bbox 2128 5365 3701 5440; baseline 0.003 -21"><span class='ocrx_word' id='word_1_829' title='bbox 2128 5366 2404 5421; x_wconf 89' lang='lat' dir='ltr'><strong>inductus.</strong></span> <span class='ocrx_word' id='word_1_830' title='bbox 2440 5365 2496 5419; x_wconf 88' lang='lat' dir='ltr'><strong>Si</strong></span> <span class='ocrx_word' id='word_1_831' title='bbox 2521 5367 2666 5421; x_wconf 91' lang='lat' dir='ltr'><strong>enim</strong></span> <span class='ocrx_word' id='word_1_832' title='bbox 2698 5368 2822 5437; x_wconf 90' lang='lat' dir='ltr'><strong>quis</strong></span> <span class='ocrx_word' id='word_1_833' title='bbox 2847 5367 3100 5433; x_wconf 86' lang='lat' dir='ltr'><strong>seorsim,</strong></span> <span class='ocrx_word' id='word_1_834' title='bbox 3139 5380 3191 5423; x_wconf 86' lang='lat' dir='ltr'><strong>et</strong></span> <span class='ocrx_word' id='word_1_835' title='bbox 3224 5385 3319 5439; x_wconf 90' lang='lat' dir='ltr'><strong>per</strong></span> <span class='ocrx_word' id='word_1_836' title='bbox 3351 5386 3410 5424; x_wconf 83' lang='lat' dir='ltr'><strong>se</strong></span> <span class='ocrx_word' id='word_1_837' title='bbox 3457 5373 3701 5440; x_wconf 84' lang='lat' dir='ltr'><strong>singulo-</strong></span> 
     </span>
    </p>
   </div>
   <div class='ocr_carea' id='block_1_116' title="bbox 2126 5460 3699 5531">
    <p class='ocr_par' dir='ltr' id='par_1_116' title="bbox 2126 5460 3699 5531">
     <span class='ocr_line' id='line_1_116' title="bbox 2126 5460 3699 5531; baseline 0.003 -18"><span class='ocrx_word' id='word_1_838' title='bbox 2126 5474 2246 5513; x_wconf 87' lang='lat' dir='ltr'><strong>rum</strong></span> <span class='ocrx_word' id='word_1_839' title='bbox 2280 5460 2559 5515; x_wconf 88' lang='lat' dir='ltr'><strong>nominum</strong></span> <span class='ocrx_word' id='word_1_840' title='bbox 2590 5461 3016 5530; x_wconf 82' lang='lat' dir='ltr'><strong>signilicationes</strong></span> <span class='ocrx_word' id='word_1_841' title='bbox 3048 5464 3363 5531; x_wconf 86' lang='lat' dir='ltr'><strong>perpendat,</strong></span> <span class='ocrx_word' id='word_1_842' title='bbox 3401 5463 3699 5517; x_wconf 80' lang='lat' dir='ltr'><strong>subtractis</strong></span> 
     </span>
    </p>
   </div>
   <div class='ocr_carea' id='block_1_117' title="bbox 2126 5549 3701 5619">
    <p class='ocr_par' dir='ltr' id='par_1_117' title="bbox 2126 5549 3701 5619">
     <span class='ocr_line' id='line_1_117' title="bbox 2126 5549 3701 5619; baseline 0.001 -15"><span class='ocrx_word' id='word_1_843' title='bbox 2126 5549 2360 5604; x_wconf 85' lang='lat' dir='ltr'><strong>orationi</strong></span> <span class='ocrx_word' id='word_1_844' title='bbox 2385 5550 2656 5619; x_wconf 75' lang='lat' dir='ltr'><strong>personis,</strong></span> <span class='ocrx_word' id='word_1_845' title='bbox 2681 5549 2748 5604; x_wconf 92' lang='lat' dir='ltr'><strong>de</strong></span> <span class='ocrx_word' id='word_1_846' title='bbox 2770 5550 2970 5619; x_wconf 85' lang='lat' dir='ltr'><strong>quibus</strong></span> <span class='ocrx_word' id='word_1_847' title='bbox 3000 5550 3191 5605; x_wconf 86' lang='lat' dir='ltr'><strong>ordine</strong></span> <span class='ocrx_word' id='word_1_848' title='bbox 3216 5552 3490 5606; x_wconf 87' lang='lat' dir='ltr'><strong>enuntiari</strong></span> <span class='ocrx_word' id='word_1_849' title='bbox 3520 5552 3701 5605; x_wconf 83' lang='lat' dir='ltr'><strong>viden-</strong></span> 
     </span>
    </p>
   </div>
   <div class='ocr_carea' id='block_1_118' title="bbox 2127 5640 3699 5711">
    <p class='ocr_par' dir='ltr' id='par_1_118' title="bbox 2127 5640 3699 5711">
     <span class='ocr_line' id='line_1_118' title="bbox 2127 5640 3699 5711; baseline 0.001 -17"><span class='ocrx_word' id='word_1_850' title='bbox 2127 5649 2236 5704; x_wconf 92' lang='lat' dir='ltr'><strong>tur,</strong></span> <span class='ocrx_word' id='word_1_851' title='bbox 2272 5655 2394 5695; x_wconf 81' lang='lat' dir='ltr'><strong>mox</strong></span> <span class='ocrx_word' id='word_1_852' title='bbox 2428 5640 2720 5694; x_wconf 86' lang='lat' dir='ltr'><strong>vanitatem</strong></span> <span class='ocrx_word' id='word_1_853' title='bbox 2752 5654 2965 5705; x_wconf 84' lang='lat' dir='ltr'><strong>eorum,</strong></span> <span class='ocrx_word' id='word_1_854' title='bbox 3002 5657 3122 5711; x_wconf 75' lang='lat' dir='ltr'><strong>qua:</strong></span> <span class='ocrx_word' id='word_1_855' title='bbox 3151 5642 3254 5697; x_wconf 91' lang='lat' dir='ltr'><strong>iste</strong></span> <span class='ocrx_word' id='word_1_856' title='bbox 3285 5641 3498 5707; x_wconf 88' lang='lat' dir='ltr'><strong>asserit,</strong></span> <span class='ocrx_word' id='word_1_857' title='bbox 3536 5641 3699 5695; x_wconf 87' lang='lat' dir='ltr'><strong>intel-</strong></span> 
     </span>
    </p>
   </div>
   <div class='ocr_carea' id='block_1_119' title="bbox 2129 5732 3697 5805">
    <p class='ocr_par' dir='ltr' id='par_1_119' title="bbox 2129 5732 3697 5805">
     <span class='ocr_line' id='line_1_119' title="bbox 2129 5732 3697 5805; baseline 0 -17"><span class='ocrx_word' id='word_1_858' title='bbox 2129 5735 2296 5805; x_wconf 78' lang='lat' dir='ltr'><strong>liget:</strong></span> <span class='ocrx_word' id='word_1_859' title='bbox 2331 5748 2437 5788; x_wconf 89' lang='lat' dir='ltr'><strong>non</strong></span> <span class='ocrx_word' id='word_1_860' title='bbox 2466 5732 2633 5798; x_wconf 88' lang='lat' dir='ltr'><strong>enim,</strong></span> <span class='ocrx_word' id='word_1_861' title='bbox 2672 5733 2800 5803; x_wconf 87' lang='lat' dir='ltr'><strong>quia</strong></span> <span class='ocrx_word' id='word_1_862' title='bbox 2830 5732 3009 5802; x_wconf 89' lang='lat' dir='ltr'><strong>Pater,</strong></span> <span class='ocrx_word' id='word_1_863' title='bbox 3045 5742 3102 5787; x_wconf 92' lang='lat' dir='ltr'><strong>ut</strong></span> <span class='ocrx_word' id='word_1_864' title='bbox 3133 5750 3271 5804; x_wconf 77' lang='lat' dir='ltr'><strong>ver-.c</strong></span> <span class='ocrx_word' id='word_1_865' title='bbox 3304 5733 3427 5788; x_wconf 79' lang='lat' dir='ltr'><strong>ihlci</strong></span> <span class='ocrx_word' id='word_1_866' title='bbox 3450 5734 3697 5788; x_wconf 75' lang='lat' dir='ltr'><strong>doctrina</strong></span> 
     </span>
    </p>
   </div>
  </div>
