4146 6370
436 296 535 353 ιιῦὶ
1647 292 1706 347 S.
1732 290 2063 349 GREGORII
2090 291 2385 351 NYSSENI
3596 296 3702 353 45?.

440 412 630 476 tradit,
657 411 1095 484 prmintelligitur
1126 410 1287 477 Filio,
1324 411 1607 467 nominum
1637 427 1859 482 quoque
1878 412 2028 467 ordi-
2055 415 2077 476 Α

2064 415 2107 476 Α
2132 414 2240 487 γάρ
2272 415 2371 468 ὅτι
2402 415 2806 485 προεπινοεῖται
2836 409 2929 465 τοῦ
2980 409 3109 464 Υίοῦ
3151 413 3180 465 ό
3213 412 3402 484 Πατὴρ
3448 415 3585 468 κατὰ
3612 416 3701 469 τὸν

441 520 565 561 nem
593 519 661 560 ex
702 504 1075 573 subjectarum
1109 516 1467 572 personarum
1513 501 1797 571 dignitate,
1838 507 1893 556 et
1930 516 2024 555 or-

2127 506 2299 577 ἀληθῆ
2344 507 2500 576 λόγον
2548 505 2651 576 τῆς
2698 506 2969 570 πίστεως,
3015 504 3102 558 διὰ
3146 504 3303 558 τοῦτο
3344 507 3438 560 καὶ
3468 507 3567 579 τὴν
3596 509 3701 563 τῶν

442 600 572 654 dine
607 599 984 664 instituemus,
1018 596 1113 653 sed
1138 598 1359 651 nomina
1388 612 1482 664 per
1504 612 1564 651 se
1585 594 2023 658 considerentur,

2127 598 2407 668 ὀνομάτων
2451 596 2605 663 τάξιν
2654 595 2887 663 ἀξιούτω
2935 613 3019 659 τις
3067 598 3134 667 τῇ
3183 596 3293 649 τῶν
3331 598 3702 668 ὑποκειμένων

443 691 719 761 quodnam
760 691 913 745 alteri
947 706 1045 761 per
1101 691 1367 743 rationem
1402 697 1748 759 praeponatur
1790 688 2025 760 (iterum

2128 691 2313 753 αὐτοῖς
2363 688 2669 761 προσώπων
2713 687 2841 759 ἀξίᾳ
2886 688 2980 743 καὶ
3043 688 3195 754 τάξει
3251 689 3700 744 συνδιατίθεσθαι.

444 785 570 839 dico
636 799 858 848 nomen,
919 798 1029 837 non
1074 798 1188 837 rem
1237 782 1460 837 nomine
1523 783 1883 853 significatam
1909 786 1949 850 ),
1972 788 2027 835 et

2142 778 2302 833 Ἀλλά
2328 778 2502 833 ταῦτα
2532 781 2801 833 σκοπείτω
2830 778 2915 849 ἐφ’
2940 780 3147 834 ἑαυτῶν
3169 780 3237 834 τά
3270 782 3528 852 ὀνόματα,
3553 784 3703 836 ποῖον

447 878 722 949 quodnam
756 872 821 933 ex
850 877 1037 939 dictis,
1090 876 1331 930 notionis
1381 876 1610 944 alicujus
1656 876 2025 944 positionem:

2128 877 2223 930 τοῦ
2258 874 2444 945 ἐτέρου
2487 872 2565 944 τῷ
2593 873 2734 942 λόγῳ
2769 873 2868 941 τῆς
2904 872 3142 937 ἐπινοίας
3182 874 3547 944 προτέτακται
3579 891 3594 906 ο
3644 874 3704 928 τὸ

446 980 501 1023 et
536 969 809 1039 quodnam
879 968 1068 1038 positae
1124 966 1363 1020 notionis
1411 966 1737 1019 ablationem
1801 963 2026 1018 indicet.

2129 964 2299 1034 ὄνομα
2324 964 2485 1017 πάλιν
2514 964 2742 1034 φημὶ,ού
2773 963 2833 1016 τὸ
2862 964 3093 1034 πρᾶγμα
3119 963 3179 1017 τὸ
3213 963 3300 1018 διὰ
3323 964 3416 1017 τοῦ
3446 963 3706 1035 ὀνόματος

453 1062 786 1130 Dispiciatur
810 1060 1043 1129 exempli
1079 1058 1251 1127 gratia
1280 1076 1295 1114 :
1337 1057 1577 1111 arbitror
1606 1058 1749 1111 enim
1806 1056 2031 1109 consul-

2134 1058 2531 1129 σημαινόμενον
2562 1073 2576 1087 ·
2629 1058 2778 1109 ποῖον
2823 1056 2932 1108 τῶν
2975 1055 3313 1127 εἰρημένων,
3362 1056 3512 1110 θέσιν
3563 1056 3706 1118 τινὸς

452 1164 567 1207 tum
628 1153 763 1215 fore,
822 1160 879 1205 ut
930 1167 1018 1206 res
1073 1151 1332 1205 similium
1373 1149 1634 1218 exemplis
1701 1149 2028 1202 declaretur.

2130 1152 2422 1222 νοήματος,
2452 1151 2546 1203 καὶ
2590 1151 2741 1203 ποῖον
2768 1148 2866 1218 τὴν
2899 1147 2993 1200 τοῦ
3026 1147 3274 1210 τεθέντος
3313 1147 3592 1218 ἀναίρεσιν
3622 1149 3702 1201 ἐν·

452 1246 697 1301 Scientia
736 1254 790 1299 et
842 1244 1085 1307 inscitia,
1149 1243 1334 1312 passio
1393 1248 1447 1294 et
1506 1238 1941 1310 impassibilitas,
1978 1249 2032 1291 et

2131 1244 2424 1298 δείκνυται.
2451 1238 2576 1295 υἷον
2592 1258 2604 1272 δ
2634 1232 2928 1309 σθρηνείας
2943 1239 3051 1310 γὰρ
3066 1241 3249 1294 ἕνεκεν
3269 1240 3355 1293 διὰ
3380 1241 3487 1294 τῶν
3508 1241 3708 1311 ὁμοίων

456 1340 622 1409 hujus
658 1338 874 1408 generis
904 1336 1031 1398 alia,
1065 1336 1283 1388 nomina
1312 1332 1559 1403 quaedam
1591 1341 1738 1385 sunt.
1771 1329 2029 1396 Quanam

2132 1331 2286 1405 οἶμαι
2319 1335 2514 1405 χρῆναι
2543 1333 2892 1404 παραστῆσαι
2920 1333 3013 1386 τὸν
3045 1333 3201 1401 λόγον
3221 1350 3237 1365 ο
3280 1333 3559 1397 παίδευσις
3614 1333 3708 1386 καὶ

454 1432 607 1498 prius
637 1428 758 1482 aliis
812 1425 1314 1496 praeconcipiuntur
1342 1433 1397 1479 et
1449 1423 1846 1493 intelliguntur,
1901 1436 2031 1475 num

2133 1426 2477 1487 ἀπαιδευσία,
2512 1426 2681 1488 πάθος
2739 1428 2834 1480 καὶ
2861 1426 3119 1489 ἀπάθεια,
3157 1424 3251 1478 καὶ
3278 1426 3378 1479 ὅσα
3411 1423 3506 1477 τοῦ
3537 1424 3706 1478 τοιού-

455 1522 567 1584 illa,
600 1534 722 1590 quae
760 1533 873 1573 rem
927 1516 1158 1587 positam
1220 1515 1441 1578 tollunt,
1496 1528 1567 1568 an
1622 1528 1745 1585 quae
1778 1528 1891 1568 rem
1944 1527 2035 1582 po-

2133 1535 2225 1570 του
2258 1517 2429 1580 εἴδους
2458 1518 2594 1580 ἐστὶ,
2636 1519 2760 1570 ποῖα
2798 1517 3003 1571 τούτων
3042 1517 3100 1570 τὸ
3136 1516 3572 1589 προεπινοεῖσθαι
3601 1516 3709 1569 τῶν

453 1610 634 1666 nunt?
685 1606 800 1679 Ego
845 1609 918 1661 ita
958 1607 1158 1671 sentio,
1222 1608 1377 1675 prius
1436 1603 1666 1674 intelligi
1724 1603 2030 1667 scientiam,

2135 1609 2308 1663 ἄλλων
2338 1610 2485 1679 ἔχει;
2522 1609 2662 1662 Ὅσα
2694 1609 2793 1680 τὴν
2819 1608 3095 1680 ἀναίρεσιν
3119 1606 3217 1661 τοῦ
3255 1608 3521 1671 τεθέντος,
3547 1605 3580 1677 ἢ
3608 1607 3708 1660 ὅσα

455 1704 616 1766 iram,
646 1710 699 1757 et
728 1702 1061 1773 passionem,
1088 1697 1433 1767 postmodum
1458 1713 1543 1761 ea,
1572 1712 1695 1768 quae
1718 1696 2035 1751 exstinctio-
2064 1756 2092 1774 ν

2072 1756 2104 1774 η
2135 1702 2233 1774 τὴν
2271 1702 2420 1756 θέσιν
2464 1702 2559 1755 τοῦ
2599 1702 2957 1773 ὑποκειμένου
3002 1701 3363 1772 παρίστησιν;
3420 1699 3561 1769 Ἐγὼ
3609 1699 3709 1772 μὲν

456 1812 581 1852 nem
612 1802 667 1850 et
709 1756 1185 1861 interemptionem
1234 1756 1702 1859 signiﬁcant..lta
1750 1788 1927 1859 cogita
1967 1788 2034 1843 de
2064 1756 2093 1810 Ε

2072 1756 2107 1810 Β
2133 1756 2292 1850 τοιῦτό
2322 1814 2482 1868 φημι.
2521 1756 2808 1867 Πρότερον.
2836 1794 2945 1865 γὰρ
2978 1756 3179 1849 νοείται
3284 1756 3567 1856 παίδευσις
3609 1756 3709 1845 ⁵καὶ

455 1885 807 1955 generatione
837 1890 889 1936 et
916 1881 1359 1935 innascibilitate.
1414 1878 1600 1950 Neque
1655 1879 1800 1933 ullus
1854 1880 2035 1933 studio

2133 1890 2166 1959 ή
2200 1889 2358 1960 ὀργὴ,
2404 1888 2499 1941 καὶ
2528 1888 2588 1941 τὸ
2624 1887 2816 1951 πάθος.
2858 1888 2951 1940 καὶ
3009 1886 3130 1941 τότε
3202 1888 3235 1957 ἡ
3268 1887 3377 1940 τῶν
3409 1884 3708 1956 νοηθέντων

460 1976 692 2048 propriae
722 1973 1002 2042 religionis
1037 1972 1298 2025 incensus
1335 1972 1723 2035 calumnietur,
1757 1970 1915 2039 quasi
1947 1969 2036 2023 Fi-

2134 1982 2413 2051 ἀναίρεσις
2433 1996 2447 2011 ’
2496 1980 2640 2033 οὕτω
2669 1982 2762 2034 καὶ
2791 1982 2825 2049 ἡ
2857 1980 3128 2049 γέννησις,
3170 1979 3266 2032 καὶ
3296 1980 3330 2050 ὴ
3370 1977 3662 2047 ἀγεννησία
3694 1991 3709 2007 ·

462 2072 591 2124 lium
628 2069 905 2140 generanti
938 2066 1399 2137 praeposuerimus
1432 2086 1444 2121 :
1483 2082 1590 2120 non
1636 2066 1779 2121 enim
1822 2065 1875 2118 id
1920 2080 2036 2120 mo-

2136 2066 2453 2144 κα“ι’μηδεὶς
2490 2072 2578 2126 διά
2615 2072 2715 2141 τῆς
2756 2070 3209 2142 ἐθελοθρησκείας
3247 2070 3578 2125 διαὸαλλέτω
3618 2070 3709 2123 τὸν

458 2164 645 2225 limur,
686 2170 746 2214 ut
776 2160 949 2214 Filius
977 2160 1127 2213 Patri
1163 2168 1511 2229 praeponatur
1564 2165 1617 2212 et
1650 2157 2038 2227 praeconcipia-

2135 2167 2309 2235 λόγον,
2349 2167 2423 2230 ὼς
2459 2166 2781 2238 προτιθέντα
2814 2166 2905 2219 τὸν
2935 2166 3061 2220 Υίδν
3094 2165 3186 2219 τοῦ
3210 2171 3586 2237 γεννήσαντος.
3634 2165 3709 2220 Οὐ

460 2265 572 2319 tur,
606 2270 731 2309 eum
762 2254 828 2307 de
853 2254 1014 2323 geniti
1040 2261 1094 2306 et
1119 2251 1345 2321 ingeniti
1387 2250 1790 2320 significatione
1810 2250 2037 2304 disseri-

2137 2258 2244 2327 γάρ
2278 2258 2367 2311 τὸν
2399 2259 2526 2311 Υίὸν
2564 2257 2925 2329 προτετάχθαι
2965 2258 3057 2311 τοῦ
3100 2259 3334 2329 Πατρὸς,
3364 2259 3456 2311 καὶ
3486 2275 3713 2328 προεπι-

463 2364 587 2403 mus
620 2355 803 2401 :certe
833 2344 1112 2415 generatio
1156 2344 1389 2411 alicujus
1420 2344 1495 2397 rei
1542 2341 1628 2396 vel
1670 2341 1910 2395 notionis
1942 2356 2040 2410 po-

2138 2351 2373 2404 νοεῖσθαι
2404 2351 2908 2421 κατασκευάζομεν,
2944 2352 2993 2403 εί
3022 2351 3150 2423 περὶ
3182 2351 3280 2421 τῆς
3309 2350 3402 2403 τοῦ
3429 2350 3711 2420 γεννητοῦ,

462 2441 721 2496 sitionem
754 2439 1046 2508 significat,
1073 2448 1127 2491 at
1150 2452 1277 2490 vero
1301 2436 1688 2489 innascibilitas
1725 2436 1864 2503 ejus,
1895 2434 2039 2505 quod

2140 2444 2235 2497 καὶ
2263 2445 2553 2513 ἁγεννήτου
2576 2444 2848 2516 σημασίας
2870 2443 3221 2514 διαλαμϐάνει
3243 2443 3271 2495 ὁ
3296 2443 3473 2512 λόγος.
3508 2443 3714 2497 Οὐκοῦν

464 2532 702 2604 positum
733 2540 837 2594 est,
869 2529 1260 2587 sublationem,
1297 2534 1463 2596 prout
1504 2535 1662 2580 antea
1690 2525 1919 2588 dictum,
1981 2534 2041 2578 ut

2140 2537 2174 2605 ἡ
2215 2534 2312 2604 μὲν
2355 2535 2606 2603 γέννησίς
2650 2551 2792 2598 τινος
2824 2534 3147 2606 πράγματος
3184 2533 3217 2603 ἢ
3258 2536 3526 2604 νοήματος
3571 2534 3716 2587 θέσιν

466 2624 695 2695 proinde
722 2620 1094 2677 necessarium
1120 2620 1209 2684 sit,
1251 2620 1400 2672 omni
1432 2620 1595 2673 modo
1622 2619 1776 2689 prius
1812 2616 2040 2687 intelligi

2145 2630 2509 2699 ἀποσημαίνει
2537 2646 2549 2657 ·
2595 2630 2627 2699 ἡ
2671 2629 2729 2682 δὲ
2793 2625 3123 2695 ἀγεννησία
3173 2628 3271 2698 τὴν
3315 2627 3409 2681 τοῦ
3452 2627 3715 2692 τεθέντος,

466 2733 663 2771 nomen
696 2713 1085 2784 generationis,
1120 2726 1281 2780 quam
1339 2727 1539 2766 nomen
1586 2708 2040 2763 innascibilitatis.

2145 2719 2326 2783 καθὼς
2358 2716 2532 2784 εἷπον,
2567 2721 2843 2791 ἀναίρεσιν
2862 2738 2877 2751 °
2926 2720 3064 2773 ὥστε
3096 2720 3259 2773 παντὶ
3283 2720 3467 2791 τρόπῳ
3495 2737 3722 2790 προεπι-

462 2806 579 2860 Cur
609 2805 772 2875 igitur
834 2802 1080 2857 ordinem
1134 2800 1455 2862 secundum,
1489 2799 1580 2868 qui
1624 2799 1679 2853 in
1732 2800 2043 2855 nominibus

2144 2812 2377 2865 νοεῖσθαι
2406 2813 2499 2865 τοῦ
2524 2816 2624 2883 τῆς
2684 2813 3050 2881 ἀγεννησίας
3081 2813 3362 2883 ὀνόματος,
3386 2813 3446 2865 τὸ
3470 2813 3567 2882 τῆς
3595 2830 3721 2881 γεν-

470 2897 689 2953 visitur,
725 2892 871 2947 Patri
907 2892 1172 2945 violenter
1216 2898 1403 2958 aptare
1435 2888 1792 2954 contendunt,
1822 2895 2043 2958 putant-

2145 2904 2350 2973 νήσεως
2373 2902 2561 2973 ὄνομα.
2591 2902 2656 2955 Τί
2682 2898 2774 2956 οὖν
2807 2904 2864 2956 ἐν
2883 2904 3093 2966 τούτοις
3121 2906 3319 2957 οίκεῖον
3342 2902 3421 2974 τῷ
3443 2904 3633 2975 Πατρὶ.
3658 2903 3719 2955 τὸ

472 3005 579 3058 que
610 2986 887 3040 notionem
925 2984 1001 3037 rei
1029 2982 1264 3051 alicujus
1296 2981 1666 3050 privatricem.
1726 2996 1889 3050 posse
1944 2980 2041 3035 tle-

2146 2997 2209 3064 τῇ
2239 2994 2389 3058 τάξει
2420 2994 2668 3065 δεύτερον
2702 2996 2759 3047 ἐν
2800 2997 2914 3059 τοῖς
2951 2995 3209 3065 ὀνόμασιν
3243 2995 3572 3066 ἐφαρμόζειν
3605 2996 3723 3064 βιά-

473 3089 779 3134 monstrare
812 3086 865 3130 et
893 3074 1183 3145 complecti
1211 3073 1449 3128 nominis
1478 3074 1775 3127 essentiam
1800 3074 1822 3126 ?
1850 3082 1904 3128 et
1960 3083 2043 3126 ta-
2072 3110 2110 3168 C

2086 3110 2115 3168 Β
2145 3088 2353 3152 ζονται,
2378 3088 2471 3138 καὶ
2503 3087 2707 3139 οἴονται
2741 3086 2801 3141 τό
2837 3104 2981 3150 τινος
3018 3087 3367 3157 ἀφαιρετικὸν
3403 3087 3581 3157 νόημα
3615 3088 3723 3141 δειο

470 3188 592 3226 men
628 3171 695 3225 iis
725 3169 818 3237 qui
847 3167 1151 3221 fatuitatem
1180 3174 1237 3219 et
1266 3164 1630 3219 insulsitatem
1667 3179 1881 3226 eorum,
1924 3180 2044 3233 qua!
2084 3164 2103 3168 ⁷

2087 3164 2114 3168 Γ
2152 3177 2370 3237 κτικὸν,
2420 3177 2514 3231 καὶ
2555 3177 2945 3249 περιληπτικὸν
2984 3175 3124 3231 εἶναι
3172 3178 3270 3249 τῆς
3311 3178 3405 3232 τοῦ
3463 3179 3724 3249 ὀνόματος

471 3266 728 3317 asserunt
762 3258 1037 3320 refellunt,
1080 3255 1373 3310 admodum
1410 3263 1759 3317 succensent,
1789 3261 1842 3309 et
1874 3254 1927 3307 in
1950 3268 2044 3310 eos

2146 3266 2332 3328 οὐσίας
2367 3280 2382 3328 ;
2432 3268 2527 3320 καὶ
2576 3267 2713 3337 πρὸς
2754 3268 2881 3330 τοὺς
2921 3266 3239 3337 ἐλέγχοντας
3273 3268 3374 3337 τὴν
3418 3268 3724 3341 σαθρὸτητα

469 3354 841 3407 concitantur.

2147 3358 2254 3410 τῶν
2282 3357 2455 3426 λόγων
2490 3358 2878 3427 ἀγανακτοῦσι,
2912 3360 3003 3412 καὶ
3027 3358 3438 3429 παροξύνονται.

541 3441 678 3496 Vide
697 3442 840 3495 enim
872 3453 1035 3508 quam
1074 3437 1313 3492 insaniat
1352 3435 1406 3489 in
1441 3435 1615 3497 illum,
1639 3434 1732 3503 qui
1767 3433 2045 3488 infirmita-

2235 3449 2362 3502 Ἰδοὺ
2394 3448 2501 3519 γὰρ
2541 3449 2656 3511 πῶς
2693 3451 3019 3519 μνησικακεῖ
3057 3450 3136 3518 τῷ
3177 3450 3238 3503 τὸ
3293 3450 3488 3521 σαθρὸν
3552 3452 3714 3507 αὑτοῦ

471 3539 579 3583 tem
608 3536 663 3581 et
693 3525 1001 3580 futilitatem
1032 3533 1480 3593 argumentorum
1508 3524 1629 3592 ejus
1672 3522 1952 3592 patefacit,
1992 3530 2048 3577 et

2150 3540 2243 3593 καὶ
2270 3540 2493 3601 ἀσθενὲς
2544 3540 2642 3609 τῆς
2705 3541 3038 3612 κακουργίας
3102 3540 3447 3612 φωράσαντι·
3512 3542 3607 3595 καὶ
3652 3543 3726 3607 ὡς

472 3634 662 3689 quam,
698 3625 759 3671 ut
788 3623 986 3688 potest,
1024 3616 1093 3670 ab
1142 3616 1234 3670 illo
1268 3616 1565 3671 vindictam
1618 3618 1798 3687 exigat
1828 3637 1841 3672 :
1870 3625 2049 3685 potest

2150 3631 2410 3702 ἀμύνεται
2445 3632 2628 3697 αὑτὸν,
2663 3632 2729 3685 δι’
2758 3626 2832 3686 ὧν
2868 3633 3119 3686 δύναται·
3156 3634 3375 3688 δύναται
3404 3635 3461 3687 δὲ
3503 3636 3589 3689 διὰ
3616 3637 3727 3689 λοι-

471 3719 655 3765 autem
683 3710 814 3764 solis
839 3708 1103 3762 conviciis
1139 3709 1412 3777 illatisque
1436 3708 1689 3777 injuriis:
1730 3707 1889 3777 cujus
1929 3723 2050 3778 pro-

2149 3724 2330 3795 δορίας
2383 3723 2569 3793 μόνης,
2624 3726 2718 3777 καὶ
2774 3723 3015 3796 ὕϐρεως·
3070 3726 3163 3779 καὶ
3216 3727 3419 3798 σφόδρα
3465 3745 3528 3796 γε
3579 3729 3727 3800 αύτῷ

473 3803 624 3858 fecto
676 3816 824 3869 gaza:
870 3800 1288 3869 copiosissimus
1328 3800 1379 3855 ei
1399 3801 1545 3854 domi
1595 3810 1890 3869 proventus
1943 3812 2047 3856 est.

2153 3815 2456 3885 περιττεύει
2484 3816 2545 3868 τὸ
2582 3816 2763 3886 κτῆμα
2799 3818 2897 3888 τῆς
2933 3819 3187 3889 τοιαύτης
3216 3820 3515 3891 δυνάμεως.
3546 3822 3728 3876 Καθά-

476 3891 940 3960 Quemadmodum
964 3891 1107 3945 enim
1125 3891 1252 3953 illis,
1268 3892 1361 3961 qui
1385 3891 1552 3947 libros
1574 3893 1867 3963 eleganter,
1887 3908 2048 3947 mun-

2152 3925 2258 3979 περ
2302 3908 2409 3977 γὰρ
2444 3909 2537 3961 ἐπὶ
2568 3909 2675 3962 τῶν
2714 3910 3223 3982 καλλιγραφούντων
3264 3912 3355 3965 τὸν
3396 3913 3571 3982 λόγον,
3607 3915 3728 3967 σύν-

473 3986 542 4041 de
564 3997 617 4039 et
650 3983 821 4038 nitide
851 3984 1191 4047 describunt,
1217 3999 1393 4038 nexus
1419 3984 1642 4051 quidam
1665 3994 1719 4039 et
1749 3986 1906 4055 quasi
1929 3988 2050 4040 vin-

2152 3999 2335 4070 δεσμοί
2375 4016 2517 4063 τινες
2566 4000 2660 4053 τοῦ
2709 4001 2913 4072 ῥυθμοῦ
2951 4003 3013 4054 τὸ
3059 4003 3233 4057 ἐνδέον
3274 4006 3725 4078 παραπληροῦσι·

478 4083 603 4137 cnla
636 4090 784 4144 sunt,
852 4079 1054 4147 quibus
1103 4090 1277 4129 vacua
1335 4075 1513 4144 spatia
1550 4074 1795 4144 explent,
1846 4084 1900 4130 et
1950 4077 2048 4130 toti

2152 4092 2213 4144 τὸ
2248 4090 2440 4162 εὖηχόν
2472 4108 2530 4144 τε
2564 4092 2658 4146 καὶ
2690 4092 3005 4162 ἐναρμόνιον
3033 4092 3100 4145 δι’
3127 4094 3305 4147 αὐτῶν
3336 4074 3631 4159 ἐ-ντιθέντες
3661 4099 3726 4167 τῇ

482 4172 763 4243 scriptioni
813 4176 1157 4225 venustatem
1222 4174 1276 4221 et
1323 4166 1653 4236 elegantiam
1710 4166 2045 4221 conciliant:

2157 4182 2371 4247 συνάξει
2396 4182 2495 4251 τῆς
2514 4182 2738 4246 λέξεωςο
2766 4182 2935 4246 οὕτως
2959 4184 3016 4235 ἐν
3039 4188 3148 4247 τοῖς
3177 4185 3445 4248 πλείστοις
3468 4181 3541 4239 ὧν
3560 4187 3729 4255 λέγει,

481 4268 551 4321 ita
614 4266 717 4320 iste
753 4263 1013 4332 pleraque
1061 4258 1327 4312 conviciis
1378 4266 1630 4319 exornat,
1674 4258 2048 4311 calumniandi

2156 4276 2212 4327 ἐν
2243 4277 2361 4337 ταῖς
2389 4275 2674 4346 λοιδορίαις
2704 4275 3107 4329 καταποικίλλει
3140 4277 3237 4347 τὴν
3267 4280 3606 4348 συγγραφὴν,
3633 4280 3728 4332 ὦσο

481 4356 681 4410 eximia
712 4354 970 4406 facultate
1021 4350 1281 4420 praeclare
1330 4349 1643 4418 insignitus.
1678 4348 1874 4403 lterum
1904 4350 2049 4403 enim

2158 4382 2262 4436 περ
2312 4365 2777 4435 καλλωπιζόμενος
2812 4369 2875 4437 τῇ
2920 4366 3205 4437 περιουσίᾳ
3238 4368 3335 4437 τῆς
3364 4369 3456 4421 τοῦ
3494 4368 3730 4440 ύὸρίζειν

482 4459 583 4503 nos
636 4446 918 4516 appellitat
970 4459 1151 4503 vanos,
1214 4442 1367 4511 quia
1404 4442 1570 4495 rectis
1622 4442 2052 4511 cogitationibus
2088 4472 2119 4527 Π

2093 4472 2130 4526 D
2158 4456 2453 4525 δυνάμεως.
2513 4456 2679 4509 Πάλιν
2724 4457 2832 4527 γὰρ
2891 4458 3049 4527 ἡμεῖς
3092 4459 3359 4527 μάταιοι·
3410 4459 3572 4514 πάλιν
3626 4461 3730 4517 τῶν

482 4543 823 4599 aberremus,
867 4551 1046 4605 neque
1082 4535 1219 4589 satis
1260 4534 1461 4589 idoneo
1492 4546 1752 4603 apparatu
1788 4533 1854 4587 ad
1880 4547 2055 4588 certa-

2158 4547 2333 4617 ὀρθῶν
2366 4547 2639 4616 λογισμῶν
2680 4548 3102 4618 ἁμαρτάνοντες,
3130 4552 3222 4603 καὶ
3254 4552 3313 4602 ού
3348 4553 3484 4620 μετὰ
3508 4553 3606 4623 τῆς
3636 4556 3729 4623 ἀρ·

482 4639 605 4685 mcn
636 4631 1055 4690 accesserimus,
1082 4642 1261 4695 neque
1289 4626 1452 4680 etiam
1474 4626 1582 4679 vim
1597 4634 1653 4681 et
1682 4634 1917 4679 mentem
1942 4626 2056 4679 tlis-

2159 4639 2358 4708 κούσης
2386 4642 2450 4709 τῇ
2480 4638 2636 4709 χρείᾳ
2665 4642 3017 4711 παρασκευῆς
3045 4646 3156 4705 τοῖς
3190 4643 3367 4710 λόγοις
3399 4644 3730 4714 ἐπιχειροῦν-

490 4724 737 4793 putantis
796 4722 1020 4790 assequi
1051 4721 1355 4775 valeamus.
1418 4717 1544 4773 [Lee
1574 4720 1719 4774 enim
1746 4719 1950 4784 omnia,
2004 4728 2059 4772 et

2159 4747 2267 4791 τες.
2310 4729 2401 4781 καὶ
2444 4731 2543 4799 τῆς
2588 4728 2682 4781 τοῦ
2725 4729 2971 4797 λέγοντος
3014 4732 3246 4795 διανοίας
3292 4733 3729 4805 ἀπολειπόμενοι.

487 4820 641 4886 plura
669 4816 795 4869 talia
827 4830 857 4868 a
891 4813 1140 4869 modesto
1176 4818 1305 4876 isto,
1349 4820 1404 4866 et
1436 4813 1575 4867 bene
1598 4813 1905 4880 composito
1960 4828 2057 4867 ore

2159 4821 2341 4874 Ταῦτα
2380 4820 2487 4893 γὰρ
2526 4822 2719 4885 πάντα,
2770 4826 2863 4876 καὶ
2912 4822 2989 4876 ἔτι
3038 4824 3207 4876 πλείω
3238 4824 3438 4878 τούτων
3467 4827 3616 4897 παρά
3642 4827 3731 4880 τοῦ

488 4912 539 4959 in
573 4907 892 4976 magistrum
925 4912 1178 4959 nostrum
1212 4903 1518 4973 (Basilium)
1551 4903 1947 4971 conjiciuntur.
1994 4902 2058 4955 Et

2160 4911 2542 4974 εύσταθοῦντος
2574 4913 2837 4983 στόματος
2878 4916 2906 4967 ὁ
2950 4914 3265 4978 διδάσκαλος
3291 4916 3447 4986 ἡμῶν
3474 4917 3731 4987 ὀνομάζε-

489 5000 673 5052 forsan
705 4996 856 5065 justa
892 4996 987 5049 ira:
1022 5010 1189 5049 causa
1228 4995 1499 5064 suppetit,
1538 4995 1845 5063 meritoque
1873 4995 2058 5049 decla-

2160 5022 2272 5057 ταν
2312 5006 2403 5057 καὶ
2437 5006 2564 5067 ἴσως
2597 5005 2696 5059 οὐκ
2728 5006 2918 5074 ἄλογος
2956 5006 3055 5076 τῆς
3093 5007 3261 5078 ὀργῆς
3303 5012 3335 5078 ἡ
3384 5012 3560 5075 αἰτια,
3604 5011 3732 5064 ἀλλὰ

489 5099 667 5142 mator
694 5087 1022 5143 effervescit.
1053 5086 1195 5153 Quid
1228 5087 1374 5141 enim
1398 5101 1624 5141 necesse
1643 5096 1778 5151 erat,
1802 5098 1860 5141 ut
1880 5088 2057 5157 ipsmn

2159 5097 2378 5158 δικαίως
2402 5098 2429 5147 ό
2458 5095 2790 5166 λογογράφος
2823 5096 3193 5167 παρὼξυνταισ
3225 5098 3276 5150 τί
3300 5098 3407 5170 γὰρ
3438 5101 3599 5152 αὐτὸν
3632 5101 3733 5154 ἔδει

488 5179 865 5242 eontristaret,
913 5178 1347 5233 demonstrando
1382 5178 1813 5233 imbecillitatem
1844 5195 2055 5244 eorum,

2158 5189 2347 5241 λυπεῖν
2391 5189 2737 5259 ἐξελέγχοντα
2768 5190 2865 5260 τὴν
2906 5191 3215 5260 ἀρρωστίαν
3248 5192 3337 5243 τοῦ
3372 5192 3527 5260 λόγου
3564 5192 3732 5253 τοῦδε,

488 5286 610 5342 qua:
636 5271 756 5340 ipse
779 5270 1064 5333 disseruit,
1089 5268 1493 5325 manifestando
1524 5270 1768 5341 insuper,
1792 5273 2061 5326 omnium-

2161 5278 2545 5349 παραγυμνοῦν
2575 5296 2633 5331 τε
2668 5279 2760 5331 καὶ
2800 5279 3030 5349 φανερὸν
3061 5282 3231 5332 ποιεῖν
3256 5282 3368 5344 τοῖς
3401 5282 3732 5351 εύκεραιοτέ-

488 5378 596 5432 que
648 5360 824 5415 oculis
871 5360 1198 5429 exponendo
1237 5359 1634 5428 blasphemiam
1681 5364 2060 5417 verisimilitu-

2161 5387 2272 5438 ροις
2316 5370 2374 5421 τὸ
2418 5370 2754 5441 βλάσφημον,
2787 5373 2853 5440 τῇ
2891 5370 3203 5439 πιθανότητι
3243 5371 3349 5425 τῶν
3393 5374 3734 5440 σοφισμάτων

487 5454 614 5507 dine
648 5451 1046 5521 scpltismatum
1086 5451 1452 5506 tectam?Cur
1485 5468 1592 5507 non
1629 5455 1811 5523 potius
1842 5457 2059 5511 silentio

2161 5460 2701 5531 συγκαλυπτόμενονς
2748 5461 2837 5514 διὰ
2891 5462 2943 5515 τί
2993 5462 3049 5515 δὲ
3104 5466 3202 5516 οὐκ
3259 5464 3613 5518 ἐπικαλύπτει
3669 5467 3734 5535 τῇ

491 5543 839 5613 fragilitatem
893 5542 1165 5611 dogmatis
1201 5542 1367 5610 hujus
1426 5545 1596 5609 tegit?
1631 5546 1745 5599 Cur
1792 5548 2056 5603 miserum

2162 5554 2335 5622 σιωπῇ
2367 5552 2433 5605 τὰ
2469 5553 2643 5625 σαθρὰ
2679 5553 2773 5606 τοῦ
2817 5553 3101 5624 δόγματος,
3144 5556 3278 5610 ἀλλά
3320 5556 3621 5627 στηλιτεύει
3648 5555 3732 5608 τὸν

490 5639 690 5707 ubique
719 5636 1048 5699 traducit,et
1078 5635 1146 5689 ad
1179 5636 1459 5705 publicum
1487 5640 1645 5707 quasi
1676 5643 2056 5707 spectaculum

2159 5646 2420 5699 δείλαιον·
2457 5647 2571 5699 δέον
2612 5648 2778 5700 ἐλεεῖν
2822 5651 2914 5701 καὶ
2963 5649 3349 5704 ἐπικαλύπτειν
3388 5650 3476 5703 διὰ
3513 5651 3736 5721 ἡσυχίας

486 5728 729 5797 “ponit,
767 5742 890 5782 cum
924 5727 1071 5783 illius
1118 5729 1292 5799 magis
1330 5730 1602 5797 misereri,
1647 5741 1699 5787 et
1736 5731 2048 5803 disputatio-

2160 5740 2258 5809 τὴν
2294 5740 2677 5811 ἀσχημοσύνην
2714 5740 2805 5794 τοῦ
2833 5742 3027 5811 λόγου;
3071 5744 3126 5797 Ὀ
3159 5743 3215 5796 δὲ
3245 5743 3455 5813 ἐλέγχει
3497 5743 3738 5797 καὶθεαρ
