4146 6370
379 300 481 353 ιδδ

1549 294 1826 353 CONTRA
1865 291 2255 358 EUNOMIUM,
2288 290 2419 345 LIB.
2461 289 2501 343 l.

3548 281 3656 341 434

378 415 553 487 τρίζει
594 413 687 467 τὸν
732 414 980 469 ὁπωσοῦν
1023 415 1171 486 παρὰ
1213 416 1328 479 τοῖς
1374 415 1522 479 ἰδίοις
1562 415 1832 493 μαθηταῖς
1872 414 1963 467 ἐπὶ

2085 413 2152 465 iis
2181 407 2574 479 turpitudinem
2613 406 2777 460 tacite
2799 403 3020 475 operire
3066 400 3297 457 deceat?
3335 400 3404 453 At
3442 398 3546 455 iste
3571 415 3659 454 re-

382 505 565 574 σοφίᾳ,
597 506 691 558 καὶ
719 506 969 578 ἀγχινοίᾳ
999 504 1327 576 τιμώμενον.
1377 500 1511 558 Εἶπέ
1552 523 1653 557 που
1698 504 1805 557 τῶν
1838 506 1967 557 ἐαυ-

378 596 473 649 τοῦ
501 596 673 665 λόγων
703 600 731 650 6
758 598 1021 669 Εὑνόμιος
1042 615 1055 626 ·
1090 599 1374 651 Ἓπεσθαι
1419 596 1498 662 τῷ
1541 596 1662 661 Θεῷ
1703 597 1770 651 τὸ
1795 596 1967 667 ἀγέν-

380 704 604 755 νητον’
636 689 840 758 ἐπέστη
876 690 953 760 τῷ
993 691 1197 761 ῥήματι
1228 691 1257 742 6
1295 688 1607 752 διδάσκαλος
1635 690 1795 761 ἡμῶν
1836 705 1851 720 ⁸
1890 692 1967 744 ὅτι

380 781 441 832 τὸ
469 780 750 850 ἑπόμενον,
777 782 886 834 τῶν
913 782 1106 846 ἔξωθεν
1137 781 1619 853 ἐπιθεωρουμένων
1646 782 1789 834 ἐστίν
1813 796 1825 809 '
1855 783 1885 850 ὴ
1912 783 1968 835 δὲ

383 870 539 923 οὐσία
580 871 640 924 ού
682 872 789 925 τῶν
837 872 1032 939 ἔξωθέν
1078 891 1242 937 τινος,
1287 873 1402 925 ἀλλ’
1453 873 1613 927 αὐτοῦ
1665 872 1758 927 τοῦ
1809 870 1968 939 εἶναι,

384 961 520 1015 καθό
550 962 685 1027 ἐστι,
714 963 812 1033 τὴν
845 964 1116 1036 σημασίαν
1144 964 1495 1017 ἐνδείκνυται.
1525 964 1621 1017 Διὰ
1650 964 1803 1017 τοῦτο
1833 966 1971 1032 ἀγα-

384 1057 573 1107 νακτεῖ
619 1057 647 1109 6
685 1057 932 1126 ἐπιεικής
970 1073 1028 1109 τε
1079 1058 1169 1111 καὶ
1210 1058 1446 1128 ἄμαχος’
1486 1058 1577 1110 καὶ
1623 1058 1787 1121 πολύς
1826 1060 1971 1110 ἐστιν

383 1143 589 1214 εὑροῶν
637 1147 749 1208 τοῖς
790 1145 1048 1198 ὀνείδεσι·
1096 1146 1229 1198 διότι
1272 1147 1509 1210 ἀκούσας
1554 1147 1648 1200 τοῦ
1697 1148 1969 1217 ῥηθέντος,

382 1237 478 1288 καὶ
508 1237 606 1307 τῆς
630 1236 864 1299 διανοίας
894 1236 1177 1307 ἐπῄσθετο.
1220 1238 1284 1290 Τί
1332 1234 1719 1329 οῇἧμαρτεν,
1761 1240 1808 1290 εί
1851 1241 1971 1291 ἐπι-

385 1328 654 1391 στατικῶς
682 1333 746 1399 τῇ
779 1326 986 1399 διανοίᾳ
1033 1329 1140 1381 τῶν
1174 1326 1572 1401 γεγραμμένων
1604 1328 1974 1399 ἐπηκολούθη-

387 1433 508 1481 σεν;
542 1418 604 1470 Εἰ
633 1417 731 1487 μὲν
761 1418 869 1488 γὰρ
897 1419 958 1471 οὐ
993 1419 1134 1471 κατά
1166 1417 1321 1486 λόγον
1358 1420 1466 1471 τῶν
1508 1419 1810 1491 εἰρημένων
1855 1418 1975 1471 ἐλά-

386 1507 531 1571 6ετο,
558 1507 735 1569 καλῶς
763 1507 874 1577 ἔχει
917 1525 1001 1560 σοι
1045 1508 1114 1561 τὰ
1156 1511 1435 1581 εἰρημένα,
1468 1511 1561 1563 καὶ
1594 1512 1753 1580 ἡμεῖς
1781 1511 1977 1580 ἀγνοή-

388 1616 571 1668 σομεν.
604 1599 664 1650 El
708 1599 762 1651 δὲ
811 1599 1068 1671 ἐρυθριᾷς
1114 1600 1249 1671 πρὸς
1279 1600 1367 1653 τὸν
1414 1600 1653 1670 ἔλεγχον,
1684 1600 1736 1652 τί
1764 1602 1864 1652 οὐκ
1893 1600 1977 1666 ἐξ-

386 1688 627 1756 αλείφεις
674 1690 738 1741 ἐκ
762 1689 868 1742 τῶν
910 1690 1341 1761 γεγραμμένων,
1396 1691 1530 1743 ἀλλά
1585 1692 1839 1763 λοιδορεῖς
1884 1693 1975 1745 τὸν

2069 499 2210 553 futat
2265 508 2318 552 ct
2340 499 2487 551 velut
2534 497 2587 550 in
2624 496 2899 549 tbeatrum
2944 495 3083 563 rapit
3134 494 3311 554 illum,
3346 491 3439 562 qui
3477 505 3507 543 a
3540 492 3659 546 suis

2069 590 2356 659 discipulis
2383 597 2608 657 propter
2638 587 2921 657 sapientiae
2946 594 3001 641 et
3022 585 3294 639 acuminis
3318 582 3656 652 Opinionem,

2070 681 2239 734 nullis
2288 696 2399 733 non
2445 678 2749 733 honoribus
2787 676 3042 732 abicitur.
3095 676 3317 730 Dixerat
3358 674 3560 729 alicubi
3600 672 3655 725 in

2072 773 2191 828 suis
2238 770 2729 825 dissertationibus
2796 769 3119 832 Eunomius,
3156 767 3458 839 Ingenitum
3505 766 3685 835 sequi,

2072 865 2261 919 Deum.
2301 864 2515 933 Objecit
2552 862 2748 917 doctor
2796 873 2980 918 noster
3010 862 3157 917 dicto
3197 862 3325 915 huic
3356 861 3653 915 insistens:

2074 956 2129 1011 id
2161 956 2307 1026 quod
2335 956 2607 1025 sequitur,
2639 970 2762 1009 esse
2791 971 2856 1010 ex
2888 971 3079 1009 eorum
3124 970 3375 1019 numero,
3408 968 3532 1023 quae
3560 969 3659 1007 ex-

2077 1049 2353 1103 trinsecus
2389 1046 2711 1109 adveniunt,
2750 1055 2805 1099 at
2846 1047 3139 1101 essentiam
3173 1061 3281 1099 non
3305 1061 3501 1101 esseex
3526 1045 3655 1108 illis,

2074 1156 2197 1211 quae
2230 1140 2574 1194 extrinsecus
2609 1140 2929 1203 adveniunt,
2958 1139 3054 1193 sed
3082 1140 3256 1208 ipsius
3285 1154 3424 1203 esse,
3459 1152 3660 1192 secun-

2076 1233 2205 1286 dum
2241 1232 2385 1301 quod
2423 1240 2528 1292 est,
2586 1232 3046 1302 signiﬁcationem
3102 1230 3407 1285 continere.
3451 1229 3550 1283 Hic
3576 1229 3658 1282 ira

2076 1324 2446 1379 inﬂammatur
2487 1324 2769 1378 modestus
2825 1322 2915 1377 ille
2970 1332 3025 1377 et
3057 1322 3317 1385 invictus,
3377 1328 3430 1375 et
3488 1321 3659 1374 multa

2078 1417 2274 1485 probra
2327 1422 2561 1477 eructat,
2593 1415 2720 1484 quia
2749 1411 2897 1466 dicto
2924 1418 3199 1481 percepto,
3229 1412 3406 1481 ipsum
3442 1426 3662 1482 quoque

2078 1521 2300 1561 sensum
2336 1507 2598 1576 percepit.
2630 1504 2773 1570 Quid
2800 1504 2968 1572 igitur
2998 1504 3265 1572 pet-cavit,
3310 1503 3357 1557 si
3394 1511 3664 1556 constan~

2077 1606 2162 1653 ter
2201 1599 2528 1652 sententiam
2583 1597 2874 1651 verborum
2928 1604 3153 1651 secutus
3188 1596 3321 1649 est?
3372 1595 3428 1647 Si
3459 1595 3604 1649 enim
3628 1608 3660 1647 a

2080 1692 2347 1746 sententia
2377 1690 2707 1753 aberrasset,
2735 1700 2881 1743 recte
2914 1704 2999 1752 ea,
3042 1703 3164 1756 qua:
3189 1687 3497 1753 ell‘utivisti,
3540 1703 3569 1740 a
3610 1696 3662 1741 te

386 1782 729 1850 προφέροντα
758 1796 771 1843 ;
804 1779 935 1845 Ναί,
968 1782 1151 1850 φησὶν,
1182 1782 1319 1834 ἀλλ’
1350 1782 1420 1834 οὑ
1450 1780 1684 1849 συνῆκε
1736 1782 1841 1835 τοῦ
1882 1785 1982 1836 λό-

2086 1784 2296 1852 prolata
2358 1798 2505 1843 esse,
2548 1798 2648 1837 nos
2706 1797 2923 1849 quoque
2982 1781 3385 1835 conﬁteremur.
3438 1780 3497 1833 Si
3534 1793 3663 1833 vero

387 1888 495 1938 του
539 1868 605 1922 τὸ
650 1869 953 1939 βούλημα.
992 1870 1056 1923 Τί
1107 1866 1199 1923 οὖν
1250 1871 1566 1942 ἀδικοῦμεν.
1607 1874 1656 1925 εἰ
1706 1872 1981 1943 ἄνθρωποι

385 1960 536 2024 ὄντες
570 1961 636 2013 ἐκ
666 1961 773 2013 τῶν
803 1961 1105 2032 εἰρημένων
1133 1962 1232 2031 τῆς
1264 1962 1501 2027 διανοίας
1541 1964 1981 2036 ἐστοχασάμεθα,

386 2051 495 2106 τῶν
549 2054 606 2105 ἐν
660 2052 886 2123 κρυπτῷ
941 2054 1040 2123 τῆς
1097 2054 1323 2124 καρδίας
1371 2054 1624 2125 οὐδεμίαν
1678 2056 1981 2125 κατάληψιν

389 2144 640 2213 ἕχοντεςς
673 2144 791 2214 Θεῷ
822 2146 1057 2217 μὲνγὰρ
1099 2146 1333 2217 ὑπάρχει
1378 2149 1471 2201 καὶ
1512 2149 1581 2201 τὰ
1612 2147 1815 2202 ἀθέατα
1856 2149 1979 2220 βλέ-

390 2252 533 2300 πειν,
570 2238 664 2289 καὶ
692 2236 800 2288 τῶν
835 2236 1020 2305 μηδενὶ
1050 2239 1234 2308 τρόπῳ
1266 2238 1828 2310 καταλαμϐανομένων
1853 2241 1979 2303 τοὺς

392 2329 745 2400 χαρακτῆρας
791 2330 1129 2395 ἐπισκοπεῖν,
1182 2331 1275 2382 καὶ
1323 2330 1420 2400 τὴν
1474 2332 1829 2402 ἀνομοιότητα
1871 2332 1978 2384 τῶν

391 2419 639 2489 ἀοράτων
700 2419 1112 2488 ἐπιγινώσκειν
1175 2424 1337 2492 ἡμεῖς
1407 2421 1464 2475 δὲ
1536 2422 1730 2487 μόνον,
1790 2424 1858 2477 δι’
1906 2417 1979 2475 ὧν

392 2509 685 2580 ἀκούομεν,
717 2512 990 2584 κρίνομεν.

392 2603 826 2673 prehenduntur,
881 2613 1039 2658 notas
1079 2603 1276 2659 intueri
1325 2612 1378 2660 et
1408 2606 1842 2677 inaequalitatem
1887 2608 2362 2679 inaspectabilium
2426 2629 2779 2684 cognoscere.

393 2697 660 2751 dicamus.

462 2791 689 2861 Εἴρηται
716 2791 915 2854 τοίνυν,
957 2793 1330 2861 Παρέπεσθαι
1358 2793 1435 2859 τῷ
1461 2794 1579 2862 Θεῷ
1603 2802 1621 2820 ’
1642 2798 1980 2870 παρακολου-

395 2880 649 2947 θούντων,
680 2883 777 2953 τὴν
803 2884 1175 2952 ἁγεννησίαν
1197 2886 1357 2941 αὐτὸν
1386 2886 1561 2954 λέγειν
1582 2892 1974 2960 υπενοήσαμεν.

395 2973 564 3027 Πάλιν
598 2974 828 3045 εἴρηται,
855 2973 1107 3029 Μᾶλλον
1156 2975 1224 3029 δὲ
1266 2980 1415 3032 αὐτό
1463 2979 1634 3033 ἐστιν
1684 2983 1866 3035 οὐσία
1910 2983 1977 3037 τὸ

395 3065 745 3135 ἀγέννητον.
776 3067 969 3120 Οὐκέτι
1006 3067 1197 3121 τούτου
1240 3072 1475 3124 συνεῖναι
1517 3072 1617 3144 τὴν
1661 3073 1977 3128 ἀκολουθίαν

398 3158 717 3229 ἰσχύσαμεν,
750 3158 883 3212 πολὺ
927 3159 988 3212 τὸ
1038 3161 1533 3232 ἀπεμφαινόμενον,
1587 3164 1681 3217 καὶ
1720 3164 1781 3216 τὸ
1823 3164 1977 3217 ἀλλό-

396 3265 554 3302 κοτον
586 3251 642 3301 ἐν
672 3252 783 3312 τοῖς
830 3250 1249 3321 σημαινομένοις
1294 3255 1749 3324 κατανοήσαντες.
1777 3256 1839 3308 Ei
1872 3256 1978 3327 γὰρ

401 3335 719 3405 παρέπεται
758 3338 838 3403 τῷ
867 3339 988 3403 Θεῷ
1021 3340 1086 3393 τὸ
1120 3341 1473 3411 ἀγέννητον,
1508 3344 1567 3396 τὸ
1601 3344 1655 3396 δέ
1689 3346 1981 3416 ἀγέννητον

397 3430 554 3482 οὐσία
601 3431 737 3489 ἐστὶ.
788 3430 880 3483 δύο
929 3433 1145 3495 πάντως
1198 3434 1396 3486 οὐσιῶν
1440 3434 1647 3489 ἔννοιαν
1698 3439 1755 3490 ἐν
1800 3438 1981 3507 ταὺτῷ

399 3524 798 3587 κατασκευάζει
827 3527 855 3578 ὁ
889 3524 1071 3594 λόγος·
1115 3528 1189 3591 ὡς
1236 3524 1374 3581 εἶναι
1415 3530 1511 3599 μὲν
1554 3529 1645 3582 τὸν
1675 3530 1805 3582 Θεὸν
1842 3532 1982 3585 κατὰ

398 3612 611 3671 ταύτόν,
647 3614 722 3677 ὠς
754 3610 888 3668 εἶναι
923 3618 1073 3678 ποτὲ,
1111 3619 1203 3670 καὶ
1240 3614 1378 3701 εἶναι
1418 3621 1807 3673 πεπίστευταιο
1836 3620 1984 3691 ἔχειν

399 3705 455 3758 δὲ
495 3708 882 3777 παρεπομένην
932 3708 1079 3780 αὐτῷ
1122 3711 1306 3764 οὐσίαν
1339 3711 1523 3782 ἄλλην,
1555 3713 1620 3781 ἢν
1663 3713 1983 3784 ἀγεννησίαν

402 3798 913 3868 προσαγορεύουσιν,
944 3800 1129 3876 ἕτερόν
1158 3820 1208 3855 τι
1239 3799 1423 3866 οὖσαν,
1452 3805 1600 3876 παρὰ
1626 3806 1715 3857 τὸν
1743 3798 1803 3858 οὗ
1838 3806 1983 3858 ἐστιν

402 3888 841 3961 ἐπακολούθημα,
888 3888 1069 3956 καθώς
1114 3912 1277 3965 φησιν
1323 3898 1351 3948 6
1395 3896 1741 3960 διδάσκαλος·
1792 3900 1885 3951 καὶ
1936 3901 1985 3952 εἰ

401 3978 544 4031 οὕτω
574 3980 743 4033 ταῦτα
792 3983 1003 4036 κελεύει
1055 3988 1215 4049 νοεῖν,
1263 3985 1556 4055 συγγνώτω
1595 3992 1705 4052 τοῖς
1749 3989 1985 4054 ἰδιώταις

402 4071 554 4138 ἡμῖν,
587 4070 660 4140 μὴ
704 4071 1020 4142 δυναμένοις
1053 4075 1119 4144 τῇ
1170 4073 1458 4144 λεπτότητι
1510 4075 1679 4146 ταύτῃ
1718 4076 1825 4129 τῶν
1855 4075 1989 4129 θεω-

405 4175 474 4229 ρη
485 4158 668 4228 μάτων
702 4159 1044 4228 ἐφίστασθαι.

475 4357 537 4409 Ei
553 4356 609 4409 δέ
630 4357 919 4410 ἀποϐάλλει
938 4357 1121 4411 τοῦτον
1138 4359 1227 4411 τὸν
1249 4358 1422 4427 λόγον,
1450 4358 1542 4410 καί
1560 4358 1619 4411 οὔ
1644 4376 1775 4430 φησι
1796 4358 1986 4430 διπλῆν

404 4446 587 4501 οὐσίαν
616 4450 741 4519 περὶ
761 4450 850 4502 τὸν
878 4448 1008 4501 Θεὸν
1038 4448 1235 4517 λέγειν,
1254 4451 1351 4519 τὴν
1377 4448 1474 4519 μὲν
1500 4450 1565 4501 ἐκ
1587 4450 1683 4519 τῆς
1714 4448 1985 4519 θεότητος,
2020 4490 2066 4547 D

404 4537 503 4608 τὴν
522 4539 579 4592 δέ
606 4541 669 4591 ἐκ
707 4539 805 4608 τῆς
835 4538 1156 4607 ἀγεννησίας
1192 4538 1613 4610 γνωριζομένην,
1642 4538 1820 4608 ἐαυτῷ
1856 4556 1990 4609 συμ-

407 4629 749 4683 ϐουλευσάτω
790 4632 817 4683 6
845 4630 981 4700 μήτε
1008 4630 1281 4700 προπετὴς
1310 4628 1404 4682 καὶ
1428 4629 1721 4699 ἀπόνηρος,
1752 4629 1825 4699 μὴ
1855 4630 1987 4683 πολὺ

408 4725 590 4795 νέμειν
608 4726 727 4785 ταῖς
750 4722 1054 4793 λοιδορίαις,
1076 4724 1133 4774 ἐν
1158 4726 1266 4785 τοῖς
1287 4722 1425 4793 ὑπὲρ
1446 4722 1540 4792 τῆς
1558 4721 1813 4792 ἀληθείας
1846 4721 1991 4789 ἀγῶ-

411 4834 493 4868 σιν
510 4834 521 4846 ·
550 4815 683 4868 ἀλλὰ
703 4814 982 4881 διασαφεῖν
1006 4815 1113 4875 τοῖς
1138 4812 1478 4875 ἀπαιδεύτοις
1502 4814 1650 4882 ἡμῖν,
1678 4812 1792 4874 πῶς
1814 4811 1873 4864 τὸ
1895 4815 1989 4863 ἐπ-

409 4904 751 4970 ακολουθοῦν,
801 4905 895 4957 καὶ
935 4904 996 4956 τὸ
1040 4903 1445 4974 προηγούμενον
1500 4904 1598 4955 οὐκ
1636 4903 1762 4957 ἄλλο
1806 4921 1857 4955 τι
1898 4905 1991 4955 καὶ

408 4998 535 5051 ἄλλο
564 4996 728 5058 ἐστὶν,
755 4994 865 5048 ἀλλ’
889 4993 947 5047 ἓν
986 4996 1269 5064 ἀμφότερα
1295 4994 1499 5062 γίνεται
1520 5011 1532 5023 ⁸
1560 4996 1651 5046 καὶ
1688 4994 1793 5063 γὰρ
1820 4996 1876 5046 ἐν
1909 4992 1990 5058 οἷς

410 5090 784 5160 ὑπερμάχεται
829 5089 922 5140 νῦν
976 5087 1277 5154 τοῦλόγου,
1330 5086 1478 5156 μένει
1515 5085 1906 5154 παραπλησίως
1931 5086 1989 5138 τὸ

410 5182 607 5233 ἄτοπον
639 5180 732 5232 καὶ
762 5179 933 5243 οὐδὲν,
965 5178 1141 5241 καθὼς
1175 5180 1335 5241 αὐτός
1367 5195 1550 5248 φησιν,
1583 5179 1614 5248 ἡ
1647 5177 1754 5232 τῶν
1802 5180 1985 5249 εὐαρι-

411 5273 631 5342 θμητων
682 5272 903 5324 ἐκείνων
954 5270 1236 5341 προσθήκη
1283 5269 1541 5340 ῥημάτων
1579 5269 1881 5340 διορθοῦται
1929 5270 1989 5322 τὸ

410 5364 517 5416 τῶν
546 5363 848 5434 εἰρημένων
869 5362 1213 5433 ἀσύμφωνον.
1241 5362 1371 5415 Τίνα
1399 5363 1509 5430 γὰρ
1535 5363 1590 5414 ἐν
1615 5361 1820 5425 τούτοις
1844 5362 1990 5415 ἐστιν

410 5455 590 5524 εὑρεῖν
631 5452 995 5519 διδασκαλίαν,
1030 5452 1182 5506 οὔπω
1231 5454 1468 5506 κατιδεῖν
1499 5454 1789 5524 ἠδυνήθην.
1830 5455 1992 5525 Εἰρή-

415 5563 564 5600 σεται
603 5547 659 5598 δέ
697 5545 836 5599 αὐτὰ
876 5547 943 5599 τὰ
977 5547 1334 5616 γεγραμμένα
1385 5548 1514 5617 παρ’
1552 5545 1715 5599 αὑτοῦ
1771 5547 1863 5598 ἐπὶ
1903 5546 1991 5598 λέ-

415 5636 565 5702 ξεως.
592 5638 871 5707 Ειπομεν,
902 5639 1054 5708 φησὶ,
1078 5636 1325 5693 Μᾶλλον
1347 5637 1415 5690 δὲ
1452 5638 1600 5691 αὐτό
1630 5638 1802 5689 ἐστιν
1828 5636 1992 5705 ἀγέν-

413 5745 601 5799 νητον
619 5773 634 5797 ,
666 5732 780 5784 οὐκ
798 5733 884 5797 εἰς
926 5730 992 5784 τὸ
1025 5726 1176 5784 εἶναι
1208 5730 1640 5799 συναιροῦντες
1667 5728 1730 5782 τὸ
1758 5729 1995 5797 ὃειχθὲν

2084 1875 2151 1927 ad
2180 1874 2563 1929 refutationem
2613 1874 3178 1937 erubescisvcurnon
3205 1873 3493 1943 expungis,
3539 1886 3665 1940 qua:

2084 1967 2401 2037 scripsisti?
2436 1983 2534 2021 cur
2569 1982 2692 2021 eum
2725 1966 3077 2021 contumeliis
3138 1965 3407 2021 incessis?
3452 1964 3661 2034 Utique,

2096 2059 2298 2129 inquit,
2336 2059 2425 2112 sed
2454 2076 2557 2112 non
2589 2059 2869 2119 intellexit,
2900 2073 3152 2127 quorsum
3199 2055 3428 2109 tenderet
3466 2058 3660 2110 oratio.

2086 2149 2262 2216 Quam
2295 2150 2461 2220 igitur
2490 2149 2745 2218 injuriam
2776 2149 3106 2217 irrogamus,
3133 2146 3177 2201 si
3206 2162 3331 2200 cum
3365 2148 3538 2201 simus
3567 2148 3664 2200 lio-

2085 2242 2288 2305 mines,
2326 2258 2391 2296 ex
2428 2244 2611 2297 verbis
2638 2244 2707 2297 de
2740 2253 2922 2297 mente
2969 2242 3349 2309 conjecturam
3404 2241 3662 2306 facimus,

2076 2349 2200 2386 cum
2232 2334 2440 2386 nullum
2476 2334 2624 2387 aliud
2655 2350 2867 2398 eorum,
2888 2348 3009 2401 qua:
3034 2334 3085 2386 in
3125 2332 3289 2387 corde
3312 2332 3665 2396 delitescunt,

2078 2425 2336 2479 indicium
2374 2427 2677 2495 suppetat?
2733 2426 2841 2480 Deo
2876 2427 3021 2481 enim
3080 2439 3312 2495 pronum
3375 2432 3459 2479 est
3498 2424 3663 2478 etiam

2078 2518 2373 2571 invisibilia
2438 2518 2647 2585 videre,
2673 2528 2726 2572 et
2754 2535 2966 2584 eorum,
2994 2534 3115 2587 quae
3145 2518 3297 2572 nullo
3323 2515 3482 2569 modo
3512 2532 3666 2569 eom-

2862 2613 2973 2669 Nos
3038 2630 3167 2668 vero
3203 2630 3269 2668 ex
3321 2613 3523 2667 auditis
3578 2613 3669 2682 ju-

2159 2796 2303 2851 Dixit
2352 2798 2519 2867 igitur
2554 2819 2568 2853 :
2602 2797 2900 2869 Ingenitum
2931 2802 3076 2871 sequi
3127 2800 3313 2855 Deum.
3360 2801 3460 2855 llis
3486 2801 3670 2857 verbis

2085 2887 2303 2942 adducti
2328 2890 2660 2945 credidimus
2702 2908 2824 2945 eum
2878 2892 3166 2955 allirmare,
3201 2894 3669 2948 innascibilitatem

2083 2997 2206 3037 esse
2251 2998 2315 3037 ex
2354 2998 2544 3037 eorum
2597 3000 2851 3049 numero,
2914 3002 3035 3055 qua:
3093 2987 3440 3042 extrinsecus
3499 2985 3667 3042 Deum

2084 3077 2432 3128 Comitantur.
2469 3076 2683 3129 Atcum
2714 3093 2908 3131 rursus
2941 3078 3079 3131 dixit
3118 3097 3128 3130 :
3163 3077 3336 3148 Magis
3379 3095 3499 3133 vero
3544 3079 3672 3132 sub--

2082 3168 2283 3219 stantia
2333 3176 2411 3220 est
2457 3169 2747 3238 ingenitum
2781 3184 2798 3221 :
2831 3186 2938 3223 non
2982 3171 3221 3240 amplius
3272 3171 3668 3225 connexionem

2082 3260 2389 3327 intelligere
2426 3262 2727 3329 potuimus,
2750 3261 2956 3331 quippe
3000 3262 3053 3315 in
3085 3262 3415 3328 signiﬁcatis
3449 3261 3669 3316 diversa

2083 3348 2377 3401 admodum
2410 3358 2464 3403 et
2497 3350 2724 3406 adversa
2753 3352 3015 3405 varietate
3042 3351 3404 3418 deprehensa.
3429 3350 3485 3405 Si
3516 3351 3662 3405 enim

2078 3444 2359 3513 ingenitum
2433 3442 2671 3509 sequitur
2726 3440 2944 3494 Deum:
2998 3441 3297 3510 ingenitum
3353 3449 3534 3495 autem
3586 3448 3672 3495 est

2084 3534 2422 3591 SllilSlalllia.
2476 3533 2707 3587 diversa:
2768 3534 3091 3587 substantia:
3131 3534 3186 3588 in
3233 3534 3420 3587 eodem
3461 3535 3670 3588 consti-

2083 3632 2309 3677 tuantur
2336 3633 2591 3694 oportet;
2652 3633 2709 3677 ut
2765 3624 2985 3694 quidem
3051 3625 3191 3679 Deus
3246 3627 3316 3679 sit
3368 3625 3669 3680 secundum

2085 3716 2249 3780 idem,
2280 3717 2422 3772 sicut
2462 3717 2591 3770 olim
2621 3728 2761 3780 erat,
2795 3728 2851 3771 et
2888 3733 3013 3771 esse
3041 3719 3291 3773 creditus
3315 3725 3417 3782 est,
3468 3718 3671 3771 habeat

2083 3822 2214 3862 vero
2267 3808 2691 3876 subsequentem
2742 3823 2802 3861 se
2855 3808 3218 3861 substantiam
3265 3808 3450 3872 aliam,
3504 3790 3707 3877 quam.

2086 3898 2577 3953 innascibilitatem
2612 3898 2917 3961 nominant,
2963 3913 3084 3966 quae
3122 3898 3266 3950 aliud
3305 3898 3565 3967 quiddam
3599 3900 3673 3953 sit

2087 3990 2302 4053 abillo,
2362 3991 2523 4057 cujus
2575 3991 2791 4059 sequela
2849 3998 2951 4052 est,
3006 4001 3167 4058 prout
3209 3990 3401 4045 doctor
3458 3992 3669 4060 objicit.

2087 4082 2242 4149 Quod
2274 4084 2318 4136 si
2354 4083 2499 4137 hunc
2552 4084 2604 4136 in
2643 4082 2863 4137 modum
2900 4083 3015 4136 haec
3040 4083 3267 4153 intelligi
3314 4086 3485 4153 cupit,
3517 4085 3671 4153 igno-

2094 4181 2215 4228 scat
2268 4174 2427 4228 nobis
2491 4174 2750 4237 indoctis,
2795 4174 2887 4243 qui
2947 4174 3303 4230 subtilitatem
3360 4176 3672 4246 hujusmotli

2088 4264 2526 4333 speculationum
2550 4279 2743 4333 capere
2777 4264 3088 4332 nequimus.

2157 4355 2424 4410 Caeterum
2456 4357 2502 4409 si
2532 4356 2636 4409 hoc
2661 4372 2825 4410 sensu
2858 4355 3147 4425 repudiato
3179 4364 3412 4424 asserat,
3462 4373 3521 4413 se
3554 4374 3663 4412 non

2090 4454 2333 4501 statuere
2371 4448 2423 4499 in
2457 4446 2565 4500 Deo
2594 4445 2868 4515 duplicem
2892 4448 3214 4511 essentiam,
3239 4449 3462 4502 alteram
3483 4448 3551 4502 de
3587 4449 3673 4503 di-

2095 4537 2342 4599 vinitate,
2382 4537 2605 4589 alteram
2638 4536 2705 4590 de
2744 4536 3192 4598 innascibilitate,
3261 4538 3505 4592 obtineat
3559 4554 3588 4592 a
3615 4556 3675 4594 se

2098 4628 2277 4690 homo,
2323 4643 2497 4696 neque
2526 4642 2787 4696 praeceps,
2837 4643 3014 4696 neque
3040 4629 3367 4691 malitiosus,
3399 4638 3457 4682 ut
3482 4630 3535 4683 in
3558 4646 3675 4684 cer-

2098 4720 2395 4772 taminibus
2450 4735 2549 4788 pro
2579 4718 2828 4778 veritate,
2877 4719 3141 4772 conviciis
3170 4735 3277 4773 non
3324 4722 3553 4775 multum
3584 4723 3671 4777 in-

2097 4812 2351 4879 dulgeat;
2388 4812 2480 4864 sed
2510 4810 2745 4864 dilucide
2790 4819 3028 4880 exponat
3062 4812 3245 4877 nobis,
3286 4814 3563 4881 quomodo
3592 4816 3671 4881 id,

2098 4905 2241 4973 quod
2273 4904 2540 4972 sequitur,
2571 4912 2625 4957 et
2652 4902 2726 4966 id,
2756 4908 2902 4973 quod
2944 4905 3340 4973 antegreditur,
3362 4907 3473 4961 sint
3498 4925 3667 4964 unum

2094 5002 2147 5048 et
2175 4994 2337 5056 idem,
2371 5010 2475 5047 non
2511 4994 2655 5048 aliud
2686 5003 2849 5064 atque
2873 4996 3053 5061 aliud;
3103 5013 3226 5051 nam
3258 5014 3407 5053 nunc
3450 5001 3673 5070 quidem

2094 5087 2184 5153 iis,
2216 5102 2335 5156 qua:
2366 5086 2448 5141 sui
2484 5085 2669 5140 tuendi
2703 5101 2869 5142 causa
2902 5088 3131 5156 profert,
3176 5089 3307 5142 nihil
3335 5089 3519 5155 edicit,
3572 5094 3673 5147 ab-

2097 5178 2366 5233 surditate
2414 5194 2569 5247 azque
2616 5193 2679 5231 ac
2712 5187 2871 5232 antea
2906 5190 3319 5249 perseverante,
3360 5198 3558 5251 neque,
3616 5192 3675 5236 ut

2098 5274 2331 5341 ipsemet
2364 5271 2460 5333 ait,
2496 5270 2767 5325 orationis
2811 5271 2962 5326 illius
2993 5282 3101 5325 tam
3153 5274 3437 5327 concinnae
3483 5284 3679 5328 rotun-

2098 5361 2241 5415 ditas
2272 5376 2337 5415 ac
2365 5369 2666 5414 concentus
2732 5360 3048 5414 inconsona:
3093 5362 3360 5417 doctrinae
3403 5364 3671 5418 medetur.

2099 5450 2272 5516 Quam
2307 5451 2451 5504 enim
2485 5451 2845 5505 eruditionem
2880 5449 2938 5505 in
2982 5453 3068 5505 liis
3099 5455 3342 5523 reperire
3371 5455 3674 5526 liceat,ego

2100 5543 2335 5599 necdum
2387 5544 2696 5614 perspicere
2750 5544 2923 5614 potui.
2975 5542 3082 5598 Sed
3113 5546 3380 5600 verbatim
3431 5546 3518 5601 hic
3551 5548 3675 5603 red-

2099 5637 2296 5690 damus
2326 5651 2413 5702 ea,
2471 5652 2593 5705 qum
2630 5636 2849 5707 scripsit
2936 5636 3204 5702 Diximus,
3256 5639 3452 5708 inquit,
3504 5642 3674 5710 Magia

2100 5731 2274 5799 ipsum
2329 5729 2617 5799 ingenitum
2654 5740 2730 5784 est
2771 5729 3092 5798 substantia,
3153 5747 3254 5784 non
3282 5732 3354 5783 ad
3420 5736 3678 5803 ειέἱδιετιη
