4146 6370
445 321 555 400 iss

1711 316 1776 372 5.
1819 313 2158 377 GREGORII
2201 312 2496 369 NYSSEN!

3627 311 3732 368 45:6

445 440 574 491 tiam
606 434 970 506 perducentes,
1001 434 1141 506 quod
1172 436 1317 506 sequi
1344 436 1769 489 demonstratum
1804 443 1904 499 est,
1933 432 2022 489 sed

2128 432 2507 487 ἀκολουθεῖν.
2550 430 2737 486 Ἀλλὰ
2786 433 2853 485 τό
2899 430 3016 500 μὲν
3067 430 3391 486 ἀκολουοεῖ
3422 430 3499 500 τῇ
3546 447 3731 502 πρίσ-

441 529 538 582 hoc
567 526 778 598 quidem
806 528 1045 597 sequitur
1071 527 1441 596 appellationi,
1492 527 1546 580 id
1582 544 1699 581 vero
1732 526 1869 595 quod
1920 532 2027 587 est,

440 619 685 675 essentia:
715 617 1191 671 accommodantes.
1217 616 1349 683 Quae
1402 617 1586 671 omnia
1650 616 1698 672 si
1752 616 1807 668 in
1859 628 2029 667 unum

444 713 698 781 colligas,
745 712 852 765 huc
886 718 999 765 tota
1030 711 1208 763 oratio
1252 709 1460 764 recidet
1490 727 1501 761 :
1539 707 1695 778 sequi
1726 707 2027 774 ingenitum

453 816 653 855 nomen
685 818 697 853 :
730 798 1171 869 quandoquidem
1204 797 1381 867 ipsum
1430 802 1514 850 est
1562 796 1678 865 ipse
1730 794 2027 863 ingenitus.

443 893 616 959 Quem
655 895 847 946 borum
883 892 1175 945 verborum
1213 890 1566 959 interpretem
1603 884 2031 942 advocabimus?

447 985 572 1039 Non
604 984 672 1037 ad
704 985 1095 1043 exsistentiam,
1128 982 1330 1052 inquit,
1375 980 1735 1049 perducentes,
1771 976 1909 1048 quod
1944 994 2028 1031 se-

439 1078 539 1147 qui
601 1076 1021 1130 demonstratum
1085 1082 1183 1127 est.
1244 1072 1377 1126 Illud
1424 1068 1801 1141 συναιροῦντες
1831 1068 2030 1122 dixerit

442 1170 584 1225 forte
610 1170 808 1239 aliquis
849 1183 1178 1222 arcanorum
1234 1166 1535 1235 expositor,
1588 1179 1713 1218 eum
1757 1174 2029 1231 usurpare

442 1262 565 1315 loco
600 1261 850 1316 vocabuli
876 1258 1648 1325 συνάπτοντες,οοηηεσιεηιεε.
1670 1254 2027 1324 Reliquorum

438 1362 647 1417 autem,
677 1370 783 1423 qua
816 1356 1038 1407 tandem
1092 1353 1306 1405 ratione
1341 1350 1543 1420 aliquis
1588 1347 2025 1417 intelligentiam,

441 1456 495 1499 et
528 1447 925 1500 connexionem
980 1443 1356 1514 assequatur?
1400 1441 1555 1507 Quod
1603 1448 1786 1495 ortum
1838 1447 1922 1494 est
1958 1454 2025 1492 ex

439 1539 688 1608 sequela,
728 1553 837 1592 non
868 1536 935 1590 ad
974 1535 1293 1599 essentiam,
1353 1535 1447 1590 sed
1480 1534 1547 1588 ad
1584 1533 2024 1603 appellationem,

442 1630 829 1698 cognationem
862 1634 916 1683 et
958 1625 1331 1681 habitudinem
1374 1625 1558 1680 habet.
1616 1624 1759 1691 Quid
1794 1638 1942 1689 vero,
1992 1638 2027 1678 o

440 1722 870 1790 sapientissime,
904 1718 1236 1789 appellatio?
1259 1717 1399 1772 Num
1438 1716 1687 1772 dissonat
1734 1715 1804 1771 ab
1838 1729 2026 1770 essen-

2137 524 2367 591 ηγορίᾳ,
2395 524 2462 577 τὸ
2493 522 2561 576 δὲ
2583 523 2737 585 ἐστὶ,
2778 521 2852 591 τῇ
2900 522 3079 590 οὐσίᾳ
3118 522 3731 593 συναρμόζοντεςῖίὶν

2140 615 2521 680 συντεθέντων,
2548 614 2758 683 γένοιτο
2806 614 2873 668 ἂν
2920 615 3028 677 πᾶς
3078 614 3107 667 ὁ
3153 614 3309 683 λόγος
3352 616 3617 681 τοιοῦτος’
3649 619 3730 671 ὅτι

2138 708 2423 761 ἀκολουθεῖ
2448 707 2509 761 τὸ
2536 707 2830 777 ἀγέννητον
2873 706 3080 778 ὄνομα·
3133 708 3362 779 ἐπείπερ
3401 709 3533 762 αὑτό
3584 712 3730 764 ἐστιν

2136 800 2450 873 ἀγέννητος.
2469 799 2602 853 Τίνα
2622 801 2803 854 τοίνυν
2831 800 3075 870 ἑρμηνέα
3094 799 3202 853 τῶν
3228 800 3533 871 εἰρημένων
3559 819 3732 873 παρα-

2138 890 2482 961 στησόμεθα;
2518 893 2640 944 Οὐκ
2673 893 2760 956 εἰς
2792 889 2859 943 τὸ
2900 886 3072 956 εἶναι,
3109 890 3261 960 φησὶ,
3300 891 3731 959 συναιροῦντες

2134 981 2202 1035 τὸ
2221 981 2458 1050 δειχθέν
2475 982 2850 1039 ἀκολουθεῖν.
2880 980 3041 1034 Ἀλλὰ
3065 981 3127 1034 τὸ
3154 982 3253 1052 μὲν
3276 982 3727 1051 συναιροῦντες,

2138 1072 2268 1136 (om;
2314 1073 2378 1127 ἄν
2424 1091 2568 1137 τινες
2608 1073 2718 1126 τῶν
2758 1074 3182 1144 αἰνιγματιστῶν
3232 1074 3434 1126 εἴποιεν
3473 1075 3590 1127 ἀντὶ
3636 1074 3727 1128 τοῦ

2134 1162 2570 1231 συνάπτοντες,
2606 1164 2756 1235 αὐτῷ
2788 1164 3093 1235 νενοῆσθαι.
3142 1164 3263 1219 Τῶν
3294 1164 3351 1217 δὲ
3385 1164 3587 1218 λοιπῶν
3613 1166 3730 1231 πῶς

2134 1255 2199 1309 ἄν
2223 1274 2307 1319 τις
2337 1257 2580 1328 ὲπιγνοίη
2615 1257 2676 1310 τὸ
2705 1256 2922 1310 συνετὸν
2969 1256 3064 1309 καὶ
3097 1256 3413 1323 ἀκόλουθονς
3440 1255 3513 1308 Τὸ
3541 1258 3725 1327 φανὲν,

2135 1347 2320 1417 φησιν,
2354 1349 2417 1401 ὲκ
2446 1349 2543 1417 τῆς
2573 1346 2913 1411 ἀκολουθίας,
2947 1348 3007 1400 οὐ
3051 1347 3188 1417 πρὸς
3223 1347 3321 1417 τὴν
3349 1347 3558 1413 οὐσίαν,
3593 1348 3728 1403 ἀλλὰ

2135 1436 2270 1507 πρὸς
2299 1437 2397 1508 τὴν
2429 1438 2799 1509 προσηγορίαν
2832 1437 3047 1501 οἰκείως
3084 1437 3218 1507 ἔχει.
3261 1438 3324 1491 Ἡ
3356 1438 3411 1491 δὲ
3454 1455 3726 1509 προσηγο-

2135 1527 2246 1596 ρία,
2272 1522 2317 1580 ὧ
2348 1528 2645 1596 σοφώτατε.
2680 1529 2767 1592 τί;
2814 1530 3049 1599 Πότερον
3079 1528 3273 1600 ἀπᾴδει
3309 1529 3410 1599 τῆς
3452 1529 3661 1592 οὐσίας,
3690 1529 3723 1600 ἢ

2136 1618 2432 1690 σύνδρομός
2462 1623 2576 1673 ἐστι
2633 1621 2774 1674 κατά
2814 1622 2910 1691 τὴν
2945 1621 3180 1688 ἕννοιανς
3208 1623 3256 1674 εἰ
3295 1624 3392 1693 μὲν
3429 1624 3538 1693 γὰρ
3576 1625 3725 1678 ἀνοι-

2134 1712 2298 1775 κείως
2336 1712 2449 1783 ἔχει
2496 1712 2630 1783 πρὸς
2666 1713 2766 1785 τὴν
2810 1712 2994 1766 οὐσίαν
3026 1714 3087 1765 τὸ
3122 1711 3312 1783 ὄνομα,
3346 1714 3464 1777 πῶς
3493 1715 3600 1768 ὑπὸ
3626 1717 3726 1787 τῆς

439 1813 539 1873 tia,
572 1829 638 1865 au
672 1812 719 1866 ei
748 1810 1049 1865 secundum
1088 1809 1368 1863 notionem
1404 1806 1713 1863 consonat?
1772 1804 1832 1859 Si
1878 1805 2022 1860 enim

2128 1805 2224 1858 τοῦ
2256 1806 2549 1876 ἁγεννήτου
2590 1807 2958 1877 προσηγορίας
2987 1808 3019 1877 ὴ
3048 1806 3203 1860 οὐσία
3234 1807 3719 1878 χαρακτηρίζεται;

438 1904 734 1973 appellatio
783 1917 906 1956 cum
964 1901 1207 1956 essentia
1246 1901 1452 1955 nullam
1508 1914 1737 1970 prorsus
1779 1912 2026 1952 commu-

441 1996 660 2049 nionem
691 1994 938 2055 haberet,
990 1992 1269 2063 quomodo
1304 1993 1372 2046 ab
1399 1991 1624 2062 ingeniti
1666 1990 2029 2061 appellatione

437 2085 681 2140 essentia
740 2084 963 2153 proprio
1007 2098 1110 2137 suo
1157 2081 1482 2136 charactere
1539 2078 1933 2150 insigniretur?
1971 2074 2027 2131 Si

440 2176 633 2244 igitur,
694 2184 852 2244 prout
892 2174 1012 2244 ipse
1068 2188 1260 2239 vocas,
1302 2179 1535 2242 coguate
1591 2179 1645 2227 et
1703 2171 2030 2225 naturaliter

435 2267 679 2321 essentia
711 2266 778 2319 ab
822 2263 1255 2318 iunascibilitate
1313 2261 1649 2323 continetur,
1708 2276 1817 2330 quo
1868 2267 2029 2329 pacto

439 2360 528 2413 hic
570 2358 926 2427 sejuugitur?
974 2355 1185 2411 Nomen
1249 2355 1493 2409 essentia:
1550 2369 1643 2407 seu
1691 2352 2023 2416 substantiw,

442 2450 642 2518 inquit,
671 2446 741 2501 ad
767 2447 915 2499 aliud
951 2448 1221 2518 sequitur;
1254 2454 1309 2500 et
1346 2460 1540 2499 rursus
1582 2462 1595 2495 :
1636 2444 1752 2510 ipsa
1786 2441 2022 2496 essentia

439 2542 509 2594 ad
543 2541 711 2593 aliud.
744 2540 874 2604 Qua:
917 2554 1045 2592 vero
1070 2538 1238 2591 totius
1275 2536 1437 2606 hujus
1453 2536 1721 2590 orationis
1746 2542 2024 2589 structura

438 2634 559 2688 est?
608 2632 894 2702 Sequitur,
946 2630 1147 2699 inquit,
1202 2627 1395 2691 Deum,
1448 2628 1753 2697 ingenitum
1801 2640 2022 2685 nomen,

437 2724 881 2795 quandoquidem
918 2733 1002 2778 est
1027 2723 1144 2792 ipse
1178 2722 1479 2790 ingenitus.
1524 2718 1718 2785 Deum,
1751 2719 1844 2787 qui
1872 2717 2021 2771 aliud

438 2819 699 2889 quiddam
755 2825 861 2881 est,
907 2832 1072 2885 quam
1133 2814 1465 2884 ingenitum,
1503 2811 1769 2881 subsequi
1806 2810 1883 2864 ait
1920 2808 2025 2864 hoc

438 2926 660 2965 nomen.
695 2908 982 2974 Quomodo
1007 2906 1356 2961 divinitatem
1401 2902 1847 2971 innascibilitate
1894 2900 2027 2955 deﬁ-

437 3001 559 3055 nit?
604 3003 672 3054 At
725 3002 924 3054 iterum
975 2997 1206 3068 oggerit,
1244 2995 1439 3057 Deum,
1489 2994 1582 3065 qui
1624 2992 1865 3062 ingenita
1916 3000 2021 3057 est,

436 3092 699 3160 subsequi
733 3091 1080 3162 ingenitum?
1110 3088 1247 3155 Quis
1284 3087 1448 3141 nobis
1478 3086 1890 3140 reconditorum
1924 3086 2025 3139 hu-

434 3182 679 3252 jusmodi
753 3182 1073 3249 doguiatum
1135 3178 1313 3232 nodos
1363 3175 1665 3231 dissolvet?
1726 3174 1868 3228 Ecce
1918 3174 2020 3228 tibi

434 3274 729 3342 ingenitum
757 3271 1091 3333 antecedens,
1128 3278 1182 3323 et
1249 3268 1545 3336 ingenitum
1576 3265 1936 3336 subsequens;
1965 3271 2021 3319 et

436 3365 858 3436 appellationem
885 3362 1229 3422 substantite,
1268 3373 1417 3413 nunc
1444 3357 1667 3428 quidem
1695 3357 2022 3411 naturaliter

436 3466 859 3527 competentem,
903 3470 1051 3508 nunc
1082 3468 1182 3507 ceu
1229 3452 1422 3505 alienae
1455 3452 1623 3506 sortis
1665 3450 2019 3521 subsequen-

433 3562 567 3607 tem.
608 3550 743 3616 Quis
777 3550 864 3602 hic
907 3554 1093 3601 tantus
1128 3553 1211 3599 est
1264 3560 1393 3614 erga
1437 3543 1878 3596 innascibilitatis
1919 3558 2017 3596 no-

433 3658 559 3697 men
593 3656 763 3710 pavor
811 3650 865 3695 et
903 3635 1335 3706 obstupefactio,
1380 3644 1437 3688 ut
1476 3635 1551 3688 illi
1593 3642 1760 3687 totam
1807 3634 2009 3688 divini-

431 3736 567 3789 tatis
604 3743 853 3788 naturam
888 3730 1188 3790 adscribat,
1214 3727 1539 3793 dictitando,
1571 3727 1616 3781 si
1646 3727 1751 3781 boc
1782 3727 2005 3780 nomine

436 3826 581 3879 heus
622 3824 911 3883 adiciatur,
956 3821 1141 3875 Omnia
1172 3819 1389 3889 pietatis
1417 3818 1544 3887 jura
1596 3818 1804 3886 integra
1863 3819 2011 3884 fore;

2130 1897 2196 1949 Εἰ
2233 1896 2291 1950 δὲ
2341 1899 2654 1969 προσφυῶς,
2707 1896 2891 1961 καθὼς
2942 1898 3102 1961 αὐτὸς
3149 1900 3456 1969 ὀνομάζεις,
3492 1902 3595 1953 ὑπὸ
3625 1902 3725 1970 τῆς

2130 1988 2457 2059 ἀγεννησίας
2501 1990 2533 2059 ἠ
2586 1989 2744 2043 οὐσία
2800 1988 3288 2061 περιλαμϐάνεται,
3328 1992 3444 2054 πῶς
3489 1992 3724 2046 ἐνταῦθα

2130 2079 2556 2150 καταμερίςεται
2580 2097 2594 2144 ;
2629 2080 2733 2135 Kal
2766 2081 2959 2150 τὸμὲν
2978 2081 3167 2150 ὄνομα
3187 2079 3293 2147 τῆς
3304 2083 3514 2149 οὐσίας
3541 2083 3724 2152 ἑτέρῳ

2128 2172 2463 2238 ἀκολουθεῖ,
2488 2173 2642 2240 αὑτὴ
2664 2174 2720 2225 δὲ
2753 2174 2916 2227 πάλιν
2938 2174 2975 2241 ἠ
3013 2175 3197 2228 οὐσία
3217 2174 3415 2243 ἑτέρῳ.
3463 2175 3558 2238 Τίς
3596 2177 3650 2230 δὲ
3686 2178 3720 2248 ἡ

2129 2264 2378 2328 σύνθεσις
2427 2266 2520 2317 τοῦ
2566 2265 2766 2329 παντὸς
2813 2266 3010 2335 λόγου;
3054 2266 3383 2333 Ἀκολουθεῖ,
3431 2269 3582 2338 φησὶ,
3643 2267 3721 2338 τῷ

2126 2353 2244 2424 Θεῷ
2301 2354 2363 2407 τὸ
2421 2354 2717 2426 ἀγέννητον
2786 2356 2991 2427 ὄνομα,
3051 2359 3284 2430 ἐπείπερ
3348 2358 3509 2422 αὑτός
3569 2360 3719 2413 ἐστιν

2126 2446 2442 2515 ἀγέννητος.
2508 2447 2673 2499 Ἀλλο
2715 2465 2767 2501 τι
2816 2448 2930 2501 ὄντι
2970 2448 3048 2520 τῷ
3076 2449 3193 2522 Θεῷ
3224 2449 3375 2521 παρά
3409 2450 3469 2503 τὸ
3492 2450 3721 2523 ἀγέννηο

2126 2554 2216 2590 τον
2246 2537 2555 2591 ἀκολουθεῖν
2595 2537 2751 2591 τοῦτο
2786 2539 2933 2607 λέγει
2970 2540 3031 2593 τὸ
3068 2540 3273 2613 avena;
3308 2542 3417 2594 Καὶ
3457 2541 3574 2605 πῶς
3618 2542 3719 2613 τὴν

2126 2627 2355 2699 θεότητα
2403 2631 2461 2681 ἐν
2508 2632 2572 2700 τῇ
2622 2630 2918 2703 ἀγεννησίᾳ⁵
2964 2632 3237 2704 ὁρίζεταις
3270 2633 3719 2703 ἀλλ’ἀγεννήτως

2125 2720 2237 2773 ὄντι
2264 2721 2341 2792 τῷ
2374 2720 2493 2792 Θεῷ
2530 2722 2756 2775 ἕπεσθαι
2788 2722 2951 2776 πάλιν
2983 2724 3116 2795 φησὶ⁵
3162 2724 3223 2776 τὸ
3251 2724 3577 2797 ἀγέννητον;
3607 2728 3718 2781 Καὶ

2125 2813 2207 2878 τίς
2232 2816 2363 2885 ἡμῖν
2385 2815 2493 2868 τῶν
2519 2817 2856 2886 αἰνιγμάτων
2885 2816 3089 2869 τούτων
3110 2816 3348 2872 διαλύσει
3373 2818 3462 2871 τὸν
3487 2819 3714 2889 γρίφον;

2138 2905 2485 2973 Ἀγέννητον
2536 2910 3021 2977 προηγούμενον,
3088 2911 3182 2964 καὶ
3237 2909 3568 2980 ἀγέννητον
3610 2911 3714 2980 ἐφ-

2124 3000 2441 3068 επόμενον,
2479 3000 2573 3052 καὶ
2607 3002 2980 3073 προσηγορίαν
3020 3002 3227 3066 οὐσίας,
3278 3005 3372 3057 νῦν
3406 3005 3502 3073 μὲν
3547 3022 3717 3076 προσ-

2127 3089 2276 3156 φυῶς
2320 3092 2767 3162 ὲφηρμοσμένην,
2823 3093 2983 3146 πάλιν
3028 3093 3085 3146 δὲ
3132 3094 3208 3158 ὡς
3250 3096 3536 3167 ἀλλοτρίαν
3579 3115 3717 3167 παρ-

2126 3181 2421 3251 επομένην.
2449 3180 2544 3244 Τίς
2575 3182 2634 3236 δὲ
2659 3182 2807 3253 αὐτῷ
2870 3186 2963 3237 καὶ
3010 3186 3044 3256 ὴ
3089 3185 3321 3258 τοσαύτη
3357 3189 3484 3258 περὶ
3514 3188 3573 3241 τὸ
3617 3191 3716 3260 τῆς

2125 3271 2492 3339 ἀγεννησίας
2546 3272 2717 3342 ὄνομα
2770 3274 3031 3344 πτόησις’
3097 3275 3238 3329 ὥστε
3289 3277 3478 3349 ἐκείνῳ
3535 3280 3715 3332 πᾶσαν

2124 3361 2435 3415 ἀνατιθέναι
2477 3362 2574 3433 τὴν
2617 3364 2716 3432 τῆς
2756 3363 3007 3436 θεότητος
3056 3367 3245 3437 φύσινο
3281 3369 3375 3422 καὶ
3406 3372 3454 3423 εί
3496 3371 3593 3440 μὲν
3623 3371 3715 3423 ού-

2121 3471 2229 3517 τως
2258 3454 2605 3525 ὀνομασθείη,
2644 3455 2810 3524 μηδὲν
2860 3457 2960 3526 τῆς
3004 3459 3283 3523 εὐσεϐείας
3324 3461 3523 3514 ἐνδεῖνο
3567 3463 3614 3514 εί
3657 3462 3711 3513 δὲ

2126 3543 2221 3614 μὴ,
2254 3544 2344 3597 τὸν
2371 3545 2549 3597 πάντα
2573 3546 2671 3614 τῆς
2700 3546 2937 3611 πίστεως
2958 3550 3359 3604 κινδυνεύεσθαι
3390 3553 3544 3622 λόγον
3566 3566 3581 3617 ;
3603 3555 3713 3607 Καὶ

2120 3639 2167 3688 εἰ
2201 3636 2274 3707 μὴ
2311 3637 2562 3708 περιττόν
2604 3655 2686 3700 τις
2749 3640 2841 3691 καὶ
2880 3641 3148 3712 παρέλκον
3185 3644 3429 3714 οἰήσεται
3475 3645 3534 3697 τὸ
3585 3648 3714 3716 περὶ

2119 3728 2324 3782 τούτων
2353 3730 2557 3802 βραχέα
2586 3730 2878 3799 διαλαϐεῖν,
2911 3734 3110 3788 οὑτωσὶ
3150 3735 3240 3789 τὸν
3272 3736 3428 3805 λόγον
3453 3737 3712 3809 διαληψό-

2129 3820 2289 3889 μεθα.
3093 3852 3115 3877 ο

434 3920 480 3971 si
514 3917 719 3979 minus,
755 3922 924 3967 totam
972 3911 1095 3965 ﬁdei
1146 3925 1419 3965 summam
1471 3911 1523 3963 in
1571 3908 1873 3978 periculum
1921 3912 2135 3965 vocari?
2167 3912 2235 3965 At
2271 3910 2379 3967 nisi
2450 3913 2579 3982 quis
2645 3912 2945 3970 arbitretur
3019 3932 3488 3987 supervacaneum
3553 3935 3709 3991 pror-

434 4027 532 4065 sus
567 4020 620 4065 ct
664 4008 1073 4062 infructuosum
1130 4002 1269 4067 fore,
1318 4000 1386 4056 de
1420 4003 1503 4056 bis
1554 4001 1790 4057 breviter
1831 4000 2142 4069 disserere,
2181 4004 2261 4058 sic
2288 4003 2717 4074 disputationem
2754 4007 3133 4063 instituemus.

506 4102 807 4158 Eternitas
838 4100 1040 4153 divinae
1080 4097 1227 4162 vitae,
1280 4096 1327 4151 si
1358 4111 1478 4151 eam
1511 4096 1662 4150 velut
1704 4093 2021 4149 deﬁnitione

434 4196 671 4265 quadam
703 4193 1015 4247 describere
1047 4190 1204 4252 velis.
1234 4188 1501 4258 ejusmodi
1531 4194 1638 4251 est,
1674 4202 1891 4257 semper
1910 4195 2017 4253 est,

434 4303 539 4342 nec
573 4285 813 4339 admittit
853 4283 1150 4353 aliquando
1208 4296 1317 4337 non
1375 4279 1567 4347 fuisse,
1616 4287 1672 4335 et
1725 4278 2019 4349 aliquando

438 4395 548 4435 non
582 4380 849 4431 futurum.
886 4375 994 4431 Sed
1024 4374 1488 4445 quemadmodum
1525 4373 1619 4442 qui
1660 4388 1727 4426 ex
1763 4370 2018 4426 circulari

2197 4099 2271 4150 Τδ
2296 4099 2466 4153 ἀΐδιον
2497 4102 2598 4171 τῆς
2628 4100 2774 4164 θείας
2822 4101 2987 4172 ζωῆς,
3024 4102 3099 4164 ὡς
3124 4104 3189 4157 ἄν
3218 4121 3300 4167 τις
3332 4105 3443 4174 ὅρῳ
3469 4104 3575 4156 τινὶ
3606 4123 3706 4158 πε-

2127 4190 2363 4261 ριλαϐὼν
2390 4192 2723 4264 ύπογράψειε
2742 4236 2757 4259 ,
2788 4194 3027 4248 τοιοῦτόν
3053 4197 3201 4249 ἐστιν
3220 4214 3233 4226 ·
3278 4197 3363 4249 ἀεὶ
3415 4198 3511 4267 μὲν
3537 4200 3595 4251 ἐν
3627 4199 3706 4270 τῷ

2126 4278 2267 4337 εἶναι
2306 4284 2818 4356 καταλαμϐάνεται⁸
2874 4285 2968 4341 τοῦ
2999 4287 3055 4341 δὲ
3099 4288 3229 4341 ποτὲ
3272 4289 3345 4359 μὴ
3398 4285 3568 4352 εἶναι,
3614 4291 3704 4344 καὶ

2127 4373 2259 4428 ποτὲ
2313 4376 2387 4447 μὴ
2436 4375 2653 4430 ἔσεσθαι
2693 4378 2784 4431 τὸν
2837 4378 2992 4448 λόγον
3042 4381 3142 4434 οὐκ
3189 4380 3513 4451 ἐπιδέχεται.
3570 4384 3703 4436 Ἀλλ’

438 4474 613 4543 ﬁgura
650 4472 870 4541 planum
922 4442 1303 4533 dimetiuntur,
1341 4467 1626 4537 aequaliter
1658 4482 1687 4519 a
1728 4472 1920 4519 centro
1955 4463 2022 4518 ad

2128 4442 2437 4540 (horrentia
2460 4468 2555 4522 τοῦ
2588 4442 2946 4542 κυκλοτεροῦς
2980 4472 3275 4542 σχήματος,
3307 4442 3449 4527 οἷτά
3474 4475 3705 4529 ἐπίπεδα

438 4565 757 4619 distantiam
791 4563 948 4617 lineae
972 4562 1027 4616 in
1064 4577 1122 4617 se
1144 4560 1470 4622 convolutze,
1503 4556 1844 4612 indeﬁnitum
1870 4557 2022 4627 prin-

438 4658 641 4726 cipium
678 4655 865 4725 ﬁgurae
912 4669 1035 4710 esse
1066 4654 1246 4715 aiunt,
1297 4652 1444 4707 linea
1476 4664 1653 4720 neque
1683 4648 1736 4702 in
1768 4655 2022 4718 apertum

439 4751 602 4804 ﬁnem
657 4749 965 4810 desinente,
1021 4761 1201 4816 neque
1251 4745 1414 4799 etiam
1452 4757 1483 4796 a
1529 4741 1821 4796 manifesto
1867 4741 2023 4796 initio

438 4842 839 4912 pregrediente.
883 4840 978 4894 sed
1010 4839 1373 4907 undequaque
1408 4834 1524 4905 pari
1563 4837 1740 4904 spatio
1768 4848 1797 4887 a
1831 4840 2022 4889 centro

439 4932 765 5000 sibimetipsi
798 4932 1076 5000 copulata,
1115 4936 1170 4983 et
1196 4926 1469 4998 principio
1492 4933 1546 4982 et.
1578 4925 1685 4980 ﬁne
1719 4939 1911 4979 carere
1937 4924 2023 4977 vi-

437 5024 632 5078 detur:
699 5024 888 5091 procul
944 5022 1089 5076 absit
1134 5020 1524 5082 calumniator,
1581 5015 1728 5087 quod
1777 5016 2019 5070 circum-

440 5117 659 5184 scripta:
682 5114 990 5169 etdeﬁnita:
1024 5114 1229 5185 ﬁgura),
1261 5112 1734 5180 circumscriptam
1767 5120 2019 5165 naturam

439 5209 872 5278 coruparaverim
895 5226 907 5261 :
944 5222 1051 5261 non
1078 5207 1221 5260 enim
1249 5207 1313 5260 ad
1340 5205 1531 5259 circuli
1560 5202 2025 5271 circumscriptio-

438 5315 585 5364 nem,
622 5297 714 5353 sed
752 5297 815 5351 ad
856 5296 1267 5351 similitudinem
1312 5296 1432 5364 ejus
1482 5296 1605 5349 vitae
1638 5311 1731 5349 seu
1790 5303 2018 5354 naturm,

438 5407 562 5460 qua:
617 5391 983 5459 undequaque
1033 5388 1606 5459 incomprehensibilis
1655 5395 1758 5449 est,
1814 5386 2019 5448 intuiti,

441 5479 776 5533 allirmamus
809 5481 949 5533 hanc
977 5480 1300 5533 :etcrnitatis
1331 5480 1609 5531 notionem
1642 5493 1784 5531 esse.
1817 5480 1857 5527 A
1886 5492 2021 5546 prae»

442 5574 584 5627 senti
617 5575 760 5628 enim
796 5580 1092 5637 momento,
1147 5572 1292 5624 velut
1328 5587 1357 5624 a
1389 5580 1577 5625 centro
1614 5580 1667 5624 et
1696 5569 1852 5638 signo
1882 5584 2021 5637 quo-

442 5663 590 5727 dam,
627 5673 861 5718 mentem
883 5646 952 5719 ‘ad
984 5663 1305 5717 inﬁnitatem
1339 5662 1461 5715 vita:
1486 5660 1635 5714 illius
1664 5658 2022 5715 extendentes

443 5764 496 5809 et
524 5757 983 5823 circumagentes,
1024 5756 1309 5823 aequaliter
1333 5765 1385 5808 et
1416 5753 1668 5808 similiter
1697 5751 1765 5807 ab
1793 5750 2021 5805 immen-

2124 4560 2585 4632 γεωμετροῦντες,
2618 4563 2801 4635 ἐείσης
2828 4565 2935 4618 ἀπὸ
2959 4566 3051 4618 τοῦ
3079 4566 3304 4637 κέντρου
3334 4568 3468 4637 πρὸς
3496 4569 3556 4622 τὸ
3591 4570 3704 4623 διά-

2127 4666 2308 4721 στημα
2353 4652 2453 4723 τῆς
2499 4655 2763 4726 γραμμῆς
2802 4656 2937 4727 πρὸς
2970 4658 3166 4727 ἑαυτὴν
3194 4657 3516 4730 ἐλιχθείσης,
3549 4660 3699 4732 ἀόρι-

2126 4759 2249 4795 στον
2277 4739 2414 4797 εἶναι
2435 4742 2533 4815 τὴν
2556 4746 2729 4817 ἀρχὴν
2748 4748 2840 4800 τοῦ
2868 4749 3144 4818 σχήματος
3171 4748 3388 4815 λέγουσι
3412 4768 3425 4780 '
3462 4753 3598 4821 μήτε
3622 4754 3702 4815 εἰς

2121 4835 2274 4899 τέλος
2302 4836 2761 4909 ὁμολογούμενον,
2812 4841 2949 4911 μήτε
2992 4842 3072 4903 είς
3108 4840 3282 4911 ἀρχὴν
3328 4843 3563 4914 φανερὰν
3602 4845 3705 4914 τῆς

2121 4929 2383 4999 γραμμῆς
2434 4930 2837 5002 διασπωμένης,
2878 4931 2993 4986 ἀλλ’
3041 4933 3104 4987 ὲκ
3148 4934 3256 4986 τῶν
3294 4934 3421 4986 ἴσων
3468 4936 3703 5004 διαστη-

2126 5018 2311 5087 μάτων
2346 5021 2682 5090 πανταχόθεν
2704 5023 2767 5074 ὲκ
2797 5022 2889 5075 τοῦ
2914 5023 3140 5094 κέντρου
3167 5023 3302 5094 πρὸς
3330 5024 3526 5096 ἑαυτὴν
3558 5027 3701 5096 ἡνω-

2126 5110 2315 5181 μένης,
2350 5112 2607 5181 ἐκφυγεῖν
2654 5114 2714 5167 τὸ
2748 5115 2921 5185 ἀρχήν
2955 5133 3075 5169 τινα
3152 5116 3243 5169 καὶ
3275 5116 3528 5188 τελευτὴν
3577 5120 3698 5171 ἐπιο

2122 5201 2429 5266 δείξασθαιο
2465 5202 2606 5256 οὕτω
2650 5205 2744 5257 καὶ
2777 5205 2963 5276 μηδεὶς
2996 5207 3400 5275 συκοφαντείτω
3429 5208 3701 5277 τὸνλόγον

2122 5290 2197 5353 ὡς
2244 5293 2744 5363 περιγεγραμμένη)
2796 5296 3032 5363 σχήματι
3088 5297 3186 5367 τὴν
3241 5296 3492 5367 ἀόριστον
3539 5297 3699 5366 φύσιν

2123 5384 2593 5453 προσεικαζὸντων
2616 5401 2629 5414 °
2660 5385 2721 5436 ού
2764 5385 2872 5456 γὰρ
2904 5386 3041 5457 πρὸς
3081 5386 3178 5457 τὴν
3225 5388 3572 5459 περιγραφὴν
3606 5387 3699 5441 τοῦ

2122 5471 2322 5525 κύκλου
2352 5472 2666 5543 βλέποντες,
2703 5474 2837 5527 ἀλλὰ
2878 5476 3012 5547 πρὸς
3046 5476 3105 5528 τὸ
3134 5479 3316 5547 ὅμοιον
3354 5477 3447 5531 τοῦ
3499 5496 3703 5532 nauta.-

2123 5563 2278 5633 χόθεν
2326 5563 2567 5635 ἀλήπτου
2606 5564 2707 5635 τῆς
2756 5565 2903 5635 ζωῆς
2966 5568 3311 5638 ἀφορῶντες,
3373 5570 3554 5639 φαμὲν
3605 5570 3697 5623 τοῦ

2121 5654 2290 5708 ἀϊδίου
2326 5654 2425 5724 τὴν
2472 5655 2679 5709 ἔννοιαν
2725 5658 2927 5726 ταύτην
2970 5653 3127 5712 εἶναι.
3173 5660 3305 5712 Ἀπὸ
3338 5661 3446 5729 γὰρ
3476 5661 3568 5714 τοῦ
3602 5661 3698 5713 νῦν

2123 5746 2449 5813 ἐνεστῶτος,
2481 5745 2666 5801 ῶσπερ
2714 5748 2821 5801 ἀπὸ
2871 5750 3113 5820 κέντρου,
3157 5753 3252 5806 καὶ
3292 5753 3517 5824 σημείου
3554 5753 3699 5818 «ne;
