4146 6370
532 302 643 364 159

1784 322 1852 380 ε.
1874 326 1875 329 ‘
1895 308 2223 382 caecos"
2258 308 2551 379 NYSSENI

3690 327 3793 382 460

539 441 592 484 et
621 426 874 483 sublimia
908 427 973 481 dc
1005 427 1189 483 divina
1216 438 1413 485 natura
1444 446 1605 488 sensa
1636 438 1970 507 concipiant,
2017 447 2110 493 aut

2235 440 2563 511 ειμιώτερον·
2616 442 2708 495 καὶ
2758 442 2930 513 τούτῳ
2974 442 3067 495 τοῦ
3107 440 3242 495 Θεοῦ
3284 442 3382 513 τὴν
3416 442 3604 494 οὐσίαν
3641 459 3794 514 περι-

540 521 586 573 si
625 521 865 580 humano
892 519 1054 572 modo
1081 520 1196 573 lucc
1228 522 1357 575 talia
1391 526 1662 579 aestimare
1685 527 1873 592 velint,
1892 538 2115 597 praeter-

544 608 621 663 ito
660 610 952 679 praeferant
1003 611 1271 678 futurum,
1321 629 1496 683 eoque
1545 615 1781 670 divinam
1816 620 2113 673 essentiam

544 701 1035 762 circumscribant:
1082 708 1521 775 quandoquidem
1552 710 1819 779 quidquid
1854 716 2116 781 temporis

547 795 827 865 praeteriit,
884 797 1006 864 ipso
1052 797 1287 851 transitu
1318 802 1631 853 evanescit:
1690 810 1745 855 at
1779 817 1907 856 vero
1958 804 2113 869 illud,

544 890 689 957 quod
720 898 1091 959 exspectatur,
1136 890 1253 958 ipsa
1287 906 1381 959 spe
1406 891 1679 946 subsistit.

616 981 885 1035 Caeterum
909 982 1024 1036 haec
1052 993 1309 1051 tanquam
1336 983 1562 1036 ridicula
1590 984 1909 1053 etpuerilia,
1937 984 2120 1052 pueris

548 1073 605 1126 in
651 1073 769 1126 foro
800 1075 1187 1130 sessitantibus
1233 1085 1286 1128 et
1326 1075 1679 1129 lusitantibus
1719 1076 2117 1137 convenientia,

548 1166 767 1235 profero
802 1185 813 1220 :
849 1182 1025 1236 neque
1051 1168 1195 1220 enim
1222 1168 1439 1221 evenire
1467 1175 1675 1235 potest,
1722 1167 2015 1236 quominus
2066 1166 2119 1219 in

546 1258 726 1311 lusum
785 1260 1109 1319 resolvatur,
1167 1258 1418 1328 quisquis
1470 1258 1693 1327 propius
1746 1270 1909 1311 secta:
1956 1254 2121 1324 hujus

546 1350 833 1411 vilitatem,
864 1359 921 1404 et
949 1351 1016 1404 ad
1053 1352 1275 1405 humilia
1306 1351 1668 1418 abjectionem
1710 1352 2119 1421 introspexerit.

549 1440 684 1495 Illud
725 1442 926 1497 addere
959 1458 1063 1496 non
1104 1444 1199 1499 abs
1231 1460 1289 1497 re
1321 1444 1435 1498 fore
1463 1447 1639 1500 visunt
1676 1454 1779 1508 est,
1814 1460 1939 1497 cum
1969 1452 2123 1496 aeter-

542 1532 740 1586 nitatis
772 1534 922 1586 notio
952 1535 1195 1603 utrisque
1229 1552 1292 1589 ex
1322 1537 1653 1604 supradictis
1685 1534 2026 1598 conﬁciatur,
2054 1549 2122 1588 ex

549 1624 837 1694 negatione
885 1626 1097 1680 scilicet
1148 1628 1399 1697 principii
1442 1637 1495 1682 et
1527 1628 1688 1683 linis:
1732 1627 1778 1681 si
1826 1625 2121 1679 essentiam

550 1711 643 1768 Dei
674 1729 783 1767 uno
808 1715 1287 1781 circumscribant,
1322 1716 1703 1787 semiperfecta
1733 1716 1837 1770 erit
1871 1715 2124 1769 essentia:

2219 532 2597 600 γραφέτωσαν.
2681 535 2895 605 Ἐπειδὴ
2949 536 3059 588 πᾶν
3107 535 3169 587 τὸ
3220 533 3488 604 παρελθὸν
3548 534 3650 603 ἤδη
3701 533 3795 586 τοῦ

2218 624 2410 692 χρόνου
2438 627 2501 695 τῇ
2545 626 2764 696 παρόδῳ
2802 626 3220 694 συναφανίζεται
3246 641 3257 653 '
3297 626 3359 678 τὸ
3387 626 3444 678 δὲ
3487 623 3799 695 προσδοκῶ-ο

2221 731 2381 782 μενον
2404 716 2492 768 διὰ
2520 719 2616 788 τῆς
2640 717 2855 781 ἐλπίδος
2886 718 2984 771 τὴν
3017 718 3314 771 ὑπόστασιν
3344 716 3475 786 ἔχει.

2234 1028 2239 1035 ,
2302 977 2463 1030 Ἀλλά
2502 979 2675 1031 ταῦτα
2709 980 2839 1050 μὲν,
2874 980 2949 1043 ὡς
2993 970 3226 1044 παιδίοις
3259 982 3370 1044 τοῖς
3417 981 3475 1033 ἐν
3508 982 3572 1050 τῇ
3624 980 3799 1049 ἀγορᾷ

2221 1068 2550 1139 καθημένοις
2595 1072 2687 1123 καὶ
2737 1072 2987 1134 παίζουσι
3039 1070 3254 1139 γελοῖα,
3306 1071 3401 1124 καὶ
3461 1070 3793 1142 παιδαριώδη

2221 1161 2512 1231 προφέρω·
2551 1161 2673 1213 οὑδὲ
2732 1161 2840 1233 γὰρ
2885 1162 2999 1215 ἔστι
3053 1162 3116 1215 τὸ
3178 1164 3546 1234 χαμαιρριφές
3599 1180 3657 1214 τε
3707 1164 3799 1214 καὶ

2221 1257 2402 1323 γήϊνον
2438 1251 2545 1305 τῶν
2572 1255 2668 1323 τῆς
2696 1254 2958 1324 αἱρέσεως
2995 1254 3279 1324 δογμάτων
3307 1253 3794 1323 ἐπισκεπτόμενον,

2226 1345 2298 1412 μὴ
2338 1344 2457 1413 οὐχὶ
2507 1344 2721 1407 πάντως
2753 1347 2832 1407 είς
2876 1345 3209 1417 μειρακιώδη
3247 1346 3361 1398 τινὰ
3400 1345 3616 1398 παιδιὰν
3669 1346 3799 1397 ὑπο-

2224 1435 2504 1504 φέρεσθαι.
2560 1437 2764 1489 Ἐκεῖνο
2807 1436 2863 1489 δὲ
2916 1436 3231 1508 προσθεῖναι
3282 1437 3360 1506 τῷ
3415 1436 3559 1506 λόγῳ
3616 1437 3796 1499 καλῶς

2223 1529 2365 1598 ἔχειν
2401 1530 2580 1600 φημί·
2610 1531 2691 1583 ὅτι
2731 1533 2831 1601 τῆς
2879 1532 2970 1584 τοῦ
3000 1532 3168 1585 ἀϊδίου
3212 1533 3487 1603 σημασίας
3522 1532 3587 1585 δι’
3623 1534 3800 1603 ἀμφο-

2223 1622 2428 1690 τέρων,
2468 1622 2612 1676 κατά
2644 1623 2733 1675 τὸν
2787 1623 3017 1694 ρηθέντα
3065 1625 3219 1692 λόγον
3266 1624 3795 1696 συμπληρουμένης,

2224 1713 2288 1767 ἔκ
2335 1732 2391 1766 τε
2438 1715 2537 1784 τῆς
2580 1716 2781 1787 ἀρχῆς,
2830 1719 2924 1769 καὶ
2977 1720 3040 1769 ὲκ
3081 1717 3180 1786 τῆς
3208 1718 3301 1771 τοῦ
3335 1718 3519 1781 τέλους
3556 1718 3800 1788 ἀλλοτρι-

551 1804 714 1868 ratio,
748 1806 947 1875 quippe
969 1809 1023 1859 in
1056 1807 1171 1860 sola
1196 1808 1450 1876 principii
1482 1808 1769 1877 negatione
1792 1808 2120 1866 consistens,

2235 1802 2437 1867 bcswg'
2476 1807 2523 1856 εί
2562 1805 2660 1874 μὲν
2692 1808 2749 1859 ἐν
2779 1806 2857 1877 τῷ
2890 1807 2968 1859 ένὶ
3002 1807 3097 1878 τὴν
3129 1807 3316 1860 οὐσίαν
3351 1807 3443 1861 τοῦ
3476 1806 3611 1860 Θεοῦ
3645 1825 3800 1877 περι-

542 1898 776 1952 excluso
802 1898 869 1951 ab
888 1902 1127 1953 essentia
1159 1899 1529 1953 interminato.
1561 1897 1620 1952 Si
1642 1907 1823 1951 autem
1857 1894 2124 1949 ambobus

550 1989 862 2058 conjunctis
886 1990 1137 2045 essentia:
1179 1991 1443 2044 rationem
1475 2006 1543 2045 ex
1583 1997 1818 2059 utroque
1863 1985 2123 2049 conﬁent,

552 2096 746 2135 rursus
774 2080 1151 2150 dispiciamus,
1172 2095 1420 2149 quaenam
1446 2080 1763 2135 absurditas
1782 2078 1923 2132 hanc
1948 2092 2127 2132 asser-

550 2177 755 2227 tionem
778 2179 1174 2240 consequatur:
1209 2169 1512 2224 videbimus
1533 2169 1679 2223 enim
1708 2169 1853 2233 illos,
1885 2184 1991 2222 non
2011 2167 2125 2236 jam

549 2265 726 2320 solum
745 2278 867 2318 cum
892 2262 1169 2332 unigenito
1184 2259 1342 2324 Filio,
1360 2260 1455 2315 sed
1472 2261 1632 2315 etiam
1654 2276 1839 2314 secum
1865 2274 2126 2329 pugnare,

544 2356 695 2426 quod
756 2357 979 2425 planum
1025 2361 1383 2423 apertumque
1421 2360 1525 2414 est,
1580 2367 1756 2421 neque
1793 2352 1965 2404 multa
2002 2366 2127 2421 pro-

554 2450 771 2502 batione
819 2462 1005 2517 egens.
1054 2445 1185 2499 Nam
1244 2446 1385 2500 ratio
1431 2445 1686 2515 principii
1734 2453 1787 2499 et
1842 2444 1965 2498 ﬁnis
2020 2442 2125 2499 sibi

554 2552 741 2595 mutuo
765 2546 1137 2611 opponuntur,
1166 2546 1219 2593 et
1246 2538 1521 2593 diversum
1543 2547 1627 2592 est
1652 2538 1941 2607 utriusque
1964 2538 2129 2607 signi-

554 2635 797 2699 ﬁcatum,
850 2630 1311 2700 quemadmodum
1355 2632 1517 2684 etiam
1567 2631 1620 2683 in
1666 2631 1808 2693 aliis,
1863 2644 1981 2699 qua:
2032 2644 2128 2699 per

547 2728 879 2780 diametrum
912 2724 1016 2779 sibi
1050 2734 1373 2793 repugnant,
1404 2724 1545 2775 inter
1572 2738 1694 2791 quae
1720 2722 1959 2775 medium
2007 2722 2128 2773 nul-

548 2820 665 2873 lum
720 2818 1031 2873 intercedit.
1064 2816 1114 2870 Is
1160 2816 1305 2870 enim
1356 2831 1385 2868 a
1433 2831 1542 2884 quo
1582 2815 1839 2885 principii
1884 2815 2128 2868 deﬁnitio

543 2911 811 2982 exigitur,
848 2924 959 2964 non
990 2909 1179 2978 utique
1224 2908 1348 2962 ﬁnis
1379 2908 1749 2962 deﬁnitionem
1803 2909 2126 2977 assignabit,

554 3004 648 3058 sed
676 3002 1007 3057 contrariam
1036 3000 1261 3055 omnino
1302 3001 1567 3053 rationem
1603 3000 1875 3069 principio
1906 3014 2128 3069 compe-

556 3104 783 3161 tentem,
832 3100 886 3149 et
922 3093 1020 3147 ﬁni
1069 3093 1371 3162 oppositam
1425 3090 1680 3160 proferet.
1712 3089 1882 3160 igitur
1925 3099 1979 3144 et
2009 3106 2129 3159 qua}

542 3190 779 3246 cuilibet
814 3189 1008 3243 borum
1043 3190 1296 3257 opposita
1328 3194 1478 3249 sunt,
1516 3200 1612 3254 pro
1639 3185 1800 3239 modo
1832 3186 2129 3255 oppositio-

555 3287 643 3339 nis
677 3298 707 3338 a
738 3299 797 3339 se
832 3283 1065 3336 invicem
1103 3281 1423 3335 distabunt:
1481 3287 1535 3333 et
1566 3279 1713 3332 aliud
1744 3279 1848 3333 erit
1877 3278 2132 3348 principii

544 3388 831 3447 expertem
861 3391 1005 3438 esse,
1034 3374 1345 3444 oppositum
1378 3373 1478 3436 illi,
1516 3371 1662 3443 quod
1702 3372 1972 3441 principio
2003 3374 2133 3426 sub-

554 3468 739 3537 iacet:
782 3465 929 3520 aliud
961 3480 1089 3519 vero
1116 3465 1548 3527 interminatum,
1590 3463 1734 3532 quod
1786 3464 2133 3533 negationem

558 3557 683 3611 linis
725 3554 1014 3626 signiﬁcat.
1054 3552 1110 3607 Si
1163 3554 1328 3623 igitur
1366 3552 1479 3605 duo
1525 3553 1651 3617 ista,
1703 3553 1984 3622 principii,
2052 3554 2135 3606 in-

553 3662 745 3719 quam,
771 3654 1063 3714 expertem
1090 3658 1234 3704 esse,
1265 3649 1322 3697 et
1352 3641 1587 3695 termino
1627 3655 1833 3708 carere,
1882 3641 2135 3694 essentia:

553 3738 757 3794 divinae
792 3736 1128 3798 adscribunt,
1160 3734 1325 3788 Deum
1359 3750 1426 3788 ex
1451 3732 1666 3788 duobus
1698 3734 2135 3802 repugnantibus

558 3841 614 3888 et
643 3831 747 3887 sibi
794 3829 1039 3885 dissonis
1084 3827 1250 3882 rebus
1291 3826 1785 3895 coagmentabunt:
1840 3840 1964 3878 nam
2013 3824 2135 3880 ﬁnis

558 3934 612 3978 et
645 3922 902 3992 principii
931 3920 1345 3990 repugnantiam
1376 3919 1493 3987 ipsa
1518 3918 1668 3972 notio
1696 3919 1915 3986 utrique
1941 3918 2134 3970 lterum

556 4015 728 4069 insita
754 4028 848 4082 per
880 4028 939 4067 se
967 4010 1315 4065 manifestat:
1350 4024 1471 4078 qua:
1498 4009 1645 4063 enim
1676 4008 1943 4077 oppositis
1968 4022 2137 4077 Oppo-

556 4107 668 4162 sita
706 4112 855 4167 sunt,
890 4104 1055 4158 etiam
1092 4102 1233 4155 inter
1261 4117 1320 4155 se
1349 4103 1597 4170 Opposita
1639 4108 1787 4155 sunt.
1824 4097 2021 4152 Verum
2053 4105 2137 4152 est

563 4204 742 4251 autem
775 4195 943 4250 illud:
990 4195 1193 4257 omnia,
1222 4208 1344 4262 qua:
1379 4192 1681 4246 secundum
1731 4199 1985 4244 naturam
2032 4190 2137 4243 sibi

562 4300 753 4344 mutuo
796 4286 1212 4341 adversantibus
1265 4284 1647 4348 adversantur,
1711 4300 1774 4337 ea
1821 4284 1984 4337 etiam
2032 4281 2137 4337 sibi

564 4390 755 4434 mutuo
776 4377 1075 4440 adversari,
1102 4386 1160 4430 ut
1183 4376 1554 4445 exemplorum
1584 4376 1923 4446 inspectione
1946 4376 2136 4446 liquet.

560 4469 678 4542 lgni
715 4484 856 4539 aqua
887 4468 1229 4523 adversatur.
1275 4466 1444 4538 igitur
1477 4468 1641 4522 etiam
1673 4466 1981 4534 facultates,
2016 4469 2139 4539 qui-

564 4563 667 4616 bus
684 4577 743 4616 se
760 4562 992 4615 invicem
1020 4561 1358 4623 interimunt,
1392 4561 1678 4615 contraria:
1704 4562 1844 4615 inter
1862 4578 1921 4617 sc
1944 4570 2136 4618 erunt:

564 4669 693 4707 nam
725 4654 771 4709 si
823 4654 1001 4722 ignem
1052 4652 1350 4724 exstinguit
1394 4654 1611 4716 humor,
1642 4668 1838 4721 aquam
1889 4661 2069 4706 autem
2110 4668 2142 4708 e

567 4746 747 4799 medio
781 4745 915 4797 tollit
952 4743 1198 4809 siccitas,
1230 4744 1645 4813 repugnantiam
1666 4759 1821 4811 aquae
1851 4759 1976 4798 cum
1994 4745 2140 4814 igne,

563 4842 751 4894 insitae
777 4838 969 4892 itidem
1002 4837 1294 4906 qualitates
1328 4838 1381 4890 in
1425 4837 1624 4907 seipsis
1655 4839 1915 4902 retinent,
1958 4847 2018 4893 ut
2047 4854 2144 4894 ne-

569 4945 726 4985 cesse
760 4930 829 4982 sit
861 4928 1112 4983 conﬁteri
1141 4930 1372 4983 siccitati
1410 4929 1793 4984 humiditatem
1833 4931 2138 4985 adversari.

570 5022 647 5076 lta
680 5037 809 5091 ergo
840 5036 965 5076 cum
993 5022 1320 5091 principium
1360 5032 1415 5078 et
1448 5024 1571 5077 ﬁnis
1595 5033 1963 5093 Opponantur,
1983 5040 2145 5094 opor-

572 5119 649 5167 tet
693 5122 751 5166 ut
781 5122 834 5167 et
868 5114 1090 5167 nomina
1121 5114 1421 5169 secundum
1454 5130 1680 5170 sensum
1713 5116 1814 5170 sibi
1847 5120 2144 5172 adversen-

572 5214 683 5269 tur,
718 5206 993 5275 priucipii,
1023 5206 1267 5277 inquam,
1324 5214 1378 5261 et
1424 5205 1548 5262 ﬁnis
1580 5208 1817 5278 negatio.
1866 5207 1923 5263 Si
1980 5209 2147 5279 igitur

575 5299 808 5351 alterum
863 5297 1057 5351 horum
1108 5297 1374 5351 duntaxat
1426 5300 1720 5353 essentiam
1770 5300 2149 5356 demonstrare

575 5388 936 5453 contendunt,
975 5403 1246 5442 resumam
1293 5390 1458 5453 enim,
1518 5390 1662 5458 quod
1724 5398 1884 5445 antea
1942 5392 2147 5445 dictum

574 5490 681 5544 est,
714 5480 1062 5533 dimidiatum
1090 5479 1363 5549 quoddam
1387 5495 1511 5534 esse
1541 5479 1649 5534 Deo
1676 5483 2000 5543 attribuent,
2028 5484 2149 5537 sola

578 5569 833 5640 principii
875 5568 1164 5645 negatione
1198 5572 1497 5624 essentiam
1535 5572 1656 5641 ejus
1686 5574 2151 5629 circumscriben-

580 5670 687 5728 tes,
717 5661 785 5716 ad
813 5662 936 5717 ﬁnis
962 5671 1145 5717 autem
1200 5665 1545 5732 negationem
1585 5681 1929 5735 nequaquam
1961 5674 2151 5722 cxten-

579 5753 807 5820 dentes;
840 5754 885 5808 si
919 5768 1047 5807 vero
1082 5761 1374 5824 utrumque
1407 5756 1471 5808 ad
1508 5756 1775 5811 rationem
1823 5759 2021 5813 divina:
2059 5775 2149 5815 es-

2226 1894 2485 1964 γράφοιεν
2505 1937 2520 1959 ,
2552 1896 2813 1967 ἡμιτελὴς
2844 1898 3028 1961 αὐτοῖς
3048 1938 3063 1963 ,
3100 1900 3193 1952 καὶ
3230 1901 3498 1970 ἡμίτομος
3521 1902 3549 1952 ὁ
3579 1904 3679 1971 τῆς
3706 1902 3800 1953 οὑ-

2230 1986 2349 2047 σίας
2379 1985 2532 2056 λόγος
2577 1988 3008 2059 ἀναφανήσεται,
3042 1992 3097 2041 έν
3130 1990 3274 2061 μόνῳ
3300 1991 3378 2060 τῷ
3405 1992 3625 2063 ἀνάρχῳ
3652 1992 3803 2047 νοούο

2231 2094 2415 2145 μενος·
2460 2077 2520 2129 τὸ
2549 2077 2605 2130 δὲ
2655 2079 3007 2150 ἀτελεύτητον
3040 2083 3096 2132 ὲν
3131 2081 3307 2151 ἐαυτῷ
3335 2083 3454 2135 κατ’
3489 2083 3678 2136 οὐσίαν
3726 2086 3800 2154 μὴ

2233 2171 2585 2241 κεκτημένος.
2614 2172 2677 2224 Εἰ
2701 2172 2757 2224 δὲ
2778 2172 3061 2244 ἀμφότερα
3088 2172 3364 2236 συνθέντες
3386 2176 3476 2225 τὸν
3495 2175 3595 2244 τῆς
3616 2176 3800 2238 οὐσίας

2227 2261 2383 2330 λόγον
2422 2262 2488 2315 δι’
2538 2265 2812 2335 ἑκατέρων
2861 2266 3351 2336 συναπαρτίσουσι,
3389 2267 3549 2319 πάλιν
3599 2270 3803 2336 σκοπή-

2232 2371 2413 2425 σωμεν
2457 2355 2556 2426 τὴν
2610 2357 3165 2428 συναναδεικνυμένην
3216 2359 3443 2412 ἀτοπίαν
3497 2357 3573 2428 τῷ
3624 2358 3799 2428 λόγῳ·

2229 2446 2582 2519 εὑρεθήσεται
2627 2448 2736 2519 γάρ
2789 2450 2972 2512 αὑτοῖς
3015 2450 3201 2502 οὐκέτι
3231 2450 3364 2520 πρὸς
3393 2451 3483 2502 τὸν
3524 2450 3803 2520 Μονογενῆ

2232 2540 2409 2609 μόνον,
2443 2540 2579 2593 ἀλλά
2612 2541 2865 2612 καὶπρὸς
2898 2542 3087 2595 ἑαυτὸν
3113 2542 3406 2613 ἀλλοτρίως
3428 2543 3565 2612 ἔχων
3586 2560 3598 2572 ·
3631 2543 3805 2613 σαφὴς

2228 2630 2285 2683 δὲ
2317 2633 2344 2684 ό
2363 2630 2535 2698 λόγος,
2565 2632 2657 2684 καὶ
2687 2631 2807 2684 οὑδὲ
2834 2630 3035 2699 πολλῆς
3060 2633 3158 2701 τῆς
3183 2633 3503 2695 ἐπιστασίας
3529 2633 3802 2702 δεόμενος.

2239 2722 2300 2777 Ὀ
2329 2723 2435 2794 γὰρ
2464 2726 2562 2794 τῆς
2583 2724 2777 2795 ἀρχῆς,
2810 2724 2905 2777 καὶ
2928 2727 2955 2777 ό
2977 2724 3068 2777 τοῦ
3096 2725 3281 2789 τέλους
3324 2726 3479 2794 λόγος
3498 2766 3513 2789 ,
3548 2726 3806 2789 ἐναντίως

2231 2814 2486 2885 ἑκάτερος
2509 2816 2643 2885 πρὸς
2674 2816 2762 2868 τὸν
2788 2816 2972 2885 ἕτερον
3004 2816 3144 2885 ἔχει·
3178 2818 3271 2870 καὶ
3302 2817 3556 2890 διάφορον
3577 2816 3662 2868 ἐπ’
3694 2818 3799 2886 ἀμ-

2231 2906 2470 2977 φοτέρων
2503 2906 2563 2959 τὸ
2596 2907 3020 2977 σημαινόμενον·
3063 2908 3250 2979 ὥσπερ
3302 2909 3396 2961 καὶ
3426 2909 3518 2962 ἐπὶ
3553 2908 3661 2962 τῶν
3700 2908 3809 2961 λοι-

2232 3000 2348 3052 πῶν
2399 2998 2503 3052 τῶν
2552 3001 2692 3055 κατά
2740 3000 3029 3070 διάμετρον
3080 3002 3327 3065 ἀλλήλοις
3380 3002 3802 3071 ἀντικειμένων·

2230 3086 2311 3154 οἷς
2354 3092 2505 3145 οὐδὲν
2534 3091 2726 3144 ὕπεστι
2768 3093 2951 3161 μέσον.
3010 3091 3070 3146 Ὀ
3101 3092 3209 3163 γὰρ
3235 3092 3532 3164 ἐρωτηθεὶς
3557 3092 3648 3146 τὸν
3680 3095 3809 3163 περὶ

2231 3185 2331 3254 τῆς
2384 3186 2558 3255 ἀρχῆς
2595 3184 2785 3253 λόγον,
2826 3186 2889 3238 οὑ
2930 3183 3021 3236 τὸν
3054 3185 3215 3237 αὑτὸν
3252 3185 3522 3238 ἀποδώσει
3569 3184 3647 3255 τῷ
3682 3187 3808 3254 περὶ

2231 3275 2325 3328 τοῦ
2354 3275 2537 3337 τέλους
2568 3276 2677 3344 ὅρῳ
2698 3291 2711 3305 ·
2743 3273 2856 3327 ἀλλ’
2893 3274 2987 3327 ἐπὶ
3012 3274 3072 3325 τὸ
3101 3273 3340 3326 ἐναντίον
3364 3274 3558 3343 ἐκείνῳ
3585 3273 3809 3343 προάξει

2231 3368 2322 3419 τὸν
2347 3365 2651 3436 ὡρισμένον
2678 3366 2776 3435 τῆς
2806 3365 2978 3436 ἀρχῆς
3008 3365 3181 3432 λόγον.
3219 3363 3425 3417 Οὐκοῦν
3468 3364 3561 3416 καὶ
3589 3364 3657 3416 τὰ
3685 3365 3812 3415 ἐκα-

2232 3459 2375 3530 τέρῳ
2407 3458 2610 3511 τούτων
2648 3458 3026 3527 ἀντικείμενα,
3060 3455 3201 3510 κατά
3233 3455 3293 3509 τὸ
3318 3452 3433 3508 ἱσον
3479 3455 3676 3525 μέτρον
3711 3454 3809 3522 τῆς

2235 3550 2587 3613 ἀντιθέσεως,
2639 3551 2731 3603 καὶ
2778 3550 2871 3602 ἀπ’
2929 3549 3172 3620 ἀλλήλων
3219 3550 3651 3620 διενεχθήσεται·
3717 3548 3811 3600 καὶ

2235 3641 2361 3694 ἄλλο
2397 3658 2448 3692 τι
2480 3640 2939 3710 ὁμολογηθήσεται
2985 3634 3123 3692 εἶναι
3163 3640 3221 3692 τὸ
3254 3639 3513 3709 ἄναρχον,
3550 3640 3687 3709 ὅπερ
3718 3640 3812 3691 ἀν-

2235 3735 2463 3787 τίκειται
2490 3732 2566 3803 τῷ
2600 3733 2704 3786 ὑπὸ
2730 3733 2828 3802 τῆς
2854 3733 3026 3803 ἀρχῆς
3053 3732 3361 3802 δηλουμένῳ
3386 3750 3399 3762 ·
3431 3731 3559 3784 ἄλλο
3585 3731 3643 3784 δέ
3671 3748 3722 3783 τι
3749 3730 3811 3782 τὸ

2236 3824 2611 3894 ἀτελεύτητον,
2639 3825 2775 3895 ὅπερ
2814 3822 3156 3894 ἀναιρετικὸν
3189 3822 3284 3875 τοῦ
3314 3820 3500 3883 τέλους
3533 3820 3702 3874 ἐστίν.
3746 3818 3810 3870 Ei

2236 3911 2328 3968 οὖν
2356 3915 2526 3967 ταῦτα
2559 3914 2627 3967 τά
2659 3914 2751 3966 δύο
2789 3916 2868 3974 εἰς
2905 3912 3003 3983 τὴν
3035 3912 3219 3965 οὐσίαν
3251 3910 3342 3964 τοῦ
3377 3909 3512 3963 Θεοῦ
3555 3911 3810 3981 φέροντες

2237 4006 2600 4076 ἀναθήσουσι,
2633 4006 2692 4058 τὸ
2724 4004 3076 4075 ἀτελεύτητόν
3132 4021 3271 4073 φημι
3309 4004 3401 4057 καὶ
3445 4002 3505 4056 τὸ
3544 4002 3807 4073 ἄναρχον,

2237 4098 2330 4151 δύο
2364 4099 2523 4153 τινῶν
2571 4100 2830 4153 ἐναντίων
2882 4097 2977 4149 καὶ
3003 4097 3349 4167 ἀσυμφώνων
3382 4095 3687 4167 συνδρομὴν
3719 4095 3809 4147 τὸν

2239 4192 2370 4246 Θεὸν
2399 4190 2603 4244 ἑαυτῶν
2637 4189 2996 4257 ἀποδείξουσι.
3043 4190 3151 4261 Τὴν
3186 4190 3294 4260 γάρ
3324 4190 3634 4254 τοῦτέλους
3679 4191 3815 4262 πρὸς

2238 4284 2337 4355 τὴν
2370 4284 2545 4354 ἀρχὴν
2576 4283 2919 4346 ἐναντίωσιν,
2959 4284 2992 4352 ἡ
3041 4283 3287 4354 ἐκατέρῳ
3329 4282 3536 4335 τούτων
3575 4284 3811 4335 ἀντικει-

2242 4379 2379 4449 μένη
2426 4377 2633 4430 διάνοια
2669 4378 2762 4430 καὶ
2807 4376 2892 4444 ἐφ’
2928 4376 3127 4444 έαυτῆς
3156 4377 3536 4429 ἐπιδείκνυται.
3597 4376 3678 4429 Τά
3708 4376 3813 4448 γὰρ

2242 4473 2352 4534 τοῖς
2406 4469 2797 4540 ἀντικειμένοις
2849 4469 3101 4535 ἐναντία,
3161 4470 3252 4521 καὶ
3297 4468 3543 4538 ἀλλήλοις
3599 4469 3815 4522 ἐναντία

2245 4564 2460 4626 πάντως
2483 4563 2647 4617 ἐστίν.
2668 4561 2895 4633 Ἀληθὴς
2926 4562 2983 4615 δὲ
3006 4564 3034 4615 ό
3056 4562 3230 4631 λόγος,
3256 4564 3338 4616 ὅτι
3362 4566 3554 4626 πάντα,
3580 4564 3680 4616 ὅσα
3704 4567 3815 4625 τοῖς

2242 4656 2497 4719 ἐναντίως
2544 4654 2726 4724 έχουσι
2781 4655 2922 4709 κατὰ
2971 4654 3067 4726 τὴν
3133 4656 3293 4723 φύσιν
3339 4658 3813 4717 ἀντικαθίσταται,

2242 4748 2414 4801 ταῦτα
2446 4749 2542 4801 καὶ
2569 4748 2705 4818 πρὸς
2732 4747 2936 4818 ἄλληλα
2963 4748 3024 4800 τὸ
3049 4748 3289 4802 ἐναντίον
3316 4749 3457 4819 ἕχει·
3488 4750 3562 4812 ὡς
3591 4751 3683 4803 ἐπὶ
3707 4750 3816 4803 τῶν

2245 4838 2655 4909 ὑποδειγμάτων
2710 4839 2856 4891 ἐστιν
2905 4840 3051 4893 ἰδεῖν.
3097 4840 3187 4910 Τῷ
3229 4841 3361 4912 πυρὶ
3392 4840 3452 4893 τὸ
3480 4840 3622 4911 ὕδωρ
3658 4842 3817 4895 ἀνθέ-

2247 4945 2465 4998 στηκεν.
2494 4928 2700 4981 Οὐκοῦν
2727 4929 2820 4981 καὶ
2857 4929 2912 4980 αἱ
2943 4930 3279 4999 ἀναιρετικαὶ
3309 4929 3509 4983 τούτων
3540 4931 3814 5001 δυνάμεις,

2247 5020 2501 5091 ἀλλήλαις
2531 5019 2958 5074 ἐναντιώσονται.
3004 5022 3068 5074 Εἰ
3096 5021 3202 5093 γὰρ
3238 5021 3494 5093 σόεστικὴ
3525 5022 3618 5075 τοῦ
3650 5024 3820 5094 πυρός

2248 5115 2393 5165 ἐστιν
2439 5114 2471 5182 ἡ
2512 5113 2778 5182 ὑγρότης·
2817 5114 3130 5183 ἀναιρετικὴ
3161 5114 3232 5183 δὲ,
3263 5113 3355 5167 τοῦ
3390 5114 3580 5178 ὕδατός
3613 5118 3759 5170 ὲστιν
3785 5117 3819 5184 ἠ

2251 5210 2511 5282 ξηρότης,
2541 5210 2638 5281 τὴν
2669 5210 2762 5262 τοῦ
2806 5209 2997 5272 ὕδατος
3041 5209 3178 5280 πρὸς
3225 5209 3286 5263 τὸ
3329 5209 3440 5282 πῦρ
3472 5211 3819 5276 ἐναντίωσιν,

2250 5304 2345 5355 καὶ
2373 5304 2430 5355 αἱ
2467 5302 2834 5371 ἀντικείμεναι
2872 5302 3081 5365 τούτοις
3125 5304 3435 5373 ποιότητες,
3464 5304 3558 5355 καὶ
3584 5306 3667 5371 ἐφ’
3701 5304 3825 5356 ἑαυ-

2249 5393 2357 5447 τῶν
2381 5393 2739 5457 διεσώσαντο,
2769 5394 2842 5457 ὡς
2884 5395 3141 5458 ἐναντίως
3174 5396 3314 5466 ἔχειν
3345 5395 3722 5464 ὁμολογεῖσθαι
3750 5395 3827 5463 τῷ

2254 5486 2401 5557 ξηρῴ
2438 5486 2534 5556 τὴν
2568 5487 2862 5557 ὑγρότητα.
2896 5488 3082 5552 Οὕτως
3116 5485 3206 5542 οὖν
3237 5490 3331 5543 καὶ
3362 5490 3460 5560 τῆς
3491 5489 3700 5561 ἀρχῆς,
3733 5488 3827 5542 καὶ

2250 5576 2344 5628 τοῦ
2376 5576 2560 5639 τέλους
2601 5577 2934 5640 ὑπεναντίως
2962 5578 3335 5649 διακειμένων,
3376 5580 3444 5632 τά
3477 5580 3827 5651 ἀντικείμενα

2252 5667 2459 5731 τούτοις
2486 5668 2723 5738 ὀνόματα
2752 5671 2841 5721 καὶ
2874 5670 3124 5738 ἀλλήλοις
3174 5671 3401 5740 μάχεται
3434 5671 3573 5725 κατὰ
3618 5672 3714 5741 τὴν
3740 5672 3825 5723 ἕν-

2255 5776 2435 5821 νοιαν,
2484 5759 2543 5811 τὸ
2599 5758 2831 5827 ἄναρχον
2884 5756 3028 5825 λέγω
3073 5759 3165 5810 καὶ
3216 5761 3277 5810 τὸ
3327 5758 3698 5831 ἀτελεύτητον.
3762 5761 3826 5812 Εἰ
