4146 6370
390 240 486 297 ‘Gl

1477 244 1758 301 CONTRA
1795 241 2193 309 EUNOMIUM,
2244 240 2374 297 LIB.
2411 241 2455 296 l.

3559 237 3665 296 £62

397 363 578 417 τοίνυν
603 361 662 416 τδ
684 361 869 435 ἕτερον
895 353 1098 415 τούτων
1131 363 1289 432 μόνον
1313 363 1414 434 τῆς
1431 364 1621 428 οὐσίας
1650 361 1980 419 ἐνδεικτικὸν
2010 417 2013 423 ,

2119 360 2274 417 entia:
2303 358 2564 424 referanl,
2600 360 2736 414 nihil
2769 360 2917 414 aliud
2951 359 3204 422 efficient,
3258 373 3421 428 quam
3450 369 3509 412 ut
3539 373 3661 412 eam

399 450 541 508 εἶναι
583 453 884 518 ὁρίζονται·
923 453 1084 508 πάλιν
1114 454 1222 523 γὰρ
1250 454 1342 507 τὸν
1375 455 1536 509 αὐτὸν
1565 455 1981 526 ἐπαναλήψομαι

398 540 555 612 λόγον
571 559 584 572 ·
616 542 676 607 ἐξ
697 543 950 614 ἡμισείας
983 551 1565 615 προσμαρτυρήσουσιν
1589 543 1733 598 οὕτω
1757 544 1834 614 τῷ
1861 544 1980 614 Θεῷ

399 631 462 684 τὸ
487 627 645 696 εἶναι,
670 634 727 684 ὲν
751 632 896 703 μόνῳ
926 633 1003 703 τῷ
1030 635 1249 703 ἁνάρχῳ
1275 635 1712 707 περιγράφεσθαι
1732 634 1980 702 λέγοντες

402 723 566 777 αὐτοῦ
609 723 710 788 τὴν
742 724 930 777 οὐσίαν
960 764 974 787 ,
1012 724 1146 794 πρὸς
1193 724 1249 776 δὲ
1290 724 1350 777 τὸ
1380 725 1734 796 ἀτελεύτητον
1798 725 1980 776 οὐκέτι

399 815 756 879 ἐκτείνοντες,
784 817 845 868 Εἰ
875 816 930 868 δὲ
958 816 1241 885 ἀμφότερα
1264 819 1342 877 εἰς
1372 817 1462 869 τὸν
1489 816 1590 885 τῆς
1613 818 1800 878 οὐσίας
1823 814 1980 881 λόγον

404 908 660 977 φέροντες
706 908 1105 977 καταθήσουσιν
1139 909 1290 961 οὐδὲν
1316 907 1501 979 ἓτερον
1522 946 1537 970 ,
1572 908 1604 978 ἦ
1632 908 1688 973 ἐξ
1724 907 1980 962 ἐναντίων

2083 469 2150 508 ex
2195 453 2627 524 repugnantibus
2671 453 2838 508 modo
2871 466 3038 522 supra
3067 451 3315 521 exposito
3373 449 3656 511 coalitam,

2083 553 2138 600 et
2177 545 2247 598 ob
2277 548 2718 615 repugnantiam,
2743 561 2864 616 quae
2891 554 2975 601 est
3000 545 3141 599 inter
3175 542 3430 614 principii
3466 551 3519 597 et
3537 541 3658 596 filiis

2086 641 2458 709 negationem,
2491 645 2614 710 ipso
2645 642 2999 696 interminato
3028 648 3082 694 et
3121 639 3377 709 principii
3411 645 3662 707 experte,

2085 730 2386 783 secundum
2453 732 2840 796 substantiam,
2903 731 3191 786 discissam
3245 745 3391 795 esse,
3457 729 3668 800 patefao

2083 819 2254 874 ciant.
2279 821 2399 887 Quo
2427 823 2485 876 fit
2506 832 2564 878 ut
2590 824 2734 880 Deus
2773 824 2993 878 illorum
3027 825 3099 877 sit
3125 838 3214 878 res
3241 822 3488 892 quaedam
3515 822 3667 875 varia

2082 920 2136 966 et
2164 928 2228 966 ex
2263 917 2634 983 pugnantibus
2659 917 2827 971 rebus
2864 915 3190 984 composita.

403 999 572 1069 αὐτὴν
599 1001 950 1067 συγκεῖσθαι·
1000 999 1407 1072 ἀποφανοῦνται
1459 1001 1602 1055 κατά
1628 1002 1717 1054 τὸν
1750 999 1982 1072 ῥηθέντα
2017 1001 2247 1071 τρόπον,
2300 1011 2363 1080 τῇ
2410 1011 2551 1062 κατά
2583 1011 2644 1063 τὸ
2694 1010 2876 1074 τέλος,
2930 1008 3062 1078 πρὸς
3110 1007 3208 1076 τὴν
3274 1004 3447 1076 ἀρχὴν
3513 1005 3667 1056 ὲναν-

403 1093 588 1148 τιώτει
617 1095 694 1164 τῷ
731 1095 1090 1167 ἀτελευτήτῳ.
1117 1096 1212 1149 καὶ
1239 1097 1461 1168 ἀνάρχῳ
1490 1096 1611 1149 κατ’
1647 1096 1835 1148 οὐσίαν
1867 1094 2303 1171 διασχιζομένην,
2339 1105 2449 1158 Καὶ
2471 1105 2643 1168 οὕτως
2668 1106 2981 1175 εὑρίσκεται
3037 1101 3215 1156 αὐτῶν
3265 1103 3293 1153 ὁ
3355 1100 3487 1162 Θεὸς
3547 1115 3668 1150 ποι-

403 1191 552 1245 κίλον
575 1209 626 1243 τι
653 1192 836 1262 χρῆμα
867 1193 959 1244 καὶ
987 1190 1256 1254 σύνθετον,
1281 1191 1340 1256 ἐξ
1363 1193 1752 1262 ἀντικειμένων
1776 1191 1936 1245 τινῶν
1976 1201 2505 1270 συγκεκροτημένος.

490 1284 626 1337 Ἀλλ’
657 1283 780 1337 οὐτε
819 1285 984 1346 ἐστὶν,
1025 1285 1147 1338 οὔτε
1177 1285 1251 1354 μὴ
1285 1284 1508 1355 γένηται
1541 1284 1714 1354 δόγμα
1745 1284 1984 1337 τοιοῦτον

408 1377 466 1428 ὲν
508 1375 801 1447 Ἐκκλησία
827 1374 960 1428 Θεοῦ
981 1393 994 1406 ο
1022 1375 1155 1429 ὥστε
1207 1377 1298 1429 τὸν
1330 1377 1554 1441 ἁπλοῦν,
1581 1378 1674 1430 καὶ
1698 1374 1985 1428 ἀσύνθετον

415 1466 488 1536 μὴ
519 1466 676 1536 μόνον
714 1467 992 1536 πολυειδῆ,
1024 1468 1118 1520 καὶ
1152 1469 1413 1531 ποικίλον,
1443 1468 1578 1521 ἀλλά
1615 1469 1710 1521 καὶ
1743 1467 1801 1533 ἐξ
1830 1468 1985 1519 ἐναν-

409 1559 541 1611 τίων
566 1558 923 1628 συγκείμενον
951 1559 1366 1628 ἀποφαίνεσθαι.
1400 1559 1466 1612 Ἥ
1490 1559 1596 1630 γὰρ
1620 1559 1857 1629 ἁπλότης
1881 1558 1989 1611 τῶν

2156 1289 2227 1342 At
2275 1308 2451 1362 neque
2483 1303 2598 1358 est,
2642 1310 2818 1363 neque
2857 1292 3137 1347 exoriatur
3171 1291 3226 1343 in
3267 1287 3513 1342 Ecclesia
3575 1285 3668 1340 Dei

2089 1382 2215 1437 talis
2242 1383 2490 1438 doctrina
2511 1426 2526 1449 ,
2562 1394 2620 1439 ut
2648 1385 2897 1438 dicamus
2916 1423 2930 1444 ,
2966 1382 3272 1452 simplicem
3291 1419 3306 1442 ,
3337 1389 3391 1433 et
3421 1379 3490 1432 ab
3520 1377 3671 1437 omni

2091 1475 2492 1544 compositione
2539 1477 2867 1540 immunem,
2913 1490 3020 1528 non
3071 1473 3232 1528 modo
3278 1469 3671 1528 multiformem

2092 1575 2146 1620 et
2177 1567 2421 1629 varium,
2459 1567 2553 1621 sed
2595 1568 2758 1620 etiam
2794 1581 2858 1619 ex
2905 1566 3070 1618 rebus
3117 1562 3494 1635 pugnantibus
3536 1575 3674 1614 con-

411 1650 510 1734 τῆς
542 1649 795 1719 ἀληθείας
841 1650 1144 1720 δογμάτων.
1184 1652 1274 1704 τὸν
1325 1651 1455 1704 Θεὸν
1498 1653 1631 1722 ὅπερ
1673 1652 1819 1703 ἐστὶν
1854 1651 1990 1702 ὐποο

2119 1658 2283 1710 Iatum
2309 1673 2432 1712 esse
2457 1677 2470 1712 :
2501 1673 2626 1712 nam
2655 1658 2852 1712 divina:
2881 1655 3127 1711 veritatis
3151 1653 3476 1723 simplicitas
3503 1650 3672 1703 Deum

413 1740 655 1793 τίθεται·
692 1740 814 1793 οὔτε
869 1742 1110 1811 ὀνόματι.
1157 1741 1279 1796 οὐτε
1327 1743 1668 1813 διανοήματι,
1717 1741 1840 1795 οὔτε
1887 1743 1995 1794 τινὶ

415 1829 549 1900 ἄλλῃ
575 1832 951 1902 καταληπτικῇ
991 1835 1203 1904 ἐπινοίᾳ
1229 1833 1631 1904 περιληφθῆναι
1661 1833 1961 1904 δυνάμενον
1981 1850 1992 1863 ’

415 1923 477 1975 οὐ
504 1925 663 1992 μόνον
691 1923 1058 1995 ἀνθρωπίνης,
1086 1924 1224 1976 ἀλλὰ
1243 1925 1336 1978 καὶ
1365 1925 1680 1996 ἁγγελικῆς,
1701 1925 1795 1979 καὶ
1819 1925 1999 1994 πάσης

421 2015 790 2086 ὐπερκοσμίου
818 2014 1173 2085 καταλήψεως
1194 2016 1527 2087 ὑψηλότερον
1551 2017 1799 2088 μένοντα,
1825 2016 2002 2087 ἄφρα-

420 2107 548 2161 οτόν
578 2123 637 2158 τε
677 2107 772 2159 καὶ
801 2105 1200 2176 ἀνεκφώνητον,
1231 2109 1324 2160 καὶ
1359 2109 1539 2179 πάσης
1583 2109 1682 2178 τῆς
1713 2108 1802 2162 διὰ
1828 2109 2000 2177 λόγων

423 2199 700 2270 σημασίας
745 2197 1034 2268 ἀνώτερον,
1069 2199 1126 2251 ἓν
1176 2199 1344 2270 ὄνομα
1380 2202 1680 2269 γνωστικὴν
1721 2205 1820 2272 τῆς
1868 2202 2002 2266 ἰδίας

421 2291 617 2361 ἔχοντα
644 2289 878 2359 φύσεως,
898 2290 960 2344 τὸ
989 2290 1145 2359 μόνον
1172 2291 1331 2344 αὐτὸν
1360 2292 1498 2362 ὑπὲρ
1523 2293 1628 2344 πᾶν
1651 2287 1788 2345 εἶναι
1810 2292 1998 2360 ὄνομα·

425 2383 454 2434 ὂ
481 2381 544 2450 δὴ
575 2384 671 2435 καὶ
692 2381 770 2452 τῷ
800 2382 1097 2449 Μονογενεῖ
1129 2383 1467 2452 κεχάρισται,
1501 2383 1587 2436 διὰ
1617 2383 1674 2434 τὸ
1702 2385 1878 2434 πάντα
1906 2383 2005 2435 ὅσα

424 2472 541 2543 ἔχει
575 2475 604 2526 ό
635 2473 844 2544 Πατὴρ,
878 2473 970 2526 καὶ
998 2473 1092 2526 τοῦ
1122 2473 1251 2526 Υἱοῦ
1287 2470 1456 2527 εἶναι’
1491 2476 1588 2544 τῆς
1623 2476 1678 2529 δὲ
1711 2475 2006 2546 atatem-.0;

429 2563 622 2626 αὐτοῦ,
657 2565 777 2634 οὐχὶ
815 2564 916 2632 τῆς
951 2565 1136 2628 οὐσίας
1175 2566 1504 2629 ὲνδεικτικάς
1532 2565 1668 2621 εἶναι
1697 2567 1794 2630 τάς
1827 2567 2007 2636 φωνὰς

429 2657 632 2721 ταύτας
652 2657 905 2728 ὁμολογεῖ
923 2659 1023 2727 τῆς
1043 2658 1322 2721 εὐσεϐείας
1342 2661 1369 2711 ὁ
1397 2658 1552 2728 λόγος
1571 2675 1583 2688 ·
1607 2660 1704 2729 τήν
1731 2677 1789 2711 τε
1836 2657 2009 2726 ἀγέν-

429 2749 616 2816 νητόν
657 2765 799 2820 φημι
841 2747 935 2802 καὶ
983 2748 1082 2820 τὴν
1137 2749 1551 2818 ἀτελεύτητον.
1620 2749 1713 2811 Ὠς
1761 2746 1855 2799 τοῦ
1910 2748 2010 2819 μὲν

432 2842 752 2911 ἀγεννήτου,
769 2839 830 2892 τὸ
854 2840 1122 2911 μηδεμίαν
1147 2839 1310 2894 αὐτοῦ
1334 2840 1686 2910 ὑπερκεῖσθαι
1712 2841 2013 2912 ἀρχὴν,καὶ

433 2931 614 2985 αἰτίαν
640 2931 1048 3001 ἐνδεικνυμένου
1067 2947 1082 2962 ·
1111 2930 1204 2983 τοῦ
1233 2931 1290 2982 δὲ
1314 2930 1672 3001 ἀτελευτήτου
1703 2931 1764 2984 τὸ
1795 2934 1874 2995 εἰς
1906 2949 2011 3003 μη-

2099 1751 2183 1815 id.
2218 1751 2366 1820 quod
2392 1759 2476 1805 est
2499 1789 2515 1815 ,
2547 1767 2669 1807 esse
2698 1750 2860 1804 docet
2888 1768 2904 1803 ι
2933 1762 3058 1802 eum
3091 1745 3300 1802 scilicet
3321 1783 3334 1803 ,
3367 1741 3460 1812 qui
3497 1753 3674 1809 neque

2073 1842 2360 1922 nomine,
2417 1858 2595 1912 neque
2643 1841 3012 1911 cogitatione,
3073 1851 3253 1906 neque
3303 1834 3407 1894 alia
3463 1831 3676 1885 ratione

2100 1933 2488 2003 comprehendi
2535 1932 2752 1995 valeat,
2802 1944 2910 1984 non
2955 1929 3131 1984 solum
3182 1927 3452 1984 lnunana,
3492 1920 3586 1976 sed
3623 1929 3676 1972 et

2103 2026 2380 2094 angelica,
2413 2033 2527 2078 tota
2577 2025 2669 2078 illa
2703 2036 2871 2092 supra
2902 2019 3164 2074 mundum
3197 2024 3381 2072 evecta
3417 2013 3676 2068 facultate

2102 2117 2550 2181 eminentiorem,
2601 2114 2964 2181 ineffabilem,
3009 2121 3064 2166 ct
3115 2107 3570 2166 inenarrabilem,
3620 2109 3676 2153 et

2103 2210 2286 2273 omni,
2322 2222 2444 2277 quae
2488 2206 2670 2261 verbis
2716 2205 2996 2275 perficitur
3040 2200 3446 2273 signiﬁcatione
3496 2196 3680 2250 excel-

2105 2303 2349 2357 siorem:
2397 2301 2489 2369 qui
2537 2314 2705 2352 unum
2755 2311 2990 2357 nomen,
3041 2309 3141 2348 ceu
3191 2290 3424 2360 proprias
3469 2295 3681 2341 naturae

2105 2403 2288 2448 notam
2322 2405 2387 2445 ac
2419 2389 2681 2444 indicium
2715 2389 2910 2453 habet,
2943 2384 3092 2457 quod
3128 2385 3243 2453 Ipse
3278 2379 3491 2436 scilicet
3528 2378 3682 2432 solus

2107 2484 2178 2539 sit
2225 2496 2388 2552 super
2444 2495 2605 2535 omne
2656 2493 2892 2542 nomen,
2957 2473 3101 2546 quod
3164 2474 3328 2527 etiam
3384 2467 3680 2538 Unigenito

2107 2585 2431 2628 concessum
2471 2578 2555 2624 est
2576 2607 2589 2630 ,
2623 2567 2752 2638 quia
2799 2564 2982 2620 omnia
3023 2577 3144 2632 qua:
3175 2568 3304 2616 sunt
3337 2558 3518 2612 Patris
3551 2565 3683 2612 sunt

2109 2664 2272 2719 etiam
2308 2660 2430 2715 Filii
2459 2661 2547 2713 ⁶⁰’.
2573 2659 2678 2712 llas
2716 2671 2878 2726 porro
2909 2667 3073 2707 voces
3104 2650 3392 2720 ingenitum
3426 2655 3480 2701 et
3507 2647 3679 2699 inter—

2111 2756 2370 2808 minatum
2402 2752 2757 2812 aeternitatis,
2791 2763 2901 2801 non
2945 2753 3124 2798 autem
3174 2741 3428 2796 essentiaa
3476 2738 3684 2792 indices

2112 2861 2266 2908 esse,
2295 2859 2423 2897 vera
2457 2851 2510 2896 et
2539 2843 2628 2911 pia
2676 2841 2929 2894 doctrina
2979 2835 3188 2890 tradit:
3243 2834 3319 2886 ita
3365 2841 3427 2885 ut
3475 2829 3687 2899 ingeni-

2117 2946 2230 2990 tum
2265 2936 2475 2988 nullum
2522 2934 2641 3002 ipso
2685 2932 2930 2986 anterius
2963 2917 3326 3000 principium,
3376 2924 3687 2990 nullamque

433 3021 524 3076 δὲν
560 3021 735 3093 πέρας
765 3021 1058 3093 στήσεσθαι
1092 3021 1257 3075 αὐτοῦ
1290 3021 1388 3092 τὴν
1425 3022 1698 3093 βασιλείαν
1723 3023 2013 3093 σημαίνον-

2120 3028 2360 3098 priorem
2419 3040 2641 3079 causam
2696 3033 2916 3078 exstare
2969 3019 3213 3074 indicet:
3270 3015 3685 3071 inlerminatum

433 3128 546 3176 τος.
581 3113 665 3166 Σὺ
684 3113 812 3184 γὰρ,
836 3113 1018 3181 φησιν,
1052 3115 1085 3166 ὀ
1109 3111 1290 3178 αὐτὸς
1316 3113 1389 3178 εἴ,
1412 3113 1509 3166 καί
1536 3115 1606 3167 τὰ
1631 3113 1734 3180 ἔτη
1758 3129 1875 3169 σου
1908 3117 2021 3169 οὐκ

436 3205 815 3273 ἐπιλείψουσι.
844 3206 942 3258 Διά
977 3205 1074 3275 μὲν
1102 3204 1195 3258 τοῦ
1230 3201 1369 3258 εἶναι
1394 3206 1453 3258 τὸ
1480 3205 1554 3277 μὴ
1587 3207 1646 3271 ἐξ
1667 3209 1846 3271 αἰτίας
1876 3207 2022 3271 τινὸς

439 3297 742 3368 ὑποστῆναι
791 3297 1103 3367 σημαίνων
1145 3296 1232 3350 διὰ
1270 3297 1327 3349 δὲ
1369 3296 1462 3350 τοῦ
1506 3299 1701 3368 ἑφεξῆς
1730 3298 1825 3368 τὴν
1850 3299 2022 3352 ἄπαυ-

443 3389 567 3442 στόν
599 3406 658 3442 τε
689 3390 782 3442 καὶ
829 3388 1187 3460 ἀτελεύτητον
1219 3389 1592 3460 μακαριότητα
1631 3390 1732 3460 τῆς
1765 3391 1908 3462 ζωῆς
1941 3393 2027 3444 ὲν·-

441 3478 809 3550 δεικνύμενος.

529 3653 669 3707 Ἀλλ’
711 3655 840 3716 ἴσως
881 3656 997 3725 ἐρεῖ
1026 3672 1108 3718 τις
1140 3656 1235 3708 καὶ
1285 3654 1396 3708 τῶν
1445 3656 1869 3727 εὐλαϐεστέρων,
1908 3657 2029 3723 ἐφι-

448 3743 581 3808 στὰς
621 3746 734 3808 τοῖς
779 3743 1034 3816 περὶτοῦ
1083 3744 1256 3798 ἀϊδίου
1304 3747 1436 3815 ἡμῖν
1480 3745 1895 3815 ὲξητασμένοις·
1947 3745 2029 3797 ὅτι

448 3836 687 3909 χαλεπόν
715 3837 830 3888 ἐστι
862 3837 951 3888 τὸν
975 3837 1103 3906 περὶ
1130 3835 1223 3888 τοῦ
1258 3834 1594 3903 Μονογενοῦς
1625 3835 1780 3902 λόγον
1814 3834 1901 3888 διὰ
1919 3833 2029 3887 τῶν

451 3927 756 3998 εἰρημένων
803 3926 1091 3997 παρελθεῖν
1140 3928 1524 3998 ἀπροσκόπως.
1559 3925 1662 3979 Δύο
1705 3927 1812 3998 γὰρ
1845 3927 2028 3996 ἀπεμ-

454 4019 751 4089 φαινόντων
779 4018 1082 4088 δογμάτων,
1124 4017 1204 4070 ἑνὶ
1232 4018 1448 4080 πάντως
1482 4017 1928 4087 συνενεχθήσεται
1950 4035 1963 4048 ·
1991 4017 2024 4087 ἦ

454 4110 564 4180 γὰρ
596 4110 887 4180 ἀγέννητον
920 4105 1060 4162 εἶναι
1116 4110 1210 4164 καὶ
1242 4111 1333 4163 τὸν
1363 4110 1487 4162 Υίὸν
1527 4110 2027 4180 κατασκευάσομεν,

455 4203 592 4272 ὅπερ
617 4201 836 4263 ἄτοπον,
871 4202 904 4270 ἢ
949 4201 1069 4254 οὐδὲ
1103 4202 1165 4254 τὸ
1189 4201 1356 4254 ἀΐδιον
1399 4201 1545 4272 αὐτῷ
1585 4203 2028 4272 συγχωρήσομεν,

455 4295 595 4364 ὅπερ
647 4291 776 4346 ίδιον
825 4291 933 4345 τῶν
983 4292 1441 4362 βλασφημούντων
1489 4293 1656 4349 ἐστίν.
1696 4295 1756 4346 Εἰ
1797 4294 1905 4363 γὰρ
1953 4293 2031 4365 τῷ

459 4386 700 4456 ἁνάρχῳ,
758 4386 853 4438 καὶ
910 4385 1247 4456 ἀτελευτήτῳ
1381 4385 1618 4454 ἀῖδιότης
1669 4385 2028 4456 γνωρίζεται,

459 4478 671 4547 ἀνάγκη
703 4477 872 4539 πᾶσα,
913 4474 946 4545 ἢ
982 4475 1198 4528 ἀσεϐεῖν
1227 4474 1303 4546 μὴ
1345 4475 1738 4544 ὁμολογοῦντας
1768 4476 1863 4528 τοῦ
1903 4476 2030 4527 Υἱοῦ

459 4568 521 4620 τὸ
558 4567 806 4636 ἁῖδιον,ἢ
847 4567 983 4636 πρὸς
1017 4566 1114 4638 τὴν
1161 4569 1262 4638 τῆς
1305 4568 1630 4638 ἀγεννησίας
1678 4567 1943 4636 ὑπόληψιν
1977 4572 2035 4620 ὲν

461 4659 579 4720 ταῖς
605 4658 730 4726 περὶ
757 4655 849 4708 τοῦ
875 4656 1210 4724 Μονογενοῦς
1241 4658 1516 4721 ὑπονοίαις
1543 4658 1821 4729 φέρεσθαι.
1856 4659 1920 4710 Τί
1942 4655 2035 4712 οὖν

463 4751 660 4820 ἡμεῖς;
692 4750 753 4801 Εἰ
791 4749 889 4819 μέν
911 4765 1029 4802 τινα
1051 4749 1308 4819 χρονικὴν
1338 4749 1576 4819 ἔμφασιν
1605 4750 1912 4821 ὐπερετίθει
1937 4753 2035 4822 τῆς

463 4841 557 4894 τοῦ
591 4841 925 4908 Μονογενοῦς
954 4842 1300 4903 ὑποστάσεως
1366 4843 1395 4893 ὁ
1424 4842 1516 4895 τὸν
1538 4842 1754 4912 Πατέρα
1780 4842 1872 4895 τοῦ
1905 4843 2034 4897 Υἱοῦ

467 4932 615 5004 μόνῳ
646 4933 744 5003 τῆς
771 4932 946 4993 αἰτίας
978 4932 1119 5001 λόγῳ
1148 4933 1498 5003 προθεωρῶν.
1540 4934 1763 4995 εικότως
1794 4933 1860 4987 διν
1884 4935 1913 4986 ὁ
1939 4935 2037 5004 τῆς

467 5025 765 5093 ἀῖδιότητος
804 5027 935 5094 ἡμῖν
972 5007 1103 5094 περὶ
1138 5023 1232 5076 τοῦ
1272 5023 1602 5087 Υἰοῦ,·Υίοῦ
1631 5023 1785 5093 λόγος
1828 5024 2036 5078 ἐκινδυ-

466 5116 670 5172 νεύετο.
697 5115 832 5169 Νυνὶ
854 5116 932 5180 δὲ,
959 5115 1020 5168 τὸ
1053 5115 1182 5168 ποτὲ
1210 5114 1284 5186 μὴ
1307 5113 1523 5167 ἔσεσθαι
1554 5115 1646 5168 ἐπὶ
1673 5116 1774 5185 τῆς
1799 5133 2040 5187 προαιω-

469 5209 584 5261 νίου
606 5207 818 5275 φύσεως
845 5207 994 5270 ἴσως,
1021 5207 1112 5260 καὶ
1137 5205 1336 5276 ὁμοίως
1369 5205 1461 5258 ὲπί
1498 5222 1560 5258 τε
1581 5206 1680 5277 τῆς
1707 5206 1802 5261 τοῦ
1831 5210 2039 5280 llas-pb;

470 5301 638 5370 ζωῆς,
669 5298 764 5353 καὶ
787 5299 887 5368 τῆς
899 5297 991 5350 τοῦ
1008 5296 1307 5366 Μονογενοῦ
1317 5315 1361 5363 ς,
1392 5297 1525 5352 ἀλλά
1541 5299 1634 5351 καὶ
1657 5299 1756 5369 τῆς
1771 5299 1864 5354 τοῦ
1888 5302 2041 5369 ἁγίου

473 5393 787 5464 Πνεύματος
825 5391 1112 5462 ὁμολογίας
1139 5391 1199 5443 οὐ
1238 5391 1469 5462 δέχεται.
1511 5392 1679 5446 Ἔνθα
1704 5394 2042 5468 γάριχρόνος

473 5486 575 5540 οὐκ
600 5485 736 5550 ἐστι,
770 5485 862 5539 καὶ
887 5484 948 5537 τὸ
979 5484 1126 5539 ποτὲ
1154 5486 1534 5558 συνανῄηηται.
1572 5487 1635 5540 Εί
1677 5487 1732 5541 δὲ
1766 5490 1849 5544 ἀεὶ
1880 5493 1938 5544 ὲν
1967 5491 2046 5546 τε»

548 5658 615 5690 ω·
655 5657 889 5730 pmnpp,
926 5671 987 5717 ιι,
1023 5658 1100 5711 ιδ,
1210 5657 1253 5688 ⁸⁸
1292 5655 1437 5712 Psal.
1467 5673 1541 5721 Ct,
1580 5662 1632 5715 ι.

2123 3134 2274 3181 vero,
2325 3133 2549 3188 regnum
2579 3115 2699 3184 ejus
2727 3115 2876 3168 nullo
2912 3112 3016 3167 fine
3042 3113 3292 3165 clausum
3322 3108 3386 3161 iri
3416 3105 3692 3158 ostendat.

2129 3217 2201 3268 Tu
2233 3215 2401 3279 enim,
2430 3212 2638 3281 inquit,
2678 3209 2816 3262 idem
2847 3209 2954 3275 ipse
2983 3223 3036 3259 es
3057 3244 3070 3268 ,
3114 3213 3163 3258 et
3196 3201 3323 3254 anni
3355 3199 3431 3250 tui
3471 3213 3575 3249 non
3607 3197 3698 3248 de-

2124 3309 2302 3378 ﬁcient
2334 3307 2376 3337 “
2407 3325 2419 3359 :
2454 3321 2548 3375 per
2581 3319 2704 3357 esse
2735 3315 2860 3356 eum
2897 3315 2960 3352 ex
2996 3297 3150 3350 nullo
3183 3293 3452 3364 principio
3479 3288 3698 3360 prodire

2127 3377 2401 3458 innuens,
2437 3393 2795 3462 sequentibus
2831 3398 3012 3441 autetn
3047 3384 3230 3439 verbis
3256 3424 3270 3443 .
3309 3381 3580 3435 infinitain
3632 3377 3698 3428 il-

2125 3485 2261 3548 lam,
2297 3492 2350 3536 et
2383 3481 2550 3536 nullis
2599 3479 2868 3532 limitibus
2912 3475 3336 3542 circumseptam
3382 3470 3504 3524 vitae
3553 3467 3700 3520 illius

2127 3574 2518 3630 beatitudinem
2546 3571 2847 3624 delineans.

2198 3665 2268 3719 At
2294 3663 2435 3718 forte
2459 3661 2683 3730 objiciat
2707 3659 2830 3729 quis
2856 3656 3019 3711 etiam
3043 3671 3109 3709 ex
3132 3651 3532 3722 religiosiorum
3557 3654 3702 3702 coetu

2129 3757 2421 3814 occasione
2449 3771 2670 3816 eorum,
2706 3766 2828 3821 qua:
2860 3749 2927 3805 de
2956 3748 3263 3804 aeternitate
3295 3743 3658 3799 disseruimus
3688 3759 3701 3794 :

2131 3849 2346 3904 difﬁcile
2369 3863 2491 3903 esse
2529 3844 2799 3915 unigeniti
2828 3841 2952 3895 Filii
2983 3841 3246 3895 honorem
3276 3837 3489 3892 salvum
3519 3843 3574 3890 et
3601 3833 3709 3886 illi-

2133 3941 2318 3994 batum
2347 3943 2636 4008 praestare,
2662 3934 2708 3988 si
2735 3949 2855 4003 quae
2880 3932 3026 3985 dicta
3055 3940 3185 3984 sunt
3209 3927 3512 3984 subsistant
3539 3943 3550 3977 :
3581 3937 3705 3976 cum

2131 4021 2276 4090 enim
2307 4033 2428 4087 duae
2457 4032 2568 4086 sint
2590 4028 2905 4099 dogmatum
2935 4025 3202 4086 rationes,
3228 4020 3457 4074 alterum
3488 4015 3708 4068 illorum

2133 4127 2270 4180 Filio
2300 4123 2593 4180 convenire
2614 4127 2830 4189 oportet
2859 4135 2872 4171 :
2906 4117 2988 4171 vel
3014 4115 3156 4169 enim
3177 4114 3354 4182 ipsum
3374 4121 3592 4178 quoque
3621 4103 3710 4156 l-‘i-

2133 4217 2263 4271 lium
2288 4213 2590 4283 ingenitum
2623 4224 2746 4264 esse
2773 4205 3126 4278 probabimus
3148 4242 3163 4265 ,
3197 4210 3251 4255 et
3278 4200 3381 4253 hoc
3407 4206 3490 4251 est
3518 4195 3712 4249 absur-

2136 4309 2264 4363 dum
2287 4350 2302 4373 ,
2325 4306 2410 4362 vel
2434 4304 2792 4358 wternitatem
2815 4300 2862 4353 ei
2888 4297 3192 4352 adimemus
3214 4334 3228 4356 ,
3259 4289 3400 4360 quod
3434 4289 3712 4358 pr0primn

2141 4410 2224 4457 est
2257 4397 2771 4468 blasphemantium.
2809 4391 2866 4446 Si
2913 4390 3055 4444 enim
3105 4403 3168 4442 ex
3202 4383 3454 4455 principii
3504 4391 3554 4434 et
3593 4380 3715 4433 finis

2143 4495 2430 4564 negatione
2454 4489 2729 4544 aeternitas
2757 4483 3129 4555 cognoscitur,
3157 4480 3316 4548 plane
3342 4473 3594 4543 sequitur
3622 4481 3715 4524 aut

2143 4560 2244 4642 nos
2275 4582 2568 4653 impietatis
2592 4579 2766 4634 labem
2795 4573 3121 4630 contrahere
3155 4611 3168 4635 ,
3203 4575 3392 4636 utpote
3413 4604 3427 4627 ,
3466 4565 3557 4633 qui
3593 4560 3716 4614 Filii

2142 4678 2502 4735 aeternitatem
2555 4687 2664 4725 non
2709 4667 3093 4726 confiteantur,
3146 4671 3241 4714 aut
3291 4654 3715 4724 intelligentiam

2146 4779 2424 4834 nostram,
2449 4765 2671 4836 quando
2696 4763 2762 4816 de
2789 4758 3083 4827 Uuigenito
3111 4755 3439 4822 cogitamus.
3473 4747 3538 4801 ad
3567 4749 3720 4801 inna-

2147 4863 2496 4919 scibilitatem
2528 4871 2746 4928 quoque
2771 4852 3077 4907 deﬂectere.
3108 4843 3249 4912 Quid
3289 4842 3457 4912 igitur
3499 4839 3642 4893 nos?
3670 4839 3717 4892 si

2147 4953 2498 5024 temporalem
2560 4946 2846 5018 quamdam
2911 4937 3369 5006 intercapedinem
3438 4929 3716 5001 hypostasi

2147 5064 2242 5103 seu
2261 5022 2641 5100 subsistentia:
2667 5037 2787 5090 Filii
2816 5040 3198 5102 anteponeret,
3227 5027 3319 5096 qui
3357 5023 3570 5077 Patrem
3604 5022 3720 5076 sola

2151 5133 2404 5206 principii
2439 5129 2650 5184 ratione
2683 5125 2833 5194 prius
2867 5120 3004 5174 Filio
3035 5116 3273 5185 concipit
3297 5154 3311 5174 ,
3344 5113 3469 5181 jure
3505 5108 3720 5163 censeri

2151 5201 2346 5293 posset
2369 5217 2616 5272 doctrina
2647 5215 2714 5269 de
2742 5211 2862 5265 Filii
2890 5208 3193 5264 mteruitate
3215 5206 3269 5257 in
3295 5201 3595 5272 periculum
3623 5214 3720 5293 vo-

2149 5282 2290 5361 cata.
2342 5303 2495 5356 Nunc
2525 5300 2638 5370 pari
2673 5311 2899 5366 prorsus
2932 5293 3092 5346 modo
3115 5329 3130 5354 ,
3164 5287 3459 5356 aliquando
3496 5300 3603 5337 non
3637 5282 3725 5334 fu-

2150 5410 2333 5453 turum
2390 5410 2542 5454 esse,
2596 5408 2624 5444 a
2671 5391 2829 5443 Patre
2864 5397 2915 5441 et
2950 5384 3118 5447 Filio,
3156 5382 3286 5451 quin
3335 5387 3388 5434 ct
3436 5392 3466 5429 a
3513 5373 3724 5445 Spiritu

2148 5492 2392 5555 exsulat,
2437 5503 2558 5542 nam
2603 5484 2691 5539 ubi
2743 5481 2948 5537 nullum
2997 5485 3247 5545 tempus,
3290 5471 3363 5525 ibi
3403 5469 3563 5525 etiam
3615 5466 3724 5520 ali-
