4146 6370
411 251 518 306 ιϐἷ

1691 241 1755 294 S.
1799 229 2130 292 GREGOltII
2193 225 2486 282 NYSSENI

3591 223 3697 280 Hii

411 368 622 428 ιιιιιιηιιο
653 364 928 422 sublatum
961 371 1070 418 est.
1107 361 1166 416 Si
1199 369 1382 414 autem
1419 355 1592 413 Filius
1626 371 1848 426 st-mpcr
1883 364 2010 409 tan-

2120 335 2250 394 εῖναι
2297 337 2775 407 καταλαμϐάνεται
2815 336 2842 388 6
2885 335 3012 398 Υἱὸς
3055 337 3120 404 τῇ
3171 333 3298 404 περὶ
3343 331 3439 386 τοῦ
3491 333 3703 402 (turpet;

415 475 580 527 quinm
610 460 886 512 exsisteus
915 455 1251 524 concipitur,
1285 454 1338 506 in
1371 453 1490 521 ipsa
1547 449 1729 504 Patris
1781 448 2007 501 notione

413 553 703 612 relucens,
740 564 861 618 quae
899 547 1133 602 formido
1165 561 1269 600 nos
1302 545 1642 605 absterreat,
1703 539 2009 611 quominus

417 645 784 699 :eternitatem
839 640 980 694 Filio
1021 639 1440 701 adscribamus,
1485 637 1578 706 qui
1624 629 1808 705 neque
1849 635 2006 703 prin-

416 737 620 808 cipium
659 736 906 798 dierum,
947 747 1126 802 neque
1175 733 1340 786 linem
1387 731 1511 784 vita:
1562 729 1774 784 liabet?
1802 727 2006 796 Quem-

419 829 712 884 admodum
743 831 889 883 enim
925 843 990 883 ex
1025 827 1230 882 lumine
1259 827 1440 880 lumen
1465 867 1480 888 .
1515 827 1622 880 vita
1657 841 1728 880 ex
1755 827 1867 878 vita
1889 865 1905 889 ,
1941 841 2010 880 ex

422 925 565 976 bono
606 923 822 985 bonus,
867 921 1128 990 sapiens,
1172 919 1391 988 justus,
1437 927 1666 987 potens,
1709 925 1766 971 et
1811 925 2010 970 caetera

419 1015 486 1066 ad
517 1014 768 1068 eumdem
799 1013 1022 1068 modum
1042 1053 1056 1076 ,
1082 1027 1259 1081 exque
1289 1012 1380 1064 tali
1417 1012 1564 1074 talis,
1587 1011 1668 1066 sic
1699 1025 1765 1064 οι
1802 1019 2010 1064 αξιοι-πο

421 1107 583 1174 plane
612 1113 852 1160 aeternus
885 1105 1177 1175 processit.

505 1199 611 1253 Sed
643 1198 918 1268 litigiosus
951 1197 1228 1266 quispiam
1265 1207 1452 1250 nostro
1480 1195 1640 1262 quasi
1672 1209 1736 1247 ex
1769 1208 1867 1246 ore
1897 1193 2012 1247 dis-

423 1293 763 1365 putationem
813 1289 1154 1359 suliripieus,
1180 1295 1400 1358 oggeret
1419 1327 1434 1354 ,
1457 1302 1522 1339 ex
1553 1287 1716 1340 dictis
1741 1285 2014 1356 suspicio-

425 1402 552 1442 nem
570 1385 724 1450 oriri,
758 1384 914 1452 quasi
949 1383 1114 1436 etiam
1153 1381 1428 1452 ingenitus
1453 1395 1524 1434 ex
1558 1380 1802 1450 ingenito
1827 1379 2009 1433 fuerit.

429 1475 631 1533 Verum
659 1476 748 1546 qui
775 1476 877 1529 ista
902 1474 1114 1542 objicit,
1133 1473 1297 1526 corde
1321 1473 1542 1528 sobrius
1559 1471 1664 1532 sit,
1695 1481 1744 1525 et
1777 1471 2013 1542 propriis

429 1570 658 1624 vocibus
715 1569 932 1624 insistat
967 1585 980 1620 :
1019 1581 1142 1620 nam
1181 1565 1274 1634 qui
1316 1563 1518 1619 Filium
1557 1580 1626 1620 ex
1673 1563 1840 1619 Patre
1891 1579 2015 1618 esse

431 1659 744 1724 confitetur,
777 1657 890 1726 jam
921 1673 986 1712 eo
1023 1657 1144 1726 ipso
1175 1655 1407 1726 ingeniti
1463 1655 1732 1710 rationem
1788 1671 1818 1710 a
1875 1655 2013 1709 Filio

431 1747 698 1812 removit,
727 1761 904 1816 neque
931 1745 1042 1800 ulla
1071 1761 1238 1800 causa
1271 1747 1546 1816 suppetit,
1576 1761 1673 1800 cur
1703 1758 2012 1800 metuamus

431 1838 628 1894 Filium
661 1847 924 1894 mternum
946 1879 962 1905 ,
993 1847 1046 1894 et
1079 1846 1260 1894 tamen
1294 1853 1403 1892 non
1431 1839 1731 1908 ingenitum
1767 1853 2016 1909 pronun-

431 1935 608 1988 tiare:
639 1933 768 2002 quia
793 1932 937 1987 enim
972 1933 1078 1986 vita
1111 1931 1234 1986 Filii
1255 1933 1406 1985 nullo
1436 1933 1700 2000 temporis
1725 1931 2015 1985 intervallo

434 2027 712 2091 delinitur,
751 2025 846 2080 sed
881 2033 934 2080 et
965 2033 1092 2080 ante
1124 2026 1354 2086 saecula,
1391 2035 1444 2080 et
1479 2033 1604 2094 post
1653 2025 1872 2078 condita
1910 2039 2014 2078 sae-

435 2121 557 2173 cula
591 2119 932 2174 immensitas
965 2119 1088 2172 vita:
1121 2119 1240 2185 ejus
1275 2119 1638 2188 undequaque
1667 2117 1862 2176 dill‘usa
1897 2125 2016 2180 est,

437 2209 658 2279 preprie
712 2210 905 2264 aeterni
955 2209 1323 2278 appellatione
1377 2209 1657 2262 adicitur:
1712 2209 1842 2279 quia
1889 2225 2020 2264 vero

437 2300 610 2356 Filius
640 2308 694 2356 et
719 2309 805 2356 est
829 2310 884 2355 et
915 2302 1249 2366 nominatur,
1275 2299 1564 2370 Patrisque
1591 2303 1873 2357 notionem
1903 2303 2024 2373 jun-

437 2394 568 2448 ctim
601 2394 654 2447 iu
689 2393 872 2463 seipso
899 2395 1378 2464 couteulplaudam
1409 2395 1568 2448 oii'ert
1589 2434 1604 2457 _,
1634 2395 1750 2449 ﬁeri
1783 2411 1890 2450 non
1923 2411 2023 2466 po-

438 2493 581 2548 test,
615 2494 674 2538 ut
699 2486 824 2554 quis
855 2485 1006 2540 illum
1052 2485 1294 2554 iugenite
1327 2486 1600 2540 exsistere
1623 2486 1847 2550 credat,
1873 2502 2019 2552 eum,

439 2579 699 2647 inquam,
735 2578 828 2648 qui
857 2591 1072 2646 semper
1103 2593 1226 2632 cum
1261 2577 1425 2632 Patre
1477 2586 1596 2641 est,
1647 2589 1699 2633 et
1749 2589 1807 2632 ut
1855 2581 2020 2634 etiam

438 2671 658 2726 divinus
689 2671 780 2725 ille
809 2671 1000 2725 doctor
1037 2678 1225 2724 uoster
1253 2671 1472 2734 docuit,
1502 2671 1596 2742 qui
1625 2673 1809 2742 genite
1841 2671 2022 2725 Patris

440 2763 852 2826 innasciliilitati
881 2764 1085 2826 uultur,
1111 2763 1362 2832 idemque
1385 2765 1452 2818 de
1475 2774 1668 2820 sancto
1695 2765 1900 2834 Spiritu
1931 2765 2025 2818 do-

442 2873 632 2912 cemus
651 2897 667 2918 ,
695 2857 748 2909 in
778 2857 896 2909 solo
921 2855 1114 2910 ordine
1145 2854 1450 2910 dili'erentia
1477 2858 1796 2912 constituta.
1827 2857 2026 2924 Quem-

440 2949 730 3003 admodum
775 2949 921 3002 enim
973 2947 1116 3000 Patri
1180 2946 1353 3003 Filius
1405 2949 1782 3020 conjungitur,
1812 2961 2022 3006 etcum

441 3056 508 3094 ex
539 3041 631 3094 illo
658 3041 921 3108 originem
955 3041 1154 3104 ducat,
1193 3041 1472 3112 liypostasi

441 3147 553 3188 non
585 3141 703 3196 est,
742 3133 824 3186 sic
854 3133 1018 3187 etiam
1059 3132 1300 3204 Spiritus
1327 3145 1554 3192 sanctus
1598 3139 1664 3192 ad
1714 3138 1913 3194 Filium
1964 3159 2023 3198 se

440 3228 638 3292 habet;
673 3243 799 3280 nam
837 3227 890 3280 in
941 3227 1058 3280 sola
1092 3225 1346 3298 principii
1389 3229 1602 3284 ratione
1633 3229 1806 3287 Filius
1850 3233 2026 3302 prius-

443 3336 606 3392 quam
635 3319 873 3390 Spiritus
901 3323 1074 3377 sancti
1107 3322 1452 3392 Iiypostasis,
1481 3325 1794 3394 concipitur
1839 3345 1852 3382 :
1889 3336 2028 3383 tem-

444 3415 662 3484 porales
692 3423 874 3468 autem
909 3413 1278 3469 dimensiones
1323 3415 1377 3468 in
1415 3415 1506 3469 illa
1553 3433 1715 3472 omne
1757 3421 2022 3476 saeculum

446 3515 764 3576 antegressa
813 3507 922 3560 vita
975 3523 1082 3561 non
1133 3507 1522 3562 inveniuntur:
1571 3511 1642 3564 ita
1691 3521 1750 3564 ut
1799 3525 2026 3585 excepta

447 3599 700 3670 principii
741 3600 952 3655 ratione
985 3602 1334 3656 sanctissima
1375 3603 1616 3659 Trinitas
1666 3605 1718 3658 in
1769 3609 2027 3665 omnibus

448 3691 618 3759 probe
668 3691 774 3744 sibi
827 3699 1136 3746 consonet:
1184 3705 1346 3762 quam
1395 3691 1552 3748 decet
1599 3693 1772 3764 gloria
1817 3703 1871 3748 et
1920 3695 2026 3748 im-

449 3797 681 3852 plnum.

2111 433 2290 503 ἐννοίᾳ
2321 429 2868 499 συναναφαινόμενος,
2899 427 2982 489 τίς
3015 427 3042 478 6
3071 425 3232 494 φόϐος
3263 429 3703 497 προσμαρτυρεῖν

2108 523 2185 592 τῷ
2207 525 2502 590 Μονογενεί
2525 522 2586 574 τὸ
2609 521 2798 583 ἁῖδιον,
2821 517 2899 586 τῷ
2929 520 3066 589 μήτε
3087 518 3263 589 ἀρχὴν
3293 517 3536 586 ἡμερῶν,
3565 519 3703 586 μήτε

2113 615 2258 685 ζωῆς
2287 615 2462 686 ἔχοντι
2491 613 2670 678 τέλοςς
2715 613 2800 674 Ὡς
2833 611 2939 684 γὰρ
2981 612 3044 662 ἐκ
3076 609 3253 679 φωτὸς
3287 608 3424 676 φῶς.
3466 611 3558 662 καὶ
3590 609 3702 679 ζωὴ

2111 708 2176 760 ἐκ
2201 705 2368 776 ζωῆς,
2395 706 2488 758 καὶ
2515 705 2576 767 ἐξ
2594 702 2800 772 ἀγαθοῦ
2829 701 3052 770 ἀγαθὸς.
3081 701 3239 771 σοφός
3268 717 3328 752 τε
3353 701 3446 752 καὶ
3473 701 3700 762 δίκαιος,

2109 799 2204 853 καὶ
2231 798 2476 862 δυνατὸς,
2511 797 2606 849 καὶ
2631 797 2699 848 τὰ
2739 795 2874 850 ἄλλα
2901 794 3080 846 πάντα
3113 791 3398 854 ὡσαύτως,
3435 793 3499 844 ἐκ
3523 791 3704 843 τοιού-

2109 909 2206 944 του
2239 890 2501 954 τοιοῦτος,
2533 889 2675 942 οὕτω
2697 887 2794 941 καὶ
2823 887 2882 952 ἐξ
2909 885 3077 939 ἀϊδίου
3108 885 3326 946 πάντως
3347 885 3534 946 ἀΐδιος.

2195 1150 2331 1204 Ἀλλ’
2362 1147 2673 1220 ὑφαρπάζει
2719 1147 2811 1202 τὸν
2857 1149 3014 1216 λόγον
3061 1149 3090 1199 ό
3135 1148 3472 1215 ἀντιλογικός
3513 1166 3572 1201 τε
3607 1150 3703 1203 καὶ

2113 1243 2345 1315 φίλερίς,
2375 1242 2452 1302 ὡς
2488 1243 2585 1311 τῆς
2615 1239 2936 1302 ἀκολουθίας
2967 1239 3193 1308 ταύτης,
3241 1241 3335 1293 καὶ
3378 1240 3436 1306 ἐξ
3472 1241 3702 1310 ἀγεννή-

2113 1352 2206 1388 του
2241 1333 2532 1402 ἀγέννητον
2581 1330 2917 1384 ὑπονοεῖσθαι
2961 1331 3238 1402 ποιούσης.
3285 1330 3444 1384 Ἀλλά
3481 1333 3702 1402 νηψάτω

2114 1429 2180 1498 τῇ
2209 1425 2428 1498 καρδίᾳ,
2459 1425 2553 1477 καὶ
2579 1425 2700 1486 ταῖς
2733 1423 2892 1486 ἰδίαις
2931 1425 3205 1494 ὲπιστήτω
3239 1426 3442 1491 φωναῖς
3471 1425 3499 1474 ὁ
3531 1424 3702 1494 μαχό-

2119 1533 2312 1588 μενοςο
2367 1517 2448 1569 ὅτι
2487 1515 2550 1568 τὸ
2598 1516 2663 1568 ὲκ
2711 1515 2805 1567 τοῦ
2858 1515 3070 1587 Πατρός
3119 1515 3420 1585 ὁμολογῶν,
3473 1514 3572 1584 τὴν
3609 1515 3702 1568 τοῦ

2115 1610 2406 1680 ἀγέννητον
2439 1607 2690 1662 ὑπόνοιαν
2715 1607 2804 1660 ἐπὶ
2826 1606 2918 1659 τοῦ
2947 1606 3287 1675 Μονογενοῦς
3309 1606 3701 1682 ἀπεπέμψατο·

2044 1705 2088 1764 Β
2117 1703 2210 1754 καὶ
2250 1701 2426 1763 οὐδεὶς
2473 1699 2662 1754 ἔπεστι
2695 1700 2877 1767 φόὸος,
2911 1700 3005 1752 καὶ
3049 1700 3219 1752 ἀΐδιον
3262 1699 3450 1763 αὑτὸν,
3483 1703 3576 1752 καὶ
3605 1700 3706 1752 οὐκ

2115 1795 2408 1864 ἀγέννητον
2449 1793 2648 1862 λέγειν.
2688 1793 2813 1846 ’Ὁτι
2845 1793 2944 1862 μὲν
2977 1794 3084 1864 γὰρ
3115 1793 3176 1846 οὐ
3217 1793 3547 1864 διαστήματι
3583 1811 3706 1863 χρο-

2115 1887 2252 1958 νικῷ
2277 1887 2372 1940 τοῦ
2404 1885 2531 1938 Υἰοῦ
2573 1885 2634 1938 τὸ
2681 1885 2819 1938 εἶναι
2863 1885 3230 1958 περιορίζεται
3259 1902 3272 1916 ·
3303 1885 3436 1940 ἀλλὰ
3479 1889 3573 1940 καί
3601 1887 3706 1955 πρὸ

2117 1978 2226 2032 τῶν
2255 1977 2488 2042 αἰώνων,
2519 1977 2611 2032 καὶ
2649 1977 2788 2047 μετά
2817 1977 3038 2040 τούτους
3077 1977 3134 2028 τὸ
3171 1979 3396 2048 ἄπειρον
3425 1977 3588 2030 αὑτοῦ
3609 1979 3707 2046 τῆς

2120 2068 2266 2139 ζωῆς
2312 2067 2682 2139 ᾁπανταχόοεν
2723 2068 3036 2136 ἐκκέχυται,
3067 2068 3272 2137 κυρίως
3312 2070 3377 2138 τῇ
3411 2066 3505 2119 τοῦ
3535 2068 3706 2121 ἁῖδίου

2120 2160 2462 2232 προσηγορίᾳ
2501 2159 2948 2230 κατονομάζεται.
2983 2161 3104 2214 Ὅτι
3151 2159 3206 2211 δὲ
3237 2158 3398 2212 πάλιν
3439 2159 3568 2222 Υἱὸς
3627 2159 3705 2212 ὢν

2121 2253 2216 2307 καὶ
2238 2253 2570 2324 λεγόμενος,
2589 2253 2954 2323 συνημμένως
2990 2251 3087 2322 τὴν
3133 2249 3226 2304 τοῦ
3256 2249 3470 2323 Πατρός
3502 2250 3710 2304 ἔννοιαν

2123 2345 2303 2414 ἑαυτῷ
2334 2343 2754 2416 συνθεωρεῖσθαι
2784 2345 2986 2409 δίδωσι,
3015 2345 3077 2396 τὸ
3111 2344 3422 2414 ἀγεννήτως
3451 2338 3590 2395 εἶναι
3617 2341 3706 2394 δο-

2123 2441 2240 2492 κεῖν
2268 2437 2356 2490 διά
2385 2435 2574 2489 τούτου
2625 2437 2986 2505 ἐκπέφευγεν,
3015 2437 3102 2489 ἀεὶ
3152 2436 3328 2489 συνὼν
3357 2434 3436 2505 τῷ
3466 2435 3552 2488 ἀεὶ
3595 2434 3710 2486 ὄντι

2123 2529 2317 2598 Ila-cpi.
2359 2527 2539 2590 καθὼς
2571 2523 2692 2580 εἷπε
2724 2531 2819 2580 καὶ
2849 2529 2882 2598 ἡ
2911 2527 3267 2591 θεόπνευστος
3297 2528 3476 2598 ἐκείνη
3503 2526 3598 2578 τοῦ
3627 2526 3710 2578 δι-

2122 2619 2388 2672 δασκάλου
2419 2619 2576 2690 ἡμῶν
2604 2618 2774 2690 φωνὴ,
2799 2619 2878 2671 ὅτι
2907 2618 3178 2689 γεννητῶς
3203 2621 3267 2690 τῇ
3296 2619 3591 2690 ἁγεννησίᾳ
3617 2619 3710 2672 τοῦ

2124 2707 2338 2778 Πατρὸς
2377 2707 2782 2778 συναπτόμενος
2802 2721 2816 2736 ⁹
2843 2708 2871 2760 6
2897 2708 2952 2761 δὲ
2985 2709 3150 2772 αὐτὸς
3175 2709 3308 2780 ἡμῖν
3333 2709 3429 2763 καὶ¹
3461 2711 3590 2772 περὶ
3617 2710 3714 2763 τοῦ

2125 2799 2279 2865 ἁγίου
2313 2797 2630 2868 Πνεύματος
2673 2797 2828 2866 λόγος
2857 2800 2914 2851 ὲν
2957 2800 3094 2873 μόνῃ
3126 2803 3191 2871 τῇ
3223 2802 3374 2867 τάξει
3403 2801 3500 2872 τὴν
3529 2801 3714 2870 διαφο-

2127 2891 2224 2960 ρὰν
2257 2889 2414 2960 ἔχων.
2457 2891 2544 2953 Ὡς
2569 2890 2674 2961 γὰρ
2705 2892 3034 2946 συνάπτεται
3075 2892 3154 2964 τῷ
3181 2895 3356 2964 [Iath
3383 2897 3411 2948 6
3443 2895 3591 2958 Υἱὸς,
3619 2895 3715 2947 καὶ

2123 2979 2184 3031 τὸ
2216 2978 2275 3044 ἐξ
2297 2977 2461 3032 αὑτοῦ
2485 2975 2624 3034 εἶναι
2653 2979 2812 3050 ἔχων,
2837 2981 2934 3051 οὐχ
2961 2983 3232 3053 ὑστερίζει
3263 2984 3404 3036 κατὰ
3427 2984 3524 3056 τὴν
3553 2983 3716 3056 ὕπαρ-

1521 3049 2021 3144 ιθπιεξη-ρξξδῑθτίοτ
2047 3057 2090 3116 C
2127 3068 2206 3134 ξιν
2225 3081 2240 3095 ·
2257 3068 2401 3122 οὓτω
2423 3070 2584 3124 πάλιν
2606 3072 2816 3124 καὶτοῦ
2839 3049 3175 3141 Μονογενοῦς
3203 3073 3383 3144 ἔχεται
3412 3049 3718 3144 τοΠνεῠιλα

2127 3162 2186 3215 τὸ
2207 3162 2380 3232 ἅγιον.
2407 3164 2621 3235 ἐπινοίᾳ
2653 3165 2792 3238 μόνη
2813 3165 2956 3218 κατὰ
2979 3165 3072 3218 τὸν
3087 3165 3185 3234 τῆς
3210 3166 3386 3228 αἰτίας
3407 3165 3562 3234 λόγον
3585 3183 3709 3236 προ-

2129 3253 2506 3326 θεωρουμένου
2537 3257 2636 3328 τῆς
2665 3259 2759 3311 τοῦ
2793 3257 3112 3329 Πνεύματος
3143 3259 3496 3322 ὑποστάσεως
3517 3275 3532 3288 ·
3566 3262 3622 3313 αἱ
3663 3259 3720 3312 δὲ

2129 3366 2162 3418 χ
2171 3349 2383 3417 ρονικαὶ
2415 3351 2751 3420 παρατάσεις
2775 3353 2866 3405 ἐπὶ
2889 3353 2988 3424 τῆς
3013 3352 3340 3424 προαιωνίου
3368 3351 3513 3422 ζωῆς
3537 3351 3720 3424 χώραν

2127 3437 2230 3491 οὐκ
2253 3438 2652 3508 έχουσιν.Ὢστε
2671 3439 2764 3492 τοῦ
2785 3441 2942 3510 λόγου
2959 3443 3056 3514 τῆς
3078 3442 3255 3503 αἰτίας
3280 3441 3522 3513 ὑπεξῃρη
3533 3444 3717 3512 μένου,

2135 3529 2192 3579 ὲν
2228 3528 2414 3598 μηδενὶ
2440 3530 2538 3600 τὴν
2565 3531 2726 3598 ἁγίαν
2754 3532 2960 3603 Τριὰδα
2989 3533 3123 3603 πρὸς
3145 3533 3344 3602 ἑαυτὴν
3377 3533 3721 3604 ἀσυμφώνως

2134 3617 2304 3688 ἔχειν·
2339 3613 2374 3692 ᾖ
2405 3621 2606 3691 πρέπει
2637 3625 2668 3692 ἡ
2713 3623 2860 3687 δόξα.

457 4001 3720 4047 ._______._._._____________________________________

1055 4153 1354 4244 ΚΑΤΑ
1423 4157 2016 4248 ΕΥΝΟΜΙΟΥ
2083 4158 2451 4252 ΛΟΓΟΣ
2531 4163 3121 4260 ΔΕΥΤΕΡΟΣ.

900 4509 1368 4603 CONTRA
1461 4509 2124 4600 EUNOMIUM
2209 4512 2560 4600 LIBER
2619 4514 3274 4608 SECUNDUS.

1169 4710 1383 4772 lnterpr.
1421 4707 1524 4756 Nic.
1553 4707 1764 4758 Guloniu
1786 4741 1799 4764 ,
1837 4704 1890 4752 in
1922 4702 2070 4754 Acad.
2097 4701 2208 4756 Par.
2240 4707 2392 4758 Graec.
2425 4709 2524 4758 litt.
2553 4711 2832 4774 professore
2854 4717 3016 4778 regio.

493 4975 758 5036 CAPITA
795 4971 936 5030 δεῖ]
967 4969 1353 5028 SUMMARIA
1385 4967 1590 5022 LIBRI
1632 4963 1986 5022 SECUNDI.
2075 4968 2122 5024 Ι)

468 5187 518 5241 l.
554 5186 828 5244 Secundus
885 5182 1013 5237 liber
1065 5181 1228 5235 divini
1270 5179 1425 5233 Verbi
1467 5177 1934 5239 Incarnationem,
1991 5187 2042 5228 et

538 5257 792 5310 traditam
835 5273 868 5310 a
904 5253 1128 5308 Domino
1159 5251 1434 5318 discipulis
1467 5250 1624 5320 ﬁdem
1657 5248 1942 5317 explanat;
1996 5257 2046 5299 et

537 5329 834 5388 htcreticos,
868 5327 956 5394 qui
981 5323 1116 5377 hanc
1155 5332 1410 5386 emrtnnt,
1445 5331 1492 5374 et
1531 5320 1640 5394 alia
1666 5320 1918 5389 dogmata
1949 5333 2046 5370 cn-

535 5399 692 5466 dunt,
723 5413 787 5452 ea:
815 5391 966 5467 patre
995 5394 1207 5449 diabolo
1240 5409 1353 5447 esse
1385 5391 1638 5448 ostendit.

469 5632 527 5686 2.
569 5631 760 5685 Deinde
789 5629 968 5684 Patris
998 5638 1046 5682 et
1079 5625 1228 5688 Filii,
1269 5633 1316 5678 et
1347 5625 1583 5694 Spiritus
1618 5622 1792 5676 sancti
1837 5618 2050 5674 (eterni-

549 5711 708 5754 tatem
733 5701 974 5768 pluribus
999 5700 1246 5768 explicat.

475 5773 532 5830 5.
561 5765 756 5827 Postea
787 5765 1270 5840 ine/fabile'nomen
1307 5765 1408 5822 SS.
1449 5765 1746 5831 Trinitatis,
1787 5773 1836 5818 et
1864 5776 2046 5830 perso-

2047 4840 2118 4853 ᾳ

2291 4972 2668 5028 ΚΕΦΔΛΑΙΑ
2717 4977 2853 5028 ΤΟΥ
2876 4975 2960 5029 ΔΕ
2973 4979 3258 5032 ΥΤΕΡΟΥ
3279 4983 3550 5036 ΛΟΓΟΥ.

2154 5191 2221 5238 α’.
2268 5187 2330 5239 Ὀ
2375 5185 2652 5253 δεύτερος
2703 5188 2886 5254 λόγος
2919 5187 3034 5252 τὴν·
3081 5187 3388 5254 σάρκωσιν
3431 5187 3536 5242 τοῦ
3587 5187 3735 5242 Θεοῦ

2226 5259 2441 5326 Λόγου,
2469 5257 2564 5308 καὶ
2595 5257 2708 5323 τὴν
2721 5257 3003 5311 δοθεῖσαν·
3031 5261 3191 5324 παρὰ
3223 5259 3445 5324 Κυρίου
3481 5259 3604 5324 τοῖς
3627 5276 3737 5326 μα-

2225 5327 2430 5392 θηταῖς
2454 5327 2663 5380 πίστιν
2682 5327 3043 5388 ἐκδιδάσκει,
3073 5331 3168 5380 καὶ
3191 5329 3332 5392 τοὺς
3357 5331 3584 5392 ταύτην
3599 5330 3738 5382 ἀνα·

2225 5397 2553 5465 τρέποντας
2599 5398 2948 5464 ιιῖρετικοὺς.
2989 5400 3086 5451 καί
3126 5399 3296 5464 ἕτερα
3338 5401 3740 5463 προσεπινοή-

2225 5483 2454 5538 (τςιιντας
2478 5469 2758 5535 circulum,
2800 5469 2866 5520 ἐκ
2909 5470 3013 5522 τοῦ
3049 5470 3274 5538 πατρὸς
3303 5469 3411 5522 τοῦ
3453 5469 3738 5522 διαϐόλου

2223 5535 2372 5590 εἶναι
2403 5539 2582 5604 λέγει.

2156 5609 2217 5678 β’.
2259 5605 2402 5663 Εἶτα
2445 5609 2560 5675 τὴν
2588 5609 2782 5662 ἀϊδίου
2813 5609 3041 5674 Πατρές
3093 5609 3188 5661 καὶ
3254 5608 3390 5660 Tim")
3422 5609 3518 5678 καὶ
3567 5609 3739 5676 ἁγίου

2229 5683 2566 5747 Ιινεύματος
2577 5679 2674 5731 διὰ
2695 5681 2989 5732 πλειόνων
3003 5680 3320 5746 ἑρμηνείαν
3341 5677 3647 5742 διέξεισιν.

2157 5759 2226 5820 γ’.
2266 5753 2504 5804 Ἔπειτα
2547 5750 2662 5818 τὴν
2709 5750 2813 5804 τοῦ
2862 5749 3357 5818 ἀκατονομάστου
3413 5747 3521 5816 τῆς
3567 5749 3735 5818 ἁγίας
