4146 6370
507 480 614 539 ιε’(

1755 486 1809 539 S.
1836 487 2158 543 GREGOilll
2193 489 2482 544 NYSSENI

3641 496 3748 553 468

510 593 749 648 hominis
781 593 1143 652 similitudine
1180 597 1359 653 factus
1384 607 1700 669 naturaeque
1728 612 1927 656 nostrae
1952 618 2075 671 par-

2184 606 2269 657 καῖ
2304 606 2584 675 μετασχὼν
2629 605 2726 674 τῆς
2772 604 2982 672 φύσεως
3010 604 3164 675 ἡμῶν
3212 606 3351 659 κατά
3408 608 3587 663 πάντα
3622 611 3744 663 καθ’

506 686 683 753 ticeps
718 700 815 753 per
846 688 1029 741 omnia
1064 689 1366 743 secundum
1409 690 1821 746 similitudinem
1868 695 2075 763 absque

508 784 756 845 peccato.
817 777 1129 834 Secundum
1183 789 1363 835 autem
1419 784 1879 848 similitudinem,
1941 790 2073 855 quia

509 883 634 923 cum
668 871 847 923 anima
876 880 929 923 et
962 887 1189 941 corpore
1218 881 1387 927 totum
1418 874 1689 929 hominem
1722 880 2023 947 assumpsit
2058 898 2070 933 :

511 959 587 1013 ita
618 969 678 1013 ut
712 976 809 1031 per
839 972 1130 1031 utrumque
1163 966 1319 1019 nobis
1351 963 1531 1020 factus
1567 967 1638 1019 sit
1674 968 1847 1022 salus.
1884 967 1984 1022 Hic
2018 970 2073 1023 in

510 1053 674 1105 terris
705 1054 855 1105 visus
889 1063 1007 1116 est,
1039 1064 1093 1107 et
1142 1071 1266 1109 cum
1318 1057 1627 1112 hominibus
1678 1068 2072 1125 conversatus,

513 1149 574 1194 ut
604 1158 711 1195 non
744 1143 980 1210 amplius
1010 1144 1259 1199 homines
1288 1161 1387 1215 pro
1423 1148 1591 1200 animi
1630 1149 1711 1201 sui
1763 1150 2033 1202 sententia
2057 1189 2073 1213 ,

514 1234 583 1287 de
606 1249 672 1287 eo
702 1234 843 1302 quod
871 1242 954 1288 est
979 1275 993 1299 ,
1025 1236 1337 1303 opinentur,
1362 1252 1457 1290 eas
1483 1239 1819 1305 suspiciones
1853 1241 1933 1294 vel
1959 1241 2077 1309 opi-

514 1324 706 1377 niones
740 1340 878 1394 quas
908 1340 975 1379 ex
1007 1325 1216 1379 levibus
1246 1326 1577 1395 quibusdam
1612 1329 1951 1396 conjecturis
1985 1345 2075 1383 as-

515 1425 841 1485 sequuntur,
880 1432 977 1486 pro
1008 1420 1150 1473 veris
1196 1426 1250 1472 et
1298 1419 1470 1472 ﬁrmis
1512 1419 1748 1475 decretis
1786 1420 2073 1475 habentes.

514 1506 621 1562 Sed
654 1510 905 1577 persuasi
949 1509 1092 1577 quod
1136 1525 1261 1563 vere
1303 1509 1443 1564 Deus
1483 1510 1535 1563 in
1577 1525 1742 1563 carne
1785 1511 2074 1580 apparuit,

513 1594 644 1647 illud
678 1594 856 1647 solum
889 1611 1075 1649 verum
1116 1597 1335 1664 pietatis
1378 1599 1695 1667 mysterium
1736 1614 1858 1653 esse
1885 1599 2077 1653 creda-

513 1703 671 1752 mus,
703 1689 846 1757 quod
879 1702 974 1756 per
1003 1687 1179 1756 ipsum
1219 1687 1455 1742 Verbum
1502 1697 1555 1742 et
1607 1688 1774 1743 Deum
1827 1698 2077 1745 nostrum

512 1781 775 1834 traditum
823 1791 938 1843 est,
987 1780 1077 1848 qui
1124 1796 1221 1850 per
1262 1781 1501 1850 seipsum
1555 1782 1819 1844 apostolis
1861 1783 2078 1839 locutus

512 1881 619 1926 cst.
651 1871 781 1925 Eam
810 1887 939 1925 vero
970 1888 1091 1941 quae
1119 1879 1232 1925 tum
1275 1886 1340 1925 ex
1378 1867 1557 1925 Veteri
1591 1871 1879 1940 Scriptura
1901 1913 1915 1936 ,
1960 1880 2074 1927 tum

2179 693 2468 762 ὁμοιότητα
2516 693 2678 763 χωρὶς
2731 692 3022 763 ἁμαρτίας.
3073 692 3206 746 Καθ’
3239 696 3532 764 ὁμοιότητα
3576 696 3631 749 δὲ
3668 699 3746 768 τῷ

2183 784 2317 853 μετά
2346 784 2521 853 ψυχῆς
2550 784 2644 836 καὶ
2673 782 2920 852 σώματος
2958 783 3241 837 ἀναλαϐεῖν
3271 786 3389 837 ὅλον
3417 787 3507 838 τὸν
3536 787 3745 857 ἄνθρω-

2180 889 2307 927 πον·
2344 874 2483 927 ὥστε
2515 874 2579 926 δι’
2607 873 2928 943 ἀμφοτέρων
2973 876 3104 943 ἡμῖν
3149 876 3396 943 γενέσθαι
3440 878 3539 947 τὴν
3569 895 3745 949 σωτη-

2185 966 2323 1036 ρίαν.
2373 960 2539 1026 Οὗτος
2564 964 2655 1016 ἐπὶ
2680 965 2775 1033 τῆς
2824 964 2927 1032 γῆς
2954 964 3132 1034 ὤφθη,
3172 968 3264 1016 καὶ
3302 970 3410 1029 τοῖς
3440 967 3743 1037 ἀνθρώποις

2185 1055 2621 1123 συνανεστράφη’
2669 1054 2753 1105 ἵνα
2802 1054 2997 1123 μηκέτι
3037 1056 3086 1107 οἱ
3141 1055 3415 1124 ἄνθρωποι
3465 1058 3605 1109 κατά
3648 1058 3745 1121 τὰς

2183 1144 2389 1197 ἑαυτῶν
2415 1143 2637 1213 γνώμας
2671 1146 2797 1215 περὶ
2839 1144 2932 1196 τοῦ
2961 1145 3111 1207 δντος
3151 1148 3408 1212 δοξάςωσι
3434 1166 3447 1178 ·
3479 1149 3575 1210 τὰς
3605 1164 3743 1215 γινο-

2187 1236 2349 1304 μένας
2383 1237 2561 1298 αὐτοῖς
2608 1236 2713 1288 ἀπὸ
2747 1238 3065 1307 στοχασμῶν
3092 1256 3250 1291 τινων
3280 1241 3529 1302 ὑπονοίας
3570 1241 3744 1309 δόγμα

2184 1326 2511 1395 ποιούμενοι.
2553 1326 2709 1379 Ἀλλά
2758 1328 3068 1390 πεισθέντες
3102 1330 3183 1381 ὅτι
3209 1329 3421 1397 ἀληθῶς
3452 1331 3580 1392 Θεὸς
3614 1333 3746 1397 ἐφα-

2182 1415 2390 1486 νερώθη
2435 1419 2492 1469 ἐν
2539 1418 2721 1486 σαρκὶ,
2753 1418 2927 1472 ἐκεῖνο
2965 1419 3121 1487 μόνον
3169 1419 3417 1488 ἀληθινὸν
3463 1423 3561 1490 τῆς
3590 1422 3744 1471 εὐσε-

2183 1506 2334 1570 ϐείας
2371 1509 2665 1578 μυστήριον
2690 1506 2825 1562 εἶναι
2847 1510 3242 1580 πιστεύσωμεν,
3271 1511 3299 1562 ὃ
3322 1511 3388 1563 δι’
3418 1512 3580 1563 αὐτοῦ
3615 1513 3745 1583 ⁴ἡμῖν

2182 1598 2277 1653 τοῦ
2318 1601 2487 1666 Λόγου
2516 1601 2610 1652 καὶ
2660 1601 2793 1652 Θεοῦ
2829 1602 3120 1671 παρεδόθη,
3167 1600 3259 1653 τοῦ
3306 1602 3372 1653 δι’
3416 1600 3607 1653 ἑαυτοῦ
3633 1604 3744 1663 τοῖς

2183 1689 2495 1751 ἀποστόλοις
2538 1688 2884 1758 λαλήσαντος.
2916 1692 3026 1761 Τὴν
3077 1691 3131 1742 δὲ
3171 1693 3235 1744 ὲκ
3262 1692 3358 1759 τῆς
3388 1692 3744 1761 ἀρχαιοτέρας

2184 1779 2423 1848 Γραφῆς,
2470 1780 2532 1830 ἐκ
2566 1780 2728 1849 νόμου
2766 1798 2824 1832 τε
2858 1780 2951 1834 καὶ
2997 1781 3347 1852 προφητείας,
3385 1781 3479 1832 καὶ
3517 1782 3613 1850 τῆς
3643 1798 3747 1832 πα-

2189 1870 2501 1939 ροιμιώδους
2534 1869 2874 1934 διδασκαλίας
2902 1871 3188 1940 γινομένην
3218 1872 3341 1940 περὶ
3376 1870 3473 1938 τῆς
3495 1871 3748 1940 ὑπερκει-

514 1978 581 2015 ex
614 1964 728 2033 lege
757 1972 811 2017 et
837 1964 1137 2032 prophetiis
1165 1972 1220 2016 et
1249 1963 1576 2032 proverbiali
1608 1964 1900 2034 disciplina
1933 1963 2073 2018 facta

2184 1962 2345 2031 μένης
2399 1961 2610 2029 φύσεως
2636 1962 3000 2027 διδασκαλίαν,
3055 1962 3120 2014 δι’
3163 1962 3424 2030 ἐσόπτρου
3463 1961 3607 2023 τινὸς
3652 1962 3747 2013 καὶ

515 2062 599 2109 est
633 2054 699 2108 de
734 2055 1172 2123 supereminente
1209 2063 1404 2107 natura
1436 2053 1743 2107 doctrinam
1766 2093 1781 2118 ,
1818 2070 1916 2123 per
1952 2071 2077 2125 spe—

513 2145 695 2200 culum
726 2145 999 2214 quoddam
1031 2154 1085 2198 et
1109 2146 1335 2215 aenigma
1359 2186 1373 2209 ,
1403 2154 1663 2214 tanquam
1691 2146 1949 2201 revelata:
1976 2162 2074 2201 no-

516 2236 599 2290 bis
649 2236 901 2290 veritatis
950 2238 1325 2291 testimonium
1368 2235 1779 2303 amplectamur,
1822 2236 1913 2305 pie
1953 2252 2078 2291 sen-

516 2326 741 2379 tentiam
778 2342 965 2380 eorum
1000 2341 1119 2394 quae
1146 2326 1408 2379 dicuntur
1436 2325 1791 2394 accipientes.
1826 2324 1904 2379 lta
1934 2334 1994 2379 ut
2024 2328 2075 2380 in

517 2414 624 2469 ﬁde
652 2430 772 2484 qua!
802 2430 832 2468 a
867 2413 1099 2469 Domino
1129 2415 1514 2469 universorum
1562 2416 1811 2484 exposita
1853 2423 1937 2470 est
1985 2430 2079 2469 ac-

518 2508 906 2575 quiescamus:
945 2521 1106 2575 quam
1144 2506 1197 2559 in
1230 2505 1471 2559 dictione
1500 2520 1693 2574 puram
1726 2506 2081 2559 intentatam-

515 2614 643 2668 que,
675 2599 817 2651 sicut
846 2598 1177 2666 accepimus,
1204 2595 1543 2651 custodimus
1572 2614 1585 2649 :
1611 2606 1776 2665 atque
1800 2598 1853 2650 in
1884 2598 2080 2666 exiguo

514 2691 805 2742 verborum
835 2688 1160 2742 traditorum
1188 2690 1588 2757 perversionem
1635 2696 1690 2743 et
1731 2690 2080 2757 depravatio-

517 2795 638 2833 nem
662 2818 675 2841 ,
706 2787 1002 2833 extremam
1025 2778 1341 2847 judicamus
1384 2779 1776 2849 blasphemiam
1811 2791 1863 2832 et
1890 2779 2080 2847 impie-

515 2880 705 2923 tatem.
736 2869 1025 2923 Credimus
1058 2871 1223 2938 igitur
1253 2871 1711 2938 quemadmodum
1752 2872 1867 2924 suis
1913 2871 2081 2924 disci-

516 2962 660 3030 pulis
694 2961 957 3014 Dominus
988 2960 1148 3013 tidem
1180 2960 1434 3028 exposuit
1458 2959 1542 3015 sic
1577 2959 1790 3013 locutus
1822 2978 1835 3013 :
1886 2959 2079 3013 Euntes

514 3052 689 3105 docete
744 3067 919 3104 omnes
975 3062 1186 3118 gentes,
1242 3048 1565 3117 baptizantes
1622 3067 1709 3102 eos
1771 3050 1826 3101 in
1873 3052 2078 3103 nomine

516 3142 695 3196 Patris
721 3182 734 3203 ,
771 3154 817 3194 et
852 3141 982 3194 Filii
1012 3151 1061 3194 et
1092 3140 1321 3207 Spiritus
1371 3142 1563 3193 sancti.
1621 3140 1718 3195 Hic
1767 3152 1850 3195 est
1900 3157 2081 3195 scrmo

518 3231 799 3302 mysterii,
838 3232 889 3283 in
918 3247 1028 3299 quo
1060 3246 1153 3297 per
1183 3244 1473 3297 supernam
1516 3230 1925 3297 generationem
1974 3246 2077 3283 uo-

2177 2053 2490 2122 αἰνίγματος
2517 2053 2592 2114 ὡς
2626 2054 2930 2124 μαρτυρίαν
2968 2054 3067 2123 τῆς
3111 2051 3582 2122 άποκαλυφθείσης
3617 2052 3747 2121 ἡμῖν

2176 2145 2429 2215 ἀληθείας
2476 2145 2778 2215 δεχώμεθα,
2814 2146 3049 2210 εὐσεϐῶς
3088 2146 3185 2216 τὴν
3228 2146 3464 2198 διάνοιαν
3505 2144 3613 2197 τῶν
3647 2148 3745 2215 ρη-

2174 2234 2283 2286 τῶν
2327 2233 2752 2303 ἐκλαμϐάνοντες
2776 2251 2789 2264 ο
2818 2235 2892 2297 ὡς
2915 2237 3218 2305 συμφωνεῖν
3245 2236 3312 2303 τῇ
3356 2234 3505 2303 παρὰ
3528 2233 3622 2286 τοῦ
3648 2236 3745 2285 Δε-

2179 2325 2374 2379 σπότου
2409 2324 2517 2376 τῶν
2566 2324 2702 2377 ὅλων
2750 2324 3030 2394 ἐκτεθείσῃ
3073 2323 3283 2375 πίστει·
3312 2325 3376 2394 ἢν
3419 2325 3510 2375 ἐπὶ
3552 2323 3749 2387 λέξεως

2180 2417 2425 2486 καθαρὰν
2447 2417 2541 2468 καὶ
2570 2415 3032 2488 ἀπαρεγχείρητον
3066 2415 3428 2483 φυλάσσομεν,
3469 2415 3543 2477 ὡς
3604 2432 3745 2485 παρ-

2182 2509 2467 2577 ελάϐομεν·
2486 2508 2577 2561 καὶ¹
2602 2508 2697 2578 τὴν
2728 2510 2783 2559 ἐν
2805 2507 2966 2576 ὀλίγῳ
2996 2508 3349 2577 παρατροπὴν
3369 2507 3476 2559 τῶν
3510 2507 3746 2577 παραδο-

2180 2601 2377 2653 θέντων
2430 2601 2686 2669 ῥημάτων
2728 2599 2960 2667 ἐσχάτην
2992 2597 3265 2666 κρίνοντες
3312 2597 3657 2666 βλασφημίαν
3688 2612 3749 2649 τε

2179 2692 2271 2742 καὶ
2296 2690 2567 2742 ἀσέϐειαν.
2595 2688 2927 2756 Πιστεύομεν
2951 2685 3042 2740 οῦν
3072 2687 3254 2750 καθὼς
3281 2688 3491 2752 ἐξέθετο
3508 2689 3620 2749 τοῖς
3654 2704 3751 2755 μα-

2179 2782 2364 2849 θηταῖς
2396 2782 2492 2851 τὴν
2548 2780 2726 2832 πίστιν
2772 2780 2801 2832 ὀ
2835 2779 3037 2849 Κύριος
3081 2780 3109 2830 ὀ
3168 2779 3358 2842 είπὼν,
3404 2779 3484 2830 ὅτι
3528 2780 3747 2843 Πορευ-

2179 2874 2382 2938 θέντες
2428 2874 2840 2941 μαθητεύσατε
2883 2870 3077 2924 πάντα
3118 2873 3190 2924 τὰ
3234 2871 3404 2936 ἔθνη,
3434 2866 3750 2933 ,ϐαπτίζον-

2179 2982 2277 3029 τες
2298 2964 2515 3028 αὐτοὺς
2540 2966 2625 3029 είς
2644 2963 2709 3015 τὸ
2740 2967 2924 3030 ὀνομα
2956 2962 3062 3015 τοῦ
3095 2962 3320 3029 Πατρός
3349 2961 3445 3014 καὶ
3476 2960 3582 3012 τοῦ
3613 2959 3748 3013 Υἱοῦ

2179 3054 2277 3108 καί
2304 3054 2409 3106 τοῦ
2439 3054 2609 3121 ἁγίου
2638 3053 2997 3119 Πνεύματος.
3037 3044 3203 3113 Οὗτός
3237 3053 3381 3103 ἐστιν
3413 3052 3440 3102 ὀ
3469 3050 3625 3118 λόγος
3654 3048 3748 3102 τοῦ
3800 3050 3804 3056 ’

2183 3144 2500 3216 μυστηρίου,
2553 3145 2610 3196 ἐν
2638 3136 2682 3211 ᾧ
2719 3144 2804 3195 διά
2846 3143 2943 3210 τῆς
2985 3142 3189 3196 ἄνωθεν
3237 3143 3542 3211 γεννήσεως
3594 3157 3751 3210 μετα⁶

2182 3236 2500 3298 σκευάζεται
2558 3234 2712 3304 ἡμῶν
2766 3234 2800 3303 ἡ
2834 3234 2993 3302 φύσις
3030 3233 3136 3285 ἀπὸ
3184 3230 3277 3285 τοῦ
3322 3231 3559 3303 φθαρτοῦ
3620 3230 3752 3299 πρὸς

515 3330 629 3377 stra
660 3329 853 3374 natura
886 3322 938 3373 in
979 3320 1173 3372 melius
1206 3318 1654 3381 transformatur,
1705 3320 1834 3372 dum
1882 3336 1910 3373 a
1954 3337 2079 3374 cor-

2184 3325 2243 3379 τὸ
2288 3294 2609 3392 ἄφθαρτονῖη
2642 3327 2705 3376 ὲκ
2754 3294 2856 3376 roti-
2902 3294 3128 3377 παλαιοῦ
3184 3294 3469 3393 ἀνθρῶπου
3529 3294 3754 3375 ἀνακαι-

518 3414 762 3483 ruptibili
791 3412 857 3465 ad
885 3410 1320 3479 incorruptibile,
1350 3425 1415 3463 ex
1445 3418 1626 3464 vetere
1657 3411 1878 3465 homine
1913 3429 2076 3466 reno-

2184 3414 2438 3485 νιζομένη
2468 3415 2587 3467 κατ’
2617 3415 2795 3466 εἰκόνα
2815 3414 2908 3466 τοῦ
2933 3416 3213 3473 κτίσαντος
3247 3416 3303 3467 ἐν
3329 3416 3470 3484 ἀρχῇ
3503 3413 3563 3465 τὸ
3596 3412 3756 3465 θεοει-

519 3516 699 3567 vatur,
746 3503 1046 3558 secundum
1095 3503 1386 3571 imaginem
1417 3501 1538 3569 ejus
1566 3503 1657 3569 qui
1698 3504 1750 3557 in
1803 3505 2078 3572 principio

2184 3506 2271 3567 δὲς
2303 3507 2569 3575 ὁμοίωμα.
2598 3504 2814 3573 Ταύτης
2862 3502 2954 3559 οῦν
2983 3506 3133 3577 παρά
3172 3506 3264 3559 τοῦ
3299 3505 3430 3557 Θεοῦ
3470 3507 3581 3566 τοῖς
3625 3505 3755 3556 ἀπο-

518 3596 758 3651 divinam
790 3592 1201 3647 similitudinem
1229 3590 1452 3643 creavit.
1502 3591 1673 3659 Hujus
1701 3593 1880 3660 itaque
1910 3609 1937 3644 a
1972 3592 2081 3646 Deo

2185 3597 2388 3659 στόλοις
2421 3597 2817 3667 παραδοθείσης
2858 3598 2958 3666 τῆς
2992 3599 3246 3662 πίστεως,
3281 3596 3402 3649 οὔτε
3444 3597 3751 3666 ὑφαίρεσιν,

520 3683 778 3755 apostolis
824 3682 1037 3737 tradita:
1071 3683 1189 3735 ﬁdei
1225 3698 1403 3752 neque
1431 3683 1861 3737 subtractionem
1907 3701 2081 3753 neque

2185 3688 2309 3741 οὔτε
2337 3688 2705 3759 παραλλαγὴν,
2733 3688 2855 3742 οὔτε
2885 3691 3199 3760 προσθήκην
3216 3690 3542 3756 ποιούμεθαο
3572 3688 3755 3757 σαφῶς

519 3775 954 3829 immutationem
1020 3774 1135 3827 sive
1192 3775 1637 3842 perversionem,
1689 3791 1870 3845 neque
1930 3776 2081 3830 addi-

2184 3782 2379 3843 εἰδότες
2411 3781 2489 3832 ὅτι
2514 3782 2541 3833 ὀ
2568 3780 2779 3851 τολμῶν
2801 3783 2898 3850 τὴν
2928 3781 3074 3833 θείαν
3104 3781 3285 3848 φωνὴν
3309 3779 3397 3832 διὰ
3428 3781 3756 3848 κακουργίας

518 3869 722 3921 tionem
754 3867 1023 3920 facimus:
1072 3875 1259 3935 aperte
1310 3867 1549 3920 scientes
1601 3882 1724 3919 eum
1772 3868 1864 3934 qui
1923 3869 2081 3922 audet

2184 3872 2499 3939 σοφιστικῆς
2542 3873 2935 3943 παρατρέπειν,
2989 3864 3144 3932 οὗτος
3173 3872 3237 3922 ἐκ
3278 3869 3371 3922 τοῦ
3423 3870 3624 3940 πατρὸς
3662 3871 3755 3923 τοῦ

519 3973 704 4012 vocem
735 3957 972 4010 divinam
1016 3957 1288 4009 calumnia
1334 3956 1568 4025 quadam
1596 3964 1651 4009 et
1684 3958 1959 4011 malitiosa
2006 3957 2081 4010 in-

2184 3962 2424 4015 διαϐόλου
2460 3964 2636 4016 ἐστίν·
2676 3964 2736 4025 ὃς
2768 3964 2925 4032 ἀφεὶς
2964 3964 3059 4031 τῆς
3108 3961 3362 4031 ἀληθείας
3413 3961 3483 4015 τά
3518 3961 3753 4031 ῥήματα,

521 4048 910 4118 terpretatione
956 4058 1292 4118 pervertere,
1343 4064 1405 4100 ex
1456 4055 1609 4115 patre
1652 4048 1872 4101 diabolo
1924 4063 2087 4103 esse:

522 4147 711 4207 utpote
738 4138 830 4205 qui
863 4136 1084 4190 omissis
1113 4136 1358 4189 veritatis
1387 4135 1567 4187 verbis
1589 4176 1602 4199 ,
1632 4151 1697 4189 ex
1731 4138 1970 4205 propriis
2000 4138 2083 4192 lo-

519 4232 727 4301 quitur,
754 4238 903 4299 pater
928 4227 1193 4280 mendacii
1222 4226 1419 4281 factus.
1448 4225 1582 4279 Nam
1606 4228 1867 4295 quidquid
1891 4239 2087 4296 praeter

2185 4057 2249 4108 ὲκ
2276 4055 2383 4107 τῶν
2423 4056 2564 4108 ἰδίων
2603 4055 2773 4118 λαλεῖ,
2811 4055 2989 4124 πατὴρ
3027 4051 3254 4122 ψεύδους
3297 4051 3597 4119 γινόμενος.
3642 4051 3757 4103 Πᾶν

2188 4145 2295 4213 γὰρ
2336 4144 2398 4195 τὸ
2440 4144 2592 4214 παρά
2618 4145 2717 4215 τὴν
2760 4143 3015 4213 ἀλήθειαν
3058 4142 3366 4212 λεγόμενον,
3401 4137 3590 4208 ψεῦδός
3641 4141 3756 4192 ἐστι

2192 4233 2408 4293 πάντως
2438 4236 2532 4287 καὶ
2559 4235 2657 4286 οὐκ
2692 4234 2910 4301 ἀληθές.

520 4330 800 4383 veritatem
866 4325 1087 4384 dicitur,
1156 4337 1364 4376 merum
1431 4331 1513 4375 est
1589 4339 1813 4391 prorsus
1861 4320 2236 4389 mendacium,
2271 4338 2462 4381 etnon
2500 4331 2722 4382 veritas.

590 4422 860 4487 Quoniam
903 4420 1068 4488 igitur
1114 4418 1216 4470 hoc
1251 4417 1531 4471 decretum
1578 4417 1645 4470 ab
1684 4418 1798 4485 ipsa
1848 4419 2084 4474 Veritate

478 4539 486 4547 -
522 4513 815 4584 exponitur
842 4527 856 4564 :
889 4510 935 4563 si
964 4508 1094 4578 quid
1127 4522 1410 4577 perperam
1456 4507 1616 4574 hujus
1657 4509 1809 4560 vocis
1837 4517 2081 4562 contmn-

2273 4425 2423 4476 Ἐπεὶ
2448 4419 2539 4476 οὖν
2570 4424 2630 4476 τὸ
2677 4424 2849 4492 δόγμα
2896 4421 3053 4473 τοῦτο
3098 4420 3227 4489 παρ’
3270 4420 3438 4488 αὐτῆς
3486 4418 3756 4471 ἐκτίθεται

2188 4519 2287 4586 τῆς
2318 4515 2605 4585 ἀληθείας·
2638 4514 2691 4567 εί
2718 4531 2770 4566 τι
2802 4510 3216 4584 παρεπινοοῦσιν
3248 4510 3339 4562 ἐπὶ
3377 4507 3627 4578 ἀθετήσει
3655 4508 3756 4577 τῆς

521 4616 615 4675 ptu
644 4602 1139 4657 comminiscuntur
1181 4600 1535 4667 maliguarum
1576 4599 1843 4653 hmresum
1895 4602 2081 4655 iuven-

2189 4584 2336 4669 θείας
2362 4584 2565 4675 ταύτης
2590 4605 2770 4675 φωνῆς
2824 4605 2875 4655 οί
2898 4603 3003 4655 τῶν
3034 4600 3283 4671 πονηρῶν
3310 4600 3569 4670 αἱρέσεων
3592 4600 3751 4669 εὑρε-

526 4710 692 4761 tores,
722 4698 796 4749 ita
819 4704 879 4749 ut
908 4697 1032 4748 loco
1060 4693 1239 4746 Patris
1274 4701 1573 4745 creatorem
1600 4702 1652 4745 et
1677 4684 1935 4758 Opilicem‘
1958 4688 2083 4742 Filii

526 4787 809 4838 nominent
838 4804 851 4840 :
886 4794 1047 4853 atque
1088 4782 1203 4835 Filii
1238 4784 1359 4835 loco
1388 4779 1662 4849 opiﬁcium
1696 4788 1749 4832 et
1779 4788 2087 4832 creaturam

527 4882 575 4922 et
602 4871 730 4939 quid
769 4871 1039 4923 lactitium
1074 4870 1283 4939 ﬁngant
1310 4887 1322 4920 :
1355 4883 1455 4937 pro
1482 4876 1674 4919 sancto
1708 4867 1910 4935 Spiritu
1940 4884 2092 4921 crea~

527 4971 705 5014 turam
742 4970 1028 5021 creatum,
1056 4970 1112 5015 et
1142 4976 1279 5028 opus
1301 4960 1508 5029 operis,
1533 4966 1588 5012 et
1609 4973 1947 5026 quaecunque
1981 4956 2093 5011 Deo

529 5051 824 5105 rebellibus
864 5065 927 5103 ac
974 5048 1391 5102 contumacibus
1440 5047 1507 5101 de
1556 5048 1675 5116 ipso
1714 5047 1887 5115 placet
1926 5055 2121 5101 autu-'

527 5157 699 5196 mare.
752 5140 874 5194 llaec
916 5140 1098 5194 omnia
1153 5154 1273 5208 qua:
1309 5150 1438 5193 sunt
1493 5139 1781 5207 ejusmodi,
1840 5139 2092 5192 revelata:

528 5232 688 5286 nobis
737 5232 790 5285 in
823 5232 925 5285 hoc
975 5231 1225 5300 dogmate
1247 5230 1555 5285 divinitatis
1585 5231 1993 5298 abnegationem
2036 5236 2091 5281 et

528 5323 1028 5393 transgressionem
1055 5322 1423 5378 nominamus.
1450 5322 1625 5376 Semel
1646 5321 1789 5377 enim
1812 5337 1840 5374 a
1859 5320 2089 5373 Domino

528 5416 843 5475 didicimus,
888 5415 953 5467 ad
985 5414 1128 5482 quod
1162 5429 1259 5467 nos
1298 5413 1622 5477 cogitatione
1664 5421 1718 5465 et
1756 5420 1936 5465 mente
1968 5425 2092 5479 per-

530 5507 742 5575 spicere
767 5512 1019 5572 oportet:
1058 5521 1153 5573 per
1186 5505 1330 5573 quod
1361 5519 1389 5557 a
1428 5503 1640 5557 mortali
1678 5504 1741 5555 ad
1784 5502 2089 5555 immortale

531 5605 734 5651 nostra:
761 5602 967 5648 natura)
988 5594 1045 5647 ﬁt
1078 5593 1506 5656 trausformatio,
1538 5594 1641 5647 hoc
1674 5603 1848 5647 autem
1878 5601 1960 5645 est
1986 5590 2090 5643 Pa-

531 5696 629 5743 ter.
670 5684 862 5749 Filius,
910 5695 963 5737 et
999 5684 1238 5753 Spiritus
1277 5692 1520 5738 sanctus.
1562 5684 1923 5747 Quamobrem
1960 5682 2086 5733 lior-

534 5777 691 5829 ribile
721 5788 773 5830 et
805 5779 1025 5831 exitiale
1052 5792 1172 5830 esse
1211 5790 1595 5829 asseveramus
1625 5790 1745 5827 cum
1782 5775 1879 5826 has
1918 5788 2082 5826 voces

533 5865 742 5916 divinas
778 5867 1007 5934 maligne
1036 5876 1092 5921 ct
1126 5881 1408 5936 perperam
1437 5872 1768 5933 pervertere,
1809 5872 1918 5915 tum
1951 5862 2084 5916 alias

2193 4689 2282 4743 ταί
2305 4705 2319 4720 ·
2358 4688 2433 4750 ὼς
2455 4689 2575 4741 ἀντὶ
2606 4688 2703 4757 μὲν
2728 4686 2821 4740 τοῦ
2852 4687 3063 4757 Πατρὸς
3091 4688 3313 4757 κτίστην
3346 4687 3506 4741 αὐτὸν
3548 4688 3639 4740 καὶ
3665 4687 3752 4757 δη-

2198 4776 2452 4847 μιουργὸν
2481 4774 2574 4826 τοῦ
2600 4774 2731 4826 Υἱοῦ
2754 4773 3037 4843 ὀνομάζειν
3061 4791 3074 4803 ·
3098 4775 3218 4826 ἀντὶ
3233 4775 3289 4826 δὲ
3317 4774 3410 4827 τοῦ
3443 4775 3567 4827 Υίοῦ
3592 4776 3747 4848 ἔργον

2192 4866 2287 4919 καὶ
2318 4866 2522 4935 κτίσμα
2553 4866 2647 4917 καί
2680 4865 2889 4934 ποίημα
2908 4881 2920 4894 ’
2951 4864 3071 4917 ἀντὶ
3097 4864 3153 4917 δὲ
3176 4864 3267 4917 τοῦ
3300 4866 3455 4932 ἁγίου
3498 4866 3747 4935 Πνεύμα-

2191 4972 2301 5020 τος,
2331 4955 2533 5025 κτίσμα
2565 4955 2877 5023 κτίσματος,
2903 4954 2996 5005 καὶ
3027 4952 3189 5023 ἔργον
3219 4953 3378 5025 ἔργου
3405 4965 3418 4979 ⁶
3447 4957 3539 5009 καὶ
3574 4957 3748 5007 πάντα

2192 5045 2291 5097 ὅσα
2320 5046 2433 5107 τοῖς
2461 5042 2747 5113 θεομάχοις
2774 5043 2903 5113 περὶ
2926 5042 3090 5096 αὐτοῦ
3114 5042 3443 5111 λέγεινδοκεῖ
3464 5045 3661 5098 ’πάντα
3684 5045 3749 5097 τά

2191 5134 2411 5189 τοιαῦτα
2465 5136 2689 5203 ἄρνησιν
2726 5134 2823 5204 τῆς
2875 5134 3344 5204 ἁποκαλυφθείσης
3399 5137 3526 5205 ἡμῖν
3575 5138 3630 5188 ἐν
3672 5136 3750 5205 τῷ

2191 5226 2417 5295 δόγματι
2449 5226 2621 5294 τούτῳ
2654 5224 2922 5291 θεότητος,
2948 5227 3039 5277 καὶ
3065 5224 3371 5294 παράϐασιν
3393 5226 3745 5294 ὀνομάζομεν.

2194 5316 2373 5382 ’Ἅπαε
2408 5317 2515 5386 γὰρ
2552 5315 2947 5386 μεμαθήκαμεν
2974 5326 3123 5385 παρα
3161 5317 3252 5369 τοῦ
3293 5317 3515 5386 Κυρίου,
3560 5317 3693 5386 πρὸς
3722 5315 3751 5367 ὅ

2194 5407 2409 5477 βλέπειν
2448 5406 2554 5478 χρὴ
2591 5409 2657 5475 τῇ
2704 5405 2946 5477 διανοίᾳ·
2993 5407 3060 5459 δι’
3103 5401 3163 5459 οῦ
3208 5406 3413 5473 γίνεται
3448 5408 3481 5476 ἠ
3523 5406 3628 5457 ἀπὸ
3655 5403 3747 5457 τοῦ

2193 5498 2386 5568 θνητοῦ
2434 5499 2571 5568 πρὸς
2614 5500 2674 5551 τὸ
2702 5499 2964 5552 ἀθάνατον
2995 5499 3098 5567 τῆς
3139 5498 3349 5566 φύσεως
3375 5499 3531 5567 ἡμῶν
3590 5515 3751 5567 μετα-

2194 5592 2525 5661 στοιχείωσις
2546 5609 2558 5621 ·
2596 5591 2754 5643 τοῦτο
2782 5591 2837 5643 δέ
2861 5592 3006 5642 ἐστιν
3045 5593 3073 5642 ὀ
3106 5589 3291 5658 Πατὴρ
3322 5590 3415 5640 καὶ
3446 5591 3473 5640 ὀ
3496 5586 3621 5649 Υἱὸς
3658 5586 3748 5639 καὶ

2190 5682 2249 5733 τὸ
2275 5682 2425 5748 ἆγιον
2457 5679 2680 5748 Πνεῦμα
2700 5696 2712 5709 ’
2748 5680 2978 5748 φοϐερὸν
3019 5675 3109 5730 οὖν
3142 5674 3277 5729 εἷναί
3310 5693 3486 5746 φαμεν
3515 5677 3607 5729 καὶ
3632 5672 3747 5727 ὀλέ-

2192 5772 2340 5841 θριον
2367 5768 2837 5839 παραλογίσασθαι
2869 5769 2965 5837 μὲν
2991 5768 3087 5829 τὰς
3122 5768 3271 5828 θείας
3304 5766 3501 5829 ταύτας
3531 5763 3745 5833 φωνάς·

2190 5862 2521 5914 ἁντεπινοεῖν
2558 5859 2611 5911 δὲ
2641 5860 2736 5922 τάς
2762 5860 2852 5910 ἐπὶ
2879 5858 3130 5929 ἀθετήσει
3158 5858 3360 5911 τούτων
3390 5870 3745 5926 παρευρισκα-
