4146 6370
409 399 514 455 εει)

1558 402 1834 458 CONTRA
1875 405 2268 475 EUNOMIUM,
2307 409 2540 483 LIBull.

3569 415 3673 472 470

413 529 580 585 μενας
607 533 619 545 '
662 514 808 568 ὥσπε
819 533 851 587 ρ
886 516 1364 588 ὲπιδιορθουμένας
1399 520 1487 572 τὸν
1528 521 1870 588 ΘεὸντΛόγον,
1892 524 1983 576 τὸν

2089 526 2197 580 illis
2225 531 2448 584 omnino
2473 532 2782 586 contrarias
2817 535 3160 603 excogitare,
3193 550 3314 604 quae
3349 535 3414 588 ad
3452 551 3545 588 eas
3583 533 3672 588 in-

409 605 847 676 νομοθετήσαντα
891 608 1093 670 ταύτας
1118 606 1214 672 τὰς
1261 609 1444 676 φωνὰς
1476 613 1606 680 ήμῐν
1642 612 1734 664 ἐπὶ
1774 613 1870 682 τῆς
1899 613 1987 664 πί-

412 714 580 760 στεως
607 697 769 768 ἔχειν.
813 698 1066 769 Ἐκάστηπ
1091 701 1198 770 γὰρ
1241 700 1348 754 τῶν
1386 703 1628 773 κλήσεων
1659 705 1861 757 τούτων
1900 705 1986 759 διὰ

409 789 509 858 τῆς
545 790 854 860 προσφυοῦς
887 792 1163 862 σημασίας
1194 796 1480 863 νοουμένη,
1507 795 1687 848 κανὼν
1708 797 1983 866 ἀληθείας,

411 880 504 932 καὶ
530 880 691 949 νόμος
712 882 994 946 εὐσεϐείας
1015 887 1127 946 τοῖς
1147 885 1489 957 Χριπιανοίς
1515 889 1741 954 γίνεται.
1770 891 1986 944 Πολλῶν

410 971 519 1041 γὰρ
544 970 712 1026 ὄντων
747 974 842 1026 καὶ
884 973 1058 1028 ἄλλων
1089 975 1387 1047 ὀνομάτων,
1423 974 1504 1042 οἷς
1542 979 1602 1031 τὸ
1618 981 1775 1035 Θεῖον
1798 981 1987 1053 διαση-

413 1064 684 1132 μαίνεται,
733 1065 792 1116 ὲν
839 1065 1051 1138 ἱστορίᾳ.
1080 1084 1138 1119 τε
1174 1068 1268 1121 καὶ
1306 1069 1630 1140 προφητείᾳ,
1665 1070 1756 1121 καὶ
1802 1069 1983 1141 νόμῳ·

412 1157 588 1210 πάντα
623 1155 935 1210 καταλιπὼν
959 1159 998 1210 6.
1017 1158 1292 1228 Δεσπότης
1322 1156 1575 1229 Χριστὸς,
1603 1160 1749 1229 ἡμᾶς
1781 1161 1987 1231 προσά-

409 1247 600 1317 ἵεσθαι
630 1248 928 1319 δυνάμενος
967 1251 1032 1320 τῇ
1065 1249 1192 1319 περὶ
1231 1249 1325 1301 τοῦ
1369 1249 1520 1313 δντος
1555 1250 1756 1314 πίστει,
1785 1251 1986 1315 ταύτας

409 1341 508 1404 τὰς
530 1341 713 1409 φωνὰς
739 1340 1096 1412 παρατίθεται
1117 1358 1130 1371 ’
1160 1342 1348 1411 ἀρκεῖν
1378 1341 1793 1412 ἀποφηνάμενος
1818 1361 1993 1415 παρα-

412 1434 594 1504 μένειν
625 1435 770 1502 ἡμᾶς
789 1433 971 1503 τῇτοῦ
1005 1432 1218 1504 Πατρός
1254 1449 1314 1485 τε
1346 1432 1439 1486 καὶ
1467 1433 1562 1485 τοῦ
1588 1433 1740 1496 Υίοῦ,
1772 1434 1866 1486 καὶ
1891 1434 1985 1488 τοῦ

411 1524 564 1591 ἁγίου
597 1523 912 1594 Πνεύματος
950 1525 1159 1595 κλήσει,
1205 1524 1283 1588 είς
1325 1525 1651 1595 κατανόησιν
1687 1525 1781 1577 τοῦ
1818 1525 1986 1589 ὅντως

408 1617 590 1678 ὄντος·
627 1616 764 1686 ὅπερ
799 1615 892 1667 καὶ
924 1614 981 1666 ἓν
1035 1615 1152 1666 ἐστι
1186 1615 1279 1666 καὶ
1328 1613 1426 1683 οὐχ
1481 1612 1560 1669 ἓν.
1615 1612 1706 1684 Τῷ
1749 1613 1847 1683 μὲν
1881 1613 1986 1684 γὰρ

408 1707 551 1778 λόγῳ
579 1708 679 1776 τῆς
717 1706 903 1772 οὐσίας
939 1706 996 1759 ἓν
1030 1707 1145 1758 ἐστι
1171 1722 1185 1736 ⁸
1217 1707 1296 1759 διὸ
1339 1708 1433 1759 καὶ
1465 1707 1545 1768 είς
1577 1705 1635 1758 ἓν
1667 1705 1838 1776 ὄνομα
1867 1705 1987 1775 βλέ·

409 1815 531 1849 πειν
562 1797 592 1849 ὁ
623 1795 897 1864 Δεσπότης
944 1794 1332 1864 ἐνομοθέτησε·
1368 1797 1481 1858 τοῖς
1509 1795 1566 1847 δὲ
1609 1797 1985 1865 γνωριστικοῖς

406 1890 517 1940 τῶν
542 1887 892 1940 ὑποστάσεων
936 1885 1234 1955 ίδιὼμασιν,
1274 1887 1353 1948 είς
1382 1887 1594 1956 Πατρός
1624 1903 1684 1939 τε
1725 1887 1818 1939 καὶ
1849 1886 1978 1939 Υίοῦ
2011 1874 2055 1930 Β

409 1981 502 2034 καὶ
525 1979 679 2046 ἀγίου
700 1977 1012 2048 Πνεύματος
1031 1977 1213 2029 πίστιν
1245 1977 1525 2048 διῄρηται·
1558 1978 1892 2041 ἁδιαστάτως
1924 1995 1983 2030 τε

410 2091 476 2144 με
485 2072 597 2142 ριζό
604 2089 760 2142 μενον
775 2071 869 2124 καὶ
880 2069 1196 2140 ἀσυγχύτως
1209 2069 1327 2123 ἐνού
1337 2071 1692 2140 μενον.”υταν
1703 2072 1775 2139 γά
1783 2088 1812 2142 ρ
1827 2070 1986 2124 ἀκού-

408 2181 589 2234 σωμεν
624 2162 863 2233 Πατέρα,
886 2161 1089 2232 ταύτην
1117 2161 1568 2234 ἀναλαμϐάνομεν
1598 2160 1697 2233 τὴν
1721 2161 1984 2224 διάνοιαν,

405 2257 486 2309 ὅτι
507 2256 568 2309 τὸ
586 2255 755 2326 ὄνομα
774 2254 954 2315 τοῦτο,
977 2254 1072 2307 οὐκ
1093 2255 1175 2321 ἐφ’
1200 2252 1392 2306 ἑαυτοῦ
1413 2256 1613 2306 νοεῖται
1646 2253 1822 2323 μόνον,
1846 2253 1985 2308 ἀλλὰ

405 2349 499 2402 καὶ
532 2349 630 2418 τὴν
653 2346 787 2419 πρὸς
805 2347 896 2400 τὸν
930 2346 1058 2398 Υίδν
1090 2347 1271 2415 σχέσιν
1302 2345 1388 2396 διὰ
1413 2345 1510 2415 τῆς
1533 2345 1666 2408 ἰδίας
1694 2345 1983 2413 ἐμφάσεως

403 2439 789 2508 ἀποσημαίνει.
840 2439 914 2491 Οὐ
962 2437 1070 2507 γάρ
1101 2436 1166 2488 ἂν
1221 2437 1410 2506 Πατὴρ
1453 2436 1854 2505 κεχωρισμένος
1894 2436 1980 2505 ἐφ’

404 2531 600 2584 ἑαυτοῦ
650 2529 891 2601 νοηθείη,
931 2529 1004 2599 μὴ
1056 2526 1184 2580 Υίοῦ
1227 2524 1570 2595 συνημμένου
1611 2525 1697 2577 διὰ
1738 2526 1838 2594 τῆς
1884 2526 1980 2578 τοῦ

404 2623 618 2694 Πατρὸς
646 2623 1029 2692 ὲκφωνήσεως.
1059 2619 1279 2689 Πατέρα
1307 2614 1398 2671 οὖν
1431 2617 1712 2688 μαθόντες,
1755 2620 1822 2688 τῇ
1844 2617 1978 2688 αὐτῇ

405 2717 556 2784 φωνῇ
592 2714 686 2766 καὶ
730 2713 830 2784 τὴν
859 2714 939 2775 είς
987 2713 1078 2766 τὸν
1115 2712 1238 2764 Υἰδν
1286 2709 1467 2780 πίστιν
1507 2707 1978 2778 συνεδιδάχθημεν.

417 2809 634 2880 Ἐπειδὴ
659 2807 837 2861 τοίνυν
856 2806 918 2859 τὸ
930 2808 1083 2863 Θεῖον
1097 2806 1162 2874 τῇ
1181 2803 1338 2872 φύσει
1357 2805 1493 2875 ὅπερ
1520 2803 1636 2856 ἐστὶ
1675 2801 1809 2855 καθό
1833 2804 1983 2855 ἐστιν

405 2902 490 2955 ἀεὶ
518 2898 777 2961 ὡσαύτως
816 2896 930 2968 ἔχει
956 2913 969 2927 ⁸
1005 2894 1128 2948 οὔτε
1161 2895 1292 2948 ποτέ
1324 2913 1376 2949 τι
1421 2895 1494 2966 μὴ
1526 2895 1585 2948 ὃν
1616 2896 1645 2948 ὃ
1681 2896 1774 2950 νῦν
1808 2898 1976 2956 ἐστιν,

315 3061 320 3064 ί
404 2991 526 3045 οὕτε
564 2991 696 3044 ποτέ
726 3009 778 3043 τι
823 2990 1100 3059 ἐσόμενον,
1130 2987 1158 3040 ὃ
1198 2987 1292 3040 νῦν
1333 2989 1434 3040 οὐκ
1482 2987 1618 3040 ἔστι.
1684 2988 1878 3058 Πατὴρ
1925 2987 1983 3040 δὲ

405 3083 696 3154 ὠνομάσθη
729 3081 878 3151 παρὰ
910 3079 1003 3134 τοῦ
1034 3081 1206 3148 Λόγον
1229 3082 1256 3132 6
1286 3077 1536 3149 ἀληθινὸς
1572 3081 1791 3151 Πατήρ·
1822 3079 1900 3150 τῷ
1926 3079 1983 3132 δὲ

404 3174 578 3243 Ila-cpi.
604 3173 696 3224 καὶ
722 3171 750 3223 ὁ
773 3171 901 3233 Υἱὸς
927 3171 1346 3240 συνεμφαίνεται
1366 3185 1378 3197 ·
1395 3171 1712 3238 ἀναγκαίως
1737 3171 1984 3223 πιστεύο-

409 3283 528 3334 μεν,
561 3266 641 3316 ὅτι
675 3265 703 3315 6
733 3262 1002 3334 μηδεμίαν
1031 3261 1235 3332 τροπὴν
1267 3263 1299 3332 ἢ
1328 3261 1610 3314 ἀλλοίωσιν
1635 3264 1692 3314 ἐν
1717 3265 1782 3333 τῇ
1819 3262 1979 3330 φύσει

405 3357 858 3428 παραδεχόμενος,
893 3354 922 3406 ὃ
969 3355 1063 3406 νῦν
1097 3356 1234 3415 ἐστι,
1281 3355 1374 3406 καὶ
1419 3354 1506 3406 ἀεὶ
1539 3354 1755 3416 πάντως
1801 3350 1868 3424 ἦν
1893 3372 1906 3384 ·
1944 3354 1976 3425 ἢ

403 3444 678 3497 εἴποτέτι
700 3446 799 3497 οὐκ
833 3441 919 3515 ἦν,
963 3445 1085 3499 οὐδὲ
1122 3444 1218 3496 νῦν
1249 3445 1461 3508 πάντως
1496 3446 1660 3500 ἐστίν.
1706 3447 1859 3500 Ἐπεὶ
1886 3443 1980 3501 οὖν

405 3535 594 3605 Πατὴρ
622 3535 727 3588 ὑπὸ
747 3536 840 3588 τοῦ
873 3534 1127 3606 ἀληθινοῦ
1154 3537 1328 3604 Λόγου
1367 3538 1814 3608 κατονομάζεται,
1844 3540 1982 3593 πάν-

402 3644 524 3680 τοτε
553 3627 773 3690 πάντως
801 3629 894 3680 καὶ
922 3624 990 3698 ἦν
1037 3629 1224 3699 Πατὴρ
1266 3630 1361 3683 καὶ
1393 3630 1541 3694 ἔστι,
1569 3632 1665 3684 καὶ
1725 3631 1873 3685 ἔσται
1905 3632 1981 3695 ὡς

403 3713 491 3787 ἦν.
526 3719 602 3771 Οὐ
636 3717 745 3789 γὰρ
771 3717 834 3788 δὴ
874 3718 1030 3789 θέμις
1057 3720 1151 3772 ἐπὶ
1183 3721 1282 3791 τῆς
1321 3720 1470 3784 θείας
1499 3739 1558 3774 τε
1584 3723 1678 3775 καὶ⁵
1703 3724 1978 3793 ἀκηράτου

405 3828 639 3878 φυσεως.
684 3809 756 3880 μὴ
796 3810 1025 3864 πάντοτε
1061 3811 1122 3863 τὸ
1153 3812 1316 3865 καλὸν
1344 3813 1474 3882 περὶ
1512 3813 1682 3885 αὐτὴν
1712 3811 1852 3868 εἶναι
1889 3815 1978 3866 λέ-

403 3918 522 3969 γειν
542 3919 554 3931 ·
587 3902 638 3954 εἰ
667 3901 774 3971 γὰρ
802 3901 876 3972 μὴ
903 3902 991 3954 ἀεὶ
1006 3897 1075 3972 ἦν
1131 3901 1158 3953 ὃ
1189 3901 1284 3954 νῦν
1308 3904 1474 3966 ἐστιν,
1510 3903 1724 3973 ἐτράπη
1764 3905 1980 3967 πάντως

403 3996 437 4065 ἢ
469 3994 604 4065 πρὸς
627 3993 688 4046 τὸ
713 3997 893 4064 χεῖρον
918 3995 1026 4046 ἀπὸ
1044 3994 1136 4045 τοῦ
1165 3995 1488 4063 κρείττονος,
1513 3995 1546 4065 ἢ
1573 3995 1706 4065 πρὸς
1727 3996 1788 4049 τὸ
1810 3999 1983 4065 κρεῖτ-

401 4103 492 4137 τον
521 4086 625 4138 ἀπὸ
656 4085 749 4137 τοῦ
783 4083 1051 4155 χείρονος·
1095 4085 1294 4138 τούτων
1322 4086 1379 4138 δὲ
1416 4082 1531 4138 ἶσόν
1569 4089 1684 4139 ἐστι
1728 4086 1789 4139 τὸ
1853 4089 1981 4141 ἀσε-

403 4173 495 4234 ϐὲς
527 4171 648 4224 καθ’
679 4172 937 4243 ἑκάτερον
957 4188 970 4200 ·
1005 4174 1262 4243 ὁπότερον
1298 4173 1364 4226 ἂν
1397 4174 1488 4227 ἐπὶ
1510 4175 1610 4244 τῆς
1645 4174 1794 4240 θείας
1821 4176 1982 4246 λέγη-

400 4282 488 4316 ται
546 4263 781 4333 φύσεως.
829 4263 988 4316 Ἀλλὰ
1039 4265 1144 4336 μὴν
1195 4265 1544 4319 ἁνεπίδεκτόν
1577 4269 1694 4319 ἐστι
1743 4267 1804 4319 τὸ
1823 4270 1978 4322 Θεῖον

398 4354 606 4425 τροπῆς
637 4373 697 4407 τε
747 4357 841 4410 καὶ
878 4356 1230 4420 ἀλλοιώσεως.
1268 4357 1407 4428 ’Λρα
1454 4359 1564 4411 πᾶν
1628 4358 1818 4429 ὃτιπέρ
1865 4361 1980 4412 ἐστι

400 4449 564 4502 καλὸν
594 4451 686 4502 καὶ
714 4449 938 4517 ἀγαθὸν,
976 4450 1062 4502 ἀεὶ
1094 4450 1223 4522 περὶ
1253 4449 1352 4521 τὴν
1378 4449 1469 4502 τοῦ
1500 4450 1664 4502 καλοῦ
1696 4450 1978 4518 θεωρεῖται

2090 618 2386 674 ﬁrmandas
2416 632 2469 675 et
2500 623 2798 678 eludendas
2840 626 3213 690 inveniuntur,
3247 643 3312 681 ac
3355 632 3399 681 si
3429 625 3675 692 Verbum

2089 709 2184 765 Dei
2216 715 2412 768 vellent
2444 717 2738 770 emendare
2770 727 2827 770 et
2848 719 3145 788 corrigere,
3171 719 3319 788 quod
3358 719 3521 772 nobis
3555 719 3674 788 lege

2088 800 2262 854 edixit
2289 803 2387 859 has
2432 820 2593 860 voces
2630 807 2682 859 in
2720 806 2824 861 ﬁde
2863 818 3180 863 constanter
3209 818 3415 864 tenere.
3467 808 3669 861 Harum

2088 891 2358 961 siquidem
2394 896 2817 964 appellationum
2853 914 3194 968 unaquaeque
3223 899 3350 953 dum
3391 899 3443 952 in
3481 899 3671 954 nativa

2096 987 2498 1054 signiﬁcatione
2549 999 2733 1046 mente
2769 990 3092 1061 percipitur,
3149 993 3341 1063 regula
3384 993 3668 1056 veritatis,

2087 1085 2254 1147 atque
2299 1081 2517 1148 pietatis
2563 1097 2754 1135 norma
2802 1090 2855 1136 et
2901 1083 2985 1137 lex
3032 1081 3365 1138 Christianis
3414 1083 3666 1138 eﬁicitur.

2087 1167 2222 1222 Nam
2273 1185 2394 1224 cuni
2451 1173 2620 1226 multa
2669 1174 2780 1226 sint
2827 1174 2930 1227 alia
2993 1176 3216 1230 nomina
3269 1175 3470 1245 quibus
3523 1172 3668 1230 Deus

2089 1259 2452 1330 signiﬁcatur,
2488 1263 2540 1316 in
2571 1264 2797 1318 historia
2848 1274 2902 1320 et
2952 1267 3272 1337 prophetia,
3321 1275 3376 1322 et
3418 1268 3553 1336 lege,
3581 1267 3666 1323 his

2087 1353 2344 1407 omnibus
2375 1355 2703 1423 posthabitis
2735 1355 3054 1427 relictisque
3100 1357 3362 1413 Dominus
3409 1357 3667 1414 Christus

2089 1443 2154 1497 ad
2189 1445 2346 1500 ﬁdem
2378 1463 2496 1515 qua:
2525 1456 2611 1502 est
2641 1447 2708 1501 de
2736 1463 2801 1501 eo
2827 1450 2970 1518 quod
3002 1456 3088 1503 est
3107 1490 3121 1511 ,
3145 1466 3247 1505 nos
3275 1450 3547 1505 adducere
3572 1465 3668 1518 po-

2090 1545 2233 1601 tens,
2263 1538 2362 1592 bas
2394 1554 2553 1592 voces
2579 1541 2835 1609 apponit,
2866 1549 3020 1595 ratus
3053 1542 3096 1596 si
3131 1555 3234 1595 nos
3266 1541 3321 1594 in
3350 1539 3665 1608 Patrisque,

2087 1635 2141 1680 et
2170 1625 2329 1691 Filii,
2365 1635 2421 1682 et
2453 1627 2692 1697 Spiritus
2723 1629 2896 1684 sancti
2927 1630 3291 1699 appellatione
3322 1643 3671 1699 permanere-

2087 1733 2246 1784 mus,
2278 1716 2346 1773 ad
2379 1719 2498 1788 ejus
2528 1719 2675 1788 quod
2704 1735 2833 1775 vere
2864 1730 2947 1775 est
2983 1721 3353 1790 cognitionem
3387 1718 3668 1779 suiﬁcere,

2088 1808 2231 1876 quod
2256 1808 2474 1877 quidem
2500 1816 2555 1863 et
2577 1824 2744 1862 unum
2769 1820 2883 1872 est,
2908 1817 2962 1864 et
2986 1824 3091 1862 non
3116 1825 3304 1861 unum.
3329 1806 3461 1860 Nam
3485 1821 3670 1860 essen-

2085 1899 2176 1953 tia:
2203 1899 2421 1968 quidem
2450 1899 2664 1954 ratione
2699 1916 2864 1954 unum
2889 1907 3007 1962 est,
3039 1900 3299 1968 quocirca
3329 1905 3386 1951 et
3413 1897 3466 1949 in
3499 1911 3668 1948 unum

2084 2004 2283 2042 nomen
2335 1989 2609 2058 respicere
2657 1987 2922 2041 Dominus
2973 1987 3180 2042 edixit:
3225 1985 3326 2039 sed
3370 1981 3668 2039 secundum

2084 2095 2180 2136 eas
2203 2081 2565 2150 proprietates
2595 2081 2797 2148 quibus
2828 2080 3027 2133 divinae
3056 2094 3304 2148 personae
3333 2077 3669 2146 dignoscuno

2086 2181 2195 2233 tur,
2226 2172 2281 2225 in
2315 2171 2525 2235 Patris,
2557 2182 2604 2226 et
2633 2171 2755 2224 Filii
2785 2213 2799 2235 ,
2835 2184 2889 2225 et
2920 2171 3160 2240 Spiritus
3189 2169 3363 2224 sancti
3401 2167 3557 2221 ﬁdem
3587 2166 3672 2220 di-

2085 2264 2345 2318 stinctum
2377 2274 2494 2327 est,
2533 2261 2974 2333 inseparabiliter
3006 2261 3060 2315 in
3099 2268 3286 2332 partes
3316 2257 3670 2313 distributum

2085 2365 2140 2410 et
2166 2356 2450 2410 inconfuse
2487 2357 2718 2410 unitum.
2752 2354 2887 2410 Cum
2939 2355 3083 2410 enim
3113 2353 3367 2407 audimus
3398 2350 3614 2405 Patrem
3653 2389 3668 2410 ,

2085 2445 2229 2499 hanc
2264 2446 2540 2499 notionem
2573 2454 2628 2498 ει
2661 2444 3077 2514 intelligentiam
3107 2442 3451 2510 concipimus
3472 2481 3487 2505 ,
3525 2441 3670 2509 quod

2087 2529 2191 2583 hoc
2227 2545 2424 2584 nomen
2461 2546 2569 2585 non
2599 2531 2650 2584 in
2673 2533 2793 2601 ipso
2820 2529 3469 2599 solumintelligitur,scd
3504 2530 3669 2582 etiam

2087 2637 2209 2674 cum
2237 2620 2374 2675 Filio
2396 2632 2640 2676 mutuam
2664 2624 2978 2678 relationem
3002 2624 3218 2692 prOpria
3247 2622 3481 2692 quadam
3508 2623 3555 2674 vi
3577 2621 3671 2675 de-

2088 2715 2300 2767 clarat:
2336 2729 2445 2767 non
2499 2715 2644 2768 enim
2687 2714 2848 2768 Pater
2877 2725 3164 2784 separatus
3199 2714 3252 2767 in
3285 2715 3467 2783 seipso
3494 2720 3672 2767 mente

2088 2805 2479 2874 comprehendi
2529 2815 2753 2875 posset,
2797 2823 2903 2861 non
2941 2807 3095 2860 unito
3141 2814 3195 2860 et
3244 2807 3484 2863 adunato
3537 2805 3674 2860 Filio

2087 2910 2184 2964 per
2219 2895 2361 2950 hanc
2392 2895 2571 2952 Patris
2623 2898 3074 2954 enuntiationem.
3131 2897 3244 2952 Hac
3306 2899 3668 2965 itaquevoce,

2085 2987 2299 3044 Patrem
2317 3005 2440 3045 cum
2469 2990 2784 3068 didicimus,
2810 2992 2966 3047 ﬁdem
2994 3008 3212 3062 quoque
3239 2993 3290 3046 in
3315 2988 3516 3045 Filium
3544 2989 3670 3043 edo-

2088 3082 2160 3136 cti
2189 3097 2402 3137 sumus.
2460 3083 2729 3148 Quoniam
2765 3067 2934 3153 igitur
2969 3083 3112 3139 Deus
3146 3091 3340 3137 natura
3368 3081 3514 3152 quod
3545 3090 3630 3137 est
3654 3120 3668 3142 ,

2089 3191 2192 3245 qua
2238 3182 2354 3239 est,
2399 3191 2616 3245 semper
2663 3183 2717 3230 et
2755 3177 2945 3231 eodem
2993 3178 3153 3230 modo
3195 3193 3254 3230 se
3297 3175 3497 3237 habet,
3544 3189 3668 3228 cum

2088 3277 2364 3331 nunquam
2395 3264 2523 3332 quid
2557 3280 2664 3317 non
2722 3263 2886 3318 fuerit
2934 3266 3077 3334 quod
3129 3280 3275 3319 nunc
3325 3273 3450 3329 est,
3497 3279 3670 3334 neque

2083 3372 2323 3425 unquam
2357 3356 2485 3424 quid
2521 3343 2851 3432 futurusis‘it'
2877 3358 3018 3428 quod
3050 3373 3199 3411 nunc
3231 3373 3338 3409 non
3372 3367 3473 3411 est.
3513 3355 3672 3410 Pater

2082 3456 2260 3501 autem
2289 3462 2317 3498 a
2349 3445 2527 3500 Verbo
2564 3433 2898 3503 nominatus.
2924 3456 3008 3503 est
3059 3464 3220 3502 verus
3265 3447 3449 3511 Pater,
3504 3445 3675 3500 simul.

2082 3547 2262 3591 autem
2291 3553 2412 3591 cum
2441 3535 2604 3591 Patre
2631 3527 3140 3594 Filius‘ostenditur
3165 3559 3176 3592 :
3211 3540 3524 3594 necessario
3551 3554 3672 3591 ere-

2081 3627 2262 3683 dimus
2283 3668 2296 3691 ,
2326 3629 2469 3697 quod
2502 3629 2548 3682 is
2578 3629 2670 3698 qui
2698 3630 2905 3684 nullam
2939 3631 3294 3685 mutationem
3324 3646 3501 3700 neque
3533 3631 3671 3683 alte-

2082 3722 2347 3775 rationem
2377 3722 2430 3774 in
2463 3730 2657 3774 natura
2683 3723 2918 3790 suscipit
2941 3762 2954 3781 ,
2986 3725 3130 3792 quod
3159 3739 3306 3776 nunc
3333 3724 3671 3790 est,omnino

2083 3827 2300 3880 semper
2329 3822 2482 3876 erat,
2537 3823 2589 3866 et
2633 3815 2678 3866 si
2722 3814 2855 3880 quid
2899 3814 3194 3883 aliquando
3239 3830 3346 3868 non
3381 3821 3534 3876 erat,
3571 3829 3671 3868 nec

2082 3919 2231 3957 nunc
2270 3910 2371 3956 est.
2425 3902 2885 3970 Quandoquidem
2927 3918 3057 3974 ergo
3089 3921 3118 3957 a
3153 3920 3284 3958 vero
3326 3902 3503 3957 Verbo
3550 3902 3669 3957 sive

2082 3993 2222 4048 Filio
2249 3994 2413 4048 Pater
2443 3999 2784 4059 nominatur,
2821 4011 3037 4063 semper
3070 3996 3294 4049 omnino
3323 4005 3379 4051 et.
3407 4004 3526 4049 erat
3561 3993 3668 4047 Pa-

2081 4092 2166 4139 ter
2218 4093 2270 4138 et
2319 4091 2436 4148 est,
2477 4084 2693 4152 eritque
2745 4085 2888 4136 sicut
2934 4084 3058 4138 fuit.
3096 4083 3283 4153 Neque
3316 4083 3461 4138 enim
3498 4081 3580 4135 fas
3618 4082 3670 4134 in

2082 4175 2268 4228 divina
2299 4184 2353 4230 et
2387 4173 2688 4227 immortali
2719 4181 2918 4227 natura
2941 4214 2956 4234 ,
2992 4174 3142 4244 quod
3171 4174 3375 4227 bonum
3406 4180 3524 4236 est,
3563 4186 3670 4225 non

2081 4267 2136 4322 id
2173 4269 2223 4320 in
2259 4268 2377 4337 ipsa
2413 4281 2630 4335 semper
2657 4280 2783 4320 esse
2808 4264 3014 4320 dicere.
3048 4264 3102 4319 Si
3135 4266 3280 4322 enim
3321 4281 3428 4318 non
3457 4279 3673 4333 semper

2083 4357 2218 4421 fuit,
2254 4358 2398 4428 quod
2437 4373 2584 4410 nunc
2617 4365 2738 4421 est,
2774 4357 2995 4426 penitus
3030 4357 3322 4412 immutata
3372 4367 3456 4412 est
3505 4359 3587 4408 vel
3641 4371 3672 4408 a

2083 4450 2308 4505 meliore
2362 4449 2418 4502 in
2466 4450 2744 4514 deterius,
2801 4451 2892 4506 vel
2940 4452 2991 4503 in
3040 4452 3237 4506 melius
3293 4466 3322 4504 a
3377 4450 3669 4504 deteriore.

398 4543 611 4611 πηγήν·
643 4541 806 4593 καλὸν
836 4543 892 4594 δὲ
921 4542 1016 4594 καὶ
1045 4542 1211 4594 καλοῦ
1243 4542 1442 4606 παντὸς
1471 4543 1728 4595 ἐπέκεινα
1753 4545 1781 4595 6
1808 4545 1979 4596 Μονο-

2089 4540 2342 4612 Ᾱέιιιιειίε
2400 4551 2580 4596 autem
2629 4551 2712 4596 est
2762 4542 2816 4595 in
2872 4550 3107 4610 utroque
3164 4540 3450 4611 impietas,
3504 4540 3672 4593 alter-

396 4635 559 4702 γενής
588 4632 703 4684 ἐστι
741 4631 894 4693 Θεὸς,
940 4634 975 4684 o'
1028 4630 1112 4683 ὢν
1153 4631 1224 4684 ἐν
1260 4630 1384 4696 τοῖς
1421 4631 1674 4697 κόλποις
1716 4631 1820 4684 τοῦ
1854 4635 1974 4685 Πα-

393 4723 533 4787 τρός
553 4739 565 4751 ·
602 4721 630 4772 6
667 4721 722 4773 δὲ
755 4721 830 4773 ὢν
863 4722 922 4772 ὲν
953 4723 1064 4782 τοῖς
1093 4721 1334 4783 κόλποις,
1362 4721 1482 4790 οὐχὶ
1512 4721 1903 4790 ὲγγενόμενος;

2101 4642 2284 4689 utrum
2325 4635 2391 4689 de
2439 4641 2632 4687 natura
2662 4635 2844 4688 divina
2898 4635 3132 4688 dicatur.
3181 4633 3318 4689 Nam
3365 4633 3542 4688 deitas
3588 4641 3673 4686 cst

2099 4739 2331 4794 prorsus
2384 4724 2655 4778 versionis
2705 4739 2930 4793 expers,
2990 4733 3043 4777 et
3097 4723 3415 4777 mutationis
3461 4723 3665 4778 nescia.

397 4809 760 4876 Quamobrem
790 4811 1056 4881 quidquid
1091 4812 1292 4865 bonum
1324 4821 1408 4864 est
1437 4819 1490 4865 et
1525 4811 1837 4876 honestum,
1874 4827 2091 4882 semper
2122 4815 2176 4867 in
2201 4814 2351 4869 fonte
2381 4816 2592 4869 honesti
2626 4821 2678 4866 et
2715 4815 2839 4868 boni
2880 4814 3217 4884 intelligitur.
3250 4812 3456 4868 Bonum
3489 4821 3670 4867 autem

393 4914 449 4958 et
489 4919 653 4972 supra
689 4904 890 4957 bonum
920 4919 1079 4958 omne
1113 4903 1438 4974 Unigenitus
1471 4913 1555 4959 est
1588 4904 1760 4968 Deus,
1790 4906 1879 4976 qui
1906 4915 1983 4959 est
2011 4906 2068 4960 in
2100 4907 2304 4961 sinibus
2342 4906 2518 4960 Patris
2533 4909 2576 4938 δ’
2603 4925 2617 4973 ;
2649 4907 2738 4976 qui
2778 4915 2960 4960 autem
2998 4914 3082 4959 est
3103 4905 3155 4958 iu
3201 4905 3450 4968 sinibus,
3492 4922 3672 4962 nonne

392 5006 478 5052 est
516 4997 775 5066 genitus?

467 5089 674 5143 Οὐκοῦν
718 5089 1090 5144 ἀποδέδεικται
1131 5091 1218 5145 διὰ
1247 5092 1450 5145 τούτων
1482 5092 1544 5145 τὸ
1579 5093 1639 5157 ἐξ
1691 5093 1859 5146 ἀϊδίου
1889 5093 1982 5147 τὸν

396 5181 525 5235 Υίὺν
574 5180 956 5251 ὲνθεωρεῖσθαι
995 5181 1074 5253 τῷ
1126 5184 1301 5254 Πατρὶ
1339 5183 1418 5254 τῷ
1457 5185 1514 5236 ὲν
1563 5177 1608 5252 ᾧ
1636 5185 1804 5248 ἐστιν,
1837 5185 1981 5256 ζωὴν

396 5276 526 5328 ὅντα
558 5276 651 5328 καὶ
681 5275 816 5344 φῶς,
857 5277 951 5328 καὶ
990 5277 1248 5348 ἀλήθειαν
1270 5293 1281 5306 ·
1310 5279 1402 5331 καὶ
1437 5279 1544 5331 πᾶν
1576 5276 1780 5345 ἀγαθὸν
1806 5277 1980 5350 ὄνομά

395 5384 455 5419 τε
484 5367 579 5420 καὶ
613 5367 793 5438 νόημα
818 5384 833 5400 ο
867 5360 942 5421 ὧν
962 5371 1133 5439 χωρὶς
1157 5371 1241 5438 ἐφ’
1264 5368 1457 5422 ἑαυτοῦ
1483 5365 1664 5438 λέγειν
1689 5365 1828 5423 εἷναί
1851 5386 1978 5422 ποτε

394 5459 487 5512 τὸν
507 5460 745 5530 Πατέρα,
775 5459 872 5530 τῆς
897 5460 1128 5530 ἐσχάτης
1154 5461 1406 5524 ἀσεϐείας
1434 5459 1549 5530 ἅμα
1570 5461 1663 5513 καὶ
1683 5459 1976 5531 παραπλη-

396 5549 513 5614 ξίας
541 5550 707 5602 ἐστίν.
739 5551 801 5603 El
829 5550 935 5621 γὰρ
967 5553 996 5603 ὁ
1026 5551 1177 5615 Υἱὸς,
1211 5551 1389 5614 καθὼς
1413 5553 1445 5618 ἡ
1473 5551 1662 5622 Γραφὴ
1688 5551 1856 5618 λέγει,
1886 5549 1977 5603 δύ-

394 5643 554 5712 ναμίς
593 5644 706 5696 ἐστι
745 5642 901 5708 Θεοῦ,
934 5647 1026 5700 καὶ
1070 5645 1248 5715 σοφία,
1291 5646 1384 5699 καὶ
1415 5645 1660 5716 ἀλήθεια,
1698 5647 1787 5700 καὶ
1834 5645 1969 5716 φῶς,

484 5816 707 5872 "Joan.
734 5819 879 5886 I,18.

2160 5095 2325 5165 Igitur
2347 5111 2439 5164 per
2464 5096 2575 5147 lucc
2602 5094 3038 5146 demonstratum
3059 5101 3140 5146 est
3160 5091 3354 5145 Filium
3375 5094 3442 5147 ab
3463 5102 3671 5149 aeterno

2088 5187 2318 5256 intelligi
2351 5188 2403 5239 in
2438 5185 2598 5239 Patre
2631 5186 2682 5238 in
2714 5201 2824 5254 quo
2857 5193 2942 5237 est
2965 5223 2979 5245 ,
3013 5199 3136 5236 cum
3179 5184 3297 5255 ipse
3326 5185 3396 5238 sit
3430 5187 3538 5238 vita
3575 5186 3657 5238 vi-

2085 5294 2256 5346 vens,
2289 5279 2381 5331 lux
2413 5287 2467 5332 et
2499 5277 2698 5331 veritas
2721 5318 2734 5339 ,
2774 5289 3046 5343 omneque
3092 5275 3293 5328 bonum
3332 5284 3388 5328 et
3432 5292 3666 5341 nomen,

2084 5377 2141 5424 et
2171 5370 2360 5430 notio,
2399 5369 2519 5423 sine
2549 5368 2752 5438 quibus
2783 5365 3080 5436 aliquando
3122 5365 3337 5421 Patrem
3386 5368 3440 5420 in
3484 5368 3670 5436 seipso

2093 5476 2217 5516 esse
2245 5459 2516 5515 aﬁirmare
2544 5468 2804 5513 extremae
2839 5467 2922 5513 est
2954 5456 3252 5526 impietatis
3278 5459 3442 5512 simul
3486 5469 3541 5514 et
3582 5460 3668 5513 iu-

2085 5551 2254 5606 sania:
2287 5564 2450 5622 atque
2481 5551 2712 5620 stupida:
2736 5549 3008 5604 amentiae.
3039 5547 3176 5602 Nam
3206 5551 3249 5604 si
3280 5548 3454 5603 Filius
3475 5591 3489 5614 ,
3520 5551 3666 5604 sicut

2084 5639 2366 5714 Scriptura
2391 5643 2544 5711 dicit,
2574 5643 2750 5697 virtus
2773 5645 2854 5696 est
2881 5637 3009 5705 Dei,
3035 5639 3326 5712 sapientia,
3358 5649 3411 5695 et
3440 5646 3665 5706 veritas,
