4146 6370
432 369 539 432 ιιι

1702 390 1758 444 S.
1801 379 2135 448 GREGORII
2175 391 2474 449 NYSSENI

3557 349 3560 351 ’
3621 386 3730 440 ιτε

436 500 491 546 et
515 492 610 579 lux
629 533 644 555 ,
673 504 726 550 et
747 499 1137 562 sanctiﬁcatio,
1161 513 1215 556 et
1246 519 1348 574 pax
1378 544 1394 569 ,
1419 516 1474 563 et
1503 511 1610 562 vita
1631 551 1644 572 ,
1676 523 1729 566 ct
1752 529 1871 582 (μην
1897 525 2027 568 sunt

2135 518 2226 569 καὶ
2243 514 2533 584 ἁγιασμὸς,
2558 513 2653 565 καὶ
2671 514 2883 584 εἰρήνη,
2909 513 3003 564 καὶ
3017 510 3149 581 ζωὴ,
3170 512 3262 563 καὶ
3286 511 3352 564 τὰ
3366 509 3607 570 τοιαῦτα,
3625 509 3730 576 πρὸ

434 585 748 656 ejusmodi,
781 598 1076 662 antequam
1123 592 1296 652 Filius
1341 609 1521 664 esset,
1565 601 1710 656 sicut
1752 604 2029 662 haereticis

436 675 677 746 videtur,
708 681 862 735 nullo
889 699 1118 753 prorsus
1148 688 1308 743 modo
1333 689 1448 744 haec
1471 703 1649 747 erant.
1675 692 1807 760 Quae
1841 699 1888 751 si
1919 714 2028 754 non

435 779 590 823 erant
619 811 635 833 ,
666 773 869 831 talibus
901 777 1062 833 bonis
1099 794 1330 834 vacuum
1357 821 1372 842 .
1404 792 1456 836 et
1494 784 1710 840 inanem
1745 786 1926 845 Patris
1954 792 2032 846 si-

435 877 569 916 num
607 865 936 938 intelligent.
973 868 1053 925 Ne
1099 873 1267 942 igitur
1297 885 1352 930 et
1382 874 1546 932 Pater
1577 881 1694 936 suis
1723 881 1897 951 ipsius
1928 883 2026 938 bo-

436 954 526 1010 nis
561 955 864 1015 destitutus
893 961 1257 1034 intelligatur,
1289 983 1427 1023 neve
1457 971 1511 1024 in
1547 972 1686 1028 hanc
1719 975 2031 1030 absurdita-

434 1053 546 1099 tem
592 1057 782 1104 nostra
823 1052 1039 1109 labatur
1068 1057 1296 1125 opinio:
1337 1065 1687 1126 necessario,
1728 1071 2028 1122 secundum

435 1152 626 1193 vocem
658 1140 908 1210 Domini,
939 1161 1065 1202 cum
1101 1149 1280 1207 Patris
1304 1157 1616 1211 aeternitate
1640 1158 1707 1213 de
1730 1158 1870 1214 Filio
1896 1160 2030 1216 ﬁdes

437 1233 787 1288 considerata
821 1240 1172 1309 perspicitur.
1199 1243 1371 1312 Cujus
1399 1248 1574 1317 gratia
1603 1252 1860 1307 omnibus
1891 1268 2032 1322 praa-

436 1326 714 1382 termissis
744 1330 1064 1389 nominibus
1105 1352 1227 1405 quae
1261 1338 1328 1392 ad
1368 1340 1896 1401 den‘ionstrationem
1934 1363 2031 1402 su-

436 1417 836 1483 pereminentis
859 1432 1074 1481 natura:
1098 1429 1382 1499 dicuntur,
1405 1432 1588 1492 Patris
1611 1438 2029 1506 appellationem

437 1516 499 1561 ut
531 1513 825 1569 certiorem
847 1557 864 1582 ,
900 1526 954 1574 et
991 1521 1057 1575 ad
1089 1522 1579 1583 demonstrandam
1615 1532 1902 1589 veritatem
1936 1550 2031 1604 ap-

439 1603 636 1658 tiorem
687 1615 742 1662 et
790 1611 1082 1668 clariorem
1127 1619 1286 1674 nobis
1331 1621 1385 1674 in
1434 1623 1540 1678 ﬁde
1581 1626 1862 1696 exprimit.
1899 1603 2032 1696 Qua:

437 1694 658 1761 quidem
693 1696 872 1756 Patris
919 1707 1244 1775 appellatio,
1298 1711 1444 1766 sicut
1487 1713 1600 1782 jam
1652 1694 1862 1771 dictum
1909 1694 2025 1785 est,

441 1786 666 1843 relativa
710 1794 904 1848 notitia
937 1811 1124 1853 secum
1175 1799 1376 1856 Filium
1426 1807 1592 1859 etiam
1624 1811 2027 1880 complectitur,

2131 608 2226 662 τοῦ
2263 609 2353 661 τὸν
2383 607 2512 660 Υἱὸν
2542 604 2700 667 εἶναι,
2737 604 2916 668 καθὼς
2940 607 3050 667 τοῖς
3084 605 3379 674 αἱρετικοῖς
3409 603 3576 664 δοκεῖ,
3611 601 3730 655 οὐδὲ

2132 698 2302 752 ταῦτα
2329 695 2397 768 ἦν
2427 698 2666 760 πάντως.
2692 694 2910 748 Τούτων
2931 694 2987 748 δὲ
3013 693 3088 765 μὴ
3114 693 3305 757 ὄντων,
3327 692 3480 746 κενὸν
3514 691 3731 754 πάντως

2131 792 2240 844 τῶν
2259 791 2514 845 τοιούτων
2534 789 2754 858 ἀγαθῶν
2772 789 2862 841 τὸν
2883 786 3139 858 πατρῷον
3156 789 3310 856 ἐννοή
3319 803 3470 839 σουσι
3490 785 3692 837 κόλπον
3711 800 3724 812 ·

2132 885 2208 946 ὡς
2228 883 2293 936 ἂν
2315 879 2406 936 οὖν
2427 884 2564 953 μήτε
2580 883 2608 934 ὁ
2630 881 2818 951 Πατὴρ
2840 879 3042 950 ἔρημός
3069 895 3128 930 τε
3149 877 3258 931 τῶν
3283 876 3478 930 ἑαυτοῦ
3510 874 3728 944 ἀγαθῶν

2131 975 2409 1046 ἐννοηθείη
2430 993 2442 1004 ·
2479 975 2552 1045 μὴ
2584 973 2640 1025 δὲ
2671 975 2751 1034 εἰς
2795 972 3000 1042 ταύτην
3031 971 3128 1042 τὴν
3155 970 3382 1024 ἀτοπίαν
3415 969 3638 1022 ἐκπέσοι
3670 968 3730 1020 τὸ

2132 1063 2328 1133 δόγμα,
2372 1063 2682 1130 ἀναγκαίως
2709 1062 2850 1114 κατὰ
2881 1062 2980 1130 τὴν
3013 1061 3196 1132 φωνὴν
3227 1061 3318 1114 τοῦ
3339 1061 3633 1121 Δεσπὸτου,

2134 1155 2398 1227 ἀῖδιότητι
2430 1155 2524 1207 τοῦ
2573 1155 2786 1225 Πατρος
2835 1156 2867 1223 ἡ
2922 1154 3048 1224 περὶ
3095 1153 3189 1206 τοῦ
3220 1152 3352 1206 Υἱοῦ
3390 1154 3573 1215 πίστις
3606 1170 3730 1205 συν-

2133 1246 2442 1318 θεωρεῖται.
2473 1241 2550 1300 υῦ
2593 1247 2751 1317 χάριν
2797 1247 2974 1297 πάντα
3023 1243 3338 1297 καταλιπὼν
3376 1244 3447 1297 τά
3488 1243 3729 1312 ὀνόματα

2132 1341 2234 1392 ὅσα.
2266 1339 2404 1410 πρὸς
2433 1338 2655 1404 ἔνδειξιν
2683 1337 2778 1407 τῆς
2806 1336 3210 1408 ὑπερκειμένης
3238 1335 3453 1403 φύσεως
3483 1334 3725 1402 λέγεται,

2132 1433 2232 1501 τὴν
2253 1431 2349 1486 τοῦ
2383 1431 2597 1502 Πατρὸς
2619 1431 2835 1500 κλῆσιν,
2868 1429 2944 1493 ὡς
2968 1428 3451 1499 ἐνδεικτικωτὲραν
3476 1428 3575 1496 τῆς
3597 1426 3730 1495 ἁλη-

2134 1525 2285 1588 θείας
2319 1524 2593 1577 ἐκτίθεται
2631 1525 2765 1592 ἡμῖν
2807 1521 2898 1574 ἐπὶ
2923 1521 3022 1590 τῆς
3063 1520 3322 1582 πίστεως,
3361 1520 3505 1589 ἥτις,
3547 1516 3729 1580 καθὼς

2133 1617 2370 1688 εἰρηται,
2403 1618 2471 1686 τῇ
2498 1618 2717 1686 σχετικῇ
2749 1615 2957 1685 διανοίᾳ
2984 1615 3078 1667 καὶ
3108 1614 3198 1666 τὸν
3229 1612 3355 1664 Υίὸν
3382 1611 3500 1682 μεθ’
3527 1609 3726 1678 ἑαυτῆς

2136 1709 2600 1761 συνενδείκνυται·
2633 1706 2726 1760 τοῦ
2775 1707 2831 1760 δὲ
2864 1704 2996 1759 Υἱοῦ
3031 1707 3088 1769 ὃς
3137 1707 3282 1758 ἐστιν
3316 1706 3372 1756 ἐν
3413 1703 3490 1774 τῷ
3528 1704 3724 1774 Πατρὶ,

2135 1802 2222 1856 ἀεὶ
2241 1801 2394 1865 ὄντος
2416 1802 2552 1868 ὅπερ
2575 1800 2743 1860 ἐστὶν,
2760 1798 2942 1862 καθὼς
2966 1800 3179 1869 εἴρηται
3203 1798 3296 1851 καὶ
3319 1798 3376 1848 ἐν
3398 1799 3510 1858 τοῖς
3530 1795 3732 1866 ἔμπρο-

437 1888 492 1971 t_-t
521 1881 684 1936 simul
713 1882 1077 1943 demonstrat.
1110 1891 1247 1947 Cum
1285 1907 1466 1950 autem
1503 1897 1674 1955 Filius
1713 1877 1806 1971 qui
1850 1912 1936 1960 est
1968 1877 2024 1960 in

2135 1893 2259 1947 σθεν
2289 1893 2495 1959 λόγοις·
2526 1893 2608 1944 ὅτι
2635 1892 2694 1943 τὸ
2738 1893 2893 1943 Θεῖον
2928 1893 2994 1960 τῇ
3037 1889 3196 1959 φύσει
3222 1890 3320 1960 τὴν
3349 1888 3486 1959 πρὸς
3521 1889 3583 1940 τὸ
3609 1889 3729 1957 μεῖ-

434 1965 636 2035 Patre,
669 1988 887 2045 semper
920 1979 992 2032 sit
1019 1981 1167 2049 quod
1195 1991 1308 2050 est,
1346 1987 1489 2041 sicut
1529 1988 1641 2055 jam
1689 1965 1744 2045 in
1771 1996 2024 2063 superio-

436 2060 589 2116 ribus
616 2063 821 2119 dictum
872 2078 957 2124 est
1002 2077 1396 2143 sermonibus;
1430 2081 1560 2151 quia
1609 2083 1750 2138 Deus
1792 2060 2025 2151 natura,

437 2153 838 2213 incrementum
894 2163 960 2217 ad
1013 2167 1192 2236 majus
1246 2185 1360 2224 non
1410 2175 1679 2244 suscipit:
1727 2194 1835 2232 non
1880 2181 2026 2235 enim

440 2256 598 2302 extra
633 2252 874 2321 seipsum
907 2256 1055 2312 videt
1085 2261 1233 2315 aliud
1268 2263 1471 2319 bonum
1495 2306 1510 2330 ,
1548 2284 1646 2336 per
1689 2270 1851 2337 cujus
1901 2289 2029 2342 par-

433 2341 817 2408 ticipationem
879 2348 1090 2418 aliquid
1147 2355 1386 2424 amplius
1437 2359 1693 2429 accipiat.
1753 2361 1860 2418 Sed
1903 2341 2027 2419 cum

435 2433 628 2489 eodem
665 2436 826 2490 modo
857 2453 1077 2509 semper
1128 2459 1188 2497 se
1229 2444 1429 2501 habeat
1456 2489 1470 2509 ,
1517 2465 1696 2516 neque
1735 2453 1880 2521 quod
1931 2454 2030 2508 ba-

435 2525 562 2587 bet,
597 2526 852 2595 abdicat,
908 2546 1089 2602 neque
1129 2537 1278 2606 quod
1328 2555 1438 2594 non
1485 2540 1650 2596 habet
1680 2544 2030 2601 extrinsecus

435 2619 688 2673 assumit.
725 2619 915 2691 Neque
962 2626 1108 2680 enim
1157 2629 1290 2698 quid
1337 2647 1528 2686 eorum
1572 2651 1696 2705 quae
1737 2637 2032 2707 repudian-

437 2713 548 2774 tur,
601 2707 787 2766 habet.
845 2712 911 2768 Et
955 2716 1000 2770 si
1045 2717 1176 2787 quid
1217 2729 1303 2776 est
1350 2722 1570 2778 beatum
1598 2734 1653 2781 et
1685 2727 2025 2799 incorrupti-

437 2797 567 2864 bile,
616 2801 950 2871 immortale,
997 2816 1053 2863 et
1087 2826 1298 2876 verum,
1335 2821 1388 2869 et
1419 2816 1810 2879 bonum,circa
1849 2821 2029 2892 ipsum

435 2899 602 2960 atque
639 2894 695 2949 in
745 2896 867 2967 ipso
893 2902 1120 2957 omnino
1147 2912 1250 2972 est,
1284 2910 1603 2965 necessario
1634 2911 1881 2968 videmus
1923 2931 2032 2969 non

435 2983 618 3054 aliqua
635 2987 685 3042 vi
719 2989 1018 3048 adventitia
1047 3001 1101 3050 et
1121 2996 1358 3054 ascititia
1386 2999 1581 3057 adesse
1606 3003 1708 3073 ipsi
1733 3015 1787 3059 et
1804 3007 2032 3062 adnasci

437 3073 703 3144 Spiritum
747 3091 1026 3151 sanctum,
1058 3088 1150 3157 qui
1181 3097 1266 3144 est
1298 3103 1482 3147 rectus
1516 3094 1649 3158 dux,
1692 3105 1748 3150 et
1778 3099 2033 3166 princeps

433 3174 489 3219 et
518 3168 779 3236 director,
811 3173 1084 3245 viviﬁcus,
1113 3181 1402 3250 omnisque
1432 3193 1700 3240 creaturae
1720 3187 2032 3244 dominator

434 3263 489 3309 et
530 3261 920 3328 sanctiﬁcator,
960 3268 1057 3337 qui
1091 3273 1276 3325 omnia
1319 3273 1371 3326 in
1415 3277 1674 3333 omnibus
1714 3291 1875 3348 prout
1919 3285 2033 3336 vult

434 3359 761 3418 eperaturet
780 3352 961 3412 eﬁicit.
977 3357 1051 3414 Ita
1065 3361 1340 3416 utnullum
1355 3363 1857 3422 aliudintcrvallum
1877 3370 2039 3427 intel-

435 3441 576 3510 ligas
610 3440 816 3497 Christi
838 3443 904 3496 ad
926 3446 1190 3514 chrisma,
1214 3451 1266 3505 id
1295 3462 1398 3517 est,
1424 3455 1492 3508 ad
1524 3460 2032 3532 unctionem,quam

437 3531 584 3602 regis
619 3533 687 3588 ad
719 3551 970 3606 regnum,
1007 3557 1170 3610 quam
1212 3548 1498 3615 sapientia:
1543 3550 1610 3605 ad
1643 3531 1902 3622 spiritum
1943 3574 2038 3612 sa-

437 3622 674 3690 pienliar,
707 3641 870 3695 quam
891 3631 1140 3687 veritatis
1169 3632 1233 3686 ad
1277 3636 1532 3703 spiritum
1572 3641 1839 3707 veritatis,
1872 3661 2038 3714 quam

436 3715 658 3771 virtutis
713 3719 779 3773 ad
830 3721 1085 3789 spiritum
1142 3725 1399 3786 virtutis;
1453 3730 1546 3784 sed
1602 3732 1670 3786 ab
1724 3743 1933 3791 aeterno
1984 3739 2038 3791 in

435 3804 598 3862 Patre
637 3809 807 3865 Filius
838 3813 1179 3885 intelligitur,
1221 3820 1313 3886 qui
1343 3829 1427 3874 est
1461 3831 1515 3874 et
1560 3825 1828 3887 sapientia
1863 3837 1920 3882 et
1947 3846 2038 3883 ve-

437 3899 594 3962 ritas,
614 3901 906 3957 consilium
939 3913 994 3958 et
1016 3905 1299 3976 fortitudo,
1323 3911 1562 3981 cognitio
1578 3921 1632 3966 et
1655 3914 2036 3990 intelligentia.

435 3989 520 4041 Ab
553 4000 760 4045 αξιοιηο
813 4009 921 4047 una
975 4009 1101 4048 cum
1149 3999 1269 4067 ipso
1314 4001 1478 4053 etiam
1529 4000 1767 4072 Spiritus
1816 3989 2042 4066 sanctus

437 4083 814 4148 cognoscitur,
847 4087 940 4155 qui
980 4089 1200 4157 quidem
1240 4100 1326 4145 est
1373 4091 1614 4161 Spiritus
1646 4096 1934 4166 sapientim
1987 4110 2042 4154 et

439 4178 709 4244 veritatis,
760 4181 982 4234 consilii
1036 4192 1090 4235 et
1143 4182 1537 4253 intelligentiae,
1581 4197 1889 4259 cazteraque
1935 4195 2038 4247 alia

437 4285 560 4339 quae
594 4269 766 4326 Filius
806 4279 863 4326 et
896 4283 981 4328 est
1010 4283 1066 4327 et
1102 4276 1442 4330 nominatur.
1489 4277 1700 4336 Idcirco
1741 4284 2041 4342 asserimus

438 4363 794 4429 coniunctum
840 4365 954 4418 sive
984 4363 1311 4427 adunatum,
1339 4367 1501 4421 simul
1535 4370 1699 4423 etiam
1735 4371 2039 4430 discretum

439 4469 503 4506 ac
559 4453 1142 4515 distinctum.sanctis
1200 4456 1489 4527 discipulis
1549 4461 1811 4516 traditum
1870 4464 2042 4520 fuisse

2132 1984 2223 2049 ζον
2251 1983 2480 2054 αὔξησιν
2509 1985 2568 2036 ού
2607 1983 2967 2054 προσδέχεται
2990 1997 3002 2010 ·
3035 1981 3096 2033 ού
3125 1981 3234 2051 γὰρ
3261 1981 3364 2051 ὁρᾷ
3393 1997 3445 2032 τι
3469 1979 3574 2045 ἕξω
3603 1980 3715 2031 ἑανο

2130 2081 2224 2133 τοῦ
2255 2080 2383 2133 ἄλλο
2431 2077 2656 2145 ἀγαθὸν,
2690 2072 2750 2128 οἵ)
2802 2074 2946 2128 κατὰ
2997 2073 3290 2144 μετουσίαν
3319 2071 3728 2143 προσλαμϐάνει

2131 2172 2193 2224 τὸ
2223 2172 2436 2225 πλεῐοψ
2479 2169 2595 2223 ἀλλ’
2625 2169 2712 2221 ἀεὶ
2754 2165 3019 2228 ὡσαύτως
3052 2163 3290 2234 ἔχοντος,
3327 2162 3449 2215 οὕτε
3493 2162 3730 2216 ἀποϐάλ-

2131 2265 2315 2327 λοντος
2342 2263 2368 2315 ὃ
2398 2263 2534 2332 ἔχει,
2563 2259 2686 2314 οὒτε
2714 2257 3227 2329 προσλαμϐάνοντος
3257 2255 3284 2308 ὃ
3313 2255 3387 2326 μὴ
3425 2254 3539 2325 ἔχει
3563 2273 3574 2283 ·
3601 2253 3728 2307 οὗτε

2132 2358 2242 2429 γάρ
2287 2375 2338 2409 τι
2378 2356 2486 2407 τῶν
2517 2354 2839 2423 ἀποϐλήτων
2883 2350 3018 2421 ἔχει,
3073 2349 3166 2402 καὶ
3193 2350 3244 2400 εί
3266 2366 3318 2400 τι
3347 2349 3613 2418 μακάριον
3636 2347 3730 2398 καί⁸

2133 2451 2431 2520 ἀκήρατον,
2468 2446 2562 2498 καὶ
2591 2443 2866 2514 ἀληθινὸν,
2903 2442 2999 2494 καὶ
3045 2439 3251 2509 ἀγαθὸν
3288 2441 3416 2508 περὶ
3446 2437 3606 2490 αὐτὸν
3635 2438 3730 2487 καὶ

2133 2545 2190 2594 ἐν
2221 2539 2367 2611 αύτῴ
2416 2541 2634 2601 πάντως
2676 2538 2849 2591 ἐστίν·
2893 2534 3206 2603 ἀναγκαίως
3239 2533 3475 2604 ὁρῶμεν,
3527 2533 3627 2584 οὐκ
3671 2531 3730 2594 ἐξ

2134 2637 2476 2705 ἐπικτήσεως
2505 2631 2652 2702 αύτῷ
2690 2631 3117 2700 προσγινόμενον
3149 2629 3208 2681 τὸ
3245 2628 3468 2699 Πνεῦμα
3509 2626 3571 2680 τὸ
3596 2628 3732 2694 ἀγα-

2136 2728 2228 2781 θόν
2253 2743 2314 2779 τε
2348 2726 2443 2780 καὶ
2469 2724 2624 2793 ἆγιον
2645 2740 2659 2754 ·
2693 2724 2830 2792 ὅπερ
2860 2723 3007 2774 ἐστὶν
3042 2722 3199 2784 εύθές
3224 2720 3570 2790 ἡγεμονικὸν,
3596 2719 3731 2784 ζωο⁹

2137 2818 2311 2880 ποιὸν,
2347 2816 2409 2869 τὸ
2439 2817 2622 2884 πάσης
2653 2815 2752 2884 τῆς
2785 2813 3019 2875 κτίσεως
3060 2818 3524 2882 περικρατητικόν
3547 2829 3605 2863 τε
3640 2812 3732 2864 καὶ

2136 2909 2489 2979 ἁγιαστικὸν·
2522 2907 2551 2960 ὃ
2597 2906 2774 2960 πάντα
2801 2909 2858 2958 ἐν
2889 2907 3055 2959 πᾶσιν
3078 2907 3290 2976 ἐνεργεῖ
3331 2903 3512 2967 καθὼς
3548 2901 3734 2974 βούλει·

2135 3020 2227 3055 ται
2253 3018 2267 3030 °
2293 3001 2369 3064 ὡς
2389 2999 2556 3070 μηδέν
2578 3016 2632 3050 τι
2660 2997 2863 3067 μεταξὺ
2888 2998 3185 3067 διάλειμμα
3205 2996 3296 3049 τοῦ
3333 2995 3571 3068 Χριστοῦ
3597 2996 3733 3076 πρὸς

2136 3095 2198 3146 τὸ
2225 3092 2447 3163 Χρίσμα
2468 3093 2630 3151 νοεῖν,
2663 3089 2695 3159 ἢ
2722 3087 2817 3141 τοῦ
2851 3089 3114 3158 βασιλέως
3148 3089 3283 3158 πρὸς
3311 3089 3410 3159 τὴν
3435 3087 3729 3157 βασιλείανο

2059 3212 2106 3273 C
2138 3183 2291 3254 ἢτῆς
2322 3181 2516 3249 σοφίας
2542 3180 2679 3252 πρὸς
2701 3180 2761 3233 τὸ
2792 3179 3013 3250 πνεῦμα
3032 3181 3132 3249 τῆς
3158 3182 3351 3247 σοφίας
3371 3198 3385 3211 ·
3417 3181 3450 3251 ἢ
3482 3182 3579 3252 τῆς
3603 3180 3734 3251 άλη-

2139 3275 2291 3338 θείας
2316 3273 2452 3343 πρὸς
2476 3271 2536 3325 τὸ
2555 3271 2774 3342 πνεῦμα
2797 3273 2893 3341 τῆς
2921 3271 3179 3340 ἀληθείας
3199 3290 3212 3303 ·
3240 3273 3272 3342 ἢ
3304 3272 3407 3342 τῆς
3428 3272 3730 3343 δυνάμεως,

2137 3367 2276 3437 πρὸς
2323 3365 2384 3418 τὸ
2424 3365 2644 3434 πνεῦμα
2693 3366 2792 3434 τῆς
2835 3365 3117 3435 δυνάμεως
3142 3373 3158 3388 ⁸
3189 3365 3305 3419 ἀλλ’
3348 3365 3409 3431 ἐξ
3457 3367 3628 3420 ἁῖδίον
3655 3367 3734 3437 τῷ

2140 3459 2316 3528 Πατρὶ
2350 3456 2790 3528 ἐνθεωρουμένου
2819 3456 2912 3510 τοῦ
2943 3456 3073 3509 Υἱοῦ
3096 3475 3109 3487 ο
3144 3457 3202 3519 ὃς
3228 3461 3343 3510 ἐστι
3370 3459 3530 3527 σοφία
3558 3476 3620 3511 τε
3641 3460 3734 3511 καὶ

2138 3548 2384 3617 ἀλήθεια,
2417 3548 2511 3600 καὶ
2546 3546 2728 3617 βουλὴ,
2766 3547 2860 3600 καὶ
2897 3548 3073 3617 ἰσχὺς,
3105 3549 3203 3600 καὶ
3235 3547 3454 3616 γνῶσις,
3490 3551 3583 3601 καὶ
3606 3550 3699 3601 σύν
3714 3581 3734 3589 η

2141 3658 2282 3704 εσις’
2320 3640 2378 3704 ἐξ
2426 3640 2601 3692 ἀϊδίου
2640 3640 2736 3692 καὶ
2779 3639 2840 3691 τὸ
2871 3639 3097 3710 Πνεῦμα
3134 3639 3195 3692 τὸ
3247 3640 3399 3708 ἆγιον
3431 3641 3578 3710 αὐτῴ
3612 3657 3736 3694 συν-

2142 3733 2426 3799 θεωρεῖται
2453 3748 2466 3760 θ
2489 3732 2628 3801 ὅπερ
2651 3731 2767 3783 ἐστὶ
2791 3729 3015 3801 Πνεῦμα
3039 3732 3231 3798 σοφίας
3251 3749 3310 3783 τε
3340 3731 3432 3784 καὶ
3455 3731 3731 3802 ἀληθείας,

2143 3827 2237 3877 καὶ
2268 3823 2482 3894 βουλῆς,
2518 3825 2612 3877 καὶ
2659 3823 2958 3886 συνέσεως·
2997 3824 3092 3876 καὶ
3142 3825 3320 3878 πάντα
3353 3827 3421 3878 τά
3466 3825 3599 3879 ἄλλα
3633 3826 3734 3879 ὅσα

2141 3919 2170 3969 ὁ
2203 3915 2329 3978 Υἱός
2362 3917 2478 3967 ἐστι
2505 3916 2599 3968 καὶ
2627 3914 2977 3984 ὀνομάζεται.
3009 3915 3108 3968 Διὰ
3133 3917 3291 3969 τοῦτο
3317 3935 3496 3987 φαμεν
3529 3935 3656 3984 συνη
3667 3936 3736 3987 μ-

2147 4007 2303 4078 μένον
2325 4006 2441 4077 ἅμα
2462 4007 2555 4059 καὶ
2573 4005 2993 4077 διακεκριμένον
3014 4007 3406 4079 παραδεδόσθαι
3427 4009 3539 4071 τοῖς
3560 4009 3735 4076 ἁγίοις

2148 4100 2416 4170 μαθηταῖς
2453 4098 2516 4152 τὸ
2555 4100 2655 4169 τῆς
2693 4098 2976 4162 εὐσεϐείας
3025 4101 3358 4172 μυστήριονο
3400 4100 3461 4152 τὸ
3487 4101 3597 4154 δεῖν
3644 4118 3734 4153 πι-

2146 4191 2356 4243 στεύειν
2393 4191 2474 4252 είς
2506 4189 2566 4243 τὸ
2606 4189 2778 4260 ὄνομα
2805 4188 2899 4242 τοῦ
2933 4191 3166 4262 Πατρὸς,
3205 4192 3297 4244 καὶ
3327 4189 3422 4243 τοῦ
3453 4189 3605 4253 Υἱοῦ,
3639 4191 3734 4242 καὶ

2142 4280 2236 4334 τοῦ
2268 4281 2422 4348 ἁγίου
2471 4279 2820 4349 Πνεύματος’
2861 4281 2894 4348 ἠ
2929 4278 3029 4348 μὲν
3074 4279 3183 4349 γὰρ
3225 4280 3333 4332 τῶν
3380 4278 3733 4332 ὑποστάσεων

2149 4372 2364 4441 ἰδιότης,
2395 4370 2602 4440 τρανὴν
2635 4386 2694 4422 τε
2735 4369 2830 4421 καί
2861 4368 3169 4439 ἀσύγχυτον
3209 4372 3442 4422 ποιεῖται
3469 4369 3568 4439 τὴν
3601 4387 3735 4440 προ-

2146 4463 2342 4516 σώπων
2367 4461 2652 4530 διαστολὴν
2669 4478 2683 4492 ο
2713 4459 2772 4512 ἓν
2801 4460 2858 4513 δὲ
2884 4461 3054 4531 ὄνομα
3082 4462 3438 4532 προκείμενον
3464 4462 3562 4532 τῆς
3593 4461 3733 4514 κατά

440 4546 657 4614 pietatis
717 4546 1065 4615 mysterium,
1121 4563 1315 4616 nempe
1367 4558 1624 4618 oportere
1688 4554 1917 4610 credere
1977 4556 2031 4610 in

2140 4555 2236 4625 τὴν
2278 4552 2460 4605 πίστιν
2513 4553 2801 4616 ἐκθέσεως,
2839 4553 3028 4622 σαφῶς
3055 4555 3190 4624 ἡμῖν
3227 4554 3325 4624 τὴν
3375 4553 3604 4624 ἑνότητα
3634 4553 3733 4621 τῆς

439 4653 636 4691 nomen
673 4635 875 4700 Patris,
907 4647 962 4690 et
988 4635 1130 4702 Filii,
1163 4647 1218 4693 et
1255 4638 1494 4708 Spiritus
1520 4643 1715 4697 sancti.
1766 4644 1898 4699 Nam
1943 4647 2042 4718 hy-

441 4738 736 4798 postasewv
788 4731 1094 4799 proprietas
1139 4747 1320 4784 veram
1374 4741 1428 4784 et
1493 4735 1839 4790 inconfusam
1901 4740 2042 4794 hanc

437 4821 602 4876 eiﬁcit
648 4837 1010 4890 personarum
1047 4824 1480 4880 distinctionem.
1515 4825 1693 4881 Unum
1728 4839 1908 4883 autem
1945 4848 2041 4884 no-

441 4931 563 4968 men
620 4915 962 4984 propositum
1013 4917 1375 4985 expositionis
1420 4934 1542 4988 qua:
1596 4929 1682 4973 est
1737 4921 2036 4975 secundum

439 5009 624 5071 ﬁdem,
663 5007 952 5063 manifesto
979 5011 1140 5064 nobis
1172 5014 1438 5066 unitatem
1473 5014 1731 5068 essentiae
1774 5031 2036 5083 persona-

439 5115 562 5152 rum
597 5113 718 5168 quae
748 5108 879 5153 sunt
912 5100 967 5153 in
1011 5099 1115 5155 ﬁde
1139 5102 1552 5170 interpretatur,
1587 5103 1711 5157 dico
1745 5103 1946 5168 Patris,
1985 5116 2040 5161 et

438 5187 584 5253 Filii,
612 5199 667 5245 et
710 5189 950 5261 Spiritus
980 5193 1181 5256 sancti,
1216 5193 1488 5262 siquidem
1525 5210 1620 5264 per
1663 5195 1762 5249 has
1797 5198 2038 5267 appella-

441 5285 619 5339 tiones
655 5300 764 5339 non
806 5295 1017 5339 natura:
1051 5285 1414 5341 diﬁ'erentiam
1450 5287 1734 5353 docemur,
1766 5291 1858 5344 sed
1891 5292 2037 5346 solas

443 5379 817 5446 hypostasewv
843 5379 1242 5448 γνωριστικὰς,
1287 5379 1340 5434 id
1377 5391 1461 5434 est
1492 5396 1852 5450 personarum
1893 5386 2039 5439 noti-

441 5472 573 5524 licus
601 5472 990 5541 proprietates.
1041 5471 1114 5526 Ila
1164 5480 1222 5526 ut
1271 5488 1372 5528 nos
1418 5489 1817 5544 cognoscamus
1858 5492 2035 5541 neque

441 5562 638 5620 Filium
692 5565 907 5622 Patrem
958 5583 1098 5630 esse,
1135 5583 1310 5637 neque
1355 5566 1567 5622 Patrem
1604 5567 1825 5631 Filium,
1864 5587 2042 5643 neque
2076 5572 2274 5626 Filium
2312 5573 2395 5626 vel
2422 5570 2638 5625 Patrem
2668 5586 2812 5635 esse,
2845 5572 2931 5626 vel
2964 5569 3227 5640 Spiritum
3270 5577 3522 5626 sanctum
3560 5587 3573 5622 :

2139 4648 2324 4708 ούσίας
2355 4645 2461 4697 τῶν
2492 4648 2551 4698 ἐν
2577 4648 2644 4716 τῇ
2672 4647 2853 4700 πίστει
2883 4645 3193 4718 προσώπων
3222 4646 3590 4717 διερμηνεύει,
3622 4646 3734 4698 Πα-

2139 4739 2268 4810 τρός
2304 4754 2364 4788 τε
2413 4736 2556 4805 λέγω
2589 4739 2684 4791 καὶ
2732 4739 2864 4792 Υίοῦ
2909 4741 3004 4792 καὶ
3044 4738 3361 4809 Πνεύματος
3409 4738 3598 4806 ἁγίουο
3645 4736 3733 4790 διὰ

2140 4836 2248 4905 γάρ
2288 4836 2396 4888 τῶν
2426 4835 2672 4904 κλήσεων
2705 4832 2932 4898 τούτων,
2965 4831 3027 4884 ού
3053 4830 3270 4899 φύσεως
3295 4830 3560 4902 διαφοράν
3593 4831 3732 4884 διδα-

2142 4929 2405 5000 σκόμεθα,
2432 4927 2570 4982 ἀλλὰ
2597 4928 2764 4996 μόνας
2792 4925 2891 4990 τὰς
2917 4924 3028 4978 τῶν
3069 4924 3421 4978 ὑποστάσεων
3454 4942 3734 4997 γνωριστι-

2141 5022 2244 5084 κὰς
2281 5021 2571 5090 ἰδιότητας.
2599 5019 2763 5072 Ὥστε
2803 5016 3095 5085 γινώσκειν
3118 5019 3286 5088 ἡμᾶς,
3322 5019 3460 5088 μήτε
3485 5017 3611 5070 Υξὸν
3641 5016 3731 5070 τὸν

2143 5113 2363 5184 Πατέρα
2392 5108 2555 5174 εἶναι,
2596 5112 2730 5181 μήτε
2777 5110 2996 5180 Πατέρα
3024 5108 3114 5161 τὸν
3157 5109 3284 5160 Υίόν
3309 5122 3322 5136 '
3364 5109 3500 5178 μήτε
3537 5109 3664 5161 Υἱὸν
3697 5107 3728 5178 ἢ

2140 5206 2232 5258 τὸν
2260 5205 2500 5274 Πατέρα,
2534 5203 2566 5274 ἢ
2598 5202 2658 5254 τὸ
2685 5200 2912 5270 Πνεῦμα
2949 5201 3010 5253 τὸ
3043 5199 3199 5269 ἅγιον
3221 5216 3233 5228 ·
3271 5200 3385 5253 ἀλλ’
3417 5201 3646 5253 ἕκαστον
3673 5201 3732 5254 ἐν

2143 5297 2218 5368 τῷ
2271 5298 2525 5362 ἰδιάζοντι
2557 5295 2659 5366 τῆς
2691 5293 3043 5357 ὑποστάσεως
3064 5294 3372 5364 χαρακτῆρι
3407 5293 3727 5364 γνωρίζειν’

2143 5392 2200 5443 ἐν
2245 5390 2480 5459 ἀορίστῳ
2519 5387 2836 5457 τελειότητι,
2867 5386 2963 5440 καὶ
2994 5387 3078 5454 ἐφ’
3109 5385 3301 5438 ἑαυτοῦ
3335 5385 3726 5456 θεωρούμενον,

2144 5480 2236 5532 καὶ
2263 5479 2370 5531 ἀπο
2407 5476 2500 5530 τοῦ
2532 5477 2874 5547 συνημμένου
2903 5476 2964 5528 ού
2997 5475 3372 5548 διαιρούμενον

3635 5569 3729 5624 sed

442 5678 889 5735 unumquemque
939 5664 992 5718 in
1021 5664 1243 5734 prOprio
1270 5674 1323 5718 et
1356 5665 1618 5733 peculiari
1651 5665 2022 5737 bypostasew;
2062 5669 2383 5723 charactere
2441 5678 2851 5736 permanentem
2898 5666 3269 5735 intelligamus
3345 5667 3399 5720 in
3447 5664 3729 5720 indeﬁnila

443 5755 781 5825 perfectione
821 5768 988 5828 atque
1030 5759 1084 5812 in
1131 5759 1314 5828 seipso
1361 5759 1730 5824 considerari,
1765 5768 1818 5815 et
1853 5777 1884 5813 a
1917 5761 2219 5831 conjuncto
2255 5763 2370 5816 sive
2405 5762 2560 5815 unito
2593 5777 2702 5815 non
2732 5758 2928 5813 dividi.

517 5848 660 5914 Quid
707 5849 873 5920 igitur
912 5849 1047 5904 illud
1083 5850 1354 5921 signiﬁcat
1399 5853 1794 5908 innominabilc
1841 5867 2038 5908 nomen

2221 5854 2283 5906 Τί
2314 5850 2404 5907 οὖν
2439 5853 2691 5924 σημαίνει
2739 5851 2796 5904 τὸ
2837 5852 3270 5922 ἀκατονόμαστον
3305 5850 3474 5922 ὄνομα
3515 5848 3640 5919 περὶ
3663 5835 3728 5900 οὗ
