4146 6370
339 438 448 499 473

1526 440 1808 498 CONTRA
1847 439 2244 510 EUNOMIUM,
2285 441 2483 498 LlB.ll.

3521 451 3629 507 4ῗᾶ

341 561 514 616 εἰπὼν
546 564 573 615 ὁ
599 560 840 632 Κύριος;
877 536 958 616 δτι
990 561 1341 632 βαπτίζοντες
1375 563 1571 626 αὐτοὺς
1603 566 1684 626 εἰς
1723 562 1785 615 τὸ
1817 561 1933 615 ὅνο-

2050 561 2102 616 le
2124 579 2233 633 quo
2261 564 2343 618 sic
2375 563 2638 619 Dominus
2671 565 2888 622 locutus
2917 567 3040 621 est?
3081 565 3236 632 Quod
3281 567 3632 638 baptizauteo

345 670 441 723 μα,
469 655 532 707 οὐ
558 653 900 724 προσέθηκεν
921 655 1090 726 αὐτὴν
1116 656 1216 725 τὴν
1247 655 1594 728 σημαντικὴν
1623 655 1806 725 φωνὴν
1828 655 1928 724 τὴν

343 748 450 802 ὑπὸ
477 748 571 801 τοῦ
606 749 872 819 ὀνόματος
915 749 1271 821 δηλουμένην.
1324 750 1540 821 Ταύτην
1579 750 1774 820 ἔχομεν
1801 751 1930 818 περὶ

339 839 507 895 αὐτοῦ
536 841 634 912 τὴν
664 841 902 895 διάνοιαν
927 860 941 874 ·
973 844 1054 896 ὅτι
1086 843 1264 896 πάντα
1293 843 1364 896 τὰ
1396 843 1453 895 ὲν
1479 845 1545 912 τῇ
1569 841 1742 895 κτίσει
1777 840 1924 907 ὄντα,

341 931 427 984 διὰ
463 932 562 1002 τῆς
610 932 720 985 τῶν
767 933 1046 1004 ὀνομάτων
1096 934 1375 1004 σημασίας
1425 932 1928 1004 περιλαμϐάνεται·

340 1026 429 1078 ὅτε
463 1025 572 1095 γὰρ
603 1025 834 1093 οὐρανὸν
865 1025 1055 1088 εἰπὼν,
1103 1028 1196 1080 ἐπὶ
1241 1028 1302 1080 τὸ
1348 1026 1674 1098 δηλούμενον
1701 1025 1804 1079 ὑπὸ
1835 1023 1929 1078 τοῦ

341 1119 605 1188 ὀνόματος
633 1118 839 1188 κτίσμα
866 1119 966 1189 τὴν
999 1119 1238 1178 διάνοιαν
1272 1116 1364 1171 τοῦ
1398 1117 1689 1180 ἀκούοντος
1718 1119 1892 1188 ἤγαγε
1912 1133 1928 1148 σ

342 1210 436 1264 καὶ
462 1211 490 1262 ὁ
519 1209 832 1281 ἀνθρώπου,
863 1211 895 1281 ἦ
927 1229 1072 1275 τινος
1099 1211 1207 1264 τῶν
1237 1209 1390 1276 ζώων
1430 1210 1688 1281 μνησθεὶς
1716 1211 1802 1262 ἐπ’
1825 1209 1932 1262 ὀνό-

346 1319 536 1372 ματος,
585 1301 746 1364 εὐθὺς
789 1302 849 1355 τὸ
883 1299 1022 1366 εἶδος
1060 1302 1153 1355 τοῦ
1184 1302 1323 1367 ζώου
1355 1302 1435 1373 τῷ
1465 1303 1720 1371 ἀκηκοότι
1750 1303 1931 1355 ἐνετυ-

345 1396 569 1451 πώσατο
593 1413 608 1427 ⁸
657 1398 751 1450 καὶ
784 1397 853 1449 τὰ
882 1396 1017 1450 ἄλλα
1051 1399 1231 1451 πάντα
1261 1397 1522 1460 ὡσαύτως
1549 1397 1636 1450 διὰ
1669 1397 1776 1449 τῶν
1812 1399 1932 1449 ἐπι-

345 1490 616 1560 κειμένων
658 1489 939 1559 ὀνομάτων
989 1490 1453 1561 ὲνζωογραφεῖται
1495 1491 1561 1558 τῇ
1609 1488 1805 1560 καρδίᾳ
1837 1486 1930 1540 τοῦ

343 1583 433 1636 διὰ
474 1585 572 1652 τῆς
605 1583 773 1653 ἀκοῆς
803 1583 1250 1654 παραδεξαμένου
1299 1582 1398 1653 τὴν
1437 1580 1806 1652 προσηγορίαν
1834 1580 1932 1650 τὴν

345 1674 703 1743 ἐπικειμένην
733 1672 811 1743 τῷ
843 1673 1152 1743 πράγματι.
1189 1673 1342 1742 Μόνη
1379 1671 1437 1724 δὲ
1471 1673 1504 1742 ἡ
1544 1670 1798 1733 ἄκτιστος
1825 1667 1935 1737 φύ-

349 1783 451 1829 σις,
486 1767 518 1837 ὴ
567 1767 624 1819 ὲν
659 1765 736 1835 τῷ
770 1765 946 1836 Πατρί
987 1782 1048 1816 τε
1088 1765 1182 1818 καὶ
1212 1764 1324 1834 Υἱῷ
1355 1764 1449 1816 καὶ
1477 1761 1759 1832 Πνεύματι
1794 1760 1935 1832 ἁγίῳ

346 1857 732 1928 πιστευομένη,
763 1860 1010 1926 κρεῖττον
1050 1857 1230 1925 πάσης
1263 1855 1409 1908 ἐστὶν
1444 1853 1810 1923 ὀνομαστικῆς
1839 1871 1931 1924 σηο

2036 653 2185 724 ipsos
2230 658 2285 709 in
2317 671 2541 717 nomen,
2579 672 2690 710 non
2738 657 2948 712 addidit
2995 659 3170 728 ipsam
3207 660 3627 730 signiticativam

2035 759 2226 798 Vocem
2259 761 2380 813 qua:
2423 746 2530 800 sub
2568 745 2670 799 hoc
2721 745 2944 800 nomine
2988 746 3320 801 declaratur.
3368 748 3504 802 lllud
3548 748 3630 801 sic

2037 835 2411 905 intelligimus,
2438 836 2582 906 quod
2629 837 2812 890 omnia
2868 853 3205 907 quaecunque
3246 847 3430 893 creata
3474 849 3626 897 sunt.

2037 929 2319 982 nominum
2355 929 2758 999 signiﬁcatione
2782 932 3347 1000 comprehenduntur.
3374 931 3509 984 Nam
3533 933 3626 1000 qui

2037 1020 2236 1072 uelum
2263 1017 2418 1082 dixit,
2455 1018 2521 1071 ad
2548 1033 2669 1072 eam
2700 1033 2822 1088 quae
2850 1019 2952 1074 hoc
2999 1021 3222 1074 nomine
3261 1019 3625 1088 signiﬁcatur,

2038 1120 2342 1164 creaturam
2389 1108 2660 1164 audientis
2705 1117 2942 1164 mentem
2992 1111 3226 1174 induxit,
3286 1123 3340 1164 et
3383 1111 3475 1180 qui
3522 1111 3625 1164 ho-

2038 1200 2203 1254 minis
2233 1200 2315 1254 vel
2345 1201 2579 1270 alicujus
2621 1201 2940 1254 animalium
2970 1205 3087 1272 ipso
3137 1203 3358 1256 nomine
3390 1203 3627 1257 mentio-

2038 1309 2164 1347 nem
2205 1292 2353 1356 fecit,
2388 1296 2572 1348 statim
2611 1295 2846 1363 speciem
2884 1295 3141 1348 animalis
3191 1297 3244 1348 in
3275 1296 3461 1348 animo
3508 1294 3628 1363 ejus

2039 1384 2130 1454 qui
2164 1384 2388 1445 audivit,
2419 1383 2719 1453 impressit.
2753 1383 2954 1438 Eodem
2993 1393 3153 1453 pacto
3185 1386 3291 1437 alia
3323 1385 3507 1439 omnia
3532 1398 3629 1454 pe:

2040 1474 2298 1544 imposita
2347 1477 2570 1529 nomina
2635 1476 2937 1545 pinguntur
2987 1476 3043 1528 in
3107 1476 3274 1530 corde
3321 1475 3483 1545 ejus.
3533 1474 3629 1545 qui

2039 1579 2137 1633 per
2173 1563 2417 1617 auditum
2459 1566 2668 1633 accepit
2697 1565 3113 1633 appellationem
3149 1566 3224 1618 rei
3270 1565 3624 1634 impositam:

2041 1655 2159 1710 sola
2191 1661 2372 1707 autem
2407 1654 2650 1707 increata
2691 1665 2906 1717 natura,
2947 1669 3066 1722 quae
3095 1655 3148 1706 in
3177 1653 3357 1715 Patre,
3387 1663 3441 1709 et
3465 1648 3627 1717 Filio,

2039 1754 2095 1801 et
2127 1744 2336 1815 Spiritu
2370 1754 2563 1800 sancto
2607 1745 2871 1808 creditur,
2905 1747 3052 1798 oumi
3085 1746 3429 1814 praestantior
3467 1753 3552 1799 est
3578 1754 3631 1798 et

2041 1838 2234 1892 melior
2275 1836 2514 1891 nominis
2545 1837 2878 1906 signiﬁcatu.
2914 1835 3123 1891 Idcirco
3156 1835 3416 1900 Verbum,
3463 1837 3512 1890 id
3545 1847 3631 1892 est

351 1926 587 2020 μασίας.
613 1950 710 2002 Διὰ
736 1947 893 2002 τοῦτο
925 1948 1096 2019 ὄνομα
1124 1946 1294 2001 είπὼν
1322 1949 1350 2001 ό
1377 1947 1549 2015 Λόγος
1580 1948 1636 1998 ἐν
1662 1949 1729 2018 τῇ
1763 1962 1938 2016 παρα-

2050 1926 2214 1984 Filius
2269 1927 2401 1994 Dei,
2465 1943 2590 1981 cum
2647 1928 2700 1981 in
2759 1927 2883 1981 ﬁdei
2949 1928 3240 1982 traditione
3298 1928 3526 1982 dixisset
3578 1931 3631 1982 in

347 2043 494 2095 δόσει
520 2041 619 2110 τῆς
649 2041 901 2104 πίστεως,
932 2039 992 2092 τὸ
1031 2038 1082 2090 τί
1110 2039 1170 2090 οὐ
1208 2038 1513 2109 προσέθηκε
1533 2055 1546 2067 ·
1590 2036 1707 2099 πῶς
1736 2037 1843 2107 γὰρ
1872 2035 1938 2090 ἂν

349 2133 602 2204 εὑρεθείη
652 2133 825 2203 δνομα
872 2133 965 2185 ἐπὶ
1007 2130 1334 2201 πράγματος
1374 2130 1403 2182 ὃ
1450 2130 1591 2199 ὑπὲρ
1639 2130 1748 2181 πᾶν
1793 2131 1938 2181 ἐστιν

350 2228 520 2296 δνομα
553 2243 567 2291 ;
617 2225 757 2278 Ἀλλ’
797 2223 1043 2289 ἐξουσίαν
1085 2223 1314 2288 ἔδωκεν,
1357 2223 1504 2284 ὅπως
1560 2221 1626 2274 ἂν
1654 2222 1938 2292 χωρήσηή

351 2313 558 2366 διάνοια
589 2311 746 2382 ἡμῶν
771 2310 1010 2375 εὐσεϐῶς
1029 2309 1320 2380 κινουμένη
1361 2311 1542 2381 εὑρεῖν
1568 2328 1620 2362 τι
1650 2310 1820 2380 ὄνομα
1841 2311 1940 2380 τῆς

355 2403 757 2475 ὑπερκειμένης
821 2402 1036 2472 φύσεως
1084 2403 1408 2454 ἐνδεικτικόν
1448 2420 1461 2432 ·
1524 2401 1682 2454 τοῦτο
1743 2401 1943 2470 ὁμοίως

356 2492 686 2564 ἐφαρμόζειν
716 2493 892 2565 Πατρί
939 2511 1000 2547 τε
1041 2494 1135 2546 καί
1179 2493 1292 2563 Υίῷ
1325 2493 1419 2544 καὶ
1454 2492 1594 2562 ἁγίῳ
1624 2494 1899 2563 Πνεύματι
1925 2534 1941 2560 ,

357 2581 472 2636 εἴτε
552 2583 614 2634 τὸ
664 2581 888 2650 ἀγαθὸν,
948 2581 1061 2636 εἴτε
1121 2581 1182 2634 τὸ
1212 2581 1509 2652 ἄφθαρτον,
1558 2583 1696 2654 ὅπερ
1731 2581 1942 2652 νομίσει

356 2673 582 2736 ἕκαστος
601 2672 750 2737 ἀξιον
773 2670 913 2727 εἶναι
936 2673 1072 2743 πρὸς
1094 2673 1314 2740 ἔνδειξιν
1337 2674 1438 2743 τῆς
1466 2674 1744 2744 ἀκηράτου
1766 2692 1944 2746 παρα-

357 2763 730 2833 λαμϐάνεσθαι
761 2763 972 2834 φύσεως
996 2780 1007 2792 '
1044 2766 1138 2818 καὶ
1166 2766 1324 2819 τοῦτο
1348 2766 1406 2818 δέ
1439 2783 1529 2835 μοι
1559 2765 1707 2819 δοκεῖ
1731 2766 1819 2820 διὰ
1846 2768 1945 2836 τῆς

359 2849 629 2914 ἐκθέσεως
667 2852 871 2922 ταύτης
903 2853 1214 2921 νομοθετεῖν
1249 2851 1278 2902 ὁ
1303 2849 1477 2922 Λόγος
1503 2871 1516 2884 ·
1564 2855 1626 2908 τὸ
1656 2857 1946 2910 πεπεῖσθαι

360 2941 596 3014 ἄῤῥητόν
639 2960 698 2995 τε
732 2944 826 2997 καὶ¹
871 2944 1253 3014 ἀκατάληπτον
1300 2945 1362 2996 τὸ
1416 2945 1516 3015 τῆς
1568 2946 1714 3012 θείας
1757 2949 1946 3013 οὐσίας

362 3033 521 3089 εἶναι.
573 3037 810 3106 Φανερὸν
847 3037 955 3107 γὰρ
1001 3039 1082 3090 ὅτι
1116 3040 1149 3108 ἡ
1185 3036 1280 3090 τοῦ
1327 3039 1541 3108 Πατρὸς
1585 3040 1800 3109 κλῆσις.
1847 3044 1948 3096 οὐκ

362 3129 546 3190 οὐσίας
583 3130 700 3182 ἐστὶ
741 3131 1119 3200 παραστατικὴ
1145 3147 1156 3158 ·
1211 3129 1345 3183 ἀλλὰ
1390 3130 1488 3200 τὴν
1524 3132 1660 3202 πρὸς
1694 3134 1785 3186 τὸν
1821 3134 1946 3187 Υίὸν

365 3218 549 3288 σχέσιν
577 3220 971 3290 ἀποσημαίνει·
1003 3218 1199 3274 οὐκοῦν
1224 3222 1272 3273 εί
1298 3222 1520 3276 δυνατὸν
1551 3219 1620 3295 ἦν
1646 3227 1713 3295 τῇ
1741 3223 1948 3290 ἀνθρω-

366 3312 497 3382 πίνῃ
545 3311 703 3380 φύσει
753 3312 942 3365 οὐσίαν
993 3310 1308 3381 διδαχθῆναι
1364 3313 1499 3366 Θεοῦ
1529 3329 1541 3343 ο
1614 3313 1648 3364 ό
1717 3315 1948 3383 πάντας

366 3401 558 3456 θέλων
599 3401 868 3472 σωθῆναι
901 3403 1000 3456 καὶ
1042 3406 1130 3470 εἰς
1165 3403 1494 3474 ἐπίγνωσιν
1531 3405 1814 3474 ἀληθείας
1851 3408 1949 3462 ἐλ-

367 3493 513 3551 θεῖν.
549 3495 648 3546 οὐκ
674 3493 738 3546 ἂν
764 3494 863 3565 τὴν
906 3496 1034 3566 περὶ
1074 3496 1262 3549 τούτου
1296 3496 1499 3564 γνῶσιν
1535 3498 1944 3570 ἀπεσιώπησεν.

367 3585 480 3638 Νῦν
511 3585 567 3638 δὲ
610 3585 687 3656 τῷ
715 3586 879 3656 μηδὲν
905 3587 1034 3658 περὶ
1065 3587 1166 3657 τῆς
1197 3589 1383 3652 οὐσίας
1412 3590 1605 3654 εἰπεῖν,
1641 3589 1841 3657 ἔδειξεν
1867 3593 1948 3645 ὅτι

369 3676 581 3746 ἐκείνης
612 3676 710 3746 μὲν
736 3679 768 3748 ἡ
801 3679 998 3745 γνῶσις
1032 3680 1344 3750 ἀμήχανος·
1385 3681 1413 3734 ὃ
1444 3682 1502 3734 δὲ
1527 3682 1812 3754 χωροῢμεν
1849 3703 1949 3755 μα-

369 3768 573 3833 θόντες,
599 3769 752 3823 οὐδὲν
778 3771 870 3823 τοῦ
897 3772 1181 3841 ἁχωρήτου
1203 3772 1433 3843 δεόμεθα
1454 3789 1468 3804 ⁸
1504 3773 1778 3845 ἀρκοῦσαν
1808 3777 1956 3846 ἕχον-

369 3875 460 3921 τες
497 3859 634 3930 πρὸς
667 3859 766 3931 τὴν
801 3862 1076 3932 σωτηρίαν
1115 3863 1272 3932 ἡμῶν
1302 3863 1402 3934 τῆς
1437 3865 1834 3936 παραδοθείσης
1875 3868 1956 3920 δι·-

369 3950 668 4015 δασκαλίας
709 3952 808 4022 τὴν
859 3953 1060 4006 πίστιν.
1114 3955 1187 4007 Τὸ
1221 3955 1330 4026 γὰρ
1384 3955 1574 4026 μαθεῖν
1628 3959 1707 4011 ὅτι
1754 3962 1957 4025 ἐκεῖνός

371 4044 486 4094 ἐστι
516 4047 576 4095 τὸ
606 4044 774 4107 ὅντως
803 4044 862 4097 ὃν
892 4063 904 4075 ·
934 4039 979 4113 ᾧ
1005 4045 1092 4098 διὰ
1129 4046 1228 4117 τῆς
1267 4048 1521 4118 σχετικῖμς
1554 4050 1762 4116 ἐννοίας
1801 4055 1833 4123 ἡ
1862 4055 1956 4108 τοῦ

374 4132 505 4186 Υξοῦ
536 4135 888 4205 μεγαλειότης
926 4137 1398 4204 συναναφαίνεται,
1453 4139 1486 4209 ἡ
1535 4139 1842 4213 τελειοτάτη
1878 4145 1957 4197 δι-

371 4225 634 4278 δασκαλία
665 4225 764 4294 τῆς
804 4226 1083 4290 εὐσεῦείας
1118 4228 1251 4288 ἐστὶ,
1286 4227 1380 4280 τοῦ
1414 4228 1568 4291 Υίοῢ,
1598 4231 1780 4296 καθὼς
1807 4233 1957 4306 εἴρη-

371 4333 482 4379 ται,
522 4317 882 4386 συνημμένως
927 4317 1045 4387 μεθ’
1080 4317 1273 4371 ἑαυτοῦ
1304 4320 1363 4371 τὸ
1396 4321 1621 4391 Πνεῦμα
1665 4323 1766 4392 τῆς
1811 4324 1957 4396 ζωῆς

371 4422 431 4460 τε
465 4408 557 4460 καὶ
589 4407 837 4477 ἀληθινὸν
862 4408 1364 4480 συνενδεικνυμένου
1389 4428 1402 4441 ·
1436 4412 1622 4484 ἐπειδὴ
1653 4417 1815 4480 αὐτός
1839 4420 1954 4472 ἐστι

376 4500 466 4551 καὶ
499 4498 611 4570 ζωὴ
638 4499 732 4553 καὶ
763 4501 1010 4572 ἀλήθεια.

2041 2021 2401 2090 nomen,quod
2425 2027 2574 2074 esset
2607 2020 2658 2074 id
2695 2035 2892 2074 nomen
2932 2037 3040 2074 non
3078 2020 3308 2074 addidit.
3346 2021 3632 2086 Quomodo

2040 2115 2185 2169 enim
2219 2114 2456 2167 inveniri
2508 2121 2696 2183 posset
2731 2128 2929 2168 nomen
2961 2114 3010 2166 ei
3051 2113 3124 2166 rei
3163 2125 3348 2182 aptum
3382 2129 3503 2182 qua:
3535 2129 3632 2166 no-

2041 2222 2165 2260 men
2201 2221 2361 2259 omne
2385 2205 2721 2275 exsuperat?
2755 2204 2848 2258 sed
2890 2213 3213 2274 potestatem
3258 2203 3406 2266 fecit,
3447 2212 3502 2257 ut
3529 2219 3630 2273 pro

2043 2307 2202 2369 captu
2234 2316 2336 2354 suo
2383 2299 2742 2369 intelligentia
2783 2309 2996 2359 nostra.
3032 2300 3118 2369 pie
3150 2308 3446 2364 commota,
3477 2301 3632 2354 inve-

2043 2395 2185 2447 niret
2226 2391 2443 2460 aliquod
2475 2407 2694 2457 nomen,
2739 2393 2886 2463 quod
2925 2396 3423 2463 supereminentem
3474 2402 3637 2448 natu-

2042 2498 2162 2537 ram
2191 2482 2510 2537 ostenderet
2545 2499 2558 2533 ξ
2609 2483 2852 2552 illudque
2879 2484 3133 2538 similiter
3172 2487 3657 2558 accommodaret,

2044 2584 2099 2632 et
2133 2575 2301 2638 Patri,
2336 2585 2390 2630 et
2429 2573 2586 2640 Filio,
2628 2584 2681 2629 et
2713 2575 2943 2645 Spiritui
2977 2585 3207 2642 sancto;
3265 2579 3380 2632 sive
3430 2566 3634 2632 bonum

2046 2669 2162 2724 sive
2194 2667 2610 2738 incorruptibile
2650 2668 2879 2732 diceret,
2926 2669 3012 2723 vel
3056 2669 3202 2739 quod
3255 2670 3638 2742 unusquisque

2045 2762 2442 2817 existimaverit
2487 2761 2712 2830 dignum
2755 2777 2880 2816 esse
2934 2777 3223 2821 assumere
3275 2763 3342 2816 ad
3405 2763 3638 2817 immor-

2046 2853 2174 2908 talis
2234 2864 2290 2908 et
2348 2861 2564 2907 aeternae
2616 2860 2825 2906 naturae
2860 2851 3410 2906 demonstrationem.
3461 2853 3639 2923 Atque

2046 2945 2154 3000 hoc
2206 2943 2338 2998 mihi
2397 2943 2612 2998 videtur
2665 2944 2972 2997 secundum
3037 2941 3180 2994 hanc
3242 2942 3636 3011 expositionem

2049 3035 2287 3093 Verbum
2319 3036 2436 3107 lege
2479 3036 2751 3099 sanxisse;
2807 3049 3006 3104 nempe
3050 3044 3108 3088 ut
3154 3034 3512 3103 persuaderet
3558 3033 3642 3088 di—

2049 3127 2234 3181 vinam
2264 3129 2558 3183 essentiam
2603 3127 2733 3198 quid
2766 3142 2890 3182 esse
2933 3124 3230 3190 inell'abilc,
3266 3143 3376 3182 non
3416 3142 3642 3180 enarra-

1975 3262 2019 3320 ο
2051 3221 2161 3276 bile
2210 3229 2265 3277 et
2322 3220 2893 3291 incompreltensibile.
2925 3217 3286 3289 Perspicuum
3340 3228 3425 3273 est
3468 3220 3640 3283 enim,

2055 3315 2200 3384 quod
2217 3314 2393 3368 Patris
2413 3313 2700 3383 appellatio
2748 3327 2856 3366 non
2875 3318 2959 3366 est
2989 3312 3238 3366 essentia:
3261 3311 3642 3382 signiticatrix,

2056 3407 2154 3462 sed
2207 3406 2491 3462 relationis
2529 3406 2596 3460 ad
2636 3403 2834 3458 Filium
2876 3404 3063 3456 index.
3114 3401 3171 3456 Si
3214 3402 3380 3474 igitur
3436 3412 3646 3459 natura:

2055 3501 2309 3554 humana:
2338 3499 2418 3554 fas
2446 3507 2593 3554 esset
2638 3499 2733 3555 Dei
2774 3497 3072 3554 essentiam
3119 3495 3305 3550 doceri
3357 3504 3409 3552 et
3462 3500 3644 3567 perci-

2058 3606 2216 3659 pere;
2255 3590 2345 3644 ille
2391 3591 2483 3658 qui
2510 3588 2618 3643 vult
2641 3607 2818 3643 omnes
2854 3588 3028 3643 salvos
3059 3587 3197 3656 ﬁeri,
3233 3598 3281 3642 et
3315 3587 3384 3640 ad
3412 3591 3647 3644 veritatis

2055 3683 2376 3751 agnitionem
2414 3683 2585 3735 venire
2608 3681 2675 3747 ⁸³,
2730 3697 2838 3735 non
2870 3681 2937 3735 de
2970 3681 3073 3734 hoc
3110 3680 3484 3748 cognitionem
3517 3682 3648 3735 reti-

2057 3776 2293 3829 cuisset:
2321 3789 2469 3828 nunc
2507 3784 2686 3828 autem
2724 3788 2848 3827 cum
2887 3773 3024 3826 nihil
3055 3772 3121 3826 dc
3155 3774 3394 3828 essentia
3423 3773 3645 3832 dixerit,

2059 3865 2299 3920 ostendit
2351 3863 2501 3934 quod
2558 3864 2650 3918 illa
2699 3863 2944 3935 cognitio
2999 3863 3188 3917 haberi
3228 3864 3376 3916 nulla
3431 3863 3649 3917 solertia

2059 3957 2257 4025 possit.
2279 3954 2436 4020 Quod
2462 3965 2641 4008 autem
2667 3953 2736 4008 ab
2764 3953 2858 4006 illo
2879 3953 3058 4007 edocti
3082 3962 3263 4008 mente
3292 3954 3646 4022 percipimus,

2059 4049 2402 4105 demonstrat
2461 4047 2606 4117 quod
2669 4063 2733 4102 eo
2783 4045 2930 4116 quod
2972 4045 3362 4115 comprehendi
3425 4045 3652 4100 minime

2061 4151 2241 4212 potest
2283 4156 2390 4195 non
2437 4155 2702 4210 egemus;
2739 4137 3096 4194 sullicientem
3147 4138 3213 4190 ad
3267 4140 3499 4192 salutem
3548 4155 3651 4191 no-

2063 4245 2231 4290 stratn
2267 4233 2551 4297 habentes,
2582 4231 2794 4285 tradita:
2825 4229 3092 4284 doctrinae
3123 4229 3303 4283 ﬁdem.
3340 4229 3472 4282 Nam
3507 4230 3560 4284 in
3578 4246 3644 4283 eo

2062 4325 2206 4398 quod
2232 4325 2499 4380 discimus
2529 4322 2674 4392 quod
2725 4323 2815 4376 ille
2857 4331 2941 4377 est
2976 4323 3027 4376 id
3060 4323 3207 4393 quod
3235 4338 3364 4378 vere
3388 4333 3495 4385 est,
3543 4338 3653 4392 quo

2058 4420 2282 4476 nomine
2317 4419 2480 4472 etiam
2511 4416 2632 4470 Filii
2670 4415 3072 4487 magniﬁcentia
3111 4432 3206 4483 per
3231 4417 3511 4470 relativam
3552 4431 3655 4471 no-

2060 4515 2234 4568 titiam
2275 4511 2606 4572 ostenditur,
2657 4507 3060 4578 perl'ectissima
3105 4505 3406 4578 Religionis
3450 4517 3656 4562 nostra:

374 4593 623 4648 doctrina
658 4604 766 4659 est,
795 4611 919 4649 cum
965 4596 1106 4650 sicut
1135 4597 1247 4666 jam
1282 4613 1449 4668 supra
1515 4600 1722 4656 dictum
1766 4618 1872 4672 εει,
1941 4608 2114 4667 Filius
2175 4608 2510 4678 conjunctim
2551 4612 2605 4660 et
2641 4618 2748 4657 una
2810 4618 2934 4658 cum
2980 4603 3098 4672 ipso
3147 4601 3385 4673 Spiritus
3433 4603 3555 4655 vitae
3601 4608 3657 4655 et

378 4687 620 4740 veritatis
655 4697 1116 4742 commoustretur
1145 4707 1156 4742 :
1190 4691 1458 4758 siquidem
1514 4693 1628 4762 ipse
1654 4704 1738 4749 est
1772 4699 1879 4752 vita
1913 4711 1966 4756 et
2003 4705 2228 4758 veritas.

448 4783 662 4838 Τούτων
701 4783 843 4836 οὓτω
879 4784 1242 4855 διῃρημένων,
1281 4788 1459 4839 πᾶσαν
1500 4792 1781 4865 αἱρετικὴν
1822 4795 1954 4848 ὐπό-
1986 4802 2029 4856 D

375 4876 538 4946 ληψιν
571 4877 628 4928 ὲν
666 4879 775 4938 τοῖς
812 4875 976 4938 θείοις
1013 4877 1277 4944 δόγμασιν
1316 4877 1824 4948 ἁναθεματίζοντες,
1868 4905 1959 4939 πι-

379 4964 641 5034 στεύομεν
691 4963 892 5027 καθὼςί
917 4964 1273 5036 ἐδιδάχθημεν
1311 4968 1414 5020 ὑπὸ
1463 4968 1565 5039 τῆς
1608 4972 1700 5024 τοῦ
1755 4975 1957 5046 Κυρίου

378 5056 580 5126 φωνῆς,
628 5057 707 5119 είς
748 5055 810 5108 τὸ
851 5056 1020 5126 ὄνομα
1056 5056 1150 5109 τοῦ
1194 5058 1404 5128 Πατρὸς
1439 5060 1532 5113 κα)⁵
1573 5061 1666 5114 τοῦ
1707 5063 1836 5116 Υίοῦ
1866 5066 1960 5120 καὶ¹

375 5148 471 5200 τοῦ
512 5147 665 5215 ἁγίου
710 5148 1025 5218 Πνεύματος
1058 5166 1070 5178 °
1125 5149 1512 5220 ὁμολογοῦντες
1546 5155 1684 5224 μετὰ
1718 5157 1818 5226 τῆς
1869 5159 1961 5210 πί-

381 5255 550 5302 στεως
574 5239 794 5310 ταύτης.
822 5241 916 5294 καὶ
940 5241 1039 5312 τὴν
1062 5243 1362 5313 γενομένην
1392 5245 1542 5314 παρὰ
1568 5245 1660 5299 τοῦ
1691 5250 1959 5304 Δεσπότου

379 5334 476 5402 τῆς
514 5333 742 5396 κτίσεως
789 5333 928 5404 ὑπὲρ
966 5333 1074 5387 τῶν
1114 5334 1419 5408 ἀνθρώπων
1451 5338 1759 5410 οἰκονομίαν
1792 5358 1806 5371 ο
1862 5345 1967 5407 Ὃς

379 5427 448 5478 ἐν
470 5423 671 5494 μορφῇ
705 5426 850 5479 Θεοῦ
882 5425 1185 5494 ὑπάρχων,
1214 5429 1326 5496 οὐχ
1359 5428 1669 5499 ἁρπαγμὸν
1696 5433 1968 5501 ἡγήσατο

381 5517 448 5570 τὸ
475 5513 627 5570 εἶναι
665 5512 769 5570 ἴσα
805 5515 927 5582 Θεῷ
947 5561 960 5578 ,
993 5519 1127 5572 ἀλλ’
1175 5519 1394 5572 ἑαυτὸν
1428 5521 1687 5574 ἐκένωσε
1727 5523 1969 5594 μορφὴν

382 5607 607 5662 δούλου
629 5607 830 5663 λαϐὼν
855 5626 868 5638 '
901 5611 995 5663 καὶ
1026 5611 1328 5679 σαρκωθεὶς
1350 5613 1407 5664 ὲν
1437 5615 1499 5684 τῇ
1525 5614 1651 5684 ἁγίᾳ
1685 5616 1965 5687 Παρθένῳ,

384 5699 727 5772 ἐλπρὼσατο
757 5703 902 5772 ἡμᾶς
927 5703 989 5756 ἐκ
1015 5702 1107 5756 τοῦ
1141 5702 1372 5757 θανάτου
1393 5722 1406 5735 ·
1445 5707 1503 5759 ὲν
1611 5709 1972 5780 κατειχόμεθα

463 5886 509 5918 "9
544 5883 561 5936 l
596 5881 835 5938 Timotlt.
879 5899 936 5945 ll,
977 5885 1029 5938 4.
1108 5886 1151 5917 ⁸⁵
1182 5883 1414 5945 Philioo.
1447 5905 1502 5950 ιι,
1535 5890 1587 5941 li.

2130 4797 2227 4854 His
2256 4797 2442 4865 itaque
2471 4793 2553 4848 sic
2593 4790 2870 4846 distinctis
2909 4804 3126 4844 omnem
3171 4787 3486 4842 ltaercticam
3532 4790 3647 4855 opi-

2064 4891 2288 4945 nionem
2333 4888 2389 4940 in
2434 4885 2637 4940 divinis
2691 4881 2928 4936 decretis
2971 4881 3309 4936 detestantes
3353 4880 3655 4944 credimus,

2067 4980 2212 5035 sicut
2243 4993 2272 5030 a
2304 4975 2516 5031 Dotnini
2545 4989 2676 5027 voce
2697 4972 2840 5026 docti
2867 4969 3088 5036 fuimus,
3125 4973 3178 5024 in
3223 4987 3422 5025 nomen
3450 4969 3657 5035 Patris,

2065 5075 2121 5122 et
2158 5063 2304 5130 Filii,
2349 5073 2404 5118 et
2447 5062 2687 5132 Spiritus
2727 5061 2947 5116 sancti:
3007 5060 3332 5115 conﬁtentes
3381 5077 3506 5114 cum
3557 5063 3660 5114 bac

2069 5157 2172 5212 ﬁde
2215 5155 2414 5211 factam
2446 5170 2476 5208 a
2502 5154 2732 5207 Domino
2768 5160 3036 5206 creatura:
3073 5169 3170 5222 pro
3198 5152 3512 5209 hominibus
3545 5154 3659 5208 dis-

2073 5249 2476 5320 pensationem,
2514 5246 2618 5312 Qui
2667 5261 2784 5297 cum
2827 5243 2881 5296 in
2916 5244 3092 5312 [arma
3126 5244 3218 5298 Dei
3244 5255 3398 5311 esset,
3431 5262 3534 5298 non
3571 5262 3660 5299 ra-

2074 5344 2254 5410 pinam
2295 5340 2585 5394 arbitratus
2617 5347 2693 5392 est
2733 5352 2844 5391 esse
2865 5353 2918 5390 se
2957 5336 3211 5407 wqualem
3258 5336 3384 5398 Deo,
3437 5337 3525 5390 sed
3579 5354 3660 5390 se-

2077 5435 2358 5504 metipsum
2425 5431 2759 5495 cxinanirit,
2817 5430 3047 5499 formam
3101 5429 3237 5482 servi
3285 5429 3546 5495 accipiens
3588 5427 3656 5488 “,

2077 5535 2240 5596 atque
2273 5526 2327 5579 in
2357 5533 2546 5579 sancta
2597 5522 2820 5594 Virgine
2859 5522 3174 5577 incarnatus
3219 5536 3282 5574 ex
3336 5527 3511 5574 morte
3558 5535 3661 5575 nos

2075 5619 2325 5686 redemit,
2350 5618 2403 5672 in
2424 5632 2528 5688 qua
2555 5616 2934 5672 detinebamur
2956 5614 3061 5668 sub
3085 5621 3309 5683 peccato
3339 5610 3663 5678 venundati,_

2082 5713 2222 5768 dans
2270 5711 2723 5782 permutationem
2796 5707 2911 5763 sive
2971 5706 3206 5776 pretium
3266 5703 3659 5776 redemptionis
