4146 6370
489 488 600 546 475

1726 478 1784 532 S.
1817 471 2147 532 GREGORII
2169 472 2462 531 NYSSENI

3651 466 3757 520 576

495 606 802 662 animarum
837 612 1149 661 nostrarum
1195 616 1356 658 suum
1393 599 1694 672 pretiosum
1723 596 2070 668 sanguinem,
2106 639 2112 656 γ

2221 595 2290 650 πὸ
2340 595 2442 665 τῆς
2495 593 2770 665 ἁμαρτίας
2816 591 3153 663 πεπραμένοι
3183 606 3198 622 ο
3254 589 3376 652 δοὺς
3409 589 3762 661 ἀντάλλαγμα

495 713 657 768 quem
707 713 801 767 per
840 711 1059 750 crucem
1117 693 1329 759 eli‘udit,
1382 710 1447 748 ac
1492 708 1588 762 per
1632 707 1692 746 se
1738 691 1895 744 nobis
1935 689 2079 742 viam

496 789 692 843 stravit
715 788 780 842 ad
809 786 1294 842 resurrectionem.
1338 783 1530 840 Veniet
1551 782 1696 837 enim
1727 781 1845 836 suis
1876 790 2083 848 tempo—

497 879 653 934 ribus
693 881 748 931 in
791 877 962 948 gloria
999 876 1178 930 Patris
1219 891 1435 932 omnem
1481 875 1721 928 animam
1768 873 1825 926 in
1868 869 2084 940 justitia

494 971 892 1042 judicaturus:
939 969 1160 1039 quando
1213 983 1405 1023 omnes
1455 966 1550 1035 qui
1611 966 1664 1019 in
1715 961 2085 1018 monumentis

503 1068 632 1115 sunt
687 1061 911 1114 audient
956 1073 1146 1113 vocem
1194 1057 1339 1127 ejus,
1373 1064 1427 1111 et
1466 1055 1761 1125 prodibunt
1799 1053 1891 1122 qui
1945 1052 2085 1104 bona

501 1153 788 1222 egerintin
813 1151 1278 1207 resurrectionem
1322 1151 1469 1211 vita},
1502 1147 1593 1216 qui
1649 1162 1777 1200 vero
1825 1145 1987 1205 mala,
2029 1143 2084 1196 in

507 1243 968 1298 resurrectionem
1026 1241 1217 1311 judicii
1272 1242 1340 1294 ".
1403 1241 1585 1306 Quare
1636 1254 1702 1292 ne
1754 1239 1806 1290 in
1851 1237 2086 1305 aliquem

501 1334 900 1404 simpliciorum
924 1333 1263 1401 inexplorate
1287 1331 1477 1398 illapsa
1503 1327 1754 1382 haeretica
1788 1325 2085 1390 discordia,

501 1441 624 1496 qua:
685 1440 831 1480 nunc
889 1425 956 1478 ab
1015 1423 1282 1478 Eunomio
1331 1423 1763 1484 disseminatur,
1818 1419 2088 1471 sinceram

503 1519 663 1573 ﬁdem
696 1528 747 1570 et
779 1516 1084 1570 doctrinam
1124 1515 1284 1569 laedat
1320 1521 1374 1566 et
1411 1513 1693 1582 depravet,
1724 1515 2090 1580 proponentes

500 1610 901 1679 expositionem
934 1623 1057 1677 quae
1094 1608 1162 1660 ab
1191 1605 1328 1675 ipsis
1373 1602 1783 1662 circumfertur,
1819 1597 2090 1670 dogmatis

503 1702 752 1772 ipsorum
790 1700 1115 1770 pravitatem
1142 1699 1473 1766 redarguere
1494 1693 1842 1750 conabimur.

585 1943 678 1997 Sic
711 1942 875 2011 igitur
906 1937 1111 1991 habent
1164 1933 1331 1990 verba
1377 1929 1689 2002 dogmatis:
1720 1925 1998 1982 Credimus
2036 1925 2092 1977 in
2125 1931 2169 1989 Β
2199 1925 2210 1940 '
2277 1925 2340 2015 .E'

521 2051 685 2088 unum
706 2043 753 2087 et
780 2031 952 2086 solum
980 2043 1156 2082 verum
1190 2025 1355 2079 Deum
1378 2020 1662 2077 secundum
1688 2019 1854 2087 ipsius
1879 2016 2094 2069 Domini

507 2127 828 2187 doctrinam,
863 2138 968 2176 non
996 2119 1214 2173 mentita
1249 2132 1369 2170 voce
1397 2116 1568 2184 ipsum
1592 2111 1814 2165 colentes
1841 2123 1932 2176 (est
1955 2111 2095 2164 enim

509 2219 679 2273 omnis
707 2214 965 2270 mendacii
993 2212 1225 2279 expers),
1256 2207 1346 2262 sed
1380 2223 1498 2261 euut
1529 2205 1751 2275 quivere
1781 2212 1858 2256 est
1899 2212 2093 2255 natura

508 2325 556 2367 ct
577 2311 768 2381 gloria,
800 2308 934 2361 Deus
975 2320 1132 2369 unus,
1169 2302 1362 2371 absque
1399 2299 1685 2369 principio,
1727 2307 1938 2357 wtcrne,
1983 2295 2098 2348 sine

513 2409 638 2476 ﬁne,
671 2406 834 2458 solus.
892 2399 994 2464 Qui
1040 2396 1342 2451 secundum
1377 2392 1590 2446 Domini
1634 2392 1939 2444 doctrinam
1973 2404 2096 2443 cre-

509 2499 639 2552 dere
673 2491 947 2563 promisit,
983 2490 1348 2557 ne'pervertat
1383 2484 1581 2538 factam
1607 2483 1674 2537 ab
1714 2482 2096 2536 universorum

513 2586 746 2639 Domino
786 2582 908 2636 ﬁdei
957 2579 1377 2649 expositionem,
1433 2574 1500 2628 ad
1548 2575 1599 2627 id
1654 2573 1798 2642 quod
1840 2573 1945 2626 sibi
1993 2573 2096 2641 ipsi

511 2679 748 2741 videtur,
793 2674 886 2728 sed
929 2672 1159 2725 voeibus
1198 2685 1227 2722 a
1259 2669 1487 2723 veritate.
1537 2665 1796 2736 profectis
1826 2666 2100 2719 assentia-

511 2777 623 2823 tur.
657 2767 774 2821 lllic
813 2766 979 2835 igitur
1005 2777 1128 2815 cum
1158 2759 1379 2814 verbum
1413 2758 1534 2812 lidei
1559 2757 1955 2825 complectatur
2002 2773 2101 2809 no-

514 2877 636 2914 men
667 2858 867 2918 Patris,
901 2864 954 2910 et
978 2853 1125 2917 Filii,
1158 2861 1213 2907 et
1249 2850 1490 2920 Spiritus
1523 2851 1724 2914 sancti,
1759 2863 1922 2918 quam
1965 2863 2101 2902 con-

517 2951 826 3008 sonantiam
859 2949 1062 3002 habent
1086 2961 1150 3000 ea
1179 2960 1302 3014 quae
1329 2959 1474 2998 nunc
1500 2955 1628 2998 sunt
1650 2943 1950 3012 composita
1976 2956 2100 2994 cum

519 3043 736 3098 Domini
774 3041 1028 3102 vocibus,
1060 3047 1120 3092 ut
1144 3037 1211 3092 ad
1243 3037 1460 3090 illorum
1495 3036 1802 3089 doctrinam
1839 3034 1947 3088 tale
1964 3033 2102 3104 dog-

521 3154 606 3190 ma
623 3135 793 3207 possit
817 3131 1010 3187 rel'erri
1033 3129 1308 3184 ?Ubinam
1335 3129 1474 3184 dixit
1502 3127 1765 3181 Dominus
1783 3126 1839 3179 in
1862 3124 2104 3196 Evange-

522 3229 611 3283 liis
632 3234 887 3296 oportere
909 3222 1134 3277 credere
1158 3221 1212 3275 in
1240 3235 1409 3275 unum
1433 3229 1482 3274 et
1503 3220 1678 3274 solum
1698 3233 1887 3273 verum
1901 3217 2106 3272 Deum?

521 3320 643 3372 Non
661 3323 887 3386 possent
916 3313 1328 3368 ostenderenisi
1365 3311 1724 3380 habeantipsi
1763 3324 1964 3363 novum
2008 3308 2106 3362 ali-
2136 3290 2182 3348 C

522 3409 668 3479 quod
686 3405 1058 3476 Evangelium.
1077 3401 1207 3467 Qum
1224 3403 1368 3456 enim
1390 3401 1456 3455 ab
1476 3401 1718 3470 antiquis
1733 3414 1829 3469 per
1860 3397 2113 3452 traditio-

525 3515 647 3553 nem
681 3497 750 3552 ad
783 3498 899 3550 haec
937 3511 1111 3565 usque
1165 3503 1413 3562 tempora
1462 3492 1518 3545 in
1547 3492 1806 3546 Ecclesiis
1835 3491 2113 3559 leguntur,

526 3593 669 3645 hanc
716 3604 906 3644 vocem
946 3602 1054 3641 non
1077 3585 1384 3648 continent,
1406 3599 1527 3653 quae
1543 3582 1690 3637 dicat
1705 3590 1978 3653 oportere,
1997 3598 2116 3637 cre-

526 3686 658 3738 dere
688 3683 771 3736 vel
793 3680 1071 3750 baptizare
1105 3679 1160 3732 in
1194 3691 1362 3730 unum
1403 3683 1456 3730 et
1480 3677 1656 3730 solmn
1692 3690 1881 3729 verum
1925 3674 2115 3739 Deum,

528 3775 986 3845 quemadmodum
1005 3773 1092 3828 isti
1109 3779 1416 3832 autumant,
1434 3768 1528 3823 sed
1563 3768 1616 3822 in
1638 3783 1836 3822 nomen
1850 3767 2046 3832 Patris,
2063 3774 2119 3822 et

529 3867 679 3931 Filii,
711 3875 764 3920 et
794 3864 1035 3935 Spiritus
1066 3861 1265 3916 sancti.
1297 3857 1409 3914 Nos
1445 3867 1626 3912 autem
1663 3857 1808 3912 sicut
1861 3871 1890 3908 a
1935 3855 2120 3910 Domi-

536 3960 591 4012 ni
617 3972 754 4012 voce
795 3958 973 4010 cdocti
1007 3954 1242 4017 fuimus,
1278 3953 1380 4005 hoc
1420 3951 1718 4005 asset-imus
1769 3949 1913 4018 quod
1957 3964 2121 4001 unum

533 4068 643 4106 non
676 4049 890 4104 Patrem
935 4046 1206 4117 signiﬁcat
1243 4046 1443 4108 solum,
1470 4041 1567 4097 sed
1595 4043 1758 4096 etiam
1796 4039 1996 4094 Filium
2042 4042 2122 4095 si-

536 4143 650 4196 mul
683 4157 807 4194 cum
845 4139 1005 4193 Patre
1044 4137 1408 4199 demonstrat,
1457 4151 1582 4190 cum
1632 4136 1713 4189 sic
1759 4133 1896 4188 dixit
1946 4133 2126 4189 Domi-

538 4249 666 4296 nus,
699 4230 811 4300 Ego
834 4240 882 4284 et
914 4229 1078 4282 Pater
1116 4244 1278 4280 unum
1337 4243 1520 4280 sumus
1576 4225 1642 4278 “.
1701 4225 2014 4291 Quinetiam
2069 4233 2125 4280 et

535 4324 756 4378 deitatis
797 4320 1089 4392 appellatio
1135 4319 1422 4388 aequaliter
1469 4318 1723 4387 imposita
1759 4326 1927 4372 estet
1973 4318 2126 4387 prin-

537 4405 704 4484 cipio,
733 4416 785 4467 in
809 4429 918 4483 quo
950 4421 1068 4466 erat
1093 4409 1357 4475 Verbum,
1397 4421 1451 4464 et
1483 4411 1585 4480 ipsi
1626 4410 1804 4464 Verbo
1828 4410 1975 4478 quod
2009 4417 2128 4464 erat

540 4509 593 4561 in
628 4505 916 4576 principio.
961 4503 1103 4558 Dixit
1138 4502 1284 4557 enim
1320 4501 1466 4571 quod
1521 4502 1685 4556 etiam
1738 4499 1962 4554 Verbum
2010 4509 2125 4553 erat

543 4595 685 4662 apud
713 4594 883 4649 Deum
915 4595 958 4625 "
987 4634 1002 4658 ,
1034 4602 1089 4648 et
1109 4593 1255 4664 quod
1282 4592 1420 4647 Deus
1439 4601 1555 4646 erat
1596 4591 1844 4646 Verbum.
1883 4591 1956 4644 Ita
1985 4601 2044 4644 ut
2071 4592 2124 4645 in

547 4687 772 4742 deitatis
802 4655 1143 4756 signiﬁcato:
1175 4685 1342 4739 simul
1375 4699 1498 4737 cum
1544 4681 1707 4737 Patre
1743 4680 1917 4735 Filius
1966 4682 2126 4734 intel-
2159 4655 2202 4710 θ

542 4780 766 4848 ligatur.
807 4775 1080 4831 Praaterea
1107 4775 1162 4830 id
1187 4775 1332 4846 quod
1353 4775 1593 4829 essentia
1627 4783 1819 4828 ver-dm
1846 4782 1949 4837 est,
1993 4771 2129 4825 nihil

547 4871 696 4926 aliud
729 4880 927 4940 praeter
961 4869 1246 4923 veritatem
1273 4875 1455 4937 potest
1479 4863 1730 4935 intelligi.
1757 4864 1913 4931 Quod
1946 4873 2127 4919 autem

547 4964 811 5017 Dominus
851 4964 923 5017 sit
949 4961 1175 5024 veritas,
1209 4961 1394 5013 nullus
1434 4959 1775 5012 contradicct
1809 4959 1996 5028 plane,
2017 4957 2126 5012 nisi

548 5073 577 5108 a
613 5053 845 5108 veritate
907 5053 1099 5106 devius
1133 5065 1362 5120 prorsus
1392 5059 1447 5104 et
1493 5051 1726 5106 alienus.
1770 5051 1828 5106 Si
1860 5051 2027 5122 igitur
2071 5051 2128 5104 in

552 5162 666 5202 uno
692 5146 931 5200 Verbum
963 5151 1068 5203 est,
1106 5153 1160 5198 et
1196 5142 1338 5197 Deus
1364 5151 1448 5198 est
1481 5150 1536 5198 et
1584 5145 1808 5207 veritas,
1861 5143 2130 5213 quemad-

552 5239 778 5294 modum
835 5238 888 5290 in
922 5235 1230 5305 Evangeliis
1254 5234 1605 5305 praedicatur,
1640 5234 1706 5288 ad
1738 5250 1901 5306 quam
1951 5234 2133 5288 Domi-

554 5332 609 5386 ni
639 5330 945 5384 doctrinam
978 5326 1146 5382 refert
1186 5325 1317 5379 illud
1355 5326 1574 5397 dogma,
1632 5328 1724 5397 qui
1771 5327 1858 5383 his
1899 5325 2135 5382 distinc-

2185 687 2286 756 τῆς
2329 685 2648 756 λυτρὼσεως
2676 685 2784 736 τῶν
2835 682 3020 753 ψυχῶν
3054 683 3228 752 ἡμῶν,
3273 682 3334 734 τὸ
3378 683 3558 752 τίμιον
3595 681 3761 736 αὐτοῦ

2185 771 2343 846 αἷμα,
2371 777 2400 829 ὃ
2425 776 2604 846 ἐξέχεε
2635 776 2721 828 διὰ
2752 774 2845 827 τοῦ
2870 774 3103 843 σταυροῦ
3124 790 3136 802 ·
3170 774 3260 826 καὶ
3288 774 3609 844 ὀδοποιήσας
3627 775 3762 844 ἡμῖν

2186 867 2254 920 δι’
2285 867 2604 938 ἐαυτοῦ-τὴν
2645 867 2707 918 ἐκ
2738 864 2945 936 νεκρῶν
2986 865 3280 918 ἀνάστασιν
3301 881 3315 895 ·
3348 865 3468 934 ἥξει
3498 865 3608 936 γὰρ
3640 882 3764 919 και-

2187 961 2300 1030 ροῖς
2332 957 2478 1020 ἰδίοις
2504 959 2559 1010 ἐν
2588 959 2652 1026 τῇ
2675 955 2800 1029 δόξῃ
2819 955 2910 1008 τοῦ
2943 954 3153 1026 [ἰατρὸς
3179 957 3360 1025 κρῖναι
3390 957 3568 1008 πᾶσαν
3586 955 3764 1027 ψυχὴν

2187 1051 2244 1102 ὲν
2290 1047 2602 1120 δικαιοσύνῃ
2629 1063 2642 1076 ·
2695 1049 2783 1100 ὅτε
2846 1048 3044 1108 πάντες
3105 1048 3152 1099 οἱ
3205 1049 3261 1098 ἐν
3307 1050 3419 1110 τοῖς
3479 1057 3765 1118 μνημείοις

2187 1139 2509 1193 ἀκούσονται
2554 1138 2653 1207 τῆς
2693 1138 2872 1209 φωνῆς
2902 1137 3064 1190 αὑτοῦ
3102 1154 3115 1167 ·
3170 1138 3261 1190 καὶ
3305 1138 3670 1205 ἐξελεύσονται
3713 1141 3764 1193 οἱ

2192 1233 2288 1303 μὲν
2318 1229 2384 1284 τὰ
2409 1231 2586 1299 ἀγαθά
2617 1232 2941 1301 ποιήσαντες
2976 1233 3054 1292 εἰς
3091 1231 3384 1284 ἀνάστασιν
3413 1231 3557 1303 ζωῆς
3579 1249 3594 1263 -
3630 1234 3678 1286 οἱ
3708 1233 3765 1286 δὲ

2188 1323 2255 1375 τὰ
2282 1321 2461 1390 φαῦλα
2489 1323 2815 1393 πράξαντες,
2846 1323 2926 1385 εἰς
2969 1323 3262 1375 ἀνάστασιν
3289 1323 3542 1389 κρίσεως.
3586 1325 3674 1387 Ὠς
3701 1323 3770 1378 ἂν

2193 1414 2330 1486 μηδέ
2371 1432 2476 1468 τινι
2504 1413 2613 1468 τῶν
2661 1414 3042 1485 ἁπλουστέρων
3076 1414 3446 1479 ἀνεξετάστως
3478 1433 3765 1486 παρεμπε-

2193 1504 2361 1558 σοῦσα
2390 1506 2423 1576 ἡ
2453 1506 2701 1576 αἱρετικὴ
2727 1504 2974 1576 διαφορὰ,
3014 1507 3048 1577 ἡ
3077 1506 3171 1558 νῦν
3197 1506 3348 1577 παρά
3375 1505 3467 1559 τοῦ
3502 1506 3767 1578 Εὑνομίου

2189 1597 2609 1669 διασπειρομένη
2635 1639 2650 1663 ,
2702 1599 2920 1669 βλάψειε
2963 1599 3063 1671 τὴν
3111 1599 3403 1671 ἀκέραιον,
3459 1600 3771 1669 ἀναγκαίως

2194 1690 2573 1758 προστιθέντες
2632 1690 2730 1763 τὴν
2782 1687 3219 1764 περιφερομένην
3274 1694 3403 1764 παρ’
3455 1694 3634 1748 αύτῶν
3678 1693 3778 1746 ἐγ-

2194 1778 2362 1844 θεσιν,
2394 1781 2662 1851 διελέγξαι
2689 1783 2786 1856 τὴν
2813 1784 3010 1838 κακίαν
3037 1783 3129 1837 τοῦ
3157 1785 3423 1854 δόγματος
3451 1786 3630 1838 αὐτῶν
3664 1803 3778 1839 πει-

2199 1871 2495 1940 ρασόμεθα.
2843 1884 2848 1891 “

2346 1981 2428 2033 χει
2461 1964 2641 2016 τοίνυν
2667 1965 2700 2034 ἡ
2730 1962 2876 2028 λέξις
2897 1963 2989 2017 τοῦ
3017 1965 3301 2034 δόγματος,
3337 1964 3479 2018 οὕτω
3497 1983 3510 1997 ·
3533 1967 3776 2019 Πιστεύ-

2206 2070 2353 2120 ομεν
2379 2056 2465 2118 εις
2488 2053 2592 2105 τὸν
2615 2053 2724 2107 ἕνα
2755 2053 2851 2107 καὶ
2884 2055 3077 2122 μόνον
3123 2053 3412 2121 ἀληθινὸν
3452 2054 3602 2109 Θεὸν
3629 2055 3778 2109 κατὰ

2203 2143 2318 2209 τὴν
2345 2144 2532 2197 αὐτοῦ
2565 2145 2673 2198 τοῦ
2704 2147 2924 2212 Κυρίου
2970 2144 3372 2200 διδασκωπαν
3392 2164 3406 2177 ο
3456 2149 3567 2200 οὐκ
3601 2149 3782 2215 ἐψευ-

2203 2235 2396 2303 σμένῃ
2428 2233 2598 2303 φωνῇ
2623 2237 2903 2305 τιμῶντες
2927 2239 3114 2290 αὐτόν
3131 2253 3143 2265 ·
3179 2238 3310 2291 ἐστι
3335 2237 3445 2307 γὰρ
3471 2237 3744 2306 ἀψευδής
3761 2254 3777 2269 ο

2204 2327 2342 2381 ἀλλ’
2380 2327 2564 2394 ὄντως
2607 2328 2751 2381 ὄντα
2783 2330 2964 2397 φύσει
2998 2345 3064 2381 τε
3112 2328 3211 2381 καὶ
3253 2327 3401 2397 δόξῃ
3459 2329 3607 2382 Θεὸν
3651 2328 3777 2394 ἕνα,

2204 2418 2498 2487 ἀνάρκως,
2545 2419 2766 2484 «nam,
2811 2419 3236 2486 ἀτελευτήτως,
3276 2421 3487 2489 μόνον.
3545 2419 3604 2474 ⁸0
3645 2421 3784 2475 κατά

2205 2510 2303 2578 τὴν
2352 2509 2444 2562 τοῦ
2496 2509 2696 2580 Κυρίου
2744 2509 3088 2563 διδασκαλίαν
3139 2509 3414 2563 πιστεύειν
3454 2511 3784 2579 ἐπαγγειλά-

2210 2619 2389 2670 μενος,
2422 2601 2497 2672 μὴ
2525 2602 2921 2672 παρατρεπέτω
2943 2603 3040 2672 τὴν
3077 2603 3224 2672 παρά
3251 2602 3344 2654 τοῦ
3378 2604 3648 2656 Δεσπότου
3677 2603 3784 2656 τῶν

2207 2696 2342 2747 ὅλων
2370 2695 2664 2765 γενομένην
2696 2696 2792 2764 τῆς
2829 2696 3063 2757 πίστεως
3093 2694 3325 2757 ἔκθεσιν,
3355 2697 3490 2766 πρὸς
3526 2697 3586 2749 τὸ
3609 2698 3786 2769 ἐαυτῷ

2206 2785 2397 2839 δοκοῦν
2422 2804 2434 2817 ·
2487 2785 2600 2838 ἀλλ’
2642 2785 2999 2839 ἀκολουθείτω
3043 2790 3161 2849 ταῖς
3205 2788 3354 2857 παρά
3399 2790 3498 2858 τῆς
3530 2788 3789 2860 ἀληθείας

2210 2882 2432 2946 φωναῖς.
2483 2879 2629 2931 Ἐκεῖ
2670 2879 2847 2931 τοίνυν
2893 2879 2986 2931 τοῦ
3019 2878 3176 2946 λόγου
3215 2879 3315 2948 τῆς
3359 2881 3592 2942 πίστεως
3633 2897 3786 2951 περι-

2211 2971 2426 3042 έχοντος
2458 2971 2516 3022 τὸ
2547 2971 2717 3040 ὄνομα
2743 2971 2836 3024 τοῦ
2869 2971 3099 3041 Πατρὸς.
3131 2973 3224 3024 καὶ
3257 2971 3350 3024 τοῦ
3383 2970 3535 3036 Υἱοῦ,
3566 2973 3661 3026 καὶ
3691 2972 3786 3026 τοῦ

2212 3061 2370 3130 ἁγίου
2397 3061 2536 3114 Πνεύ
2547 3078 2732 3130 ματος,
2763 3061 2884 3115 τίνα
2905 3062 3222 3130 συμφωνίαν
3246 3061 3360 3132 ἔχει
3391 3063 3458 3116 τὰ
3481 3063 3574 3116 νῦν
3606 3080 3788 3116 συντε-

2211 3154 2435 3225 θειμένα
2456 3153 2591 3224 πρὸς
2615 3152 2713 3217 τὰς
2744 3152 2836 3206 τοῦ
2861 3153 3128 3206 Δεσπότου
3152 3155 3332 3224 φωνάς
3354 3173 3366 3184 ·
3402 3155 3540 3209 ὥστε
3591 3157 3670 3219 εἰς
3690 3156 3790 3224 τὴν

2212 3246 2435 3299 ἐκείνων
2486 3243 2832 3299 διδασκαλίαν
2857 3245 2918 3297 τὸ
2958 3245 3197 3298 τοιοῦτον
3238 3247 3529 3317 ἀναφέρειν
3574 3246 3787 3317 δόγμα;

2213 3337 2324 3390 Ποῦ
2349 3337 2527 3389 τοίνυν
2553 3331 2672 3388 εἷπε
2697 3336 2806 3388 δεῖν
2835 3336 3109 3389 πιστεύειν
3147 3339 3226 3400 είς
3254 3337 3342 3390 τὸν
3379 3338 3476 3392 ἕνα
3504 3338 3598 3391 καὶ
3631 3340 3792 3408 μόνον

2215 3427 2464 3497 ἀληθινὸν
2494 3427 2624 3479 Θεὸν
2654 3429 2710 3480 ἐν
2739 3430 2851 3489 τοῖς
2882 3427 3230 3496 Εὐαγγελίοις
3271 3431 3299 3481 ὁ
3322 3427 3525 3498 Κύριος
3545 3445 3558 3458 ·
3595 3430 3692 3482 οὐκ
3728 3428 3792 3481 ἃν

2216 3521 2387 3590 ἔχοιεν
2410 3519 2688 3584 ἐπιδεῖξαι,
2718 3521 2766 3571 εί
2797 3521 2870 3588 μή
2899 3536 2950 3571 τι
2980 3519 3097 3572 νέον
3118 3520 3234 3572 ἐστὶ
3263 3521 3393 3590 παρ’
3421 3521 3602 3583 αὐτοῖς
3623 3521 3795 3588 Εὐαγο

2220 3607 2400 3674 γέλιον
2419 3621 2432 3634 '
2469 3605 2505 3659 ἃ
2530 3605 2637 3675 γὰρ
2670 3603 2729 3669 ἐξ
2753 3606 2991 3677 ἀρχαίων
3025 3608 3185 3679 μέχρι
3207 3607 3301 3660 τοῦ
3327 3608 3422 3661 νῦν
3456 3609 3597 3663 κατά
3624 3608 3796 3662 διαδο·

2221 3695 2321 3766 χὴν
2353 3696 2410 3749 ἐν
2436 3696 2556 3756 ταῖς
2598 3695 2944 3765 Ἐκκλησίαις
2984 3697 3436 3766 ἀναγινώσκεται,
3467 3699 3668 3770 ταύτην
3695 3700 3795 3769 τὴν

2221 3785 2404 3854 φωνὴν
2431 3786 2491 3838 οὐ
2528 3785 2772 3856 περιέχει
2809 3787 2909 3858 τὴν
2945 3786 3209 3856 λέγουσαν
3239 3805 3254 3819 ·
3297 3788 3406 3842 δεῖν
3445 3790 3720 3844 πιστεύειν
3759 3791 3793 3862 ἢ

2223 3878 2498 3948 βαπτίζειν
2528 3881 2607 3940 εἰς
2634 3878 2725 3930 τὸν
2749 3879 2844 3931 ἕνα
2871 3880 2964 3932 καὶ
2995 3881 3153 3950 μόνον
3174 3880 3420 3951 ἀληθινὸν
3445 3882 3594 3945 Θεὸν,
3617 3883 3797 3946 καθὼς

2221 3963 2367 4023 οὗτοι
2398 3970 2646 4037 λέγουσιν
2671 3987 2682 3999 ·
2729 3971 2844 4024 ἀλλ’
2885 3973 2963 4034 εἰς
2991 3973 3052 4024 τὸ
3083 3973 3252 4043 ὄνομα
3297 3973 3392 4026 τοῦ
3441 3975 3672 4043 Πατρὸς,
3704 3977 3798 4028 καὶ

2222 4063 2318 4116 τοῦ
2358 4063 2520 4124 Υίοῦ,
2559 4063 2650 4115 καὶ.
2692 4063 2784 4114 τοῦ
2827 4064 2981 4130 ἁγίου
3025 4065 3361 4134 Πνεύματος.
3418 4067 3504 4130 Ὠς
3546 4068 3603 4120 δὲ
3639 4069 3798 4138 ἡμεῖς

2227 4155 2378 4227 παρά
2419 4155 2516 4223 τῆς
2554 4155 2649 4207 τοῦ
2683 4156 2952 4208 Δεσπὸτου
3003 4158 3186 4227 φωνῆς
3225 4158 3597 4229 ἐδιδάχθημεν,
3640 4161 3800 4215 τοῦτο

2227 4245 2434 4316 φαμέν·
2481 4246 2650 4298 ὅτιτὸ
2683 4249 2792 4300 Ἓν
2835 4248 2892 4298 ού
2937 4249 3027 4300 τὸν
3070 4249 3286 4321 Πατέρα
3319 4253 3569 4320 σημαίνει
3619 4252 3796 4322 μόνον,

2226 4337 2363 4390 ἀλλά
2392 4338 2485 4389 καὶ
2513 4337 2604 4389 τὸν
2639 4338 2767 4390 Υίδν
2798 4337 2874 4408 τῷ
2912 4341 3087 4411 Πατρὶ
3117 4342 3542 4396 συνενδείκνυται
3573 4363 3584 4375 ·
3629 4344 3799 4408 οὕτως

2227 4429 2475 4490 εἰπόντος
2513 4427 2606 4480 τοῦ
2654 4429 2892 4498 Κυρίου,
2956 4430 3038 4482 ὅτι
3088 4431 3234 4500 Ἐγὼ
3278 4433 3376 4487 καί
3415 4437 3447 4487 ό
3491 4435 3692 4504 Πατὴρ
3733 4435 3802 4489 ἐν

2229 4519 2442 4584 ἐσμέν.
2491 4518 2722 4589 Ὁμοίως
2742 4517 2863 4572 καὶ·
2883 4519 2944 4573 τὸ
2965 4519 3212 4591 θεότητος
3239 4522 3426 4593 ὄνομα,
3457 4523 3648 4593 ἐπίσης
3681 4527 3802 4577 ἐπι-

2232 4611 2513 4679 κέκληται,
2547 4611 2612 4678 τῇ
2652 4625 2710 4660 τε
2753 4609 2892 4677 ἀρχῇ
2933 4610 2990 4661 ὲν
3100 4613 3128 4664 ὁ
3166 4611 3370 4680 Λόγος,
3414 4615 3613 4681 καὶτῷ
3652 4616 3708 4666 ἐν
3735 4618 3803 4687 τῇ

2231 4702 2371 4771 ἀρχῇ
2401 4700 2515 4752 δντι
2545 4700 2732 4769 Λόγῳ·
2773 4695 2892 4752 εἷπε
2921 4699 3026 4772 γὰρ
3049 4704 3128 4754 ὅτι
3158 4704 3255 4756 καὶ
3285 4707 3317 4757 o'
3341 4707 3531 4774 Λόγος
3555 4707 3636 4775 ἦν
3659 4707 3807 4775 πρὸς

2224 4793 2334 4847 τὸν
2361 4793 2528 4855 ﬂeor,
2572 4793 2664 4843 καὶ
2699 4791 2841 4857 Θεὸς
2870 4787 2947 4860 ἦν
2975 4795 3007 4844 ό
3041 4795 3229 4859 Λόγος
3253 4809 3265 4822 ·
3316 4795 3455 4848 ὥστε
3497 4799 3589 4850 καὶ
3636 4799 3693 4850 ἐν
3730 4800 3808 4868 τῷ

2224 4885 2322 4954 τῆς
2359 4884 2617 4952 Θεότητος
2651 4881 3030 4952 σημαινομένῳ
3056 4883 3256 4952 ὁμοίως
3283 4884 3357 4955 τῷ
3387 4889 3562 4958 Πατρὶ
3595 4889 3687 4940 καὶ
3720 4889 3808 4942 τὸν

2226 4977 2354 5029 Υἱδν
2390 4974 2834 5046 συνθεωρείσθαι.
2888 4974 3031 5044 Πρὸς
3071 4975 3279 5040 τούτοις
3326 4979 3382 5030 δὲ
3441 4981 3534 5033 καὶ
3571 4981 3631 5032 τὸ
3679 4980 3809 5050 ἀλη-

2229 5067 2391 5130 θινὸν,
2417 5067 2544 5120 ἄλλο
2565 5083 2617 5118 τι
2640 5070 2788 5137 παρά
2810 5067 2907 5138 τὴν
2929 5069 3184 5138 ἀλήθειαν
3204 5069 3458 5140 νοηθῆναι
3479 5072 3539 5123 ού
3563 5072 3806 5126 δύναταιο

2229 5164 2312 5217 ὅτι
2343 5164 2399 5215 δὲ
2433 5163 2656 5234 ἀλήθεια
2683 5165 2710 5215 ὁ
2737 5163 2962 5234 Κύριος,
2998 5164 3172 5228 οὐδεὶς
3201 5166 3462 5232 ἀντιλέξει
3496 5167 3733 5231 πάντως,
3759 5170 3809 5221 εί

2233 5254 2308 5324 μή
2342 5270 2426 5316 τις
2455 5252 2538 5323 εἴη
2574 5255 2672 5323 τῆς
2701 5253 2957 5323 ἀληθείας
2987 5255 3281 5326 ἀλλότριος.
3336 5257 3398 5309 Εἰ
3424 5258 3604 5309 τοίνυν
3628 5259 3720 5312 καὶ
3753 5260 3811 5311 ἐν

2231 5343 2310 5413 τῷ
2338 5344 2418 5395 ἐνὶ
2484 5343 2512 5394 ὁ
2550 5343 2719 5412 Λόγος
2756 5343 2872 5397 ἐστί
2901 5363 2914 5376 ·
2964 5347 3058 5399 καὶ
3092 5347 3222 5410 Θεός
3265 5350 3400 5413 ἐστι,
3444 5351 3536 5402 καὶ
3565 5349 3810 5419 ἀλήθεια,

555 5421 686 5476 tivis
717 5419 947 5473 vocibus
983 5425 1068 5471 est
1119 5417 1288 5470 usus?
1335 5416 1466 5472 Nam
1499 5417 1775 5472 contraria
1823 5417 2112 5474 dili‘erenti:

2235 5428 2416 5492 καθὼς
2441 5431 2499 5481 ὲν
2527 5433 2640 5493 τοῖς
2673 5431 3020 5501 Εύαγγελίοις
3045 5435 3398 5507 κηρύσσεται,
3431 5440 3507 5500 εἰς
3539 5439 3696 5492 ποίαν
3715 5439 3810 5493 τοῦ

557 5513 732 5568 solius
763 5509 830 5563 ad
869 5524 977 5563 non
1008 5508 1209 5572 solum,
1245 5518 1329 5563 est
1367 5509 1532 5563 etiam
1559 5508 1651 5564 Dei
1687 5510 1753 5565 ad
1785 5526 1895 5564 non
1936 5511 2131 5576 Deum,

555 5615 613 5659 et
646 5603 756 5658 veri
797 5601 865 5656 ad
905 5617 1014 5656 non
1048 5617 1259 5656 verum.
1315 5600 1372 5655 Si
1416 5602 1578 5672 igitur
1615 5603 1680 5658 ad
1730 5603 1872 5658 idola
1922 5606 2137 5661 intuen-

562 5707 666 5759 tes,
699 5697 842 5749 lianc
885 5694 952 5746 ad
993 5694 1081 5746 illa
1129 5694 1423 5747 verborum
1475 5693 1759 5750 adversam
1810 5696 2134 5753 divisionem

558 5787 790 5850 faciunt,
816 5802 915 5841 nos
930 5786 1089 5840 etiam
1115 5786 1467 5841 assentimur.
1504 5785 1782 5855 Siquidem
1824 5803 1920 5856 per
1953 5789 2144 5845 homo-

634 5901 681 5932 “
720 5899 874 5954 Joan.
905 5899 1067 5967 v,29.
1131 5901 1176 5930 εδ
1211 5897 1366 5954 Joan.
1407 5915 1458 5962 κ,
1485 5899 1572 5953 50.
1655 5897 1857 5953 "Joan.
1893 5915 1930 5964 ι,
1967 5903 2012 5954 l.

2240 5521 2447 5592 Κυρίου
2479 5521 2824 5576 διδασκαλίαν
2853 5525 3111 5596 ἀναφέρει
3143 5527 3204 5579 τὸ
3241 5529 3437 5597 δόγμα,
3481 5532 3510 5582 ὁ
3541 5533 3659 5594 ταῖς
3697 5532 3813 5584 δια-

2244 5613 2554 5676 σταλτικαῖς
2579 5614 2804 5678 ταύταις
2828 5619 3030 5686 φωναῖς
3052 5620 3418 5690 κεχρημένος;
3460 5622 3522 5673 Ἥ
3546 5621 3654 5692 γὰρ
3675 5622 3818 5675 ἀντι-

2241 5705 2491 5778 διαστολὴ
2521 5707 2615 5760 τοῦ
2647 5709 2809 5779 μόνου
2839 5710 2974 5782 πρὸς
3005 5713 3096 5766 τὸν
3128 5714 3200 5784 μὴ
3233 5714 3415 5784 μόνον,
3445 5717 3560 5768 ἐστὶ
3597 5719 3692 5771 καὶ
3721 5714 3817 5770 τοῦ

2251 5795 2386 5848 θεοῦ
2419 5797 2552 5867 πρὸς
2586 5797 2675 5850 τὸν
2708 5798 2781 5869 μὴ
2811 5799 2940 5853 Θεόν
2971 5820 2981 5831 ·
3029 5804 3120 5855 καὶ
3158 5804 3248 5856 τοῦ
3291 5805 3540 5880 ἀληθινοῦ
3574 5810 3702 5881 πρὶς
3727 5808 3819 5864 τὸν
