4146 6370
379 514 487 569 47⁸1

1509 511 1788 569 CONTRA
1821 511 2226 580 EUNOMIUM,
2269 513 2401 569 LIB.
2441 512 2509 569 ll.

3549 522 3653 575 478

379 626 455 698 μὴ
486 626 740 696 ἀληθινόν
770 643 782 656 ’
835 626 884 680 εί
925 625 1023 698 μὲν
1056 620 1149 680 οῦν
1180 626 1317 697 πρὸς
1345 626 1412 679 τὰ
1448 626 1641 681 εἴδωλα
1680 628 1966 699 βλέποντες

2071 629 2313 700 nymiam
2378 630 2598 684 deitatis
2650 646 2847 686 nomen
2879 635 3120 704 gentium
3160 635 3321 689 idolis
3366 635 3653 690 tribuitur:

376 718 513 788 πρός
532 719 715 771 ἐκεῖνα
737 718 1011 771 ποιοῦνται
1031 716 1127 789 τὴν
1148 716 1255 769 τῶν
1278 718 1539 787 ῥημάτων
1560 719 1964 790 ἀντιδιαίρεσιν,

378 808 473 861 xai
497 809 657 877 ἡμεῖς
693 806 1053 877 συντιθέμεθα
1073 823 1087 839 ’
1132 805 1253 859 καθ’
1284 807 1606 878 ὁμωνυμίαν
1635 808 1744 879 γὰρ
1774 810 1835 861 τὸ
1868 810 1965 877 τῆς

381 898 631 969 θεότητος
670 898 839 968 ὄνομα
873 902 984 961 τοῖς
1013 896 1250 961 εἰδώλοις
1277 898 1385 950 τῶν
1411 898 1581 953 ὲθνῶν
1613 901 1919 968 ὲπιλέγεται
1947 917 1960 930 ·

383 990 617 1055 Πάντες
637 990 747 1059 γὰρ
763 993 815 1043 οἱ
833 990 953 1044 θεοὶ
969 990 1086 1043 τῶν
1109 990 1299 1043 ἐθνῶν
1316 990 1591 1060 δαιμόνια
1608 1007 1622 1021 °
1661 992 1765 1045 καὶη
1793 992 1963 1056 ἄλλως

380 1083 515 1152 πρὸς
542 1082 601 1134 τὸ
634 1082 835 1152 πλῆθος
866 1082 1183 1150 ἀντιδιαιρεῖ
1210 1084 1301 1135 τὸν
1342 1084 1499 1153 μόνον
1524 1100 1536 1113 ·
1584 1087 1675 1138 καὶ
1720 1085 1854 1158 πρὸς
1896 1086 1965 1139 τὰ

379 1173 551 1243 ψευδῆ
580 1173 669 1226 τὸν
697 1173 948 1243 ἀληθινόν
974 1190 988 1204 '
1038 1175 1131 1227 καὶ
1167 1176 1292 1238 τοὺς
1331 1175 1405 1246 μὴ
1441 1175 1601 1239 ὄντας
1638 1177 1795 1241 θεοὺς
1828 1178 1966 1248 πρὸς

379 1267 472 1318 τὸν
497 1265 625 1320 ὅντα
653 1265 805 1319 Θεόν.
832 1266 894 1319 Ei
921 1266 979 1318 δὲ
1000 1266 1135 1336 πρὸς
1160 1266 1251 1319 τὸν
1283 1268 1561 1339 Μονογενῆ
1583 1268 1731 1332 Θεὸν,
1758 1271 1790 1337 ἡ
1817 1271 1964 1322 ἀντι-

381 1356 644 1427 διαίρεσις
665 1356 893 1424 γίνεται,
934 1355 1256 1425 μαθέτωσαν
1291 1356 1341 1408 οἱ
1382 1357 1535 1426 σοφοί
1563 1373 1577 1387 '
1622 1358 1702 1409 ὅτι
1741 1357 1965 1428 ἀλήθεια

384 1449 521 1520 πρὸς
563 1450 720 1519 μόνον
748 1448 809 1500 τὸ
838 1447 1030 1516 ψεῦδος
1075 1446 1171 1517 τὴν
1216 1447 1622 1519 ἀντιδιαστολὴν
1668 1449 1779 1519 ἔχει
1807 1467 1821 1481 ·
1872 1452 1965 1503 καὶ

383 1543 515 1604 Θεὸς
546 1541 681 1612 πρὸς
717 1541 807 1593 τὸν
843 1539 915 1610 μὴ
943 1540 1071 1593 ὄντα
1094 1540 1257 1592 Θεόν·
1288 1540 1381 1593 τοῦ
1413 1540 1469 1593 δὲ
1502 1539 1703 1612 Κυρίου
1735 1542 1792 1605 ὃς
1818 1543 1965 1596 ἐστιν

383 1638 609 1709 ἀλήθεια
637 1637 770 1690 Θεοῦ
803 1639 973 1700 δντος,
1016 1639 1109 1690 καὶ
1140 1640 1196 1689 ἐν
1225 1637 1303 1707 τῷ
1346 1638 1520 1708 Πατρὶ
1545 1637 1725 1700 ὄντοςο
1770 1636 1865 1688 καὶ
1906 1637 1965 1688 ἓν

384 1730 519 1800 πρὸς
547 1730 637 1782 τὸν
669 1730 885 1799 Πατέρα
912 1728 1083 1793 ὄντος,
1117 1731 1173 1782 αἱ
1208 1729 1578 1783 διασταλτικαὶ
1607 1724 1764 1782 αῦται
1792 1728 1965 1797 φωναὶ

383 1823 475 1873 ἐπὶ
502 1816 593 1873 τοῦ
624 1820 888 1890 δόγματος
918 1820 1099 1892 χώραν
1133 1821 1233 1873 οὑκ
1266 1820 1478 1892 ἔχουσιν
1504 1837 1516 1850 ·
1553 1822 1581 1872 ό
1610 1820 1719 1892 γὰρ
1751 1819 1966 1890 ἀληθῶς

383 1915 462 1976 εἰς
491 1912 580 1967 τὸν
611 1912 704 1967 ἕνα
736 1913 1006 1965 πιστεύων
1036 1912 1223 1982 βλέπει
1257 1915 1313 1966 ὲν
1349 1914 1426 1984 τῷ
1456 1913 1557 1975 ἑνὶ,
1598 1913 1689 1965 τὸν
1722 1913 1809 1966 διὰ
1838 1913 1967 1967 πάν-

381 2020 489 2055 των
534 2003 682 2073 αὑτῷ
712 2000 1008 2074 ἡνωμένον,
1037 2006 1093 2058 ὲν
1127 2004 1354 2077 ἀληθείᾳ
1393 2021 1453 2057 τε
1485 2006 1579 2058 καὶ
1605 2003 1839 2073 θεότητι,
1870 2003 1966 2057 καὶ

382 2095 561 2165 οὐσίᾳ,
606 2096 697 2147 καὶ
727 2094 860 2164 ζωῇ,
904 2096 998 2147 καὶ
1027 2096 1189 2166 σοφίᾳ
1219 2112 1232 2127 ο
1280 2095 1375 2147 καὶ
1413 2096 1577 2148 πᾶσιν
1605 2093 1962 2160 ἁπαξαπλῶς.

388 2187 457 2238 Ἤ
500 2188 549 2239 εί
587 2184 660 2256 μὴ
693 2186 875 2255 βλέπει
905 2188 961 2240 ὲν
988 2185 1067 2257 τῷ
1099 2187 1178 2239 ἑνὶ
1206 2186 1296 2239 τὸν
1326 2187 1501 2239 ταῦτα
1525 2186 1674 2251 ὄντα,
1709 2188 1786 2249 είς
1815 2186 1966 2239 οὐδὲν

394 2277 508 2347 ἔχει
547 2278 644 2346 τὴν
681 2277 883 2342 πίστιν,
919 2278 1086 2347 χωρὶς
1113 2276 1222 2349 γὰρ
1259 2277 1391 2329 Υίοῦ
1429 2278 1615 2347 Πατὴρ
1646 2276 1769 2330 οῦτε
1822 2276 1967 2329 ἐστὶν

384 2368 507 2422 οὑτε
538 2369 756 2437 λέγεται
778 2387 789 2399 ·
828 2369 951 2423 οῦτε
991 2370 1095 2442 μὴν
1130 2371 1298 2441 χωρὶς
1330 2370 1613 2440 δυνάμεως
1647 2372 1675 2423 ό
1701 2368 1925 2432 δυνατός
1949 2356 1975 2399 ³

384 2459 507 2514 οὔτε
531 2462 696 2532 χωρὶς
722 2462 910 2531 σοφίας
932 2465 959 2516 ὁ
988 2464 1165 2531 σοφός·
1192 2462 1426 2533 Χριστὸς
1445 2461 1553 2534 γὰρ
1579 2461 1713 2515 Θεοῦ
1737 2462 1969 2531 δύναμις

384 2554 477 2621 καί
496 2553 655 2621 σοφία
687 2552 841 2606 Θεοῦ.
871 2554 1034 2607 Ὥστε
1052 2558 1079 2608 ό
1095 2557 1190 2625 τῆς
1206 2554 1506 2624 δυνάμεως,
1524 2554 1557 2624 ἧ
1580 2554 1672 2622 τῆς
1690 2553 1965 2622 ἀληθείας,

385 2643 529 2713 ἢτῆς
559 2645 771 2711 σοφίας,
802 2645 834 2715 ἢ
862 2646 961 2715 τῆς
988 2645 1151 2716 ζωῆς,
1179 2646 1209 2715 ἦ
1232 2645 1323 2698 τοῦ
1345 2645 1599 2715 ἀληθινοῦ
1619 2645 1793 2714 φωτὸς
1813 2645 1969 2709 ἐκτὸς

388 2734 606 2805 βλέπειν
653 2735 1075 2808 φανταζόμενος,
1118 2739 1151 2809 ἢ
1194 2738 1343 2791 οὐδὲν
1379 2738 1584 2808 βλέπει,
1623 2738 1655 2807 ἢ
1696 2738 1758 2793 τὸ
1799 2737 1969 2791 κακὸν

386 2828 602 2891 πάντως
634 2830 845 2898 βλέπει’
877 2832 910 2900 ἡ
942 2831 1050 2902 γὰρ
1091 2831 1196 2884 τῶν
1227 2831 1447 2900 ἀγαθῶν
1478 2828 1844 2901 ὑπεξαίρεσις,
1873 2829 1967 2882 τοῦ

386 2920 557 2972 κακοῦ
595 2921 686 2974 καὶ
729 2921 895 2988 θέσις,
942 2926 1035 2977 καὶ
1066 2923 1297 2995 ὑπαρξις
1360 2924 1600 2993 γίνεται·
1628 2925 1748 2976 Οὐκ
1782 2922 1964 2990 ἐψευ-

386 3013 581 3080 σμέιή
631 3012 822 3082 φωνῇ,
859 3016 1013 3085 φησὶ,
1062 3015 1344 3085 τιμῶντες
1397 3018 1622 3069 αὐτόν·
1672 3015 1805 3068 ἔστι
1851 3013 1963 3083 γὰρ

2078 718 2271 773 Omnes
2298 722 2437 773 enim
2478 720 2555 773 dii
2599 724 2830 791 gentium
2862 723 3126 777 da’monia
3156 727 3204 756 “
3239 744 3251 778 :
3284 737 3336 779 et
3389 727 3547 779 aliter
3580 725 3649 779 ad

2067 809 2474 864 multitudinem
2508 812 2735 880 opponit
2764 829 2885 867 cum
2919 814 3011 881 qui
3045 815 3197 867 solus
3220 825 3340 871 est:
3375 824 3428 869 et
3456 816 3522 869 ad
3549 815 3649 868 fal-

2070 918 2127 956 sa
2166 919 2290 957 eum
2335 904 2429 971 qui
2474 921 2637 959 verus
2668 913 2773 966 est,
2810 914 2865 957 et
2892 921 2987 959 eos
3028 907 3119 974 qui
3148 906 3220 957 dii
3260 922 3367 959 non
3400 916 3529 961 sunt
3577 904 3645 960 ad

2067 1009 2191 1045 eum
2223 994 2318 1063 qui
2352 994 2494 1048 Deus
2550 1004 2658 1049 est:
2688 994 2840 1060 Quod
2881 997 2924 1050 si
2976 996 3041 1048 ad
3086 997 3423 1065 unigenitum
3476 996 3646 1051 Deum

2069 1085 2126 1138 ﬁt
2156 1086 2267 1140 lta-c
2305 1087 2539 1155 adversa
2580 1087 2909 1151 dillerentia,
2941 1089 3159 1143 discant
3200 1090 3288 1142 isti
3345 1098 3644 1159 sapientes,

2066 1176 2210 1246 quod
2249 1177 2452 1230 veritas
2484 1177 2549 1230 ad
2581 1178 2756 1232 solum
2793 1179 3133 1231 mendacium
3164 1180 3499 1231 contrariam
3551 1180 3649 1231 lia-

2067 1271 2154 1324 bet
2181 1268 2543 1323 dillerentiatn
2576 1288 2587 1321 :
2614 1278 2667 1323 et
2692 1269 2835 1323 Deus
2861 1270 2927 1323 ad
2954 1287 3077 1324 eum
3114 1272 3207 1341 qui
3236 1286 3345 1324 non
3377 1282 3459 1326 est
3481 1272 3643 1326 Deus.

2066 1361 2205 1414 Cum
2242 1371 2422 1415 autem
2476 1362 2757 1425 Dominus,
2801 1363 2893 1431 qui
2941 1374 3026 1417 est
3056 1364 3281 1428 veritas,
3316 1362 3458 1419 Deus
3490 1365 3560 1420 sit
3592 1373 3647 1419 et

2070 1451 2124 1503 in
2169 1450 2350 1513 Patre,
2392 1460 2446 1505 et
2472 1467 2640 1505 unum
2673 1451 2746 1506 sit
2774 1468 2901 1507 cum
2962 1452 3145 1519 Patre,
3202 1455 3284 1509 hae
3339 1454 3648 1511 discretiva:

2069 1556 2228 1594 voces
2264 1542 2318 1593 in
2346 1540 2599 1610 dogmate
2629 1541 2805 1595 loetttn
2843 1558 2952 1597 non
2983 1544 3206 1599 habent.
3232 1545 3367 1599 Nam
3402 1549 3496 1617 qui
3518 1562 3649 1601 vero

2066 1630 2122 1684 in
2156 1646 2323 1684 unum
2371 1632 2567 1696 credit,
2604 1631 2753 1687 videt
2792 1633 2845 1687 in
2883 1649 2993 1689 uno
3032 1650 3154 1689 eum
3186 1635 3279 1705 qui
3322 1650 3421 1705 per
3463 1638 3647 1690 omnia

2067 1726 2171 1797 ipsi
2214 1730 2399 1784 unitus
2430 1739 2535 1792 est,
2572 1731 2625 1782 in
2660 1731 2913 1794 veritate,
2944 1740 2998 1785 et
3030 1732 3255 1794 deitate,
3293 1741 3347 1787 et
3380 1734 3645 1795 essentia,

2066 1828 2122 1874 et
2154 1819 2287 1883 vita,
2329 1827 2382 1873 et
2415 1820 2703 1889 sapientia,
2729 1831 2784 1876 et
2814 1822 2867 1875 in
2898 1823 3155 1877 omnibus
3188 1839 3436 1893 prorsus.
3477 1822 3573 1879 Vel
3598 1826 3645 1878 si

2069 1909 2125 1963 in
2175 1924 2285 1963 uno
2318 1924 2427 1963 non
2461 1925 2586 1963 eum
2628 1910 2775 1964 videt
2810 1910 2903 1980 qui
2955 1921 3038 1964 est
3068 1911 3183 1965 hzec
3233 1913 3374 1981 ipsa,
3419 1913 3474 1966 in
3508 1913 3645 1966 nihil

2069 2001 2229 2055 ﬁdem
2262 2001 2444 2055 habet.
2477 2001 2611 2054 Nam
2644 2001 2852 2068 absque
2889 2000 3027 2056 Filio
3057 2002 3218 2056 Pater
3240 2018 3415 2073 neque
3438 2011 3522 2059 est
3548 2020 3645 2059 ne-

2065 2105 2171 2158 que
2194 2087 2429 2153 dicitur;
2470 2104 2643 2157 neque
2674 2088 2972 2158 quidquam
3007 2091 3214 2159 absque
3249 2091 3491 2159 potentia
3544 2092 3642 2160 qui

2068 2188 2265 2250 potens
2292 2188 2397 2241 est,
2450 2195 2628 2247 neque
2676 2181 2885 2248 absque
2935 2182 3201 2249 sapientia
3254 2182 3348 2250 qui
3401 2183 3644 2252 sapiens.

2067 2271 2319 2325 Christus
2348 2272 2491 2323 enim
2524 2270 2615 2323 Dei
2650 2272 2890 2339 potentia
2919 2280 2972 2324 et
3002 2271 3094 2325 Dei
3126 2273 3413 2341 sapientia.
3459 2273 3642 2339 Quare

2070 2364 2163 2433 qui
2191 2370 2347 2416 extra
2372 2362 2695 2431 potentiam,
2725 2363 2807 2415 vel
2842 2363 3147 2429 veritatem,
3178 2365 3264 2417 vel
3300 2365 3646 2434 sapientiam.

2070 2453 2156 2507 vel
2195 2457 2380 2517 vitam,
2414 2453 2494 2507 vel
2525 2469 2713 2507 verum
2740 2453 2921 2507 lumen
2952 2456 3200 2524 respicit,
3232 2456 3367 2511 falsa
3398 2458 3499 2512 sibi
3529 2458 3649 2511 ani-

2070 2558 2161 2597 mo
2182 2543 2411 2611 tingens,
2432 2542 2514 2596 vel
2533 2542 2670 2596 nihil
2697 2543 2864 2610 videt,
2898 2544 2982 2598 vel
3004 2546 3207 2598 malum
3236 2561 3462 2615 prorsus
3486 2548 3645 2604 videt.

2068 2633 2203 2687 Nam
2222 2634 2492 2688 bonorum
2548 2635 2871 2700 subtractio,
2925 2635 3271 2706 malipositio
3294 2646 3347 2691 et
3378 2639 3651 2694 exsistun-

2072 2727 2148 2780 tia
2177 2725 2431 2781 efﬁcitur.
2494 2724 2619 2778 Non
2648 2727 2871 2780 mentita
2924 2744 3065 2792 voce,
3095 2729 3295 2799 inquit,
3339 2731 3511 2798 ipsum
3556 2748 3648 2785 co-

2076 2818 2288 2872 lentes:
2327 2827 2404 2871 est
2444 2818 2581 2870 enim
2624 2834 2805 2871 verax.
2864 2817 2918 2872 In
2985 2819 3087 2872 hac
3135 2835 3269 2875 voce
3322 2822 3648 2878 Eunomium

2069 2926 2264 2982 precor
2281 2926 2600 2981 permanere
2620 2910 2833 2964 veritati
2854 2911 3227 2965 testimonium
3247 2914 3648 2982 perhibentem,

2067 3005 2213 3078 quod
2250 3022 2357 3059 non
2396 3006 2657 3059 mentitur
2683 3006 2845 3059 Deus.

385 3109 678 3178 ἀψευδής.
740 3110 922 3183 Ταύτῃ
967 3115 1033 3183 τῇ
1087 3115 1236 3184 φωνῇ
1294 3112 1521 3184 εὔχομαι
1570 3112 1664 3165 τὸν
1700 3110 1962 3181 Εὐνόμιον
2001 3104 2279 3174 ἐπιμένειν
2301 3099 3025 3171 μαρτυροῦντατῇάληθεία,
3081 3102 3329 3155 ὅτιὲστὶν
3391 3102 3649 3175 ἀψευδής.

462 3205 645 3276 Εἰγάρ
674 3204 815 3258 οὑτω
848 3207 1068 3276 φρονοίη
1104 3208 1185 3259 ὅτι
1215 3208 1322 3260 πᾶν
1357 3207 1418 3259 τὸ
1450 3207 1598 3277 παρά
1630 3205 1722 3260 τοῦ
1764 3204 1966 3275 Κυρίου

2145 3196 2202 3251 Si
2252 3197 2396 3251 enim
2446 3198 2519 3251 ita
2561 3195 2783 3257 sentiat,
2840 3195 2987 3264 quod
3034 3196 3301 3266 quidquid
3341 3213 3370 3251 a
3422 3198 3653 3254 Domino

387 3294 675 3365 λεγόμενον
708 3296 802 3349 τοῦ
825 3297 1050 3367 ψεύδους
1073 3298 1401 3370 κεχώρισται
1419 3318 1431 3331 ο
1456 3299 1808 3369 πεισθήσεται
1832 3298 1967 3351 πάνυ

386 3402 495 3449 τως
526 3388 805 3458 ἀληθεύειν
828 3390 933 3441 στὸν
969 3392 1221 3444 εἰπόντα’
1251 3393 1333 3444 ὅτι
1377 3391 1517 3461 Ἐγὼ
1553 3394 1623 3445 ἐν
1668 3390 1747 3456 τῷ
1785 3389 1967 3458 Πατρὶ

390 3477 485 3529 καὶ
520 3481 549 3530 ό
584 3478 785 3546 Πατὴρ
834 3480 903 3531 ἐν
933 3481 1064 3549 ἐμοί
1108 3482 1261 3547 ἐστι,
1308 3481 1505 3552 δηλαδὴ
1560 3481 1679 3544 ὅλος
1719 3482 1776 3532 ὲν
1823 3479 1963 3550 ὅλῳ’

388 3566 513 3618 οὔτε
543 3569 633 3621 τοῦ
664 3570 872 3638 Πατρός
903 3573 959 3622 ὲν
999 3573 1074 3641 τῷ
1103 3573 1214 3642 Υίῷ
1253 3574 1656 3643 περιττεύοντος
1678 3590 1690 3601 ·
1713 3571 1834 3625 οὔτε
1871 3571 1966 3624 τοῦ

392 3660 520 3711 Υίοῦ
554 3663 610 3712 ἐν
639 3660 716 3729 τῷ
753 3664 923 3733 Πατρὶ
954 3664 1232 3726 λείποντος
1256 3683 1268 3695 ο
1298 3666 1391 3717 καὶ
1433 3665 1513 3717 ὃτι
1546 3665 1708 3717 Οὕτω
1738 3663 1854 3732 χρὴ
1887 3681 1968 3716 τι-

384 3751 611 3822 μᾶσθαι
648 3754 753 3807 τὸν
778 3755 910 3807 Υἱὸν
946 3754 1139 3822 καθὼς
1172 3755 1403 3824 τιμᾶται
1442 3760 1472 3810 ό
1500 3756 1730 3824 Πατήρ·
1763 3758 1856 3810 καὶ
1884 3757 1968 3809 ὅτι

404 3844 465 3896 '0
483 3844 750 3911 ἑωρακὼς
778 3845 901 3914 ἐμὲ,
935 3846 1154 3913 ἑώρακε
1193 3847 1300 3898 τόν
1329 3847 1560 3914 Πατέρα
1579 3863 1592 3878 ·
1622 3847 1714 3900 καὶ
1746 3848 1827 3899 ὅτι
1859 3848 1969 3898 Οὐ-

391 3930 514 3996 δεὶς
546 3932 665 3984 εἶδε
697 3932 799 3985 τὸν
832 3933 967 3987 Υἰὸν
993 3935 1149 4004 εἰμὴ
1185 3938 1217 3988 ό
1237 3935 1437 4003 Πατήρ
1462 3952 1474 3962 ·
1506 3936 1599 3988 καὶ
1626 3938 1705 3989 ὅτι
1730 3937 1839 3989 Καὶ
1862 3936 1969 3989 τὸν

393 4025 624 4091 Πατέρα
665 4024 863 4090 οὐδεὶς
908 4026 1303 4096 ἐπιγινώσκει,
1347 4028 1496 4097 εἰμὴ
1525 4032 1558 4083 ὁ
1583 4032 1730 4094 Υἱός.
1782 4032 1859 4081 Δι’
1892 4022 1968 4082 ὧν

394 4114 669 4176 ἁπάντων,
696 4113 816 4167 οὕτε
850 4115 1025 4184 δόξης,
1054 4115 1176 4168 οὔτε
1213 4116 1422 4180 οὑσίας,
1458 4118 1580 4170 οὑτε
1628 4118 1783 4171 ἄλλου
1823 4118 1967 4183 τινὸς

392 4202 716 4275 παραλλαγὴ
739 4205 1043 4259 ὑπονοεῖται
1073 4208 1165 4259 ἐπὶ
1190 4207 1402 4276 Πατρὸς
1423 4209 1516 4260 καὶ
1550 4207 1679 4261 Υίοῦ
1705 4211 1819 4272 τοῖς
1836 4208 1969 4262 ταύ-

392 4312 488 4359 τας
539 4296 637 4359 τάς
702 4297 882 4364 φωνὰς
936 4299 1010 4360 ὡς
1072 4298 1328 4367 ἀληθινὰς
1373 4299 1703 4369 δεξαμένοις.
1744 4302 1967 4366 Ὄντως

393 4388 557 4451 ὄντα,
590 4389 744 4458 φησὶ,
765 4390 945 4457 φύσει
975 4406 1038 4442 τε
1066 4390 1163 4443 καὶ
1188 4389 1337 4459 δόξῃ
1366 4391 1511 4444 Θεὸν
1540 4391 1669 4445 ἕνα.
1698 4392 1771 4443 Τὸ
1799 4392 1969 4455 ὅντως

391 4475 471 4540 ὃν,
501 4478 907 4549 ἀντιδιαιρεῖται
930 4480 1065 4551 πρὸς
1096 4479 1156 4533 τὸ
1192 4481 1267 4552 μὴ
1294 4481 1460 4545 ὅντως
1492 4481 1569 4537 ὃν.
1605 4484 1759 4535 Ἔστι
1793 4483 1849 4535 δὲ
1877 4482 1966 4535 όν-

2074 3289 2278 3344 dicitur
2322 3304 2351 3341 a
2403 3288 2692 3343 mendacio
2730 3294 3040 3356 separatum
3082 3298 3167 3343 εει
3212 3308 3224 3344 :
3270 3292 3457 3360 procul
3488 3293 3653 3347 dubio

2076 3382 2262 3436 credet
2296 3397 2419 3435 eum
2453 3396 2641 3435 verum
2682 3380 2855 3450 loqui,
2895 3380 2988 3448 qui
3020 3380 3158 3433 dixit
3191 3399 3204 3434 :
3244 3380 3350 3451 Ego
3380 3386 3430 3435 in
3468 3382 3649 3451 Patre,

2072 3484 2121 3529 et
2164 3474 2329 3528 Pater
2362 3475 2414 3526 in
2452 3490 2531 3527 me
2568 3483 2649 3526 est
2676 3474 2742 3537 ⁸⁸,
2764 3474 3022 3527 nimirum
3049 3482 3195 3528 totus
3232 3475 3285 3528 in
3311 3483 3443 3539 toto,
3478 3492 3653 3547 neque

2072 3564 2236 3620 Patre
2259 3566 2313 3619 in
2341 3564 2480 3618 Filio
2507 3572 2894 3633 exsuperante,
2923 3580 3099 3634 neque
3124 3564 3261 3618 Filio
3291 3566 3345 3618 in
3372 3566 3529 3622 Patre
3564 3569 3656 3621 du-

2074 3657 2292 3711 lieiente
2333 3675 2345 3709 :
2400 3653 2649 3710 etISicut
2689 3654 2853 3709 Pater
2879 3654 3286 3723 honori/iculur,
3323 3658 3401 3710 sic
3434 3655 3636 3711 Filium

2073 3746 2534 3817 honoriﬁcandum
2582 3764 2693 3800 esse
2724 3748 2792 3811 ⁷⁰,
2826 3758 2879 3801 ει
2916 3749 3060 3815 quod
3100 3747 3206 3812 Qui
3235 3750 3363 3802 vidit
3398 3766 3495 3813 me,
3523 3752 3653 3804 vidit

2075 3839 2292 3894 Patrem
2349 3841 2435 3902 “,
2498 3848 2553 3893 et
2616 3838 2761 3908 quod
2830 3838 3030 3893 Nullus
3081 3842 3221 3893 novit
3287 3839 3489 3894 Filium
3548 3843 3654 3896 nisi

2076 3928 2258 3995 Pater,
2307 3938 2361 3983 et
2410 3928 2557 3997 quod
2610 3925 2827 3981 Patrem
2884 3928 3062 3981 nullus
3104 3931 3392 3998 cognoscit,
3423 3931 3525 3983 nisi
3555 3928 3656 3985 Fi-

2074 4020 2176 4074 lius
2189 4021 2253 4071 7'.
2272 4020 2483 4085 Quibus
2500 4019 2753 4073 omnibus
2771 4034 2949 4087 neque
2964 4021 3167 4089 gloriae,
3190 4036 3361 4089 neque
3378 4023 3651 4090 essentize,

2074 4128 2249 4181 neque
2282 4112 2446 4165 ullius
2481 4111 2622 4165 alius
2652 4111 2729 4166 rei
2762 4112 2819 4165 in
2865 4110 3026 4187 Patre
3068 4119 3122 4167 et
3170 4110 3311 4167 Filio
3343 4114 3651 4170 differentia

2074 4206 2144 4259 ab
2168 4206 2237 4259 iis
2265 4204 2612 4273 intelligitur,
2652 4204 2745 4273 qui
2779 4204 2876 4259 has
2908 4219 3067 4260 veras
3096 4220 3258 4260 voces
3289 4204 3649 4263 admiserunt.

2076 4295 2180 4363 Qui
2200 4312 2310 4350 vere
2336 4305 2434 4360 est,
2461 4297 2658 4365 inquit,
2678 4304 2873 4348 natura
2897 4305 2945 4351 et
2963 4296 3136 4366 gloria
3154 4295 3294 4349 Deus
3318 4312 3474 4354 unus.
3493 4298 3650 4365 Quod

2072 4404 2201 4443 vere
2218 4400 2302 4443 est
2323 4404 2420 4443 ens
2439 4388 2735 4458 Opponitur
2754 4387 2801 4442 ei
2822 4389 2965 4458 quod
2996 4403 3105 4441 non
3136 4397 3221 4442 est
3259 4404 3382 4444 vere
3408 4405 3526 4445 ens.
3554 4388 3652 4445 Est

2074 4488 2255 4535 autem
2283 4495 2407 4534 vere
2434 4495 2534 4536 ens
2555 4479 2979 4550 unumquodque
2995 4480 3202 4532 entium
3236 4494 3342 4548 qua
3368 4489 3473 4543 est,
3507 4484 3650 4550 quod

390 4585 499 4632 τως
514 4567 592 4633 ὃν,
629 4568 856 4622 ἕκαστον
882 4570 989 4622 τῶν
1034 4570 1202 4623 ὄντων
1232 4572 1367 4625 καθό
1394 4577 1539 4626 ἐστιν
1574 4589 1586 4601 '
1616 4574 1677 4626 τὸ
1703 4575 1760 4628 δὲ
1806 4575 1966 4645 μέχρι

2074 4583 2255 4628 autent
2312 4572 2627 4643 phantasia,
2656 4572 2708 4627 id
2739 4582 2844 4635 est,
2882 4572 3091 4625 visione
3126 4571 3361 4640 quadam
3396 4580 3450 4626 et
3479 4573 3653 4642 suspi-

395 4660 693 4729 φαντασίας
713 4662 853 4725 τινὸς
875 4664 966 4716 καὶ
1003 4664 1255 4727 ὑπονοίας
1288 4664 1475 4718 δοκοῦν
1504 4665 1601 4733 μὲν
1622 4662 1779 4731 εἶναι,
1810 4668 1883 4739 μὴ
1914 4667 1966 4721 ὃν

2071 4666 2227 4720 cione
2274 4664 2487 4718 videtur
2524 4662 2745 4732 quidem
2779 4676 2902 4715 esse
2948 4675 3075 4714 cum
3109 4677 3218 4714 non
3267 4661 3337 4714 sit
3388 4677 3509 4727 ens,
3548 4662 3652 4718 hoc

394 4755 470 4819 δὲ,
498 4754 654 4807 τοῦτο
687 4757 786 4808 οὑκ
832 4755 999 4818 ὅντως
1044 4756 1191 4807 ἐστίν
1215 4772 1228 4785 ·
1261 4756 1335 4819 ὡς
1358 4757 1417 4809 τὸ
1452 4758 1720 4822 ἐνύπνιον,
1757 4759 1966 4830 φάσμα,

2071 4771 2177 4809 non
2208 4770 2332 4809 vere
2356 4762 2461 4819 est,
2492 4756 2635 4809 sicut
2657 4755 2953 4817 somnium,
2988 4767 3291 4824 spectrum,
3319 4757 3403 4811 vel
3434 4759 3486 4811 in
3517 4759 3652 4811 ima-

392 4847 595 4916 ἢόὲπὶ
637 4848 732 4917 τῆς
785 4847 989 4910 είκόνος
1044 4846 1348 4919 ἄνθρωπος.
1379 4849 1561 4901 Ταῦτα
1604 4850 1713 4920 γὰρ
1745 4851 1839 4903 καὶ
1902 4851 1966 4905 τὰ

2071 4849 2190 4917 gine
2223 4846 2408 4900 homo.
2453 4844 2575 4899 Haec
2626 4846 2794 4914 igitur
2840 4852 2894 4899 et
2931 4844 3203 4914 ejusmodi
3248 4848 3459 4904 visione
3490 4858 3652 4907 tenus

392 4938 615 4991 τοιαῦτα
660 4937 822 5008 μέχρι
880 4938 1181 5007 φαντασίας
1208 4939 1339 4992 ὄντα
1388 4938 1448 4991 τὸ
1480 4939 1648 5002 ὅντως
1682 4936 1821 4993 εἶναι
1866 4942 1967 4995 οὐκ

394 5031 521 5100 ἔχει.
560 5031 623 5083 Εἰ
650 5030 747 5099 μὲν
777 5024 869 5083 οῦν
898 5030 1037 5082 κατά
1058 5030 1155 5099 τὴν
1190 5029 1482 5101 Ἰουδαῖκὴν
1510 5030 1774 5099 ὑπόληψιν
1806 5049 1969 5084 κατα-

393 5122 717 5188 σκευάζουσι
763 5121 988 5175 καθόλου
1034 5122 1106 5193 μὴ
1157 5117 1296 5174 εἶναι
1351 5122 1441 5175 τὸν
1473 5122 1751 5192 Μονογενῆ
1792 5121 1963 5175 Θεόν·

391 5214 574 5275 καλῶς
615 5214 692 5284 τῷ
729 5216 904 5285 Πατρὶ
951 5214 1097 5283 μόνῳ
1141 5213 1201 5267 τὸ
1234 5214 1400 5276 ὅντως
1441 5210 1579 5266 εἶναι
1613 5230 1967 5285 προσμαρτυ-

393 5308 598 5378 ροῦσιν.
627 5308 689 5359 Ei
718 5307 773 5358 δὲ
804 5308 902 5359 οὑκ
934 5305 1221 5377 ἀρνοῦνται
1254 5306 1345 5358 τὸν
1382 5306 1599 5359 πάντων
1632 5306 1858 5377 ποιητὴν
1885 5308 1965 5360 ὃτι

388 5396 557 5461 ἐστὶν,
585 5396 961 5466 πεισθήτωσαν
998 5396 1071 5466 μὴ
1104 5398 1426 5466 ἀποστερεῖν
1466 5395 1557 5447 τὸν
1590 5396 1717 5449 ὄντα
1754 5394 1847 5448 τοῦ
1876 5395 1964 5449 όν-

386 5504 496 5552 τως
539 5486 712 5542 εἶναι’
738 5488 795 5551 ὃς
827 5489 1016 5541 ἑαυτὸν
1056 5490 1113 5542 ἐν
1145 5491 1210 5559 τῇ
1241 5487 1506 5557 γενομένῃ
1534 5488 1741 5557 Μωῦσῇ
1771 5487 1969 5554 θεοφα-

386 5580 524 5651 νείᾳ,
554 5580 681 5633 ὄντα
731 5580 1034 5649 ὠνόμασεν,
1080 5580 1247 5633 εἰπὼν
1294 5582 1377 5633 ὅτι
1420 5577 1559 5649 Ἐγώ
1602 5581 1723 5647 ειμι
1763 5581 1796 5633 ό
1832 5580 1917 5633 ὢν
1948 5594 1963 5609 ⁸

386 5670 569 5735 καθὼς
597 5672 625 5723 ό
657 5671 918 5744 Εὑνόμιος
949 5674 1005 5725 ὲν
1035 5676 1145 5736 τοῖς
1178 5671 1375 5742 ἐφεξῆς
1405 5671 1602 5739 λόγοις,
1630 5670 1803 5742 τούτῳ
1854 5689 1973 5725 συν-

459 5870 503 5900 ⁶³
564 5870 704 5927 Psal.
740 5888 861 5935 xcv.
913 5874 968 5929 5.

388 5937 434 5972 "
486 5941 653 5997 Exod.
703 5959 783 6005 tu.
838 5945 923 5998 14.

2068 4952 2192 4991 cum
2232 4937 2362 4999 sint,
2405 4952 2530 4990 vere
2565 4950 2689 4989 esse
2738 4950 2845 4988 non
2886 4934 3110 4992 habent.
3158 4937 3317 5003 Quod
3351 4939 3396 4995 si
3429 4939 3651 5009 judaica

2072 5027 2330 5097 opinione
2380 5026 2607 5080 omnino
2656 5041 2766 5078 non
2808 5041 2932 5080 esse
2972 5024 3325 5097 Unigenitum
3372 5038 3650 5096 astruunt,

2073 5120 2339 5189 prmelare
2385 5119 2486 5173 soli
2526 5117 2677 5171 Patri
2712 5133 2836 5173 vere
2864 5133 2987 5172 esse
3018 5133 3120 5173 suo
3148 5120 3467 5175 testimonio
3497 5123 3653 5177 attri-

2074 5212 2269 5266 buunt.
2310 5210 2465 5276 Quod
2510 5210 2555 5265 si
2606 5224 2715 5263 non
2776 5219 2974 5279 negant
3007 5210 3257 5266 eumdem
3295 5212 3650 5283 Unigenitum

2072 5304 2318 5357 onmium
2372 5303 2661 5367 factorem,
2706 5301 2833 5372 quia
2880 5312 2985 5366 est,
3035 5303 3468 5368 persuadeantur
3525 5322 3650 5360 eum

2072 5397 2169 5467 qui
2220 5405 2306 5451 est
2364 5411 2493 5451 vera
2540 5395 2783 5450 essentia
2842 5410 3186 5466 nequaquam
3248 5397 3486 5466 privare.
3546 5398 3650 5465 Qui

2074 5490 2314 5560 seipsum
2353 5490 2405 5543 in
2454 5505 2540 5552 ea,
2588 5505 2707 5559 qua:
2753 5486 2925 5559 Moysi
2977 5487 3123 5543 facta
3157 5499 3263 5553 est,
3297 5488 3391 5544 Dei
3430 5493 3652 5560 appari-

2073 5584 2244 5646 tione,
2294 5598 2417 5637 eum
2481 5582 2574 5653 qui
2630 5589 2737 5645 est,
2789 5581 3117 5646 nominavit,
3155 5596 3280 5635 cum
3320 5582 3496 5638 dixit:
3537 5582 3652 5654 Ego

2078 5691 2191 5727 sum
2242 5674 2333 5743 qui
2358 5690 2475 5729 sum
2506 5675 2573 5729 ’³.
2611 5673 3083 5741 Quemadmodum
3116 5673 3424 5730 Eunomius
3458 5675 3512 5729 in
3562 5691 3653 5730 se-

1048 5877 1091 5908 ”
1122 5873 1278 5931 Jean.
1340 5875 1677 5945 x,58;x1v,
1748 5876 1831 5931 lt).
1912 5878 1956 5909 7°

2075 5892 2164 5932 an.
2223 5896 2274 5945 ν,
2323 5882 2414 5935 25.
2492 5882 2533 5911 τ’
2599 5879 2755 5936 Joan.
2810 5895 2916 5943 xtv,
2961 5879 3014 5933 9.
3092 5878 3139 5910 ⁷²
3192 5868 3381 5933 Matth.
3422 5894 3498 5946 xl,
3554 5880 3645 5937 27.
