  <div class='ocr_page' id='page_1' title='image "/cluster/home/n/w/nwhite01/storage/ocr_20150623/45/nnc1.0046978445/251.png"; bbox 0 0 4146 6370; ppageno 0'>
   <div class='ocr_carea' id='block_1_1' title="bbox 517 520 620 573">
    <p class='ocr_par' dir='ltr' id='par_1_1' title="bbox 517 520 620 573">
     <span class='ocr_line' id='line_1_1' title="bbox 517 520 620 573; baseline 0.01 -1"><span class='ocrx_word' id='word_1_1' title='bbox 517 520 620 573; x_wconf 69' lang='grc' dir='ltr'><strong>ιῖί)</strong></span> 
     </span>
    </p>
   </div>
   <div class='ocr_carea' id='block_1_2' title="bbox 1763 509 2510 567">
    <p class='ocr_par' dir='ltr' id='par_1_2' title="bbox 1763 509 2510 567">
     <span class='ocr_line' id='line_1_2' title="bbox 1763 509 2510 567; baseline -0.004 -1"><span class='ocrx_word' id='word_1_2' title='bbox 1763 511 1820 566; x_wconf 92' lang='lat' dir='ltr'><strong>S.</strong></span> <span class='ocrx_word' id='word_1_3' title='bbox 1857 509 2188 567; x_wconf 80' lang='lat' dir='ltr'><strong>GREGORII</strong></span> <span class='ocrx_word' id='word_1_4' title='bbox 2225 511 2510 566; x_wconf 71' lang='lat' dir='ltr'><strong>NYSSENI</strong></span> 
     </span>
    </p>
   </div>
   <div class='ocr_carea' id='block_1_3' title="bbox 3691 513 3791 567">
    <p class='ocr_par' dir='ltr' id='par_1_3' title="bbox 3691 513 3791 567">
     <span class='ocr_line' id='line_1_3' title="bbox 3691 513 3791 567; baseline -0.03 0"><span class='ocrx_word' id='word_1_5' title='bbox 3691 513 3791 567; x_wconf 61' lang='lat'><strong>£30</strong></span> 
     </span>
    </p>
   </div>
   <div class='ocr_carea' id='block_1_4' title="bbox 514 629 2108 713">
    <p class='ocr_par' dir='ltr' id='par_1_4' title="bbox 514 635 2104 713">
     <span class='ocr_line' id='line_1_4' title="bbox 514 635 2104 713; baseline -0.006 -16"><span class='ocrx_word' id='word_1_6' title='bbox 514 640 818 713; x_wconf 76' lang='lat' dir='ltr'><strong>quentibus</strong></span> <span class='ocrx_word' id='word_1_7' title='bbox 875 640 1259 701; x_wconf 85' lang='lat' dir='ltr'><strong>sermonibus,</strong></span> <span class='ocrx_word' id='word_1_8' title='bbox 1322 637 1452 691; x_wconf 83' lang='lat' dir='ltr'><strong>huic</strong></span> <span class='ocrx_word' id='word_1_9' title='bbox 1507 635 1812 689; x_wconf 89' lang='lat' dir='ltr'><strong>asscntitur</strong></span> <span class='ocrx_word' id='word_1_10' title='bbox 1872 635 2104 694; x_wconf 84' lang='lat' dir='ltr'><strong>dicens.</strong></span> 
     </span>
    </p>
   </div>
   <div class='ocr_carea' id='block_1_5' title="bbox 2212 629 3790 713">
    <p class='ocr_par' dir='ltr' id='par_1_5' title="bbox 2212 629 3790 705">
     <span class='ocr_line' id='line_1_5' title="bbox 2212 629 3790 705; baseline 0.001 -19"><span class='ocrx_word' id='word_1_11' title='bbox 2212 633 2416 687; x_wconf 77' lang='grc' dir='ltr'>τίθεται</span> <span class='ocrx_word' id='word_1_12' title='bbox 2439 635 2602 688; x_wconf 74' lang='grc' dir='ltr'>αὑτὸν</span> <span class='ocrx_word' id='word_1_13' title='bbox 2651 629 2791 686; x_wconf 75' lang='grc' dir='ltr'>εἶναι</span> <span class='ocrx_word' id='word_1_14' title='bbox 2829 633 3021 701; x_wconf 82' lang='grc' dir='ltr'>λέγων,</span> <span class='ocrx_word' id='word_1_15' title='bbox 3049 633 3142 686; x_wconf 75' lang='grc' dir='ltr'>τὸν</span> <span class='ocrx_word' id='word_1_16' title='bbox 3175 635 3252 704; x_wconf 79' lang='grc' dir='ltr'><strong>τῷ</strong></span> <span class='ocrx_word' id='word_1_17' title='bbox 3289 633 3490 705; x_wconf 79' lang='grc' dir='ltr'><strong>Μωῦσῇ</strong></span> <span class='ocrx_word' id='word_1_18' title='bbox 3535 635 3790 703; x_wconf 76' lang='grc' dir='ltr'><strong>φανέντα.</strong></span> 
     </span>
    </p>
   </div>
   <div class='ocr_carea' id='block_1_6' title="bbox 515 727 2104 806">
    <p class='ocr_par' dir='ltr' id='par_1_6' title="bbox 515 727 2104 806">
     <span class='ocr_line' id='line_1_6' title="bbox 515 727 2104 806; baseline -0.006 -16"><span class='ocrx_word' id='word_1_19' title='bbox 515 737 700 806; x_wconf 87' lang='lat' dir='ltr'><strong>ipsum</strong></span> <span class='ocrx_word' id='word_1_20' title='bbox 766 749 888 788; x_wconf 88' lang='lat' dir='ltr'><strong>esse</strong></span> <span class='ocrx_word' id='word_1_21' title='bbox 959 731 1319 802; x_wconf 86' lang='lat' dir='ltr'><strong>Unigenitum</strong></span> <span class='ocrx_word' id='word_1_22' title='bbox 1385 729 1482 799; x_wconf 92' lang='lat' dir='ltr'><strong>qui</strong></span> <span class='ocrx_word' id='word_1_23' title='bbox 1569 727 1739 798; x_wconf 79' lang='lat' dir='ltr'><strong>Moysi</strong></span> <span class='ocrx_word' id='word_1_24' title='bbox 1830 728 2104 797; x_wconf 87' lang='lat' dir='ltr'><strong>apparuit.</strong></span> 
     </span>
    </p>
   </div>
   <div class='ocr_carea' id='block_1_7' title="bbox 517 818 2103 890">
    <p class='ocr_par' dir='ltr' id='par_1_7' title="bbox 517 818 2103 890">
     <span class='ocr_line' id='line_1_7' title="bbox 517 818 2103 890; baseline -0.006 -11"><span class='ocrx_word' id='word_1_25' title='bbox 517 827 722 882; x_wconf 80' lang='lat' dir='ltr'><strong>Deinde</strong></span> <span class='ocrx_word' id='word_1_26' title='bbox 757 827 854 888; x_wconf 82' lang='lat' dir='ltr'><strong>ait,</strong></span> <span class='ocrx_word' id='word_1_27' title='bbox 883 824 950 878; x_wconf 85' lang='lat' dir='ltr'><strong>Et</strong></span> <span class='ocrx_word' id='word_1_28' title='bbox 992 835 1186 878; x_wconf 87' lang='lat' dir='ltr'><strong>natura</strong></span> <span class='ocrx_word' id='word_1_29' title='bbox 1236 831 1284 876; x_wconf 89' lang='lat' dir='ltr'><strong>et</strong></span> <span class='ocrx_word' id='word_1_30' title='bbox 1328 820 1502 890; x_wconf 81' lang='lat' dir='ltr'><strong>gloria</strong></span> <span class='ocrx_word' id='word_1_31' title='bbox 1551 818 1720 872; x_wconf 75' lang='lat' dir='ltr'><strong>Deum</strong></span> <span class='ocrx_word' id='word_1_32' title='bbox 1759 835 1871 872; x_wconf 85' lang='lat' dir='ltr'><strong>esse</strong></span> <span class='ocrx_word' id='word_1_33' title='bbox 1919 835 2103 870; x_wconf 86' lang='lat' dir='ltr'><strong>unum.</strong></span> 
     </span>
    </p>
   </div>
   <div class='ocr_carea' id='block_1_8' title="bbox 519 911 2104 990">
    <p class='ocr_par' dir='ltr' id='par_1_8' title="bbox 519 911 2104 990">
     <span class='ocr_line' id='line_1_8' title="bbox 519 911 2104 990; baseline -0.004 -18"><span class='ocrx_word' id='word_1_34' title='bbox 519 920 577 972; x_wconf 81' lang='lat' dir='ltr'><strong>Si</strong></span> <span class='ocrx_word' id='word_1_35' title='bbox 609 919 778 990; x_wconf 81' lang='lat' dir='ltr'><strong>igitur</strong></span> <span class='ocrx_word' id='word_1_36' title='bbox 801 916 1230 988; x_wconf 78' lang='lat' dir='ltr'><strong>Unigenitusest</strong></span> <span class='ocrx_word' id='word_1_37' title='bbox 1263 914 1430 974; x_wconf 86' lang='lat' dir='ltr'><strong>Deus,</strong></span> <span class='ocrx_word' id='word_1_38' title='bbox 1458 927 1558 966; x_wconf 91' lang='lat' dir='ltr'><strong>ucc</strong></span> <span class='ocrx_word' id='word_1_39' title='bbox 1585 913 1656 966; x_wconf 87' lang='lat' dir='ltr'><strong>sit</strong></span> <span class='ocrx_word' id='word_1_40' title='bbox 1680 921 1879 964; x_wconf 88' lang='lat' dir='ltr'><strong>natura</strong></span> <span class='ocrx_word' id='word_1_41' title='bbox 1916 911 2062 966; x_wconf 88' lang='lat' dir='ltr'><strong>Deus</strong></span> <span class='ocrx_word' id='word_1_42' title='bbox 2091 929 2104 965; x_wconf 88' lang='lat'><strong>:</strong></span> 
     </span>
    </p>
   </div>
   <div class='ocr_carea' id='block_1_9' title="bbox 519 1003 2109 1082">
    <p class='ocr_par' dir='ltr' id='par_1_9' title="bbox 519 1003 2109 1082">
     <span class='ocr_line' id='line_1_9' title="bbox 519 1003 2109 1082; baseline -0.006 -15"><span class='ocrx_word' id='word_1_43' title='bbox 519 1015 637 1082; x_wconf 88' lang='lat' dir='ltr'><strong>ipse</strong></span> <span class='ocrx_word' id='word_1_44' title='bbox 683 1011 882 1066; x_wconf 87' lang='lat' dir='ltr'><strong>viderit</strong></span> <span class='ocrx_word' id='word_1_45' title='bbox 911 1011 1004 1080; x_wconf 89' lang='lat' dir='ltr'><strong>qui</strong></span> <span class='ocrx_word' id='word_1_46' title='bbox 1051 1010 1168 1063; x_wconf 68' lang='lat' dir='ltr'><strong>haec</strong></span> <span class='ocrx_word' id='word_1_47' title='bbox 1216 1007 1370 1061; x_wconf 91' lang='lat' dir='ltr'><strong>dicit.</strong></span> <span class='ocrx_word' id='word_1_48' title='bbox 1403 1005 1560 1071; x_wconf 86' lang='lat' dir='ltr'><strong>Quod</strong></span> <span class='ocrx_word' id='word_1_49' title='bbox 1596 1005 1642 1059; x_wconf 91' lang='lat' dir='ltr'><strong>si</strong></span> <span class='ocrx_word' id='word_1_50' title='bbox 1697 1019 1806 1057; x_wconf 88' lang='lat' dir='ltr'><strong>non</strong></span> <span class='ocrx_word' id='word_1_51' title='bbox 1855 1013 1938 1058; x_wconf 89' lang='lat' dir='ltr'><strong>est</strong></span> <span class='ocrx_word' id='word_1_52' title='bbox 1968 1003 2109 1058; x_wconf 81' lang='lat' dir='ltr'><strong>Deus</strong></span> 
     </span>
    </p>
   </div>
   <div class='ocr_carea' id='block_1_10' title="bbox 517 1093 2108 1175">
    <p class='ocr_par' dir='ltr' id='par_1_10' title="bbox 517 1093 2108 1175">
     <span class='ocr_line' id='line_1_10' title="bbox 517 1093 2108 1175; baseline -0.006 -17"><span class='ocrx_word' id='word_1_53' title='bbox 517 1106 614 1175; x_wconf 86' lang='lat' dir='ltr'><strong>qui</strong></span> <span class='ocrx_word' id='word_1_54' title='bbox 663 1119 774 1158; x_wconf 87' lang='lat' dir='ltr'><strong>non</strong></span> <span class='ocrx_word' id='word_1_55' title='bbox 816 1103 890 1156; x_wconf 87' lang='lat' dir='ltr'><strong>sit</strong></span> <span class='ocrx_word' id='word_1_56' title='bbox 918 1109 1120 1155; x_wconf 86' lang='lat' dir='ltr'><strong>natura</strong></span> <span class='ocrx_word' id='word_1_57' title='bbox 1155 1099 1320 1163; x_wconf 84' lang='lat' dir='ltr'><strong>Deus,</strong></span> <span class='ocrx_word' id='word_1_58' title='bbox 1366 1097 1586 1152; x_wconf 88' lang='lat' dir='ltr'><strong>discant</strong></span> <span class='ocrx_word' id='word_1_59' title='bbox 1618 1111 1648 1148; x_wconf 88' lang='lat' dir='ltr'><strong>a</strong></span> <span class='ocrx_word' id='word_1_60' title='bbox 1683 1109 1880 1165; x_wconf 85' lang='lat' dir='ltr'><strong>magno</strong></span> <span class='ocrx_word' id='word_1_61' title='bbox 1915 1093 2108 1160; x_wconf 83' lang='lat' dir='ltr'><strong>Paulo,</strong></span> 
     </span>
    </p>
   </div>
   <div class='ocr_carea' id='block_1_11' title="bbox 519 1188 2108 1269">
    <p class='ocr_par' dir='ltr' id='par_1_11' title="bbox 519 1188 2108 1269">
     <span class='ocr_line' id='line_1_11' title="bbox 519 1188 2108 1269; baseline -0.007 -17"><span class='ocrx_word' id='word_1_62' title='bbox 519 1197 668 1269; x_wconf 82' lang='lat' dir='ltr'><strong>quod</strong></span> <span class='ocrx_word' id='word_1_63' title='bbox 715 1197 810 1268; x_wconf 85' lang='lat' dir='ltr'><strong>qui</strong></span> <span class='ocrx_word' id='word_1_64' title='bbox 865 1195 1120 1251; x_wconf 82' lang='lat' dir='ltr'><strong>serviunt</strong></span> <span class='ocrx_word' id='word_1_65' title='bbox 1171 1195 1238 1248; x_wconf 92' lang='lat' dir='ltr'><strong>iis</strong></span> <span class='ocrx_word' id='word_1_66' title='bbox 1284 1193 1379 1262; x_wconf 89' lang='lat' dir='ltr'><strong>qui</strong></span> <span class='ocrx_word' id='word_1_67' title='bbox 1430 1207 1537 1244; x_wconf 88' lang='lat' dir='ltr'><strong>non</strong></span> <span class='ocrx_word' id='word_1_68' title='bbox 1581 1199 1712 1246; x_wconf 88' lang='lat' dir='ltr'><strong>sunt</strong></span> <span class='ocrx_word' id='word_1_69' title='bbox 1758 1199 1958 1243; x_wconf 87' lang='lat' dir='ltr'><strong>natura</strong></span> <span class='ocrx_word' id='word_1_70' title='bbox 2009 1188 2108 1254; x_wconf 89' lang='lat' dir='ltr'><strong>dii,</strong></span> 
     </span>
    </p>
   </div>
   <div class='ocr_carea' id='block_1_12' title="bbox 518 1285 2112 1348">
    <p class='ocr_par' dir='ltr' id='par_1_12' title="bbox 518 1285 2112 1348">
     <span class='ocr_line' id='line_1_12' title="bbox 518 1285 2112 1348; baseline -0.004 -1"><span class='ocrx_word' id='word_1_71' title='bbox 518 1309 631 1347; x_wconf 89' lang='lat' dir='ltr'><strong>non</strong></span> <span class='ocrx_word' id='word_1_72' title='bbox 661 1293 909 1348; x_wconf 85' lang='lat' dir='ltr'><strong>serviunt</strong></span> <span class='ocrx_word' id='word_1_73' title='bbox 938 1289 1048 1344; x_wconf 89' lang='lat' dir='ltr'><strong>Deo</strong></span> <span class='ocrx_word' id='word_1_74' title='bbox 1077 1289 1146 1342; x_wconf 65' lang='grc' dir='ltr'><strong>τι.</strong></span> <span class='ocrx_word' id='word_1_75' title='bbox 1175 1287 1285 1341; x_wconf 89' lang='lat' dir='ltr'><strong>Nos</strong></span> <span class='ocrx_word' id='word_1_76' title='bbox 1316 1295 1498 1340; x_wconf 86' lang='lat' dir='ltr'><strong>autem</strong></span> <span class='ocrx_word' id='word_1_77' title='bbox 1533 1285 1643 1340; x_wconf 89' lang='lat' dir='ltr'><strong>Deo</strong></span> <span class='ocrx_word' id='word_1_78' title='bbox 1671 1285 1876 1340; x_wconf 88' lang='lat' dir='ltr'><strong>viventi</strong></span> <span class='ocrx_word' id='word_1_79' title='bbox 1899 1295 1952 1341; x_wconf 88' lang='lat' dir='ltr'><strong>et</strong></span> <span class='ocrx_word' id='word_1_80' title='bbox 1984 1301 2112 1340; x_wconf 88' lang='lat' dir='ltr'><strong>vero</strong></span> 
     </span>
    </p>
   </div>
   <div class='ocr_carea' id='block_1_13' title="bbox 521 1375 2114 1450">
    <p class='ocr_par' dir='ltr' id='par_1_13' title="bbox 521 1375 2114 1450">
     <span class='ocr_line' id='line_1_13' title="bbox 521 1375 2114 1450; baseline -0.006 -11"><span class='ocrx_word' id='word_1_81' title='bbox 521 1385 795 1440; x_wconf 86' lang='lat' dir='ltr'><strong>servimus</strong></span> <span class='ocrx_word' id='word_1_82' title='bbox 844 1383 992 1437; x_wconf 84' lang='lat' dir='ltr'><strong>sicut</strong></span> <span class='ocrx_word' id='word_1_83' title='bbox 1045 1379 1343 1450; x_wconf 85' lang='lat' dir='ltr'><strong>Apostolus</strong></span> <span class='ocrx_word' id='word_1_84' title='bbox 1371 1378 1509 1432; x_wconf 81' lang='lat' dir='ltr'><strong>dicit</strong></span> <span class='ocrx_word' id='word_1_85' title='bbox 1549 1397 1562 1433; x_wconf 91' lang='lat'><strong>:</strong></span> <span class='ocrx_word' id='word_1_86' title='bbox 1598 1377 1698 1432; x_wconf 86' lang='lat' dir='ltr'><strong>Cui</strong></span> <span class='ocrx_word' id='word_1_87' title='bbox 1729 1379 1983 1432; x_wconf 78' lang='lat' dir='ltr'><strong>servimus</strong></span> <span class='ocrx_word' id='word_1_88' title='bbox 2021 1375 2114 1430; x_wconf 79' lang='lat' dir='ltr'><strong>Je-</strong></span> 
     </span>
    </p>
   </div>
   <div class='ocr_carea' id='block_1_14' title="bbox 521 1471 2114 1540">
    <p class='ocr_par' dir='ltr' id='par_1_14' title="bbox 521 1471 2114 1540">
     <span class='ocr_line' id='line_1_14' title="bbox 521 1471 2114 1540; baseline -0.003 -10"><span class='ocrx_word' id='word_1_89' title='bbox 521 1493 611 1530; x_wconf 85' lang='lat' dir='ltr'><strong>sus</strong></span> <span class='ocrx_word' id='word_1_90' title='bbox 636 1487 714 1530; x_wconf 76' lang='lat' dir='ltr'><strong>est</strong></span> <span class='ocrx_word' id='word_1_91' title='bbox 739 1475 985 1530; x_wconf 77' lang='lat' dir='ltr'><strong>Christus</strong></span> <span class='ocrx_word' id='word_1_92' title='bbox 1013 1473 1080 1526; x_wconf 85' lang='grc'><strong>⁷⁵.</strong></span> <span class='ocrx_word' id='word_1_93' title='bbox 1125 1471 1262 1525; x_wconf 90' lang='lat' dir='ltr'><strong>Iluic</strong></span> <span class='ocrx_word' id='word_1_94' title='bbox 1293 1471 1439 1525; x_wconf 87' lang='lat' dir='ltr'><strong>enim</strong></span> <span class='ocrx_word' id='word_1_95' title='bbox 1474 1471 1589 1539; x_wconf 90' lang='lat' dir='ltr'><strong>ipse</strong></span> <span class='ocrx_word' id='word_1_96' title='bbox 1618 1471 1779 1524; x_wconf 85' lang='lat' dir='ltr'><strong>etiam</strong></span> <span class='ocrx_word' id='word_1_97' title='bbox 1831 1471 2114 1540; x_wconf 85' lang='lat' dir='ltr'><strong>apostolus</strong></span> 
     </span>
    </p>
   </div>
   <div class='ocr_carea' id='block_1_15' title="bbox 521 1559 2113 1634">
    <p class='ocr_par' dir='ltr' id='par_1_15' title="bbox 521 1559 2113 1634">
     <span class='ocr_line' id='line_1_15' title="bbox 521 1559 2113 1634; baseline -0.003 -14"><span class='ocrx_word' id='word_1_98' title='bbox 521 1567 727 1622; x_wconf 83' lang='lat' dir='ltr'><strong>Paulus</strong></span> <span class='ocrx_word' id='word_1_99' title='bbox 760 1566 968 1621; x_wconf 74' lang='lat' dir='ltr'><strong>servire</strong></span> <span class='ocrx_word' id='word_1_100' title='bbox 1001 1565 1288 1634; x_wconf 82' lang='lat' dir='ltr'><strong>gloriatur,</strong></span> <span class='ocrx_word' id='word_1_101' title='bbox 1321 1561 1450 1616; x_wconf 89' lang='lat' dir='ltr'><strong>dum</strong></span> <span class='ocrx_word' id='word_1_102' title='bbox 1476 1562 1610 1614; x_wconf 89' lang='lat' dir='ltr'><strong>dicit</strong></span> <span class='ocrx_word' id='word_1_103' title='bbox 1649 1578 1662 1614; x_wconf 94' lang='lat'>:</span> <span class='ocrx_word' id='word_1_104' title='bbox 1697 1559 1903 1613; x_wconf 79' lang='lat' dir='ltr'><strong>Paulus</strong></span> <span class='ocrx_word' id='word_1_105' title='bbox 1936 1578 2113 1616; x_wconf 76' lang='lat' dir='ltr'><strong>servus</strong></span> 
     </span>
    </p>
   </div>
   <div class='ocr_carea' id='block_1_16' title="bbox 521 1653 2115 1726">
    <p class='ocr_par' dir='ltr' id='par_1_16' title="bbox 521 1653 2115 1726">
     <span class='ocr_line' id='line_1_16' title="bbox 521 1653 2115 1726; baseline -0.004 -13"><span class='ocrx_word' id='word_1_106' title='bbox 521 1660 652 1714; x_wconf 86' lang='lat' dir='ltr'><strong>Jesu</strong></span> <span class='ocrx_word' id='word_1_107' title='bbox 704 1659 904 1714; x_wconf 78' lang='lat' dir='ltr'><strong>Christi</strong></span> <span class='ocrx_word' id='word_1_108' title='bbox 949 1659 1018 1712; x_wconf 74' lang='lat'><strong>&#39;°.</strong></span> <span class='ocrx_word' id='word_1_109' title='bbox 1065 1656 1176 1710; x_wconf 85' lang='lat' dir='ltr'><strong>Nos</strong></span> <span class='ocrx_word' id='word_1_110' title='bbox 1217 1656 1388 1726; x_wconf 81' lang='lat' dir='ltr'><strong>igitur</strong></span> <span class='ocrx_word' id='word_1_111' title='bbox 1439 1655 1532 1722; x_wconf 91' lang='lat' dir='ltr'><strong>qui</strong></span> <span class='ocrx_word' id='word_1_112' title='bbox 1575 1670 1680 1708; x_wconf 90' lang='lat' dir='ltr'><strong>non</strong></span> <span class='ocrx_word' id='word_1_113' title='bbox 1727 1653 1964 1724; x_wconf 83' lang='lat' dir='ltr'><strong>amplius</strong></span> <span class='ocrx_word' id='word_1_114' title='bbox 2000 1670 2115 1709; x_wconf 89' lang='lat' dir='ltr'><strong>ser-</strong></span> 
     </span>
    </p>
   </div>
   <div class='ocr_carea' id='block_1_17' title="bbox 525 1747 2112 1820">
    <p class='ocr_par' dir='ltr' id='par_1_17' title="bbox 525 1747 2112 1820">
     <span class='ocr_line' id='line_1_17' title="bbox 525 1747 2112 1820; baseline -0.003 -16"><span class='ocrx_word' id='word_1_115' title='bbox 525 1753 704 1806; x_wconf 82' lang='lat' dir='ltr'><strong>vimus</strong></span> <span class='ocrx_word' id='word_1_116' title='bbox 771 1751 841 1806; x_wconf 88' lang='lat' dir='ltr'><strong>iis</strong></span> <span class='ocrx_word' id='word_1_117' title='bbox 901 1750 994 1820; x_wconf 90' lang='lat' dir='ltr'><strong>qui</strong></span> <span class='ocrx_word' id='word_1_118' title='bbox 1053 1765 1164 1804; x_wconf 91' lang='lat' dir='ltr'><strong>non</strong></span> <span class='ocrx_word' id='word_1_119' title='bbox 1241 1756 1370 1803; x_wconf 88' lang='lat' dir='ltr'><strong>sunt</strong></span> <span class='ocrx_word' id='word_1_120' title='bbox 1425 1755 1624 1800; x_wconf 88' lang='lat' dir='ltr'><strong>natura</strong></span> <span class='ocrx_word' id='word_1_121' title='bbox 1686 1747 1795 1811; x_wconf 90' lang='lat' dir='ltr'><strong>dii,</strong></span> <span class='ocrx_word' id='word_1_122' title='bbox 1833 1762 1957 1800; x_wconf 88' lang='lat' dir='ltr'><strong>cum</strong></span> <span class='ocrx_word' id='word_1_123' title='bbox 2019 1747 2112 1816; x_wconf 91' lang='lat' dir='ltr'><strong>qui</strong></span> 
     </span>
    </p>
   </div>
   <div class='ocr_carea' id='block_1_18' title="bbox 523 1839 2114 1912">
    <p class='ocr_par' dir='ltr' id='par_1_18' title="bbox 523 1839 2114 1912">
     <span class='ocr_line' id='line_1_18' title="bbox 523 1839 2114 1912; baseline -0.003 -14"><span class='ocrx_word' id='word_1_124' title='bbox 523 1855 610 1900; x_wconf 83' lang='lat' dir='ltr'><strong>est</strong></span> <span class='ocrx_word' id='word_1_125' title='bbox 661 1853 858 1898; x_wconf 86' lang='lat' dir='ltr'><strong>natura</strong></span> <span class='ocrx_word' id='word_1_126' title='bbox 909 1843 1052 1898; x_wconf 88' lang='lat' dir='ltr'><strong>Deus</strong></span> <span class='ocrx_word' id='word_1_127' title='bbox 1090 1843 1473 1912; x_wconf 83' lang='lat' dir='ltr'><strong>cognovimus.</strong></span> <span class='ocrx_word' id='word_1_128' title='bbox 1501 1839 1602 1894; x_wconf 83' lang='lat' dir='ltr'><strong>Cui</strong></span> <span class='ocrx_word' id='word_1_129' title='bbox 1639 1857 1772 1910; x_wconf 87' lang='lat' dir='ltr'><strong>genu</strong></span> <span class='ocrx_word' id='word_1_130' title='bbox 1819 1857 1972 1893; x_wconf 84' lang='lat' dir='ltr'><strong>omne</strong></span> <span class='ocrx_word' id='word_1_131' title='bbox 2017 1839 2114 1908; x_wconf 41' lang='lat' dir='ltr'><strong>ﬂev-</strong></span> 
     </span>
    </p>
   </div>
   <div class='ocr_carea' id='block_1_19' title="bbox 524 1927 2111 2000">
    <p class='ocr_par' dir='ltr' id='par_1_19' title="bbox 524 1927 2111 2000">
     <span class='ocr_line' id='line_1_19' title="bbox 524 1927 2111 2000; baseline -0.004 -11"><span class='ocrx_word' id='word_1_132' title='bbox 524 1937 688 1989; x_wconf 81' lang='lat' dir='ltr'><strong>ctitur</strong></span> <span class='ocrx_word' id='word_1_133' title='bbox 733 1936 1059 1998; x_wconf 74' lang='lat' dir='ltr'><strong>etelestium,-</strong></span> <span class='ocrx_word' id='word_1_134' title='bbox 1081 1933 1432 1997; x_wconf 86' lang='lat' dir='ltr'><strong>terrestrium,</strong></span> <span class='ocrx_word' id='word_1_135' title='bbox 1465 1941 1514 1984; x_wconf 87' lang='lat' dir='ltr'><strong>et</strong></span> <span class='ocrx_word' id='word_1_136' title='bbox 1561 1931 1852 2000; x_wconf 77' lang='lat' dir='ltr'><strong>inferorum</strong></span> <span class='ocrx_word' id='word_1_137' title='bbox 1897 1929 1964 1983; x_wconf 77' lang='grc'><strong>⁷⁷.</strong></span> <span class='ocrx_word' id='word_1_138' title='bbox 1994 1927 2111 1983; x_wconf 84' lang='lat' dir='ltr'><strong>Non</strong></span> 
     </span>
    </p>
   </div>
   <div class='ocr_carea' id='block_1_20' title="bbox 2212 722 3794 798">
    <p class='ocr_par' dir='ltr' id='par_1_20' title="bbox 2212 722 3794 798">
     <span class='ocr_line' id='line_1_20' title="bbox 2212 722 3794 798; baseline 0.001 -20"><span class='ocrx_word' id='word_1_139' title='bbox 2212 722 2346 778; x_wconf 79' lang='grc' dir='ltr'>Εἶτα</span> <span class='ocrx_word' id='word_1_140' title='bbox 2373 729 2550 790; x_wconf 51' lang='grc' dir='ltr'>φύσει</span> <span class='ocrx_word' id='word_1_141' title='bbox 2575 743 2639 778; x_wconf 89' lang='grc' dir='ltr'><strong>τε</strong></span> <span class='ocrx_word' id='word_1_142' title='bbox 2669 727 2766 780; x_wconf 81' lang='grc' dir='ltr'>καὶ</span> <span class='ocrx_word' id='word_1_143' title='bbox 2797 725 2946 794; x_wconf 76' lang='grc' dir='ltr'>δόξῃ</span> <span class='ocrx_word' id='word_1_144' title='bbox 2965 729 3114 779; x_wconf 74' lang='grc' dir='ltr'><strong>Θείν</strong></span> <span class='ocrx_word' id='word_1_145' title='bbox 3145 743 3310 794; x_wconf 67' lang='grc' dir='ltr'>φησιν</span> <span class='ocrx_word' id='word_1_146' title='bbox 3345 727 3474 780; x_wconf 79' lang='grc' dir='ltr'>ἕνα.</span> <span class='ocrx_word' id='word_1_147' title='bbox 3501 729 3562 780; x_wconf 83' lang='grc' dir='ltr'><strong>ΕΞ</strong></span> <span class='ocrx_word' id='word_1_148' title='bbox 3589 729 3688 798; x_wconf 83' lang='grc' dir='ltr'><strong>μὲν</strong></span> <span class='ocrx_word' id='word_1_149' title='bbox 3701 725 3794 783; x_wconf 76' lang='grc' dir='ltr'><strong>οὖν</strong></span> 
     </span>
    </p>
   </div>
   <div class='ocr_carea' id='block_1_21' title="bbox 2210 814 3792 888">
    <p class='ocr_par' dir='ltr' id='par_1_21' title="bbox 2210 814 3792 888">
     <span class='ocr_line' id='line_1_21' title="bbox 2210 814 3792 888; baseline 0.004 -21"><span class='ocrx_word' id='word_1_150' title='bbox 2210 817 2357 869; x_wconf 82' lang='grc' dir='ltr'>ἐστιν</span> <span class='ocrx_word' id='word_1_151' title='bbox 2383 817 2410 866; x_wconf 91' lang='grc' dir='ltr'>ὀ</span> <span class='ocrx_word' id='word_1_152' title='bbox 2433 815 2564 878; x_wconf 82' lang='grc' dir='ltr'>Θεὸς</span> <span class='ocrx_word' id='word_1_153' title='bbox 2585 817 2752 888; x_wconf 75' lang='grc' dir='ltr'>χωρὶς</span> <span class='ocrx_word' id='word_1_154' title='bbox 2769 816 2865 870; x_wconf 77' lang='grc' dir='ltr'>τοῦ</span> <span class='ocrx_word' id='word_1_155' title='bbox 2897 814 3033 869; x_wconf 80' lang='grc' dir='ltr'>εἶναι</span> <span class='ocrx_word' id='word_1_156' title='bbox 3057 817 3216 886; x_wconf 81' lang='grc' dir='ltr'>φύσει</span> <span class='ocrx_word' id='word_1_157' title='bbox 3240 817 3392 882; x_wconf 77' lang='grc' dir='ltr'>Θεὸς,</span> <span class='ocrx_word' id='word_1_158' title='bbox 3419 819 3579 881; x_wconf 75' lang='grc' dir='ltr'>αὐτὸς</span> <span class='ocrx_word' id='word_1_159' title='bbox 3611 819 3674 873; x_wconf 80' lang='grc' dir='ltr'>ἂν</span> <span class='ocrx_word' id='word_1_160' title='bbox 3715 823 3792 873; x_wconf 82' lang='grc' dir='ltr'>εί-</span> 
     </span>
    </p>
   </div>
   <div class='ocr_carea' id='block_1_22' title="bbox 2209 909 3794 981">
    <p class='ocr_par' dir='ltr' id='par_1_22' title="bbox 2209 909 3794 981">
     <span class='ocr_line' id='line_1_22' title="bbox 2209 909 3794 981; baseline 0 -19"><span class='ocrx_word' id='word_1_161' title='bbox 2209 909 2324 980; x_wconf 86' lang='grc' dir='ltr'>δείη</span> <span class='ocrx_word' id='word_1_162' title='bbox 2349 911 2378 962; x_wconf 79' lang='grc' dir='ltr'><strong>ὁ</strong></span> <span class='ocrx_word' id='word_1_163' title='bbox 2408 909 2580 962; x_wconf 77' lang='grc' dir='ltr'>ταῦτα</span> <span class='ocrx_word' id='word_1_164' title='bbox 2609 909 2813 978; x_wconf 79' lang='grc' dir='ltr'>λέγων·</span> <span class='ocrx_word' id='word_1_165' title='bbox 2839 910 2966 963; x_wconf 84' lang='grc' dir='ltr'>εἰδὲ</span> <span class='ocrx_word' id='word_1_166' title='bbox 2993 910 3094 962; x_wconf 80' lang='grc' dir='ltr'><strong>οὐκ</strong></span> <span class='ocrx_word' id='word_1_167' title='bbox 3135 909 3251 962; x_wconf 74' lang='grc' dir='ltr'>ἐστι</span> <span class='ocrx_word' id='word_1_168' title='bbox 3301 911 3432 974; x_wconf 74' lang='grc' dir='ltr'>Θεὸς</span> <span class='ocrx_word' id='word_1_169' title='bbox 3463 914 3490 964; x_wconf 81' lang='grc' dir='ltr'><strong>ό</strong></span> <span class='ocrx_word' id='word_1_170' title='bbox 3523 911 3598 981; x_wconf 84' lang='grc' dir='ltr'>μὴ</span> <span class='ocrx_word' id='word_1_171' title='bbox 3633 911 3794 980; x_wconf 70' lang='grc' dir='ltr'>φύσει</span> 
     </span>
    </p>
   </div>
   <div class='ocr_carea' id='block_1_23' title="bbox 2210 999 3791 1072">
    <p class='ocr_par' dir='ltr' id='par_1_23' title="bbox 2210 999 3791 1072">
     <span class='ocr_line' id='line_1_23' title="bbox 2210 999 3791 1072; baseline 0.001 -20"><span class='ocrx_word' id='word_1_172' title='bbox 2210 1000 2343 1064; x_wconf 86' lang='grc' dir='ltr'>Θεὸς</span> <span class='ocrx_word' id='word_1_173' title='bbox 2394 999 2488 1062; x_wconf 83' lang='grc' dir='ltr'><strong>ὢν,</strong></span> <span class='ocrx_word' id='word_1_174' title='bbox 2529 1000 2848 1070; x_wconf 78' lang='grc' dir='ltr'>μαθέτωσαν</span> <span class='ocrx_word' id='word_1_175' title='bbox 2898 1002 3048 1071; x_wconf 81' lang='grc' dir='ltr'><strong>παρά</strong></span> <span class='ocrx_word' id='word_1_176' title='bbox 3099 1000 3195 1053; x_wconf 78' lang='grc' dir='ltr'>τοῦ</span> <span class='ocrx_word' id='word_1_177' title='bbox 3264 1003 3500 1072; x_wconf 79' lang='grc' dir='ltr'><strong>μεγάλου</strong></span> <span class='ocrx_word' id='word_1_178' title='bbox 3556 1003 3791 1067; x_wconf 84' lang='grc' dir='ltr'>Παύλου,</span> 
     </span>
    </p>
   </div>
   <div class='ocr_carea' id='block_1_24' title="bbox 2211 1091 3792 1164">
    <p class='ocr_par' dir='ltr' id='par_1_24' title="bbox 2211 1091 3792 1164">
     <span class='ocr_line' id='line_1_24' title="bbox 2211 1091 3792 1164; baseline 0.002 -20"><span class='ocrx_word' id='word_1_179' title='bbox 2211 1092 2292 1144; x_wconf 81' lang='grc' dir='ltr'><strong>ὅτι</strong></span> <span class='ocrx_word' id='word_1_180' title='bbox 2320 1094 2368 1144; x_wconf 81' lang='grc' dir='ltr'><strong>οἱ</strong></span> <span class='ocrx_word' id='word_1_181' title='bbox 2412 1091 2752 1154; x_wconf 75' lang='grc' dir='ltr'><strong>δουλεύοντες</strong></span> <span class='ocrx_word' id='word_1_182' title='bbox 2782 1094 2895 1154; x_wconf 88' lang='grc' dir='ltr'>τοῖς</span> <span class='ocrx_word' id='word_1_183' title='bbox 2933 1092 3008 1163; x_wconf 86' lang='grc' dir='ltr'>μὴ</span> <span class='ocrx_word' id='word_1_184' title='bbox 3043 1092 3201 1162; x_wconf 83' lang='grc' dir='ltr'>φύσει</span> <span class='ocrx_word' id='word_1_185' title='bbox 3232 1093 3392 1157; x_wconf 83' lang='grc' dir='ltr'>θεοῖς,</span> <span class='ocrx_word' id='word_1_186' title='bbox 3423 1094 3540 1164; x_wconf 81' lang='grc' dir='ltr'>Θεῷ</span> <span class='ocrx_word' id='word_1_187' title='bbox 3580 1097 3638 1148; x_wconf 83' lang='grc' dir='ltr'><strong>οὐ</strong></span> <span class='ocrx_word' id='word_1_188' title='bbox 3671 1095 3792 1148; x_wconf 89' lang='grc' dir='ltr'>δου-</span> 
     </span>
    </p>
   </div>
   <div class='ocr_carea' id='block_1_25' title="bbox 2211 1183 3790 1257">
    <p class='ocr_par' dir='ltr' id='par_1_25' title="bbox 2211 1183 3790 1257">
     <span class='ocr_line' id='line_1_25' title="bbox 2211 1183 3790 1257; baseline 0.002 -21"><span class='ocrx_word' id='word_1_189' title='bbox 2211 1183 2484 1236; x_wconf 76' lang='grc' dir='ltr'><strong>λεύουσιν·</strong></span> <span class='ocrx_word' id='word_1_190' title='bbox 2518 1185 2676 1254; x_wconf 84' lang='grc' dir='ltr'>ἡμεῖς</span> <span class='ocrx_word' id='word_1_191' title='bbox 2709 1186 2764 1238; x_wconf 78' lang='grc' dir='ltr'>δὲ</span> <span class='ocrx_word' id='word_1_192' title='bbox 2795 1185 3118 1256; x_wconf 75' lang='grc' dir='ltr'>δουλεύομεν</span> <span class='ocrx_word' id='word_1_193' title='bbox 3145 1187 3261 1256; x_wconf 78' lang='grc' dir='ltr'><strong>Θεῷ</strong></span> <span class='ocrx_word' id='word_1_194' title='bbox 3285 1186 3445 1250; x_wconf 73' lang='grc' dir='ltr'>ζῶντί</span> <span class='ocrx_word' id='word_1_195' title='bbox 3465 1206 3520 1240; x_wconf 87' lang='grc' dir='ltr'><strong>τε</strong></span> <span class='ocrx_word' id='word_1_196' title='bbox 3543 1189 3634 1240; x_wconf 78' lang='grc' dir='ltr'>καὶ</span> <span class='ocrx_word' id='word_1_197' title='bbox 3663 1188 3790 1257; x_wconf 80' lang='grc' dir='ltr'>ἀλη-</span> 
     </span>
    </p>
   </div>
   <div class='ocr_carea' id='block_1_26' title="bbox 2213 1272 3791 1350">
    <p class='ocr_par' dir='ltr' id='par_1_26' title="bbox 2213 1272 3791 1350">
     <span class='ocr_line' id='line_1_26' title="bbox 2213 1272 3791 1350; baseline 0.004 -24"><span class='ocrx_word' id='word_1_198' title='bbox 2213 1273 2343 1346; x_wconf 84' lang='grc' dir='ltr'>θινῷ</span> <span class='ocrx_word' id='word_1_199' title='bbox 2361 1292 2375 1304; x_wconf 88' lang='grc'><strong>·</strong></span> <span class='ocrx_word' id='word_1_200' title='bbox 2397 1275 2576 1338; x_wconf 84' lang='grc' dir='ltr'>καθὼς</span> <span class='ocrx_word' id='word_1_201' title='bbox 2607 1279 2634 1329; x_wconf 90' lang='grc' dir='ltr'>ὁ</span> <span class='ocrx_word' id='word_1_202' title='bbox 2671 1277 2994 1341; x_wconf 83' lang='grc' dir='ltr'>Ἀπόστολος</span> <span class='ocrx_word' id='word_1_203' title='bbox 3021 1278 3188 1346; x_wconf 68' lang='grc' dir='ltr'>λέγει*</span> <span class='ocrx_word' id='word_1_204' title='bbox 3215 1272 3288 1350; x_wconf 66' lang='grc' dir='ltr'><strong>τῼ</strong></span> <span class='ocrx_word' id='word_1_205' title='bbox 3319 1277 3386 1331; x_wconf 83' lang='grc' dir='ltr'>δὲ</span> <span class='ocrx_word' id='word_1_206' title='bbox 3403 1279 3791 1348; x_wconf 76' lang='grc' dir='ltr'><strong>δουλεύομεν,</strong></span> 
     </span>
    </p>
   </div>
   <div class='ocr_carea' id='block_1_27' title="bbox 2227 1367 3792 1441">
    <p class='ocr_par' dir='ltr' id='par_1_27' title="bbox 2227 1367 3792 1441">
     <span class='ocr_line' id='line_1_27' title="bbox 2227 1367 3792 1441; baseline 0.002 -21"><span class='ocrx_word' id='word_1_207' title='bbox 2227 1367 2458 1434; x_wconf 80' lang='grc' dir='ltr'>Ἰησοῦς</span> <span class='ocrx_word' id='word_1_208' title='bbox 2485 1369 2656 1422; x_wconf 80' lang='grc' dir='ltr'>ἐστιν</span> <span class='ocrx_word' id='word_1_209' title='bbox 2712 1373 2744 1423; x_wconf 90' lang='grc' dir='ltr'><strong>ό</strong></span> <span class='ocrx_word' id='word_1_210' title='bbox 2775 1373 3044 1438; x_wconf 65' lang='grc' dir='ltr'>Χριστός.</span> <span class='ocrx_word' id='word_1_211' title='bbox 3089 1371 3274 1441; x_wconf 82' lang='grc' dir='ltr'>Τούτῳ</span> <span class='ocrx_word' id='word_1_212' title='bbox 3315 1373 3425 1440; x_wconf 77' lang='grc' dir='ltr'>γὰρ</span> <span class='ocrx_word' id='word_1_213' title='bbox 3473 1373 3563 1424; x_wconf 79' lang='grc' dir='ltr'><strong>καὶ</strong></span> <span class='ocrx_word' id='word_1_214' title='bbox 3596 1373 3623 1423; x_wconf 83' lang='grc' dir='ltr'>ὁ</span> <span class='ocrx_word' id='word_1_215' title='bbox 3657 1371 3792 1428; x_wconf 77' lang='grc' dir='ltr'>ἁπό-</span> 
     </span>
    </p>
   </div>
   <div class='ocr_carea' id='block_1_28' title="bbox 2217 1460 3792 1533">
    <p class='ocr_par' dir='ltr' id='par_1_28' title="bbox 2217 1460 3792 1533">
     <span class='ocr_line' id='line_1_28' title="bbox 2217 1460 3792 1533; baseline 0.003 -21"><span class='ocrx_word' id='word_1_216' title='bbox 2217 1460 2400 1524; x_wconf 87' lang='grc' dir='ltr'>στολος</span> <span class='ocrx_word' id='word_1_217' title='bbox 2435 1461 2644 1524; x_wconf 80' lang='grc' dir='ltr'>Παῦλος</span> <span class='ocrx_word' id='word_1_218' title='bbox 2677 1463 2946 1516; x_wconf 75' lang='grc' dir='ltr'>δουλεύειν</span> <span class='ocrx_word' id='word_1_219' title='bbox 2992 1466 3281 1533; x_wconf 80' lang='grc' dir='ltr'>καυχᾶται,</span> <span class='ocrx_word' id='word_1_220' title='bbox 3315 1463 3487 1532; x_wconf 77' lang='grc' dir='ltr'>λέγων</span> <span class='ocrx_word' id='word_1_221' title='bbox 3507 1479 3519 1490; x_wconf 94' lang='grc'><strong>·</strong></span> <span class='ocrx_word' id='word_1_222' title='bbox 3551 1464 3792 1530; x_wconf 77' lang='grc' dir='ltr'>Παῦλος</span> 
     </span>
    </p>
   </div>
   <div class='ocr_carea' id='block_1_29' title="bbox 2213 1551 3792 1628">
    <p class='ocr_par' dir='ltr' id='par_1_29' title="bbox 2213 1551 3792 1628">
     <span class='ocr_line' id='line_1_29' title="bbox 2213 1551 3792 1628; baseline 0.003 -23"><span class='ocrx_word' id='word_1_223' title='bbox 2213 1551 2435 1619; x_wconf 77' lang='grc' dir='ltr'>δοῦλος</span> <span class='ocrx_word' id='word_1_224' title='bbox 2493 1555 2686 1622; x_wconf 78' lang='grc' dir='ltr'>Ἰησοῦ</span> <span class='ocrx_word' id='word_1_225' title='bbox 2730 1556 3011 1623; x_wconf 74' lang='grc' dir='ltr'>Χριστοῦ.</span> <span class='ocrx_word' id='word_1_226' title='bbox 3062 1557 3254 1626; x_wconf 78' lang='grc' dir='ltr'>Ἡμεῖς</span> <span class='ocrx_word' id='word_1_227' title='bbox 3309 1557 3486 1608; x_wconf 77' lang='grc' dir='ltr'>τοίνυν</span> <span class='ocrx_word' id='word_1_228' title='bbox 3513 1558 3560 1609; x_wconf 77' lang='grc' dir='ltr'>οἱ</span> <span class='ocrx_word' id='word_1_229' title='bbox 3597 1559 3792 1628; x_wconf 85' lang='grc' dir='ltr'>μηκέτι</span> 
     </span>
    </p>
   </div>
   <div class='ocr_carea' id='block_1_30' title="bbox 2214 1643 3792 1720">
    <p class='ocr_par' dir='ltr' id='par_1_30' title="bbox 2214 1643 3792 1720">
     <span class='ocr_line' id='line_1_30' title="bbox 2214 1643 3792 1720; baseline 0.004 -25"><span class='ocrx_word' id='word_1_230' title='bbox 2214 1643 2552 1709; x_wconf 82' lang='grc' dir='ltr'>δουλεύοντες</span> <span class='ocrx_word' id='word_1_231' title='bbox 2575 1650 2685 1709; x_wconf 78' lang='grc' dir='ltr'>τοῖς</span> <span class='ocrx_word' id='word_1_232' title='bbox 2717 1647 2877 1714; x_wconf 82' lang='grc' dir='ltr'>φύσει</span> <span class='ocrx_word' id='word_1_233' title='bbox 2909 1648 2983 1718; x_wconf 81' lang='grc' dir='ltr'>μὴ</span> <span class='ocrx_word' id='word_1_234' title='bbox 3007 1644 3124 1701; x_wconf 76' lang='grc' dir='ltr'>οὖσι</span> <span class='ocrx_word' id='word_1_235' title='bbox 3155 1649 3320 1720; x_wconf 72' lang='grc' dir='ltr'>θεοῖς,</span> <span class='ocrx_word' id='word_1_236' title='bbox 3364 1649 3680 1718; x_wconf 79' lang='grc' dir='ltr'>ἐπέγνωμεν</span> <span class='ocrx_word' id='word_1_237' title='bbox 3705 1651 3792 1702; x_wconf 78' lang='grc' dir='ltr'><strong>τὸν</strong></span> 
     </span>
    </p>
   </div>
   <div class='ocr_carea' id='block_1_31' title="bbox 2217 1735 3788 1810">
    <p class='ocr_par' dir='ltr' id='par_1_31' title="bbox 2217 1735 3788 1810">
     <span class='ocr_line' id='line_1_31' title="bbox 2217 1735 3788 1810; baseline 0.003 -22"><span class='ocrx_word' id='word_1_238' title='bbox 2217 1735 2376 1805; x_wconf 85' lang='grc' dir='ltr'>φύσει</span> <span class='ocrx_word' id='word_1_239' title='bbox 2411 1737 2538 1790; x_wconf 77' lang='grc' dir='ltr'>ὄντα</span> <span class='ocrx_word' id='word_1_240' title='bbox 2587 1739 2756 1802; x_wconf 78' lang='grc' dir='ltr'>Θεόν,</span> <span class='ocrx_word' id='word_1_241' title='bbox 2805 1735 2879 1810; x_wconf 75' lang='grc' dir='ltr'><strong>’ῼ</strong></span> <span class='ocrx_word' id='word_1_242' title='bbox 2923 1739 3044 1794; x_wconf 75' lang='grc' dir='ltr'><strong>πᾶν</strong></span> <span class='ocrx_word' id='word_1_243' title='bbox 3071 1742 3217 1810; x_wconf 76' lang='grc' dir='ltr'><strong>γόνυ</strong></span> <span class='ocrx_word' id='word_1_244' title='bbox 3262 1738 3511 1807; x_wconf 75' lang='grc' dir='ltr'><strong>κάμπτει</strong></span> <span class='ocrx_word' id='word_1_245' title='bbox 3544 1741 3788 1810; x_wconf 78' lang='grc' dir='ltr'>ἐπουρα-</span> 
     </span>
    </p>
   </div>
   <div class='ocr_carea' id='block_1_32' title="bbox 2215 1832 3790 1902">
    <p class='ocr_par' dir='ltr' id='par_1_32' title="bbox 2215 1832 3790 1902">
     <span class='ocr_line' id='line_1_32' title="bbox 2215 1832 3790 1902; baseline 0.003 -18"><span class='ocrx_word' id='word_1_246' title='bbox 2215 1832 2380 1892; x_wconf 75' lang='grc' dir='ltr'>νίων,</span> <span class='ocrx_word' id='word_1_247' title='bbox 2427 1833 2520 1885; x_wconf 75' lang='grc' dir='ltr'>καὶ</span> <span class='ocrx_word' id='word_1_248' title='bbox 2558 1834 2680 1902; x_wconf 67' lang='grc' dir='ltr'>ἐπι]</span> <span class='ocrx_word' id='word_1_249' title='bbox 2695 1835 2834 1886; x_wconf 71' lang='lat' dir='ltr'><strong>alter</strong></span> <span class='ocrx_word' id='word_1_250' title='bbox 2873 1836 2968 1888; x_wconf 79' lang='grc' dir='ltr'>καὶ</span> <span class='ocrx_word' id='word_1_251' title='bbox 3028 1833 3454 1902; x_wconf 78' lang='grc' dir='ltr'>καταχθονίων.</span> <span class='ocrx_word' id='word_1_252' title='bbox 3491 1835 3604 1886; x_wconf 83' lang='grc' dir='ltr'>Ούκ</span> <span class='ocrx_word' id='word_1_253' title='bbox 3647 1835 3712 1888; x_wconf 79' lang='grc' dir='ltr'>ἂν</span> <span class='ocrx_word' id='word_1_254' title='bbox 3737 1835 3790 1888; x_wconf 74' lang='grc' dir='ltr'>δὲ</span> 
     </span>
    </p>
   </div>
   <div class='ocr_carea' id='block_1_33' title="bbox 2218 1921 3801 1999">
    <p class='ocr_par' dir='ltr' id='par_1_33' title="bbox 2218 1921 3801 1999">
     <span class='ocr_line' id='line_1_33' title="bbox 2218 1921 3801 1999; baseline 0.001 -22"><span class='ocrx_word' id='word_1_255' title='bbox 2218 1925 2630 1996; x_wconf 84' lang='grc' dir='ltr'>ἐδουλεύσαμεν,</span> <span class='ocrx_word' id='word_1_256' title='bbox 2657 1930 2705 1980; x_wconf 84' lang='grc' dir='ltr'><strong>εί</strong></span> <span class='ocrx_word' id='word_1_257' title='bbox 2733 1928 2808 1999; x_wconf 79' lang='grc' dir='ltr'>μὴ</span> <span class='ocrx_word' id='word_1_258' title='bbox 2835 1927 3256 1996; x_wconf 81' lang='grc' dir='ltr'>ἐπιστεύσαμεν,</span> <span class='ocrx_word' id='word_1_259' title='bbox 3297 1927 3376 1978; x_wconf 85' lang='grc' dir='ltr'>ὅτι</span> <span class='ocrx_word' id='word_1_260' title='bbox 3403 1921 3564 1998; x_wconf 41' lang='grc' dir='ltr'>,οὗτος</span> <span class='ocrx_word' id='word_1_261' title='bbox 3599 1927 3742 1978; x_wconf 78' lang='grc' dir='ltr'>ἐστὶν</span> <span class='ocrx_word' id='word_1_262' title='bbox 3773 1933 3801 1978; x_wconf 84' lang='grc' dir='ltr'><strong>ο</strong></span> 
     </span>
    </p>
   </div>
   <div class='ocr_carea' id='block_1_34' title="bbox 525 2015 2108 2092">
    <p class='ocr_par' dir='ltr' id='par_1_34' title="bbox 525 2021 2108 2092">
     <span class='ocr_line' id='line_1_34' title="bbox 525 2021 2108 2092; baseline -0.004 -11"><span class='ocrx_word' id='word_1_263' title='bbox 525 2039 708 2082; x_wconf 88' lang='lat' dir='ltr'><strong>autem</strong></span> <span class='ocrx_word' id='word_1_264' title='bbox 751 2027 1139 2089; x_wconf 86' lang='lat' dir='ltr'><strong>servisscmus,</strong></span> <span class='ocrx_word' id='word_1_265' title='bbox 1201 2025 1308 2079; x_wconf 91' lang='lat' dir='ltr'><strong>nisi</strong></span> <span class='ocrx_word' id='word_1_266' title='bbox 1345 2023 1795 2086; x_wconf 84' lang='lat' dir='ltr'><strong>credidissemus,</strong></span> <span class='ocrx_word' id='word_1_267' title='bbox 1837 2021 1982 2092; x_wconf 87' lang='lat' dir='ltr'><strong>quod</strong></span> <span class='ocrx_word' id='word_1_268' title='bbox 2021 2022 2108 2075; x_wconf 90' lang='lat' dir='ltr'><strong>hic</strong></span> 
     </span>
    </p>
   </div>
   <div class='ocr_carea' id='block_1_35' title="bbox 2212 2015 3780 2092">
    <p class='ocr_par' dir='ltr' id='par_1_35' title="bbox 2215 2015 3780 2090">
     <span class='ocr_line' id='line_1_35' title="bbox 2215 2015 3780 2090; baseline 0 -20"><span class='ocrx_word' id='word_1_269' title='bbox 2215 2017 2322 2083; x_wconf 80' lang='grc' dir='ltr'>ζῶν</span> <span class='ocrx_word' id='word_1_270' title='bbox 2351 2037 2410 2072; x_wconf 84' lang='grc' dir='ltr'><strong>τε</strong></span> <span class='ocrx_word' id='word_1_271' title='bbox 2443 2019 2694 2090; x_wconf 73' lang='grc' dir='ltr'>ἀληθινὸς</span> <span class='ocrx_word' id='word_1_272' title='bbox 2731 2020 2862 2084; x_wconf 85' lang='grc' dir='ltr'>Θεός</span> <span class='ocrx_word' id='word_1_273' title='bbox 2887 2038 2900 2052; x_wconf 90' lang='grc'><strong>·</strong></span> <span class='ocrx_word' id='word_1_274' title='bbox 2923 2015 2967 2089; x_wconf 81' lang='grc' dir='ltr'>ᾧ</span> <span class='ocrx_word' id='word_1_275' title='bbox 2995 2023 3146 2074; x_wconf 74' lang='grc' dir='ltr'>πᾶσα</span> <span class='ocrx_word' id='word_1_276' title='bbox 3191 2019 3412 2088; x_wconf 83' lang='grc' dir='ltr'>γλῶσσα</span> <span class='ocrx_word' id='word_1_277' title='bbox 3458 2017 3780 2088; x_wconf 77' lang='grc' dir='ltr'>ἐξομολογεῖ-</span> 
     </span>
    </p>
   </div>
   <div class='ocr_carea' id='block_1_36' title="bbox 523 2113 2109 2184">
    <p class='ocr_par' dir='ltr' id='par_1_36' title="bbox 523 2113 2109 2184">
     <span class='ocr_line' id='line_1_36' title="bbox 523 2113 2109 2184; baseline -0.006 -8"><span class='ocrx_word' id='word_1_278' title='bbox 523 2130 608 2176; x_wconf 88' lang='lat' dir='ltr'><strong>est</strong></span> <span class='ocrx_word' id='word_1_279' title='bbox 651 2121 808 2174; x_wconf 86' lang='lat' dir='ltr'><strong>vivus</strong></span> <span class='ocrx_word' id='word_1_280' title='bbox 853 2128 906 2173; x_wconf 89' lang='lat' dir='ltr'><strong>et</strong></span> <span class='ocrx_word' id='word_1_281' title='bbox 943 2133 1105 2172; x_wconf 86' lang='lat' dir='ltr'><strong>verus</strong></span> <span class='ocrx_word' id='word_1_282' title='bbox 1153 2116 1318 2180; x_wconf 87' lang='lat' dir='ltr'><strong>Deus,</strong></span> <span class='ocrx_word' id='word_1_283' title='bbox 1373 2117 1463 2170; x_wconf 91' lang='lat' dir='ltr'><strong>cui</strong></span> <span class='ocrx_word' id='word_1_284' title='bbox 1506 2117 1684 2170; x_wconf 89' lang='lat' dir='ltr'><strong>omnis</strong></span> <span class='ocrx_word' id='word_1_285' title='bbox 1723 2116 1904 2184; x_wconf 80' lang='lat' dir='ltr'><strong>lingua</strong></span> <span class='ocrx_word' id='word_1_286' title='bbox 1939 2113 2109 2167; x_wconf 85' lang='lat' dir='ltr'><strong>conli-</strong></span> 
     </span>
    </p>
   </div>
   <div class='ocr_carea' id='block_1_37' title="bbox 523 2207 2106 2280">
    <p class='ocr_par' dir='ltr' id='par_1_37' title="bbox 523 2207 2106 2280">
     <span class='ocr_line' id='line_1_37' title="bbox 523 2207 2106 2280; baseline -0.006 -10"><span class='ocrx_word' id='word_1_287' title='bbox 523 2223 690 2276; x_wconf 80' lang='lat' dir='ltr'><strong>tetur,</strong></span> <span class='ocrx_word' id='word_1_288' title='bbox 725 2215 866 2280; x_wconf 80' lang='lat' dir='ltr'><strong>Quia</strong></span> <span class='ocrx_word' id='word_1_289' title='bbox 899 2212 1154 2266; x_wconf 81' lang='lat' dir='ltr'><strong>Dominus</strong></span> <span class='ocrx_word' id='word_1_290' title='bbox 1183 2209 1343 2264; x_wconf 83' lang='lat' dir='ltr'><strong>Jesus</strong></span> <span class='ocrx_word' id='word_1_291' title='bbox 1375 2210 1429 2262; x_wconf 90' lang='lat' dir='ltr'><strong>in</strong></span> <span class='ocrx_word' id='word_1_292' title='bbox 1459 2209 1683 2280; x_wconf 84' lang='lat' dir='ltr'><strong>gloriam</strong></span> <span class='ocrx_word' id='word_1_293' title='bbox 1721 2218 1798 2263; x_wconf 80' lang='lat' dir='ltr'><strong>est</strong></span> <span class='ocrx_word' id='word_1_294' title='bbox 1835 2207 2016 2260; x_wconf 85' lang='lat' dir='ltr'><strong>Patris</strong></span> <span class='ocrx_word' id='word_1_295' title='bbox 2041 2209 2106 2260; x_wconf 78' lang='grc'><strong>⁷⁸.</strong></span> 
     </span>
    </p>
   </div>
   <div class='ocr_carea' id='block_1_38' title="bbox 603 2299 2108 2374">
    <p class='ocr_par' dir='ltr' id='par_1_38' title="bbox 603 2299 2108 2374">
     <span class='ocr_line' id='line_1_38' title="bbox 603 2299 2108 2374; baseline -0.005 -15"><span class='ocrx_word' id='word_1_296' title='bbox 603 2307 792 2367; x_wconf 85' lang='lat' dir='ltr'><strong>Deum,</strong></span> <span class='ocrx_word' id='word_1_297' title='bbox 812 2303 1421 2374; x_wconf 86' lang='lat' dir='ltr'><strong>inquit,uuum,absque</strong></span> <span class='ocrx_word' id='word_1_298' title='bbox 1446 2303 1647 2371; x_wconf 85' lang='lat' dir='ltr'><strong>origine</strong></span> <span class='ocrx_word' id='word_1_299' title='bbox 1681 2302 1786 2354; x_wconf 83' lang='lat' dir='ltr'><strong>sire</strong></span> <span class='ocrx_word' id='word_1_300' title='bbox 1818 2299 2108 2368; x_wconf 82' lang='lat' dir='ltr'><strong>principio:</strong></span> 
     </span>
    </p>
   </div>
   <div class='ocr_carea' id='block_1_39' title="bbox 521 2390 2108 2464">
    <p class='ocr_par' dir='ltr' id='par_1_39' title="bbox 521 2390 2108 2464">
     <span class='ocr_line' id='line_1_39' title="bbox 521 2390 2108 2464; baseline -0.008 -12"><span class='ocrx_word' id='word_1_301' title='bbox 521 2409 734 2461; x_wconf 68' lang='lat' dir='ltr'><strong>arteriae,</strong></span> <span class='ocrx_word' id='word_1_302' title='bbox 791 2395 904 2449; x_wconf 86' lang='lat' dir='ltr'><strong>sine</strong></span> <span class='ocrx_word' id='word_1_303' title='bbox 938 2395 1042 2464; x_wconf 84' lang='lat' dir='ltr'><strong>ﬁne</strong></span> <span class='ocrx_word' id='word_1_304' title='bbox 1104 2392 1300 2446; x_wconf 85' lang='lat' dir='ltr'><strong>solum.</strong></span> <span class='ocrx_word' id='word_1_305' title='bbox 1351 2391 1554 2444; x_wconf 83' lang='lat' dir='ltr'><strong>Rursus</strong></span> <span class='ocrx_word' id='word_1_306' title='bbox 1612 2390 1922 2458; x_wconf 68' lang='lat' dir='ltr'><strong>intellig/ite,</strong></span> <span class='ocrx_word' id='word_1_307' title='bbox 1980 2404 2108 2458; x_wconf 87' lang='lat' dir='ltr'><strong>par-</strong></span> 
     </span>
    </p>
   </div>
   <div class='ocr_carea' id='block_1_40' title="bbox 525 2481 2110 2556">
    <p class='ocr_par' dir='ltr' id='par_1_40' title="bbox 525 2481 2110 2556">
     <span class='ocr_line' id='line_1_40' title="bbox 525 2481 2110 2556; baseline -0.006 -11"><span class='ocrx_word' id='word_1_308' title='bbox 525 2492 651 2552; x_wconf 79' lang='lat' dir='ltr'><strong>vuli,</strong></span> <span class='ocrx_word' id='word_1_309' title='bbox 677 2490 930 2543; x_wconf 79' lang='lat' dir='ltr'><strong>astutiam</strong></span> <span class='ocrx_word' id='word_1_310' title='bbox 949 2489 998 2519; x_wconf 80' lang='grc'><strong>⁷⁹</strong></span> <span class='ocrx_word' id='word_1_311' title='bbox 1030 2486 1230 2556; x_wconf 92' lang='lat' dir='ltr'><strong>(inquit</strong></span> <span class='ocrx_word' id='word_1_312' title='bbox 1259 2485 1564 2552; x_wconf 89' lang='lat' dir='ltr'><strong>Solomon),</strong></span> <span class='ocrx_word' id='word_1_313' title='bbox 1601 2499 1667 2537; x_wconf 87' lang='lat' dir='ltr'><strong>ue</strong></span> <span class='ocrx_word' id='word_1_314' title='bbox 1695 2482 1986 2553; x_wconf 89' lang='lat' dir='ltr'><strong>aliquando</strong></span> <span class='ocrx_word' id='word_1_315' title='bbox 2015 2481 2110 2536; x_wconf 89' lang='lat' dir='ltr'><strong>de-</strong></span> 
     </span>
    </p>
   </div>
   <div class='ocr_carea' id='block_1_41' title="bbox 524 2573 2107 2654">
    <p class='ocr_par' dir='ltr' id='par_1_41' title="bbox 524 2573 2107 2654">
     <span class='ocr_line' id='line_1_41' title="bbox 524 2573 2107 2654; baseline -0.008 -16"><span class='ocrx_word' id='word_1_316' title='bbox 524 2585 664 2654; x_wconf 86' lang='lat' dir='ltr'><strong>cepti</strong></span> <span class='ocrx_word' id='word_1_317' title='bbox 706 2583 756 2635; x_wconf 91' lang='lat' dir='ltr'><strong>in</strong></span> <span class='ocrx_word' id='word_1_318' title='bbox 793 2581 1011 2636; x_wconf 84' lang='lat' dir='ltr'><strong>deitatis</strong></span> <span class='ocrx_word' id='word_1_319' title='bbox 1047 2577 1322 2648; x_wconf 90' lang='lat' dir='ltr'><strong>Unigeuiti</strong></span> <span class='ocrx_word' id='word_1_320' title='bbox 1373 2577 1792 2647; x_wconf 76' lang='lat' dir='ltr'><strong>abnegationem</strong></span> <span class='ocrx_word' id='word_1_321' title='bbox 1833 2573 2107 2628; x_wconf 87' lang='lat' dir='ltr'><strong>incidatis.</strong></span> 
     </span>
    </p>
   </div>
   <div class='ocr_carea' id='block_1_42' title="bbox 525 2670 2112 2741">
    <p class='ocr_par' dir='ltr' id='par_1_42' title="bbox 525 2670 2112 2741">
     <span class='ocr_line' id='line_1_42' title="bbox 525 2670 2112 2741; baseline -0.008 -9"><span class='ocrx_word' id='word_1_322' title='bbox 525 2679 580 2732; x_wconf 85' lang='lat' dir='ltr'><strong>id</strong></span> <span class='ocrx_word' id='word_1_323' title='bbox 633 2677 752 2731; x_wconf 88' lang='lat' dir='ltr'><strong>sine</strong></span> <span class='ocrx_word' id='word_1_324' title='bbox 799 2674 901 2726; x_wconf 86' lang='lat' dir='ltr'><strong>line</strong></span> <span class='ocrx_word' id='word_1_325' title='bbox 931 2681 1035 2736; x_wconf 88' lang='lat' dir='ltr'><strong>est,</strong></span> <span class='ocrx_word' id='word_1_326' title='bbox 1082 2672 1226 2741; x_wconf 89' lang='lat' dir='ltr'><strong>quod</strong></span> <span class='ocrx_word' id='word_1_327' title='bbox 1257 2672 1449 2725; x_wconf 82' lang='lat' dir='ltr'><strong>mortis</strong></span> <span class='ocrx_word' id='word_1_328' title='bbox 1495 2681 1548 2725; x_wconf 92' lang='lat' dir='ltr'><strong>et</strong></span> <span class='ocrx_word' id='word_1_329' title='bbox 1583 2670 1840 2724; x_wconf 85' lang='lat' dir='ltr'><strong>interitus</strong></span> <span class='ocrx_word' id='word_1_330' title='bbox 1883 2674 2112 2722; x_wconf 87' lang='lat' dir='ltr'><strong>nonest</strong></span> 
     </span>
    </p>
   </div>
   <div class='ocr_carea' id='block_1_43' title="bbox 523 2758 2108 2834">
    <p class='ocr_par' dir='ltr' id='par_1_43' title="bbox 523 2758 2108 2834">
     <span class='ocr_line' id='line_1_43' title="bbox 523 2758 2108 2834; baseline -0.004 -17"><span class='ocrx_word' id='word_1_331' title='bbox 523 2779 718 2834; x_wconf 67' lang='lat' dir='ltr'><strong>capas.</strong></span> <span class='ocrx_word' id='word_1_332' title='bbox 772 2761 972 2815; x_wconf 85' lang='lat' dir='ltr'><strong>Eodem</strong></span> <span class='ocrx_word' id='word_1_333' title='bbox 1027 2761 1190 2814; x_wconf 89' lang='lat' dir='ltr'><strong>modo</strong></span> <span class='ocrx_word' id='word_1_334' title='bbox 1234 2761 1286 2815; x_wconf 89' lang='lat' dir='ltr'><strong>id</strong></span> <span class='ocrx_word' id='word_1_335' title='bbox 1341 2769 1606 2814; x_wconf 63' lang='lat' dir='ltr'><strong>aeternum</strong></span> <span class='ocrx_word' id='word_1_336' title='bbox 1657 2769 1741 2814; x_wconf 90' lang='lat' dir='ltr'><strong>est</strong></span> <span class='ocrx_word' id='word_1_337' title='bbox 1795 2758 1940 2828; x_wconf 87' lang='lat' dir='ltr'><strong>quod</strong></span> <span class='ocrx_word' id='word_1_338' title='bbox 1997 2772 2108 2810; x_wconf 91' lang='lat' dir='ltr'><strong>non</strong></span> 
     </span>
    </p>
   </div>
   <div class='ocr_carea' id='block_1_44' title="bbox 524 2851 2107 2924">
    <p class='ocr_par' dir='ltr' id='par_1_44' title="bbox 524 2851 2107 2924">
     <span class='ocr_line' id='line_1_44' title="bbox 524 2851 2107 2924; baseline -0.006 -13"><span class='ocrx_word' id='word_1_339' title='bbox 524 2859 592 2911; x_wconf 84' lang='lat' dir='ltr'><strong>ad</strong></span> <span class='ocrx_word' id='word_1_340' title='bbox 649 2865 865 2924; x_wconf 85' lang='lat' dir='ltr'><strong>tempus</strong></span> <span class='ocrx_word' id='word_1_341' title='bbox 914 2851 1140 2905; x_wconf 86' lang='lat' dir='ltr'><strong>dicitur.</strong></span> <span class='ocrx_word' id='word_1_342' title='bbox 1191 2851 1348 2918; x_wconf 86' lang='lat' dir='ltr'><strong>Quod</strong></span> <span class='ocrx_word' id='word_1_343' title='bbox 1395 2853 1560 2922; x_wconf 80' lang='lat' dir='ltr'><strong>igitur</strong></span> <span class='ocrx_word' id='word_1_344' title='bbox 1614 2867 1790 2920; x_wconf 89' lang='lat' dir='ltr'><strong>neque</strong></span> <span class='ocrx_word' id='word_1_345' title='bbox 1844 2857 2107 2904; x_wconf 61' lang='lat' dir='ltr'><strong>aitcrnum</strong></span> 
     </span>
    </p>
   </div>
   <div class='ocr_carea' id='block_1_45' title="bbox 522 2941 2109 3012">
    <p class='ocr_par' dir='ltr' id='par_1_45' title="bbox 522 2941 2109 3012">
     <span class='ocr_line' id='line_1_45' title="bbox 522 2941 2109 3012; baseline -0.006 -12"><span class='ocrx_word' id='word_1_346' title='bbox 522 2955 628 3008; x_wconf 87' lang='lat' dir='ltr'><strong>est,</strong></span> <span class='ocrx_word' id='word_1_347' title='bbox 683 2959 858 3012; x_wconf 80' lang='lat' dir='ltr'><strong>neque</strong></span> <span class='ocrx_word' id='word_1_348' title='bbox 897 2945 1006 2996; x_wconf 86' lang='lat' dir='ltr'><strong>line</strong></span> <span class='ocrx_word' id='word_1_349' title='bbox 1048 2953 1236 3006; x_wconf 84' lang='lat' dir='ltr'><strong>caret,</strong></span> <span class='ocrx_word' id='word_1_350' title='bbox 1283 2941 1386 2994; x_wconf 79' lang='lat' dir='ltr'><strong>hoc</strong></span> <span class='ocrx_word' id='word_1_351' title='bbox 1421 2955 1648 3010; x_wconf 84' lang='lat' dir='ltr'><strong>prorsus</strong></span> <span class='ocrx_word' id='word_1_352' title='bbox 1678 2941 1732 2992; x_wconf 90' lang='lat' dir='ltr'><strong>in</strong></span> <span class='ocrx_word' id='word_1_353' title='bbox 1765 2947 1960 2993; x_wconf 88' lang='lat' dir='ltr'><strong>natura</strong></span> <span class='ocrx_word' id='word_1_354' title='bbox 1986 2953 2109 2992; x_wconf 88' lang='lat' dir='ltr'><strong>cor-</strong></span> 
     </span>
    </p>
   </div>
   <div class='ocr_carea' id='block_1_46' title="bbox 523 3032 2110 3107">
    <p class='ocr_par' dir='ltr' id='par_1_46' title="bbox 523 3032 2110 3107">
     <span class='ocr_line' id='line_1_46' title="bbox 523 3032 2110 3107; baseline -0.006 -15"><span class='ocrx_word' id='word_1_355' title='bbox 523 3037 771 3107; x_wconf 83' lang='lat' dir='ltr'><strong>ruptibili</strong></span> <span class='ocrx_word' id='word_1_356' title='bbox 805 3045 858 3091; x_wconf 91' lang='lat' dir='ltr'><strong>et</strong></span> <span class='ocrx_word' id='word_1_357' title='bbox 913 3036 1203 3106; x_wconf 86' lang='lat' dir='ltr'><strong>temporali</strong></span> <span class='ocrx_word' id='word_1_358' title='bbox 1261 3035 1526 3088; x_wconf 84' lang='lat' dir='ltr'><strong>cernitur.</strong></span> <span class='ocrx_word' id='word_1_359' title='bbox 1571 3032 1714 3103; x_wconf 81' lang='lat' dir='ltr'><strong>Ergo</strong></span> <span class='ocrx_word' id='word_1_360' title='bbox 1771 3033 1863 3102; x_wconf 89' lang='lat' dir='ltr'><strong>qui</strong></span> <span class='ocrx_word' id='word_1_361' title='bbox 1919 3032 2011 3084; x_wconf 89' lang='lat' dir='ltr'><strong>uni</strong></span> <span class='ocrx_word' id='word_1_362' title='bbox 2055 3040 2110 3084; x_wconf 90' lang='lat' dir='ltr'><strong>et</strong></span> 
     </span>
    </p>
   </div>
   <div class='ocr_carea' id='block_1_47' title="bbox 525 3125 2110 3196">
    <p class='ocr_par' dir='ltr' id='par_1_47' title="bbox 525 3125 2110 3196">
     <span class='ocr_line' id='line_1_47' title="bbox 525 3125 2110 3196; baseline -0.003 -14"><span class='ocrx_word' id='word_1_363' title='bbox 525 3130 626 3182; x_wconf 86' lang='lat' dir='ltr'><strong>soli</strong></span> <span class='ocrx_word' id='word_1_364' title='bbox 667 3127 776 3182; x_wconf 88' lang='lat' dir='ltr'><strong>Deo</strong></span> <span class='ocrx_word' id='word_1_365' title='bbox 823 3128 875 3181; x_wconf 93' lang='lat' dir='ltr'><strong>id</strong></span> <span class='ocrx_word' id='word_1_366' title='bbox 935 3127 1081 3196; x_wconf 85' lang='lat' dir='ltr'><strong>quod</strong></span> <span class='ocrx_word' id='word_1_367' title='bbox 1129 3128 1234 3182; x_wconf 84' lang='lat' dir='ltr'><strong>line</strong></span> <span class='ocrx_word' id='word_1_368' title='bbox 1271 3137 1324 3180; x_wconf 90' lang='lat' dir='ltr'><strong>et</strong></span> <span class='ocrx_word' id='word_1_369' title='bbox 1361 3127 1508 3178; x_wconf 74' lang='lat' dir='ltr'><strong>exitu</strong></span> <span class='ocrx_word' id='word_1_370' title='bbox 1551 3133 1700 3178; x_wconf 87' lang='lat' dir='ltr'><strong>caret</strong></span> <span class='ocrx_word' id='word_1_371' title='bbox 1733 3139 1834 3179; x_wconf 92' lang='lat' dir='ltr'><strong>suo</strong></span> <span class='ocrx_word' id='word_1_372' title='bbox 1863 3125 2110 3178; x_wconf 80' lang='lat' dir='ltr'><strong>testimo-</strong></span> 
     </span>
    </p>
   </div>
   <div class='ocr_carea' id='block_1_48' title="bbox 524 3215 2108 3287">
    <p class='ocr_par' dir='ltr' id='par_1_48' title="bbox 524 3215 2108 3287">
     <span class='ocr_line' id='line_1_48' title="bbox 524 3215 2108 3287; baseline -0.003 -12"><span class='ocrx_word' id='word_1_373' title='bbox 524 3221 618 3275; x_wconf 88' lang='lat' dir='ltr'><strong>nio</strong></span> <span class='ocrx_word' id='word_1_374' title='bbox 649 3221 931 3286; x_wconf 84' lang='lat' dir='ltr'><strong>attribuit;</strong></span> <span class='ocrx_word' id='word_1_375' title='bbox 969 3237 1077 3275; x_wconf 87' lang='lat' dir='ltr'><strong>non</strong></span> <span class='ocrx_word' id='word_1_376' title='bbox 1107 3229 1287 3273; x_wconf 88' lang='lat' dir='ltr'><strong>autem</strong></span> <span class='ocrx_word' id='word_1_377' title='bbox 1323 3219 1698 3287; x_wconf 80' lang='lat' dir='ltr'><strong>complectens</strong></span> <span class='ocrx_word' id='word_1_378' title='bbox 1723 3215 1920 3271; x_wconf 85' lang='lat' dir='ltr'><strong>Filium</strong></span> <span class='ocrx_word' id='word_1_379' title='bbox 1947 3226 2108 3272; x_wconf 64' lang='lat' dir='ltr'><strong>{eter-</strong></span> 
     </span>
    </p>
   </div>
   <div class='ocr_carea' id='block_1_49' title="bbox 523 3309 2106 3380">
    <p class='ocr_par' dir='ltr' id='par_1_49' title="bbox 523 3309 2106 3380">
     <span class='ocr_line' id='line_1_49' title="bbox 523 3309 2106 3380; baseline -0.002 -14"><span class='ocrx_word' id='word_1_380' title='bbox 523 3313 580 3367; x_wconf 87' lang='lat' dir='ltr'><strong>ni</strong></span> <span class='ocrx_word' id='word_1_381' title='bbox 645 3322 698 3366; x_wconf 91' lang='lat' dir='ltr'><strong>et</strong></span> <span class='ocrx_word' id='word_1_382' title='bbox 747 3313 853 3366; x_wconf 85' lang='lat' dir='ltr'><strong>line</strong></span> <span class='ocrx_word' id='word_1_383' title='bbox 922 3313 1164 3367; x_wconf 80' lang='lat' dir='ltr'><strong>carentis</strong></span> <span class='ocrx_word' id='word_1_384' title='bbox 1218 3311 1640 3380; x_wconf 78' lang='lat' dir='ltr'><strong>signiﬁcatione,</strong></span> <span class='ocrx_word' id='word_1_385' title='bbox 1695 3309 2106 3379; x_wconf 86' lang='lat' dir='ltr'><strong>corruptibilem</strong></span> 
     </span>
    </p>
   </div>
   <div class='ocr_carea' id='block_1_50' title="bbox 2217 2111 3732 2182">
    <p class='ocr_par' dir='ltr' id='par_1_50' title="bbox 2217 2111 3732 2182">
     <span class='ocr_line' id='line_1_50' title="bbox 2217 2111 3732 2182; baseline -0.001 -18"><span class='ocrx_word' id='word_1_386' title='bbox 2217 2129 2322 2173; x_wconf 79' lang='grc' dir='ltr'>ται,</span> <span class='ocrx_word' id='word_1_387' title='bbox 2355 2114 2435 2165; x_wconf 78' lang='grc' dir='ltr'>ὅτι</span> <span class='ocrx_word' id='word_1_388' title='bbox 2475 2115 2690 2182; x_wconf 76' lang='grc' dir='ltr'>Κύριος</span> <span class='ocrx_word' id='word_1_389' title='bbox 2729 2115 2958 2182; x_wconf 81' lang='grc' dir='ltr'>Ἰησοῦς</span> <span class='ocrx_word' id='word_1_390' title='bbox 2983 2118 3069 2180; x_wconf 78' lang='grc' dir='ltr'>εἰς</span> <span class='ocrx_word' id='word_1_391' title='bbox 3097 2113 3286 2178; x_wconf 77' lang='grc' dir='ltr'>δόξαν</span> <span class='ocrx_word' id='word_1_392' title='bbox 3309 2111 3457 2166; x_wconf 85' lang='grc' dir='ltr'>Θεοῦ</span> <span class='ocrx_word' id='word_1_393' title='bbox 3483 2113 3732 2180; x_wconf 75' lang='grc' dir='ltr'>Πατρός.</span> 
     </span>
    </p>
   </div>
   <div class='ocr_carea' id='block_1_51' title="bbox 2291 2203 3790 2277">
    <p class='ocr_par' dir='ltr' id='par_1_51' title="bbox 2291 2203 3790 2277">
     <span class='ocr_line' id='line_1_51' title="bbox 2291 2203 3790 2277; baseline -0.001 -19"><span class='ocrx_word' id='word_1_394' title='bbox 2291 2205 2458 2268; x_wconf 76' lang='grc' dir='ltr'>Θεὸν,</span> <span class='ocrx_word' id='word_1_395' title='bbox 2483 2209 2666 2276; x_wconf 72' lang='grc' dir='ltr'>φησὶν,</span> <span class='ocrx_word' id='word_1_396' title='bbox 2687 2208 2816 2270; x_wconf 79' lang='grc' dir='ltr'>ἕνα,</span> <span class='ocrx_word' id='word_1_397' title='bbox 2845 2209 3136 2277; x_wconf 67' lang='grc' dir='ltr'>ἀνάρχως,</span> <span class='ocrx_word' id='word_1_398' title='bbox 3155 2207 3354 2272; x_wconf 77' lang='grc' dir='ltr'>ιὶῖδίως</span> <span class='ocrx_word' id='word_1_399' title='bbox 3387 2203 3790 2272; x_wconf 73' lang='grc' dir='ltr'>ἀτελευτήτως</span> 
     </span>
    </p>
   </div>
   <div class='ocr_carea' id='block_1_52' title="bbox 2211 2295 3792 2368">
    <p class='ocr_par' dir='ltr' id='par_1_52' title="bbox 2211 2295 3792 2368">
     <span class='ocr_line' id='line_1_52' title="bbox 2211 2295 3792 2368; baseline -0.001 -16"><span class='ocrx_word' id='word_1_400' title='bbox 2211 2300 2422 2368; x_wconf 71' lang='grc' dir='ltr'>μόνον,</span> <span class='ocrx_word' id='word_1_401' title='bbox 2445 2299 2636 2352; x_wconf 70' lang='grc' dir='ltr'>Πάλιν</span> <span class='ocrx_word' id='word_1_402' title='bbox 2651 2297 2930 2363; x_wconf 59' lang='grc' dir='ltr'>νοήσατε,</span> <span class='ocrx_word' id='word_1_403' title='bbox 2947 2295 3178 2366; x_wconf 66' lang='grc' dir='ltr'>ἄκακοι,</span> <span class='ocrx_word' id='word_1_404' title='bbox 3193 2299 3566 2368; x_wconf 75' lang='grc' dir='ltr'>πανουργίαν</span> <span class='ocrx_word' id='word_1_405' title='bbox 3580 2340 3596 2364; x_wconf 86' lang='lat'><strong>,</strong></span> <span class='ocrx_word' id='word_1_406' title='bbox 3631 2315 3702 2368; x_wconf 77' lang='grc' dir='ltr'>φη</span> <span class='ocrx_word' id='word_1_407' title='bbox 3713 2297 3792 2350; x_wconf 61' lang='lat' dir='ltr'><strong>si»</strong></span> 
     </span>
    </p>
   </div>
   <div class='ocr_carea' id='block_1_53' title="bbox 2216 2387 3792 2460">
    <p class='ocr_par' dir='ltr' id='par_1_53' title="bbox 2216 2387 3792 2460">
     <span class='ocr_line' id='line_1_53' title="bbox 2216 2387 3792 2460; baseline -0.003 -18"><span class='ocrx_word' id='word_1_408' title='bbox 2216 2391 2244 2442; x_wconf 87' lang='grc' dir='ltr'><em>ὁ</em></span> <span class='ocrx_word' id='word_1_409' title='bbox 2268 2387 2516 2459; x_wconf 82' lang='grc' dir='ltr'>Σολομὼν</span> <span class='ocrx_word' id='word_1_410' title='bbox 2539 2405 2550 2416; x_wconf 89' lang='grc'>·</span> <span class='ocrx_word' id='word_1_411' title='bbox 2586 2390 2660 2460; x_wconf 88' lang='grc' dir='ltr'>μή</span> <span class='ocrx_word' id='word_1_412' title='bbox 2699 2406 2826 2441; x_wconf 85' lang='grc' dir='ltr'>ποτε</span> <span class='ocrx_word' id='word_1_413' title='bbox 2861 2391 2939 2452; x_wconf 76' lang='grc' dir='ltr'>εὶς</span> <span class='ocrx_word' id='word_1_414' title='bbox 2975 2389 3198 2460; x_wconf 80' lang='grc' dir='ltr'>ἄρνησιν</span> <span class='ocrx_word' id='word_1_415' title='bbox 3218 2389 3316 2458; x_wconf 79' lang='grc' dir='ltr'>τῆς</span> <span class='ocrx_word' id='word_1_416' title='bbox 3335 2388 3426 2442; x_wconf 80' lang='grc' dir='ltr'>τοῦ</span> <span class='ocrx_word' id='word_1_417' title='bbox 3461 2387 3792 2455; x_wconf 74' lang='grc' dir='ltr'>Μονογενοῦς</span> 
     </span>
    </p>
   </div>
   <div class='ocr_carea' id='block_1_54' title="bbox 2219 2477 3789 2552">
    <p class='ocr_par' dir='ltr' id='par_1_54' title="bbox 2219 2477 3789 2552">
     <span class='ocr_line' id='line_1_54' title="bbox 2219 2477 3789 2552; baseline -0.001 -18"><span class='ocrx_word' id='word_1_418' title='bbox 2219 2480 2472 2552; x_wconf 84' lang='grc' dir='ltr'>θεότητος</span> <span class='ocrx_word' id='word_1_419' title='bbox 2516 2477 2886 2550; x_wconf 81' lang='grc' dir='ltr'>ἀπατηθέντες</span> <span class='ocrx_word' id='word_1_420' title='bbox 2931 2481 3224 2552; x_wconf 77' lang='grc' dir='ltr'>ἐκπέσητε.</span> <span class='ocrx_word' id='word_1_421' title='bbox 3267 2479 3646 2549; x_wconf 81' lang='grc' dir='ltr'>Ἀτελεύτητόν</span> <span class='ocrx_word' id='word_1_422' title='bbox 3680 2481 3789 2532; x_wconf 76' lang='grc' dir='ltr'>ἐστι</span> 
     </span>
    </p>
   </div>
   <div class='ocr_carea' id='block_1_55' title="bbox 2215 2572 3794 2647">
    <p class='ocr_par' dir='ltr' id='par_1_55' title="bbox 2215 2572 3794 2647">
     <span class='ocr_line' id='line_1_55' title="bbox 2215 2572 3794 2647; baseline -0.002 -19"><span class='ocrx_word' id='word_1_423' title='bbox 2215 2575 2277 2628; x_wconf 86' lang='grc' dir='ltr'><strong>τὸ</strong></span> <span class='ocrx_word' id='word_1_424' title='bbox 2329 2573 2559 2628; x_wconf 87' lang='grc' dir='ltr'>θανάτου</span> <span class='ocrx_word' id='word_1_425' title='bbox 2609 2577 2701 2629; x_wconf 78' lang='grc' dir='ltr'><strong>καὶ</strong></span> <span class='ocrx_word' id='word_1_426' title='bbox 2736 2575 2940 2647; x_wconf 76' lang='grc' dir='ltr'>φθορᾶς</span> <span class='ocrx_word' id='word_1_427' title='bbox 2984 2575 3352 2632; x_wconf 81' lang='grc' dir='ltr'>ἀνεπίδεκτον.</span> <span class='ocrx_word' id='word_1_428' title='bbox 3411 2576 3681 2638; x_wconf 76' lang='grc' dir='ltr'>Ὡσαύτως</span> <span class='ocrx_word' id='word_1_429' title='bbox 3705 2572 3794 2627; x_wconf 73' lang='grc' dir='ltr'><strong>καὶ</strong></span> 
     </span>
    </p>
   </div>
   <div class='ocr_carea' id='block_1_56' title="bbox 2216 2666 3792 2740">
    <p class='ocr_par' dir='ltr' id='par_1_56' title="bbox 2216 2666 3792 2740">
     <span class='ocr_line' id='line_1_56' title="bbox 2216 2666 3792 2740; baseline -0.001 -21"><span class='ocrx_word' id='word_1_430' title='bbox 2216 2666 2384 2720; x_wconf 78' lang='grc' dir='ltr'>ἀΐδιον</span> <span class='ocrx_word' id='word_1_431' title='bbox 2428 2668 2488 2720; x_wconf 81' lang='grc' dir='ltr'><strong>τὸ</strong></span> <span class='ocrx_word' id='word_1_432' title='bbox 2525 2667 2600 2738; x_wconf 83' lang='grc' dir='ltr'><strong>μὴ</strong></span> <span class='ocrx_word' id='word_1_433' title='bbox 2646 2669 2980 2740; x_wconf 81' lang='grc' dir='ltr'><strong>πρόσκαιρον</strong></span> <span class='ocrx_word' id='word_1_434' title='bbox 3034 2669 3273 2737; x_wconf 84' lang='grc' dir='ltr'>λέγεται.</span> <span class='ocrx_word' id='word_1_435' title='bbox 3318 2671 3384 2722; x_wconf 92' lang='lat'><strong>&quot;0</strong></span> <span class='ocrx_word' id='word_1_436' title='bbox 3432 2667 3610 2721; x_wconf 80' lang='grc' dir='ltr'>τοίνυν</span> <span class='ocrx_word' id='word_1_437' title='bbox 3661 2667 3792 2738; x_wconf 86' lang='grc' dir='ltr'>μήτε</span> 
     </span>
    </p>
   </div>
   <div class='ocr_carea' id='block_1_57' title="bbox 2217 2758 3792 2831">
    <p class='ocr_par' dir='ltr' id='par_1_57' title="bbox 2217 2758 3792 2831">
     <span class='ocr_line' id='line_1_57' title="bbox 2217 2758 3792 2831; baseline 0 -21"><span class='ocrx_word' id='word_1_438' title='bbox 2217 2758 2384 2811; x_wconf 76' lang='grc' dir='ltr'>ἀΐδιόν</span> <span class='ocrx_word' id='word_1_439' title='bbox 2420 2759 2564 2826; x_wconf 76' lang='grc' dir='ltr'>ἐστι,</span> <span class='ocrx_word' id='word_1_440' title='bbox 2595 2761 2734 2830; x_wconf 80' lang='grc' dir='ltr'>μήτε</span> <span class='ocrx_word' id='word_1_441' title='bbox 2777 2761 3128 2831; x_wconf 86' lang='grc' dir='ltr'>ἀτελεύτητον</span> <span class='ocrx_word' id='word_1_442' title='bbox 3149 2777 3161 2791; x_wconf 93' lang='grc'><strong>·</strong></span> <span class='ocrx_word' id='word_1_443' title='bbox 3187 2759 3346 2814; x_wconf 83' lang='grc' dir='ltr'>τοῦτο</span> <span class='ocrx_word' id='word_1_444' title='bbox 3381 2761 3600 2824; x_wconf 75' lang='grc' dir='ltr'>πάντως</span> <span class='ocrx_word' id='word_1_445' title='bbox 3634 2759 3690 2812; x_wconf 81' lang='grc' dir='ltr'>ὲν</span> <span class='ocrx_word' id='word_1_446' title='bbox 3727 2760 3792 2828; x_wconf 81' lang='grc' dir='ltr'>τῇ</span> 
     </span>
    </p>
   </div>
   <div class='ocr_carea' id='block_1_58' title="bbox 2219 2850 3793 2925">
    <p class='ocr_par' dir='ltr' id='par_1_58' title="bbox 2219 2850 3793 2925">
     <span class='ocr_line' id='line_1_58' title="bbox 2219 2850 3793 2925; baseline -0.001 -20"><span class='ocrx_word' id='word_1_447' title='bbox 2219 2850 2432 2922; x_wconf 77' lang='grc' dir='ltr'>φθαρτῇ</span> <span class='ocrx_word' id='word_1_448' title='bbox 2467 2869 2526 2904; x_wconf 85' lang='grc' dir='ltr'><strong>τε</strong></span> <span class='ocrx_word' id='word_1_449' title='bbox 2567 2853 2661 2906; x_wconf 70' lang='grc' dir='ltr'><strong>καὶ</strong></span> <span class='ocrx_word' id='word_1_450' title='bbox 2701 2853 2949 2925; x_wconf 81' lang='grc' dir='ltr'>ὲπικήρῳ</span> <span class='ocrx_word' id='word_1_451' title='bbox 2982 2854 3264 2925; x_wconf 84' lang='grc' dir='ltr'>θεωρεῖται</span> <span class='ocrx_word' id='word_1_452' title='bbox 3311 2853 3488 2923; x_wconf 79' lang='grc' dir='ltr'>φύσει.</span> <span class='ocrx_word' id='word_1_453' title='bbox 3534 2851 3738 2906; x_wconf 74' lang='grc' dir='ltr'>Οὐκοῦν</span> <span class='ocrx_word' id='word_1_454' title='bbox 3767 2853 3793 2904; x_wconf 82' lang='grc' dir='ltr'>ὁ</span> 
     </span>
    </p>
   </div>
   <div class='ocr_carea' id='block_1_59' title="bbox 2216 2943 3792 3019">
    <p class='ocr_par' dir='ltr' id='par_1_59' title="bbox 2216 2943 3792 3019">
     <span class='ocr_line' id='line_1_59' title="bbox 2216 2943 3792 3019; baseline 0 -23"><span class='ocrx_word' id='word_1_455' title='bbox 2216 2943 2276 2996; x_wconf 86' lang='grc' dir='ltr'><strong>τὸ</strong></span> <span class='ocrx_word' id='word_1_456' title='bbox 2305 2944 2661 3016; x_wconf 82' lang='grc' dir='ltr'>ἀτελεύτητον</span> <span class='ocrx_word' id='word_1_457' title='bbox 2677 2945 2754 3017; x_wconf 81' lang='grc' dir='ltr'>τῷ</span> <span class='ocrx_word' id='word_1_458' title='bbox 2781 2947 2862 3000; x_wconf 79' lang='grc' dir='ltr'><strong>ἑνὶ</strong></span> <span class='ocrx_word' id='word_1_459' title='bbox 2891 2947 2985 3001; x_wconf 81' lang='grc' dir='ltr'>καὶ</span> <span class='ocrx_word' id='word_1_460' title='bbox 3011 2947 3156 3018; x_wconf 84' lang='grc' dir='ltr'>μόνῳ</span> <span class='ocrx_word' id='word_1_461' title='bbox 3187 2947 3626 3019; x_wconf 84' lang='grc' dir='ltr'>προσμαρτυρῶν</span> <span class='ocrx_word' id='word_1_462' title='bbox 3653 2943 3792 3015; x_wconf 78' lang='grc' dir='ltr'>Θεῷ·</span> 
     </span>
    </p>
   </div>
   <div class='ocr_carea' id='block_1_60' title="bbox 2220 3035 3792 3110">
    <p class='ocr_par' dir='ltr' id='par_1_60' title="bbox 2220 3035 3792 3110">
     <span class='ocr_line' id='line_1_60' title="bbox 2220 3035 3792 3110; baseline 0.003 -23"><span class='ocrx_word' id='word_1_463' title='bbox 2220 3035 2296 3108; x_wconf 76' lang='grc' dir='ltr'>μὴ</span> <span class='ocrx_word' id='word_1_464' title='bbox 2333 3039 2870 3110; x_wconf 86' lang='grc' dir='ltr'>συμπεριλαμϐάνων</span> <span class='ocrx_word' id='word_1_465' title='bbox 2896 3040 2952 3094; x_wconf 83' lang='grc' dir='ltr'>δὲ</span> <span class='ocrx_word' id='word_1_466' title='bbox 2983 3040 3072 3094; x_wconf 82' lang='grc' dir='ltr'><strong>τὸν</strong></span> <span class='ocrx_word' id='word_1_467' title='bbox 3111 3040 3240 3094; x_wconf 81' lang='grc' dir='ltr'>Υἱὸν</span> <span class='ocrx_word' id='word_1_468' title='bbox 3267 3042 3333 3110; x_wconf 84' lang='grc' dir='ltr'>τῇ</span> <span class='ocrx_word' id='word_1_469' title='bbox 3375 3038 3467 3093; x_wconf 79' lang='grc' dir='ltr'>τοῦ</span> <span class='ocrx_word' id='word_1_470' title='bbox 3507 3039 3792 3108; x_wconf 82' lang='grc' dir='ltr'>ἀτελευτή-</span> 
     </span>
    </p>
   </div>
   <div class='ocr_carea' id='block_1_61' title="bbox 2213 3127 3794 3206">
    <p class='ocr_par' dir='ltr' id='par_1_61' title="bbox 2213 3127 3794 3206">
     <span class='ocr_line' id='line_1_61' title="bbox 2213 3127 3794 3206; baseline 0.001 -24"><span class='ocrx_word' id='word_1_471' title='bbox 2213 3146 2308 3182; x_wconf 88' lang='grc' dir='ltr'><strong>του</strong></span> <span class='ocrx_word' id='word_1_472' title='bbox 2351 3131 2445 3184; x_wconf 83' lang='grc' dir='ltr'><strong>καὶ</strong></span> <span class='ocrx_word' id='word_1_473' title='bbox 2489 3133 2660 3186; x_wconf 84' lang='grc' dir='ltr'>ἀϊδίου</span> <span class='ocrx_word' id='word_1_474' title='bbox 2715 3133 2996 3204; x_wconf 71' lang='grc' dir='ltr'>σημασία,</span> <span class='ocrx_word' id='word_1_475' title='bbox 3033 3132 3272 3206; x_wconf 78' lang='grc' dir='ltr'>φθαρτὸν</span> <span class='ocrx_word' id='word_1_476' title='bbox 3321 3131 3482 3188; x_wconf 81' lang='grc' dir='ltr'>αὑτὸν</span> <span class='ocrx_word' id='word_1_477' title='bbox 3527 3127 3666 3184; x_wconf 80' lang='grc' dir='ltr'>εἶναι</span> <span class='ocrx_word' id='word_1_478' title='bbox 3704 3130 3794 3184; x_wconf 78' lang='grc' dir='ltr'>καὶ</span> 
     </span>
    </p>
   </div>
   <div class='ocr_carea' id='block_1_62' title="bbox 2215 3221 3794 3292">
    <p class='ocr_par' dir='ltr' id='par_1_62' title="bbox 2215 3221 3794 3292">
     <span class='ocr_line' id='line_1_62' title="bbox 2215 3221 3794 3292; baseline -0.001 -20"><span class='ocrx_word' id='word_1_479' title='bbox 2215 3221 2550 3292; x_wconf 82' lang='grc' dir='ltr'>πρόσκαιρον</span> <span class='ocrx_word' id='word_1_480' title='bbox 2569 3223 2658 3276; x_wconf 80' lang='grc' dir='ltr'><strong>διὰ</strong></span> <span class='ocrx_word' id='word_1_481' title='bbox 2685 3223 2778 3276; x_wconf 81' lang='grc' dir='ltr'>τοῦ</span> <span class='ocrx_word' id='word_1_482' title='bbox 2811 3225 3054 3277; x_wconf 87' lang='grc' dir='ltr'>τοιούτου</span> <span class='ocrx_word' id='word_1_483' title='bbox 3083 3225 3242 3292; x_wconf 80' lang='grc' dir='ltr'>λόγου</span> <span class='ocrx_word' id='word_1_484' title='bbox 3273 3222 3794 3286; x_wconf 71' lang='grc' dir='ltr'>κατασκευάζει,τὸν</span> 
     </span>
    </p>
   </div>
   <div class='ocr_carea' id='block_1_63' title="bbox 2215 3311 3796 3388">
    <p class='ocr_par' dir='ltr' id='par_1_63' title="bbox 2215 3311 3796 3388">
     <span class='ocr_line' id='line_1_63' title="bbox 2215 3311 3796 3388; baseline -0.003 -22"><span class='ocrx_word' id='word_1_485' title='bbox 2215 3311 2292 3383; x_wconf 84' lang='grc' dir='ltr'>τῷ</span> <span class='ocrx_word' id='word_1_486' title='bbox 2315 3313 2470 3385; x_wconf 82' lang='grc' dir='ltr'>ἀϊδίῳ</span> <span class='ocrx_word' id='word_1_487' title='bbox 2499 3315 2592 3368; x_wconf 63' lang='grc' dir='ltr'><strong>καῖ¹</strong></span> <span class='ocrx_word' id='word_1_488' title='bbox 2619 3315 2962 3388; x_wconf 76' lang='grc' dir='ltr'>ἀτελευτήτῳ</span> <span class='ocrx_word' id='word_1_489' title='bbox 2997 3318 3574 3387; x_wconf 82' lang='grc' dir='ltr'>ἁντιδιαστελλόμενον.</span> <span class='ocrx_word' id='word_1_490' title='bbox 3605 3317 3796 3385; x_wconf 82' lang='grc' dir='ltr'>Ἡμεῖς</span> 
     </span>
    </p>
   </div>
   <div class='ocr_carea' id='block_1_64' title="bbox 525 3391 2108 3479">
    <p class='ocr_par' dir='ltr' id='par_1_64' title="bbox 525 3403 2108 3476">
     <span class='ocr_line' id='line_1_64' title="bbox 525 3403 2108 3476; baseline -0.004 -14"><span class='ocrx_word' id='word_1_491' title='bbox 525 3407 702 3476; x_wconf 86' lang='lat' dir='ltr'><strong>ipsum</strong></span> <span class='ocrx_word' id='word_1_492' title='bbox 755 3421 879 3460; x_wconf 85' lang='lat' dir='ltr'><strong>esse</strong></span> <span class='ocrx_word' id='word_1_493' title='bbox 926 3414 980 3459; x_wconf 90' lang='lat' dir='ltr'><strong>et</strong></span> <span class='ocrx_word' id='word_1_494' title='bbox 1033 3405 1389 3474; x_wconf 87' lang='lat' dir='ltr'><strong>temporalem</strong></span> <span class='ocrx_word' id='word_1_495' title='bbox 1447 3419 1541 3472; x_wconf 87' lang='lat' dir='ltr'><strong>per</strong></span> <span class='ocrx_word' id='word_1_496' title='bbox 1596 3403 1744 3457; x_wconf 88' lang='lat' dir='ltr'><strong>hunc</strong></span> <span class='ocrx_word' id='word_1_497' title='bbox 1801 3417 2108 3457; x_wconf 86' lang='lat' dir='ltr'><strong>sermonem</strong></span> 
     </span>
    </p>
   </div>
   <div class='ocr_carea' id='block_1_65' title="bbox 2212 3391 3796 3479">
    <p class='ocr_par' dir='ltr' id='par_1_65' title="bbox 2214 3403 3796 3479">
     <span class='ocr_line' id='line_1_65' title="bbox 2214 3403 3796 3479; baseline 0.002 -22"><span class='ocrx_word' id='word_1_498' title='bbox 2214 3403 2270 3457; x_wconf 89' lang='grc' dir='ltr'>δὲ</span> <span class='ocrx_word' id='word_1_499' title='bbox 2291 3403 2392 3458; x_wconf 84' lang='grc' dir='ltr'><strong>κᾶν</strong></span> <span class='ocrx_word' id='word_1_500' title='bbox 2425 3405 2748 3476; x_wconf 87' lang='grc' dir='ltr'>ἀκούσωμεν</span> <span class='ocrx_word' id='word_1_501' title='bbox 2789 3409 2871 3460; x_wconf 83' lang='grc' dir='ltr'><strong>ὅτι</strong></span> <span class='ocrx_word' id='word_1_502' title='bbox 2905 3408 3066 3478; x_wconf 88' lang='grc' dir='ltr'>μόνος</span> <span class='ocrx_word' id='word_1_503' title='bbox 3096 3409 3123 3460; x_wconf 91' lang='grc' dir='ltr'>ὁ</span> <span class='ocrx_word' id='word_1_504' title='bbox 3155 3409 3286 3472; x_wconf 74' lang='grc' dir='ltr'>Θεὸς</span> <span class='ocrx_word' id='word_1_505' title='bbox 3315 3409 3427 3479; x_wconf 76' lang='grc' dir='ltr'>ἔχει</span> <span class='ocrx_word' id='word_1_506' title='bbox 3457 3409 3555 3478; x_wconf 77' lang='grc' dir='ltr'>τὴν</span> <span class='ocrx_word' id='word_1_507' title='bbox 3597 3407 3796 3460; x_wconf 78' lang='grc' dir='ltr'>ἀθανα-</span> 
     </span>
    </p>
   </div>
   <div class='ocr_carea' id='block_1_66' title="bbox 523 3495 2112 3567">
    <p class='ocr_par' dir='ltr' id='par_1_66' title="bbox 523 3495 2112 3567">
     <span class='ocr_line' id='line_1_66' title="bbox 523 3495 2112 3567; baseline -0.003 -13"><span class='ocrx_word' id='word_1_508' title='bbox 523 3501 834 3559; x_wconf 85' lang='lat' dir='ltr'><strong>eonlirmat,</strong></span> <span class='ocrx_word' id='word_1_509' title='bbox 867 3499 960 3567; x_wconf 88' lang='lat' dir='ltr'><strong>qui</strong></span> <span class='ocrx_word' id='word_1_510' title='bbox 1002 3499 1069 3550; x_wconf 86' lang='lat' dir='ltr'><strong>ab</strong></span> <span class='ocrx_word' id='word_1_511' title='bbox 1116 3505 1340 3560; x_wconf 85' lang='lat' dir='ltr'><strong>:cterno,</strong></span> <span class='ocrx_word' id='word_1_512' title='bbox 1376 3503 1428 3550; x_wconf 85' lang='lat' dir='ltr'><strong>et</strong></span> <span class='ocrx_word' id='word_1_513' title='bbox 1460 3495 1884 3565; x_wconf 88' lang='lat' dir='ltr'><strong>incorruptibili.</strong></span> <span class='ocrx_word' id='word_1_514' title='bbox 1917 3503 1970 3550; x_wconf 87' lang='lat' dir='ltr'><strong>et</strong></span> <span class='ocrx_word' id='word_1_515' title='bbox 2007 3495 2112 3550; x_wconf 83' lang='lat' dir='ltr'><strong>line</strong></span> 
     </span>
    </p>
   </div>
   <div class='ocr_carea' id='block_1_67' title="bbox 522 3587 2110 3658">
    <p class='ocr_par' dir='ltr' id='par_1_67' title="bbox 522 3587 2110 3658">
     <span class='ocr_line' id='line_1_67' title="bbox 522 3587 2110 3658; baseline -0.003 -12"><span class='ocrx_word' id='word_1_516' title='bbox 522 3592 735 3646; x_wconf 84' lang='lat' dir='ltr'><strong>carenti</strong></span> <span class='ocrx_word' id='word_1_517' title='bbox 775 3590 978 3644; x_wconf 83' lang='lat' dir='ltr'><strong>diﬂ&#39;crt.</strong></span> <span class='ocrx_word' id='word_1_518' title='bbox 1007 3587 1117 3642; x_wconf 88' lang='lat' dir='ltr'><strong>Nos</strong></span> <span class='ocrx_word' id='word_1_519' title='bbox 1146 3599 1327 3643; x_wconf 88' lang='lat' dir='ltr'><strong>autem</strong></span> <span class='ocrx_word' id='word_1_520' title='bbox 1351 3591 1604 3657; x_wconf 83' lang='lat' dir='ltr'><strong>quamvis</strong></span> <span class='ocrx_word' id='word_1_521' title='bbox 1635 3587 1928 3640; x_wconf 88' lang='lat' dir='ltr'><strong>audiamus</strong></span> <span class='ocrx_word' id='word_1_522' title='bbox 1963 3589 2110 3658; x_wconf 89' lang='lat' dir='ltr'><strong>quod</strong></span> 
     </span>
    </p>
   </div>
   <div class='ocr_carea' id='block_1_68' title="bbox 523 3675 2109 3746">
    <p class='ocr_par' dir='ltr' id='par_1_68' title="bbox 523 3675 2109 3746">
     <span class='ocr_line' id='line_1_68' title="bbox 523 3675 2109 3746; baseline -0.003 -11"><span class='ocrx_word' id='word_1_523' title='bbox 523 3683 678 3736; x_wconf 86' lang='lat' dir='ltr'><strong>solus</strong></span> <span class='ocrx_word' id='word_1_524' title='bbox 731 3679 874 3734; x_wconf 85' lang='lat' dir='ltr'><strong>Deus</strong></span> <span class='ocrx_word' id='word_1_525' title='bbox 907 3679 1070 3733; x_wconf 85' lang='lat' dir='ltr'><strong>habet</strong></span> <span class='ocrx_word' id='word_1_526' title='bbox 1118 3679 1582 3732; x_wconf 85' lang='lat' dir='ltr'><strong>inunorlalitatem</strong></span> <span class='ocrx_word' id='word_1_527' title='bbox 1615 3675 1664 3708; x_wconf 74' lang='grc' dir='ltr'><strong>⁸ο</strong></span> <span class='ocrx_word' id='word_1_528' title='bbox 1709 3695 1722 3730; x_wconf 92' lang='lat'>:</span> <span class='ocrx_word' id='word_1_529' title='bbox 1757 3693 1854 3746; x_wconf 87' lang='lat' dir='ltr'><strong>per</strong></span> <span class='ocrx_word' id='word_1_530' title='bbox 1885 3679 2109 3731; x_wconf 89' lang='lat' dir='ltr'><strong>inunor-</strong></span> 
     </span>
    </p>
   </div>
   <div class='ocr_carea' id='block_1_69' title="bbox 523 3769 2110 3840">
    <p class='ocr_par' dir='ltr' id='par_1_69' title="bbox 523 3769 2110 3840">
     <span class='ocr_line' id='line_1_69' title="bbox 523 3769 2110 3840; baseline -0.002 -12"><span class='ocrx_word' id='word_1_531' title='bbox 523 3775 790 3829; x_wconf 84' lang='lat' dir='ltr'><strong>talitatem</strong></span> <span class='ocrx_word' id='word_1_532' title='bbox 839 3773 1004 3826; x_wconf 89' lang='lat' dir='ltr'><strong>etiam</strong></span> <span class='ocrx_word' id='word_1_533' title='bbox 1045 3771 1240 3825; x_wconf 84' lang='lat' dir='ltr'><strong>Filium</strong></span> <span class='ocrx_word' id='word_1_534' title='bbox 1285 3771 1663 3840; x_wconf 90' lang='lat' dir='ltr'><strong>intelligimus.</strong></span> <span class='ocrx_word' id='word_1_535' title='bbox 1719 3769 2110 3825; x_wconf 85' lang='lat' dir='ltr'><strong>lmmortalitas</strong></span> 
     </span>
    </p>
   </div>
   <div class='ocr_carea' id='block_1_70' title="bbox 519 3861 2110 3930">
    <p class='ocr_par' dir='ltr' id='par_1_70' title="bbox 519 3861 2110 3930">
     <span class='ocr_line' id='line_1_70' title="bbox 519 3861 2110 3930; baseline -0.006 -6"><span class='ocrx_word' id='word_1_536' title='bbox 519 3869 669 3926; x_wconf 86' lang='lat' dir='ltr'><strong>enim</strong></span> <span class='ocrx_word' id='word_1_537' title='bbox 722 3876 803 3920; x_wconf 86' lang='lat' dir='ltr'><strong>est</strong></span> <span class='ocrx_word' id='word_1_538' title='bbox 851 3866 1001 3930; x_wconf 80' lang='lat' dir='ltr'><strong>vita;</strong></span> <span class='ocrx_word' id='word_1_539' title='bbox 1061 3862 1278 3917; x_wconf 79' lang='lat' dir='ltr'><strong>tametsi</strong></span> <span class='ocrx_word' id='word_1_540' title='bbox 1313 3861 1456 3916; x_wconf 87' lang='lat' dir='ltr'><strong>Deus</strong></span> <span class='ocrx_word' id='word_1_541' title='bbox 1506 3863 1722 3916; x_wconf 86' lang='lat' dir='ltr'><strong>dicatur</strong></span> <span class='ocrx_word' id='word_1_542' title='bbox 1750 3863 1996 3916; x_wconf 88' lang='lat' dir='ltr'><strong>habitare</strong></span> <span class='ocrx_word' id='word_1_543' title='bbox 2029 3864 2110 3915; x_wconf 92' lang='lat' dir='ltr'><strong>lu-</strong></span> 
     </span>
    </p>
   </div>
   <div class='ocr_carea' id='block_1_71' title="bbox 522 3954 2110 4024">
    <p class='ocr_par' dir='ltr' id='par_1_71' title="bbox 522 3954 2110 4024">
     <span class='ocr_line' id='line_1_71' title="bbox 522 3954 2110 4024; baseline -0.005 -8"><span class='ocrx_word' id='word_1_544' title='bbox 522 3975 642 4016; x_wconf 88' lang='lat' dir='ltr'><strong>cem</strong></span> <span class='ocrx_word' id='word_1_545' title='bbox 697 3959 1038 4012; x_wconf 87' lang='lat' dir='ltr'><strong>inaccessam</strong></span> <span class='ocrx_word' id='word_1_546' title='bbox 1070 3955 1114 3987; x_wconf 73' lang='grc' dir='ltr'>δι</span> <span class='ocrx_word' id='word_1_547' title='bbox 1144 3973 1159 4010; x_wconf 89' lang='lat'>:</span> <span class='ocrx_word' id='word_1_548' title='bbox 1193 3955 1356 4009; x_wconf 87' lang='lat' dir='ltr'><strong>etiam</strong></span> <span class='ocrx_word' id='word_1_549' title='bbox 1392 3969 1581 4007; x_wconf 87' lang='lat' dir='ltr'><strong>verum</strong></span> <span class='ocrx_word' id='word_1_550' title='bbox 1613 3955 1816 4019; x_wconf 91' lang='lat' dir='ltr'><strong>lumen,</strong></span> <span class='ocrx_word' id='word_1_551' title='bbox 1847 3954 1990 4024; x_wconf 83' lang='lat' dir='ltr'><strong>quod</strong></span> <span class='ocrx_word' id='word_1_552' title='bbox 2025 3963 2110 4010; x_wconf 87' lang='lat' dir='ltr'><strong>est</strong></span> 
     </span>
    </p>
   </div>
   <div class='ocr_carea' id='block_1_72' title="bbox 521 4045 2134 4118">
    <p class='ocr_par' dir='ltr' id='par_1_72' title="bbox 521 4045 2134 4118">
     <span class='ocr_line' id='line_1_72' title="bbox 521 4045 2134 4118; baseline -0.004 -10"><span class='ocrx_word' id='word_1_553' title='bbox 521 4051 811 4108; x_wconf 85' lang='lat' dir='ltr'><strong>mendacio</strong></span> <span class='ocrx_word' id='word_1_554' title='bbox 857 4047 1262 4110; x_wconf 82' lang='lat' dir='ltr'><strong>inaccessibile,</strong></span> <span class='ocrx_word' id='word_1_555' title='bbox 1317 4045 1670 4116; x_wconf 87' lang='lat' dir='ltr'><strong>Unigenilum</strong></span> <span class='ocrx_word' id='word_1_556' title='bbox 1723 4047 1952 4118; x_wconf 75' lang='lat' dir='ltr'><strong>intelligi</strong></span> <span class='ocrx_word' id='word_1_557' title='bbox 1997 4062 2134 4102; x_wconf 79' lang='lat' dir='ltr'><strong>non.</strong></span> 
     </span>
    </p>
   </div>
   <div class='ocr_carea' id='block_1_73' title="bbox 523 4137 2108 4213">
    <p class='ocr_par' dir='ltr' id='par_1_73' title="bbox 523 4137 2108 4213">
     <span class='ocr_line' id='line_1_73' title="bbox 523 4137 2108 4213; baseline -0.004 -16"><span class='ocrx_word' id='word_1_558' title='bbox 523 4143 876 4213; x_wconf 80' lang='lat' dir='ltr'><strong>ambigimus,</strong></span> <span class='ocrx_word' id='word_1_559' title='bbox 949 4141 1001 4194; x_wconf 89' lang='lat' dir='ltr'><strong>in</strong></span> <span class='ocrx_word' id='word_1_560' title='bbox 1062 4154 1174 4210; x_wconf 89' lang='lat' dir='ltr'><strong>quo</strong></span> <span class='ocrx_word' id='word_1_561' title='bbox 1233 4137 1402 4194; x_wconf 85' lang='lat' dir='ltr'><strong>Demu</strong></span> <span class='ocrx_word' id='word_1_562' title='bbox 1447 4137 1663 4192; x_wconf 78' lang='lat' dir='ltr'><strong>Patrem</strong></span> <span class='ocrx_word' id='word_1_563' title='bbox 1718 4154 1840 4194; x_wconf 89' lang='lat' dir='ltr'><strong>esse</strong></span> <span class='ocrx_word' id='word_1_564' title='bbox 1884 4139 1954 4192; x_wconf 87' lang='lat' dir='ltr'><strong>ab</strong></span> <span class='ocrx_word' id='word_1_565' title='bbox 1991 4140 2108 4207; x_wconf 83' lang='lat' dir='ltr'><strong>ipsa</strong></span> 
     </span>
    </p>
   </div>
   <div class='ocr_carea' id='block_1_74' title="bbox 520 4230 2109 4302">
    <p class='ocr_par' dir='ltr' id='par_1_74' title="bbox 520 4230 2109 4302">
     <span class='ocr_line' id='line_1_74' title="bbox 520 4230 2109 4302; baseline -0.006 -12"><span class='ocrx_word' id='word_1_566' title='bbox 520 4239 754 4292; x_wconf 82' lang='lat' dir='ltr'><strong>veritate</strong></span> <span class='ocrx_word' id='word_1_567' title='bbox 797 4233 1112 4288; x_wconf 88' lang='lat' dir='ltr'><strong>didicimus.</strong></span> <span class='ocrx_word' id='word_1_568' title='bbox 1143 4231 1222 4286; x_wconf 80' lang='lat' dir='ltr'><strong>Ex</strong></span> <span class='ocrx_word' id='word_1_569' title='bbox 1262 4234 1346 4286; x_wconf 89' lang='lat' dir='ltr'><strong>his</strong></span> <span class='ocrx_word' id='word_1_570' title='bbox 1383 4231 1604 4286; x_wconf 88' lang='lat' dir='ltr'><strong>auditor</strong></span> <span class='ocrx_word' id='word_1_571' title='bbox 1642 4231 1787 4302; x_wconf 90' lang='lat' dir='ltr'><strong>quod</strong></span> <span class='ocrx_word' id='word_1_572' title='bbox 1837 4231 2009 4301; x_wconf 87' lang='lat' dir='ltr'><strong>magis</strong></span> <span class='ocrx_word' id='word_1_573' title='bbox 2036 4230 2109 4284; x_wconf 86' lang='lat' dir='ltr'><strong>sit</strong></span> 
     </span>
    </p>
   </div>
   <div class='ocr_carea' id='block_1_75' title="bbox 523 4325 2107 4400">
    <p class='ocr_par' dir='ltr' id='par_1_75' title="bbox 523 4325 2107 4400">
     <span class='ocr_line' id='line_1_75' title="bbox 523 4325 2107 4400; baseline -0.003 -17"><span class='ocrx_word' id='word_1_574' title='bbox 523 4329 672 4400; x_wconf 87' lang='lat' dir='ltr'><strong>pium</strong></span> <span class='ocrx_word' id='word_1_575' title='bbox 708 4326 972 4396; x_wconf 86' lang='lat' dir='ltr'><strong>colligat:</strong></span> <span class='ocrx_word' id='word_1_576' title='bbox 1000 4333 1186 4379; x_wconf 90' lang='lat' dir='ltr'><strong>utrum</strong></span> <span class='ocrx_word' id='word_1_577' title='bbox 1234 4326 1315 4380; x_wconf 91' lang='lat' dir='ltr'><strong>sie</strong></span> <span class='ocrx_word' id='word_1_578' title='bbox 1356 4325 1423 4380; x_wconf 90' lang='lat' dir='ltr'><strong>de</strong></span> <span class='ocrx_word' id='word_1_579' title='bbox 1472 4325 1766 4396; x_wconf 84' lang='lat' dir='ltr'><strong>Unigenito</strong></span> <span class='ocrx_word' id='word_1_580' title='bbox 1807 4325 2020 4394; x_wconf 88' lang='lat' dir='ltr'><strong>opinari</strong></span> <span class='ocrx_word' id='word_1_581' title='bbox 2051 4335 2107 4380; x_wconf 92' lang='lat' dir='ltr'><strong>ct</strong></span> 
     </span>
    </p>
   </div>
   <div class='ocr_carea' id='block_1_76' title="bbox 522 4419 2109 4490">
    <p class='ocr_par' dir='ltr' id='par_1_76' title="bbox 522 4419 2109 4490">
     <span class='ocr_line' id='line_1_76' title="bbox 522 4419 2109 4490; baseline -0.001 -14"><span class='ocrx_word' id='word_1_582' title='bbox 522 4422 729 4476; x_wconf 86' lang='lat' dir='ltr'><strong>sentire</strong></span> <span class='ocrx_word' id='word_1_583' title='bbox 777 4419 889 4473; x_wconf 81' lang='lat' dir='ltr'><strong>Deo</strong></span> <span class='ocrx_word' id='word_1_584' title='bbox 929 4419 1130 4474; x_wconf 85' lang='lat' dir='ltr'><strong>decore</strong></span> <span class='ocrx_word' id='word_1_585' title='bbox 1179 4429 1433 4490; x_wconf 86' lang='lat' dir='ltr'><strong>oportet;</strong></span> <span class='ocrx_word' id='word_1_586' title='bbox 1474 4436 1542 4474; x_wconf 88' lang='lat' dir='ltr'><strong>an</strong></span> <span class='ocrx_word' id='word_1_587' title='bbox 1585 4420 2024 4490; x_wconf 84' lang='lat' dir='ltr'><strong>corruptibilem,</strong></span> <span class='ocrx_word' id='word_1_588' title='bbox 2055 4431 2109 4474; x_wconf 90' lang='lat' dir='ltr'><strong>et</strong></span> 
     </span>
    </p>
   </div>
   <div class='ocr_carea' id='block_1_77' title="bbox 521 4511 2102 4582">
    <p class='ocr_par' dir='ltr' id='par_1_77' title="bbox 521 4511 2102 4582">
     <span class='ocr_line' id='line_1_77' title="bbox 521 4511 2102 4582; baseline 0 -15"><span class='ocrx_word' id='word_1_589' title='bbox 521 4513 588 4567; x_wconf 90' lang='lat' dir='ltr'><strong>ad</strong></span> <span class='ocrx_word' id='word_1_590' title='bbox 635 4521 850 4582; x_wconf 87' lang='lat' dir='ltr'><strong>tempus</strong></span> <span class='ocrx_word' id='word_1_591' title='bbox 876 4527 1000 4566; x_wconf 89' lang='lat' dir='ltr'><strong>eum</strong></span> <span class='ocrx_word' id='word_1_592' title='bbox 1031 4527 1158 4566; x_wconf 87' lang='lat' dir='ltr'><strong>esse</strong></span> <span class='ocrx_word' id='word_1_593' title='bbox 1189 4511 1395 4575; x_wconf 88' lang='lat' dir='ltr'><strong>dicere,</strong></span> <span class='ocrx_word' id='word_1_594' title='bbox 1445 4513 1589 4566; x_wconf 87' lang='lat' dir='ltr'><strong>sicut</strong></span> <span class='ocrx_word' id='word_1_595' title='bbox 1625 4521 1814 4568; x_wconf 90' lang='lat' dir='ltr'><strong>censet</strong></span> <span class='ocrx_word' id='word_1_596' title='bbox 1859 4513 2102 4568; x_wconf 69' lang='lat' dir='ltr'><strong>haeresis.</strong></span> 
     </span>
    </p>
   </div>
   <div class='ocr_carea' id='block_1_78' title="bbox 525 4599 2102 4672">
    <p class='ocr_par' dir='ltr' id='par_1_78' title="bbox 525 4599 2102 4672">
     <span class='ocr_line' id='line_1_78' title="bbox 525 4599 2102 4672; baseline 0.001 -18"><span class='ocrx_word' id='word_1_597' title='bbox 525 4601 649 4655; x_wconf 88' lang='lat' dir='ltr'><strong>Non</strong></span> <span class='ocrx_word' id='word_1_598' title='bbox 697 4601 928 4654; x_wconf 82' lang='lat' dir='ltr'><strong>essentia</strong></span> <span class='ocrx_word' id='word_1_599' title='bbox 986 4599 1212 4672; x_wconf 87' lang='lat' dir='ltr'><strong>(inquit)</strong></span> <span class='ocrx_word' id='word_1_600' title='bbox 1266 4599 1551 4654; x_wconf 78' lang='lat' dir='ltr'><strong>secundum</strong></span> <span class='ocrx_word' id='word_1_601' title='bbox 1607 4619 1763 4671; x_wconf 87' lang='lat' dir='ltr'><strong>quam</strong></span> <span class='ocrx_word' id='word_1_602' title='bbox 1813 4611 1889 4656; x_wconf 83' lang='lat' dir='ltr'><strong>est</strong></span> <span class='ocrx_word' id='word_1_603' title='bbox 1947 4619 2102 4667; x_wconf 86' lang='lat' dir='ltr'><strong>unus,</strong></span> 
     </span>
    </p>
   </div>
   <div class='ocr_carea' id='block_1_79' title="bbox 2215 3497 3790 3572">
    <p class='ocr_par' dir='ltr' id='par_1_79' title="bbox 2215 3497 3790 3572">
     <span class='ocr_line' id='line_1_79' title="bbox 2215 3497 3790 3572; baseline 0.002 -23"><span class='ocrx_word' id='word_1_604' title='bbox 2215 3497 2356 3562; x_wconf 88' lang='grc' dir='ltr'>σίαν,</span> <span class='ocrx_word' id='word_1_605' title='bbox 2389 3499 2481 3550; x_wconf 74' lang='grc' dir='ltr'><strong>τὸν</strong></span> <span class='ocrx_word' id='word_1_606' title='bbox 2505 3498 2629 3551; x_wconf 81' lang='grc' dir='ltr'>Υἱὸν</span> <span class='ocrx_word' id='word_1_607' title='bbox 2657 3499 2746 3552; x_wconf 81' lang='grc' dir='ltr'><strong>διά</strong></span> <span class='ocrx_word' id='word_1_608' title='bbox 2761 3501 2860 3571; x_wconf 82' lang='grc' dir='ltr'>τῆς</span> <span class='ocrx_word' id='word_1_609' title='bbox 2885 3500 3182 3565; x_wconf 78' lang='grc' dir='ltr'>ἀθανασίας</span> <span class='ocrx_word' id='word_1_610' title='bbox 3212 3502 3459 3572; x_wconf 74' lang='grc' dir='ltr'>νοοῦμεν.</span> <span class='ocrx_word' id='word_1_611' title='bbox 3499 3499 3790 3554; x_wconf 80' lang='grc' dir='ltr'>’Λθανασία</span> 
     </span>
    </p>
   </div>
   <div class='ocr_carea' id='block_1_80' title="bbox 2213 3591 3790 3664">
    <p class='ocr_par' dir='ltr' id='par_1_80' title="bbox 2213 3591 3790 3664">
     <span class='ocr_line' id='line_1_80' title="bbox 2213 3591 3790 3664; baseline 0.001 -20"><span class='ocrx_word' id='word_1_612' title='bbox 2213 3591 2321 3661; x_wconf 84' lang='grc' dir='ltr'>γάρ</span> <span class='ocrx_word' id='word_1_613' title='bbox 2356 3592 2501 3643; x_wconf 78' lang='grc' dir='ltr'>ἐστιν</span> <span class='ocrx_word' id='word_1_614' title='bbox 2526 3595 2558 3662; x_wconf 87' lang='grc' dir='ltr'>ἡ</span> <span class='ocrx_word' id='word_1_615' title='bbox 2589 3591 2700 3664; x_wconf 79' lang='grc' dir='ltr'><strong>ζωή</strong></span> <span class='ocrx_word' id='word_1_616' title='bbox 2724 3610 2736 3622; x_wconf 78' lang='grc'><strong><em>⁸</em></strong></span> <span class='ocrx_word' id='word_1_617' title='bbox 2769 3593 2874 3648; x_wconf 82' lang='grc' dir='ltr'>κᾶν</span> <span class='ocrx_word' id='word_1_618' title='bbox 2897 3593 3120 3664; x_wconf 83' lang='grc' dir='ltr'>λέγηται</span> <span class='ocrx_word' id='word_1_619' title='bbox 3147 3595 3260 3664; x_wconf 75' lang='grc' dir='ltr'><strong>φῶς</strong></span> <span class='ocrx_word' id='word_1_620' title='bbox 3279 3597 3449 3648; x_wconf 72' lang='grc' dir='ltr'>οἰκεῖν</span> <span class='ocrx_word' id='word_1_621' title='bbox 3475 3595 3790 3664; x_wconf 80' lang='grc' dir='ltr'>ἀπρόσιτον.</span> 
     </span>
    </p>
   </div>
   <div class='ocr_carea' id='block_1_81' title="bbox 2213 3684 3794 3758">
    <p class='ocr_par' dir='ltr' id='par_1_81' title="bbox 2213 3684 3794 3758">
     <span class='ocr_line' id='line_1_81' title="bbox 2213 3684 3794 3758; baseline 0.003 -24"><span class='ocrx_word' id='word_1_622' title='bbox 2213 3684 2380 3737; x_wconf 80' lang='grc' dir='ltr'>Πάλιν</span> <span class='ocrx_word' id='word_1_623' title='bbox 2413 3689 2472 3736; x_wconf 88' lang='grc' dir='ltr'><strong>τὸ</strong></span> <span class='ocrx_word' id='word_1_624' title='bbox 2522 3684 2773 3754; x_wconf 80' lang='grc' dir='ltr'>ἀληθινὸν</span> <span class='ocrx_word' id='word_1_625' title='bbox 2821 3686 2958 3755; x_wconf 77' lang='grc' dir='ltr'>φῶς,</span> <span class='ocrx_word' id='word_1_626' title='bbox 2989 3687 3122 3758; x_wconf 83' lang='grc' dir='ltr'>ὅπερ</span> <span class='ocrx_word' id='word_1_627' title='bbox 3161 3689 3274 3739; x_wconf 67' lang='grc' dir='ltr'>ἐστὶ</span> <span class='ocrx_word' id='word_1_628' title='bbox 3301 3686 3378 3757; x_wconf 84' lang='grc' dir='ltr'>τῷ</span> <span class='ocrx_word' id='word_1_629' title='bbox 3407 3687 3590 3756; x_wconf 62' lang='grc' dir='ltr'>ψεύδει</span> <span class='ocrx_word' id='word_1_630' title='bbox 3625 3688 3794 3756; x_wconf 81' lang='grc' dir='ltr'>ἀπρό-</span> 
     </span>
    </p>
   </div>
   <div class='ocr_carea' id='block_1_82' title="bbox 2215 3777 3794 3849">
    <p class='ocr_par' dir='ltr' id='par_1_82' title="bbox 2215 3777 3794 3849">
     <span class='ocr_line' id='line_1_82' title="bbox 2215 3777 3794 3849; baseline -0.001 -20"><span class='ocrx_word' id='word_1_631' title='bbox 2215 3795 2378 3834; x_wconf 83' lang='grc' dir='ltr'>σιτον.</span> <span class='ocrx_word' id='word_1_632' title='bbox 2417 3777 2507 3830; x_wconf 69' lang='grc' dir='ltr'><strong>τὸν</strong></span> <span class='ocrx_word' id='word_1_633' title='bbox 2548 3779 2827 3849; x_wconf 81' lang='grc' dir='ltr'>Μονογενῆ</span> <span class='ocrx_word' id='word_1_634' title='bbox 2861 3779 3096 3832; x_wconf 81' lang='grc' dir='ltr'>νοεῖσθαι</span> <span class='ocrx_word' id='word_1_635' title='bbox 3128 3781 3228 3832; x_wconf 79' lang='grc' dir='ltr'>οὐκ</span> <span class='ocrx_word' id='word_1_636' title='bbox 3279 3779 3713 3849; x_wconf 74' lang='grc' dir='ltr'>ἀμφιϐάλλομεν,</span> <span class='ocrx_word' id='word_1_637' title='bbox 3738 3781 3794 3830; x_wconf 84' lang='grc' dir='ltr'><strong>ἐν</strong></span> 
     </span>
    </p>
   </div>
   <div class='ocr_carea' id='block_1_83' title="bbox 2210 3863 3791 3942">
    <p class='ocr_par' dir='ltr' id='par_1_83' title="bbox 2210 3863 3791 3942">
     <span class='ocr_line' id='line_1_83' title="bbox 2210 3863 3791 3942; baseline 0.001 -20"><span class='ocrx_word' id='word_1_638' title='bbox 2210 3864 2254 3938; x_wconf 81' lang='grc' dir='ltr'>ᾧ</span> <span class='ocrx_word' id='word_1_639' title='bbox 2283 3872 2374 3923; x_wconf 78' lang='grc' dir='ltr'><strong>τὸν</strong></span> <span class='ocrx_word' id='word_1_640' title='bbox 2407 3871 2624 3941; x_wconf 82' lang='grc' dir='ltr'>Πατέρα</span> <span class='ocrx_word' id='word_1_641' title='bbox 2645 3863 2784 3923; x_wconf 80' lang='grc' dir='ltr'>εἶναι</span> <span class='ocrx_word' id='word_1_642' title='bbox 2815 3872 2944 3942; x_wconf 85' lang='grc' dir='ltr'>παρ’</span> <span class='ocrx_word' id='word_1_643' title='bbox 2977 3871 3146 3940; x_wconf 76' lang='grc' dir='ltr'>αὐτῆς</span> <span class='ocrx_word' id='word_1_644' title='bbox 3169 3874 3269 3942; x_wconf 78' lang='grc' dir='ltr'>τῆς</span> <span class='ocrx_word' id='word_1_645' title='bbox 3297 3870 3551 3942; x_wconf 83' lang='grc' dir='ltr'>ἀληθείας</span> <span class='ocrx_word' id='word_1_646' title='bbox 3593 3871 3791 3941; x_wconf 83' lang='grc' dir='ltr'>ἐμάθο-</span> 
     </span>
    </p>
   </div>
   <div class='ocr_carea' id='block_1_84' title="bbox 2215 3961 3792 4032">
    <p class='ocr_par' dir='ltr' id='par_1_84' title="bbox 2215 3961 3792 4032">
     <span class='ocr_line' id='line_1_84' title="bbox 2215 3961 3792 4032; baseline 0.003 -20"><span class='ocrx_word' id='word_1_647' title='bbox 2215 3979 2334 4030; x_wconf 90' lang='grc' dir='ltr'>μεν.</span> <span class='ocrx_word' id='word_1_648' title='bbox 2381 3962 2474 4013; x_wconf 81' lang='grc' dir='ltr'>Ἐκ</span> <span class='ocrx_word' id='word_1_649' title='bbox 2503 3961 2705 4014; x_wconf 87' lang='grc' dir='ltr'>τούτων</span> <span class='ocrx_word' id='word_1_650' title='bbox 2740 3961 2795 4016; x_wconf 80' lang='grc' dir='ltr'>δὲ</span> <span class='ocrx_word' id='word_1_651' title='bbox 2815 3964 2844 4014; x_wconf 82' lang='grc' dir='ltr'><strong>δ</strong></span> <span class='ocrx_word' id='word_1_652' title='bbox 2867 3961 3160 4032; x_wconf 74' lang='grc' dir='ltr'>ἀκροατὴς,</span> <span class='ocrx_word' id='word_1_653' title='bbox 3192 3962 3528 4028; x_wconf 79' lang='grc' dir='ltr'>ὲπιλεξάσθω</span> <span class='ocrx_word' id='word_1_654' title='bbox 3555 3963 3615 4015; x_wconf 77' lang='grc' dir='ltr'>τὸ</span> <span class='ocrx_word' id='word_1_655' title='bbox 3643 3964 3792 4016; x_wconf 74' lang='grc' dir='ltr'>εύσεο</span> 
     </span>
    </p>
   </div>
   <div class='ocr_carea' id='block_1_85' title="bbox 2211 4053 3794 4126">
    <p class='ocr_par' dir='ltr' id='par_1_85' title="bbox 2211 4053 3794 4126">
     <span class='ocr_line' id='line_1_85' title="bbox 2211 4053 3794 4126; baseline 0.002 -22"><span class='ocrx_word' id='word_1_656' title='bbox 2211 4053 2365 4106; x_wconf 81' lang='grc' dir='ltr'>ϐἐστε</span> <span class='ocrx_word' id='word_1_657' title='bbox 2376 4070 2490 4123; x_wconf 88' lang='grc' dir='ltr'>ρον,</span> <span class='ocrx_word' id='word_1_658' title='bbox 2507 4053 2618 4106; x_wconf 79' lang='grc' dir='ltr'>εἴτε</span> <span class='ocrx_word' id='word_1_659' title='bbox 2641 4053 2782 4107; x_wconf 73' lang='grc' dir='ltr'>οὕτω</span> <span class='ocrx_word' id='word_1_660' title='bbox 2807 4053 2912 4126; x_wconf 84' lang='grc' dir='ltr'><strong>χρὴ</strong></span> <span class='ocrx_word' id='word_1_661' title='bbox 2944 4054 3185 4125; x_wconf 74' lang='grc' dir='ltr'>περὶτοῦ</span> <span class='ocrx_word' id='word_1_662' title='bbox 3215 4053 3545 4122; x_wconf 81' lang='grc' dir='ltr'>Μονογενοῦς</span> <span class='ocrx_word' id='word_1_663' title='bbox 3571 4055 3794 4126; x_wconf 81' lang='grc' dir='ltr'>θεοπρε-</span> 
     </span>
    </p>
   </div>
   <div class='ocr_carea' id='block_1_86' title="bbox 2211 4141 3790 4217">
    <p class='ocr_par' dir='ltr' id='par_1_86' title="bbox 2211 4141 3790 4217">
     <span class='ocr_line' id='line_1_86' title="bbox 2211 4141 3790 4217; baseline 0.001 -21"><span class='ocrx_word' id='word_1_664' title='bbox 2211 4143 2330 4207; x_wconf 82' lang='grc' dir='ltr'><strong>πῶς</strong></span> <span class='ocrx_word' id='word_1_665' title='bbox 2363 4143 2609 4210; x_wconf 76' lang='grc' dir='ltr'>δοξάζειν</span> <span class='ocrx_word' id='word_1_666' title='bbox 2630 4161 2644 4174; x_wconf 85' lang='grc'><em>’</em></span> <span class='ocrx_word' id='word_1_667' title='bbox 2681 4146 2791 4200; x_wconf 85' lang='grc' dir='ltr'>εῖτε</span> <span class='ocrx_word' id='word_1_668' title='bbox 2819 4145 3056 4216; x_wconf 79' lang='grc' dir='ltr'>φθαρτόν</span> <span class='ocrx_word' id='word_1_669' title='bbox 3081 4163 3141 4198; x_wconf 91' lang='grc' dir='ltr'><strong>τε</strong></span> <span class='ocrx_word' id='word_1_670' title='bbox 3170 4148 3262 4199; x_wconf 80' lang='grc' dir='ltr'><strong>καὶ</strong></span> <span class='ocrx_word' id='word_1_671' title='bbox 3297 4147 3633 4217; x_wconf 84' lang='grc' dir='ltr'>πρόσκαιρον</span> <span class='ocrx_word' id='word_1_672' title='bbox 3655 4141 3790 4198; x_wconf 82' lang='grc' dir='ltr'>εἶναι</span> 
     </span>
    </p>
   </div>
   <div class='ocr_carea' id='block_1_87' title="bbox 2208 4238 3788 4308">
    <p class='ocr_par' dir='ltr' id='par_1_87' title="bbox 2208 4238 3788 4308">
     <span class='ocr_line' id='line_1_87' title="bbox 2208 4238 3788 4308; baseline -0.001 -18"><span class='ocrx_word' id='word_1_673' title='bbox 2208 4238 2500 4305; x_wconf 82' lang='grc' dir='ltr'>λέγειν,ὡς</span> <span class='ocrx_word' id='word_1_674' title='bbox 2527 4239 2818 4308; x_wconf 78' lang='grc' dir='ltr'>ὑφηγεῖται</span> <span class='ocrx_word' id='word_1_675' title='bbox 2835 4240 2868 4308; x_wconf 81' lang='grc' dir='ltr'>ἡ</span> <span class='ocrx_word' id='word_1_676' title='bbox 2892 4238 3123 4308; x_wconf 82' lang='grc' dir='ltr'>αἵρεσις.</span> <span class='ocrx_word' id='word_1_677' title='bbox 3147 4241 3228 4291; x_wconf 86' lang='grc' dir='ltr'><strong>Οὐ</strong></span> <span class='ocrx_word' id='word_1_678' title='bbox 3249 4239 3611 4304; x_wconf 71' lang='grc' dir='ltr'>τὴνούσίαν,</span> <span class='ocrx_word' id='word_1_679' title='bbox 3633 4239 3788 4306; x_wconf 69' lang='grc' dir='ltr'>φησὶ,</span> 
     </span>
    </p>
   </div>
   <div class='ocr_carea' id='block_1_88' title="bbox 2209 4327 3790 4401">
    <p class='ocr_par' dir='ltr' id='par_1_88' title="bbox 2209 4327 3790 4401">
     <span class='ocr_line' id='line_1_88' title="bbox 2209 4327 3790 4401; baseline -0.021 -12"><span class='ocrx_word' id='word_1_680' title='bbox 2209 4334 2336 4386; x_wconf 81' lang='grc' dir='ltr'>καθ’</span> <span class='ocrx_word' id='word_1_681' title='bbox 2367 4333 2446 4401; x_wconf 83' lang='grc' dir='ltr'><strong>ἤν</strong></span> <span class='ocrx_word' id='word_1_682' title='bbox 2495 4334 2666 4386; x_wconf 77' lang='grc' dir='ltr'>ἐστιν</span> <span class='ocrx_word' id='word_1_683' title='bbox 2711 4327 2818 4398; x_wconf 81' lang='grc' dir='ltr'>εἷς,</span> <span class='ocrx_word' id='word_1_684' title='bbox 2863 4330 3254 4400; x_wconf 74' lang='grc' dir='ltr'>χωριζόμενον</span> <span class='ocrx_word' id='word_1_685' title='bbox 3289 4335 3375 4396; x_wconf 73' lang='grc' dir='ltr'><strong>είς</strong></span> <span class='ocrx_word' id='word_1_686' title='bbox 3431 4331 3717 4396; x_wconf 65' lang='grc' dir='ltr'><strong>πλείους.</strong></span> <span class='ocrx_word' id='word_1_687' title='bbox 3755 4335 3790 4400; x_wconf 60' lang='grc' dir='ltr'><em>ἡ</em></span> 
     </span>
    </p>
   </div>
   <div class='ocr_carea' id='block_1_89' title="bbox 2209 4415 3792 4492">
    <p class='ocr_par' dir='ltr' id='par_1_89' title="bbox 2209 4415 3792 4492">
     <span class='ocr_line' id='line_1_89' title="bbox 2209 4415 3792 4492; baseline -0.006 -16"><span class='ocrx_word' id='word_1_688' title='bbox 2209 4423 2430 4478; x_wconf 76' lang='grc' dir='ltr'>ἄλλοτε</span> <span class='ocrx_word' id='word_1_689' title='bbox 2444 4424 2641 4476; x_wconf 67' lang='grc' dir='ltr'><strong>ἄλλοι·</strong></span> <span class='ocrx_word' id='word_1_690' title='bbox 2661 4419 3037 4492; x_wconf 74' lang='grc' dir='ltr'>γινόμενον,ἣ</span> <span class='ocrx_word' id='word_1_691' title='bbox 3055 4418 3160 4472; x_wconf 79' lang='grc' dir='ltr'>τοῦ</span> <span class='ocrx_word' id='word_1_692' title='bbox 3175 4415 3328 4472; x_wconf 77' lang='grc' dir='ltr'>εἶναι</span> <span class='ocrx_word' id='word_1_693' title='bbox 3338 4419 3370 4470; x_wconf 83' lang='grc' dir='ltr'>ὀ</span> <span class='ocrx_word' id='word_1_694' title='bbox 3379 4419 3508 4470; x_wconf 79' lang='grc' dir='ltr'>ἐστι</span> <span class='ocrx_word' id='word_1_695' title='bbox 3519 4417 3792 4486; x_wconf 76' lang='grc' dir='ltr'>μεθιστά-</span> 
     </span>
    </p>
   </div>
   <div class='ocr_carea' id='block_1_90' title="bbox 2201 4511 3790 4586">
    <p class='ocr_par' dir='ltr' id='par_1_90' title="bbox 2201 4511 3790 4586">
     <span class='ocr_line' id='line_1_90' title="bbox 2201 4511 3790 4586; baseline -0.005 -16"><span class='ocrx_word' id='word_1_696' title='bbox 2201 4534 2411 4586; x_wconf 81' lang='grc' dir='ltr'>μενον,</span> <span class='ocrx_word' id='word_1_697' title='bbox 2437 4516 2578 4570; x_wconf 61' lang='lat' dir='ltr'><strong>eoos</strong></span> <span class='ocrx_word' id='word_1_698' title='bbox 2605 4518 2672 4569; x_wconf 77' lang='grc' dir='ltr'>ἐκ</span> <span class='ocrx_word' id='word_1_699' title='bbox 2688 4515 2830 4586; x_wconf 79' lang='grc' dir='ltr'>μιᾶς</span> <span class='ocrx_word' id='word_1_700' title='bbox 2843 4517 3058 4580; x_wconf 82' lang='grc' dir='ltr'>οὐσίας</span> <span class='ocrx_word' id='word_1_701' title='bbox 3075 4515 3160 4580; x_wconf 84' lang='grc' dir='ltr'>εὶς</span> <span class='ocrx_word' id='word_1_702' title='bbox 3177 4513 3520 4568; x_wconf 82' lang='grc' dir='ltr'>ὑπόστασιν</span> <span class='ocrx_word' id='word_1_703' title='bbox 3533 4511 3790 4578; x_wconf 59' lang='lat' dir='ltr'><strong>quaeip-</strong></span> 
     </span>
    </p>
   </div>
   <div class='ocr_carea' id='block_1_91' title="bbox 2208 4603 3790 4677">
    <p class='ocr_par' dir='ltr' id='par_1_91' title="bbox 2208 4603 3790 4677">
     <span class='ocr_line' id='line_1_91' title="bbox 2208 4603 3790 4677; baseline -0.001 -17"><span class='ocrx_word' id='word_1_704' title='bbox 2208 4607 2734 4677; x_wconf 74' lang='grc' dir='ltr'>σχηματιζόμενον.</span> <span class='ocrx_word' id='word_1_705' title='bbox 2770 4607 2972 4675; x_wconf 70' lang='lat' dir='ltr'><strong>[Idi-tn</strong></span> <span class='ocrx_word' id='word_1_706' title='bbox 3009 4609 3118 4676; x_wconf 74' lang='grc' dir='ltr'><strong>γὰρ</strong></span> <span class='ocrx_word' id='word_1_707' title='bbox 3166 4607 3261 4660; x_wconf 75' lang='grc' dir='ltr'>καὶ</span> <span class='ocrx_word' id='word_1_708' title='bbox 3309 4603 3583 4669; x_wconf 77' lang='grc' dir='ltr'>καθάπαξ</span> <span class='ocrx_word' id='word_1_709' title='bbox 3620 4605 3790 4658; x_wconf 80' lang='grc' dir='ltr'>ἐστὶν</span> 
     </span>
    </p>
   </div>
   <div class='ocr_carea' id='block_1_92' title="bbox 519 4691 2108 4787">
    <p class='ocr_par' dir='ltr' id='par_1_92' title="bbox 519 4691 2101 4763">
     <span class='ocr_line' id='line_1_92' title="bbox 519 4691 2101 4763; baseline 0.002 -18"><span class='ocrx_word' id='word_1_710' title='bbox 519 4695 574 4745; x_wconf 85' lang='lat' dir='ltr'><strong>in</strong></span> <span class='ocrx_word' id='word_1_711' title='bbox 623 4691 798 4760; x_wconf 82' lang='lat' dir='ltr'><strong>plures</strong></span> <span class='ocrx_word' id='word_1_712' title='bbox 831 4701 1158 4760; x_wconf 83' lang='lat' dir='ltr'><strong>separatum,</strong></span> <span class='ocrx_word' id='word_1_713' title='bbox 1189 4691 1268 4745; x_wconf 72' lang='lat' dir='ltr'><strong>vel</strong></span> <span class='ocrx_word' id='word_1_714' title='bbox 1315 4692 1452 4746; x_wconf 89' lang='lat' dir='ltr'><strong>alias</strong></span> <span class='ocrx_word' id='word_1_715' title='bbox 1507 4693 1654 4745; x_wconf 82' lang='lat' dir='ltr'><strong>aliud</strong></span> <span class='ocrx_word' id='word_1_716' title='bbox 1704 4695 1830 4763; x_wconf 82' lang='lat' dir='ltr'><strong>quid</strong></span> <span class='ocrx_word' id='word_1_717' title='bbox 1877 4693 2101 4763; x_wconf 79' lang='lat' dir='ltr'><strong>factum,</strong></span> 
     </span>
    </p>
   </div>
   <div class='ocr_carea' id='block_1_93' title="bbox 2212 4691 3791 4787">
    <p class='ocr_par' dir='ltr' id='par_1_93' title="bbox 2212 4697 3791 4768">
     <span class='ocr_line' id='line_1_93' title="bbox 2212 4697 3791 4768; baseline -0.002 -15"><span class='ocrx_word' id='word_1_718' title='bbox 2212 4697 2316 4767; x_wconf 82' lang='grc' dir='ltr'>εἷς,</span> <span class='ocrx_word' id='word_1_719' title='bbox 2352 4701 2502 4754; x_wconf 85' lang='grc' dir='ltr'>κατὰ</span> <span class='ocrx_word' id='word_1_720' title='bbox 2547 4702 2618 4754; x_wconf 79' lang='grc' dir='ltr'>τὰ</span> <span class='ocrx_word' id='word_1_721' title='bbox 2651 4701 2804 4755; x_wconf 84' lang='grc' dir='ltr'>αὐτά</span> <span class='ocrx_word' id='word_1_722' title='bbox 2835 4719 2898 4754; x_wconf 83' lang='grc' dir='ltr'><strong>τε</strong></span> <span class='ocrx_word' id='word_1_723' title='bbox 2925 4701 3022 4754; x_wconf 77' lang='grc' dir='ltr'>καὶ</span> <span class='ocrx_word' id='word_1_724' title='bbox 3055 4703 3340 4766; x_wconf 79' lang='grc' dir='ltr'>ὡσαύτως</span> <span class='ocrx_word' id='word_1_725' title='bbox 3372 4699 3665 4768; x_wconf 73' lang='grc' dir='ltr'>διαμένων</span> <span class='ocrx_word' id='word_1_726' title='bbox 3691 4700 3791 4764; x_wconf 65' lang='grc' dir='ltr'>μοι</span> 
     </span>
    </p>
   </div>
   <div class='ocr_carea' id='block_1_94' title="bbox 519 4785 2104 4856">
    <p class='ocr_par' dir='ltr' id='par_1_94' title="bbox 519 4785 2104 4856">
     <span class='ocr_line' id='line_1_94' title="bbox 519 4785 2104 4856; baseline -0.001 -14"><span class='ocrx_word' id='word_1_727' title='bbox 519 4789 600 4842; x_wconf 80' lang='lat' dir='ltr'><strong>rel</strong></span> <span class='ocrx_word' id='word_1_728' title='bbox 646 4786 712 4839; x_wconf 85' lang='lat' dir='ltr'><strong>ab</strong></span> <span class='ocrx_word' id='word_1_729' title='bbox 761 4803 820 4840; x_wconf 90' lang='lat' dir='ltr'><strong>eo</strong></span> <span class='ocrx_word' id='word_1_730' title='bbox 873 4787 1011 4856; x_wconf 85' lang='lat' dir='ltr'><strong>quod</strong></span> <span class='ocrx_word' id='word_1_731' title='bbox 1061 4795 1162 4848; x_wconf 78' lang='lat' dir='ltr'><strong>est,</strong></span> <span class='ocrx_word' id='word_1_732' title='bbox 1212 4785 1616 4854; x_wconf 85' lang='lat' dir='ltr'><strong>demigrantem,</strong></span> <span class='ocrx_word' id='word_1_733' title='bbox 1665 4802 1826 4856; x_wconf 85' lang='lat' dir='ltr'><strong>neque</strong></span> <span class='ocrx_word' id='word_1_734' title='bbox 1881 4803 1947 4840; x_wconf 78' lang='lat' dir='ltr'><strong>ea:</strong></span> <span class='ocrx_word' id='word_1_735' title='bbox 1997 4805 2104 4841; x_wconf 87' lang='lat' dir='ltr'><strong>una</strong></span> 
     </span>
    </p>
   </div>
   <div class='ocr_carea' id='block_1_95' title="bbox 517 4875 2104 4946">
    <p class='ocr_par' dir='ltr' id='par_1_95' title="bbox 517 4875 2104 4946">
     <span class='ocr_line' id='line_1_95' title="bbox 517 4875 2104 4946; baseline 0 -13"><span class='ocrx_word' id='word_1_736' title='bbox 517 4883 749 4933; x_wconf 81' lang='lat' dir='ltr'><strong>essentia</strong></span> <span class='ocrx_word' id='word_1_737' title='bbox 789 4879 844 4930; x_wconf 89' lang='lat' dir='ltr'><strong>in</strong></span> <span class='ocrx_word' id='word_1_738' title='bbox 891 4877 1090 4930; x_wconf 88' lang='lat' dir='ltr'><strong>trinam</strong></span> <span class='ocrx_word' id='word_1_739' title='bbox 1139 4875 1468 4946; x_wconf 73' lang='lat' dir='ltr'><strong>ligpostasim</strong></span> <span class='ocrx_word' id='word_1_740' title='bbox 1518 4877 1824 4946; x_wconf 80' lang='lat' dir='ltr'><strong>ﬁguratum.</strong></span> <span class='ocrx_word' id='word_1_741' title='bbox 1877 4877 2104 4933; x_wconf 87' lang='lat' dir='ltr'><strong>Omnino</strong></span> 
     </span>
    </p>
   </div>
   <div class='ocr_carea' id='block_1_96' title="bbox 522 4969 2106 5038">
    <p class='ocr_par' dir='ltr' id='par_1_96' title="bbox 522 4969 2106 5038">
     <span class='ocr_line' id='line_1_96' title="bbox 522 4969 2106 5038; baseline -0.001 -13"><span class='ocrx_word' id='word_1_742' title='bbox 522 4974 656 5025; x_wconf 87' lang='lat' dir='ltr'><strong>rnim</strong></span> <span class='ocrx_word' id='word_1_743' title='bbox 700 4981 749 5024; x_wconf 89' lang='lat' dir='ltr'><strong>et</strong></span> <span class='ocrx_word' id='word_1_744' title='bbox 797 4971 1003 5038; x_wconf 81' lang='lat' dir='ltr'><strong>penitus</strong></span> <span class='ocrx_word' id='word_1_745' title='bbox 1045 4985 1182 5022; x_wconf 85' lang='lat' dir='ltr'><strong>unus</strong></span> <span class='ocrx_word' id='word_1_746' title='bbox 1212 4978 1312 5022; x_wconf 84' lang='lat' dir='ltr'><strong>est.</strong></span> <span class='ocrx_word' id='word_1_747' title='bbox 1332 4969 1618 5021; x_wconf 87' lang='lat' dir='ltr'><strong>secundum</strong></span> <span class='ocrx_word' id='word_1_748' title='bbox 1641 4970 1824 5023; x_wconf 88' lang='lat' dir='ltr'><strong>eadem</strong></span> <span class='ocrx_word' id='word_1_749' title='bbox 1847 4981 1896 5023; x_wconf 89' lang='lat' dir='ltr'><strong>et</strong></span> <span class='ocrx_word' id='word_1_750' title='bbox 1924 4971 2106 5024; x_wconf 88' lang='lat' dir='ltr'><strong>eodem</strong></span> 
     </span>
    </p>
   </div>
   <div class='ocr_carea' id='block_1_97' title="bbox 519 5059 2104 5132">
    <p class='ocr_par' dir='ltr' id='par_1_97' title="bbox 519 5059 2104 5132">
     <span class='ocr_line' id='line_1_97' title="bbox 519 5059 2104 5132; baseline 0 -16"><span class='ocrx_word' id='word_1_751' title='bbox 519 5063 674 5116; x_wconf 81' lang='lat' dir='ltr'><strong>modo</strong></span> <span class='ocrx_word' id='word_1_752' title='bbox 711 5079 1020 5131; x_wconf 85' lang='lat' dir='ltr'><strong>permanens</strong></span> <span class='ocrx_word' id='word_1_753' title='bbox 1059 5065 1223 5114; x_wconf 84' lang='lat' dir='ltr'><strong>solus.</strong></span> <span class='ocrx_word' id='word_1_754' title='bbox 1277 5059 1354 5114; x_wconf 85' lang='lat' dir='ltr'><strong>Ex</strong></span> <span class='ocrx_word' id='word_1_755' title='bbox 1389 5061 1472 5114; x_wconf 89' lang='lat' dir='ltr'><strong>his</strong></span> <span class='ocrx_word' id='word_1_756' title='bbox 1501 5062 1799 5132; x_wconf 86' lang='lat' dir='ltr'><strong>propositis</strong></span> <span class='ocrx_word' id='word_1_757' title='bbox 1832 5062 1988 5117; x_wconf 88' lang='lat' dir='ltr'><strong>decet</strong></span> <span class='ocrx_word' id='word_1_758' title='bbox 2023 5067 2104 5116; x_wconf 87' lang='lat' dir='ltr'><strong>in-</strong></span> 
     </span>
    </p>
   </div>
   <div class='ocr_carea' id='block_1_98' title="bbox 517 5154 2100 5225">
    <p class='ocr_par' dir='ltr' id='par_1_98' title="bbox 517 5154 2100 5225">
     <span class='ocr_line' id='line_1_98' title="bbox 517 5154 2100 5225; baseline -0.001 -15"><span class='ocrx_word' id='word_1_759' title='bbox 517 5155 847 5225; x_wconf 81' lang='lat' dir='ltr'><strong>telligentem</strong></span> <span class='ocrx_word' id='word_1_760' title='bbox 871 5154 1177 5209; x_wconf 87' lang='lat' dir='ltr'><strong>auditorem</strong></span> <span class='ocrx_word' id='word_1_761' title='bbox 1218 5154 1562 5218; x_wconf 88' lang='lat' dir='ltr'><strong>discernere,</strong></span> <span class='ocrx_word' id='word_1_762' title='bbox 1594 5154 1828 5222; x_wconf 89' lang='lat' dir='ltr'><strong>primum</strong></span> <span class='ocrx_word' id='word_1_763' title='bbox 1853 5155 2100 5224; x_wconf 89' lang='lat' dir='ltr'><strong>quidem,</strong></span> 
     </span>
    </p>
   </div>
   <div class='ocr_carea' id='block_1_99' title="bbox 517 5246 2101 5317">
    <p class='ocr_par' dir='ltr' id='par_1_99' title="bbox 517 5246 2101 5317">
     <span class='ocr_line' id='line_1_99' title="bbox 517 5246 2101 5317; baseline 0.002 -18"><span class='ocrx_word' id='word_1_764' title='bbox 517 5265 640 5317; x_wconf 76' lang='lat' dir='ltr'><strong>quzc</strong></span> <span class='ocrx_word' id='word_1_765' title='bbox 690 5249 810 5303; x_wconf 89' lang='lat' dir='ltr'><strong>sine</strong></span> <span class='ocrx_word' id='word_1_766' title='bbox 855 5263 1022 5301; x_wconf 89' lang='lat' dir='ltr'><strong>sensu</strong></span> <span class='ocrx_word' id='word_1_767' title='bbox 1073 5246 1316 5317; x_wconf 82' lang='lat' dir='ltr'><strong>projecta</strong></span> <span class='ocrx_word' id='word_1_768' title='bbox 1365 5255 1495 5300; x_wconf 88' lang='lat' dir='ltr'><strong>sunt</strong></span> <span class='ocrx_word' id='word_1_769' title='bbox 1525 5246 1580 5299; x_wconf 92' lang='lat' dir='ltr'><strong>in</strong></span> <span class='ocrx_word' id='word_1_770' title='bbox 1633 5247 1882 5301; x_wconf 88' lang='lat' dir='ltr'><strong>oratione</strong></span> <span class='ocrx_word' id='word_1_771' title='bbox 1913 5247 2101 5302; x_wconf 86' lang='lat' dir='ltr'><strong>inania</strong></span> 
     </span>
    </p>
   </div>
   <div class='ocr_carea' id='block_1_100' title="bbox 519 5339 2102 5408">
    <p class='ocr_par' dir='ltr' id='par_1_100' title="bbox 519 5339 2102 5408">
     <span class='ocr_line' id='line_1_100' title="bbox 519 5339 2102 5408; baseline 0.003 -17"><span class='ocrx_word' id='word_1_772' title='bbox 519 5344 704 5403; x_wconf 76' lang='lat' dir='ltr'><strong>verba,</strong></span> <span class='ocrx_word' id='word_1_773' title='bbox 755 5343 822 5393; x_wconf 89' lang='lat' dir='ltr'><strong>ab</strong></span> <span class='ocrx_word' id='word_1_774' title='bbox 857 5340 924 5394; x_wconf 91' lang='lat' dir='ltr'><strong>iis</strong></span> <span class='ocrx_word' id='word_1_775' title='bbox 962 5353 1085 5407; x_wconf 66' lang='lat' dir='ltr'><strong>qua:</strong></span> <span class='ocrx_word' id='word_1_776' title='bbox 1115 5339 1572 5408; x_wconf 88' lang='lat' dir='ltr'><strong>siguilieatiouem</strong></span> <span class='ocrx_word' id='word_1_777' title='bbox 1629 5339 1868 5408; x_wconf 90' lang='lat' dir='ltr'><strong>aliquam</strong></span> <span class='ocrx_word' id='word_1_778' title='bbox 1899 5339 2102 5395; x_wconf 89' lang='lat' dir='ltr'><strong>habere</strong></span> 
     </span>
    </p>
   </div>
   <div class='ocr_carea' id='block_1_101' title="bbox 2209 4789 3788 4863">
    <p class='ocr_par' dir='ltr' id='par_1_101' title="bbox 2209 4789 3788 4863">
     <span class='ocr_line' id='line_1_101' title="bbox 2209 4789 3788 4863; baseline -0.005 -16"><span class='ocrx_word' id='word_1_779' title='bbox 2209 4813 2337 4860; x_wconf 75' lang='grc' dir='ltr'>νος.</span> <span class='ocrx_word' id='word_1_780' title='bbox 2383 4795 2477 4847; x_wconf 82' lang='grc' dir='ltr'>Ἐκ</span> <span class='ocrx_word' id='word_1_781' title='bbox 2503 4794 2708 4846; x_wconf 89' lang='grc' dir='ltr'>τούτων</span> <span class='ocrx_word' id='word_1_782' title='bbox 2735 4794 2788 4847; x_wconf 80' lang='grc' dir='ltr'><strong>δὲ</strong></span> <span class='ocrx_word' id='word_1_783' title='bbox 2819 4793 2927 4846; x_wconf 83' lang='grc' dir='ltr'>τῶν</span> <span class='ocrx_word' id='word_1_784' title='bbox 2959 4791 3373 4863; x_wconf 82' lang='grc' dir='ltr'>παρατεθέντων</span> <span class='ocrx_word' id='word_1_785' title='bbox 3405 4791 3668 4860; x_wconf 85' lang='grc' dir='ltr'>προσήκει</span> <span class='ocrx_word' id='word_1_786' title='bbox 3698 4789 3788 4840; x_wconf 75' lang='grc' dir='ltr'><strong>τὸν</strong></span> 
     </span>
    </p>
   </div>
   <div class='ocr_carea' id='block_1_102' title="bbox 2211 4881 3786 4956">
    <p class='ocr_par' dir='ltr' id='par_1_102' title="bbox 2211 4881 3786 4956">
     <span class='ocr_line' id='line_1_102' title="bbox 2211 4881 3786 4956; baseline -0.004 -18"><span class='ocrx_word' id='word_1_787' title='bbox 2211 4886 2429 4938; x_wconf 75' lang='grc' dir='ltr'>συνετὸν</span> <span class='ocrx_word' id='word_1_788' title='bbox 2463 4887 2738 4956; x_wconf 84' lang='grc' dir='ltr'>ἀκροατὴν</span> <span class='ocrx_word' id='word_1_789' title='bbox 2779 4886 3070 4955; x_wconf 87' lang='grc' dir='ltr'>διακρῖναι,</span> <span class='ocrx_word' id='word_1_790' title='bbox 3104 4885 3316 4955; x_wconf 81' lang='grc' dir='ltr'>πρῶτον</span> <span class='ocrx_word' id='word_1_791' title='bbox 3373 4883 3470 4952; x_wconf 84' lang='grc' dir='ltr'><strong>μὲν</strong></span> <span class='ocrx_word' id='word_1_792' title='bbox 3513 4883 3580 4934; x_wconf 76' lang='grc' dir='ltr'><strong>τὰ</strong></span> <span class='ocrx_word' id='word_1_793' title='bbox 3619 4881 3786 4951; x_wconf 70' lang='grc' dir='ltr'>χωρὶς</span> 
     </span>
    </p>
   </div>
   <div class='ocr_carea' id='block_1_103' title="bbox 2207 4970 3788 5047">
    <p class='ocr_par' dir='ltr' id='par_1_103' title="bbox 2207 4970 3788 5047">
     <span class='ocr_line' id='line_1_103' title="bbox 2207 4970 3788 5047; baseline -0.006 -17"><span class='ocrx_word' id='word_1_794' title='bbox 2207 4977 2444 5040; x_wconf 84' lang='grc' dir='ltr'>διανοίας</span> <span class='ocrx_word' id='word_1_795' title='bbox 2489 4977 2784 5047; x_wconf 81' lang='grc' dir='ltr'>ἐκριφέντα</span> <span class='ocrx_word' id='word_1_796' title='bbox 2829 4977 2906 5046; x_wconf 83' lang='grc' dir='ltr'>τῷ</span> <span class='ocrx_word' id='word_1_797' title='bbox 2951 4975 3096 5045; x_wconf 84' lang='grc' dir='ltr'>λόγῳ</span> <span class='ocrx_word' id='word_1_798' title='bbox 3153 4974 3373 5028; x_wconf 78' lang='grc' dir='ltr'>διάκενα</span> <span class='ocrx_word' id='word_1_799' title='bbox 3421 4973 3639 5042; x_wconf 77' lang='grc' dir='ltr'>ῥήματα</span> <span class='ocrx_word' id='word_1_800' title='bbox 3683 4970 3788 5022; x_wconf 79' lang='grc' dir='ltr'><strong>ἀπὸ</strong></span> 
     </span>
    </p>
   </div>
   <div class='ocr_carea' id='block_1_104' title="bbox 2206 5061 3789 5138">
    <p class='ocr_par' dir='ltr' id='par_1_104' title="bbox 2206 5061 3789 5138">
     <span class='ocr_line' id='line_1_104' title="bbox 2206 5061 3789 5138; baseline -0.005 -18"><span class='ocrx_word' id='word_1_801' title='bbox 2206 5069 2316 5122; x_wconf 85' lang='grc' dir='ltr'><strong>τῶν</strong></span> <span class='ocrx_word' id='word_1_802' title='bbox 2339 5067 2639 5122; x_wconf 87' lang='grc' dir='ltr'>δοκούντων</span> <span class='ocrx_word' id='word_1_803' title='bbox 2667 5067 2792 5120; x_wconf 75' lang='grc' dir='ltr'>νοῦν</span> <span class='ocrx_word' id='word_1_804' title='bbox 2823 5067 2986 5138; x_wconf 75' lang='grc' dir='ltr'>ἔχειν.</span> <span class='ocrx_word' id='word_1_805' title='bbox 3021 5065 3178 5119; x_wconf 80' lang='grc' dir='ltr'><strong>Μετά</strong></span> <span class='ocrx_word' id='word_1_806' title='bbox 3210 5065 3381 5117; x_wconf 73' lang='grc' dir='ltr'>ταῦτα</span> <span class='ocrx_word' id='word_1_807' title='bbox 3417 5064 3474 5116; x_wconf 82' lang='grc' dir='ltr'>δὲ</span> <span class='ocrx_word' id='word_1_808' title='bbox 3515 5061 3612 5132; x_wconf 83' lang='grc' dir='ltr'>τὴν</span> <span class='ocrx_word' id='word_1_809' title='bbox 3642 5063 3789 5131; x_wconf 79' lang='grc' dir='ltr'>εὑρι-</span> 
     </span>
    </p>
   </div>
   <div class='ocr_carea' id='block_1_105' title="bbox 2210 5151 3791 5232">
    <p class='ocr_par' dir='ltr' id='par_1_105' title="bbox 2210 5151 3791 5232">
     <span class='ocr_line' id='line_1_105' title="bbox 2210 5151 3791 5232; baseline -0.006 -19"><span class='ocrx_word' id='word_1_810' title='bbox 2210 5161 2484 5232; x_wconf 84' lang='grc' dir='ltr'>σκομένην</span> <span class='ocrx_word' id='word_1_811' title='bbox 2526 5164 2584 5214; x_wconf 85' lang='grc' dir='ltr'>ὲν</span> <span class='ocrx_word' id='word_1_812' title='bbox 2633 5163 2744 5224; x_wconf 81' lang='grc' dir='ltr'>τοῖς</span> <span class='ocrx_word' id='word_1_813' title='bbox 2798 5159 3110 5222; x_wconf 80' lang='grc' dir='ltr'>ὑπολοίποις</span> <span class='ocrx_word' id='word_1_814' title='bbox 3141 5158 3377 5211; x_wconf 82' lang='grc' dir='ltr'>διάνοιαν</span> <span class='ocrx_word' id='word_1_815' title='bbox 3410 5155 3518 5208; x_wconf 85' lang='grc' dir='ltr'>τῶν</span> <span class='ocrx_word' id='word_1_816' title='bbox 3571 5151 3791 5225; x_wconf 78' lang='grc' dir='ltr'>εἰρημέ-</span> 
     </span>
    </p>
   </div>
   <div class='ocr_carea' id='block_1_106' title="bbox 2206 5242 3788 5320">
    <p class='ocr_par' dir='ltr' id='par_1_106' title="bbox 2206 5242 3788 5320">
     <span class='ocr_line' id='line_1_106' title="bbox 2206 5242 3788 5320; baseline -0.008 -14"><span class='ocrx_word' id='word_1_817' title='bbox 2206 5269 2310 5306; x_wconf 89' lang='grc' dir='ltr'><strong>νων</strong></span> <span class='ocrx_word' id='word_1_818' title='bbox 2357 5253 2708 5315; x_wconf 80' lang='grc' dir='ltr'>ἐπισκοπεῖν,</span> <span class='ocrx_word' id='word_1_819' title='bbox 2741 5253 2788 5303; x_wconf 91' lang='grc' dir='ltr'>εἱ</span> <span class='ocrx_word' id='word_1_820' title='bbox 2833 5251 3118 5320; x_wconf 85' lang='grc' dir='ltr'>συμϐαίνει</span> <span class='ocrx_word' id='word_1_821' title='bbox 3163 5251 3228 5318; x_wconf 84' lang='grc' dir='ltr'>τῇ</span> <span class='ocrx_word' id='word_1_822' title='bbox 3271 5247 3399 5318; x_wconf 74' lang='grc' dir='ltr'>περὶ</span> <span class='ocrx_word' id='word_1_823' title='bbox 3438 5247 3528 5300; x_wconf 84' lang='grc' dir='ltr'>τὸν</span> <span class='ocrx_word' id='word_1_824' title='bbox 3554 5242 3788 5315; x_wconf 73' lang='grc' dir='ltr'>Χριστὸν</span> 
     </span>
    </p>
   </div>
   <div class='ocr_carea' id='block_1_107' title="bbox 2203 5341 2477 5413">
    <p class='ocr_par' dir='ltr' id='par_1_107' title="bbox 2203 5341 2477 5413">
     <span class='ocr_line' id='line_1_107' title="bbox 2203 5341 2477 5413; baseline -0.007 -19"><span class='ocrx_word' id='word_1_825' title='bbox 2203 5341 2477 5413; x_wconf 78' lang='grc' dir='ltr'>εὐσεϐείᾳ.</span> 
     </span>
    </p>
   </div>
   <div class='ocr_carea' id='block_1_108' title="bbox 518 5428 3786 5503">
    <p class='ocr_par' dir='ltr' id='par_1_108' title="bbox 518 5428 3786 5503">
     <span class='ocr_line' id='line_1_108' title="bbox 518 5428 3786 5503; baseline -0.001 -19"><span class='ocrx_word' id='word_1_826' title='bbox 518 5433 804 5500; x_wconf 80' lang='lat' dir='ltr'><strong>videntur;</strong></span> <span class='ocrx_word' id='word_1_827' title='bbox 844 5431 1125 5486; x_wconf 86' lang='lat' dir='ltr'><strong>deindein</strong></span> <span class='ocrx_word' id='word_1_828' title='bbox 1169 5429 1396 5500; x_wconf 88' lang='lat' dir='ltr'><strong>reliquis</strong></span> <span class='ocrx_word' id='word_1_829' title='bbox 1427 5430 1590 5484; x_wconf 88' lang='lat' dir='ltr'><strong>dictis</strong></span> <span class='ocrx_word' id='word_1_830' title='bbox 1655 5431 1981 5485; x_wconf 86' lang='lat' dir='ltr'><strong>sententiam</strong></span> <span class='ocrx_word' id='word_1_831' title='bbox 2047 5448 2170 5502; x_wconf 70' lang='lat' dir='ltr'><strong>qua:</strong></span> <span class='ocrx_word' id='word_1_832' title='bbox 2207 5433 2486 5488; x_wconf 84' lang='lat' dir='ltr'><strong>invenitur</strong></span> <span class='ocrx_word' id='word_1_833' title='bbox 2545 5435 2880 5503; x_wconf 88' lang='lat' dir='ltr'><strong>perspicere,</strong></span> <span class='ocrx_word' id='word_1_834' title='bbox 2939 5441 3118 5486; x_wconf 81' lang='lat' dir='ltr'><strong>utrum</strong></span> <span class='ocrx_word' id='word_1_835' title='bbox 3175 5431 3360 5500; x_wconf 87' lang='lat' dir='ltr'><strong>pietati</strong></span> <span class='ocrx_word' id='word_1_836' title='bbox 3418 5443 3538 5499; x_wconf 72' lang='lat' dir='ltr'><strong>(pne</strong></span> <span class='ocrx_word' id='word_1_837' title='bbox 3595 5439 3680 5482; x_wconf 87' lang='lat' dir='ltr'><strong>est</strong></span> <span class='ocrx_word' id='word_1_838' title='bbox 3730 5428 3786 5481; x_wconf 89' lang='lat' dir='ltr'><strong>iu</strong></span> 
     </span>
    </p>
   </div>
   <div class='ocr_carea' id='block_1_109' title="bbox 516 5526 1060 5584">
    <p class='ocr_par' dir='ltr' id='par_1_109' title="bbox 516 5526 1060 5584">
     <span class='ocr_line' id='line_1_109' title="bbox 516 5526 1060 5584; baseline -0.009 -1"><span class='ocrx_word' id='word_1_839' title='bbox 516 5529 704 5584; x_wconf 86' lang='lat' dir='ltr'><strong>.Iesum</strong></span> <span class='ocrx_word' id='word_1_840' title='bbox 749 5526 1060 5580; x_wconf 87' lang='lat' dir='ltr'><strong>conveniat.</strong></span> 
     </span>
    </p>
   </div>
   <div class='ocr_carea' id='block_1_110' title="bbox 587 5617 2096 5689">
    <p class='ocr_par' dir='ltr' id='par_1_110' title="bbox 587 5617 2096 5689">
     <span class='ocr_line' id='line_1_110' title="bbox 587 5617 2096 5689; baseline -0.001 -13"><span class='ocrx_word' id='word_1_841' title='bbox 587 5621 777 5682; x_wconf 86' lang='lat' dir='ltr'><strong>Priora</strong></span> <span class='ocrx_word' id='word_1_842' title='bbox 822 5619 988 5688; x_wconf 84' lang='lat' dir='ltr'><strong>igitur</strong></span> <span class='ocrx_word' id='word_1_843' title='bbox 1035 5619 1196 5672; x_wconf 88' lang='lat' dir='ltr'><strong>verba</strong></span> <span class='ocrx_word' id='word_1_844' title='bbox 1233 5631 1354 5687; x_wconf 64' lang='lat' dir='ltr'><strong>qua!</strong></span> <span class='ocrx_word' id='word_1_845' title='bbox 1412 5617 1502 5671; x_wconf 89' lang='lat' dir='ltr'><strong>hic</strong></span> <span class='ocrx_word' id='word_1_846' title='bbox 1540 5627 1670 5672; x_wconf 91' lang='lat' dir='ltr'><strong>sunt</strong></span> <span class='ocrx_word' id='word_1_847' title='bbox 1727 5621 1974 5689; x_wconf 85' lang='lat' dir='ltr'><strong>apposita</strong></span> <span class='ocrx_word' id='word_1_848' title='bbox 2043 5621 2096 5674; x_wconf 90' lang='lat' dir='ltr'><strong>in</strong></span> 
     </span>
    </p>
   </div>
   <div class='ocr_carea' id='block_1_111' title="bbox 517 5711 2096 5784">
    <p class='ocr_par' dir='ltr' id='par_1_111' title="bbox 517 5711 2096 5784">
     <span class='ocr_line' id='line_1_111' title="bbox 517 5711 2096 5784; baseline -0.002 -16"><span class='ocrx_word' id='word_1_849' title='bbox 517 5715 860 5778; x_wconf 84' lang='lat' dir='ltr'><strong>universum,</strong></span> <span class='ocrx_word' id='word_1_850' title='bbox 904 5727 1082 5784; x_wconf 87' lang='lat' dir='ltr'><strong>neque</strong></span> <span class='ocrx_word' id='word_1_851' title='bbox 1121 5713 1342 5775; x_wconf 86' lang='lat' dir='ltr'><strong>bonam,</strong></span> <span class='ocrx_word' id='word_1_852' title='bbox 1391 5726 1572 5781; x_wconf 86' lang='lat' dir='ltr'><strong>neque</strong></span> <span class='ocrx_word' id='word_1_853' title='bbox 1611 5711 1808 5765; x_wconf 87' lang='lat' dir='ltr'><strong>malam</strong></span> <span class='ocrx_word' id='word_1_854' title='bbox 1855 5712 2096 5782; x_wconf 83' lang='lat' dir='ltr'><strong>aliquam</strong></span> 
     </span>
    </p>
   </div>
   <div class='ocr_carea' id='block_1_112' title="bbox 586 5847 1820 5910">
    <p class='ocr_par' dir='ltr' id='par_1_112' title="bbox 586 5847 1820 5910">
     <span class='ocr_line' id='line_1_112' title="bbox 586 5847 1820 5910; baseline 0.001 -9"><span class='ocrx_word' id='word_1_855' title='bbox 586 5849 634 5880; x_wconf 68' lang='grc'><strong>⁷³</strong></span> <span class='ocrx_word' id='word_1_856' title='bbox 679 5847 834 5902; x_wconf 81' lang='lat' dir='ltr'><strong>Rom.</strong></span> <span class='ocrx_word' id='word_1_857' title='bbox 883 5865 919 5910; x_wconf 87' lang='grc' dir='ltr'><strong>ι,</strong></span> <span class='ocrx_word' id='word_1_858' title='bbox 971 5848 1062 5902; x_wconf 72' lang='lat'><strong>2|.</strong></span> <span class='ocrx_word' id='word_1_859' title='bbox 1139 5849 1184 5880; x_wconf 76' lang='grc'><strong>⁷⁵</strong></span> <span class='ocrx_word' id='word_1_860' title='bbox 1221 5847 1352 5902; x_wconf 87' lang='lat' dir='ltr'><strong>ibid.</strong></span> <span class='ocrx_word' id='word_1_861' title='bbox 1387 5847 1442 5902; x_wconf 87' lang='lat'><strong>9.</strong></span> <span class='ocrx_word' id='word_1_862' title='bbox 1519 5847 1566 5878; x_wconf 77' lang='grc'><strong>⁷⁵</strong></span> <span class='ocrx_word' id='word_1_863' title='bbox 1599 5847 1730 5904; x_wconf 83' lang='lat' dir='ltr'><strong>ibid.</strong></span> <span class='ocrx_word' id='word_1_864' title='bbox 1775 5849 1820 5902; x_wconf 83' lang='grc' dir='ltr'>Ι.</span> 
     </span>
    </p>
   </div>
   <div class='ocr_carea' id='block_1_113' title="bbox 521 5918 932 5988">
    <p class='ocr_par' dir='ltr' id='par_1_113' title="bbox 521 5918 932 5988">
     <span class='ocr_line' id='line_1_113' title="bbox 521 5918 932 5988; baseline 0 -16"><span class='ocrx_word' id='word_1_865' title='bbox 521 5920 608 5988; x_wconf 65' lang='lat' dir='ltr'><strong>to.</strong></span> <span class='ocrx_word' id='word_1_866' title='bbox 686 5919 728 5949; x_wconf 73' lang='grc' dir='ltr'><strong>υ·</strong></span> <span class='ocrx_word' id='word_1_867' title='bbox 801 5918 932 5972; x_wconf 85' lang='lat' dir='ltr'><strong>ibid.</strong></span> 
     </span>
    </p>
   </div>
   <div class='ocr_carea' id='block_1_114' title="bbox 1899 5846 2795 5918">
    <p class='ocr_par' dir='ltr' id='par_1_114' title="bbox 1899 5846 2795 5918">
     <span class='ocr_line' id='line_1_114' title="bbox 1899 5846 2795 5918; baseline -0.004 -16"><span class='ocrx_word' id='word_1_868' title='bbox 1899 5850 1944 5880; x_wconf 84' lang='grc'><strong>⁷⁷</strong></span> <span class='ocrx_word' id='word_1_869' title='bbox 1969 5847 2204 5918; x_wconf 85' lang='lat' dir='ltr'><strong>Philipp.</strong></span> <span class='ocrx_word' id='word_1_870' title='bbox 2243 5862 2300 5910; x_wconf 88' lang='lat' dir='ltr'><strong>Il,</strong></span> <span class='ocrx_word' id='word_1_871' title='bbox 2333 5847 2418 5900; x_wconf 72' lang='lat'><strong>10.</strong></span> <span class='ocrx_word' id='word_1_872' title='bbox 2476 5847 2520 5877; x_wconf 83' lang='grc'>⁷⁸</span> <span class='ocrx_word' id='word_1_873' title='bbox 2545 5846 2673 5900; x_wconf 89' lang='lat' dir='ltr'><strong>ibid.</strong></span> <span class='ocrx_word' id='word_1_874' title='bbox 2710 5847 2795 5900; x_wconf 81' lang='lat' dir='ltr'><strong>ii.</strong></span> 
     </span>
    </p>
   </div>
   <div class='ocr_carea' id='block_1_115' title="bbox 2267 5611 3784 5686">
    <p class='ocr_par' dir='ltr' id='par_1_115' title="bbox 2267 5611 3784 5686">
     <span class='ocr_line' id='line_1_115' title="bbox 2267 5611 3784 5686; baseline 0.003 -20"><span class='ocrx_word' id='word_1_875' title='bbox 2267 5615 2348 5668; x_wconf 82' lang='grc' dir='ltr'>Τὰ</span> <span class='ocrx_word' id='word_1_876' title='bbox 2370 5617 2466 5686; x_wconf 80' lang='grc' dir='ltr'><strong>μὲν</strong></span> <span class='ocrx_word' id='word_1_877' title='bbox 2479 5611 2572 5668; x_wconf 83' lang='grc' dir='ltr'><strong>οὖν</strong></span> <span class='ocrx_word' id='word_1_878' title='bbox 2588 5615 2779 5684; x_wconf 83' lang='grc' dir='ltr'>πρῶτα</span> <span class='ocrx_word' id='word_1_879' title='bbox 2803 5613 2910 5666; x_wconf 87' lang='grc' dir='ltr'><strong>τῶν</strong></span> <span class='ocrx_word' id='word_1_880' title='bbox 2928 5613 3342 5684; x_wconf 84' lang='grc' dir='ltr'>παρατεθέντων</span> <span class='ocrx_word' id='word_1_881' title='bbox 3365 5615 3590 5668; x_wconf 87' lang='grc' dir='ltr'>καθόλου</span> <span class='ocrx_word' id='word_1_882' title='bbox 3607 5617 3784 5686; x_wconf 73' lang='grc' dir='ltr'>πάσης</span> 
     </span>
    </p>
   </div>
   <div class='ocr_carea' id='block_1_116' title="bbox 2208 5703 3785 5779">
    <p class='ocr_par' dir='ltr' id='par_1_116' title="bbox 2208 5703 3785 5779">
     <span class='ocr_line' id='line_1_116' title="bbox 2208 5703 3785 5779; baseline 0 -19"><span class='ocrx_word' id='word_1_883' title='bbox 2208 5708 2303 5760; x_wconf 75' lang='grc' dir='ltr'><strong>καὶ</strong></span> <span class='ocrx_word' id='word_1_884' title='bbox 2331 5706 2500 5775; x_wconf 82' lang='grc' dir='ltr'>καλῆς</span> <span class='ocrx_word' id='word_1_885' title='bbox 2534 5706 2628 5758; x_wconf 70' lang='grc' dir='ltr'><strong>καὶ</strong></span> <span class='ocrx_word' id='word_1_886' title='bbox 2663 5705 2838 5774; x_wconf 76' lang='grc' dir='ltr'>κακῆς</span> <span class='ocrx_word' id='word_1_887' title='bbox 2865 5705 3100 5768; x_wconf 65' lang='grc' dir='ltr'>διανοίας</span> <span class='ocrx_word' id='word_1_888' title='bbox 3136 5703 3484 5774; x_wconf 85' lang='grc' dir='ltr'>κεχώρισται.</span> <span class='ocrx_word' id='word_1_889' title='bbox 3517 5707 3652 5760; x_wconf 89' lang='grc' dir='ltr'>Τίνα</span> <span class='ocrx_word' id='word_1_890' title='bbox 3680 5711 3785 5779; x_wconf 71' lang='grc' dir='ltr'><strong>γὰρ</strong></span> 
     </span>
    </p>
   </div>
   <div class='ocr_carea' id='block_1_117' title="bbox 2873 5845 3780 5915">
    <p class='ocr_par' dir='ltr' id='par_1_117' title="bbox 2873 5845 3780 5915">
     <span class='ocr_line' id='line_1_117' title="bbox 2873 5845 3780 5915; baseline 0.007 -17"><span class='ocrx_word' id='word_1_891' title='bbox 2873 5847 2916 5878; x_wconf 66' lang='grc'><strong>⁷9</strong></span> <span class='ocrx_word' id='word_1_892' title='bbox 2947 5847 3106 5902; x_wconf 87' lang='lat' dir='ltr'><strong>Prov.</strong></span> <span class='ocrx_word' id='word_1_893' title='bbox 3143 5861 3260 5910; x_wconf 80' lang='lat' dir='ltr'>VIII,</span> <span class='ocrx_word' id='word_1_894' title='bbox 3285 5845 3335 5900; x_wconf 88' lang='grc'>5.</span> <span class='ocrx_word' id='word_1_895' title='bbox 3413 5846 3458 5878; x_wconf 74' lang='grc' dir='ltr'><strong>⁸ο</strong></span> <span class='ocrx_word' id='word_1_896' title='bbox 3485 5845 3504 5900; x_wconf 92' lang='lat' dir='ltr'><strong>l</strong></span> <span class='ocrx_word' id='word_1_897' title='bbox 3529 5846 3670 5904; x_wconf 81' lang='lat' dir='ltr'><strong>Tim.</strong></span> <span class='ocrx_word' id='word_1_898' title='bbox 3705 5863 3780 5915; x_wconf 72' lang='lat' dir='ltr'><strong>rt,</strong></span> 
     </span>
    </p>
   </div>
  </div>
