4146 6370
311 305 404 362 εει

1439 291 1723 348 CONTRA
1757 286 2146 351 EUNOMIUM,
2185 285 2315 340 LIB.
2359 285 2424 339 ll.

3467 277 3573 332 διδὲ

310 423 544 476 διάνοιαν
596 417 711 488 ἔχει
744 416 824 478 τὸ,
859 416 919 468 ού
951 415 1048 484 τὴν
1095 411 1283 465 οὐσίαν
1327 411 1449 465 καθ’
1488 412 1557 480 ἦν
1591 411 1738 462 ἐστιν
1789 402 1891 472 εἷς,

2008 405 2323 459 sententiam
2379 403 2433 456 in
2482 416 2542 456 se
2587 398 2884 454 continent.
2941 397 3115 463 Quam
3167 396 3310 448 enim
3347 405 3572 450 senten-

309 511 672 583 χωριζόμενον
702 509 780 570 είς
818 507 1054 568 πλείους,
1087 506 1118 575 ἣ
1157 505 1344 558 ἄλλοτε
1385 503 1541 555 ἄλλον
1585 501 1887 570 γινόμενον,

309 609 339 675 ἢ
369 622 459 657 του
496 599 636 654 εἶναι
668 603 695 654 ὃ
735 603 879 652 ἐστιν
918 598 1344 668 μεθιστάμενον;
1377 594 1502 648 Οὕτ¹
1523 593 1587 646 ἂν
1616 592 1777 654 αὐτὸς
1813 590 1891 642 εί-

310 712 398 748 ττοι
433 710 446 722 '
498 694 617 746 οὒτε
673 691 795 744 τινὰ
848 691 955 742 τῶν
1006 687 1436 759 συμμαχούντων
1489 685 1638 754 αὐτῷ
1686 683 1890 754 νομίζω

309 783 565 838 δύνασθαι
608 783 674 834 ἂν
709 781 950 850 ἐξευρεῖν
981 781 1137 831 σκιάν
1179 795 1300 830 τινα
1333 776 1568 838 διανοίας
1595 779 1652 828 ὲν
1678 777 1787 836 τοῖς
1818 776 1892 825 εἰ·

316 877 584 946 ρημένοις.
617 877 696 925 Οὐ
725 872 839 934 τὴν
866 871 1084 924 οὐσίαν
1115 869 1240 922 καθ’
1279 869 1358 936 ἢν·
1385 869 1556 921 ἐστιν
1579 862 1684 932 εἷς.
1711 867 1892 935 Χωρι-

314 969 536 1037 ζόμενον
585 966 744 1018 αὑτὸν
792 964 941 1030 λέγει
972 962 1068 1032 τῆς
1115 961 1301 1022 οὐσίας
1344 958 1626 1028 αύτοῦ,μὴ
1665 955 1891 1025 χωρίζε-

315 1060 528 1130 σθαι,ἢ
562 1059 656 1127 τὴν
685 1057 870 1109 οὐσίαν
913 1054 1060 1122 λέγει
1096 1054 1192 1106 ἀπ’
1233 1052 1396 1104 αὑτοῦ
1432 1051 1506 1122 μὴ
1552 1048 1888 1121 μερίζεσθαι.

313 1153 497 1221 Ψόφος
537 1151 618 1212 τίς
645 1151 776 1205 ἐστι.
810 1148 902 1199 καὶ
928 1142 1058 1216 ἦχος
1099 1146 1323 1215 μάταιος
1356 1143 1478 1210 εἰκῆ
1514 1140 1889 1209 συγκείμενος,

313 1248 342 1298 ὁ
369 1246 676 1314 ἀσήμαντος
711 1237 862 1302 οὗτος
888 1239 1060 1306 λόγος.
1095 1237 1206 1289 Καὶ
1236 1237 1288 1288 τί
1322 1235 1427 1305 χρὴ
1453 1234 1792 1303 παραμένειν
1823 1233 1890 1302 τῇ

313 1333 555 1400 ἐξετάσει
577 1333 682 1383 τῶν
718 1330 1046 1396 ἀδιανοήτωι
1068 1327 1271 1380 τούτων
1314 1329 1378 1396 pr,
1390 1325 1604 1394 μάτων;
1633 1323 1757 1382 Πῶς
1784 1322 1893 1390 γάρ

312 1437 397 1482 τις
434 1420 528 1487 τῆς
562 1416 754 1470 ἑαυτοῦ
794 1416 978 1478 οὐσίας
1007 1413 1294 1485 χωρισθεὶς
1336 1415 1394 1464 ὲν
1421 1412 1498 1482 τῷ
1542 1408 1678 1464 εἶναι
1710 1410 1889 1480 μένεις

317 1511 388 1564 *Π
414 1511 528 1572 πῶς
562 1513 594 1579 ὴ
629 1509 783 1561 ούσία
803 1507 946 1569 τινὸς
972 1504 1308 1576 μερισθεῖσα.
1341 1503 1424 1571 ἐφ’
1457 1501 1658 1570 ἑαυτῆς
1684 1502 1894 1553 δείκνυ-

314 1619 434 1666 tat;
460 1599 529 1654 Ἢ
555 1600 671 1662 πῶς
688 1601 803 1652 ἐστι
824 1597 1043 1649 δυνατὸν
1073 1595 1180 1648 ἀπὸ
1199 1593 1291 1647 τοῦ
1322 1595 1379 1646 ὲν
1406 1585 1610 1660 ᾧὲστιν
1633 1591 1889 1653 ἐκϐάντα,

315 1693 473 1748 ἄλλον
503 1691 755 1760 γενέσθαι
780 1689 884 1754 ἔξω
914 1685 1104 1739 ἑαυτοῦ
1138 1684 1445 1754 γενόμενονς
1488 1678 1802 1734 Ἆλλόὐὸὲ
1823 1679 1892 1732 ἐκ

313 1756 554 1856 μιᾶς,φῇ
563 1783 664 1844 σίν,
685 1782 899 1845 οὐσίας
911 1783 995 1844 είς
1010 1776 1367 1841 ὑποστάσεις
1385 1774 1540 1842 τρεῖς
1549 1787 1808 1840 σχηματι
1817 1770 1904 1837 ζό-
1929 1756 1972 1810 Β

313 1893 516 1946 μενον.
535 1873 716 1926 Παντὶ
747 1874 856 1940 γὰρ
874 1870 1150 1932 καθάπαξ
1171 1867 1341 1921 ἐστὶν
1359 1861 1463 1929 εἷς.
1485 1863 1636 1918 κατὰ
1664 1861 1900 1917 τὰαύτὰ

316 1980 384 2023 τε
398 1967 494 2021 καὶ
509 1967 788 2030 ὡσαύτως
800 1963 1092 2032 διαμένων
1108 1962 1312 2030 μόνος.
1334 1959 1405 2010 Τὸ
1429 1957 1527 2028 μὲν
1547 1953 1638 2010 οὖν
1654 1954 1902 2024 ἀδιανόη-

318 2078 409 2114 τον
442 2061 500 2111 ὲν
553 2060 663 2120 τοῖς
697 2055 1036 2126 εἰρημένοις,
1074 2052 1236 2106 παντὶ
1279 2050 1437 2120 δῆλον
1474 2043 1613 2100 εἶναι
1650 2047 1742 2100 καὶ
1798 2043 1902 2116 πρὺ

319 2153 427 2206 τῶν
450 2149 731 2220 ἡμετέρων
757 2143 910 2217 οἶμαι
946 2145 1118 2210 λόγων
1139 2160 1152 2173 ·
1193 2142 1403 2204 τούτοις
1429 2140 1482 2192 δὲ
1519 2138 1842 2205 ἀντιλεγέτω
1874 2138 1902 2190 ό

321 2242 556 2313 νομίζων
583 2238 720 2294 εἷναί
739 2254 859 2292 τινα
884 2241 941 2290 ἐν
965 2239 1077 2298 τοῖς
1098 2234 1415 2304 λεγομένοις
1437 2231 1559 2284 νοῦν
1582 2232 1614 2302 ἢ
1641 2231 1898 2284 διάνοιανδ

321 2339 350 2389 ὁ
369 2335 476 2405 γὰρ
501 2333 703 2405 κρίνειν
735 2327 1145 2397 ἐπεσκεμμένος
1183 2325 1340 2393 λόγου
1387 2323 1636 2390 δύναμιν.
1663 2319 1904 2386 ἀπαξιώ-

325 2443 406 2479 σει
428 2427 537 2488 τοῖς
565 2421 956 2480 ἁνυποστάτοις
984 2435 1046 2470 συ
1058 2415 1414 2486 μπλέιιεσθαι.
1451 2414 1584 2466 Τίνα
1613 2412 1725 2483 γὰρ
1751 2413 1904 2482 ἰσχὺν

324 2517 436 2589 ἔχει
465 2515 605 2568 κατὰ
623 2513 716 2566 τοῦ
747 2511 1012 2583 ἡμετέρου
1044 2509 1328 2578 δόγματος,
1365 2507 1422 2559 τὸ
1447 2505 1648 2573 λέγειν,
1675 2507 1757 2558 Οὐ
1791 2503 1905 2570 τὴν

324 2609 561 2668 οὐσίαν,
586 2606 713 2658 καθ’
743 2603 821 2670 ἢν
856 2602 1027 2656 ἐστιν
1049 2597 1136 2665 εἷς
1166 2595 1574 2668 χωριζόμενον,
1618 2596 1655 2662 ἢ
1676 2594 1903 2664 μεριζδ-

321 2713 506 2767 μενον
531 2697 616 2760 εἰς
643 2692 910 2757 πλείους,
945 2689 982 2758 ἣ
1012 2688 1233 2742 ἄλλοτε
1274 2685 1467 2739 ἄλλον
1492 2685 1835 2753 γινόμενον·
1863 2683 1902 2752 ἢ

323 2789 431 2844 τοῦ
479 2784 632 2841 εἶναι
682 2785 715 2838 ὅ
764 2784 893 2837 ἐστι
935 2781 1377 2851 μεθιστάμενον
1411 2798 1425 2811 ο
1462 2781 1599 2833 οὔτε
1645 2779 1714 2832 ἐκ
1764 2777 1944 2847 μαῖς’

325 2881 540 2946 οὐσίας
571 2881 656 2944 εὶς
682 2875 1051 2940 ὑποστάσεις
1073 2873 1226 2940 τρεῖς
1255 2870 1766 2941 σχηματιζὸμενον
1783 2889 1805 2936 ;
1836 2873 1906 2924 Ἀ

333 2976 466 3047 μήτε
483 2971 698 3040 λέγεται
726 2967 875 3039 παρὰ
894 2965 1002 3020 τῶν
1024 2965 1384 3035 Χριστιανῶν,
1406 2965 1539 3034 μήτε
1568 2964 1902 3017 πιστεύεται·

333 3066 470 3136 μήτε
493 3065 558 3115 ἐκ
583 3060 675 3114 τοῦ
697 3057 987 3114 ἀκολούθου
1021 3056 1109 3109 διὰ
1145 3055 1253 3108 τῶν
1284 3056 1412 3124 παρ’
1437 3057 1571 3125 ἡμῖν
1620 3055 1906 3125 όμολογου-
1934 3088 1976 3144 C

335 3155 509 3224 μένων
535 3155 756 3206 νοεῖται.
794 3150 890 3212 Τίς
915 3149 1025 3217 γὰρ
1059 3145 1179 3201 εἶπε
1207 3147 1363 3199 τοῦτό
1397 3164 1547 3200 ποτε.
1589 3144 1620 3215 ἦ
1661 3146 1909 3213 λέγοντος

331 3254 559 3319 ἤκουσεν
594 3247 650 3296 ὲν
679 3246 742 3314 τῇ
769 3241 862 3295 τοῦ
887 3239 1023 3292 Θεοῦ
1073 3239 1386 3310 Ἐκκλησία,
1423 3240 1502 3291 ὅτι
1541 3240 1568 3291 ό
1603 3237 1788 3308 Πατὴρ
1814 3240 1912 3307 τὴν

329 3340 516 3394 οὐσίαν
549 3339 582 3407 ἢ
607 3334 897 3406 χωρίζεται
929 3333 962 3403 ἢ
1004 3332 1314 3402 μερίζεται,
1350 3331 1382 3401 ἣ
1414 3331 1598 3386 ἄλλοτε
1642 3330 1800 3392 ἄλλος
1831 3329 1912 3397 γίο

328 3449 498 3488 νεται,
531 3429 633 3495 ἔξω
667 3424 858 3481 ἑαυτοῦ
890 3426 1192 3494 γινόμενος,
1226 3424 1258 3494 ἢ
1292 3424 1373 3485 είς
1412 3423 1737 3484 ὑποστάσεις
1766 3425 1916 3492 τρεῖς

331 3519 759 3591 σχηματίζεταις
796 3513 1006 3584 Ἐαυιιεῷ
1060 3512 1233 3566 ταῦτα
1265 3505 1419 3564 λαλεῖ
1451 3513 1477 3564 ό
1523 3510 1815 3579 Εύνόμιος·
1845 3511 1905 3563 οὐ

332 3611 468 3682 πρὸς
500 3609 649 3679 ἡμᾶς
685 3606 1008 3676 μαχόμενος,
1044 3602 1156 3655 ἀλλ’
1198 3602 1330 3664 ἰδίας
1364 3600 1674 3669 φληνάφους
1712 3601 1903 3669 εἴρων·

332 3701 530 3771 πολλὴν
578 3697 882 3768 καταμίξας
929 3698 995 3765 τῇ
1041 3693 1264 3762 ἀσεϐείᾳ
1309 3691 1415 3744 τῶν
1463 3691 1774 3760 λεγομένων
1807 3690 1908 3762 τὴν

333 3793 536 3847 ἄνοιαν.
586 3791 772 3858 Ἡμεῖς
800 3788 906 3856 γὰρ
936 3785 1129 3852 ἐπίσης
1167 3783 1363 3845 ἀσεϐές
1396 3799 1454 3833 τε
1494 3783 1589 3834 καὶ
1627 3781 1785 3834 ἄθεον
1816 3783 1906 3836 λέ-

334 3901 521 3954 γομεν,
549 3882 640 3936 καὶ
663 3882 721 3933 τὸ
771 3879 987 3932 κτιστὸν
1025 3877 1204 3944 λέγειν
1234 3875 1324 3927 τὸν
1350 3875 1624 3945 Δεσπότην
1668 3875 1768 3944 τῆς
1795 3876 1909 3928 κτί-

336 3994 472 4038 σεως
497 3993 511 4005 -
540 3975 632 4026 καὶ
664 3974 720 4025 τὸ
752 3971 958 4024 οἴεσθαι
989 3970 1079 4021 τὸν
1116 3967 1335 4038 Πατέρα
1362 3966 1496 4019 καθό
1529 3969 1663 4031 ἐστι,
1695 3967 1917 4038 χωρίξε-

339 4068 462 4120 σθαι
501 4066 533 4135 ἢ
580 4062 948 4135 τέμνεσθαι,ἣ
999 4059 1192 4114 ἑαυτοῦ
1245 4056 1629 4126 ὲξίστασθαι,ἢ
1679 4060 1757 4120 εἰς
1785 4059 1914 4110 ὐπο-

339 4158 554 4218 στὰσεις
602 4159 746 4225 τρεῖς
785 4150 1250 4223 σχηματίζεσθαι·
1285 4149 1475 4218 ὥσπερ
1502 4151 1623 4201 τινὰ
1662 4149 1849 4218 πηλὸν,
1879 4148 1913 4220 ἢ

338 4247 525 4315 κηρὸν,
565 4246 621 4298 ἐν
663 4245 894 4313 μορφαῖς
929 4240 1208 4311 διαφόροις
1240 4238 1716 4308 διαπλασσόμενον.

1994 499 2121 550 tiam
2176 495 2341 548 habet
2400 494 2527 555 hoc,
2582 507 2688 546 non
2743 491 2980 546 essentia
3031 489 3331 543 secundum
3407 504 3572 556 quam

1991 591 2074 637 est
2118 598 2281 644 unus,
2319 590 2632 651 separatqu
2666 581 2718 633 in
2749 564 2952 649 plures,
2973 580 3057 632 vel
3097 579 3233 633 alias
3265 577 3413 633 aliud
3441 579 3571 646 quid

1994 671 2219 733 factum,
2279 674 2361 725 vel
2421 673 2488 726 ab
2530 687 2651 726 esse
2679 672 2824 741 quod
2854 679 2960 734 est,
2997 669 3434 738 demigrantem?
3466 668 3577 722 Nec.

1993 763 2110 833 ipse
2153 764 2388 828 dixerit;
2418 779 2594 832 neque
2640 775 2969 832 quemquam
3002 776 3191 814 eorum
3233 761 3325 829 qui
3355 760 3423 812 ab
3451 758 3572 825 ejus

1993 870 2159 908 causa
2227 863 2372 908 stant
2444 856 2498 908 in
2550 855 2635 907 his
2699 868 2819 923 qua:
2885 853 3032 907 dicta
3098 859 3226 906 sunt
3289 853 3578 906 sententiae

1995 923 2240 998 umbram
2277 947 2513 1015 aliquam
2543 945 2783 1018 arbitror
2820 959 2982 1012 posse
3011 943 3272 996 invenire.
3324 939 3446 994 Non
3488 956 3575 993 es-

1993 1039 2163 1091 sentia
2197 1037 2482 1091 secundant
2514 1053 2669 1107 quam
2704 1046 2782 1090 est
2821 1053 2976 1090 unus.
3021 1034 3340 1104 Separatum
3395 1033 3572 1102 ipsmn

1993 1129 2126 1183 dicit
2181 1129 2248 1183 ab
2294 1131 2533 1184 essentia
2581 1130 2662 1182 sui
2706 1128 2910 1198 ipsius,
2978 1143 3088 1181 non
3145 1125 3425 1194 separari,
3488 1125 3575 1178 vel

1993 1220 2286 1274 essentiam
2333 1221 2454 1287 ejus
2499 1221 2635 1274 dicit
2683 1220 2752 1274 ab
2799 1221 2918 1288 ipso
2959 1234 3067 1272 non
3122 1216 3310 1271 dividi.
3369 1215 3577 1285 Strepi-

1995 1320 2086 1366 tus
2109 1313 2326 1381 quidam
2356 1319 2516 1365 estet
2561 1310 2774 1364 sonitus
2819 1310 2998 1362 inanis
3039 1315 3242 1362 temere
3285 1305 3575 1368 conﬂatus,

1994 1404 2110 1459 haec
2152 1405 2284 1457 nihil
2344 1404 2664 1475 signiﬁcans
2715 1402 2911 1457 oratio.
2973 1399 3182 1469 Ecquid
3229 1407 3313 1454 est
3352 1413 3580 1453 necesse

1993 1496 2049 1549 in
2095 1496 2387 1550 v'erborum
2428 1506 2608 1548 mente
2652 1499 2705 1547 (ξι
2746 1509 2911 1546 sensu
2941 1492 3246 1545 carentium
3295 1492 3579 1543 exatnina-

1992 1587 2143 1642 tione
2176 1587 2383 1640 diutius
2428 1586 2723 1640 insistere?
2753 1584 3037 1650 Quomodo
3082 1585 3226 1638 enim
3260 1584 3384 1652 quis
3417 1599 3446 1636 a
3478 1599 3579 1637 sua

1995 1678 2172 1749 ipsius
2223 1678 2462 1732 essentia
2509 1677 2757 1732 divulsus
2797 1675 3008 1731 in'suo
3067 1693 3191 1731 esse
3241 1677 3464 1730 manet?
3494 1678 3577 1730 vel

2002 1771 2277 1840 quomodo
2325 1771 2562 1824 essentia
2600 1770 2834 1837 alicujus
2883 1770 2935 1822 in
2987 1779 3168 1839 partes
3197 1771 3372 1825 divisa
3417 1770 3471 1823 in
3521 1785 3581 1824 se

2001 1865 2117 1931 ipsa
2156 1864 2502 1917 ostenditur?
2535 1864 2618 1917 vel
2672 1863 2765 1932 qui
2825 1863 2939 1914 ﬁeri
3004 1872 3201 1931 potest,
3255 1872 3313 1916 ut
3363 1863 3456 1932 qui
3513 1863 3582 1915 ab

2000 1957 2160 2012 eoin
2216 1971 2328 2025 quo
2378 1963 2463 2009 est
2516 1955 2735 2020 exierit,
2780 1955 2918 2009 alius
2982 1958 3074 2008 ﬁat
3129 1964 3281 2008 extra
3339 1956 3580 2024 seipsum

2004 2045 2220 2099 factus?
2271 2043 2374 2098 Sed
2431 2060 2592 2114 neque
2639 2059 2702 2097 ex
2753 2036 2880 2101 una.
2937 2044 3040 2105 ait,
3088 2045 3316 2097 essentia
3369 2044 3421 2097 in
3480 2053 3587 2098 tres

2003 2137 2314 2206 [typostases
2346 2137 2655 2205 ﬁguratum.
2699 2133 2924 2188 Prorsus
2955 2140 3093 2189 enim
3127 2145 3174 2188 et
3205 2137 3411 2204 penitus
3448 2153 3583 2190 unus

2001 2238 2099 2291 est,
2123 2227 2410 2281 secundant
2431 2227 2614 2280 eadem
2634 2235 2684 2280 et
2709 2226 2888 2280 eodem
2910 2227 3064 2281 modo
3082 2244 3390 2296 permanens
3415 2229 3581 2282 solus.

2004 2318 2162 2386 Quod
2217 2321 2384 2388 igitur
2436 2329 2618 2373 mente
2661 2327 2814 2372 caret
2855 2328 2908 2372 et
2951 2334 3114 2372 sensu
3148 2319 3200 2372 in
3238 2320 3305 2374 iis
3346 2336 3467 2388 qua:
3500 2336 3588 2374 rc-

2004 2413 2168 2465 citata
2201 2421 2328 2465 sunt
2355 2409 2604 2464 Eunomii
2631 2411 2834 2475 verbis,
2876 2411 3052 2465 cuivis
3088 2412 3440 2482 perspicuum
3465 2428 3588 2466 esse

2009 2504 2175 2559 etiam
2217 2513 2343 2557 ante
2392 2510 2609 2558 nostras
2660 2503 2902 2556 rationes
2951 2503 3187 2557 arbitror
3245 2523 3257 2557 :
3314 2504 3400 2557 his
3453 2520 3592 2574 ergo

2005 2595 2367 2652 contradicat,
2421 2595 2514 2663 qui
2555 2601 2710 2664 putat
2752 2595 2817 2649 iis
2865 2594 3046 2648 verbis
3077 2595 3311 2664 aliquam
3348 2607 3583 2650 mentem

2006 2695 2060 2741 et
2090 2687 2501 2755 intelligentiam
2545 2686 2726 2740 inesse
2766 2707 2777 2740 :
2810 2685 2905 2755 qui
2941 2687 3085 2740 enim
3114 2688 3389 2740 sermonis
3425 2687 3587 2742 istius

2007 2778 2113 2830 vim
2146 2778 2603 2841 consideraverit,
2639 2778 2898 2832 absurdis
2924 2786 2978 2832 et
3006 2779 3214 2832 nullum
3265 2781 3588 2833 ftititlamcn-

2007 2877 2122 2922 tum
2179 2870 2505 2924 habentibus
2537 2870 2806 2939 implicari
2840 2878 2895 2925 et
2942 2871 3150 2926 haerere
3181 2872 3584 2942 dedignabitur.

2007 2960 2147 3026 Quid
2195 2961 2340 3016 enim
2382 2962 2599 3016 roboris
2661 2970 2716 3015 et
2776 2965 3037 3020 momenti
3100 2973 3290 3018 contra
3340 2973 3586 3020 nostrum

2009 3053 2202 3122 dogma
2248 3053 2432 3113 habet,
2470 3053 2572 3107 hoc
2633 3055 2941 3120 enuntiare,
2993 3074 3098 3110 non
3140 3058 3368 3110 essentia
3405 3073 3590 3110 secun-

2009 3143 2135 3194 dum
2198 3160 2357 3212 quam
2417 3153 2496 3196 est
2547 3159 2682 3197 unus
2752 3155 3103 3213 separatum,
3169 3145 3246 3199 vel
3299 3146 3353 3198 in
3411 3146 3588 3214 plures

2019 3236 2305 3303 partitione
2338 3236 2483 3303 facta
2514 3237 2776 3291 divulsum
2800 3277 2815 3300 ,
2853 3247 2944 3290 aut
2984 3239 3073 3308 qui
3104 3239 3243 3291 alias
3289 3239 3426 3291 alius
3465 3239 3589 3306 efﬁ-

2009 3327 2164 3388 citur,
2199 3326 2274 3378 vel
2316 3327 2406 3394 qui
2442 3329 2504 3380 ab
2549 3344 2606 3381 eo
2637 3327 2774 3397 quod
2816 3337 2926 3390 est,
2961 3345 3074 3382 esse
3123 3329 3346 3383 discedit
3383 3347 3401 3384 :
3430 3347 3595 3400 neque

2012 3433 2077 3471 ea:
2162 3434 2268 3470 una
2327 3420 2556 3472 essentia
2616 3420 2670 3472 in
2727 3429 2828 3473 tres
2883 3421 3250 3474 subsistentias
3322 3423 3584 3487 transforo

2013 3512 2234 3564 matur?
2271 3508 2399 3574 Quae
2440 3526 2617 3579 neque
2655 3527 2684 3565 a
2726 3512 3055 3568 Christianis
3091 3513 3370 3576 dicuntur,
3415 3529 3592 3582 neque

2015 3604 2367 3657 creduntur:
2438 3620 2616 3674 neque
2670 3621 2734 3660 ex
2798 3615 3171 3675 consequente
3223 3622 3316 3676 per
3353 3621 3416 3660 ea
3469 3622 3592 3675 quae

2016 3693 2159 3762 apud
2216 3709 2315 3748 nos
2364 3703 2515 3748 certa
2563 3705 2692 3750 sunt
2741 3704 2795 3751 et
2854 3711 3140 3756 concessa.
3191 3698 3587 3768 intelliguntur.

2017 3785 2150 3851 Quis
2197 3785 2345 3839 enim
2388 3786 2503 3840 inec
2556 3803 2796 3856 unquam
2838 3788 2997 3852 dixit,
3065 3789 3149 3842 vel
3194 3804 3256 3843 ex
3291 3789 3505 3844 dicente
3535 3789 3590 3842 in

2019 3877 2111 3932 Dei
2159 3877 2399 3933 Ecclesia
2459 3879 2706 3943 audivit,
2756 3882 2898 3950 quod
2949 3881 3108 3935 Pater
3167 3883 3464 3936 secundum
3502 3898 3593 3938 es-

2020 3969 2252 4022 sentiam
2308 3969 2393 4022 vel
2438 3979 2727 4039 separatur
2779 3973 2860 4025 vel
2913 3972 3280 4038 distribuitur,
3336 3974 3417 4026 vel
3458 3974 3596 4028 alias

2020 4061 2164 4112 alius
2211 4061 2484 4130 gignitur,
2534 4071 2690 4116 extra
2740 4063 2982 4132 seipsum
3036 4063 3232 4127 lactus,
3272 4075 3324 4118 et
3354 4067 3496 4134 quod
3538 4067 3592 4118 in

2022 4158 2137 4203 tres
2184 4150 2511 4220 hypostases
2536 4151 2836 4221 ﬁguratur?
2862 4151 2974 4207 Sibi
3003 4154 3104 4223 ipsi
3135 4156 3380 4224 loquitur
3410 4155 3595 4208 Euno-

2022 4241 2189 4305 mius,
2223 4257 2452 4297 nmmos
2483 4257 2824 4314 oppugnans,
2844 4246 2938 4299 sed
2979 4261 3108 4300 suas
3143 4263 3314 4317 nugas
3347 4257 3597 4312 nectens,

339 4344 628 4414 plurimam
678 4339 944 4408 impietati
996 4353 1109 4393 suae
1154 4337 1484 4391 dementiam
1522 4352 1585 4389 ex
1626 4337 1712 4391 his
1750 4336 1912 4391 dictis
1951 4337 2264 4393 admiscuit.
2309 4336 2421 4394 Nos
2460 4341 2606 4394 enim
2641 4357 2706 4395 ex
2740 4356 2895 4410 aequo
2924 4351 2978 4396 et
3009 4343 3255 4412 impium,
3324 4354 3379 4399 ct
3450 4347 3598 4414 quod

340 4439 506 4495 Deum
549 4437 687 4493 tollit
717 4436 972 4496 dicimus,
1001 4442 1266 4488 creaturae
1317 4433 1611 4488 Dominum
1679 4432 1806 4502 quid
1869 4443 2113 4488 creatum
2162 4450 2288 4489 esse
2347 4436 2553 4506 profari

2607 4456 2620 4491 :
2674 4446 2729 4492 et
2791 4448 2986 4508 putare
3039 4438 3275 4505 Patrem,
3328 4457 3434 4510 qua
3491 4449 3598 4503 est,

341 4534 583 4604 separari
638 4532 721 4586 vel
756 4530 1018 4584 dissecari
1059 4529 1142 4583 vel
1181 4544 1247 4582 ex
1290 4530 1470 4597 seipse
1507 4529 1798 4598 emigrare,
1837 4529 1922 4582 vel
1961 4529 2014 4583 in
2063 4539 2173 4585 tres
2219 4531 2605 4588 subsistentias
2671 4533 2784 4587 sive
2823 4548 3083 4601 personas
3132 4533 3376 4596 formari,
3449 4536 3598 4588 velut

341 4627 515 4682 lutum
568 4623 862 4691 quoddam,
895 4623 978 4674 vel
1011 4637 1213 4685 ceram,
1248 4638 1370 4675 cum
1418 4621 1610 4676 formis
1657 4621 2034 4676 differentibus
2083 4623 2379 4694 eﬁingitur.

426 4718 584 4770 Ἀλλὰ
610 4719 735 4778 τοὺς
770 4717 967 4786 ἐφεξῆς
1001 4716 1190 4783 λόγους
1218 4719 1562 4788 σκεψώμεθα.
1586 4717 1784 4786 Πάντη
1808 4718 1907 4787 γὰρ

2092 4715 2196 4773 Sed
2241 4735 2362 4789 quae
2408 4726 2716 4788 sequuntur
2755 4719 2918 4773 verba
2965 4720 3398 4774 consideremus.
3440 4720 3599 4776 Omni

343 4809 444 4863 καὶ
496 4807 770 4872 καθάπαξ
819 4808 989 4860 ἐστὶν
1039 4803 1127 4873 εἷς
1165 4825 1177 4838 ·
1208 4811 1355 4862 κατὰ
1407 4810 1480 4862 τὰ
1512 4809 1663 4861 αὐτὰ
1706 4825 1770 4861 τε
1814 4808 1912 4860 καὶ

344 4903 627 4966 ὡσαύτως
657 4901 948 4970 διαμένων
965 4903 1172 4970 μόνος.
1194 4903 1255 4954 Εἰ
1290 4903 1417 4972 περὶ
1455 4900 1548 4954 τοῦ
1595 4902 1806 4970 Πατρδς
1827 4901 1915 4954 λέ⁶⁴

342 5009 449 5059 γει,
495 4991 651 5043 τοῦτο
704 4991 798 5044 καὶ
850 4993 1008 5060 ἡμεῖς
1066 4991 1440 5061 συντιθέμεθα.
1490 4987 1584 5053 Εἷς
1623 4991 1731 5063 γάρ
1769 4993 1916 5043 ἐστιν

342 5084 416 5144 ὡς
450 5081 664 5152 ἀληθῶς
693 5085 720 5134 ὁ
744 5082 952 5152 Πατὴρ,
978 5082 1136 5152 μόνος
1163 5084 1255 5134 καὶ
1289 5085 1461 5150 πάντη
1498 5081 1748 5149 καθάπαξ
1777 5083 1918 5136 κατὰ

344 5175 412 5226 τὰ
437 5173 576 5225 αὑτά
597 5190 653 5224 τε
707 5173 799 5225 καὶ
837 5172 1096 5237 ὡσαύτως
1137 5173 1293 5244 ἔχων.
1324 5174 1434 5227 Καὶ
1470 5174 1591 5226 οὐδέ
1624 5190 1752 5226 ποτε
1785 5175 1918 5244 ὅπερ

342 5265 508 5324 ἐστὶν,
537 5263 661 5316 οὔτε
695 5265 768 5334 μὴ
800 5265 896 5327 ὢν,
919 5263 1040 5318 οὔτε
1079 5265 1152 5335 μὴ
1178 5265 1450 5335 ἐσόμενος,
1484 5266 1547 5318 El
1575 5265 1752 5318 τοίνυν
1781 5263 1919 5336 πρὸς

342 5356 431 5406 τὸν
462 5356 680 5426 Πατέρα
716 5355 899 5425 βλέπει
931 5357 963 5425 ἡ
996 5355 1216 5426 τοιαύτη
1242 5357 1414 5427 φωνὴ,
1446 5356 1518 5426 μὴ
1559 5355 1811 5426 μαχέσθω
1842 5355 1920 5424 τῷ

343 5444 574 5512 δόγματι
626 5446 722 5515 τῆς
778 5444 1076 5508 εὐσεϐείας,
1140 5446 1442 5515 συμφωνῶν
1494 5449 1558 5517 τῇ
1623 5447 1918 5517 Ἐκκλησία

346 5537 486 5587 κατὰ
520 5537 673 5588 τοῦτο
714 5537 775 5588 τὸ
819 5537 1014 5607 μέρος*
1049 5539 1078 5589 ό
1124 5537 1230 5607 γὰρ
1269 5539 1544 5608 ὁμολογῶν
1570 5538 1662 5591 τὸν
1705 5539 1919 5608 Πατέρα

349 5629 580 5680 πάντοτε
610 5630 702 5681 καί⁸
730 5629 988 5692 ὡσαύτως
1020 5629 1178 5700 ἔχειν,
1213 5631 1308 5684 ἕνα
1337 5631 1428 5682 καὶ
1468 5629 1626 5700 μόνον
1648 5630 1794 5686 ὄντα.
1829 5631 1920 5684 τὸν

351 5718 448 5784 τῆς
484 5719 760 5781 εὐσεϐείας
799 5721 1053 5788 κρατύνει
1087 5720 1268 5790 λόγον·
1302 5721 1511 5790 βλέπων
1559 5723 1614 5772 ἐν
1641 5721 1716 5791 τῷ
1748 5723 1919 5792 Πατρὶ

2020 4824 2085 4862 ea:
2129 4821 2280 4878 parte
2325 4819 2373 4863 et
2415 4810 2651 4863 absolute
2698 4826 2834 4862 unus
2881 4819 2959 4863 est
3008 4827 3027 4864 :
3078 4812 3363 4863 secundum
3418 4817 3600 4866 eadem

2021 4908 2071 4952 et
2113 4899 2287 4951 eodem
2321 4899 2473 4951 modo
2529 4914 2841 4967 permanens
2876 4899 3042 4952 solus.
3076 4899 3133 4952 Si
3159 4900 3224 4953 de
3256 4899 3415 4954 Patre
3442 4901 3598 4962 dicit.

2027 4990 2130 5044 hoc
2170 4992 2331 5042 etiam
2367 5007 2467 5046 nos
2499 4991 2942 5059 Comprobamus.
2989 4990 3142 5046 Unus
3171 4993 3315 5045 enim
3361 5001 3445 5047 est
3475 5009 3607 5051 vere

2025 5081 2208 5144 Pater,
2252 5085 2401 5138 solus
2447 5086 2608 5138 etiam
2645 5085 2846 5153 ubique
2891 5093 2946 5137 et
2985 5100 3211 5152 prorsus
3246 5089 3602 5158 omninoque,

2026 5186 2076 5227 et
2125 5176 2426 5228 secundum
2470 5176 2658 5230 eadem
2704 5177 3005 5246 eodemque
3045 5181 3204 5231 modo
3254 5195 3312 5234 se
3371 5181 3599 5237 habens.

2022 5263 2209 5334 Neque
2255 5281 2490 5336 unquam
2533 5267 2677 5336 quod
2729 5276 2832 5330 est,
2887 5284 3061 5338 neque
3112 5285 3222 5321 non
3274 5285 3392 5329 ens.
3428 5288 3606 5338 [neque

2023 5371 2131 5409 non
2186 5355 2422 5409 futurus.
2481 5357 2536 5409 Si
2581 5373 2710 5426 ergo
2763 5359 2875 5412 haec
2927 5375 3028 5412 vox
3080 5357 3296 5413 Patrem
3360 5363 3602 5429 respicit,

2023 5447 2246 5516 pietatis
2292 5449 2516 5500 decreto
2559 5463 2664 5500 non
2703 5449 2947 5516 pertinax
3005 5449 3346 5509 adversetur.
3392 5450 3484 5503 sed
3547 5450 3601 5502 iu

2028 5539 2130 5592 hac
2176 5546 2328 5607 parte
2379 5537 2635 5593 Ecclesia:
2688 5540 3014 5594 consentiat.
3051 5540 3151 5605 Qui
3197 5542 3340 5593 enim
3390 5540 3600 5595 Patrem

2029 5645 2242 5699 semper
2270 5638 2324 5683 et
2344 5630 2534 5685 eodem
2573 5631 2732 5685 modo
2761 5647 2818 5685 se
2840 5631 3042 5686 habere
3069 5633 3380 5698 conﬁtetur,
3413 5649 3616 5687 unum-.

2029 5738 2132 5792 que
2162 5730 2215 5777 et
2254 5723 2428 5778 solum
2471 5739 2595 5780 esse
2640 5725 2948 5791 conﬁrmat,
2997 5726 3214 5796 pictatis
3262 5726 3460 5782 retinet
3502 5729 3614 5792 doc:
