4146 6370
571 222 679 282 483

1784 225 1843 279 S.
1879 220 2208 280 GREGORII
2232 222 2527 284 NYSSENI

3729 241 3827 297 484

571 341 831 399 ctrinam,
865 336 1085 392 intuens
1128 336 1182 390 in
1223 335 1381 390 Patre
1411 331 1607 390 Filium
1641 355 1654 390 :
1693 337 1813 392 sine
1849 354 1959 409 quo
1984 337 2123 393 Patet

2247 340 2337 395 τὸν
2358 342 2503 397 Υἱόν·
2531 338 2591 401 οὗ
2635 348 2804 419 χωρὶς
2828 348 3019 419 Πατὴρ
3044 350 3169 404 οὔτε
3214 352 3361 405 ἐστὶν
3382 393 3396 417 ,
3424 353 3547 407 οὔτε
3586 355 3819 423 λέγεται.

570 448 751 503 neque
798 443 880 485 est
928 445 1102 501 neque
1142 429 1363 483 dicitur.
1410 428 1563 493 Quod
1607 430 1650 483 si
1700 430 1932 497 aliquem
1981 431 2147 484 alium

574 526 745 579 Deum
788 528 983 594 praeter
1017 520 1233 575 Patrem
1276 521 1450 588 lingit,
1484 535 1607 573 cum
1641 519 1844 577 Judzeis
1881 521 2145 592 disputet,

570 619 659 674 vel
701 632 824 670 cum
882 616 970 670 his
992 614 1084 684 qui
1111 613 1443 684 liypsistiani
1474 615 1865 669 nominantur:
1913 631 2143 683 quorum

569 721 656 767 est
691 711 807 764 haec
834 724 957 764 cum
990 707 1315 761 Christianis
1348 707 1644 771 discordia,
1679 706 1821 775 quod
1855 706 1953 775 ipsi
1978 705 2143 760 Deum

570 802 789 871 quidem
825 801 1151 854 conﬁtentur
1179 814 1301 852 esse
1328 797 1616 866 quemdam
1677 796 1918 866 ὕψιστον.
1958 797 2007 851 id
2039 805 2142 861 est,

570 893 921 954 altissimum,
964 892 1046 945 vel
1100 892 1534 960 παντοκράτορα,
1583 889 1633 942 id
1665 899 1768 953 est,
1798 890 2144 958 omnipoten-

571 995 679 1039 tem
723 984 984 1039 :Patrem
1037 990 1217 1036 autem
1260 982 1437 1050 ipsum
1488 997 1607 1035 esse
1661 996 1767 1034 non
1824 981 2137 1034 admittunt.

565 1077 918 1131 Christianus
943 1090 1090 1138 vero,
1115 1075 1219 1129 nisi
1246 1072 1354 1128 Deo
1383 1071 1530 1126 Patri
1563 1073 1770 1135 credat,
1793 1072 2140 1128 Christianus

566 1184 673 1223 non
722 1176 828 1222 est.

635 1259 766 1325 Quae
812 1259 898 1313 his
946 1258 1201 1327 deinceps
1229 1257 1417 1325 adjicit
1442 1257 1557 1311 haec
1584 1267 1713 1310 sunt
1736 1255 1883 1308 :.\'un
1917 1255 2135 1321 habens,

563 1351 759 1419 inquit.
804 1352 1021 1404 deitatis
1068 1368 1179 1403 sua:
1208 1351 1513 1419 participem
1541 1350 1763 1409 socium,
1796 1348 1897 1401 non
1928 1349 2137 1415 partia-

563 1445 702 1496 rium
743 1444 945 1513 gloritr,
999 1452 1100 1495 nan
1159 1453 1451 1495 consortem
1498 1451 1797 1509 potestatis,
1840 1456 1941 1491 non
1992 1441 2138 1508 regni

562 1546 966 1591 βοηδεδεονεηιῖ
1011 1553 1145 1588 unus
1198 1537 1335 1587 enim
1389 1545 1464 1588 εει
1515 1545 1563 1587 et
1601 1534 1745 1587 δοιαε
1792 1530 1929 1585 08118
1972 1534 2139 1586 omni-

562 1637 767 1695 potens,
822 1627 957 1679 Deus
992 1625 1232 1688 deorum,
1276 1625 1383 1678 Rea:
1428 1626 1764 1695 regnantium
1790 1665 1805 1687 ,
1877 1624 2132 1678 Dominus

560 1720 967 1771 dominantium.
1011 1717 1204 1773 Nescio
1245 1720 1301 1773 in
1347 1734 1506 1788 quem
1548 1720 1769 1772 intuens
1808 1718 2128 1782 Eunomius,

559 1829 669 1869 non
695 1815 796 1884 ipsi
828 1815 1165 1868 divinitatem
1196 1819 1604 1869 communicare
1627 1813 1839 1867 Patrem
1864 1822 2133 1868 contesta-

557 1914 665 1959 tur.
713 1905 992 1976 Siquidem
1028 1906 1093 1959 ad
1133 1906 1425 1959 simulacra
1468 1920 1604 1959 vana
1640 1914 1693 1960 et
1738 1906 1805 1959 ad
1840 1906 2127 1960 confictam

557 1998 1086 2055 simulacricolarum
1107 1999 1416 2067 Opinionem
1452 1998 1580 2051 talia
1597 1997 1748 2061 dicit,
1776 1998 2126 2067 quemadmo-

556 2090 687 2144 dum
724 2090 927 2142 Paulus
956 2090 1186 2153 clamat,
1238 2086 1383 2156 quod
1436 2104 1535 2140 non
1564 2097 1640 2141 est
1694 2090 1989 2150 consensio,
2024 2091 2130 2142 sire

555 2180 827 2233 conrentio
870 2177 1081 2233 Christo
1121 2193 1237 2229 cum
1279 2174 1484 2239 Beliar,
1528 2193 1689 2247 neque
1726 2180 2128 2231 communictttio

556 2271 747 2339 templo
782 2272 872 2323 Dei
895 2286 1011 2323 cum
1044 2270 1250 2338 tempus
1286 2266 1550 2321 idolorum
1576 2270 1643 2331 θ’,
1669 2272 1831 2322 etiam
1861 2285 1961 2322 nos
1993 2285 2125 2323 cou-

554 2364 857 2418 ﬁrmamus.
896 2360 1048 2425 Quod
1093 2362 1135 2413 si
1171 2359 1508 2427 unigenitum
1565 2358 1733 2413 Deum
1776 2375 1870 2428 per
1917 2376 1979 2414 ea
2009 2376 2128 2430 quae

551 2454 835 2511 dicuntur,
861 2466 891 2505 a
918 2450 1094 2520 patria
1117 2448 1319 2505 deitate
1351 2460 1593 2519 separat,
1643 2449 1839 2508 discat.
1873 2452 2128 2505 dilemma

553 2546 851 2617 impietatis
895 2546 1017 2611 ejus
1065 2544 1118 2597 in
1169 2542 1412 2613 seipsum
1465 2543 1962 2597 recriminationem
1995 2558 2129 2597 con-

551 2648 811 2704 struere;
861 2636 941 2690 vel
988 2636 1133 2689 enim
1180 2636 1425 2689 absolute
1452 2634 1544 2689 Dei
1578 2635 1922 2705 Uuigenitum
1965 2645 2125 2705 negat

548 2746 675 2787 esse
722 2730 912 2791 Deum,
952 2736 1011 2781 ut
1053 2727 1199 2782 Patri
1238 2736 1524 2783 conservet
1569 2740 1633 2780 ac
1670 2726 1931 2791 vindicet,
1979 2726 2125 2795 quod

547 2831 636 2878 est
672 2836 797 2876 cum
841 2820 976 2874 Filio
1005 2819 1061 2873 in
1106 2819 1308 2874 deitate
1340 2819 1876 2879 incommuuicabile,
1927 2833 1992 2871 ac
2031 2834 2125 2888 per

548 2914 655 2969 hoc
683 2921 1059 2983 transgressor
1090 2927 1154 2966 ac
1192 2912 1580 2981 praevaricator
1604 2911 1975 2981 redarguitur,
2014 2910 2123 2965 Deo

2249 435 2312 489 El
2340 435 2395 489 δὲ
2426 436 2581 491 ἄλλον
2614 439 2734 493 τινά
2760 442 2908 512 παρά
2939 443 3029 496 τὸν
3060 445 3277 514 Πατέρα
3309 445 3438 497 Θεὸν
3470 447 3819 511 ἀναπλάσσει,

2262 528 2534 592 Ἰουδαίοις
2577 530 2989 604 διαλεγέσθω,ἢ
3035 539 3147 599 τοῖς
3194 537 3505 607 λεγομένοις
3543 540 3818 607 ’Υψιστια-

2246 622 2384 682 νοῖς·
2404 614 2476 672 ὧν
2499 620 2634 692 αὕτη
2658 625 2804 675 ἐστὶν
2827 626 2857 694 ἡ
2881 626 3012 696 πρὸς
3035 629 3157 691 τοὺς
3174 629 3527 699 Χριστιανοὺς
3557 632 3787 703 διαφορά
3804 650 3816 663 '

2244 712 2306 763 τὸ
2336 713 2466 766 Θεὸν
2502 716 2598 784 μὲν
2635 716 2829 779 αὐτοὺς
2861 719 3142 787 ὁμολογεῖν
3187 717 3325 774 εἷναί
3362 740 3504 784 τινα,
3533 724 3591 776 ὃν
3625 725 3816 795 ὀνομά-

2245 803 2426 867 ζουσιν
2454 806 2734 873 Ὕψιστον,
2770 808 2801 878 ἢ
2838 810 3256 882 Παντοκράτορα
3282 830 3295 844 ’
3320 800 3537 885 Πατέρα
3563 816 3618 868 δὲ
3656 817 3815 869 αὐτὸν

2244 892 2382 949 εἶναι
2431 898 2503 967 μὴ
2543 900 2960 970 παραδέχεσθαι.
3004 902 3060 955 ’0
3089 903 3143 954 δὲ
3181 905 3520 974 Χριστιανὸς,
3559 910 3605 960 εἰ
3648 908 3722 979 μὴ
3741 908 3814 979 τῷ

2243 988 2417 1057 Πατρὶ
2450 989 2710 1055 πιστεύοι,
2748 993 3067 1062 Χριστιανὸς
3102 995 3200 1047 οὐκ
3227 996 3391 1053 ἔστιν,

2316 1254 2378 1305 Ἀ
2417 1254 2472 1305 δὲ
2523 1254 2733 1318 τούτοις
2779 1256 2977 1325 ἐφεξῆς
3025 1257 3385 1329 προστίθησι,
3420 1258 3595 1312 ταῦτα
3642 1260 3807 1313 ἐστίν.

2233 1348 2315 1398 Οὐ
2338 1349 2626 1401 κοινωνόν
2646 1348 2820 1416 ἔχων,
2840 1351 2994 1419 φησὶ,
3024 1350 3133 1418 τῆς
3162 1352 3459 1417 θεότητος,
3474 1353 3545 1405 οὺ
3563 1354 3809 1420 μερίτην

2238 1438 2347 1505 τῆς
2374 1438 2577 1505 δόξης,
2608 1443 2679 1493 οὐ
2711 1442 3059 1508 σύγκληρον
3091 1441 3201 1509 τῆς
3236 1443 3539 1508 ἐξουσίας,
3572 1445 3642 1497 οὺ
3666 1446 3808 1497 σύν-

2237 1533 2452 1597 θρονον
2496 1531 2606 1599 τῆς
2647 1533 2990 1599 βασιλείας.
3024 1530 3129 1601 Εἷς
3169 1534 3277 1603 γάρ
3327 1536 3458 1589 ἐστι
3487 1536 3583 1589 καὶ
3623 1537 3807 1603 μόνος

2239 1622 2381 1689 Θεὸς
2395 1626 2427 1677 ὀ
2440 1624 2879 1693 παντοκράτωρ,
2905 1625 3047 1691 Θεὸς
3065 1626 3234 1691 θεῶν,
3248 1628 3549 1693 βασιλεὺς
3565 1628 3678 1680 τῶν
3693 1629 3805 1692 βαι

2164 1695 2203 1748 Β
2236 1719 2607 1771 σιλευόντων
2628 1759 2644 1781 ,
2678 1720 2897 1785 Κύριος
2924 1718 3043 1771 τῶν
3076 1721 3488 1787 κυριευόντων.
3542 1721 3655 1772 Οὐκ
3690 1717 3804 1771 οἴδα

2233 1809 2368 1879 πρὸς
2383 1810 2501 1862 τίνα
2539 1809 2751 1879 βλέπων
2782 1810 2810 1860 ὁ
2838 1810 3118 1879 Εὑνόμιος,
3138 1811 3202 1863 τὸ
3235 1811 3307 1881 μὴ
3336 1815 3607 1864 κοινωνεῖν
3630 1810 3803 1879 ἑαυτῷ

2231 1901 2327 1970 τῆς
2385 1900 2635 1969 θεότητος
2685 1902 2775 1954 τὸν
2812 1902 3036 1972 Πατέρα
3094 1902 3539 1973 διαμαρτύρεται.
3586 1905 3646 1955 Et
3703 1903 3801 1973 μὲν

2230 1995 2339 2063 γὰρ
2364 1994 2500 2065 πρὸς
2530 1994 2598 2047 τά
2630 1993 2821 2046 εἴδωλα
2848 1994 2915 2047 τά
2953 1995 3176 2064 μάταια,
3202 1996 3295 2048 καὶ
3329 1994 3425 2066 τὴν
3452 1995 3800 2065 πεπλανημέ-

2229 2102 2328 2155 νην
2355 2084 2464 2137 τῶν
2502 2084 3027 2155 εἰδωλολατρούντων
3064 2086 3328 2158 ὑπόληψιν
3368 2088 3435 2140 τὰ
3466 2088 3685 2141 τοιαῦτα
3712 2089 3799 2141 λέ-

2215 2188 2323 2240 γει,
2345 2171 2527 2235 καθὼς
2564 2175 2659 2227 καὶ
2693 2175 2721 2225 ὁ
2744 2174 2954 2238 Παῦλος
2982 2175 3081 2245 βοᾷ
3100 2193 3113 2205 ·
3140 2177 3222 2228 ὅτι
3256 2177 3369 2228 οὐκ
3398 2176 3529 2228 ἔστι
3552 2177 3794 2243 συμρώκ

2214 2279 2392 2330 νησις
2429 2263 2660 2333 Χριστῷ
2699 2265 2848 2334 πρὸς
2881 2266 3133 2334 Βελιάρ·
3175 2267 3318 2321 οὐδὲ
3359 2269 3638 2320 κοινωνία
3674 2266 3796 2331 ναῷ

2217 2356 2364 2409 Θεοῦ
2375 2357 2525 2425 μετὰ
2539 2356 2822 2421 εἰδώλων,
2838 2360 2932 2411 καὶ
2953 2362 3119 2430 ἡμεῖς
3143 2359 3524 2429 συντιθέμεθα.
3550 2360 3683 2413 Εἱδὲ
3706 2361 3795 2412 τὸν

2218 2447 2481 2518 μονογενῆ
2505 2448 2638 2501 Θεὸν
2666 2449 2755 2503 διὰ
2774 2450 2882 2502 τῶν
2908 2451 3217 2521 λεγομένων
3241 2452 3341 2523 τῆς
3366 2453 3640 2523 πατρικῆς
3660 2454 3793 2519 ἀφο-

2215 2540 2354 2609 ρίζει
2385 2539 2658 2609 θεότητος,
2691 2542 2907 2610 μαθέτω
2931 2545 3013 2596 ὅτι
3030 2543 3275 2615 δίλημμα
3300 2544 3400 2615 τὴν
3417 2546 3515 2615 τῆς
3535 2546 3788 2601 ἀσεϐείας

2228 2628 2393 2684 αὑτοῦ
2428 2629 2758 2700 κατηγορίαν
2804 2628 2888 2697 ἐφ’
2923 2627 3098 2699 ἑαυτῷ
3153 2629 3547 2693 κατασκευάζει
3690 2632 3796 2701 γὰρ

2194 2736 2195 2739 ‘
2227 2723 2467 2791 ἀρνεῖται
2499 2721 2725 2774 καθόλου
2762 2721 2894 2774 Θεὸν
2936 2716 3072 2773 εῖναι
3109 2720 3197 2773 τὸν
3218 2721 3493 2791 Μονογενῆ
3522 2721 3685 2775 Θεοῦ·
3712 2723 3797 2776 ἵνα

2226 2814 2432 2886 φυλάξῃ
2464 2814 2542 2883 τῷ
2586 2814 2760 2885 Πατρὶ
2800 2814 2861 2866 τὸ
2906 2815 2964 2865 ὲν
3010 2816 3073 2884 τῇ
3113 2811 3323 2883 θεότητι
3364 2814 3497 2884 πρὸς
3534 2814 3624 2866 τὸν
3670 2813 3796 2865 Υἱὸν

2225 2903 2584 2975 ἀκοινώνητον
2617 2920 2632 2934 ο
2669 2904 2761 2957 καὶ
2790 2903 2878 2956 διὰ
2912 2902 3102 2956 τούτου
3145 2904 3467 2975 παραϐάτης
3491 2905 3791 2974 ἐλέγχεται,

546 3005 987 3061 Christianorum
1021 3003 1319 3071 abuegato;
1358 3003 1441 3056 vel
1480 3003 1525 3056 si
1567 3003 1925 3064 concesserit,
1958 3004 2112 3055 illum

2223 2995 2316 3047 τὸν
2355 2995 2485 3047 Θεὸν
2525 2995 2635 3047 τῶν
2676 2993 3017 3064 Χριστιανῶν
3050 2994 3464 3065 ἀρνησάμενος·
3498 2994 3530 3064 ἢ
3574 2998 3621 3047 εί
3679 2995 3794 3064 δοίη

547 3110 672 3150 esse
705 3095 870 3149 Deum
916 3093 1218 3148 secundum
1253 3102 1506 3147 naturam
1547 3108 1669 3146 eum
1712 3092 1821 3146 Deo
1858 3108 1984 3147 vero
2015 3109 2121 3147 non

547 3186 988 3251 convenientem,
1013 3185 1235 3238 omnino
1260 3187 1635 3238 necessarium
1668 3193 1751 3237 est
1781 3184 1957 3252 ipsum
1992 3200 2123 3238 eon-

549 3279 713 3339 ﬁteri,
767 3294 824 3332 se
871 3293 1031 3331 orare
1075 3277 1206 3331 deos
1258 3285 1575 3329 naturarum
1631 3276 1932 3330 dill‘erentia
1986 3293 2014 3330 a
2064 3292 2123 3332 se

547 3371 757 3424 divisos
802 3384 866 3423 ac
917 3368 1239 3437 diremptos.
1270 3365 1475 3420 Horum
1526 3375 1709 3420 utrum
1740 3367 1994 3428 voluerit,
2025 3368 2123 3420 eli-

545 3466 658 3528 gat.
679 3457 763 3510 vel
797 3471 995 3525 negare
1019 3455 1142 3509 Filii
1166 3454 1446 3521 deitatem,
1476 3457 1556 3510 vel
1580 3455 1712 3510 deos
1737 3471 1837 3511 suo
1870 3457 2121 3526 dogmate

549 3549 806 3603 inducere
845 3568 857 3603 :
897 3558 1080 3601 utrum
1106 3548 1251 3601 enim
1281 3549 1475 3601 borum
1500 3549 1745 3617 elegerit,
1772 3548 1904 3601 nihil
1934 3547 2118 3614 refert,

544 3640 617 3697 ad
663 3640 991 3710 impietatem
1027 3654 1127 3709 par
1167 3640 1350 3694 scelus
1383 3647 1485 3694 est.
1537 3637 1647 3693 Nos
1693 3638 1836 3692 enim
1874 3639 2114 3708 inspira-

547 3734 620 3787 tis
665 3747 694 3785 a
724 3730 831 3785 Deo
873 3729 1172 3799 Scriptura:
1200 3732 1384 3786 verbis
1417 3730 1650 3785 instituti
1691 3740 1746 3786 et
1790 3733 1966 3787 edocti
2010 3748 2119 3787 non

546 3824 603 3877 in
639 3822 797 3876 Patre
828 3832 882 3877 et
910 3820 1046 3875 Filio
1079 3822 1297 3877 deitatis
1329 3823 1766 3877 communionem
1817 3825 2117 3888 cernimus,

547 3913 645 3969 sed
675 3913 962 3975 unitatem,
995 3913 1096 3965 hoc
1124 3913 1367 3982 propriis
1390 3913 1572 3967 verbis
1603 3912 1834 3967 Domino
1867 3913 2117 3978 docente,

554 4004 760 4073 quibus
812 4003 905 4065 ait,
953 4002 1118 4055 Pater
1148 4010 1198 4056 et
1226 4019 1320 4073 ego
1368 4019 1531 4056 unum
1571 4019 1753 4056 sumus
1799 4003 1867 4065 ⁸³,
1899 4011 1972 4069 et,
2017 4003 2122 4069 Qui

546 4095 675 4149 vidit
728 4111 827 4157 me,
850 4094 977 4146 vidit
1022 4093 1236 4147 Patrem
1278 4094 1346 4147 “.
1378 4093 1511 4147 Nam
1555 4095 1601 4148 si
1645 4108 1753 4148 non
1790 4105 1933 4150 esset
1968 4095 2121 4165 ejus-

543 4185 669 4239 dem
715 4192 948 4247 naturaa,
1001 4183 1274 4254 quomodo
1323 4185 1409 4239 vel
1457 4184 1681 4239 haberet
1730 4185 1783 4238 in
1822 4186 2119 4255 semetipso

544 4275 691 4346 quod
741 4275 1009 4339 alienum;
1050 4276 1133 4331 vel
1180 4274 1456 4345 quomodo
1498 4279 1553 4330 in
1584 4276 1766 4345 seipso
1799 4276 2115 4332 ostenderet

2224 3089 2473 3141 κάκεῖνον
2495 3084 2633 3140 εἷναι
2664 3087 2796 3139 Θεὸν
2825 3087 2963 3139 κατά
2994 3086 3091 3156 τὴν
3120 3086 3279 3154 φύσιν
3305 3086 3383 3156 τῷ
3408 3086 3644 3157 ἀληθινῷ
3676 3087 3795 3155 Θεῷ

2227 3178 2299 3250 μὴ
2353 3168 2748 3249 συμϐαίνοντα,
2778 3177 2992 3245 ἀνάγκη
3027 3178 3173 3228 πᾶσα
3225 3175 3385 3229 αὑτὸν
3422 3176 3586 3239 Θεοὺς
3624 3193 3795 3247 πρεσ-

2223 3270 2421 3334 ϐεύειν,
2456 3270 2755 3341 ὁμολογεῖν,
2786 3272 2851 3339 τῇ
2881 3269 3112 3339 διαφορᾷ
3159 3268 3265 3321 τῶν
3314 3268 3527 3334 φύσεων
3580 3270 3673 3321 ἀπ’
3708 3271 3789 3322 ἀλ.

2221 3364 2395 3435 λήλων
2421 3363 2845 3434 διεσχισμένους.
2881 3362 3112 3414 Ἑλέσθω
3148 3363 3352 3415 τούτων
3395 3362 3422 3415 ὃ
3464 3361 3727 3431 βούλεται,
3758 3362 3792 3431 ἢ

2222 3456 2500 3527 ἀρνεῖσθαι
2547 3455 2641 3508 τοῦ
2693 3454 2823 3508 Υίοῦ
2881 3455 3145 3523 θεότητα,
3175 3456 3208 3518 ἣ
3258 3455 3424 3517 Θεοὺς
3482 3455 3793 3522 ἐπεισάγειν

2220 3548 2298 3618 τῷ
2328 3548 2593 3617 δόγματι·
2615 3547 2751 3617 ὅπερ
2783 3546 2893 3615 γάρ
2925 3546 2988 3598 ἂν
3017 3546 3206 3614 ’ἐληται
3248 3545 3471 3609 τούτων,
3498 3541 3613 3598 ἶσόν
3646 3548 3793 3599 ἐστιν

2221 3640 2302 3702 εἰς
2322 3638 2593 3692 ἀσέϐειαν.
2631 3639 2821 3708 Ἡμεῖς
2854 3638 2962 3707 γάρ
2985 3637 3133 3708 παρὰ
3153 3636 3262 3689 τῶν
3291 3636 3659 3691 θεοπνεύστων
3691 3638 3794 3707 τῆς

2221 3731 2445 3801 Γραφῆς
2500 3729 2672 3797 λόγων
2740 3727 3292 3799 μυσταγωγούμενοι,
3344 3730 3464 3799 οὐχὶ
3510 3730 3793 3783 κοινωνίαν

2223 3820 2472 3889 θεότητος
2498 3820 2712 3891 ὁρῶμεν
2741 3820 2797 3870 ὲν
2833 3820 3008 3889 Πατρὶ
3057 3819 3151 3872 καὶ
3204 3819 3333 3888 Υίῴ.
3360 3819 3474 3872 ἀλλ’
3523 3820 3749 3889 ἑνότητα
3774 3837 3787 3848 ·

2220 3913 2377 3965 τοῦτο
2405 3911 2499 3965 τοῦ
2529 3911 2798 3965 Δεσπότου
2821 3910 2909 3963 διά
2931 3910 3039 3962 τῶν
3073 3910 3217 3963 ἰδίων
3247 3909 3420 3979 λόγων
3462 3910 3790 3976 διδάξαντος,

2220 4006 2279 4056 ὲν
2308 3996 2387 4065 οἷς
2414 4019 2556 4073 φησν
2574 4042 2589 4066 ,
2633 4001 2774 4071 Ἐγὼ
2810 4003 2908 4055 καὶ
2948 4006 2980 4056 ὁ
3004 4002 3206 4069 Πατὴρ
3229 4001 3298 4055 ἐν
3321 4003 3508 4071 ἐσμέν
3538 4020 3551 4034 ο
3580 4004 3672 4055 καὶ
3709 4004 3792 4058 ὅτι

2233 4095 2294 4148 Ὀ
2330 4094 2600 4161 ἑωρακὼς
2636 4093 2741 4163 ἐμὲ
2785 4093 3004 4161 ἑώρακε
3047 4094 3154 4147 τὸν
3182 4094 3430 4161 Πατέρα.
3472 4096 3533 4147 Εἰ
3564 4096 3669 4165 γάρ
3715 4096 3791 4166 μὴ

2220 4187 2317 4258 τῆς
2348 4187 2518 4257 αὐτῆς
2544 4182 2611 4257 ἦν
2634 4186 2867 4254 φύσεως,
2912 4184 3027 4249 πῶς
3063 4186 3129 4239 ἂν
3160 4186 3193 4257 ἦ
3230 4185 3384 4255 ἔσχεν
3415 4188 3471 4238 ἐν
3510 4186 3688 4256 ἑαυτῷ
3728 4187 3791 4239 τὸ

2220 4279 2517 4348 ἀλλότριον,
2550 4278 2583 4347 ἣ
2615 4277 2732 4340 πῶς
2760 4277 2825 4330 ἂν
2856 4276 3053 4343 ἔδειξεν
3074 4277 3158 4345 ἐφ’
3187 4275 3378 4329 ἑαυτοῦ
3412 4276 3472 4329 τὸ
3500 4278 3748 4347 ἀνόμοιον
3770 4319 3787 4341 ,

546 4365 692 4435 quod
736 4377 819 4419 est
859 4366 1165 4432 dissimile;
1212 4373 1433 4420 externa
1467 4374 1520 4420 et
1562 4368 1738 4422 aliena
1779 4375 1974 4422 natura
2004 4384 2112 4423 non

2230 4370 2303 4440 μὴ
2344 4368 2635 4438 δεχομένης
2667 4369 2763 4437 τῆς
2804 4368 2957 4437 ξένης
2995 4386 3053 4420 τε
3109 4368 3202 4421 κα)⁸
3252 4367 3532 4436 ἀλλοτρίας
3578 4368 3790 4435 φύσεως

544 4458 853 4526 excipiente
899 4457 1100 4511 diversi
1160 4456 1377 4527 generis
1415 4457 1785 4512 characterem
1833 4460 1946 4513 sive
2001 4457 2115 4512 for-

545 4548 730 4601 mam?
778 4547 918 4602 Dicit
968 4557 1148 4601 autem
1190 4547 1333 4617 quod
1373 4548 1557 4617 gloria:
1628 4550 1949 4617 partiarium
2000 4550 2114 4604 sive

542 4638 755 4693 socium
796 4653 901 4691 non
960 4636 1110 4689 habet
1150 4648 1166 4686 :
1203 4637 1306 4690 hoc
1353 4646 1532 4689 autem
1580 4646 1639 4689 ut
1676 4651 1736 4690 se
1762 4637 1925 4691 habet
1954 4638 2109 4703 dicit,

543 4726 762 4780 tametsi
811 4725 1017 4779 nesciat
1058 4725 1186 4792 quid
1222 4724 1367 4776 dicat
1402 4741 1416 4777 :
1448 4740 1555 4777 non
1586 4728 1730 4779 enim
1774 4724 1944 4781 Filius
1985 4743 2109 4781 cum

541 4816 703 4871 Patre
737 4816 966 4888 gloriam
1002 4818 1253 4885 partitur.
1296 4816 1391 4870 sed
1440 4824 1608 4869 totam
1637 4833 1760 4870 cum
1798 4818 1956 4872 Patre
1989 4820 2106 4888 glo-

539 4913 677 4965 riam
728 4911 916 4973 habet,
954 4910 1096 4962 sicut
1140 4909 1302 4962 etiam
1357 4908 1516 4961 Pater
1545 4924 1759 4962 omnem
1804 4925 1927 4962 cum
1964 4908 2101 4963 Filio

540 5004 704 5056 habet
751 5003 1001 5074 gloriam.
1060 5000 1151 5053 Sic
1195 5002 1337 5055 enim
1375 5002 1511 5055 dixit
1556 5001 1622 5055 ad
1673 5002 1909 5065 Patrem,
1959 5001 2105 5071 quod

539 5092 737 5147 Omnia
797 5109 912 5145 mea
949 5103 1041 5144 tua
1080 5102 1223 5154 sunt,
1254 5101 1303 5144 et
1340 5102 1429 5145 tua
1486 5108 1600 5145 mea
1646 5092 1712 5149 ⁸⁸.
1760 5091 1994 5162 Ideoque
2050 5097 2102 5147 in

537 5193 781 5254 tempore
804 5184 996 5253 judicii
1029 5185 1269 5252 seipSum
1321 5185 1696 5253 appariturum
1741 5201 1863 5240 esse
1895 5186 1949 5239 in
1985 5187 2105 5256 glo-

536 5277 618 5330 ria
658 5275 838 5330 Patris
885 5276 1121 5328 afﬁrmat
1149 5276 1213 5341 ⁸⁸,
1263 5290 1387 5328 cum
1419 5276 1733 5331 redditurus
1784 5285 1871 5331 est
1901 5279 2104 5347 cuique

533 5368 838 5423 secundum
889 5383 1054 5438 opera
1093 5383 1232 5435 sua;
1288 5369 1390 5422 hac
1441 5376 1617 5422 autem
1666 5385 1798 5423 voce
1846 5370 2102 5424 unionem

533 5468 747 5517 natura:
780 5460 1138 5515 demonstrat.
1170 5460 1636 5526 Quemadmodum
1674 5463 1817 5516 enim
1848 5462 1955 5516 alia
1986 5464 2104 5533 glo-

2216 4461 2305 4514 τὸν
2341 4460 2434 4514 τοῦ
2465 4459 2813 4532 ἐτερογενοῦς
2842 4459 3164 4531 χαρακτῆρα
3196 4476 3211 4523 ;
3243 4459 3402 4527 Λέγει
3434 4459 3491 4511 δὲ
3525 4460 3606 4511 ὅτι
3649 4459 3790 4511 οἱ»δὲ

2210 4554 2459 4622 μερίτην
2484 4551 2609 4620 ἔχει
2640 4551 2746 4618 τῆς
2775 4550 2979 4617 δόξης.
3023 4549 3192 4602 Τοῦτο
3219 4550 3275 4602 δὲ
3300 4550 3375 4612 ὼς
3405 4548 3515 4619 ἔχει
3541 4548 3706 4617 λέγει,
3738 4551 3787 4601 εξ

2215 4645 2308 4697 καὶ
2337 4643 2411 4714 μὴ
2442 4639 2579 4695 οἶδεν
2606 4642 2633 4695 ὃ
2661 4643 2839 4709 λέγει’
2881 4642 2942 4694 οὐ
2974 4641 3081 4711 γὰρ
3128 4642 3405 4711 μερίζεται
3430 4643 3458 4693 ὁ
3489 4640 3614 4703 Υἱὸς
3651 4640 3788 4710 πρὸς

2212 4736 2304 4788 τὸν
2338 4736 2553 4806 Πατέρα
2597 4733 2693 4804 τὴν
2744 4729 2928 4797 δόξαν,
2970 4732 3082 4785 ἀλλ’
3134 4732 3261 4802 ὅλην
3296 4733 3404 4801 ἔχει
3444 4731 3536 4783 τοῦ
3577 4730 3785 4800 Πατρὸς

2210 4827 2307 4898 τὴν
2334 4826 2508 4889 δόξαν,
2542 4826 2615 4888 ὡς
2646 4826 2784 4878 καὶὸ
2814 4824 3003 4893 Πατὴρ
3042 4825 3220 4876 πᾶσαν
3260 4823 3370 4892 ἔχει
3405 4823 3496 4875 τοῦ
3527 4822 3652 4873 Υἱοῦ
3686 4823 3786 4891 τὴν

2210 4919 2385 4983 δόξαν.
2430 4917 2614 4980 Οὕτως
2640 4918 2748 4987 γὰρ
2776 4912 2894 4967 εἷπε
2929 4916 3063 4985 πρὸς
3091 4914 3181 4966 τὸν
3218 4915 3553 4983 Πατέρα,ὄτι
3586 4912 3785 4965 Πάντα

2209 5008 2283 5061 τὰ
2310 5006 2422 5076 ἐμὰ
2464 5006 2546 5060 σά
2577 5007 2765 5068 ἐστιν,
2795 5005 2893 5057 καὶ
2936 5004 3007 5056 τὰ
3054 5001 3136 5055 σὰ
3177 5001 3307 5069 ἐμά.
3348 5002 3438 5052 Διὸ
3479 5002 3573 5053 καὶ
3619 5004 3674 5053 ἐν
3705 5000 3783 5065 τῷ

2210 5100 2387 5171 καιρῷ
2404 5100 2503 5168 τῆς
2524 5099 2755 5169 κρίσεως
2779 5094 3206 5166 ἐπιφανήσεσθαι
3235 5094 3423 5145 ἑαυτόν
3455 5109 3615 5163 φησιν
3632 5094 3687 5145 ἐν
3716 5096 3780 5162 τῇ

2208 5192 2335 5262 δόξῃ
2362 5190 2453 5242 τοῦ
2480 5189 2693 5257 Πατρός
2712 5205 2725 5218 ’
2754 5188 2841 5239 ὅτε
2873 5185 3053 5256 μέλλει
3087 5185 3388 5238 ἀποδιδόναι
3410 5186 3623 5253 ἑκάστῳ
3645 5185 3784 5236 κατὰ

2213 5282 2280 5333 τὰ
2314 5280 2447 5350 ἔργα
2478 5278 2662 5332 αὑτοῦ.
2690 5278 2936 5330 Δείκνυσι
2969 5277 3024 5329 δὲ
3055 5277 3142 5329 διὰ
3175 5278 3273 5344 τῆς
3299 5277 3481 5344 φωνῆς
3499 5274 3702 5341 ταύτης
3725 5271 3784 5325 τὸ

2210 5370 2487 5442 ἡνωμένον
2520 5371 2616 5439 τῆς
2638 5370 2871 5437 φύσεως.
2913 5368 3000 5429 Ὠς
3045 5366 3154 5436 γάρ
3180 5366 3314 5434 ἄλλη
3342 5366 3468 5431 δόξα
3508 5364 3783 5434 ἡλίου,καὶ

2211 5462 2343 5533 ἄλλη
2374 5460 2496 5525 δόξα
2518 5461 2742 5531 σελήνης
2758 5476 2771 5491 ⁸
2792 5459 2879 5513 διὰ
2906 5459 2967 5512 τὸ
2990 5459 3063 5530 μὴ
3088 5458 3399 5528 συμϐαίνειν
3428 5458 3560 5529 πρὸς
3580 5456 3781 5525 ἄλληλα

601 5641 649 5672 ⁸⁸
696 5638 738 5693 ll
784 5642 905 5692 (Lor.
957 5654 1028 5701 vi,
1084 5638 1167 5702 li,
1222 5638 1305 5693 15.
1385 5638 1428 5670 ⁸³
1475 5637 1631 5693 Joau.
1690 5656 1742 5707 ς,
1802 5640 1889 5695 30.
1964 5640 2011 5672 “
2058 5640 2122 5695 J0

2270 5657 2379 5702 xw,
2435 5640 2488 5695 9.
2564 5636 2796 5692 "Joau.
2831 5654 2959 5704 xvii,
3016 5638 3097 5693 πυ.
3176 5640 3217 5669 δε
3274 5639 3457 5691 Μ.ιῑιιι.
3518 5651 3640 5699 xxv,
3689 5636 3777 5690 51.
