4146 6370
367 328 471 382 485

1522 310 1802 367 CONTRA
1836 307 2229 374 EUNOMIUM,
2273 307 2401 361 LIB.
2441 307 2506 362 ll.

3528 310 3628 366 486

367 446 474 498 τῶν
504 440 779 513 στοιχείων
810 439 907 509 τὴν
931 438 1091 507 φύσιν
1124 454 1139 468 ·
1171 437 1246 501 ὡς
1282 436 1330 491 εἴ
1358 450 1419 502 γε
1452 433 1485 503 ἡ
1519 431 1656 502 αὑτὴ
1692 431 1818 496 δόξα
1855 429 1943 482 ἐπ’
1975 485 1978 495 Α

2079 428 2127 480 ia
2176 426 2291 481 sive
2344 425 2568 480 claritas
2621 424 2778 488 solis,
2816 425 2917 479 alia
2971 426 3113 480 lunae
3153 424 3223 490 ⁸⁷,
3262 426 3392 496 quia
3432 426 3625 483 borum

369 538 694 611 ἀμφοτέρων
717 531 806 606 ἦν,
823 535 923 587 οὐκ
962 534 1027 588 ἄν
1057 549 1141 594 τις
1165 528 1393 602 διαφορὰ
1415 527 1514 596 τῆς
1538 526 1750 597 φύσεως
1772 524 1949 577 αὐτῶν

371 628 652 699 ὲνομίσθη.
681 624 868 689 Οὕτως
894 626 922 678 6
974 622 1166 676 ἑαυτὸν
1216 621 1273 671 ὲν
1314 620 1382 689 τῇ
1420 616 1514 671 τοῦ
1563 614 1776 687 Πατρὸς
1824 612 1951 683 δόξῃ

373 716 710 788 φανήσεσθαι
745 712 1045 784 προειπὼν,
1076 711 1243 775 ἔδειξε
1271 709 1359 761 διὰ
1394 708 1492 776 τῆς
1514 705 1653 759 κατὰ
1677 705 1776 775 τὴν
1794 702 1952 769 δόξαν

373 809 729 878 ταυτότητος,
766 806 864 877 τὴν
898 804 1183 858 κοινωνίαν
1216 802 1314 870 τῆς
1353 800 1584 868 φύσεως.

449 1065 523 1118 Τὸ
572 1064 645 1135 μὴ
687 1062 973 1134 σύνθρονον
1010 1062 1106 1132 τῆς
1158 1060 1432 1130 βασιλείας
1465 1059 1644 1127 λέγειν
1689 1053 1827 1110 εἶναι
1876 1056 1955 1125 τῷ

372 1157 555 1227 πατρὶ
590 1156 681 1208 τὸν
718 1154 866 1218 Υἱὸν,
905 1153 1107 1223 πολλὴν
1149 1153 1418 1224 μαρτυρεῖ
1448 1150 1524 1221 τῷ
1568 1151 1817 1218 Εὑνομίῳ
1858 1148 1955 1218 τὴν

379 1246 488 1300 τῶν
511 1245 669 1299 θείων
696 1245 888 1312 λογίων
917 1243 1165 1314 μελέτην,
1193 1243 1252 1306 ὃς
1282 1243 1347 1295 ὲκ
1370 1245 1470 1313 τῆς
1513 1241 1649 1309 ἄγαν
1684 1239 1953 1310 προσοχῆς

380 1338 487 1391 τῶν
528 1335 895 1389 θεοπνεύστων
950 1333 1200 1405 Γραφῶν,
1240 1332 1393 1387 ούπω
1438 1335 1689 1403 ἤκουσεν,
1733 1333 1812 1383 ὅτι
1881 1328 1957 1383 Τὰ

374 1430 505 1484 ἀνω
526 1427 815 1498 φρονεῖτε,
842 1422 913 1481 οὗ
948 1428 980 1480 ό
1015 1428 1270 1494 Χριστός
1312 1426 1481 1479 ἐστιν
1523 1426 1590 1477 ἐν
1634 1418 1803 1488 δεξιᾷ
1850 1421 1955 1475 τοῦ

384 1518 615 1585 Πατρός
661 1516 1022 1585 καθήμενος,
1080 1519 1175 1569 κα)⁵
1222 1517 1302 1569 ὅτι
1351 1519 1409 1569 ἐν
1447 1514 1596 1586 δεξιᾷ
1633 1514 1727 1567 τοῦ
1767 1514 1954 1585 θρόνου

383 1606 479 1659 τοῦ
508 1607 642 1659 Θεοῦ
666 1607 977 1660 κεκάθικενο
1008 1607 1100 1658 καὶ
1138 1606 1270 1659 ἄλλα
1295 1606 1521 1659 τοιαῦτα
1542 1605 1735 1665 πολλὰ,
1762 1598 1835 1657 ὧν
1860 1604 1959 1657 οὐκ

389 1698 453 1751 ἂν
487 1698 682 1767 ῥᾳδίως
712 1710 795 1755 τις
816 1692 877 1745 τὸ
898 1693 1100 1765 πλῆθος
1129 1695 1563 1766 ἐξαριθμήσειεν·
1593 1696 1737 1767 ειπερ
1794 1695 1959 1764 μήπω

2052 518 2441 569 elementorum
2493 524 2686 567 natura
2732 512 2840 568 sibi
2890 512 3122 567 invicem
3155 527 3265 567 non
3299 514 3625 568 conveniat:

2052 606 2199 675 quod
2247 606 2292 659 si
2350 604 2636 658 amborum
2678 604 2867 658 eadem
2903 613 3050 659 esset
3080 605 3276 675 gloria,
3308 606 3456 660 nulla
3485 607 3631 675 ipsu-

2054 711 2173 748 rum
2210 704 2419 747 natura:
2453 701 2745 763 putaretur
2774 694 3110 753 differentia:
3144 696 3224 750 sic
3270 697 3361 766 qui
3390 698 3628 765 seipsum

2056 786 2108 840 in
2161 785 2338 838 Patris
2372 785 2544 855 gloria
2585 785 2837 855 praedixit
2905 788 3307 856 appariturum,
3360 805 3457 858 per
3491 790 3631 843 hanc

2053 879 2297 931 eamdem
2351 878 2580 946 gloriam
2649 887 2860 931 naturae
2902 882 3341 933 communionem
3391 881 3631 935 demon—

2056 968 2271 1021 stravit.

2127 1056 2320 1110 Dicere
2355 1065 2534 1109 autem
2565 1055 2760 1111 Filium
2814 1075 2922 1114 non
2958 1074 3082 1115 esse
3125 1062 3276 1131 regni
3314 1078 3435 1116 cum
3471 1062 3633 1118 Patre

2057 1164 2455 1213 consessorem,
2501 1149 2603 1203 hoc
2652 1150 2842 1219 probat
2892 1165 3057 1220 quam
3099 1152 3170 1207 sit
3218 1153 3521 1210 Eunomius
3580 1158 3630 1209 in

2058 1238 2264 1295 divinis
2305 1240 2542 1309 eloquiis
2594 1242 2949 1307 exercitatus,
3003 1243 3098 1312 qui
3151 1261 3216 1299 ex
3274 1247 3441 1299 nimia
3497 1249 3635 1301 divi-

2058 1332 2208 1386 nitus
2260 1331 2650 1402 inspiratarutu
2697 1332 3104 1402 Scripturarum
3147 1337 3446 1391 attentione
3489 1356 3630 1392 non-

2058 1422 2187 1475 dum
2237 1421 2485 1475 audivit:
2539 1422 2670 1487 Qua:
2708 1439 2919 1475 sursum
2967 1433 3089 1478 sunt
3120 1428 3306 1493 sapite,
3341 1429 3428 1481 ubi
3478 1428 3635 1484 Clu-i-

2058 1520 2172 1565 stus
2216 1520 2292 1563 est
2333 1509 2402 1563 ad
2442 1511 2713 1563 dexteram
2754 1510 2933 1565 Patris
2972 1512 3154 1567 sedens
3183 1516 3252 1579 ⁸⁸,
3288 1528 3340 1571 et
3387 1521 3528 1588 quod
3566 1522 3633 1574 ad

2060 1600 2336 1655 dexteram
2382 1602 2566 1655 throni
2605 1600 2695 1655 Dei
2742 1604 3026 1670 consedit,
3065 1608 3344 1677 multaque
3378 1611 3480 1664 alia
3516 1628 3636 1682 qua:

2062 1698 2191 1745 sunt
2225 1690 2517 1759 ejusmodi,
2569 1708 2800 1760 quorum
2858 1694 3266 1751 multitudinem
3313 1715 3420 1754 non
3477 1702 3638 1757 facile

391 1785 575 1851 μαθὼν
618 1786 646 1836 ὁ
694 1783 955 1854 Εύνόμιος
1003 1784 1333 1854 ἀπαγορεύει
1376 1786 1658 1856 σύνθρονον
1700 1784 1838 1838 εἶναι
1885 1784 1961 1855 τῷ

2079 1783 2187 1850 tuis
2239 1786 2618 1838 reccnsuerit:
2680 1799 2800 1853 quae
2856 1800 2980 1838 cum
3036 1789 3280 1842 nondum
3336 1791 3637 1850 Eunomius

386 1874 568 1944 Πατρὶ
597 1874 686 1927 τὸν
712 1874 861 1928 Υίόν.
894 1874 967 1926 Τὸ
999 1874 1055 1926 δὲ
1088 1876 1389 1945 σύγκληρω
1409 1877 1507 1946 τῆς
1537 1876 1802 1943 ἐξουσίας,
1831 1877 1965 1948 μᾶλ-

390 1965 481 2018 λον
515 1966 590 2030 ὡς
624 1966 849 2036 ἀνόητον
886 1966 1262 2037 παραδραμεῖν
1292 1968 1419 2039 χρὴ,
1462 1968 1495 2039 ἢ
1523 1969 1598 2032 ὡς
1629 1969 1821 2032 ἀσεϐὲς
1856 1970 1964 2023 διε-ο

389 2058 597 2127 λέγξαι.
625 2058 754 2111 Τίνα
779 2058 887 2131 γὰρ
904 2060 1140 2112 διάνοιαν
1164 2059 1419 2130 ἔχειήτοῦ
1437 2061 1787 2131 συγκλήρου
1798 2061 1962 2124 λέξις,

393 2153 461 2204 ἐκ
492 2152 590 2220 τῆς
632 2152 816 2222 κοινῆς
862 2151 956 2205 τοῦ
999 2151 1157 2219 λόγου
1209 2154 1628 2221 καταχρήσεως,
1676 2150 1775 2201 οὐκ
1821 2150 1966 2203 ἔστιν

394 2243 592 2311 εὑρεῖν.
636 2242 767 2295 Ἐπὶ
796 2242 904 2294 τὸν
931 2242 1247 2311 ἱματισμὸν
1274 2242 1385 2295 τοῦ
1417 2240 1630 2308 Κυρίου
1659 2239 1968 2302 ,βάλλουσι

397 2331 646 2400 κλῆρον,
682 2332 864 2396 καθὼς
909 2336 942 2402 ἡ
974 2334 1164 2405 Γραφὴ
1198 2334 1387 2401 λέγει,
1441 2335 1489 2385 οί
1531 2330 1606 2402 μὴ
1658 2330 1969 2400 βουλόμενοι

396 2425 668 2496 διασχίσαι
710 2427 799 2480 τὸν
845 2428 1157 2481 δεσποτικὸν
1208 2429 1442 2497 χιτῶνα,
1492 2426 1604 2478 ἀλλ’
1639 2426 1757 2487 ἑνὸς
1789 2424 1969 2478 αὐτῶν

400 2516 622 2585 ποιῆσαι
667 2518 883 2587 κτῆμα,
913 2511 957 2584 ᾧ
983 2517 1047 2571 ἂν
1092 2520 1119 2569 6
1150 2518 1348 2589 κλῆρος
1370 2517 1679 2588 χαρίσηται.
1705 2514 1767 2567 Οἱ
1796 2512 1971 2565 τοίνυν

399 2609 537 2679 πρὸς
580 2608 843 2677 ἀλλήλους
891 2609 1030 2677 ὑπὲρ
1082 2609 1175 2661 τοῦ
1232 2610 1453 2679 χιτῶνος
1497 2603 1970 2673 διακληρούμενοι,

400 2698 653 2751 δύνανται
690 2697 819 2759 ἴσως
860 2694 1481 2767 σύγκληροιλὲγεσθαι.⁶
1506 2694 1769 2748 Ἐνταῦθα
1792 2692 1849 2745 δὲ
1882 2692 1974 2745 ἐπὶ

401 2788 494 2839 τοῦ
524 2787 734 2857 Πατρὸς
775 2786 868 2839 καὶ
900 2785 992 2839 τοῦ
1031 2786 1160 2838 Υἰοῦ
1195 2787 1288 2839 καὶ
1324 2786 1416 2837 τοῦ
1448 2785 1600 2852 ἁγίου
1640 2780 1970 2849 Πνεύματος,

404 2881 462 2931 ὲν
489 2880 555 2948 τῇ
586 2878 744 2946 φύσει
782 2876 948 2946 οῦσης
976 2878 1072 2947 τῆς
1113 2874 1377 2940 ἐξουσίας.
1411 2873 1483 2926 Τό
1510 2890 1567 2924 τε
1599 2872 1705 2939 γὰρ
1736 2870 1976 2936 Πνεῦμα

404 2971 472 3023 τὸ
521 2971 691 3039 ἅγιον
737 2969 889 3023 ὅπου
946 2970 1101 3023 θέλει
1148 2968 1319 3020 :trsi'
1372 2966 1463 3017 καὶ
1497 2966 1674 3017 πάντα
1719 2966 1774 3015 ὲν
1815 2964 1977 3015 πᾶσιν

2063 1873 2343 1936 didicerit,
2395 1884 2556 1945 negat
2596 1874 2791 1929 Filium
2834 1878 3001 1931 simul
3050 1895 3173 1933 cum
3220 1879 3383 1938 Patre
3426 1890 3636 1943 sedere.

2064 1962 2177 2018 Iloc
2220 1973 2423 2030 autem,
2478 1969 2762 2035 potestatis
2815 1980 3146 2037 consortem,
3190 1976 3363 2044 magis
3410 1987 3467 2031 ut
3508 1980 3639 2047 quid

2064 2054 2349 2110 dementiae
2419 2072 2485 2111 ac
2539 2056 2741 2113 furoris
2796 2060 2976 2116 simile
3032 2078 3352 2132 percurrere
3402 2079 3640 2138 oportet,

2066 2162 2227 2215 quam
2269 2158 2327 2201 ut
2362 2148 2585 2217 impium
2628 2161 2682 2203 et
2713 2153 3037 2222 sacrilegum
3078 2158 3427 2229 redarguere.
3465 2161 3637 2228 Quam

2066 2240 2210 2291 enim
2259 2242 2581 2294 sententiam
2608 2241 2772 2297 habet
2802 2246 3131 2317 συγκλήρου,
3169 2254 3447 2318 consortis,
3470 2256 3639 2311 dictio

2067 2345 2134 2383 ex
2196 2333 2474 2385 communi
2537 2334 2804 2390 orationis
2859 2340 3303 2408 nuncupatione,
3355 2361 3461 2398 non
3514 2348 3640 2401 lit-vt

2070 2421 2335 2475 invenire.
2380 2418 2548 2478 Super
2577 2421 2939 2475 vestimentum
2986 2423 3199 2478 Ποιηὶηὶ
3244 2425 3500 2481 miserunt
3526 2445 3643 2483 sor.

2075 2518 2201 2568 tem,
2253 2507 2398 2561 sicut
2450 2505 2735 2574 Scriptura
2788 2509 3032 2575 loquitur
3066 2509 3131 2570 ⁸³,
3200 2512 3293 2581 qui
3350 2515 3644 2569 noluerunt

2074 2596 2311 2649 tunicam
2358 2594 2575 2649 Domini
2629 2596 2964 2663 discindere,
3024 2600 3120 2654 sed
3177 2603 3342 2657 unius
3396 2604 3639 2673 ipsorum

2073 2700 2187 2737 rem
2234 2687 2511 2755 propriam
2567 2685 2768 2751 facere,
2814 2689 2903 2743 cui
2963 2706 3085 2746 sors
3126 2695 3363 2760 gratuito
3413 2696 3646 2752 dederit.

2074 2778 2154 2831 Illi
2190 2779 2360 2848 igitur
2404 2779 2497 2849 qui
2535 2795 2631 2849 pro
2670 2780 2858 2834 tunica
2908 2783 3049 2837 inter
3103 2800 3161 2839 se
3211 2794 3412 2841 sortem
3469 2790 3649 2843 mitte-

2074 2870 2225 2935 bant,
2277 2872 2385 2924 dici
2439 2880 2670 2941 possunt
2725 2871 3043 2944 σύγκληροι,
3081 2888 3386 2933 consortes.
3424 2878 3521 2935 llic
3555 2900 3651 2934 an-

2076 2970 2183 3014 tcm
2240 2962 2464 3016 minime
2500 2962 2608 3016 dici
2657 2972 2832 3032 potest
2880 2964 2933 3017 in
2966 2964 3127 3021 Patre
3172 2978 3225 3022 et
3255 2968 3395 3023 Filio
3449 2979 3503 3026 et
3531 2972 3653 3043 Spi-

406 3062 619 3133 ὲνεργεῖ
651 3061 832 3124 καθὼς
872 3060 1115 3130 βούλεται
1137 3102 1150 3123 ,
1198 3060 1291 3110 καὶ
1319 3061 1346 3111 6
1376 3056 1500 3119 Υἱὸς
1526 3056 1590 3109 δι’
1622 3048 1683 3107 οὗ
1711 3056 1777 3107 τὰ
1802 3055 1977 3107 πάντα

2079 3055 2184 3105 ritu
2234 3061 2449 3115 sancto,
2502 3069 2627 3107 cum
2678 3057 2940 3123 aequalem
2981 3057 3036 3109 in
3090 3058 3256 3115 rebus
3301 3063 3501 3119 creatis
3552 3065 3651 3117 ba-
3699 3123 3701 3125 ,

409 3116 625 3220 ἐγένετο
669 3116 841 3222 ὁρατά
872 3116 951 3204 ,τε
995 3154 1089 3204 καὶ
1122 3116 1324 3219 ἀόρατα
1374 3151 1430 3202 ὲν
1462 3116 1573 3211 τοῖς
1603 3149 1851 3218 οὐρανοῖς
1888 3148 1978 3199 καὶ

2082 3143 2239 3195 beant
2290 3152 2633 3217 potestatem.
2679 3144 2812 3197 Nam
2863 3144 3091 3213 Spiritus
3145 3160 3360 3205 sanctus
3398 3155 3487 3206 ubi
3541 3157 3652 3209 vult

410 3243 501 3295 ἐπὶ
534 3243 629 3312 τῆς
662 3242 766 3311 γῆς
786 3279 800 3303 ,
832 3243 1011 3295 πάντα
1041 3245 1140 3294 ὅσα
1174 3241 1435 3311 ἠθέλησεν
1468 3240 1690 3309 ἐποίησε
1712 3256 1725 3269 ο
1760 3239 1853 3291 καὶ⁸
1891 3237 1982 3299 οῦς

410 3335 553 3388 θέλει
586 3332 869 3398 ζωοποιεῖ·
920 3333 1012 3385 καὶ
1068 3336 1099 3387 ό
1146 3331 1345 3399 Πατὴρ
1381 3331 1450 3383 ἐν
1476 3329 1553 3398 τῇ
1588 3331 1708 3396 ὶδίᾳ
1731 3328 1984 3394 ἐξουσίᾳ

408 3427 553 3492 τοὺς
572 3428 829 3495 χρόνους
858 3423 1024 3476 ἕθετο
1042 3462 1057 3487 ,
1088 3422 1194 3475 ἀπὸ
1223 3422 1328 3477 τῶν
1354 3423 1557 3494 χρόνων
1579 3421 1655 3478 δὲ.
1684 3423 1779 3474 καὶ
1809 3420 1985 3473 πάντα

409 3516 480 3568 τὰ
515 3520 571 3570 ὲν
612 3514 689 3583 τῷ
716 3514 891 3585 χρόνῳ
934 3511 1305 3581 γεγενημένα,
1339 3511 1565 3582 νοοῦμεν
1608 3506 1742 3563 εἶναι
1771 3511 1846 3580 τῷ
1876 3513 1985 3563 Πα-

410 3608 502 3679 τρὶ
538 3606 848 3672 ὑπεξούσια.
890 3603 953 3656 Εἰ
991 3601 1083 3657 οὖν
1124 3605 1182 3657 ὲν
1204 3602 1421 3673 ἐξουσίᾳ
1457 3602 1551 3656 τοῦ
1594 3602 1829 3655 ποιεῖν’ἃ.
1863 3601 1985 3671 βού-

413 3700 592 3751 λονται
620 3701 648 3751 6
692 3695 877 3767 Πατὴρ
912 3697 1004 3750 κα)⁸
1042 3698 1070 3749 6
1098 3696 1243 3759 Υἱὸς.
1277 3694 1452 3748 καὶτὸ
1481 3693 1632 3761 ἅγιον
1665 3691 1886 3760 Πνεῦμα
1913 3687 1989 3752 ὡς

417 3787 643 3857 εἴπομεν
676 3787 1082 3840 ἀποδέδεικται·
1134 3786 1256 3839 τίνα
1301 3785 1425 3838 νοῦν
1460 3787 1493 3856 ἡ
1534 3783 1630 3836 τοῦ
1683 3781 1987 3850 συγκλήρου

416 3879 518 3947 τῆς
563 3879 811 3944 ἐξουσίας
857 3879 1000 3945 λέξις
1032 3878 1172 3948 ἔχει;
1210 3876 1458 3929 Κατιδεῖν
1491 3876 1591 3927 οὐκ
1618 3874 1790 3926 ἔστιν’
1826 3875 1854 3925 ὁ
1882 3872 1989 3942 γὰρ

419 3969 635 4021 πάντων
656 3968 1020 4038 κληρονόμος,
1048 3971 1076 4020 6
1101 3966 1206 4019 τῶν
1237 3964 1446 4018 αἰώνων
1484 3963 1830 4032 δημιουργὸς,
1863 3964 1890 4014 6
1922 3964 1988 4031 τῇ

416 4059 543 4129 δόξῃ
593 4058 685 4111 τοῦ
714 4058 925 4130 Πατρδς
965 4057 1392 4126 συνεκλάμπων,
1441 4055 1536 4108 καὶ
1574 4051 1991 4125 χαρακτηρίζων

420 4149 477 4199 ὲν
505 4146 681 4215 ἑαυτῷ
730 4147 824 4199 τοῦ
874 4146 1086 4215 Πατρὸς
1112 4145 1208 4216 τὴν
1252 4145 1578 4206 ὑπόστασιν,
1611 4142 1791 4195 πάντα
1838 4143 1936 4193 ὅσα
1964 4142 1992 4193 6

422 4238 611 4308 Πατὴρ
633 4237 790 4300 αὐτὸς
824 4238 955 4307 ἔχει,
985 4238 1076 4289 καὶ
1102 4239 1282 4306 πάσης
1314 4235 1559 4299 ἐξουσίας
1583 4233 1783 4303 Κύριός
1808 4234 1956 4284 ἐστιν
1976 4246 1989 4258 ⁸

419 4327 482 4378 οὐ
513 4326 909 4396 μεθισταμένης
948 4326 1055 4379 ἀπὸ
1095 4325 1188 4378 τοῦ
1238 4325 1446 4395 Ιιατρὸς
1481 4325 1560 4387 εἰς
1602 4324 1693 4375 τὸν
1733 4322 1858 4375 Υίὺν
1894 4321 1995 4392 τῆς

421 4414 610 4480 ἀξίας·
641 4415 777 4468 ἀλλά
813 4417 903 4468 καὶ
935 4416 1063 4486 παρ’
1097 4414 1245 4485 αύτῷ
1278 4413 1543 4484 μενούσης
1581 4413 1675 4467 καὶ
1711 4413 1769 4464 ἐν
1801 4411 1991 4482 ἐκείνῳ

423 4507 607 4576 οῦσης.
639 4508 705 4559 Ὅ
732 4524 790 4560 τε
818 4506 925 4576 γὰρ
955 4507 1013 4559 ὲν
1035 4505 1114 4575 τῷ
1130 4506 1301 4575 Πατρὶ
1332 4503 1404 4555 ὣν
1431 4503 1569 4574 μετά
1597 4503 1775 4572 πάσης
1794 4500 1991 4571 δηλαδὴ

423 4598 522 4668 τῆς
547 4598 738 4651 ἑαυτοῦ
769 4596 1047 4667 δυνάμεως
1084 4599 1228 4649 ἐστιν
1259 4599 1316 4649 ὲν
1354 4596 1431 4666 τῷ
1484 4594 1686 4666 Πατρί·
1729 4593 1823 4648 καὶ
1868 4594 1895 4645 6
1935 4594 1993 4647 ἐν

425 4691 604 4761 ἑαυτῷ
632 4692 722 4745 τὸν
754 4692 972 4762 Πατέρα
1001 4690 1159 4760 έχων,
1194 4691 1372 4743 πᾶσαν
1396 4689 1637 4759 περιέχει
1662 4689 1761 4757 τὴν
1798 4703 1993 4755 πατρι-

427 4783 529 4853 κὴν
562 4783 808 4847 ἐξουσίαν
842 4783 936 4834 καὶ
966 4780 1212 4849 δύναμιν.
1250 4781 1410 4833 Ὅλον
1445 4780 1551 4850 γὰρ
1582 4780 1692 4849 ἔχει
1727 4781 1784 4831 ἐν
1819 4777 1994 4846 ἑαυτῷ

427 4873 519 4926 τὸν
549 4873 795 4943 Πατέρα·
826 4874 919 4925 καλ⁸
951 4872 1071 4941 οὐχὶ
1103 4873 1263 4942 μέρος
1289 4871 1472 4923 αὑτοῦ.
1518 4873 1573 4923 'U
1602 4870 1658 4922 δὲ
1695 4869 1813 4922 ὅλον
1858 4868 1995 4939 έχων

427 4967 521 5018 καὶ
567 4966 664 5035 τὴν
708 4964 955 5029 ἐξουσίαν
994 4963 1157 5017 αὑτοῦ
1203 4963 1418 5025 πάντως
1467 4963 1597 5032 ἔχει.
1649 4963 1713 5015 Τί
1746 4957 1837 5015 οὖν
1863 4963 1999 5015 νοῶν

430 5055 691 5125 Εὐνόμιος
732 5056 1109 5123 ἀποφαίνεται,
1134 5055 1205 5125 μὴ
1235 5053 1378 5123 ἔχειν
1405 5054 1494 5107 τὸν
1523 5054 1739 5125 Πατέρα
1760 5053 1999 5124 σύγκλη-

431 5165 522 5218 ρον
549 5147 648 5216 τῆς
683 5147 961 5212 ὲξουσίας;
1004 5148 1219 5199 Εἴποιεν
1248 5146 1313 5199 ἂν
1339 5148 1467 5208 ἴσως
1497 5148 1544 5199 οί
1572 5146 1668 5215 τῆς
1714 5147 2002 5217 ματαιότη-

431 5254 518 5298 τος
549 5236 713 5290 αύτοῦ
761 5238 1033 5309 μαθηταί·
1067 5239 1095 5289 6
1121 5238 1229 5309 γὰρ
1269 5228 1423 5300 εἰδὼς
1460 5239 1670 5290 ἐπαΐειν
1700 5238 1898 5305 λόγων,
1933 5238 2003 5291 τὰ

431 5327 552 5396 δίχα
581 5328 816 5391 διανοίας
840 5329 1127 5400 λεγόμενα,
1173 5329 1423 5398 ὁμολογεῖ
1449 5332 1685 5381 συνεῖναι
1736 5330 1811 5399 μὴ
1843 5329 2000 5381 δύνα-

436 5419 578 5473 σθαι.
607 5420 720 5472 Οὐκ
742 5420 871 5491 ἔχει,
910 5422 1061 5492 φησὶ,
1098 5420 1402 5492 σύγκληρον
1428 5420 1524 5490 τῆς
1551 5420 1799 5484 ἐξουσίας
1829 5423 1858 5474 6
1892 5421 2003 5474 Πα-

435 5512 558 5579 τήρ.
594 5509 687 5575 Τίς
718 5512 825 5584 γάρ
856 5514 1003 5565 ἐστιν
1046 5514 1075 5565 6
1101 5512 1271 5581 λέγων
1315 5514 1378 5565 ὲκ
1410 5511 1825 5582 διακληρώσεως
1865 5512 2003 5583 ὑπὲρ

515 5694 559 5724 ’τ
601 5692 617 5747 Ι
670 5693 795 5748 Cor.
860 5710 947 5759 xv,
1013 5694 1095 5748 tl.
1173 5694 1220 5726 ⁸⁸
1271 5693 1480 5749 Coloss.
1531 5692 1697 5761 ut,1.

2080 3234 2249 3301 spirat
2297 3234 2383 3298 9°,
2450 3242 2505 3288 et
2563 3237 2743 3288 omnia
2783 3237 2833 3289 in
2885 3239 3142 3294 omnibus
3193 3251 3453 3310 Operatur
3493 3256 3654 3315 prout

2082 3327 2226 3385 vult;
2275 3335 2330 3380 et
2378 3324 2549 3381 Filius
2586 3342 2681 3395 per
2715 3343 2874 3395 quem
2920 3331 3104 3384 omnia
3146 3329 3287 3385 facta
3326 3345 3473 3398 sunt,
3526 3339 3656 3391 visi-

2085 3412 2324 3481 biliaque
2365 3420 2418 3466 et
2457 3414 2752 3467 invisibilia
2785 3417 2838 3468 in
2880 3418 3034 3472 omlis
3081 3426 3133 3472 et
3177 3420 3228 3472 in
3263 3428 3438 3486 terra,
3473 3429 3653 3479 omnia

2084 3521 2204 3575 qua:
2244 3507 2412 3559 voluit
2451 3506 2598 3570 fecit,
2652 3516 2707 3559 et.
2743 3524 2881 3574 quos
2928 3509 3036 3561 vult
3083 3510 3353 3575 vivificat;
3399 3521 3450 3564 et
3494 3511 3654 3566 Pater

2092 3600 2150 3653 in
2199 3614 2299 3652 sua
2348 3607 2606 3668 potestate
2657 3610 2894 3666 tempora
2927 3599 3103 3666 posuit
3135 3600 3203 3664 ⁸⁸,
3249 3614 3279 3652 a
3312 3603 3656 3670 temporibus

2088 3694 2270 3739 autem
2321 3700 2506 3739 omnia
2559 3702 2681 3755 qua:
2728 3689 2952 3743 suntin
3010 3698 3252 3759 tempore
3312 3692 3452 3746 facta
3512 3693 3657 3747 Patri

2089 3778 2336 3847 subjecta
2378 3794 2502 3833 esse
2549 3779 2920 3850 intelligimus.
2960 3780 3015 3835 Si
3069 3783 3233 3853 igitur
3265 3788 3524 3855 qualem
3566 3787 3663 3839 ha-

2089 3871 2218 3925 bere
2278 3878 2603 3940 potestatem
2673 3872 2908 3928 faciendi
2968 3891 3307 3946 qumcunquc
3368 3879 3555 3932 volunt
3609 3888 3663 3934 et

2091 3960 2303 4014 Patrem
2333 3969 2389 4016 et
2419 3960 2614 4014 Filium
2646 3972 2700 4016 et
2732 3962 2992 4033 Spiritum
3027 3976 3301 4031 sanctum,
3344 3968 3485 4021 sicut
3520 3968 3665 4022 dixi-

2091 4068 2235 4115 mus,
2281 4052 2719 4109 demonstratum
2767 4064 2851 4110 est
2886 4096 2900 4119 ,
2958 4073 3120 4127 quam
3181 4059 3344 4128 igitur
3388 4061 3660 4115 notionem

2094 4144 2254 4198 habet
2299 4145 2414 4200 lucc
2465 4145 2632 4200 dictio
2665 4150 2941 4203 consortis
2978 4152 3303 4219 potestatis?
3335 4151 3665 4223 Conspiccre

2094 4252 2203 4291 non
2251 4237 2377 4291 licet
2414 4255 2429 4293 :
2475 4238 2566 4308 qui
2601 4239 2746 4293 enim
2794 4250 2878 4295 est
2918 4244 3298 4297 universorum
3337 4245 3529 4309 hazres,
3571 4246 3665 4316 qui

2095 4329 2422 4384 saeculorum
2463 4331 2735 4394 conditor,
2763 4332 2854 4401 qui
2888 4348 3012 4387 cum
3048 4335 3219 4404 gloria
3251 4335 3427 4391 Patris
3466 4339 3665 4400 elucet,

2095 4422 2190 4489 qui
2238 4420 2293 4473 in
2362 4419 2547 4490 seipso
2598 4421 2777 4476 Patris
2826 4424 3149 4495 hypostasiu
3207 4426 3422 4497 ﬁgurat,
3477 4440 3527 4482 et
3574 4431 3679 4498 qui

2097 4512 2259 4566 habet
2289 4511 2473 4565 omnia
2509 4527 2849 4582 quacunque
2876 4513 3037 4569 Pater
3065 4516 3248 4579 habet,
3287 4520 3465 4574 omnis
3506 4525 3667 4573 etiam

2093 4604 2382 4672 potestatis
2429 4603 2693 4658 Dominus
2749 4611 2889 4658 est:
2944 4622 3054 4661 non
3114 4609 3263 4678 quod
3317 4626 3345 4663 a
3402 4610 3561 4664 Patre
3614 4612 3668 4665 in

2094 4694 2292 4749 Filium
2319 4697 2673 4765 transmigret
2695 4694 2956 4765 dignitas,
2988 4700 3084 4753 sed
3118 4700 3282 4753 etiam
3314 4701 3454 4770 apud
3493 4703 3670 4771 ipsum

2098 4794 2317 4840 maneat
2360 4795 2525 4855 atque
2572 4787 2624 4840 in
2658 4788 2752 4841 illo
2801 4789 2890 4841 sit.
2929 4788 3030 4853 Qui
3084 4794 3228 4845 enim
3283 4792 3336 4844 in
3369 4790 3530 4847 Patre
3560 4805 3669 4858 est,

2096 4892 2221 4932 cum
2267 4878 2415 4931 omni
2465 4880 2723 4935 nimirum
2774 4898 2872 4936 sua
2925 4882 3165 4951 potentia
3215 4893 3299 4938 est
3357 4885 3411 4937 in
3476 4883 3669 4938 Patre:

2099 4979 2153 5023 et
2205 4970 2298 5039 qui
2342 4970 2398 5023 in
2450 4972 2631 5040 seipse
2676 4974 2889 5029 Patrem
2940 4976 3124 5038 habet,
3186 4991 3398 5029 omnem
3442 4978 3672 5046 patriam

2102 5070 2420 5141 potestatem
2460 5070 2515 5117 et
2553 5065 2657 5117 vim
2707 5067 3113 5136 complectitur.
3164 5067 3362 5123 Tottun
3418 5072 3561 5123 enim
3620 5071 3673 5124 in

2103 5154 2286 5222 seipso
2338 5155 2504 5209 habet
2544 5155 2761 5210 Patrem
2804 5177 2817 5212 :
2858 5175 3034 5228 neque
3074 5174 3204 5228 pars
3245 5162 3366 5228 ejus
3412 5170 3515 5215 est.
3573 5164 3675 5227 Qui

2105 5252 2286 5297 autem
2354 5253 2530 5299 totum
2585 5248 2767 5311 habet,
2819 5251 2983 5304 etiam
3025 5260 3346 5320 potestatem
3403 5254 3523 5321 ejus
3570 5270 3681 5305 om.

2107 5338 2240 5390 nino
2287 5337 2470 5392 habet.
2506 5339 2645 5404 Quid
2678 5341 2842 5411 igitur
2870 5342 3171 5400 Eunomius
3209 5346 3516 5414 intelligens
3551 5360 3678 5415 pru-

2108 5428 2326 5481 nuntiat
2360 5427 2570 5481 Patrem
2611 5447 2718 5485 non
2775 5432 2978 5489 habere
3008 5437 3293 5504 potestatis
3336 5436 3683 5491 consortem?

2114 5513 2359 5570 Dixerint
2389 5516 2622 5573 fortasse
2650 5521 2909 5577 vanitatis
2938 5524 3058 5591 ejus
3084 5526 3476 5595 astipulatorcs
3513 5528 3682 5584 disci-

1774 5693 1819 5726 ”
1857 5691 2013 5747 Joan.
2054 5709 2180 5758 xu;
2225 5694 2367 5751 Psal.
2418 5699 2649 5767 94,19.
2728 5703 2775 5734 ⁸⁸
2847 5701 3006 5759 Joan.
3042 5721 3124 5772 HI,
3160 5706 3212 5760 8.
3290 5707 3331 5739 ⁹¹
3384 5710 3501 5762 Art.
3557 5725 3576 5765 ι
3626 5712 3682 5766 τ.
