4146 6370
478 336 589 390 ιε’]

1739 335 1798 391 S.
1827 333 2154 391 GREGORll
2178 333 2472 390 NYSSENI

3649 328 3756 386 188

479 450 630 518 puli;
686 461 811 502 nam
873 447 968 519 qui
1025 433 1552 504 sermoneslaudire
1603 451 1776 512 norit,
1830 465 1894 505 ea
1945 466 2066 521 quae

2197 452 2270 521 ’ἧς
2321 450 2571 515 ἐξουσίας
2611 426 2746 521 πρδς
2794 447 3058 519 ἀλλήλους
3101 449 3194 502 τὸν
3245 449 3466 521 Πατέρα
3522 451 3616 502 καὶ
3667 451 3758 503 τὸν

481 543 603 596 sine
655 548 839 595 mente
896 552 948 596 et
1009 541 1281 595 sententia
1334 541 1702 607 funditantur,
1746 559 1806 598 se
1848 558 1956 597 non
1987 544 2065 596 iu—

482 633 730 702 telligere
771 632 996 687 fatetur.
1039 630 1157 685 Non
1195 632 1376 696 habet,
1413 634 1612 704 inquit,
1641 635 1801 689 Pater
1829 644 2068 704 potesta-

483 726 556 778 tis
595 735 932 779 consortem.
986 724 1122 791 Quis
1165 726 1309 779 enim
1362 723 1579 780 Patrem
1633 735 1688 780 et
1739 723 1938 779 Filium
2000 727 2068 780 de

2175 541 2305 594 Υίὸν
2349 540 2746 612 διαμάχεσθαι;
2793 533 2888 602 Οἷς
2921 539 3216 609 μεσιτεύων
3256 543 3283 593 6
3320 541 3462 610 ἱερὸς
3497 541 3757 609 Εὑνόμιος

2179 635 2268 688 διὰ
2302 635 2520 704 φιλικῆς
2554 634 2899 703 συμϐάσεως,
2933 631 3059 685 ἄνευ
3082 633 3282 704 κλήρου
3311 632 3563 704 νέμειτῷ
3586 635 3760 705 Πατρὶ

2180 725 2325 796 μήνῳ
2361 723 2430 777 τὰ
2457 724 2721 795 πρεσϐεῖα
2743 724 2841 793 τῆς
2866 722 3132 787 ἐξουσίας.

482 823 756 883 potestate
798 814 940 869 inter
972 831 1032 869 se
1063 831 1128 870 ex
1175 816 1465 871 sortitione
1504 815 1652 871 dicat
1697 816 2069 871 contendere?
2107 817 2320 883 Quibus
2357 816 2626 870 mediator
2653 815 3024 869 interveniens
3052 829 3206 870 sacer
3265 813 3566 870 Eunomius
3627 815 3763 869 ami-

482 910 647 965 cabili
693 909 1106 973 convenientia,
1135 910 1258 963 sine
1290 919 1440 964 sorte
1474 912 1576 964 soli
1606 910 1749 964 Patri
1781 913 2071 980 potestatis
2110 912 2303 966 tribuit
2341 911 2464 980 jura
2518 911 2794 980 prtecipua
2847 920 2899 964 el
2939 910 3253 963 honoraria.

490 1054 500 1065 ,
559 1004 748 1059 Videte
781 1005 1067 1059 ridiculam
1099 1013 1152 1058 et
1188 1007 1473 1075 puerilem,
1504 1007 1664 1062 vilem
1709 1017 1763 1061 et
1797 1007 2066 1076 abiectam

486 1099 682 1151 horum
733 1098 1188 1151 documentorum
1226 1099 1652 1168 expositionem.
1690 1099 1772 1153 An
1832 1101 1920 1154 ille
1976 1099 2070 1170 qui

489 1192 745 1244 universa
777 1190 879 1244 fert
907 1191 1074 1244 verbo
1108 1206 1222 1244 suae
1273 1191 1528 1260 potentiae
1545 1193 1612 1255 θ’,
1644 1194 1736 1262 qui
1786 1191 1920 1245 dicit
1953 1207 2074 1261 qum

491 1280 605 1332 fieri
637 1280 770 1342 vult,
805 1289 856 1334 et
890 1281 980 1349 qui
1018 1281 1146 1334 facit
1183 1281 1237 1334 iu
1285 1282 1497 1352 imperii
1531 1283 1731 1338 virtute
1763 1299 1884 1353 qua:
1933 1284 2071 1349 vult,

489 1372 576 1425 cui
603 1375 884 1426 concurrit
911 1388 1034 1427 cum
1065 1374 1345 1428 voluntate
1390 1377 1653 1444 potentia,
1685 1377 1844 1444 cujus
1883 1384 2076 1446 poten-

489 1465 579 1516 tia:
603 1479 857 1518 mensura
889 1464 1010 1534 ejus
1040 1475 1122 1520 est
1151 1466 1403 1522 voluntas
1440 1482 1453 1518 :
1494 1466 1616 1536 Ipse
1653 1469 1821 1532 enim,
1873 1469 2074 1539 inquit,

491 1552 652 1614 dixit,
678 1562 726 1604 ει
754 1553 899 1621 facta
919 1564 1064 1618 sunt,
1090 1555 1200 1623 ipse
1232 1557 1508 1610 mandavit
1537 1566 1587 1611 et
1633 1569 1814 1612 creata
1839 1569 1962 1612 sunt
1993 1560 2073 1624 ’3;

491 1647 581 1714 qui
613 1647 793 1699 omnia
821 1663 917 1716 per
945 1664 1003 1702 se
1037 1648 1182 1712 fecit,
1222 1661 1275 1704 et
1308 1654 1359 1704 in
1396 1651 1576 1721 seipso
1603 1653 1920 1718 constituit;
1969 1668 2079 1724 quo

493 1738 612 1792 sine
641 1740 770 1792 nihil
801 1755 988 1793 eorum
1017 1757 1138 1810 qua:
1168 1751 1315 1807 sunt,
1351 1744 1550 1796 factum
1580 1755 1664 1800 est
1691 1746 1757 1808 “,
1793 1762 1970 1815 neque
2022 1747 2078 1800 in

2262 1009 2455 1080 Ὁρᾶτε
2483 1006 2546 1060 τὸ
2588 1004 2992 1068 καταγέλαστον
3033 1006 3125 1058 καὶ
3155 1002 3512 1074 παιδαριῶδες
3542 1003 3638 1072 τῆς
3665 1020 3766 1073 χα-

2183 1098 2448 1170 μαιζήλου
2475 1099 2680 1167 ταύτης
2699 1098 2806 1152 τῶν
2827 1097 3112 1166 δογμάτων
3145 1096 3432 1158 ἐκθέσεως.
3459 1092 3527 1147 Ἀ
3539 1113 3602 1165 ρα
3637 1099 3663 1148 6
3698 1096 3767 1148 τὰ

2182 1191 2474 1262 σύμπαντα
2507 1191 2687 1261 φέρων
2729 1190 2806 1260 τῷ
2857 1191 3062 1260 ῥήματι
3111 1190 3209 1257 τῆς
3240 1188 3521 1256 δυνάμεως
3567 1187 3764 1251 αὐτοῦ,

2180 1283 2353 1351 λέγων
2383 1282 2419 1336 ἃ.
2441 1282 2693 1351 γενέσθαι.
2723 1281 2864 1334 θέλει
2886 1321 2900 1341 ,
2931 1282 3025 1333 καὶ
3055 1280 3223 1332 ποιῶν
3262 1280 3320 1331 ἐν
3370 1281 3434 1349 τῇ
3467 1277 3560 1331 τοῦ
3597 1295 3766 1350 προσ-

2185 1378 2466 1446 τάγματος
2493 1375 2775 1446 δυνάμειᾶ
2802 1374 3050 1444 βούλεται
3073 1413 3086 1433 ,
3123 1364 3182 1425 οὗ
3219 1371 3515 1443 σύνδρομός
3555 1373 3671 1424 ἐστι
3701 1373 3765 1441 τῇ

2187 1468 2440 1540 βουλήσει
2465 1471 2498 1539 ή
2529 1468 2778 1537 δύναμις,
2808 1468 2902 1519 καὶ
2939 1469 3136 1537 μέτρον
3166 1469 3265 1536 τῆς
3291 1466 3572 1534 δυνάμεως
3605 1464 3767 1516 αὑτοῦ

2184 1563 2247 1616 τὸ
2296 1562 2510 1633 θέλημα
2554 1563 2762 1630 γίνεται
2791 1579 2804 1592 ’
2851 1559 3044 1624 Αὐτὸς
3092 1558 3233 1630 γὰρ,
3289 1561 3474 1630 φησὶν,
3508 1554 3639 1611 εἷπε
3672 1557 3768 1610 καὶ

2186 1655 2565 1724 ἐγενήθησαν
2584 1694 2598 1715 ,
2643 1653 2826 1718 αὐτὸς
2856 1652 3195 1705 ἐνετείλατο
3227 1651 3324 1704 καὶ
3355 1651 3726 1716 ἐκτίσθησαν
3748 1663 3764 1679 ·

2187 1751 2216 1803 ὁ
2259 1749 2436 1802 πάντα
2484 1748 2549 1801 δι’
2583 1747 2776 1801 ἑαυτοῦ
2813 1748 3074 1817 ποιήσας,
3124 1744 3217 1798 καὶ
3257 1746 3313 1797 ὲν
3346 1743 3524 1813 ἑαυτῷ
3568 1745 3766 1811 συστή-

495 1838 690 1882 natura
719 1841 918 1894 manet,
957 1832 1060 1886 istc
1088 1843 1370 1902 exspectat
1403 1851 1468 1890 ex
1504 1841 1736 1906 quadam
1796 1839 2081 1892 sortitione

2197 1860 2307 1904 τας.
2342 1836 2402 1896 οὗ
2432 1841 2602 1912 χωρὶς
2645 1840 2750 1893 τῶν
2781 1839 2950 1893 ὄντων
2982 1839 3137 1892 οὐδὲν
3170 1837 3295 1892 οὔτε
3347 1838 3596 1905 ἐγένετο,
3646 1835 3769 1890 οὔτε

495 1935 614 1973 eam
649 1932 970 1989 potestatem
1035 1924 1312 1981 obtinerc?
1363 1924 1636 1991 Judicate,
1676 1927 1974 1992 auditores,
2010 1944 2078 1984 an

496 2014 590 2083 qui
626 2015 738 2067 hzec
793 2017 990 2070 asserit
1025 2019 1095 2071 sit
1133 2019 1336 2073 mentis
1381 2035 1626 2089 compos.
1662 2021 1807 2074 Unus
1857 2031 1956 2088 est,
1993 2022 2081 2076 in-

498 2107 638 2176 quit,
671 2117 720 2161 et
751 2110 896 2163 solus
935 2111 1072 2164 Deus
1101 2113 1450 2182 omnipotens.
1507 2115 1563 2169 Si
1613 2117 1831 2186 quidem
1865 2117 2081 2172 Patrem

500 2200 894 2267 omnipotentis
938 2204 1302 2271 appellatione
1349 2208 1612 2274 ostendit,
1671 2219 1942 2274 nostrmu,
1975 2225 2083 2264 non

501 2287 739 2343 alienmu
797 2307 1102 2347 sermonem
1139 2298 1496 2364 pronuntiat:
1533 2299 1618 2354 sin
1677 2312 1858 2355 autem
1916 2302 2083 2354 alimn

501 2380 736 2450 aliquem
790 2395 987 2453 prieter
1038 2385 1254 2444 Patrem
1316 2390 1570 2460 intelligit
1629 2394 2083 2462 omnipotentem,

501 2477 665 2530 etiam
702 2478 1179 2535 circumcisionem
1213 2482 1259 2536 si
1290 2483 1339 2537 ei
1376 2484 1627 2539 videatur
1680 2487 1960 2555 praedicet,
1993 2490 2086 2559 qui

504 2568 857 2624 Judaicorum
905 2571 1250 2627 decretorum
1279 2588 1359 2630 est
1397 2592 1624 2645 prwses,
1648 2578 2086 2636 Christianorum

506 2660 776 2729 siquidem
807 2663 941 2717 ﬁdes
974 2665 1027 2717 in
1065 2665 1282 2720 Patrem
1313 2668 1576 2722 intuetur.
1608 2669 1802 2724 Omnia
1836 2674 1980 2727 enim
2007 2683 2092 2728 est

507 2752 688 2818 Pater,
755 2756 1105 2820 Altissimus,
1165 2761 1538 2828 omnipotens,
1582 2779 1675 2816 rex
1732 2769 2089 2835 regnantium,

507 2847 765 2902 Dominus
799 2849 1191 2904 dominantium
1217 2853 1285 2918 ",
1334 2862 1390 2908 et
1437 2871 1776 2926 quazcunque
1817 2859 2091 2912 excelsam

509 2939 711 2993 habent
767 2949 820 2994 ct
872 2943 1126 2996 eximiam
1189 2944 1676 3015 significationem,
1731 2946 1913 3003 Patris
1963 2955 2094 3003 sunt

511 3034 750 3101 propria,
770 3042 823 3086 et
850 3049 972 3102 qua:
1005 3044 1133 3089 sunt
1159 3033 1359 3099 Patris,
1383 3037 1546 3092 etiam
1582 3036 1703 3092 Filii
1732 3051 1861 3093 sunt
1889 3041 2090 3093 omnia.

510 3123 666 3188 Quod
698 3125 740 3178 si
774 3125 844 3176 ita
878 3135 982 3190 est,
1028 3126 1143 3180 haec
1194 3127 1356 3181 ctiam
1389 3129 1752 3184 admittitmts.
1816 3129 1871 3185 Si
1911 3138 2091 3185 autem

510 3216 671 3272 Patre
701 3220 906 3272 omisso
931 3221 1096 3273 alium
1122 3223 1549 3289 omnipOtentem
1580 3236 1846 3282 autumat.
1876 3226 2093 3279 decreta

508 3307 821 3363 Iudaeorum
855 3311 1085 3380 profert,
1134 3312 1216 3366 vel
1264 3311 1512 3367 Platonis
1560 3314 1866 3368 doctrinam
1906 3315 2093 3382 sequi-

512 3405 714 3473 tur(a).
742 3402 876 3455 Nam
901 3413 954 3457 et
977 3405 1126 3458 illum
1154 3406 1537 3474 philosophum
1565 3407 1717 3460 aiunt
1740 3408 1940 3464 dicere.
1971 3423 2097 3462 esse

511 3492 804 3561 quemdam
832 3507 1149 3559 supremum
1181 3502 1486 3546 creatorem
1540 3503 1594 3547 et
1637 3494 1895 3547 factorem
1954 3508 2096 3562 quo-

515 3584 764 3636 rumdam
799 3584 1031 3636 aliorum
1071 3585 1297 3638 deorum
1343 3585 1692 3638 inferiorum.
1729 3584 2093 3650 Quemadmov

514 3677 643 3729 dum
678 3676 844 3744 igitur
893 3675 944 3729 in
975 3671 1223 3730 Judaicis
1280 3684 1333 3729 et
1401 3675 1702 3730 Platonicis
1735 3677 1971 3731 decretis
2002 3677 2095 3746 qui

514 3765 732 3822 Patrem
768 3783 875 3822 non
908 3767 1147 3820 admittit
1173 3768 1526 3822 Christianus
1563 3784 1668 3820 non
1720 3779 1822 3832 est,
1882 3769 2097 3823 tametsi

515 3857 943 3926 omnipotentem
975 3857 1268 3927 quemdam
1304 3860 1449 3912 colat
1481 3859 1532 3910 in
1560 3872 1660 3911 suo
1691 3859 1942 3928 dogmate
1971 3875 1984 3910 :
2019 3859 2100 3913 sic

514 3951 680 4005 etiam
711 3949 1011 4004 Eunemius
1040 3959 1232 4004 contra
1260 3966 1458 4004 nomen
1491 3950 1775 4015 mentitur,
1801 3948 2098 4005 Judaizans

519 4055 630 4110 pne
657 4040 912 4108 superbia
942 4049 995 4092 et
1028 4040 1227 4094 mentis
1265 4038 1489 4101 ferocia,
1518 4040 1600 4094 vel
1635 4039 1952 4094 Graacorum
1999 4058 2099 4094 nu-

521 4133 664 4184 mina
701 4131 1018 4200 prie-ferens.
1051 4130 1486 4184 Christianorum
1514 4131 1936 4200 appellationem
1971 4132 2102 4185 sub-

520 4222 777 4276 inducns.
815 4221 956 4287 Quin
994 4222 1158 4274 etiam
1198 4225 1264 4276 de
1293 4221 1378 4274 his
1410 4237 1530 4289 qua:
1561 4231 1884 4290 sequuntur,
1910 4223 2101 4276 eadem

518 4317 624 4370 erit
663 4316 859 4368 oratio.
913 4313 990 4367 υἰι
1015 4315 1054 4367 it
1106 4315 1249 4368 enim
1295 4315 1442 4384 quod
1497 4313 1636 4368 Deus
1689 4314 1926 4370 deorum.
1995 4312 2105 4369 Nos

520 4407 734 4476 adjecto
789 4406 963 4460 Patris
1014 4407 1233 4460 nomine
1285 4422 1470 4460 vocem
1524 4406 1848 4461 familiarem
1883 4419 1936 4461 et
1973 4423 2105 4476 pro-

520 4497 696 4566 priatn
731 4494 980 4559 facimus,
1012 4497 1248 4550 scientes
1281 4495 1427 4565 quod
1475 4493 1638 4548 Pater
1674 4495 1819 4550 Deus
1847 4497 2103 4550 deorum.

2188 1937 2248 1987 ὲν
2284 1934 2360 2004 τῷ
2388 1928 2528 1986 εἶναι
2561 1932 2744 2003 μένει·
2779 1927 2932 1995 οὗτος
2973 1931 3232 2002 ἀναμένει
3261 1933 3326 1983 ἐκ
3355 1928 3771 2000 διακληρώσεὼς

2182 2045 2324 2088 τινος
2359 2028 2504 2093 σχεῖν
2543 2025 2639 2095 τὴν
2673 2021 2943 2087 ὲξουσίαν;
2989 2023 3248 2094 Κρίνατε,
3283 2023 3334 2074 οἱ
3367 2021 3689 2084 ἀκούοντες,
3719 2021 3767 2074 εί

2184 2123 2212 2173 6
2242 2120 2415 2174 ταῦτα
2443 2119 2617 2187 λέγων
2649 2118 2707 2169 ἐν
2732 2114 2809 2186 τῷ
2838 2115 3199 2185 καθεστηκότι
3225 2115 3324 2185 τὴν
3364 2114 3601 2167 διάνοιαν
3634 2114 3766 2183 ἔχει.

2181 2210 2285 2278 Εἷς
2315 2213 2422 2283 γάρ
2448 2212 2599 2272 ἐστι,
2631 2210 2786 2279 φησὶ,
2814 2207 2912 2261 καὶ
2931 2209 3119 2276 μόνος
3151 2207 3298 2271 Θεὸς
3321 2206 3769 2274 παντοκράτωρ.

2189 2303 2252 2356 Ei
2289 2303 2387 2372 μὲν
2432 2297 2526 2354 οὗν
2568 2301 2660 2352 τὸν
2693 2298 2914 2367 Πατέρα
2954 2297 3041 2350 διὰ
3068 2297 3168 2366 τῆς
3198 2297 3292 2349 τοῦ
3335 2296 3774 2367 παντοκράτορος

2188 2393 2560 2465 προσηγορίας
2588 2390 2955 2449 ἐνδείκνυται,
2980 2388 3250 2460 ἡμέτερον
3292 2387 3440 2455 λέγει
3483 2388 3574 2440 τὸν
3619 2387 3774 2452 λόγον

2187 2488 2283 2540 καὶ
2333 2487 2434 2538 οὐκ
2467 2483 2778 2554 ἀλλότριον·
2825 2483 2874 2534 εί
2899 2480 2954 2533 δὲ
2999 2481 3156 2534 ἄλλον
3194 2480 3315 2534 τινὰ
3346 2480 3496 2551 παρὰ
3535 2479 3624 2532 τὸν
3667 2483 3776 2534 Πα-

2189 2580 2324 2651 τέρα
2354 2581 2466 2632 νοεῖ
2493 2577 2930 2647 παντοκράτορα,
2965 2573 3061 2626 καὶ
3093 2572 3193 2643 τὴν
3225 2571 3527 2644 περιτομὴν
3552 2572 3600 2624 εἰ
3632 2572 3778 2624 δοκεῖ

2192 2670 2546 2740 κηρυσσέτω,
2583 2670 2612 2721 6
2656 2667 2768 2719 τῶν
2801 2663 3090 2734 δογμάτων
3115 2663 3222 2716 τῶν
3272 2661 3574 2716 Ἰουδαϊκῶν
3643 2676 3780 2730 προ-

2191 2760 2538 2834 στάτης.Τῶν
2549 2759 2658 2831 γὰρ
2675 2758 3018 2831 Χριστιανῶν
3039 2758 3072 2825 ἡ
3091 2755 3270 2818 πίστις
3301 2755 3538 2825 πρὺςτδν
3564 2751 3780 2821 Πατέρα.

2197 2855 2401 2924 βλέπει.
2450 2853 2636 2908 Πάντα
2668 2852 2728 2904 δέ
2766 2855 2916 2903 ἐστιν
2939 2851 2968 2901 ὁ
3007 2849 3232 2918 Πατήρ,
3267 2847 3592 2914 "Tit-tame,
3627 2859 3776 2896 παι·-

2194 2945 2494 3013 τοκράτωρ
2516 2990 2528 3006 ,
2559 2944 2861 3009 βασιλεὺς
2903 2941 3020 2995 τῶν
3052 2940 3532 3004 βασιλευόντων,
3569 2938 3782 3004 Κύριος

2195 3036 2314 3091 τῶν
2353 3037 2774 3103 κυριευόντων,
2807 3034 2902 3087 καὶ
2937 3034 3115 3086 πάντα
3151 3035 3250 3084 ὅσα
3280 3028 3382 3098 τῆς
3425 3027 3634 3097 ὑψηλῆς
3664 3026 3785 3095 ἐχε-

2198 3145 2285 3180 ται
2325 3125 2636 3196 σημασίας,
2680 3122 2774 3176 τοῦ
2825 3122 3038 3191 Πατρός
3092 3120 3239 3172 ἐστιν
3291 3117 3417 3171 ἴδια.
3453 3115 3533 3167 Τὰ
3583 3115 3641 3166 δὲ
3686 3111 3782 3165 τοῦ

2199 3219 2443 3288 Πατρδς,
2476 3215 2569 3268 τοῦ
2617 3213 2747 3267 Υἱοῦ
2793 3213 2909 3265 ἔστι
2952 3211 3150 3263 πάντα.
3185 3210 3347 3261 Ὥστε
3395 3206 3582 3260 τούτου
3631 3206 3784 3266 ὄντος

2200 3312 2429 3364 κάκεῖνα
2462 3306 2750 3378 δεχόμεθα.
2785 3306 2849 3358 Εἰ
2896 3304 2954 3356 δὲ
3000 3302 3160 3372 ἀφεὶς
3203 3301 3292 3354 τὸν
3342 3300 3591 3369 Πατέρα,
3627 3298 3785 3352 ἄλλον

2199 3401 2619 3470 παντοκράτορα
2643 3398 2814 3464 λέγει,
2841 3395 2908 3448 τὰ
2945 3395 3053 3448 τῶν
3099 3392 3370 3447 Ἰουδαίων
3401 3391 3584 3456 λέγει,
3619 3390 3652 3460 ἢ
3690 3387 3786 3442 καὶ

2197 3490 2310 3551 τοῖς
2336 3487 2622 3548 Πλάτωνος
2647 3484 2840 3537 ἕπεται
2868 3483 3066 3552 λόγοις.
3098 3482 3210 3535 Καὶ
3238 3481 3346 3552 γὰρ
3374 3480 3624 3532 κάκεῖνόν
3654 3495 3786 3545 φασι

2199 3577 2288 3630 τὸν
2331 3576 2617 3645 φιλόσοφον
2656 3575 2872 3643 λέγειν,
2909 3569 3048 3626 εἷναί
3090 3591 3214 3625 τινα
3254 3570 3605 3642 ὑπεράνωθεν
3661 3569 3776 3621 κτί-

2202 3686 2333 3738 στην
2364 3667 2459 3720 καὶ
2485 3666 2712 3737 ποιητὴν
2739 3665 3157 3735 ὑποϐεϐηκότων
3187 3663 3350 3717 τινῶν
3389 3661 3549 3716 θεῶν.
3577 3656 3787 3731 Ὠσπερ

2201 3757 2292 3814 οὖν
2334 3763 2391 3813 ὲν
2422 3763 2532 3822 τοῖς
2589 3758 2897 3818 Ἰουδαϊκοῖς
2941 3755 3035 3809 καὶ
3069 3755 3436 3816 Πλατωνικοῖς
3467 3753 3729 3822 δόγμασιν
3759 3752 3788 3803 ὁ

2200 3852 2291 3906 τὸν
2344 3851 2563 3922 Πατέρα
2637 3850 2712 3921 μὴ
2770 3848 3241 3921 παραδεχόμενος,
3287 3845 3612 3917 Χριστιανὸς
3689 3846 3790 3898 οὐκ

2202 3944 2383 4008 ἔστιν,
2429 3943 2532 3997 κᾶν
2584 3941 3002 4012 παντοκράτορά
3046 3958 3168 3994 τινα
3219 3939 3511 4010 πρεσϐεύει
3563 3939 3654 3991 ἐπὶ
3695 3937 3790 3990 τοῦ

2203 4035 2500 4102 δόγματος,
2539 4034 2714 4097 οὕτως
2763 4035 2914 4087 καὶὸ
2944 4033 3208 4102 Εὑνόμιος
3256 4031 3649 4100 καταψεύδεται
3696 4029 3790 4082 τοῦ

2203 4125 2486 4194 ὀνόματος,
2529 4124 2830 4188 Ἰουδαῖζων
2868 4121 2962 4174 ἐπὶ
2998 4121 3076 4190 τῷ
3111 4122 3454 4191 φρονήματι·
3503 4121 3536 4190 ἢ
3580 4119 3648 4172 τὰ
3675 4120 3784 4170 τῶν

2215 4218 2486 4288 Ἑλλήνων
2520 4216 2860 4288 πρεσϐεύων,
2885 4215 2984 4282 τὴν
3013 4213 3070 4266 δὲ
3102 4213 3210 4266 τῶν
3244 4211 3590 4283 Χριστιανῶν
3625 4227 3792 4280 προσ-

2205 4313 2436 4383 ηγορίαν
2480 4309 2863 4379 ὑποδυόμενος.
2923 4306 3082 4360 Ἀλλὰ
3121 4306 3223 4394 καὶ,
3256 4306 3383 4374 περὶ
3414 4305 3522 4357 τῶν
3551 4303 3690 4357 κατὰ
3733 4303 3792 4355 τὸ

2208 4401 2500 4456 ἀκόλουθον
2531 4399 2926 4469 ἐκτεθειμένων
2947 4441 2961 4463 ,
2987 4399 3014 4450 ὁ
3037 4397 3199 4460 αὐτὸς
3224 4396 3381 4448 ’ἔσται
3410 4395 3582 4462 λόγος.
3631 4395 3792 4461 Λέγει

2211 4495 2340 4565 γάρ,
2374 4495 2456 4546 ὅτι
2488 4492 2632 4558 Θεὸς
2662 4489 2831 4545 θεῶν.
2897 4489 3230 4562 Προσθέντες
3268 4489 3429 4558 ήμεῖς
3458 4487 3519 4538 τὸ
3549 4486 3642 4539 τοῦ
3685 4488 3792 4536 lla-

521 4588 655 4654 Qua:
690 4605 818 4642 vero
841 4600 969 4642 sunt
1004 4589 1179 4642 Patris
1230 4588 1413 4641 omnia
1439 4630 1452 4652 ,
1496 4588 1724 4642 omnino
1758 4591 1920 4643 etiam
1976 4601 2090 4643 sum

2211 4587 2338 4657 τρὸς
2377 4585 2578 4654 ὄνομα,
2614 4583 2714 4651 τὴν
2749 4580 2932 4651 φωνὴν
2979 4581 3360 4649 οἰκειούμεθα,
3411 4579 3607 4643 εἰδότες
3651 4580 3730 4632 ὅτι
3765 4580 3793 4628 ὁ

523 4676 721 4736 Filii".
751 4675 812 4729 Et
835 4677 1088 4729 Dominus
1106 4676 1724 4731 dominantium:eadcm
1751 4677 1819 4730 de
1847 4677 1950 4732 hoc
1976 4694 2108 4747 quo-

521 4787 632 4840 que
673 4778 757 4823 est
809 4770 1023 4833 oratio;
1081 4777 1246 4838 atque
1291 4769 1608 4822 Altissimus
1658 4784 1823 4839 supra
1887 4785 2103 4824 omnem

523 4869 751 4914 terram.
787 4858 920 4911 Nam
952 4860 1250 4929 quemlibet
1293 4867 1470 4913 mente
1501 4859 1846 4927 conceperis,
1898 4861 2107 4915 altissi-

523 4969 648 5006 mus
674 4961 756 5006 est
787 4968 951 5021 super
980 4967 1195 5005 onmem
1229 4959 1448 5006 terram.
1481 4950 1745 5005 Similiter
1785 4968 2020 5022 superne
2052 4954 2106 5007 in

524 5043 880 5098 terrestribus
925 5041 1066 5095 facta
1121 5042 1497 5112 speculatione
1540 5057 1568 5093 a
1626 5040 1810 5103 Patre,
1872 5039 2006 5094 Filio
2052 5051 2109 5094 et

526 5135 739 5205 Spiritu
773 5146 981 5190 sancto.
1018 5132 1217 5186 Verum
1261 5134 1422 5188 etiam
1455 5149 1578 5203 qua:
1628 5134 1887 5204 deinceps
1940 5133 2108 5188 dictis

523 5229 886 5298 adjiciuntur,
919 5227 1224 5280 Altissimus
1254 5227 1307 5279 in
1339 5227 1654 5288 cmicstibus,
1707 5226 2003 5279 altissimus
2049 5227 2104 5280 in

523 5321 830 5383 altissimis,
863 5319 1268 5388 superem/estis,
1301 5335 1450 5372 verus
1514 5319 1567 5370 in
1598 5318 1848 5381 essentia,
1880 5319 1972 5387 qui
2029 5327 2108 5372 cst

523 5427 573 5467 et
602 5421 890 5480 permanet,
919 5427 1066 5464 verus
1096 5411 1149 5462 iu
1181 5409 1529 5472 sermonibus,
1560 5426 1708 5464 verus
1739 5411 1794 5463 in
1840 5409 2106 5477 operibus:

534 5509 651 5561 haec
693 5505 837 5559 enim
871 5503 1052 5556 o.nnia
1108 5518 1173 5554 ex
1212 5518 1367 5570 aequo
1406 5501 1628 5570 inspicit
1661 5501 2103 5557 Cln'istianornm

528 5597 722 5651 oculus
752 5597 804 5649 in
838 5594 995 5648 Patre
1023 5603 1074 5648 ct
1103 5593 1238 5646 Filio
1271 5603 1323 5646 ct
1354 5592 1557 5664 Spiritu
1603 5602 1815 5647 sancto.
1849 5591 2006 5657 Quod
2059 5593 2104 5647 si

598 5712 646 5740 δ’
701 5709 866 5763 "chr.
909 5723 948 5766 1,
992 5709 1044 5762 5.

1122 5707 1166 5738 ⁸³
1209 5705 1351 5761 Psal.
1395 5723 1617 5774 cantu,
1655 5709 1707 5764 5.

602 5784 684 5849 tu)
699 5781 754 5833 In
776 5779 992 5832 Tinttco.

1785 5707 1830 5741 9‘
1863 5707 2018 5763 Joan.
2073 5725 2111 5776 ι,
2150 5710 2203 5765 '5.

2212 4679 2362 4747 Ιιατὴ
2373 4695 2401 4746 ρ
2421 4676 2553 4738 (dt-:6;
2581 4678 2696 4728 ἐστι
2717 4675 2824 4726 τῶν
2855 4674 3012 4726 θεῶν.
3051 4673 3132 4725 Τὰ
3155 4673 3211 4724 δὲ
3234 4673 3328 4724 τοῦ
3355 4673 3566 4743 Πατρὺς
3594 4675 3791 4734 πάντα,

2208 4769 2302 4822 τοῦ
2331 4768 2458 4820 Υίοῦ
2481 4769 2596 4820 ἐστι
2615 4766 2850 4830 πάντως.
2871 4766 2977 4818 Καὶ
3002 4766 3214 4832 Κύριος
3230 4765 3347 4818 τῶν
3367 4767 3761 4833 κυριευόντων
3777 4782 3791 4794 ·

2209 4865 2238 4916 6
2271 4861 2433 4924 αὐτὸς
2481 4861 2576 4913 καὶ
2626 4859 2756 4930 περὶ
2802 4858 2991 4910 τούτου
3042 4857 3228 4925 λόγος’
3280 4859 3374 4910 καὶ
3408 4858 3667 4927 Ὕψιστος
3702 4859 3794 4910 ἐπὶ

2211 4960 2391 5010 πᾶσαν
2423 4955 2521 5026 τὴν
2562 4955 2685 5026 γῆν.
2715 4957 2812 5007 Ὃν
2842 4953 2950 5023 γὰρ
2985 4952 3050 5006 ἂν
3080 4955 3146 5023 τῆ
3185 4952 3392 5023 διανοίᾳ
3431 4952 3620 5025 λάϐῃς,
3654 4955 3796 5005 ἐκεῖ·

2216 5067 2304 5112 νος
2349 5048 2572 5115 ὕψιστος
2617 5047 2706 5099 ἐπὶ
2758 5047 2936 5099 πᾶσαν
2987 5044 3085 5116 τὴν
3123 5046 3245 5114 γῆν.
3314 5045 3542 5114 Ὁμοίως
3592 5044 3795 5097 ἄνωθεν

2215 5144 2326 5203 τοῖς
2353 5139 2616 5206 ἐπιγείοις
2643 5139 2741 5208 τῆς
2773 5137 3076 5205 ἐπισκοπῆς
3110 5135 3400 5206 γινομένης
3432 5136 3581 5205 παρά
3615 5152 3673 5186 τε
3701 5135 3795 5187 τοῦ

2217 5232 2431 5304 Πατρὺς
2458 5231 2550 5284 καὶ
2571 5230 2664 5282 τοῦ
2690 5229 2818 5281 Tia-3
2847 5231 2942 5281 καὶ
2966 5227 3058 5280 τοῦ
3085 5227 3241 5294 ἁγίου
3270 5227 3608 5295 Πνεύματος.
3639 5223 3798 5277 ’Λλλὰ

2217 5322 2310 5374 καὶ
2353 5321 2420 5372 τὰ
2455 5320 2650 5390 ἐφεξῆς
2677 5321 2792 5380 τοῖς
2829 5319 3140 5388 εἰρημένοις
3181 5316 3591 5387 προσκείμενα’
3636 5317 3798 5382 Ὑψι-

2219 5431 2364 5480 στος
2386 5413 2454 5467 ἐν
2480 5412 2780 5480 οὐρανοῖς,
2808 5412 3070 5480 ὕψιστος
3095 5412 3165 5463 ἐν
3194 5411 3505 5478 ὑψίστοις,
3539 5406 3797 5475 ἐπουρά-

2215 5522 2344 5571 νιος
2363 5546 2377 5568 ,
2400 5503 2686 5575 ἀληθινὸς
2711 5504 2782 5557 ἑν
2803 5503 2882 5569 τῷ
2911 5500 3064 5556 εἶναι
3107 5503 3140 5555 ὅ
3171 5503 3325 5560 ἐστι.
3358 5501 3455 5554 καί
3481 5501 3795 5570 διαμένων·

2216 5597 2505 5664 ἀληθινὸς
2530 5597 2600 5650 ἐν
2641 5597 2865 5665 λόγοις,
2917 5595 3206 5664 ἀληθινὸς
3243 5595 3312 5646 ἐν
3353 5593 3576 5662 ἔργοιςο
3631 5592 3798 5651 ταῦτα

2283 5713 2327 5744 9"
2371 5711 2512 5766 Tim.
2542 5728 2616 5778 νι,
2831 5711 2877 5744 ⁸⁸
2915 5709 3072 5765 Joan.
3110 5726 3242 5776 xvu,
3287 5711 3372 5765 10.
