4146 6370
315 279 414 334 489

1435 283 1713 339 CONTRA
1747 285 2138 352 EUNOMIUM,
2173 283 2302 339 LIB.
2348 283 2411 338 ll.

3451 280 3560 336 £90

314 393 416 460 γὰρ
445 393 618 447 πάντα
649 391 841 464 ἐπίσης
871 395 1028 466 ἐνορᾷ
1053 397 1080 448 6
1105 397 1209 449 τῶν
1239 399 1578 470 Χριστιανῶν
1606 401 1878 472 ὀφθαλμὸς

2000 400 2156 454 tolum
2189 399 2277 452 uni
2325 396 2484 449 alicui
2541 411 2748 456 earum,
2807 411 2927 465 qute
2987 395 3088 450 fide
3144 395 3356 449 tradita:
3395 408 3550 461 sunt,

315 485 401 537 ἐπὶ
447 485 661 555 Πατρὸς
710 485 802 538 καὶ
839 487 967 540 Υἱοῦ
1015 489 1106 540 καὶ
1153 491 1464 560 Πνεύματος
1507 492 1681 560 ἁγίου.
1722 493 1786 546 Et
1818 492 1881 563 δὴ

319 577 472 646 μόνον
507 577 587 628 ἐνί
606 595 711 630 τινι
740 577 849 630 τῶν
879 579 936 633 ἐν
971 582 1037 650 τῇ
1066 580 1243 634 πίστει
1279 583 1686 653 παραδοθέντων
1719 602 1884 656 προσ-

315 670 477 720 ώπων
509 670 537 720 6
575 668 836 738 Εὐνόμιος
866 669 1035 722 ταῦτα
1074 672 1260 742 νέμει·
1299 675 1621 744 τολμησάτω
1653 675 1725 746 μὴ
1754 675 1884 744 ἀλη-

317 757 456 809 θινὸν
487 758 662 810 εἰπεῖν
700 762 756 811 ἐν
785 759 962 827 λόγοις
1008 762 1097 814 τὸν
1143 765 1384 832 εἰπόντα,
1406 766 1486 817 ὅτι
1527 765 1673 834 Ἐγώ
1697 768 1812 833 εἰμι
1843 767 1881 832 ἠ

316 847 581 915 ἀλήθεια,
601 848 633 918 ἢ
653 849 714 901 τὸ
737 849 958 921 Πνεῦμα
976 852 1074 919 τῆς
1096 853 1371 924 ἀληθείας,
1393 855 1424 925 ἢ
1450 855 1698 924 ἀληθινὸν
1723 858 1781 908 ἐν
1803 856 1884 926 έρ-

318 955 430 1004 γοις
454 938 526 1010 μὴ
551 940 825 994 συνθέσθω
841 942 929 995 τὸν
950 943 1202 998 ποιοῦντα
1228 947 1396 1016 κρῖμα
1412 946 1502 998 καὶ
1519 947 1882 1017 δικαιοσύνην,

317 1029 348 1098 ἢ
377 1028 437 1080 τὸ
460 1029 684 1100 Πνεῦμα
713 1030 773 1083 τὸ
802 1033 1056 1103 ἐνεργοῦν
1079 1034 1146 1087 τὰ
1192 1035 1368 1087 πάντα
1414 1036 1471 1087 ἐν
1523 1037 1654 1087 πᾶσι
1703 1035 1884 1098 καθὼς

319 1119 591 1189 βούλεται·
627 1120 797 1174 ταῦτα
821 1122 928 1193 γὰρ
955 1127 1002 1176 εί
1042 1124 1116 1194 μὴ
1150 1125 1594 1196 προσμαρτυροίη
1628 1128 1737 1188 τοῖς
1781 1142 1885 1178 πα-

319 1208 617 1278 ραδοθεῖσιν
645 1212 701 1263 ἐν
731 1213 796 1283 τῇ
830 1212 1008 1265 πίστει
1029 1213 1362 1284 προσώποις,
1395 1215 1622 1268 καθόλου
1652 1217 1746 1286 τὴν
1777 1215 1883 1268 τῶν

317 1300 653 1370 Χριστιανῶν
693 1303 1110 1373 παραγράφεται
1160 1306 1359 1360 πίστιν,
1396 1305 1518 1368 Πῶς
1544 1307 1651 1376 γάρ
1682 1325 1764 1369 τις
1798 1309 1885 1360 πί-

319 1405 486 1453 στεως
515 1391 660 1455 ἄξιον
702 1395 940 1464 οἰήσεται
969 1396 1060 1448 τὸν
1097 1397 1265 1466 ψευδῆ
1311 1398 1407 1468 μὲν
1441 1399 1498 1450 ἐν
1536 1401 1647 1461 τοῖς
1679 1399 1882 1466 λόγοις,

319 1481 393 1552 μὴ
421 1480 671 1552 ἀληθινὸν
692 1484 748 1537 δὲ
775 1487 832 1538 ἐν
857 1489 968 1548 τοῖς
991 1486 1172 1557 ἔργοις
1196 1487 1356 1540 αὑτοῦ
1379 1505 1393 1551 ;

397 1573 555 1626 Ἀλλὰ
607 1575 743 1644 πρὸς
772 1575 833 1628 τὸ
859 1575 1054 1646 ἐφεξῆς
1077 1579 1155 1648 τῷ
1177 1577 1318 1648 λόγῳ
1359 1577 1726 1650 προέλθωμεν.
1749 1581 1885 1647 Φησὶ

323 1663 424 1736 γὰρ
440 1666 519 1718 ὅτι
559 1666 774 1735 Ἀρχῆς
794 1666 1055 1734 ἀπάσης,
1079 1669 1405 1739 ὑποταγῆς,
1435 1671 1720 1738 ἐξουσίας
1735 1674 1886 1726 ἀνώ-

1983 506 2232 562 personae
2261 489 2562 542 Eunomius
2595 487 2707 541 lucc
2739 488 3004 549 attribuit,
3063 487 3261 542 audeat
3315 503 3560 545 asserere

1983 598 2091 637 non
2122 594 2366 634 veracem
2388 593 2509 634 esse
2531 594 2652 631 eum
2683 579 2774 648 qui
2799 579 2932 632 dixit
2963 598 2974 632 :
3007 577 3118 648 Ego
3142 595 3257 632 sum
3286 580 3473 633 veritas
3490 582 3556 643 9";

1985 673 2068 727 vel
2100 671 2362 741 Spiritum
2395 670 2659 733 veritatis,
2692 670 2774 723 vel
2809 685 2994 723 verum
3029 671 3083 722 in
3137 670 3396 738 operibus
3450 684 3556 722 non

1985 760 2251 815 concedat
2281 774 2404 814 eum
2433 759 2523 828 qui
2557 758 2686 812 facit
2716 759 2985 826 judiciqu
3040 767 3094 812 et
3125 759 3419 826 justitiam,
3472 764 3554 812 vel

1981 849 2238 924 Spiritum
2262 852 2350 924 qui
2375 850 2538 906 ellicit
2575 851 2757 904 omnia
2791 850 2844 904 in
2878 851 3132 904 omnibus
3183 861 3343 919 prout
3395 853 3508 904 vult
3539 871 3552 904 :

1986 944 2098 997 haec
2125 943 2267 996 enim
2297 943 2399 995 nisi
2431 942 2516 996 his
2546 957 2665 1012 qua:
2697 942 2908 996 tradita:
2955 953 3083 995 sunt
3116 942 3168 994 in
3207 941 3329 1005 fide,
3368 957 3556 1011 perso-

1987 1035 2090 1096 nis,
2123 1033 2500 1101 astipulentur,
2536 1034 2588 1085 in
2625 1032 2938 1086 universum
2987 1032 3426 1086 Christianorum
3484 1034 3555 1085 li-

1984 1126 2102 1178 dem
2133 1131 2445 1192 expungunt
2470 1133 2522 1176 et
2553 1123 2862 1176 obliterant.
2898 1122 3181 1188 Quomodo
3224 1125 3368 1176 enim
3431 1122 3557 1192 quis

1989 1215 2088 1268 fide
2117 1215 2336 1284 dignum
2365 1213 2706 1268 existimabit
2739 1213 3052 1266 mendacem
3086 1215 3138 1265 in
3189 1213 3557 1273 sermonibus,

1985 1322 2093 1359 non
2128 1321 2312 1359 verum
2349 1304 2401 1356 in
2435 1304 2691 1372 eperibus
2719 1303 2880 1356 suis?

2057 1582 2165 1638 Sed
2191 1583 2257 1637 ad
2303 1583 2356 1637 id
2395 1581 2536 1651 quod
2595 1579 2844 1650 sequitur
2873 1553 3180 1649 pergamus.
3217 1578 3357 1633 Dicit
3381 1577 3553 1631 enim:

1987 1673 2138 1728 Omni
2161 1673 2397 1741 imperio,
2453 1670 2802 1738 subjertione,
2855 1677 3111 1736 potestate
3167 1670 3408 1736 superior
3459 1679 3553 1721 est.

316 1771 504 1822 τερος.
565 1756 862 1826 Ἠμέτερος
895 1751 1049 1821 οὗτος
1094 1761 1122 1811 6
1153 1759 1307 1826 λόγος
1342 1761 1434 1812 καὶ
1465 1760 1563 1830 τῆς
1595 1761 1886 1832 καθολικῆς

2000 1767 2182 1819 NOSter
2214 1766 2298 1818 hic
2327 1771 2410 1817 est
2443 1777 2643 1826 sermo,
2691 1772 2744 1816 et
2799 1761 3080 1815 catholicae
3125 1759 3381 1813 Ecclesiae
3438 1775 3557 1828 pro-

330 1845 650 1915 Ἑκκλησίας
675 1847 822 1910 ἴδιος,
851 1849 910 1900 τὸ
934 1850 1206 1902 πιστεύειν
1231 1851 1328 1921 τὴν
1354 1850 1501 1904 θείαν
1526 1852 1684 1920 φύσιν
1707 1853 1884 1922 πάσης

318 1937 492 2007 ἀρχῆς
529 1939 806 2008 ἀνωτέραν
845 1935 1012 1992 εἶναι’
1059 1942 1366 2012 ὑποχείριον
1412 1943 1468 1995 δέ
1507 1944 1702 2013 ἑαυτῆς
1742 1943 1884 2012 ἔχειν

321 2029 426 2079 πᾶν
445 2027 633 2098 ὃτιπέρ
661 2031 805 2081 ἐστιν
823 2031 878 2084 ἐν
903 2033 1014 2093 τοῖς
1031 2026 1148 2084 οὖσι
1175 2031 1476 2101 νοούμενον.
1501 2033 1630 2085 Θεία
1649 2033 1704 2085 δὲ
1726 2033 1885 2103 φύσις

319 2121 346 2172 6
380 2120 566 2189 Πατὴρ
597 2122 688 2173 καὶ
717 2123 745 2174 6
777 2122 936 2186 Υἱὸς,
969 2123 1062 2176 καὶ
1097 2123 1157 2176 τὸ
1191 2125 1413 2194 Πνεῦμα
1439 2126 1499 2178 τὸ
1531 2124 1703 2193 ἅγιον.
1737 2126 1799 2180 Et
1829 2126 1885 2178 δὲ

321 2213 466 2284 μόνῳ
485 2213 562 2282 τῷ
602 2214 774 2285 Πατρὶ
801 2213 1002 2285 ταύτην
1036 2216 1479 2287 προσμαρτυροίη
1505 2217 1601 2287 τὴν
1629 2217 1852 2287 δύναμιν
1870 2236 1882 2248 '

319 2303 413 2356 καὶ
441 2305 491 2354 εί
526 2304 684 2373 μόνον
717 2304 875 2357 αὑτὸν
908 2307 1112 2376 τροπῆς
1137 2323 1194 2358 τε
1218 2310 1311 2360 καὶ
1349 2309 1646 2378 μεταϐολῆς
1677 2310 1888 2362 ἐλεύθε-

322 2411 414 2465 ρον
441 2395 815 2462 ἀποφαίνεται,
845 2395 938 2448 καὶ
967 2398 1015 2448 εἰ
1041 2397 1198 2467 μόνον
1225 2399 1385 2452 αὑτὸν
1419 2399 1564 2466 λέγει
1593 2402 1885 2474 ἀκήρατον,

321 2485 585 2556 πρόδηλον
633 2485 694 2538 τὺ
741 2487 806 2540 ἐκ
849 2486 1053 2540 τούτων
1105 2489 1672 2561 κατασκευαζόμενον·
1729 2493 1809 2544 ὅτι
1860 2495 1888 2544 6

320 2578 489 2633 ταῦτα
530 2579 604 2650 μὴ
648 2579 806 2650 ἔχων.
832 2583 1062 2652 τρεπτός
1101 2584 1215 2636 ἐστι
1250 2583 1463 2647 πάντως
1490 2586 1583 2637 καὶ
1630 2585 1886 2657 φθαρτὸς,

321 2673 413 2724 καὶ
441 2673 770 2742 μεταϐλητὸς
799 2673 892 2726 καὶ
924 2674 1205 2744 ἐπίκηρος.
1243 2676 1452 2729 Οὐκοῦν
1483 2677 1655 2730 ταῦτα
1683 2678 1887 2748 δογμα-

321 2761 456 2826 τίζει
494 2763 522 2814 ὁ
555 2762 814 2832 Εὑνόμιος
851 2764 943 2815 ἐπὶ
971 2763 1063 2816 τοῦ
1114 2766 1430 2833 μονογενοῦς
1477 2767 1610 2820 Θεοῦ
1667 2771 1759 2822 καὶ
1795 2772 1887 2823 τοῦ

323 2849 477 2916 ἁγίου
519 2849 864 2919 Πνεύματος*
897 2852 954 2903 ού
1001 2852 1109 2922 γὰρ
1145 2853 1210 2905 ἂν
1239 2855 1505 2925 ἐχρήσατο
1542 2861 1606 2927 τῇ
1651 2859 1886 2911 ἅντιδια·

325 2942 504 3013 στολῇ,
533 2943 741 3006 τούτοις
773 2944 1113 3016 ἀντιδιαιρῶν
1160 2947 1250 2998 τὸν
1279 2949 1495 3019 Πατέρα
1517 2990 1532 3004 .
1573 2951 1644 3021 μὴ
1687 2951 1890 3022 ταύτην

323 3033 418 3102 τὴν
450 3034 686 3086 διάνοιαν
711 3034 846 3104 ἔχων
868 3035 1104 3104 περὶτοῦ
1135 3037 1264 3088 Υἱοῦ
1289 3040 1381 3090 καὶ
1424 3040 1517 3091 τοῦ
1552 3039 1886 3109 Πνεύματος.

325 3219 420 3286 τῆς
449 3217 555 3270 τῶν
581 3218 918 3286 Χριστιανῶν
954 3221 1206 3285 πίστεως,
1222 3222 1392 3275 ταῦτα
1416 3226 1645 3293 φρονῶν.
1670 3227 1765 3288 Τίς
1785 3227 1892 3298 γὰρ

324 3302 385 3353 τὸ
424 3302 756 3371 τρεπόμενον
798 3302 889 3354 καὶ
920 3304 1381 3374 μεταϐαλλόμενον
1416 3310 1508 3360 καὶ
1535 3309 1596 3360 τὸ
1632 3309 1894 3381 ἐπίκηρον

327 3394 674 3458 καταδέξεται
699 3395 989 3465 σεϐάσμιον
1021 3397 1198 3466 ἑαυτῷ
1229 3402 1443 3468 κρίναι;
1481 3401 1687 3454 Οὐκοῦν
1720 3402 1838 3466 ὅλος
1867 3405 1895 3456 6

330 3485 528 3548 σκοπός
561 3489 674 3538 ἐστι
704 3485 782 3554 τῷ
806 3489 1257 3551 κατασκευάζοντι
1282 3491 1348 3544 τὰ
1368 3491 1591 3546 τοιαῦτα
1623 3495 1893 3564 νοήματα,

328 3576 609 3629 ἐκϐάλλειν
645 3577 744 3646 τῆς
778 3577 1103 3648 Ἐκκλησίας
1121 3579 1222 3650 τὴν
1243 3583 1322 3643 εἰς
1342 3581 1430 3634 τὸν
1466 3583 1591 3636 Υίὸν
1617 3584 1709 3636 καὶ
1743 3585 1894 3652 ἆγιον

329 3668 550 3737 Πνεῦμα
581 3669 786 3722 πίστιν·
818 3670 883 3722 δι’
904 3665 978 3724 ὧν
1007 3674 1430 3736 κατασκευάζει,
1471 3676 1601 3744 μήτε
1624 3675 1898 3745 ἀκήρατον

331 3756 468 3813 εἶναι
489 3802 503 3824 ,
552 3761 686 3830 μήτε
717 3761 982 3831 ἄτρεπτον
1004 3802 1016 3824 ,
1065 3765 1202 3835 μήτε
1231 3765 1635 3834 ἀμετάὃλττον,
1669 3765 1701 3834 ἢ
1728 3767 1899 3835 αὐτὴν

332 3855 588 3924 ἀλήθειαν
606 3897 620 3920 ,
653 3856 685 3926 ἢ
713 3857 774 3910 τὸ
795 3858 1016 3928 Πνεῦμα
1042 3860 1139 3929 τῆς
1164 3860 1441 3931 ἀληθείας.

409 4035 632 4104 Ἴδωμεν
676 4036 730 4088 δέ
770 4036 862 4087 καὶ
903 4031 990 4089 οἷα
1027 4038 1138 4098 τοῖς
1184 4035 1492 4106 εἰρημένοις
1525 4037 1897 4108 προστίθησιν.

339 4129 460 4184 Οὐκ
488 4129 558 4180 ἐν
579 4126 657 4191 τῷ
681 4127 903 4195 Terr-(tr
921 4167 934 4191 ,
967 4127 1096 4196 φησὶ
1119 4168 1133 4191 ,
1169 4127 1282 4193 τὴν
1314 4127 1469 4180 ἰδίαν
1499 4129 1718 4181 οὐσίαν
1741 4129 1900 4196 μερί-

336 4216 448 4277 ζων
474 4259 488 4280 ,
519 4219 616 4271 καί
667 4221 699 4270 ὁ
751 4204 933 4283 αὐτὸς
966 4216 1194 4287 γεννῶν
1223 4257 1236 4282 ,
1269 4219 1363 4270 καὶ
1403 4218 1768 4287 γιειψώμενος
1793 4260 1807 4285 ,
1864 4219 1902 4286 ἣ

335 4308 520 4374 αὐτὸς
566 4307 766 4375 Πατὴρ
821 4309 1130 4376 γινόμενος
1189 4309 1284 4362 καὶ
1355 4311 1486 4375 Υἱός
1522 4328 1534 4340 ·
1605 4310 1735 4363 ἐστι
1795 4309 1905 4380 γὰρ

324 3096 397 3178 T6
425 3125 628 3188 λοιπον,
660 3096 894 3193 ἀδελφοὶ,
937 3096 1263 3198 έοκιμάσατε
1285 3171 1297 3193 ,
1330 3133 1378 3184 εί
1414 3132 1488 3204 μὴ
1517 3096 1746 3204 διώκτης
1778 3096 1891 3187 ἐστὶ
1921 3096 1964 3155 C

1987 1857 2141 1928 prius
2166 1896 2180 1920 ,
2233 1855 2455 1909 credere
2487 1869 2678 1922 nempe
2724 1861 2981 1906 naturam
3013 1850 3251 1904 divinam
3283 1850 3429 1902 omni
3463 1850 3563 1901 im-

1988 1947 2139 2016 perio
2170 1945 2506 2013 superiorem
2537 1957 2682 2004 esse,
2720 1941 3028 2010 subjectum
3064 1948 3243 1994 autem
3275 1940 3358 1992 sui
3388 1938 3560 2008 ipsius

1989 2041 2189 2094 habere
2219 2037 2483 2108 quidquid
2515 2038 2568 2089 in
2597 2036 2681 2090 his
2707 2051 2826 2102 quae
2852 2043 2980 2090 sunt
3007 2033 3342 2102 intelligitur.
3368 2031 3556 2084 Divina

1988 2138 2167 2184 autem
2196 2138 2388 2182 natura
2421 2127 2580 2180 Pater
2611 2137 2663 2180 et
2721 2124 2894 2178 Filius
2927 2135 2978 2177 et
3041 2122 3278 2191 Spiritus
3313 2129 3538 2176 sanctus

1989 2220 2140 2287 Quod
2172 2221 2217 2273 si
2259 2220 2398 2272 hanc
2430 2218 2724 2287 potentiam
2757 2217 2860 2271 soli
2918 2215 3066 2268 Patri
3121 2228 3222 2268 suo
3252 2214 3562 2268 testimonio

1989 2319 2238 2373 asserat,
2278 2319 2330 2363 et
2365 2309 2409 2363 si
2445 2309 2619 2363 solum
2650 2323 2773 2362 eum
2808 2323 2837 2360 a
2872 2304 3249 2359 vicissitudine
3296 2311 3349 2355 et
3385 2309 3559 2355 imita-

1991 2403 2138 2456 tione
2178 2403 2406 2455 liberum
2444 2398 2699 2462 affirmat,
2729 2406 2891 2467 atque
2924 2397 3099 2466 ipsum
3152 2395 3326 2450 solum
3386 2395 3564 2447 incor-

1991 2503 2210 2564 ruptum
2270 2493 2616 2562 perspicuum
2645 2498 2698 2544 et
2738 2489 3087 2543 manifestum
3117 2489 3277 2556 plane
3318 2487 3461 2554 quod
3496 2501 3562 2539 ex

1989 2591 2074 2644 his
2103 2588 2442 2642 construitur
2471 2626 2485 2647 ,
2519 2584 2668 2655 quod
2701 2585 2793 2653 qui
2827 2585 2939 2637 haec
2971 2598 3077 2636 non
3116 2581 3295 2642 habet,
3329 2579 3566 2633 mutabi-

1991 2681 2057 2733 lis
2091 2693 2314 2748 prorsus
2341 2684 2392 2729 et
2426 2671 2792 2743 corruptibilis
2863 2680 2914 2727 et
2971 2671 3214 2726 interitui
3270 2669 3560 2723 obnoxius.

1992 2771 2115 2824 llaac
2146 2771 2313 2839 igitur
2345 2766 2646 2820 Eunomius
2693 2770 2944 2822 destinata
2974 2763 3140 2816 tradit
3170 2761 3236 2815 de
3274 2759 3556 2828 unigenito

1995 2863 2101 2916 Deo
2130 2871 2182 2915 et
2215 2858 2420 2928 Spiritu
2449 2865 2639 2911 sancto
2671 2873 2685 2922 ;
2722 2870 2828 2908 non
2861 2855 3004 2907 enim
3039 2859 3281 2907 uteretur
3314 2853 3413 2903 hac
3464 2849 3566 2902 dif-

1994 2952 2218 3006 ferentia
2246 2951 2371 3003 dum
2405 2948 2490 3002 his
2523 2945 2736 2999 Patrem
2791 2945 3099 3013 distinguit,
3161 2942 3264 2995 nisi
3301 2941 3440 2992 hanc
3469 2939 3566 2991 ha-

1995 3045 2148 3099 beret
2181 3043 2247 3096 de
2292 3040 2428 3093 Filio
2457 3048 2509 3093 et
2541 3037 2746 3107 Spiritu
2794 3045 2986 3090 sancto
3023 3035 3368 3091 sententiam.
3424 3031 3568 3085 Reli—

1997 3151 2187 3205 quum,
2217 3133 2433 3194 fratres,
2465 3129 2710 3200 probate,
2756 3128 2800 3182 si
2860 3142 2968 3180 non
3002 3133 3086 3179 est
3132 3123 3566 3176 Christianorum

1997 3225 2116 3279 lidei
2149 3232 2486 3293 persecutor,
2523 3217 2651 3271 dum
2689 3217 2802 3271 haec
2834 3216 3021 3271 sentit.
3055 3215 3191 3279 Quis
3243 3215 3388 3268 enim
3423 3213 3567 3283 quod

1995 3314 2224 3368 vertitur
2265 3321 2318 3365 et
2377 3316 2638 3369 mutatur,
2683 3304 2828 3373 quod
2881 3302 2991 3356 fato
3023 3301 3322 3355 obnoxium
3377 3308 3460 3354 est
3518 3308 3572 3353 et

1998 3402 2268 3464 interitui,
2300 3401 2405 3456 sibi
2441 3397 2807 3452 venerandum
2838 3409 2960 3447 esse
2992 3389 3572 3460 dijudicarit?Quami.

1997 3496 2182 3548 obrem
2225 3493 2273 3546 ei
2299 3492 2390 3561 qui
2429 3491 2543 3543 lucc
2579 3490 2782 3557 cogitat
2821 3494 2875 3540 et
2923 3484 3111 3547 sentit,
3169 3490 3318 3538 totus
3377 3495 3574 3550 scopus

1999 3584 2320 3654 propositus
2350 3589 2454 3644 est,
2487 3581 2556 3633 ab
2589 3578 2832 3633 Ecclesia
2862 3575 3156 3630 excludere
3191 3585 3350 3644 atque
3399 3574 3574 3628 elimi-

2001 3692 2132 3730 nare
2165 3675 2342 3733 fidem,
2399 3687 2562 3740 quam
2603 3670 2767 3722 habet
2827 3669 2880 3720 in
2938 3664 3132 3719 Filium
3193 3673 3247 3720 et
3308 3663 3572 3734 Spiritum

2002 3775 2274 3828 sanctum,
2314 3779 2437 3818 cum
2476 3763 2560 3816 his
2600 3760 2927 3815 confirmare
2972 3767 3224 3818 conetur,
3273 3771 3448 3825 neque
3494 3756 3576 3807 in-

2002 3859 2437 3926 corruptibilem,
2472 3872 2650 3925 neque
2682 3849 3070 3912 invertibilem,
3111 3864 3288 3917 neque
3325 3847 3576 3900 immuta-

2002 3951 2188 4012 bilem,
2231 3949 2311 4002 vel
2346 3948 2517 4016 ipsam
2553 3947 2864 4004 veritatem,
2899 3941 2983 3993 vel
3014 3940 3259 3994 veritatis
3291 3939 3574 4008 Spiritum.

2071 4041 2189 4096 Jam
2217 4039 2501 4093 videamus
2526 4053 2646 4107 qua:
2676 4038 2762 4089 his
2789 4035 2956 4087 dictis
2977 4032 3187 4101 adjicit.
3220 4029 3345 4084 Non
3366 4029 3578 4100 quidem

2003 4143 2321 4202 generando,
2353 4129 2547 4197 inquit,
2579 4125 2846 4195 propriam
2882 4123 3163 4176 essentiam
3201 4119 3434 4188 partiens
3465 4157 3479 4180 ,
3530 4128 3578 4170 et

2006 4223 2141 4276 idem
2175 4234 2448 4290 generatis,
2479 4227 2524 4268 et
2556 4216 2643 4284 qui
2687 4222 2988 4284 generatur,
3027 4219 3075 4263 et
3102 4210 3238 4262 idem
3294 4207 3452 4259 Pater
3491 4207 3579 4273 qui

2007 4313 2240 4382 gignitur
2289 4318 2338 4362 et
2379 4306 2595 4360 Filius:
2666 4313 2743 4357 est
2786 4303 2924 4355 enim
2970 4297 3405 4365 incorruptibilis.
3452 4295 3580 4349 Tale

337 4400 656 4469 ἄφθαρτος.
697 4399 944 4453 Τοιοῦτον
1001 4401 1138 4470 τάχα
1191 4401 1337 4453 ἐστὶν
1383 4402 1412 4454 ὃ
1456 4419 1586 4472 φησι
1638 4404 1766 4472 περὶ
1799 4403 1896 4456 τῶν

2013 4405 2116 4456 hoc
2144 4402 2376 4455 fortasse
2423 4406 2506 4452 est
2554 4395 2701 4466 quod
2763 4395 2830 4448 de
2875 4393 3058 4461 impiis
3103 4389 3263 4444 dicit:
3294 4387 3578 4457 propheta.

340 4489 552 4542 ἀσεϐῶν
581 4492 607 4542 6
646 4492 958 4560 προφήτης,
990 4491 1069 4543 ὅτι
1110 4490 1297 4544 Ἱστὸν
1319 4491 1586 4559 ἀράχνης
1622 4495 1908 4561 ὑφαίνου-

341 4599 464 4636 εἰν.
513 4583 602 4645 Ὠς
639 4584 746 4652 γὰρ
779 4584 861 4634 ἐπ’
897 4582 1104 4636 ἐκείνου
1135 4583 1318 4653 σχῆμα
1355 4584 1453 4654 μέν
1493 4585 1608 4637 ἐστι
1641 4587 1734 4639 τοῦ
1769 4586 1906 4653 ὑφά-

344 4687 581 4742 σματος,
627 4673 920 4735 ὑπόστασις
969 4673 1024 4726 δὲ
1067 4673 1165 4726 οὐκ
1203 4673 1346 4726 ἔστιν
1379 4676 1436 4729 ἐν
1466 4675 1542 4745 τῷ
1581 4677 1851 4745 σχήματι·
1884 4679 1910 4729 6

343 4767 452 4836 γὰρ
474 4766 745 4836 ἁψάμενος
775 4766 986 4829 οὐδενὸς
1019 4766 1324 4835 ὑφεστῶτος
1353 4768 1608 4828 ἅπτεται,
1641 4769 1913 4839 περιφθει-

349 4859 592 4932 ρομένων
620 4862 686 4929 τῇ
717 4859 824 4910 τῶν
855 4858 1131 4911 δακτύλων
1164 4860 1273 4929 ἁφῇ
1303 4859 1411 4910 τῶν
1441 4860 1713 4929 ἀραχνίων
1740 4860 1914 4930 νημά-

347 4968 455 5004 των
479 4966 492 4980 ·
530 4949 751 5018 τοιαύτη
787 4951 900 5002 ἐστὶ
940 4950 1029 5001 καὶ
1070 4951 1102 5017 ἡ
1139 4947 1245 5000 τῶν
1282 4947 1524 5017 ματαίων
1561 4947 1756 5012 λέξεων
1783 4951 1912 5002 ἀνυ-

351 5042 614 5104 πόστατος
645 5038 939 5109 ίστουργία.
979 5041 1100 5091 Οὺκ
1133 5039 1202 5090 ἐν
1230 5036 1308 5101 τῷ
1341 5037 1580 5106 raw-(ir,
1613 5038 1767 5109 φησὶ,
1803 5038 1917 5104 τὴν

353 5133 510 5187 ιδἀν
542 5133 762 5185 οὐσίαν
805 5129 1089 5200 μερίζων,
1129 5131 1228 5184 καί
1275 5133 1307 5184 ὁ
1344 5131 1526 5197 αὐτὸς
1563 5129 1788 5199 γεννῶν
1821 5131 1916 5183 καὶ

351 5221 738 5290 γεννώμενος.
756 5218 902 5294 τΛρα
930 5221 1086 5289 λόγον
1113 5221 1375 5291 ὀνομάσαι
1405 5219 1510 5290 Χρὴ
1532 5221 1600 5273 τὰ
1626 5219 1916 5290 λεγόμενα›

351 5313 386 5382 ἢ
428 5313 624 5380 μᾶλλον
654 5312 959 5383 φλέγματός
989 5328 1129 5374 τινος
1155 5311 1336 5378 ὄγκον,
1369 5311 1473 5363 ὑπό
1498 5327 1641 5373 τινος
1669 5310 1922 5382 ὑδερικῆς

356 5403 650 5475 πληθώρας
680 5403 1114 5473 ἀναπτυόμενον;
1151 5401 1215 5454 Τί
1244 5401 1351 5472 γάρ
1381 5402 1496 5454 ἐστι
1525 5401 1585 5453 τὸ
1603 5401 1702 5471 τὴν
1729 5399 1921 5454 ἑαυτοῦ

359 5492 602 5564 μερίζειν
639 5493 822 5546 οὐσίαν
865 5495 921 5545 ἐν
963 5492 1040 5563 τῷ
1069 5494 1261 5563 γεννᾷν
1287 5532 1301 5556 ,
1339 5493 1433 5544 καὶ
1471 5491 1562 5545 τὸν
1593 5491 1755 5546 αὐτὸν
1788 5489 1926 5545 εἶναι

435 5666 479 5699 ’ν
505 5665 664 5720 Joan.
712 5685 818 5730 xiv,
870 5668 923 5722 6.
1001 5667 1045 5699 ⁸⁸
1095 5665 1201 5720 lsa.
1237 5679 1345 5724 LIX.
1379 5666 1434 5720 5.

645 5763 913 5821 Pnnoc.
947 5761 1065 5817 Gn.
1105 5761 1150 5817 Χ
1167 5759 1293 5819 LV.

2019 4493 2198 4546 Telam
2247 4505 2455 4542 aranea:
2502 4494 2680 4539 texunt
2715 4485 2782 4538 ⁵⁸.
2831 4482 2899 4538 Ut
2960 4483 3103 4536 enim
3154 4480 3209 4533 in
3263 4477 3356 4531 illa
3414 4477 3582 4546 figura

2017 4584 2234 4652 quidem
2280 4591 2361 4635 est
2395 4588 2648 4638 texturae,
2683 4576 2776 4630 sed
2813 4591 2918 4628 non
2944 4573 3133 4628 subest
3162 4570 3213 4623 in
3246 4569 3414 4637 figura
3433 4570 3582 4620 firma

2019 4671 2265 4726 solidilas
2303 4689 2314 4722 :
2351 4669 2445 4737 qui
2500 4667 2642 4720 enim
2699 4664 2899 4733 tangit,
2951 4661 3087 4716 nihil
3126 4658 3272 4728 quod
3323 4657 3581 4710 subsistat

2029 4763 2220 4832 tangit,
2272 4758 2626 4830 pereuntibus
2678 4756 2970 4825 digitorum
3024 4761 3168 4804 tactu
3209 4762 3422 4801 araneae
3453 4745 3584 4799 filis:

2021 4853 2149 4905 talis
2173 4859 2256 4904 est
2291 4849 2456 4904 etiam
2485 4847 2600 4900 haec
2641 4846 2886 4899 inanium
2918 4841 3221 4896 dictionum
3270 4837 3441 4889 futilis
3487 4850 3587 4890 nec

2023 4941 2328 4994 subsistens
2351 4943 2592 4990 textura.
2629 4935 2746 4986 Non
2777 4931 2921 4984 enim
2957 4928 3274 4999 generando,
3310 4926 3406 4988 ait,
3439 4941 3586 4978 suam

2021 5031 2301 5084 essentiam
2344 5028 2601 5095 partiens,
2653 5033 2700 5076 et
2733 5021 2866 5074 idem
2899 5029 2974 5074 est
3004 5020 3095 5090 qui
3132 5025 3368 5089 generat,
3407 5026 3456 5070 et
3502 5019 3590 5085 qni

2024 5130 2323 5190 generatur.
2357 5119 2434 5169 An
2464 5116 2766 5168 orationem
2795 5115 2906 5164 haec
2939 5111 3082 5164 dicta
3108 5109 3393 5163 nominare
3427 5123 3591 5177 opor-

2026 5216 2124 5275 tet,
2154 5225 2217 5261 an
2245 5207 2426 5277 potius
2451 5205 2660 5273 pituitae
2688 5201 2973 5270 cujusdam
2997 5201 3304 5262 humorem,
3328 5213 3393 5252 ex
3413 5198 3593 5266 aliqua

2031 5315 2239 5370 aquosa
2299 5295 2663 5351 redundantia
2731 5293 3054 5346 excretum?
3106 5290 3249 5356 Quid
3306 5290 3451 5344 enim
3515 5300 3598 5341 est

2031 5409 2186 5449 suam
2226 5392 2280 5444 in
2322 5386 2631 5460 generando
2676 5384 2868 5455 partiri
2900 5384 3217 5444 essentiam,
3257 5391 3310 5436 et
3348 5381 3595 5435 eumdem

2040 5499 2164 5540 esse
2203 5489 2554 5553 generantem
2595 5484 2650 5533 et
2707 5475 3065 5548 generatum?
3103 5474 3236 5541 Quis
3281 5474 3355 5528 ita
3400 5470 3599 5526 mentis

3210 5748 3278 5805 16
