4146 6370
374 290 479 345 4%

1512 285 1785 342 CONTRA
1820 283 2210 351 EUNOMIUM,
2249 282 2377 340 LIB.
2416 284 2481 339 ll.

3520 284 3623 340 494

376 424 471 468 τως
503 403 561 468 ἐξ
607 404 800 456 ἑαυτοῦ
849 405 1109 473 γεννήσας
1156 403 1245 455 τὸν
1280 401 1601 473 ἄνθρωπον·
1656 401 1769 455 ἀλλ’
1815 402 1842 453 ὃ
1874 393 1931 463 ἧι

2047 402 2139 456 illo
2164 402 2610 457 demonstrentur
2635 420 2648 466 ;
2683 416 2856 467 neque
2877 402 3039 455 homo
3063 402 3155 470 qui
3178 416 3239 455 ex
3267 417 3324 457 se
3344 401 3619 457 hominem

377 497 483 568 πρὸ
510 496 719 555 τούτου,
752 498 843 548 καὶ
880 497 1016 565 μετά
1041 495 1195 547 τοῦτο
1221 495 1486 564 διέμεινεν
1512 535 1525 555 ,
1553 493 1701 546 οὐδὲν
1726 493 1811 545 διὰ
1850 491 1942 544 τοῦ

375 584 623 651 γενέσθαι
670 585 757 636 τὸν
790 585 848 650 ἐξ
884 583 1044 636 αὐτοῦ
1080 584 1362 653 ἄνθρωπον
1400 582 1499 650 τῆς
1550 582 1607 648 ἐξ
1651 582 1812 634 αὐτοῦ
1848 581 1946 650 φύ-

380 693 513 739 σεως
559 676 883 737 ὲλαττώσας.
920 676 1030 726 Καὶ
1083 674 1365 744 ἄνθρωπος
1416 674 1513 743 μὲν
1549 675 1605 739 ἐξ
1660 674 1944 744 ἀνθρώπου

376 768 645 834 γεννᾶται,
679 766 771 819 καὶ
798 768 829 834 ἡ
861 763 952 817 τοῦ
984 764 1275 833 γεννῶντος
1304 765 1362 815 οὐ
1396 765 1671 833 μερίζεται
1710 764 1887 831 φύσις.

445 971 547 1022 Τὸν
572 971 627 1023 δὲ
666 970 927 1040 μονογενῆ
955 969 1085 1021 Θεὸν
1119 968 1207 1020 τὸν
1230 968 1358 1019 ὄντα
1381 970 1437 1019 εν
1468 971 1576 1028 τοῖς
1608 968 1824 1029 κόλποις
1848 967 1942 1019 τοῦ

375 1063 585 1132 Πατρός
628 1063 686 1113 οὐ
743 1062 956 1129 δέχεται
986 1062 1014 1113 6
1053 1060 1314 1128 Εὐνόμιος
1352 1058 1564 1127 ἀληθῶς
1604 1060 1666 1110 ἐκ
1698 1058 1790 1109 τοῦ
1829 1060 1942 1110 Πα-

373 1154 498 1225 τρὸς
532 1149 669 1206 εἶναι
689 1170 700 1182 ·
734 1150 981 1212 δεδοικὼς
1028 1150 1101 1219 μὴ
1132 1150 1519 1218 ἀκρωτηριάσῃ
1546 1148 1642 1218 τὴν
1670 1149 1941 1218 ἀκήρατον

372 1246 465 1299 τοῦ
494 1246 703 1315 Πατρὸς
734 1244 893 1312 φύσιν
924 1242 1011 1294 διὰ
1047 1245 1145 1312 τῆς
1193 1240 1285 1293 τοῦ
1333 1238 1665 1306 Μονογενοῦς
1707 1238 1942 1291 ὑποστά-

373 1356 528 1401 σεως.
576 1337 712 1389 Ἀλλ’
755 1336 921 1387 εἰπὼν
955 1336 1034 1387 ὅτι
1082 1336 1154 1387 οὺ
1186 1333 1301 1399 τὴν
1329 1333 1547 1385 οὐσίαν
1578 1332 1647 1384 ἐν
1690 1331 1767 1395 τῷ
1812 1348 1941 1398 γεν-

370 1430 486 1498 νᾷν
520 1429 802 1499 μερίζων,
844 1427 1212 1497 προσέθηκενο
1261 1423 1297 1491 ἢ
1353 1422 1539 1476 αὑτὸν
1581 1419 1808 1490 γεννῶν
1840 1420 1936 1472 καὶ

370 1523 735 1592 γεννώμενος
758 1561 769 1579 ,
799 1520 837 1585 ἣ
867 1517 1047 1582 αὐτὸς
1086 1516 1282 1583 Πατὴρ
1308 1516 1615 1583 γινόμενος
1641 1513 1735 1566 καὶ
1774 1513 1902 1575 Υἱός
1922 1526 1935 1540 ⁸

370 1615 464 1665 καὶ
496 1614 663 1664 οἴεται
695 1610 780 1662 διὰ
820 1608 927 1660 τῶν
975 1608 1359 1675 ἀσυναρτήτων
1395 1605 1653 1674 ῥημάτων
1679 1643 1693 1666 ,
1741 1605 1936 1673 σαθρο-

2046 495 2249 564 genuit,
2284 494 2337 547 id
2360 496 2502 564 quod
2535 494 2649 563 ipse
2682 502 2763 548 est
2787 494 2991 556 amisit,
3042 494 3133 548 sed
3156 494 3444 563 quod,erat
3471 505 3617 555 ante,

2045 594 2097 639 et
2129 594 2249 654 post
2284 588 2617 655 permansit;
2662 601 2839 655 neque
2873 586 3172 655 quidquam
3232 596 3455 655 propter
3492 602 3616 639 eum

2046 692 2203 744 quem
2231 693 2297 730 ex
2325 677 2503 746 seipso
2527 677 2716 746 genuit
2746 676 3047 741 hominem,
3081 679 3147 730 de
3172 692 3272 731 sua
3305 686 3500 731 natura
3529 677 3615 730 di-

2047 768 2261 820 minuit.
2293 767 2464 821 llomo
2494 768 2708 835 quidem
2741 785 2805 823 ex
2844 768 3065 823 homine
3097 777 3407 838 generatur,
3441 786 3615 839 neque

2044 861 2162 927 ejus
2193 860 2283 927 qui
2315 868 2537 929 generat
2568 862 2620 913 in
2665 869 2847 929 partes
2878 859 3201 914 diffunditur
3230 869 3446 914 natura.

2114 974 2329 1027 Atvero
2362 974 2659 1027 Eunomius
2699 974 3041 1043 unigenitum
3085 973 3275 1039 Deum,
3315 975 3408 1043 qui
3454 976 3612 1029 estin

2041 1064 2220 1117 Patris
2245 1064 2455 1118 sinibus
2477 1082 2583 1118 non
2624 1066 2860 1119 admittit
2903 1082 3027 1119 vere
3052 1082 3115 1120 ev
3146 1065 3304 1120 Patre
3332 1083 3453 1121 esse
3479 1088 3491 1120 :
3520 1084 3613 1122 ve-

2043 1155 2181 1207 ritus
2228 1171 2294 1209 ne
2338 1156 2602 1225 integram
2638 1154 2815 1211 Patris
2849 1164 2902 1209 et
2950 1158 3319 1224 incorruptam
3361 1168 3611 1211 naturam

2042 1244 2253 1296 mutilet
2285 1252 2337 1296 et
2379 1246 2669 1299 obtruncet
2723 1260 2817 1313 per
2850 1243 3121 1314 Unigeniti
3171 1246 3605 1301 subsistentiam.

2043 1331 2148 1386 Sed
2184 1350 2306 1387 cum
2335 1335 2585 1399 dixisset,
2626 1354 2729 1390 non
2767 1338 3045 1390 essentiam
3081 1337 3132 1389 in
3155 1337 3448 1405 generando
3486 1354 3611 1405 par-

2043 1425 2191 1489 tiens,
2223 1425 2437 1494 adjecit,
2472 1427 2549 1480 vel
2580 1427 2715 1481 idem
2739 1429 2827 1496 qui
2851 1437 3061 1495 generat
3092 1438 3139 1480 et
3186 1429 3276 1496 qui
3303 1438 3609 1497 generatur,

2039 1516 2115 1568 vel
2146 1515 2281 1569 idem
2308 1516 2469 1569 Pater
2500 1518 2588 1586 qui
2607 1519 2838 1587 gignitur
2859 1528 2906 1571 et
2932 1517 3124 1572 Filius.
3159 1521 3334 1588 Atque
3378 1535 3471 1589 per
3496 1521 3609 1574 haec

2040 1608 2219 1676 inepta
2275 1624 2449 1677 neque
2505 1610 2831 1663 cohazrentia
2884 1618 3067 1670 verba,
3120 1621 3271 1680 putat
3317 1627 3375 1666 se
3424 1627 3606 1665 veram

371 1705 540 1754 ποιεῖν
574 1702 662 1752 τὸν
694 1698 868 1766 ἀληθῆ
907 1697 1005 1767 τῆς
1040 1698 1315 1757 εὐσεϐείας
1344 1696 1526 1761 λόγον’
1558 1696 1589 1763 ἢ
1639 1695 1789 1764 ἰσχύν
1816 1712 1931 1746 τινα

2041 1700 2257 1767 pietatis
2298 1701 2599 1755 doctrinam
2650 1701 2989 1769 putrefaeere
3035 1710 3088 1756 et
3119 1718 3487 1772 corrumpere,
3526 1703 3608 1757 vcl

368 1793 612 1864 πορίζειν
650 1793 716 1860 τῇ
758 1789 977 1857 ἀσεϐείᾳ
1006 1805 1018 1817 ’
1053 1789 1151 1840 οὐκ
1177 1785 1330 1848 εἰδὼς
1369 1787 1452 1838 ὅτι
1496 1784 1563 1837 δι’
1609 1779 1682 1837 ὧν
1736 1787 1936 1837 ἐπινοεῖ

367 1882 792 1944 κατασκευάζειν
840 1881 900 1934 τὸ
948 1881 1148 1934 ἄτοπον
1174 1919 1188 1941 ,
1220 1877 1304 1931 διὰ
1337 1878 1539 1931 τούτων
1576 1877 1799 1946 συνετὴς
1836 1877 1934 1946 τῆς

366 1974 620 2045 ἀληθείας
668 1972 996 2041 εὑρίσκεται.
1045 1971 1229 2040 Φαμὲν
1262 1970 1369 2041 γὰρ
1420 1972 1513 2022 καὶ
1547 1971 1703 2039 ἡμεῖς
1728 2010 1741 2030 ,
1796 1971 1875 2021 ὅτι
1906 1972 1935 2020 ό

367 2068 543 2120 πάντα
573 2065 639 2117 τὰ
672 2063 765 2116 τοῦ
804 2062 931 2116 ἰδίου
974 2061 1183 2132 Πατρὸς
1216 2061 1353 2130 ἔχων
1373 2103 1386 2126 ,
1417 2060 1535 2113 ὅλον
1566 2061 1741 2114 ἐκεῖνό
1776 2063 1890 2112 ἐστι
1917 2101 1932 2125 ,

368 2158 505 2227 πλὴν
555 2155 649 2208 τοῦ
703 2155 888 2225 Πατὴρ
918 2149 1075 2206 εἶναι.
1116 2154 1223 2206 Καὶ
1261 2156 1289 2205 6
1334 2152 1510 2205 πάντα
1539 2152 1613 2203 τά
1659 2152 1751 2204 τοῦ
1803 2150 1931 2203 Υἱοῦ

365 2251 524 2320 ἔχων,
550 2249 667 2301 ὅλον
691 2248 779 2299 τὸν
805 2247 931 2299 Υἱὸν
954 2248 1011 2297 ὲν
1038 2244 1213 2314 ἑαυτῷ
1242 2245 1502 2306 δείκνυσι,
1530 2244 1667 2313 πλὴν
1695 2244 1787 2296 τοῦ
1816 2243 1933 2304 Υἱὸς

365 2340 637 2408 γενέσθαι.
665 2339 825 2391 Ὥστε
857 2339 889 2405 ἡ
925 2336 1017 2388 τοῦ
1051 2337 1251 2389 ἀτόπου
1288 2336 1632 2406 κατασκευὴ,
1667 2336 1733 2407 ἣν
1769 2352 1933 2387 κατα-

368 2431 617 2496 σκευάζει
660 2429 753 2483 νῦν
787 2432 814 2482 6
858 2430 1154 2499 Εὐνόμιος,
1196 2428 1484 2498 συμμαχία
1531 2428 1628 2497 τῆς
1678 2427 1932 2494 ἀληθείας

366 2523 593 2591 γίνεται,
619 2522 752 2591 πρὸς
779 2521 839 2572 τὸ
869 2519 1200 2590 σαφέστερον
1228 2519 1603 2581 διασταλέντος
1628 2521 1754 2588 παρ’
1776 2519 1933 2589 ἡμῶν

366 2614 458 2668 τοῦ
485 2614 750 2683 νοήματος
771 2652 783 2673 ,
814 2612 955 2664 κατά
980 2612 1075 2681 τὴν
1102 2610 1195 2663 τοῦ
1229 2610 1579 2679 εὐαγγελικοῦ
1612 2610 1769 2679 λόγου
1801 2613 1932 2681 ὑφή-

365 2720 543 2774 γησιν.
565 2704 629 2757 Εἰ
655 2703 762 2772 γὰρ
792 2704 819 2753 ὁ
854 2701 1114 2772 ἑωρακὼς
1145 2701 1235 2753 τὸν
1264 2702 1391 2754 Υἱὸν
1435 2703 1535 2772 ὁρᾷ
1560 2702 1649 2755 τὸν
1680 2702 1926 2770 Πατέρα·

365 2795 522 2851 ἄλλον
569 2794 758 2847 ἑαυτὸν
793 2794 1078 2862 ἐγέννησεν
1110 2794 1138 2844 6
1178 2793 1395 2865 Πατὴρ,
1430 2792 1552 2846 οὐτε
1597 2794 1788 2847 ἑαυτοῦ
1826 2794 1931 2857 ἐξι-

365 2886 663 2954 στάμενος,
697 2887 790 2937 καὶ
838 2886 894 2935 ἐν
941 2882 1133 2953 ἐκείνῳ
1178 2883 1296 2945 ὅλος
1344 2885 1681 2953 φαινόμενος.
1728 2884 1814 2947 Ὠς
1844 2883 1931 2935 διὰ

362 2977 565 3030 τούτων
593 2977 653 3029 τὸ
681 2976 869 3028 δοκοῦν
905 2976 1043 3029 κατὰ
1065 2976 1163 3045 τῆς
1195 2974 1473 3037 εὐσεϐείας
1496 2976 1763 3044 εἰρῆσθαι,
1792 2992 1929 3044 συμ-

366 3070 564 3138 μαχίαν
588 3067 969 3136 ἀποδειχθῆναι
1000 3064 1093 3118 τοῦ
1118 3067 1448 3133 ὑγιαίνοντος
1477 3067 1764 3134 δόγματος.

444 3266 594 3318 Ἀλλ’
642 3265 777 3317 οὔτε
830 3264 943 3332 τὴν
998 3264 1154 3317 ἰδίαν
1230 3266 1692 3335 οὐσίαι·,φησὶν,
1737 3267 1805 3319 ἐν
1852 3265 1930 3330 τῷ

362 3357 582 3429 γεννᾷν
604 3358 872 3427 μερίζων,
899 3357 995 3410 καὶ
1026 3359 1206 3424 αὐτὸς
1238 3359 1466 3427 γεννῶν
1506 3359 1603 3410 καὶ
1640 3359 1927 3427 γεννώμε-

359 3466 497 3514 νος,
539 3450 577 3517 ἢ
616 3448 798 3512 αὐτὸς
825 3447 1027 3514 Πατὴρ
1055 3450 1364 3516 γινόμενος
1408 3448 1505 3500 καὶ
1558 3450 1711 3512 Υἱός.
1756 3451 1927 3502 Ἔστι

362 3541 471 3610 γὰρ
509 3541 824 3609 ἄφθαρτος.
865 3541 929 3591 Ὢ
959 3543 1057 3609 τῆς
1099 3541 1342 3609 ἀνάγκης
1384 3540 1477 3592 τοῦ
1526 3541 1926 3611 συμπεράσμα-

361 3650 451 3696 τος
471 3650 485 3663 ·
520 3633 571 3684 τί
600 3632 775 3699 λέγεις
798 3672 811 3693 ,
868 3626 912 3683 ὦ
944 3631 1218 3699 σοφώτατε
1244 3649 1258 3694 ;
1302 3631 1445 3683 Διότι
1479 3631 1751 3702 ἄφθαρτός
1784 3634 1929 3684 ἐστιν

361 3724 423 3775 οὐ
464 3724 672 3793 μερίζει
708 3724 805 3792 τὴν
852 3722 985 3775 ίδίαν
1023 3723 1208 3774 οὐσίαν
1243 3723 1445 3789 γεννῶν
1489 3723 1578 3773 τὸν
1612 3724 1770 3773 Υίόνο
1806 3723 1927 3775 οὐδὲ

364 3815 551 3867 ἑαυτὸν
581 3816 762 3885 γεννᾷ,
792 3816 885 3867 καὶ
909 3816 1035 3884 παρ’
1069 3814 1259 3867 ἑαυτοῦ
1291 3816 1566 3882 γεννᾶται,
1591 3814 1712 3867 οὔτε
1741 3815 1929 3885 Πατὴρ

363 3906 479 3975 ἅμα
505 3905 709 3972 γίνεται
732 3904 923 3957 ἑαυτοῦ
959 3906 1052 3958 καὶ
1093 3904 1219 3967 Υιός
1248 3920 1260 3931 ·
1294 3904 1478 3973 ἐπειδή
1520 3906 1665 3958 ἐστιν
1719 3905 1927 3975 ἄφθαρο

360 4012 468 4056 τος.
500 3994 704 4046 υύκούν
734 3994 786 4045 εἴ
808 3995 886 4054 τίς
912 3997 1025 4046 ἐστι
1050 3995 1295 4065 φθαρτῆς
1333 3996 1581 4061 φύσεως,
1610 3996 1796 4063 τέμνει
1825 3995 1925 4063 τὴν

360 4086 547 4137 οὐσίαν
573 4086 629 4136 ὲν
663 4084 741 4154 τῷ
769 4087 961 4155 γεννᾷν
986 4102 998 4113 ·
1042 4087 1135 4138 καὶ
1169 4086 1256 4153 ὑφ’
1290 4085 1482 4137 ἑαυτοῦ
1511 4087 1802 4152 γεννᾶται,
1837 4089 1929 4139 καὶ

361 4173 549 4227 ἑαυτὸν
575 4176 765 4243 γεννᾷ,
810 4176 901 4226 καὶ
932 4176 1113 4244 πατὴρ
1143 4175 1380 4237 καὶ,υίὸς
1421 4175 1581 4237 αὐτὸς
1622 4174 1815 4227 ἑαυτοῦ
1847 4177 1929 4243 γί·

362 4283 508 4319 νεται
538 4281 550 4294 ·
596 4266 730 4319 διότι
758 4267 1030 4335 ἄφθαρτος
1057 4267 1155 4318 οὐκ
1181 4266 1346 4318 ἐστιν.
1372 4265 1433 4318 Εἰ
1476 4267 1531 4318 δὲ
1562 4267 1734 4320 ταῦτα
1760 4268 1927 4331 οὕτως

2038 1792 2302 1861 impietati
2335 1794 2477 1849 vires
2522 1796 2731 1863 aliquas
2776 1794 3050 1857 sufficere,
3088 1796 3304 1849 nescius
3341 1795 3481 1863 quod
3514 1812 3608 1864 per

2034 1899 2097 1939 ea
2141 1886 2341 1954 quibus
2391 1887 2685 1942 absurdum
2730 1896 3051 1942 construere
3096 1889 3317 1956 cogitat,
3362 1888 3607 1943 veritatis

2036 1981 2297 2041 patronus
2344 1990 2407 2029 ac
2457 1975 2713 2031 defensor
2755 1976 3202 2045 deprehenditur.
3244 1976 3376 2031 Nam
3406 1986 3461 2032 et
3506 1994 3606 2033 nos

2034 2063 2268 2118 dicimus
2310 2065 2453 2134 quod
2499 2068 2589 2135 qui
2643 2067 2827 2120 omnia
2867 2068 2949 2122 sui
2988 2068 3163 2121 Patris
3205 2068 3386 2129 habet,
3434 2078 3605 2124 totum

2036 2158 2166 2211 illud
2197 2166 2302 2221 est,
2328 2174 2392 2212 eo
2415 2159 2631 2228 dempto
2653 2161 2799 2229 quod
2839 2162 2910 2215 sit
2955 2159 3133 2215 Pater.
3174 2159 3234 2213 Et
3275 2160 3368 2229 qui
3422 2161 3603 2213 omnia

2035 2265 2153 2317 qua:
2192 2258 2320 2303 sunt
2350 2249 2468 2303 Filii
2518 2250 2699 2312 habet,
2724 2260 2900 2305 totum
2937 2250 3129 2304 Filium
3178 2251 3233 2305 in
3276 2251 3456 2320 seipso
3509 2250 3605 2305 deo

2035 2348 2320 2405 monstrat,
2349 2349 2709 2410 praeterquam
2739 2340 2886 2410 quod
2914 2339 3194 2395 sitFilius.
3227 2340 3409 2406 Quare
3439 2341 3603 2409 hujus

2033 2430 2254 2485 absurdi
2291 2433 2629 2487 constructio
2660 2448 2822 2501 quam
2856 2448 3002 2487 nunc
3030 2433 3253 2486 molitur
3283 2431 3602 2489 Eunomius.

2032 2520 2279 2574 veritatis
2308 2520 2552 2577 defensio
2598 2521 2891 2586 invenitur,
2924 2536 3048 2574 cum
3084 2530 3260 2575 tamen
3305 2530 3490 2574 nostra
3534 2522 3605 2574 sit

2032 2612 2235 2666 clarior
2300 2621 2355 2666 et
2418 2612 2764 2668 manifestior
2838 2612 3235 2681 intelligentia,
3301 2611 3603 2666 secundum

2032 2704 2181 2758 verbi
2232 2705 2533 2773 evangelici
2585 2705 2991 2758 deductionem.
3041 2702 3097 2756 Si
3138 2704 3284 2758 enim
3334 2703 3426 2772 qui
3470 2702 3605 2755 vidit

2032 2794 2250 2859 Filium,
2287 2796 2431 2849 videt
2460 2794 2692 2858 Patrem,
2724 2796 2889 2849 alium
2928 2796 3168 2863 seipsum
3204 2795 3388 2863 genuit
3421 2792 3601 2859 Pater,

2033 2903 2207 2957 neque
2252 2903 2317 2941 ex
2352 2888 2534 2957 seipso
2567 2888 2866 2957 emigrans,
2911 2894 2966 2941 et
3010 2887 3065 2939 in
3121 2887 3216 2939 illo
3251 2892 3400 2941 totus
3440 2897 3606 2954 appa—

2034 2991 2181 3030 rens.
2219 2975 2309 3030 Sic
2344 2992 2437 3045 per
2484 2976 2619 3038 haec,
2653 2975 2801 3044 quod
2844 2975 3132 3029 videbatur
3175 2982 3369 3028 contra
3406 2976 3606 3028 verita-

1951 3058 1996 3116 C
2030 3074 2136 3120 tem
2195 3082 2317 3121 esse
2377 3065 2605 3128 dictum,
2657 3068 2773 3121 sani
2821 3064 3132 3119 documenti
3177 3064 3438 3117 auxilium
3484 3080 3606 3119 esse

2032 3156 2367 3210 deumnstrat
2380 3173 2461 3209 ur.

2102 3266 2223 3329 Sed,
2253 3268 2444 3336 inquit,
2481 3285 2583 3321 non
2607 3271 2874 3336 propriam
2917 3268 3196 3321 essentiam
3230 3268 3284 3319 in
3312 3267 3603 3336 generando

2030 3358 2284 3424 partiens,
2317 3370 2364 3410 et
2405 3357 2541 3411 idem
2583 3360 2669 3426 qui
2713 3368 2925 3427 generat
2967 3367 3014 3412 et
3065 3359 3152 3426 qui
3190 3369 3489 3426 generatur,
3530 3373 3605 3411 ret

2031 3448 2166 3501 idem
2208 3448 2368 3502 Pater
2404 3452 2492 3517 qui
2526 3451 2756 3518 gignitur
2777 3460 2825 3503 et
2859 3448 2905 3500 F
2911 3450 3034 3503 ilius
3076 3464 3093 3500 :
3135 3459 3212 3502 est
3249 3452 3385 3503 enim
3432 3452 3608 3503 incor-

2031 3540 2315 3606 ruptibilis.
2364 3537 2407 3593 Ο
2442 3541 2822 3594 necessitatem
2858 3541 3268 3594 conclusionis!
3321 3541 3459 3605 Quid
3503 3543 3605 3603 ais.

2032 3632 2467 3700 sapientissime?
2508 3634 2634 3701 quia
2680 3632 3121 3700 incorruptibilis
3161 3639 3268 3694 est,
3312 3648 3465 3686 suam
3496 3650 3605 3687 non

2030 3722 2349 3791 dispertitur
2403 3722 2699 3776 essentiam
2763 3721 3074 3791 generando
3122 3720 3364 3776 Filium:
3432 3739 3607 3792 neque

2032 3812 2267 3879 seipsum
2302 3818 2540 3880 generat,
2567 3819 2621 3864 et
2654 3826 2681 3863 a
2711 3813 2894 3879 seipso
2914 3820 3228 3880 generatur,
3252 3827 3427 3881 neque
3447 3813 3607 3866 Pater

2032 3903 2193 3957 simul
2224 3903 2462 3973 gignitur
2496 3903 2579 3958 sui
2617 3903 2788 3972 ipsius
2811 3905 2973 3957 etiam
2996 3902 3201 3958 Filius:
3243 3905 3497 3973 quoniam
3523 3915 3607 3959 est

2031 3994 2481 4062 incorruptibilis.
2518 3992 2573 4046 Si
2606 3996 2730 4063 quis
2761 3995 2928 4063 igitur
2976 4002 3059 4048 est
3101 4005 3308 4048 natura:
3337 3997 3607 4064 corrupti-

2033 4085 2177 4144 bilis.
2216 4100 2370 4139 suam
2411 4086 2704 4140 essentiam
2747 4085 3059 4153 generando
3103 4084 3409 4139 discindit:
3454 4093 3508 4139 et
3540 4101 3604 4140 ex

2033 4174 2215 4239 seipso
2248 4183 2559 4242 generatur,
2593 4181 2646 4227 et
2678 4174 2917 4241 seipsum
2958 4181 3180 4242 generat
3216 4191 3228 4224 :
3260 4181 3314 4227 et
3362 4181 3514 4242 pater
3553 4183 3606 4224 et

2034 4264 2173 4318 filius
2195 4266 2308 4332 ipse
2336 4265 2416 4319 sui
2442 4266 2612 4333 ipsius
2639 4264 2895 4328 efficitur,
2932 4265 3057 4333 quia
3088 4281 3193 4318 non
3239 4274 3323 4319 est
3358 4264 3607 4317 incorru-

362 4356 494 4425 ἔχει,
523 4357 621 4409 οὐκ
644 4356 897 4425 ἐγέννησε
925 4356 1012 4409 διὰ
1058 4357 1117 4409 τὸ
1163 4357 1398 4427 φθαρτὸς
1442 4354 1579 4411 εἶναι
1608 4360 1636 4411 ὁ
1681 4358 1929 4428 ’Δϐραάμ

2039 4356 2263 4424 ptihilis.
2306 4354 2456 4420 Quod
2492 4356 2538 4410 si
2567 4355 2681 4409 haec
2708 4356 2782 4409 ita
2815 4364 2963 4417 sunt,
2989 4355 3263 4409 Abraham
3289 4370 3394 4407 non
3420 4357 3607 4423 genuit

362 4445 451 4496 τὸν
498 4444 722 4514 Ἰσμαήλ
754 4461 811 4496 τε
856 4446 948 4497 καὶ
992 4445 1174 4499 ἰσαάκ
1200 4484 1214 4505 ,
1248 4446 1365 4499 ἀλλ’
1407 4448 1596 4500 ἑαυτὸν
1623 4448 1710 4501 διά
1738 4465 1796 4501 τε
1831 4448 1930 4518 τῆς

366 4536 653 4604 παιδίσκης
690 4536 779 4588 καὶ
812 4536 1044 4605 νομίμου
1073 4538 1319 4607 γαμετῆς
1346 4538 1753 4609 ὲτεκνώσατο,ἢ
1788 4544 1929 4593 κατά

362 4627 459 4694 τὴν
492 4626 683 4695 ἑτέραν
712 4626 995 4697 τερθρείαν
1035 4627 1127 4679 τοῦ
1169 4628 1359 4695 λόγου,
1402 4631 1652 4701 ἐμέρισεν
1691 4634 1769 4693 εἰς
1805 4632 1930 4693 τοὺς

362 4719 715 4787 γεννηθέντας
770 4718 960 4771 ἑαυτοῦ
1014 4720 1110 4789 τὴν
1169 4721 1372 4773 οὐσίαν.
1417 4722 1524 4774 Καὶ
1564 4722 1778 4792 πρῶτον
1830 4724 1929 4793 μὲν

360 4808 452 4860 ἐπὶ
476 4809 567 4861 τοῦ
602 4808 686 4860 διὰ
716 4810 814 4878 τῆς
847 4811 1027 4879 Ἀγαρ
1048 4809 1204 4862 τόκου
1230 4850 1244 4873 ,
1278 4812 1356 4873 είς
1386 4810 1479 4863 δύο
1502 4814 1765 4882 τμήματα
1794 4814 1929 4867 διαι-

362 4901 537 4971 ρεθεὶς
565 4940 579 4961 ,
614 4903 670 4953 ὲν
701 4901 776 4970 τῷ
822 4902 901 4954 ἑνὶ
928 4901 1035 4954 τῶν
1082 4902 1366 4970 ἡμιτόμων
1409 4904 1616 4971 γίνεται
1656 4907 1877 4976 Ἰσμαήλ
1914 4925 1927 4938 ·

360 4993 451 5043 καὶ
498 4978 574 5042 ἐν’
608 4991 685 5061 τῷ
732 4976 902 5063 ἑτέρῳ
939 4993 1180 5063 διαμένει
1208 4995 1409 5063 ἥμισυς
1449 4996 1718 5066 Ἀϐραάμ.
1770 5000 1925 5051 Μετά

358 5082 530 5134 ταῦτα
555 5082 611 5135 δὲ
639 5084 699 5135 τὸ
731 5084 1047 5154 λειπόμενον
1073 5085 1171 5152 τῆς
1199 5085 1292 5137 τοῦ
1334 5087 1581 5157 Ἀϐραὰμ
1607 5089 1813 5154 οὐσίας,
1848 5093 1927 5152 εἰς

358 5173 449 5225 τὸν
498 5173 715 5226 διπλοῦν
769 5175 926 5228 τόκον
973 5175 1066 5230 τοῦ
1112 5176 1633 5249 Ἰσαὰκὲμερίσθηο
1689 5179 1827 5233 ὥστε
1870 5184 1930 5235 τὸ

361 5263 542 5330 ὄγδοον
594 5266 649 5317 ὲν
682 5268 923 5337 ἑκατέρῳ
972 5266 1081 5319 τῶν
1117 5268 1353 5336 ἐγγόνων
1404 5272 1673 5337 γενέσθαι.
1713 5274 1834 5337 Πῶς
1865 5277 1928 5329 ἄν

358 5372 442 5417 τις
489 5358 545 5407 ὲν
596 5359 705 5419 τοῖς
750 5357 955 5411 δώδεκα
1006 5361 1371 5431 πατριάρχαις
1419 5365 1799 5433 κερματίσειεν
1850 5368 1928 5428 εἰς

364 5443 504 5512 μέρη
536 5444 899 5498 διαλεπτύνων
944 5448 1004 5500 τὸ
1036 5448 1218 5516 ὄγδοον
1243 5466 1256 5481 ’
1293 5450 1325 5520 ἢ
1380 5453 1437 5502 ἐν
1485 5455 1602 5515 ταῖς
1650 5455 1808 5507 πέντε
1837 5456 1929 5507 καὶ

362 5532 728 5604 ἑϐδομήκοντα
770 5534 966 5605 ψυχαῖς
1014 5540 1069 5591 ἐν
1101 5534 1185 5602 αἷς
1234 5542 1260 5591 6
1307 5542 1497 5595 Ἰακὼϐ
1545 5544 1803 5612 κατῆλθεν
1852 5548 1929 5608 είς

2038 4447 2315 4501 Ismaelem
2345 4454 2397 4499 et
2429 4445 2693 4508 lsaacum,
2742 4448 2867 4514 quia
2899 4446 3268 4515 corruptibilis
3304 4454 3458 4510 erat;
3511 4447 3606 4498 sed

2039 4539 2278 4607 seipsum
2311 4552 2404 4606 per
2433 4537 2686 4590 ancillam
2734 4545 2789 4588 et
2830 4536 3123 4604 legitimam
3155 4535 3438 4603 conjugem
3482 4550 3607 4596 pro-

2037 4630 2262 4691 creavit,
2303 4630 2385 4683 vel
2422 4629 2524 4681 alia
2551 4628 2782 4697 quadam
2815 4637 3126 4697 portentosa
3174 4626 3391 4678 ratione
3437 4624 3605 4693 inge-

2036 4720 2180 4773 nitos
2225 4734 2378 4773 suam
2411 4720 2702 4773 essentiam
2752 4715 3034 4787 partiendo
3072 4712 3304 4767 diffudit.
3366 4712 3605 4767 Primum

2035 4810 2253 4880 quidem
2291 4812 2342 4863 in
2399 4818 2553 4878 partu
2602 4824 2697 4878 per
2749 4808 3004 4862 ancillam
3044 4808 3208 4875 Agar,
3251 4806 3303 4857 in
3358 4805 3468 4861 duo
3524 4819 3607 4857 se-

2031 4911 2246 4973 gmenta
2299 4902 2547 4964 divisus,
2616 4902 2669 4954 in
2731 4916 2839 4953 uno
2896 4899 3305 4954 semisectorum
3364 4895 3606 4971 gignitur

2032 4994 2255 5048 lsmael:
2319 4994 2372 5046 in
2423 4994 2595 5045 altero
2651 4990 2911 5045 dimidius
2972 4996 3251 5058 permanet
3310 4986 3602 5040 Abraham.

2032 5086 2225 5142 Postea
2271 5100 2402 5138 vero
2442 5086 2711 5153 reliquum
2770 5081 3021 5137 essentize
3079 5079 3350 5133 Abraham
3406 5078 3461 5131 in
3502 5078 3605 5131 dus

2033 5179 2226 5247 plicem
2278 5188 2491 5245 partmn
2550 5176 2727 5244 ipsius
2777 5174 2927 5226 Isaac
2970 5170 3316 5239 dispertitum
3360 5167 3483 5235 fuit,
3533 5168 3605 5223 ita

2036 5278 2095 5323 ut
2123 5270 2175 5321 in
2218 5276 2449 5336 utroque
2496 5273 2782 5336 gnatorum
2820 5278 2945 5332 pars
2980 5268 3172 5316 ot-tava
3226 5258 3413 5313 fuerit.
3461 5257 3606 5324 Quo-

2036 5358 2197 5412 modo
2221 5359 2347 5427 quis
2385 5358 2435 5409 in
2472 5356 2753 5410 duodecim
2795 5354 3132 5423 patriarchas
3165 5351 3514 5411 dissecuerit,
3549 5350 3602 5401 in

2035 5450 2330 5520 particulas
2378 5457 2623 5502 octavam
2678 5454 2886 5514 partem
2941 5443 3347 5505 comminuens,
3402 5439 3488 5495 vel
3548 5440 3602 5492 in

2036 5543 2277 5612 quinque
2305 5547 2357 5596 et
2390 5538 2731 5609 septuaginta
2763 5537 2994 5599 animas,
3031 5548 3154 5587 cum
3192 5532 3393 5601 quibus
3432 5528 3605 5583 Jacob
