4146 6370
521 303 628 364 ινδ

1755 314 1811 372 S.
1855 314 2180 372 GREGORII
2215 313 2505 371 NYSSENI

3669 309 3773 364 496

520 423 575 476 in
599 420 894 494 Egyptum
924 423 1279 480 descendit‘?
1317 426 1384 480 Et
1415 428 1544 498 quid
1579 429 1693 484 lucc
1725 429 1870 494 dico,
1902 445 2024 484 cum
2068 446 2098 484 a

2204 432 2514 498 Αἵγυπτον;
2554 429 2663 484 Καὶ
2721 429 2771 481 τί
2806 427 2978 481 ταῦτα
3016 425 3176 495 λέγω,
3212 424 3331 479 δέον
3363 422 3471 477 ἀπὸ
3501 421 3593 475 τοῦ
3623 421 3747 494 πρώ

520 529 696 583 primo
725 515 944 571 homine
975 517 1139 573 ducto
1179 529 1502 590 argumento
1557 522 1752 576 horum
1797 524 2091 579 verborum

518 612 666 660 esset
703 605 995 661 refellenda
1023 608 1343 664 dementia?
1377 610 1432 664 Si
1458 612 1603 666 enim
1655 613 1828 668 solius
1884 621 1969 668 est
2004 615 2092 667 in-

519 697 910 766 corruptibilis,
940 700 993 752 in
1026 701 1334 766 generando
1365 712 1615 756 naturam
1640 719 1748 756 non
1771 702 2049 772 dispertiri
2076 723 2090 758 :

519 789 894 858 corruptibilis
930 806 1056 844 vero
1086 791 1254 845 Adam
1282 792 1349 846 ad
1381 809 1540 862 quem
1577 796 1780 848 dictum
1811 804 1926 850 est:
1955 794 2096 860 Quia

522 887 662 931 terra
691 896 766 945 es,
795 889 843 934 et
874 881 927 934 in
950 889 1143 936 terram
1177 885 1446 938 reverteris
1470 886 1511 950 ’⁵,
1547 886 1770 938 omnino
1802 900 1956 939 suam
2011 901 2098 941 es-

519 970 752 1024 sentiam
782 973 1140 1041 partiebatur,
1169 975 1471 1030 secundum
1517 977 1780 1031 rationem
1821 975 2094 1039 Eunomii,

519 1076 646 1114 eum
691 1061 746 1114 in
779 1078 846 1117 ex
891 1065 1073 1133 seipse
1100 1066 1314 1135 genitos
1344 1065 1719 1121 divideretur:
1753 1066 2099 1121 multitudine

521 1160 700 1206 autem
749 1163 1089 1221 posterorum
1137 1160 1284 1228 (cum
1331 1173 1557 1213 necesse
1601 1164 1749 1212 esset
1784 1159 1840 1210 in
1881 1171 2098 1226 quoque

520 1244 772 1298 essentia:
801 1254 1139 1314 segmentum
1191 1249 1447 1319 inveniri)
1498 1265 1596 1319 pro
1643 1264 1876 1305 numero
1905 1264 2098 1302 eorum

521 1331 614 1400 qui
633 1341 1008 1400 nascerentur,
1033 1337 1077 1390 si
1099 1337 1454 1400 divideretur,
1474 1339 1626 1407 prius
1647 1339 1836 1392 Adami
1857 1339 2100 1393 essentia

522 1423 920 1488 absumeretur,
959 1441 1122 1494 quam
1158 1427 1225 1481 ad
1259 1429 1534 1482 Abraham
1582 1431 1970 1484 subsistentem
2003 1445 2100 1482 na-

524 1519 700 1565 turam
765 1515 1162 1582 perveniretur,
1221 1518 1451 1574 inﬁnitis
1505 1536 1571 1574 ex
1634 1521 1752 1590 ipso
1801 1523 2100 1590 progenitis

522 1601 705 1657 decies
738 1603 977 1660 millibus
1007 1621 1104 1676 per
1142 1615 1328 1662 tenues
1357 1609 1481 1664 illas
1529 1617 1582 1662 et
1630 1610 1940 1664 individuas
1974 1625 2100 1679 par"

523 1691 720 1746 ticulas
746 1693 1014 1763 dispersa.
1051 1695 1236 1767 Neque
1276 1698 1574 1768 quidquam
1617 1701 1866 1754 essentia:
1908 1699 2098 1754 Adami

2195 541 2286 576 του
2313 524 2599 595 ἀνθρώπου
2632 522 2896 590 διελέγξαι
2926 521 3056 589 τῶν⁸
3077 519 3382 589 λεγομένων
3422 517 3519 588 τὴν
3555 517 3768 580 dvenam;

2201 615 2260 668 Ei
2289 615 2400 685 γὰρ
2435 615 2595 684 μόνου
2639 612 2732 666 τοῦ
2769 611 3046 682 ἀφθάρτου
3084 610 3234 674 ἐστὶ,
3290 608 3363 678 μὴ
3400 604 3638 678 μερίζειν
3675 606 3771 676 τὴν

2199 705 2358 774 φύσιν
2391 708 2448 757 ἐν
2481 704 2559 775 τῷ
2607 705 2798 774 γεννᾷν
2823 721 2835 733 ·
2868 701 3104 772 φθαρτὸς
3147 700 3204 752 δέ
3247 701 3275 753 ὁ
3310 698 3510 768 Ἀδὰμ,
3550 697 3686 768 πρὸς
3713 696 3771 749 ὃν

2199 796 2420 867 ἐρρέθη,
2445 797 2526 849 ὅτι
2555 795 2646 863 Γῆ
2673 791 2729 850 εἷ
2754 795 2849 848 καὶ
2878 796 2965 859 είς
2997 791 3114 862 γῆν
3145 791 3457 857 ἀπελεύσῃ
3485 806 3498 821 ·
3551 788 3770 859 ἐμέριζε

2199 887 2414 948 πάντως
2437 885 2628 938 ἐαυτοῦ
2662 885 2760 956 τὴν
2799 883 2984 936 οὐσίαν
3010 923 3024 946 ,
3059 881 3200 935 κατά
3229 880 3318 934 τὸν
3355 879 3510 948 λόγον
3546 878 3636 931 τοῦ
3669 879 3771 930 Eii-

2199 979 2386 1047 νομίου
2412 1017 2426 1037 ,
2459 979 2537 1040 είς
2572 977 2698 1040 τούς
2727 977 2856 1046 παρ’
2885 973 3078 1028 ἐαυτοῦ
3111 972 3480 1041 γεννωμένους
3509 971 3772 1040 τεμνόμε-

2199 1083 2306 1128 νος.
2336 1064 2424 1135 Τῷ
2453 1067 2509 1118 δέ
2535 1065 2726 1136 πλήθει
2759 1064 2865 1117 τῶν
2903 1062 3294 1132 ἐπιγινομένων
3330 1059 3643 1127 ἀναγκαίως
3675 1056 3768 1109 τοῦ

2200 1153 2584 1224 εὑρισκομένου
2608 1155 2734 1222 παρ’
2764 1152 2976 1220 ἑκάστῳ
3006 1150 3102 1218 τῆς
3134 1147 3321 1209 οὐσίας
3347 1147 3650 1215 τμήματος,
3679 1159 3772 1195 κα-

2199 1245 2268 1296 τά
2295 1245 2383 1297 τὸν
2417 1242 2646 1313 ἀριθμὸν
2686 1243 2794 1294 τῶν
2825 1239 3154 1309 τικτομένων
3197 1235 3568 1305 διαιρουμένου
3594 1274 3609 1298 ,
3641 1250 3772 1302 προ·

2199 1337 2502 1388 δαπανᾶται
2569 1335 2667 1404 τῆς
2732 1333 2824 1386 τοῦ
2896 1330 3144 1400 Ἀϐραὰμ
3195 1327 3543 1386 ὑποστάσεως
3598 1326 3630 1394 ἡ
3679 1322 3770 1376 τοῦ

2215 1428 2385 1498 Ἀδὰμ
2412 1427 2567 1480 οὐσία
2595 1466 2609 1489 ,
2665 1427 2786 1488 ταῖς
2833 1423 3078 1493 ἀπείροις
3107 1421 3215 1473 τῶν
3245 1421 3303 1487 ἐξ
3332 1418 3497 1472 αὐτοῦ
3544 1416 3772 1488 μυριάσι

2200 1517 2286 1570 διὰ
2318 1518 2425 1570 τῶν
2455 1515 2663 1569 λεπτῶν
2688 1531 2746 1567 τε
2791 1515 2883 1566 καὶ
2911 1513 3126 1582 ἀτόμων
3159 1511 3382 1564 ἐκείνων
3411 1508 3613 1578 μορίων
3644 1521 3740 1558 σκε

2201 1607 2455 1660 δασθεῖσα
2476 1625 2487 1638 ·
2520 1608 2612 1659 καὶ
2651 1604 2829 1657 οὐκέτι
2861 1603 2926 1656 ἂν
2952 1603 3260 1673 εὑρίσκεται
3304 1599 3553 1668 λείψανον
3585 1595 3773 1657 οὐσίας

2202 1697 2262 1751 τὸ
2291 1701 2352 1750 ἐκ
2379 1697 2470 1751 τοῦ
2513 1697 2682 1766 Ἀδὰμ
2709 1698 2788 1758 εἰς
2820 1695 2910 1746 τὸν
2949 1693 3218 1764 ’Λϐραάμ,
3247 1691 3340 1744 καὶ
3365 1692 3489 1749 τοὺς
3518 1687 3576 1752 ἐξ
3604 1686 3770 1740 αὐτοῦ

524 1785 756 1852 amplius
785 1786 1123 1843 inveniretur
1145 1791 1441 1859 reliquum,
1471 1791 1618 1859 quod
1659 1793 1711 1844 in
1738 1791 2011 1844 Abraham
2043 1799 2098 1846 et

2204 1788 2582 1858 μεριζόμενον,
2623 1785 3094 1856 προαναλωθείσης
3124 1784 3181 1835 ἐν
3213 1785 3330 1844 ταῖς
3377 1780 3625 1849 ἀπείροις
3663 1777 3770 1829 τῶν

522 1872 644 1940 ejus
692 1875 834 1929 ﬁlios
881 1891 943 1929 ac
977 1884 1230 1946 posteros
1261 1879 1607 1947 dispertitum
1659 1878 2092 1934 diffunderetur:

523 1967 650 2035 quia
705 1969 856 2036 prius
919 1971 972 2023 in
1035 1971 1264 2025 inﬁnitis
1315 1978 1370 2026 et
1429 1973 1919 2028 innumerabilibus
1971 1983 2098 2029 ante

525 2059 701 2124 ipsum
740 2060 1036 2128 progenitis
1079 2077 1175 2131 per
1212 2063 1336 2117 illas
1385 2072 1789 2134 segtnentorum
1837 2066 2098 2119 minutias

522 2159 666 2202 esset
694 2152 981 2220 absumpta
1010 2163 1062 2206 et
1096 2153 1360 2208 exhausta
1398 2164 1613 2209 natura.
1649 2155 1838 2210 Videte
1861 2157 2098 2210 hominis

523 2238 815 2289 amentiam
855 2255 976 2309 qua:
1014 2239 1160 2292 dicat
1201 2241 1522 2304 nescientis,
1575 2256 1754 2310 neque
1801 2242 1870 2296 de
1900 2243 2099 2312 quibus

524 2328 777 2383 afﬁrmet.
814 2329 946 2382 Cum
985 2331 1130 2384 enim
1172 2331 1322 2397 dicit,
1367 2333 1627 2401 quoniam
1669 2333 2099 2403 incorruptibilis

524 2427 628 2485 est,
653 2437 827 2490 neque
849 2437 1002 2475 suam
1043 2425 1274 2491 partitur
1302 2424 1621 2487 essentiam,
1653 2440 1826 2493 neque
1857 2409 2099 2494 seipsum

526 2520 770 2577 generat,
813 2528 988 2580 neque
1027 2511 1186 2566 Pater
1215 2529 1281 2568 ex
1322 2514 1503 2582 seipso
1531 2515 1812 2581 nascitur;
1857 2515 1910 2568 in
1951 2516 2098 2568 onmi

523 2617 590 2656 eo
627 2605 768 2680 quod
822 2605 1158 2674 corruptioni
1219 2607 1532 2674 subjicitur,
1577 2621 1640 2658 ex
1711 2608 2102 2661 consecutione

523 2693 671 2746 dedit
717 2695 1084 2762 intelligenda,
1133 2697 1221 2749 illa
1254 2697 1307 2748 in
1361 2697 1711 2765 generatione
1756 2697 2097 2766 contingere,

525 2799 870 2852 quzeeunque
921 2785 1022 2838 soli
1075 2786 1478 2854 incorruptibili
1528 2801 1634 2838 non
1678 2786 1856 2841 inesse
1907 2789 2104 2840 confir-

525 2877 708 2929 mavit.
742 2874 850 2929 Sed
887 2891 1010 2930 cum
1051 2878 1218 2930 multa
1246 2878 1355 2932 sint
1381 2878 1485 2930 alia
1517 2893 1638 2946 qua:
1667 2879 1879 2946 possint
1907 2879 2099 2932 horum

523 2965 792 3019 dictorum
825 2967 1113 3021 vanitatem
1155 2982 1428 3038 arguere;
1479 2985 1600 3038 qtae
1647 2978 1775 3024 sunt
1834 2971 2102 3025 hactenus

525 3056 582 3109 in
621 3055 860 3111 medium
895 3059 1102 3126 prolata
1151 3059 1219 3111 ad
1265 3059 1428 3126 hujus
1470 3061 1720 3114 amentiae
1753 3059 2099 3115 demonstra-

523 3147 726 3202 tionem
763 3149 896 3204 satis
919 3165 1039 3203 esse
1064 3151 1301 3203 arbitror
1330 3169 1343 3204 :
1393 3151 1496 3205 hoc
1523 3160 1703 3206 autem
1734 3153 1875 3222 apud
1910 3155 2102 3208 doctos
2130 3139 2174 3200 (ἶ

524 3246 579 3292 et
608 3239 848 3293 scientes
896 3255 1218 3295 concessum
1267 3250 1351 3296 est
1409 3249 1462 3295 et
1519 3244 1794 3306 convenit,
1847 3244 1978 3312 quid
2037 3261 2104 3298 ex

523 3342 742 3399 quaque
775 3345 833 3383 re
850 3339 1222 3399 consequatur
1246 3333 1654 3401 respiciendum
1686 3350 1828 3389 esse.
1865 3333 1966 3399 Qui
2003 3336 2104 3390 soli

525 3417 670 3472 Patri
712 3421 1128 3490 incorruptibile
1167 3423 1436 3487 attribuit,
1470 3424 1653 3476 omnia
1699 3441 1818 3493 qua:
1855 3438 1976 3494 poSt
2005 3425 2107 3478 Pa-

526 3517 663 3562 trem
692 3511 875 3563 animo
909 3521 958 3565 et
989 3519 1169 3565 tuente
1193 3520 1514 3576 cernuntur,
1546 3514 1632 3565 illa
1671 3530 1793 3582 qua:
1821 3515 1990 3569 estad
2017 3517 2102 3570 in-

524 3601 878 3668 corruptibile
899 3601 1204 3655 differentia
1235 3604 1611 3673 corruptibilia
1650 3621 1772 3660 esse
1797 3605 2102 3661 conﬁrmat.

526 3688 602 3741 lla
629 3696 686 3740 ut
719 3703 892 3758 neque
923 3689 1118 3744 Filium
1151 3707 1179 3744 a
1212 3693 1565 3761 corruptione
1594 3693 1821 3748 liberum
1855 3711 1979 3750 esse
2009 3696 2105 3751 de-

527 3789 810 3834 monstret.
844 3782 897 3834 Si
929 3783 1093 3849 igitur
1119 3782 1313 3838 Filium
1344 3784 1412 3837 ab
1449 3786 1848 3853 incorruptibili
1890 3787 2108 3843 differre

526 3869 677 3935 facit,
706 3886 813 3924 non
842 3873 1022 3926 solum
1063 3875 1238 3944 ipsum
1270 3892 1393 3931 esse
1430 3877 1844 3945 corruptibilem
1890 3879 2102 3946 definit,

525 3961 621 4016 sed
658 3963 820 4016 etiam
844 3964 946 4017 alia
981 3965 1047 4020 de
1077 3967 1194 4035 ipso
1231 3967 1452 4031 astruit,
1490 3983 1829 4038 quaecunque
1861 3970 1959 4024 soli
2001 3971 2104 4023 im-

523 4052 742 4104 mortali
785 4068 892 4106 non
924 4055 1115 4108 adesse
1149 4056 1298 4108 dicit.
1339 4055 1660 4110 Necessario
1688 4057 1831 4109 enim
1873 4058 1917 4111 si
1955 4060 2105 4114 solus

525 4139 685 4196 Pater
733 4159 910 4212 neque
960 4137 1198 4213 seipsu'm
1240 4157 1480 4214 generat,
1537 4163 1712 4216 neque
1737 4163 1766 4199 a
1805 4149 1986 4215 seipse
2015 4166 2107 4218 ge-

524 4241 772 4294 neratur,
800 4233 1062 4304 quidquid
1093 4234 1507 4305 incorruptibile
1534 4253 1640 4290 non
1665 4247 1746 4291 est
1775 4246 1828 4292 et
1864 4239 2103 4307 scipsnm

525 4332 748 4393 generat
789 4333 842 4379 et
890 4340 921 4378 a
962 4326 1140 4394 seipse
1184 4335 1516 4396 generatur,
1560 4338 1614 4382 et
1661 4339 1811 4397 pater
1859 4338 1912 4382 et
1961 4330 2104 4384 ﬁlius

523 4413 667 4468 idem
695 4416 958 4485 suiipsius
987 4417 1245 4480 efﬁcitur,
1294 4420 1540 4486 utrisque
1577 4421 1830 4474 essentia:
1856 4422 2103 4488 partibus

524 4507 1014 4559 acconnnodatutn.
1067 4506 1123 4560 Si
1166 4507 1309 4561 enim
1340 4509 1510 4562 solius
1544 4510 1615 4564 sit
1647 4507 1826 4563 Patris
1853 4509 2102 4563 incorru-

525 4595 768 4666 ptibilem
795 4612 951 4662 esse,
981 4599 1260 4668 proprium
1301 4608 1481 4654 autem
1525 4600 1956 4670 incorruptibilis
1987 4602 2100 4655 haec

2201 1881 2307 1952 πρὸ
2339 1878 2502 1933 αὐτοῦ
2528 1879 2825 1947 γεγονότων
2873 1876 3094 1946 μυριάσι
3127 1872 3215 1926 διὰ
3255 1871 3352 1941 τῆς
3381 1868 3771 1939 λεπτομερείας

2199 1975 2307 2026 τῶν
2336 1971 2636 2042 τμημάτων
2667 1971 2768 2039 τῆς
2805 1969 3037 2037 φύσεως.
3085 1965 3277 2036 Ὁρᾶτε
3313 1965 3410 2033 τὴν
3445 1962 3630 2015 ἄνοιαν
3674 1958 3768 2012 τοῦ

2204 2066 2280 2137 μὴ
2308 2065 2506 2125 εἰδότος
2535 2062 2570 2115 ἀ
2595 2062 2773 2128 λέγει,
2813 2059 2946 2128 μηδὲ
2979 2058 3106 2128 περὶ
3147 2057 3305 2109 τίνων
3346 2051 3770 2106 διαϐεϐαιοῦται.

2213 2157 2298 2208 Ἐν
2329 2155 2434 2226 γὰρ
2455 2153 2531 2223 τῷ
2559 2155 2750 2214 εἰπεῖν,
2783 2149 2966 2220 ἐπειδὴ
2996 2148 3265 2220 ἄφθαρτός
3305 2148 3479 2208 ἐστιν,
3520 2143 3642 2196 οὔτε
3674 2158 3772 2210 με·

2203 2246 2340 2318 ρίξει
2386 2247 2485 2315 τὴν
2517 2244 2702 2296 οὐσίαν
2725 2283 2742 2309 ,
2787 2241 2910 2294 οὔτε
2941 2242 3132 2295 ἐαυτὸν
3161 2240 3325 2310 γεννᾷ
3350 2281 3364 2304 ,
3413 2236 3535 2290 οὐτε
3579 2231 3770 2288 ἐαυτοῦ

2203 2339 2388 2408 Πατὴρ
2418 2338 2661 2404 γίνεται,
2695 2335 2891 2387 ἔδωκεν
2919 2334 3011 2386 ἐπὶ
3058 2333 3252 2395 παντὸς
3304 2330 3398 2383 τοῦ
3429 2328 3603 2399 φθορᾷ
3635 2327 3769 2380 ὐπο-

2203 2431 2453 2500 κειμένου
2499 2430 2564 2482 ἐκ
2609 2427 2704 2480 τοῦ
2739 2426 3032 2478 ἀκολούθου
3059 2467 3073 2490 ,
3119 2426 3302 2478 ἐκεῖνα
3344 2423 3483 2474 νοεῖν
3533 2421 3624 2472 ἐπὶ
3674 2419 3774 2488 τῆς

2203 2521 2506 2588 γεννήσεως
2539 2517 2889 2587 συμϐαίνειν,
2943 2517 3041 2568 ὅσα
3082 2515 3225 2584 μόνῳ
3264 2511 3340 2583 τῷ
3386 2511 3647 2582 ἀφθάρτῳ
3699 2510 3774 2579 μὴ

2205 2615 2482 2683 προσεῖναι
2541 2611 2927 2682 διισχυρίσατο.
2983 2607 3142 2660 Ἀλλά
3191 2604 3400 2658 πολλῶν
3454 2605 3621 2656 ὄντων
3679 2598 3774 2652 καὶ

2205 2703 2378 2756 ἄλλων
2403 2703 2511 2755 τῶν
2541 2703 2854 2771 δυναμένων
2880 2700 3141 2764 ἐπιδεῖξαι
3167 2701 3265 2768 τὴν
3305 2695 3639 2766 ματαιότητα
3664 2691 3772 2744 τῶν

2205 2795 2532 2863 λεγομένων,
2567 2795 2755 2862 ἀρκεῖν
2787 2791 2970 2862 οἴομαι
2999 2790 3132 2858 πρὸς
3162 2787 3431 2851 ἀπόδειξιν
3459 2785 3558 2852 τῆς
3590 2781 3773 2843 ἀνοίας

2204 2885 2272 2937 τὰ
2307 2884 2589 2955 εἰρημένα.
2624 2882 2792 2935 Τοῦτο
2814 2882 2869 2934 δὲ
2913 2882 3126 2942 πάντως
3155 2875 3603 2948 προωμολόγηται
3623 2871 3774 2938 παρά

2205 2979 2314 3038 τοῖς
2351 2975 2766 3044 ἐπισταμένοις,
2807 2973 2940 3044 πρὸς
2966 2971 3025 3024 τὸ
3072 2967 3357 3024 ἀκόλουθον
3399 2967 3648 3035 βλέπεινο
3690 2962 3775 3014 ὅτι

2209 3066 2352 3136 μόνῳ
2373 3063 2449 3134 τῷ
2472 3065 2641 3132 Πατρλ.
2669 3062 3164 3134 προσμαρτυρήσας
3185 3061 3246 3112 τὸ
3271 3057 3568 3127 ἄφθαρτον,
3597 3053 3775 3106 πάντα

2205 3154 2272 3207 τὰ
2303 3154 2439 3224 μετά
2463 3153 2551 3206 τὸν
2586 3154 2801 3228 Πατέρα
2832 3151 3092 3221 νοούμενα
3129 3152 3194 3220 τῇ
3230 3149 3365 3218 πρὸς
3406 3147 3464 3199 τὺ
3502 3144 3775 3216 ἄφθαρτον

2206 3243 2578 3312 ἀντιδιαστολῇ
2620 3242 2833 3313 φθαρτά
2875 3236 3016 3293 εἶναι
3059 3237 3478 3300 κατασκευάζει.
3518 3236 3604 3298 Ὠς
3641 3237 3769 3305 μηδέ

2205 3335 2295 3388 τὸν
2327 3335 2452 3388 Υἱὸν
2479 3335 2684 3406 φθορᾶς
2729 3333 3084 3386 ἐπιδεικνύειν
3116 3330 3418 3401 ἐλεύθερον.
3450 3330 3511 3381 Εἰ
3557 3324 3648 3381 οὖν
3680 3328 3774 3380 ἀν-

2205 3425 2558 3480 τιδιαστέλλει
2585 3427 2674 3477 τὸν
2707 3425 2832 3477 Υἰὸν
2876 3424 2952 3494 τῷ
2993 3423 3254 3492 ἀφθάρτῳ
3280 3461 3293 3484 ,
3335 3421 3392 3472 οὐ
3429 3419 3584 3485 μόνον
3613 3416 3775 3470 αὐτὸν

2209 3517 2441 3587 φθαρτὸν
2472 3512 2610 3569 εἶναι
2638 3515 2948 3586 διορίζεται,
2985 3515 3120 3567 ἀλλά
3145 3515 3238 3566 καὶ
3262 3513 3330 3564 τὰ
3355 3510 3489 3565 ἄλλα
3518 3509 3645 3579 περὶ
3675 3509 3772 3560 αὐ-

2206 3608 2300 3660 τού
2339 3607 2758 3670 κατασκευάζει,
2789 3607 2887 3658 ὅσα
2926 3605 3070 3674 μόνῳ
3103 3604 3180 3674 τῷ
3214 3603 3473 3671 ἀφθάρτῳ
3501 3600 3574 3670 μὴ
3605 3615 3774 3669 προσ-

2207 3700 2343 3749 εἶναι
2377 3697 2542 3765 λέγει.
2586 3697 2922 3764 Ἀναγκαίως
2950 3697 3056 3765 γὰρ
3095 3698 3142 3747 εἰ
3190 3694 3347 3764 μόνος
3383 3695 3410 3744 ὁ
3440 3690 3628 3759 Πατὴρ
3653 3687 3775 3741 οὔτε

2207 3789 2396 3841 ἑαυτὸν
2425 3789 2587 3858 γεννᾷ
2610 3828 2623 3851 ,
2658 3787 2780 3839 οὔτε
2814 3787 2901 3854 ὐφ’
2937 3786 3128 3839 ἑαυτοῦ
3174 3787 3464 3853 γεννᾶται,
3503 3782 3608 3833 πᾶν
3636 3779 3664 3831 ὃ
3700 3779 3776 3848 μὴ

2207 3880 2480 3950 ἀφθαρτόν
2523 3882 2676 3943 ἐστι,
2714 3879 2808 3931 καὶ
2843 3879 3002 3930 eam
3041 3877 3205 3946 γεννᾷ
3230 3914 3244 3937 ,
3301 3875 3394 3927 καὶ
3445 3872 3533 3941 ὐφ’
3583 3871 3775 3924 ἐαυτοῦ

2207 3974 2476 4038 γεννᾶται,
2513 3970 2605 4022 καὶ
2635 3970 2817 4038 πατὴρ
2856 3969 2948 4020 καὶ
2998 3967 3110 4029 υἱὸς
3147 3967 3278 4018 αὐτὸ
3315 3962 3506 4015 ἐαυτοῦ
3545 3961 3774 4029 γίνεται,

2209 4063 2342 4132 πρὸς
2375 4061 2606 4129 ἑκάτερα
2653 4059 2750 4128 τῆς
2801 4058 2985 4120 οὐσίας
3035 4054 3528 4126 μεθαρμοζόμενον.
3559 4053 3620 4103 Εἰ
3669 4049 3778 4120 γὰρ

2211 4152 2368 4222 μόνον
2399 4151 2491 4202 τοῦ
2524 4149 2734 4217 Πατρός
2768 4150 2882 4199 ἐστι
2934 4147 2994 4199 τὸ
3027 4146 3298 4216 ἄφθαρτον
3349 4140 3521 4206 εἶναι,
3565 4142 3692 4194 ἴδιον
3717 4141 3775 4194 δὲ

2206 4242 2298 4294 τοῦ
2330 4241 2608 4312 ἀφθάρτου
2632 4239 2690 4292 τὸ
2722 4240 2795 4308 μὴ
2824 4238 2991 4291 ταῦτα
3022 4233 3180 4300 εἷναι,
3201 4236 3321 4289 οὔτε
3351 4235 3624 4303 ἄφθαρτος
3646 4233 3778 4284 niv-

2208 4349 2312 4395 τως
2347 4334 2374 4384 ό
2407 4333 2531 4394 Υἱὸς
2559 4332 2698 4383 κατὰ
2730 4330 2819 4382 τὸν
2839 4329 2934 4399 τῆς
2960 4328 3217 4398 αἱρέσεως
3252 4328 3427 4394 λόγον,
3467 4327 3560 4377 καὶ
3605 4323 3775 4376 ταῦτα

2211 4425 2384 4476 πάντα
2411 4425 2536 4493 ’περὶ⁵
2566 4423 2726 4476 αὐτὸν
2754 4423 2969 4484 πάντως
3003 4421 3148 4473 ἐστίν
3177 4439 3189 4450 ·
3223 4420 3284 4471 τὸ
3326 4416 3641 4488 μερίζεσθαι
3677 4418 3776 4481 τὴν

2207 4513 2414 4575 οὐσίαν,
2453 4513 2512 4565 τὸ
2535 4513 2738 4564 τίκτειν
2777 4511 2964 4563 ἐαυτὸν
2996 4510 3086 4561 καὶ
3125 4509 3211 4576 ὐφ’
3243 4506 3434 4559 ἐαυτοῦ
3462 4502 3772 4573 γεννᾶσθαι,

2207 4604 2415 4672 πατέρα
2438 4604 2530 4656 καὶ
2558 4604 2668 4655 υἱὸν
2691 4603 2851 4655 αὐτὸν
2879 4599 3070 4653 ἑαυτοῦ
3099 4598 3362 4666 γίνεσθαι.

523 4704 635 4742 non
684 4704 848 4756 esse;
897 4706 998 4745 nec
1031 4691 1465 4762 incorruptibilis
1496 4694 1722 4748 omnino
1776 4693 1947 4749 Filius
2002 4703 2106 4760 est,
2144 4699 2442 4751 secundum
2477 4700 2614 4752 hanc
2649 4699 2918 4751 luereseos
2951 4696 3276 4752 orationem.
3318 4701 3372 4746 et
3433 4693 3547 4744 haec
3612 4688 3772 4743 etiam

483 4852 485 4854 _
521 4777 705 4832 omnia
746 4795 972 4847 prorsus
1017 4781 1070 4834 in
1117 4783 1232 4850 ipso
1263 4795 1426 4844 sunt,
1474 4786 1770 4839 essentiam
1834 4785 2147 4855 dispertiri,
2191 4793 2429 4860 seipsum
2477 4790 2808 4859 producere,
2842 4799 2896 4844 et
2929 4803 2958 4839 a
2991 4788 3171 4856 seipso
3210 4783 3498 4854 generari,
3569 4789 3774 4849 patrem

519 4877 575 4923 et
608 4868 776 4922 filium
817 4871 993 4939 ipsum
1027 4873 1108 4926 sui
1147 4875 1319 4942 ipsius
1351 4873 1488 4926 ﬁeri.

592 4963 696 5016 Sed
739 4965 973 5020 fortasse
1017 4981 1140 5019 cum
1193 4969 1503 5021 amentibus
1553 4977 1605 5022 et
1641 4969 1852 5023 insanis
1890 4971 2102 5025 diutius

522 5053 800 5107 immorari
831 5067 883 5109 et
912 5057 1146 5110 detineri
1186 5074 1384 5110 vanum
1417 5067 1522 5114 est.
1559 5061 1638 5114 Ad
1673 5076 1734 5113 ea
1771 5061 1935 5130 igitur
1980 5077 2102 5132 quze

521 5142 777 5213 deinceps
827 5155 1128 5215 sequuntur
1171 5151 1225 5202 in
1270 5149 1390 5215 ejus
1435 5151 1684 5204 oratione
1736 5159 2099 5208 transeamus.

522 5233 618 5288 His
646 5237 827 5305 itaque
853 5237 1072 5304 adjicit:
1100 5239 1219 5292 Non
1253 5240 1306 5291 in
1339 5240 1579 5306 facienda
1608 5243 1831 5295 materia
1866 5243 1943 5296 vel
1973 5260 2101 5310 par-

521 5327 678 5391 tibus,
717 5328 793 5381 vel
839 5329 1173 5384 naturalibus
1207 5333 1570 5386 instrumentis
1600 5332 1836 5401 indigens
1878 5334 2098 5403 (nullius

520 5415 657 5469 enim
701 5419 776 5471 rei
819 5429 896 5472 est
936 5419 1187 5488 indigus).
1225 5419 1378 5474 [lane
1423 5421 1702 5479 notionem
1757 5425 1973 5477 tametsi
2030 5424 2097 5478 ad

523 5508 744 5562 verbum
771 5510 1137 5564 remissiorem
1162 5511 1380 5580 exponit
1407 5511 1726 5576 Eunomius.
1761 5522 1937 5570 tamen
1961 5515 2101 5570 hanc

612 5683 635 5715 ³
701 5690 898 5746 Cenes.
950 5699 1092 5749 XLVI.
1144 5684 1200 5739 2.
1298 5683 1322 5716 ⁸
1377 5688 1509 5744 Gen.
1575 5701 1657 5754 ιιι,
1715 5686 1804 5742 19.

2271 4969 2340 5020 Ἢ
2400 4967 2622 5036 μάταιον
2677 4967 2804 5026 ἴσως
2844 4962 2936 5015 ἐπὶ
2995 4965 3174 5014 πλεῖον
3221 4961 3618 5030 ἐμφιλοχωρεῖν
3669 4961 3779 5021 τοῖς

2201 5061 2447 5129 ἀνοήτοις
2468 5075 2479 5086 ·
2507 5057 2641 5110 ἀλλά
2664 5056 2797 5126 πρὸς
2812 5055 2870 5106 τὸ
2891 5053 3089 5124 ἐφεξῆς
3107 5053 3199 5104 τοῦ
3225 5052 3381 5119 λόγου
3407 5049 3648 5118 μετέλοω
3659 5065 3775 5118 μενο

2201 5148 2521 5219 προστίθησι
2550 5146 2656 5216 γὰρ
2685 5145 2912 5206 τούτοις·
2951 5147 3070 5196 Οὐκ
3106 5144 3174 5195 ἐν
3203 5141 3279 5205 τῷ
3313 5141 3506 5194 ποιεῖν
3533 5139 3708 5206 ὕλης,
3746 5139 3776 5205 ἦ

2199 5241 2412 5310 μερῶν.
2465 5238 2501 5305 ἢ
2533 5237 2806 5306 φυσικῶν
2845 5235 3110 5304 ὁργάνων
3139 5233 3580 5301 προσδεόμενος
3605 5248 3617 5258 ·
3649 5232 3778 5283 ἐστι

2204 5336 2313 5400 γὰρ
2333 5331 2553 5394 παντὸς
2581 5327 2942 5395 ἀπροσδεής.
2964 5326 3134 5379 Τοῦτο
3163 5325 3220 5378 τὸ
3250 5325 3448 5394 νόημα,
3474 5326 3519 5375 εἰ
3541 5323 3633 5374 καὶ
3658 5323 3778 5373 ἀτο-

2207 5423 2438 5492 νώτερον
2473 5421 2612 5473 κατά
2651 5421 2748 5491 τὴν
2773 5419 2914 5485 λέξιν
2945 5419 3213 5471 ἐκτίθεται
3259 5420 3287 5469 ὁ
3314 5415 3598 5484 Εὐνόμιος,
3631 5415 3777 5482 ὅμως

2208 5514 2306 5583 τῆς
2334 5511 2610 5574 εὐσεϐείας
2656 5511 2755 5562 οὐκ
2801 5508 3194 5580 ἀποϐάλλομεν.
3247 5505 3525 5567 Μαθόντες
3564 5504 3671 5573 γὰρ
3695 5503 3773 5554 ὅτι
