4146 6370
387 505 492 562 497

1519 519 1804 577 CONTRA
1840 517 2240 590 EUNOMIUM,
2275 519 2404 576 LIB.
2449 521 2516 577 ιι.

3563 534 3668 589 193

309 677 312 679 λ
386 621 580 686 Αὐτός
634 618 764 676 εἷπε
805 625 900 677 καὶ
947 627 1379 696 ἐγενήθησαν,
1405 635 1587 700 αὐτὸς
1629 637 1962 690 ἐνετείλατο

2069 649 2096 688 a
2126 634 2327 704 pietate
2361 650 2468 690 non
2518 635 2887 705 excludimus,
2917 639 3010 708 qui
3041 639 3334 700 didicimus
3364 647 3508 714 quod
3549 646 3672 715 ιρδσ

387 712 484 764 καὶ
511 713 902 780 ἐκτίσθησαν,
931 717 1152 789 οἴδαμεν
1177 723 1258 774 ὅτι
1289 728 1516 795 ποιητής
1561 729 1678 780 ἐστι
1708 728 1808 798 τῆς
1834 727 1965 796 ὕλης

388 804 413 853 ὁ
445 802 632 870 Λόγος.
657 805 816 868 εὐθὺς
855 813 1397 883 συναπεργαζόμενος
1422 817 1560 885 μετὰ
1579 818 1677 888 τῆς
1708 817 1839 888 ὓλης
1871 817 1964 874 καὶ

387 893 484 955 τὰς
515 894 828 965 ποιότητας.
873 899 962 962 Ὠς
1007 898 1147 954 εἶναι
1199 905 1348 976 αὐτῷ
1377 906 1445 958 τὰ
1487 908 1686 972 πάντα,
1716 909 1810 962 καὶ
1843 909 1965 962 ἀντὶ

387 981 604 1036 πάντων
663 985 761 1057 τὴν
820 989 996 1060 ὁρμὴν
1026 991 1116 1044 τοῦ
1181 997 1590 1067 παντοδυνάμου
1639 997 1960 1068 θελήματος,

388 1074 538 1144 ὕλην,
575 1076 820 1148 ὅργανον,
857 1082 1040 1149 τόπον,
1073 1085 1282 1154 χρόνον,
1307 1089 1513 1154 οὐσίαν,
1548 1090 1824 1159 ποιότητα,
1858 1092 1964 1144 πᾶν

385 1166 432 1226 ὅ,
461 1168 634 1240 τίπὲρ
667 1173 886 1224 ἐστινέν
920 1177 984 1244 τῇ
1015 1175 1188 1228 κτίσει
1219 1177 1523 1246 νοούμενον.
1565 1181 1732 1250 Ὁμοῦ
1765 1199 1822 1234 τε
1855 1181 1964 1252 γὰρ

387 1258 617 1328 ἠθέλησε
649 1263 710 1314 τὸ
738 1263 852 1316 δέον
885 1265 1156 1332 γενέσθαι,
1187 1269 1280 1321 καὶ
1309 1271 1643 1342 συνέδραμεν
1671 1273 1702 1340 ή
1734 1272 1963 1343 ἐξεργα-

388 1351 548 1421 στικὴ
577 1353 684 1407 τῶν
705 1353 874 1408 ὄντων
904 1357 1132 1428 δύναμις
1157 1359 1234 1430 τῷ
1258 1363 1512 1431 νοήματι,
1547 1363 1706 1432 ἔργον
1737 1365 1963 1418 ποιοῦσα

385 1440 445 1492 τὸ
472 1441 698 1512 θέλημα.
724 1447 879 1500 Οὕτω
904 1450 1010 1519 γὰρ
1037 1451 1318 1520 φιλοσοφεῖ
1345 1455 1472 1524 περὶ
1495 1455 1593 1524 τῆς
1625 1455 1776 1518 θείας
1805 1456 1964 1510 δυνά-

387 1551 532 1602 μεως
563 1539 588 1588 ὁ
613 1537 778 1599 πολὺς
808 1541 1014 1609 Μωῡσῆ
1021 1560 1046 1603 ς
1069 1545 1124 1594 ὲν
1144 1545 1208 1613 τῇ
1235 1546 1615 1616 κοσμογενείᾳ,
1638 1563 1964 1618 προστακτι-

385 1629 507 1690 καῖς
562 1635 764 1696 φωναῖς
820 1635 1093 1698 ἀνατιθεὶς
1141 1637 1370 1690 ἑκάστου
1415 1639 1524 1692 τῶν
1567 1642 1624 1694 ἐν
1675 1644 1740 1710 τῇ
1787 1643 1962 1695 κτίσει

385 1721 722 1788 φαινομένων
745 1724 842 1794 τὴν
863 1726 1096 1796 ποίησιν.
1149 1726 1298 1783 Ehe
1337 1731 1464 1802 γὰρ,
1505 1735 1690 1802 φησὶν,
1723 1737 1755 1787 d
1796 1734 1960 1799 Θεὸς,

385 1810 476 1864 ὅτι
523 1813 841 1880 Γενηθήτω
865 1816 1008 1885 φῶς,
1036 1819 1130 1872 καὶ
1147 1820 1382 1888 ἐγένετο
1405 1821 1550 1890 φῶς,
1583 1825 1678 1877 καὶ
1705 1826 1832 1894 περὶ
1856 1825 1962 1876 τῶν

383 1899 557 1954 ἄλλων
584 1902 862 1970 ὡσαύτως,
901 1907 1022 1962 οὔτε
1065 1909 1195 1978 ὕλης
1214 1913 1478 1984 ἐμνήσθη,
1516 1914 1638 1966 οὔτε
1665 1915 1961 1985 ὀργανικῆς

386 1989 707 2061 ὑπουργίας.
740 1996 948 2050 Οὐκοῦν
983 2000 1080 2052 οὐκ
1101 2001 1404 2072 ἀπόϐλητος
1433 2007 1488 2056 ὲν
1509 2004 1588 2073 τῷ
1608 2005 1762 2075 μέρει
1789 2005 1962 2075 τούτῳ

384 2079 476 2132 τοῦ
519 2083 777 2152 Εὐνομίου
813 2089 840 2138 ό
890 2087 1062 2156 λόγος.
1119 2092 1174 2144 '0
1205 2092 1311 2162 γὰρ
1359 2094 1485 2156 Θεὸς
1517 2095 1715 2158 κτίζων
1751 2097 1850 2146 ὅσα
1878 2094 1964 2146 διὰ

384 2170 612 2234 κτίσεως
670 2173 792 2243 ἔσχε
843 2178 940 2246 τὴν
995 2180 1224 2246 γένεσιν,
1273 2180 1394 2234 οὔτε
1431 2183 1574 2246 τινὸς
1599 2183 1964 2254 ὑποκειμένης

383 2256 536 2327 ὕλης,
589 2259 713 2314 οὔτε
782 2264 1029 2334 ὀργάνων
1067 2270 1146 2330 εἰς
1190 2270 1288 2334 τὴν
1353 2272 1696 2342 κατασκευὴν
1747 2273 1959 2342 ἐδεήθη.

397 2346 723 2420 Ἀπροσδεὴς
763 2354 871 2424 γὰρ
913 2355 1196 2428 ἀλλοτρίας
1227 2359 1475 2428 βοηθείας
1525 2364 1557 2430 ἠ
1589 2363 1682 2414 τοῦ
1713 2363 1846 2420 Θεοῦ
1876 2364 1964 2414 δύ-

387 2435 546 2504 ναμίς
567 2455 624 2490 τε
654 2443 746 2494 καὶ
785 2444 962 2510 σοφία.
999 2447 1231 2515 Χριστὸς
1258 2449 1314 2501 δέ
1348 2452 1494 2502 ἐστιν
1525 2450 1670 2520 ἡτοῦ
1716 2452 1850 2506 Θεοῦ
1880 2454 1964 2506 δύ-

386 2545 548 2598 ναμις
577 2534 668 2585 καὶ
723 2536 901 2602 σοφία,
935 2537 999 2588 δι’
1029 2533 1086 2590 οὗ
1119 2539 1191 2592 τὰ
1241 2539 1439 2592 πάντα
1474 2541 1732 2609 ἐγένετο,
1757 2543 1852 2596 καὶ
1890 2539 1960 2600 οὗ

385 2623 562 2690 χωρὶς
611 2624 729 2676 τῶν
777 2627 964 2680 ὄντων
1006 2629 1176 2681 ἐστὶν
1211 2631 1426 2684 οὐδέν·
1478 2633 1660 2697 καθὼς
1715 2635 1964 2707 Ἰωάννης

387 2713 744 2786 μαρτύρεται.
791 2719 850 2770 Ei
891 2715 983 2772 οὗν
1014 2721 1190 2774 πάντα
1239 2722 1303 2774 δι’
1331 2725 1495 2777 αὐτοῦ
1527 2727 1762 2792 ἐγένετο,
1793 2729 1964 2797 ὀρατά

385 2819 442 2854 τε
465 2807 557 2857 καὶ
579 2806 804 2876 ἀόρατα,
843 2809 1065 2880 ἐξαρκεῖ
1092 2811 1147 2864 δὲ
1186 2813 1322 2882 πρὸς
1355 2815 1454 2886 τὴν
1484 2816 1591 2868 τῶν
1641 2817 1808 2870 ὅντων
1835 2820 1964 2872 ὑπό-

385 2909 572 2947 στασιν
604 2899 634 2964 ἡ
668 2897 917 2968 βούλησις
973 2902 1106 2970 μόνη
1132 2921 1143 2933 ·
1175 2903 1405 2974 δύναμις
1437 2907 1544 2977 γάρ
1599 2908 1746 2960 ἐστιν
1774 2911 1804 2977 ή
1843 2909 1966 2979 βού-

385 2983 539 3054 λησις
564 3002 577 3015 ’
609 2988 698 3041 τὸν
727 2991 990 3062 ἡμέτερον
1010 2989 1128 3046 εἷπε
1160 2995 1314 3064 λόγον
1349 3000 1669 3070 ἐνατονούσῃ
1712 3005 1778 3070 τῇ
1821 3001 1963 3066 λέξει

385 3077 666 3148 Εὐνόμιος.
734 3081 790 3134 ’0
846 3084 954 3152 γὰρ
1009 3086 1075 3138 τὰ
1104 3085 1395 3156 σύμπαντα
1433 3091 1614 3162 φέρων
1643 3091 1720 3160 τῷ
1759 3093 1962 3162 ῥήματι

385 3170 481 3239 τῆς
535 3171 814 3241 δυνάμεως
845 3175 1030 3239 αὐτοῦ,
1079 3176 1222 3240 τίνος
1277 3179 1344 3232 ἂν
1390 3180 1622 3249 ὀργάνου
1667 3183 1757 3234 καὶ
1809 3184 1962 3245 ποίας

2065 727 2223 790 dixit,
2261 738 2308 781 et
2342 729 2488 796 facta
2519 737 2662 795 sunt,
2709 729 2813 797 ipse
2843 731 3114 787 mandavit
3167 745 3216 788 et
3261 750 3438 792 creata
3467 749 3588 792 sunt
3623 741 3666 805 ⁵,

2067 818 2272 872 scimus
2298 819 2444 888 quod
2469 820 2712 874 materiae
2741 818 2917 876 factor
2942 833 3026 878 est
3055 823 3320 892 Verbum,
3348 829 3510 884 simul
3539 845 3664 884 cum

2065 912 2182 978 ipsa
2229 913 2456 964 materia
2484 912 2748 966 continuo
2781 913 2944 967 etiam
2991 917 3286 984 qualitates
3331 921 3662 988 perﬂeieus:

2065 1003 2140 1056 ita
2173 1011 2230 1056 ut
2263 1003 2310 1056 ei
2339 1003 2452 1056 sint
2481 1003 2667 1058 omnia
2701 1013 2755 1058 et
2785 1020 2886 1075 pro
2913 1009 3172 1064 omnibus
3205 1009 3444 1080 Impetus
3487 1014 3665 1068 omni-

2066 1096 2304 1162 potentis
2349 1095 2667 1158 voluntatis,
2700 1097 2951 1158 materia,
2986 1097 3436 1164 instrumentum,
3481 1105 3661 1170 locus,

2064 1191 2300 1252 tempus,
2343 1185 2606 1249 essentia,
2639 1186 2896 1256 qualitas,
2929 1193 2984 1241 et
3019 1188 3284 1257 quidquid
3322 1192 3372 1244 in
3409 1202 3663 1246 creatura

2064 1273 2404 1342 intelligitur.
2453 1273 2628 1329 Simul
2671 1277 2818 1330 enim
2863 1287 3028 1346 atque
3075 1278 3246 1332 voluit
3299 1281 3444 1348 quod
3495 1295 3662 1351 opor-

2067 1373 2204 1418 teret
2239 1365 2377 1431 ﬁeri,
2411 1367 2684 1434 operatrix
2713 1383 2902 1421 eorum
2937 1383 3059 1436 qua:
3105 1379 3237 1423 sunt
3265 1371 3503 1440 potentia
3534 1388 3659 1426 cum

2065 1457 2288 1509 notione
2338 1457 2642 1520 concurrit,
2698 1471 2838 1525 Opus
2895 1459 3101 1514 faciens
3145 1460 3526 1516 voluntatem:
3581 1463 3664 1516 sic

2064 1545 2208 1598 enim
2273 1545 2342 1600 de
2381 1547 2566 1600 divina
2621 1548 2860 1613 potentia
2923 1550 3352 1619 philosophatur
3403 1553 3660 1620 copiosus

2063 1635 2244 1690 Moses
2271 1639 2326 1692 in
2361 1638 2548 1692 inundi
2591 1639 2891 1704 creatione,
2931 1641 3272 1710 impcrativis
3305 1643 3534 1698 vocibus
3561 1661 3656 1699 eo-

2065 1744 2184 1782 rum
2217 1729 2488 1798 cujusque
2509 1745 2630 1797 qnse
2665 1731 2720 1783 in
2754 1739 3008 1786 creatura
3031 1741 3295 1803 apparent
3324 1736 3656 1790 creationem

2064 1821 2368 1874 aseribens.
2413 1819 2554 1872 Dixit
2583 1822 2728 1875 enim
2761 1822 2878 1892 (ait)
2911 1825 3045 1880 Deus
3073 1841 3084 1878 :
3119 1822 3248 1879 Fiat
3277 1825 3388 1888 lux,
3423 1837 3470 1879 et
3513 1827 3658 1894 facta

2063 1921 2136 1962 est
2164 1909 2256 1961 tux
2287 1909 2328 1972 ⁸,
2359 1917 2412 1963 et
2447 1911 2514 1964 de
2571 1910 2693 1963 aliis
2732 1911 2922 1964 eodem
2970 1913 3151 1978 modo,
3197 1931 3374 1984 neque
3416 1918 3658 1971 materia:

2069 2000 2348 2060 meuninit,
2417 2015 2594 2068 neque
2649 2000 3086 2056 instrumentalis
3149 2003 3463 2060 ministerii.
3534 2005 3654 2061 Non

2067 2091 2232 2160 igitur
2291 2091 2393 2146 hac
2443 2091 2498 2144 in
2553 2099 2706 2159 parte
2752 2090 3003 2144 Eunomii
3065 2095 3398 2162 repudianda
3454 2100 3652 2152 oratio.

2068 2181 2210 2236 Deus
2239 2183 2384 2237 enim
2423 2197 2618 2237 creans
2663 2197 3004 2251 quaecunque
3038 2201 3134 2255 per
3181 2191 3514 2243 creationem
3551 2191 3650 2244 ha-

2067 2276 2196 2330 bent
2233 2284 2434 2337 ortum,
2469 2291 2644 2346 neque
2670 2278 2775 2330 alia
2804 2279 3050 2346 subjecta
3085 2283 3331 2344 materia,
3367 2297 3542 2351 neque
3569 2283 3654 2336 in-

2067 2368 2383 2422 strumentis
2431 2368 2498 2420 ad
2548 2369 3009 2424 constructionem
3063 2371 3316 2441 indiguit.
3379 2371 3512 2425 Nam
3559 2373 3652 2429 Dei

2067 2459 2239 2512 virtus
2265 2467 2320 2512 et
2343 2459 2610 2528 sapientia
2656 2461 2677 2491 "
2702 2461 2906 2516 nullius
2931 2461 3094 2516 alieni
3121 2463 3308 2516 auxilii
3338 2471 3418 2517 est
3445 2465 3648 2535 indiga.

2067 2549 2132 2600 At
2159 2547 2414 2602 Christus
2445 2546 2535 2602 Dei
2571 2559 2655 2602 est
2684 2549 2858 2604 virtus
2907 2556 2962 2602 et
3015 2552 3302 2619 sapientia,
3341 2567 3435 2621 per
3483 2569 3648 2622 quem

2079 2639 2258 2692 omnia
2298 2639 2442 2704 facta
2481 2647 2625 2696 imit,
2674 2639 2784 2690 sine
2831 2655 2931 2706 quo
2969 2639 3100 2693 nihil
3142 2656 3320 2694 eorum
3359 2661 3476 2712 qua:
3503 2651 3646 2704 sunt,

2077 2737 2152 2780 est
2199 2726 2241 2792 ⁸,
2288 2725 2748 2794 (μιοηιιιιιδοᾱιιηι
2789 2734 3022 2780 testatur
3071 2726 3331 2782 Joannes.
3373 2731 3428 2784 Si
3484 2731 3652 2798 igitur

2066 2818 2248 2872 omnia
2281 2832 2376 2886 per
2405 2817 2582 2885 ipsum
2625 2815 2765 2870 facta
2798 2825 2946 2880 sunt,
2977 2816 3216 2870 visibilia
3243 2825 3296 2870 et
3331 2816 3652 2880 invisibilia,

2067 2910 2134 2962 ad
2183 2925 2374 2964 eorum
2421 2916 2602 2972 autem
2643 2923 2763 2975 qua:
2801 2917 2930 2962 sunt
2968 2908 3376 2962 subsistentiam
3414 2907 3526 2960 Sola
3561 2906 3653 2962 Dei

2069 3000 2318 3054 voluntas
2366 2997 2563 3052 suilicit
2607 2999 2802 3066 (virtus
2863 2999 3010 3052 enim
3063 2999 3178 3052 sive
3219 2998 3454 3065 potentia
3520 2999 3638 3065 ipsa

2067 3097 2150 3143 cst
2177 3088 2469 3152 voluntas),
2503 3095 2749 3141 nostrum
2795 3103 3102 3142 sermonem
3143 3089 3389 3140 oratione
3426 3089 3653 3142 rci'uissa

2067 3181 2294 3248 protulit
2335 3179 2655 3233 Eunomius.
2685 3178 2787 3244 Qui
2840 3180 2986 3233 enim
3032 3179 3196 3233 verbo
3237 3193 3348 3232 sme
3395 3179 3650 3246 potentia:

387 3258 518 3330 ὕλης
544 3261 758 3333 δεηθείη
787 3267 842 3317 ἐν
877 3265 953 3334 τῷ
977 3267 1160 3336 φέρειν
1189 3269 1274 3322 διὰ
1304 3271 1396 3322 τοῦ
1421 3273 1826 3342 παντοόυνάμου
1864 3277 1962 3344 ῥή-

2071 3273 2172 3326 t'crt
2211 3271 2486 3333 universa,
2518 3285 2628 3340 quo
2664 3270 3026 3324 instrumento
3071 3277 3125 3324 et
3163 3283 3268 3336 qua
3302 3269 3532 3324 materia
3569 3268 3655 3320 in-

390 3368 556 3420 ματος
578 3355 676 3422 τὴν
710 3355 810 3410 τῶν
841 3357 1008 3410 ὅντων
1049 3360 1377 3428 ὑπόστασινς
1421 3363 1481 3414 Εἰ
1507 3362 1562 3414 δὲ
1591 3365 1726 3434 ὅπερ
1758 3366 1849 3418 ἐπὶ
1869 3367 1966 3436 τῆς

387 3441 616 3506 κτίσεως
645 3446 772 3515 περὶ
808 3445 900 3498 τοῦ
932 3449 1269 3516 Μονογενοῦς
1309 3453 1772 3524 πεπιστεύκαμεν,
1811 3454 1967 3508 τοῦτο

386 3534 480 3588 ἐπὶ
521 3535 616 3588 τοῦ
668 3536 796 3590 fio-3
851 3541 1278 3604 κατασκευάζει·
1306 3543 1381 3606 ὼς
1411 3545 1780 3616 ὁμοιοτρόπως
1805 3548 1966 3600 αὐτὸν

386 3625 482 3678 τοῦ
533 3628 746 3700 [ἰατρὸς
794 3629 1098 3696 κτίσαντος,
1134 3634 1386 3705 καθάπερ
1433 3636 1584 3708 παρὰ
1626 3638 1720 3689 τοῦ
1769 3637 1900 3692 Υἱοῦ
1931 3642 1964 3710 ἡ

389 3719 567 3782 κτίσις
598 3720 814 3787 ἐγένετο
839 3736 852 3750 ⁸
887 3722 978 3774 τὸν
1003 3726 1060 3775 ὲν
1092 3727 1204 3787 τοῖς
1233 3724 1540 3794 ἔμπροσθεν
1569 3727 1798 3798 ρηθέντα
1813 3727 1968 3796 λόγον

389 3811 482 3864 καὶ
509 3811 602 3866 νῦν
635 3813 793 3866 πάλιν
827 3814 1306 3886 ἀναλαμϐάνομεν,
1342 3818 1480 3886 ὅτιή
1515 3819 1737 3889 τοιαύτη
1778 3821 1969 3892 ὑπόλη-

388 3901 479 3971 ψις
503 3903 730 3974 ἄρνησις
758 3907 854 3974 τῆς
880 3907 971 3958 τοῦ
998 3908 1330 3974 Μονογενοῠς
1361 3911 1474 3961 ἐστι
1492 3909 1761 3980 θεότητος.
1779 3913 1968 3982 Ἡμεῖς

390 3995 500 4064 γὰρ
537 3995 664 4050 ἴδιον
695 3993 830 4050 εἶναι
861 3999 968 4051 τῶν
1008 4000 1532 4071 είδωλολατρούντων
1555 4003 1705 4073 παρὰ
1739 4003 1838 4073 τῆς
1871 4023 1966 4073 με·

389 4085 562 4155 γάλης
591 4087 684 4139 τοῦ
717 4089 930 4142 Παύλου
964 4091 1144 4162 φωνῆς
1180 4093 1596 4164 μεμαθήκαμεν,
1625 4093 1686 4146 τὸ
1717 4093 1968 4148 σέϐεσθαι

391 4177 486 4230 καὶ
519 4177 800 4248 λατρεύειν
831 4183 896 4249 τῇ
933 4181 1106 4232 κτίσει
1139 4181 1288 4251 παρὰ
1317 4183 1408 4234 τὸν
1431 4182 1691 4236 κτίσαντα
1713 4201 1725 4213 ·
1763 4185 1966 4237 καὶτοῦ

389 4265 556 4319 Δαὸὶδ
571 4267 916 4331 εἰπόντος,ὅτι
935 4271 1053 4322 Οὐκ
1069 4271 1238 4323 ἔσται
1252 4272 1426 4324 ἐνσοὶ
1443 4273 1585 4337 Θεὸς
1600 4275 1965 4341 πρόσφατος,

391 4359 532 4412 οὐδὲ
545 4361 1120 4428 προσκυνήσεις-Θεῷ
1137 4363 1454 4431 ἀλλοτρίῳ.
1475 4364 1674 4418 Κανόνι
1691 4365 1864 4434 τούτῳ
1876 4368 1970 4420 καὶ

389 4450 624 4522 γνώμονι
666 4453 926 4522 χρώμεθα
955 4454 1090 4524 πρὸς
1111 4455 1208 4524 τὴν
1225 4455 1318 4507 τοῦ
1351 4455 1822 4525 προσκυνουμένου
1851 4457 1971 4508 ἐπί-

391 4560 590 4611 γνωσιν
661 4543 800 4596 ὥστε
833 4545 1120 4598 πεπεῖσθαι
1153 4546 1310 4598 τοῦτο
1341 4547 1541 4616 ἀληθὲς
1579 4545 1718 4600 εἶναι
1762 4547 1914 4610 Θεὸν,
1941 4549 1968 4600 ὃ

393 4637 529 4706 μήτε
561 4637 872 4706 πρόσφατόν
899 4638 1033 4700 ἐστι,
1067 4640 1200 4707 μήτε
1231 4637 1526 4707 ἀλλότριον.
1554 4639 1770 4707 Ἐπειδὴ
1791 4638 1968 4691 τοίνυν
2003 4618 2046 4672 D

390 4725 522 4778 Θεὸν
552 4725 824 4778 πιστεύειν
847 4721 986 4778 εἶναι
1014 4726 1104 4778 τὸν
1135 4729 1395 4797 μονογενῆ
1433 4727 1562 4778 Θεὸν
1591 4727 1964 4797 ἐδιδάχθημεψ

389 4817 450 4869 τὸ
485 4818 620 4887 μήτε
645 4818 954 4888 πρόσφατον
983 4817 1142 4870 αὐτὸν
1175 4813 1336 4881 εἶναι,
1377 4820 1510 4888 μήτε
1533 4819 1808 4889 ἀλλότριον
1843 4835 1967 4871 συν-

390 4904 757 4976 ομολογοῦμεν
783 4906 868 4960 διὰ
891 4904 986 4958 τοῦ
1019 4906 1314 4968 πιστεύειν,
1347 4908 1427 4959 ὅτι
1450 4908 1565 4959 ἐστὶ
1595 4907 1726 4970 Θεός
1755 4924 1767 4938 ·
1804 4908 1851 4959 εί
1877 4903 1968 4960 οὖν

391 4994 522 5058 Θεός
557 4996 690 5060 ἐστι,
725 4996 1034 5066 πρόσφατος
1057 4997 1155 5049 οὐκ
1177 4997 1320 5050 ἐστιν
1344 5015 1356 5028 ·
1389 5000 1418 5050 ὁ
1444 4997 1498 5050 δὲ
1533 4999 1607 5067 μὴ
1631 4998 1966 5068 πρόσφατος,

389 5088 558 5150 ἀΐδιος
598 5089 811 5152 πάντως
861 5091 1042 5143 ἐστίν’
1098 5089 1224 5142 οὔτε
1279 5083 1371 5142 οὖν
1413 5091 1722 5161 πρόσφατός
1771 5093 1972 5144 ἐστινὸ

389 5178 580 5242 ἀΐδιος,
611 5177 735 5232 οὔτε
763 5180 1040 5250 ἀλλότριος
1068 5181 1165 5250 τῆς
1198 5181 1454 5252 ἀληθινῆς
1485 5181 1758 5250 θεότητος,
1788 5183 1849 5234 ἐκ
1877 5181 1970 5234 τοῦ

391 5265 605 5334 Ιῐατρὸς
636 5265 731 5332 ὢν,
765 5269 860 5321 καὶ
918 5267 984 5320 ἐν
1023 5269 1142 5334 τοῖς
1181 5272 1430 5335 κόλποις
1461 5271 1548 5322 ὢν
1579 5271 1684 5323 τοῦ
1722 5271 1969 5338 Πατρός,

393 5355 488 5408 καὶ
529 5357 586 5408 ὲν
619 5357 798 5428 ἑαυτῷ
825 5359 914 5410 τὸν
946 5361 1164 5429 Πατέρα
1207 5359 1364 5428 ἔχων.
1397 5360 1556 5412 Ὥστε
1603 5361 1631 5411 ὀ
1664 5359 1973 5428 ἀποσχίζων

391 5445 494 5514 τῆς
525 5447 618 5500 τοῦ
651 5450 858 5520 [ἰατρὸς
887 5451 1098 5519 φύσεως
1136 5451 1226 5504 τὸν
1277 5451 1420 5512 Υίὸν,
1455 5451 1486 5521 ἢ
1532 5451 1761 5504 καθόλου
1797 5451 1977 5504 ἀθετεῖ

393 5539 491 5610 τὴν
525 5542 914 5612 προσκύνησιν,
954 5545 1040 5598 ἵνα
1070 5545 1142 5614 μὴ
1166 5543 1428 5612 ἀλλοτρίῳ
1456 5543 1574 5612 Θεῷ
1597 5544 1968 5613 προσκυνήσῃ,

499 5781 520 5810 ⁵
557 5779 696 5834 Psnl.
734 5795 955 5846 CXLVIII,
987 5779 1043 5836 5.
1116 5783 1136 5812 ⁸
1164 5782 1358 5834 Genet.
1395 5797 1435 5841 ι,
1470 5780 1522 5833 '5.
1599 5781 1617 5809 τ
1661 5779 1676 5832 Ι
1738 5779 1862 5834 Cor.
1917 5795 1955 5834 ι.
2007 5776 2094 5831 24.

999 5852 1040 5881 ι’
1079 5851 1245 5904 Exod.
1281 5867 1372 5917 xx,
1407 5837 1471 5918 3;
1519 5865 1701 5912 nxw,
1765 5849 1856 5906 l4:
1901 5846 2054 5901 Deut.
2109 5859 2160 5910 v,
2207 5844 2258 5898 7.
2335 5842 2378 5874 ι’
2429 5840 2586 5897 Joan.
2624 5854 2664 5908 ι,
2717 5837 2802 5892 18.

401 5849 446 5882 ⁸³
485 5851 626 5904 Psal.
659 5865 820 5913 uxx,
866 5851 918 5904 9.

2069 3365 2296 3433 digerat,
2331 3363 2460 3416 dum
2490 3379 2676 3416 eorum
2709 3379 2832 3430 quze
2871 3369 2998 3414 sunt
3045 3361 3460 3415 subsistentiam
3487 3360 3655 3414 verbo

2070 3471 2170 3510 suo
2241 3456 2600 3524 oumipotenti
2652 3457 2885 3508 sustinet
2933 3455 3007 3506 9?
3093 3454 3246 3518 Quod
3309 3455 3354 3508 si
3403 3451 3548 3522 quod
3599 3453 3654 3505 in

2068 3557 2320 3602 creatura
2375 3547 2441 3600 de
2495 3546 2785 3614 Unigenito
2838 3546 3194 3609 credidimus,
3253 3545 3356 3598 hoc
3409 3545 3464 3598 in
3521 3541 3658 3598 Filio

2069 3639 2288 3700 astruit,
2333 3639 2476 3691 velut
2523 3636 2693 3690 simili
2755 3636 2916 3688 modo
2971 3636 3148 3703 ipsum
3201 3634 3362 3689 Patre
3423 3642 3648 3688 creante

2069 3729 2526 3798 quemadmodum
2557 3743 2586 3780 a
2621 3725 2756 3780 Filio
2805 3734 3056 3780 creatura
3093 3725 3234 3778 facta
3281 3735 3368 3778 est
3399 3742 3412 3778 :
3454 3723 3658 3777 dictum

2069 3828 2228 3872 antea
2263 3832 2568 3872 sermonem
2595 3831 2738 3870 nunc
2755 3815 2918 3869 etiam
2951 3829 3144 3868 rursus
3165 3813 3484 3880 repetimus,
3513 3809 3661 3878 quod

2068 3909 2336 3980 ejusmodi
2370 3908 2554 3976 opinio
2585 3907 2800 3975 negatio
2832 3913 2916 3960 est
2963 3904 3184 3960 deitatis
3223 3901 3514 3972 Unigeuiti.
3549 3897 3660 3954 Nos

2069 4004 2214 4056 enim
2261 4001 2675 4055 idololatrarum
2714 3999 2994 4066 preprium
3021 4012 3141 4050 esse
3161 4011 3224 4050 ex
3261 4007 3456 4063 magna
3507 3987 3661 4044 Pauli

2071 4109 2203 4147 voce
2229 4092 2542 4149 didicimus,
2579 4089 2758 4142 colere
2803 4097 2856 4141 et
2901 4087 3109 4140 servire
3150 4095 3438 4145 creaturae,
3465 4091 3664 4152 praeter

2075 4199 2198 4238 eum
2227 4183 2317 4251 qui
2343 4181 2548 4235 crearit
2590 4179 2664 4243 ¹⁰;
2701 4186 2754 4231 et
2784 4193 2848 4232 ex
2883 4191 3016 4230 voce
3035 4174 3206 4227 David
3241 4169 3662 4238 dicentis,quod

2073 4273 2198 4327 Non
2225 4274 2322 4326 erit
2355 4273 2407 4323 in
2443 4283 2488 4323 te
2543 4269 2679 4322 Deus
2731 4285 2929 4328 recens,
2979 4283 3140 4335 neque
3188 4264 3441 4320 adorabis
3495 4262 3661 4314 Deum

2073 4367 2303 4420 alienant
2348 4365 2411 4416 ¹¹.
2465 4359 2576 4415 Hac
2639 4361 2846 4430 regula,
2903 4360 3008 4412 hoc
3055 4373 3324 4427 gnomone
3375 4362 3429 4412 et
3483 4353 3664 4408 indice

2073 4458 2278 4514 utimur
2313 4455 2378 4508 ad
2426 4454 2546 4522 ejus
2587 4452 2680 4521 qui
2711 4451 2972 4505 adoratur
3025 4449 3428 4518 cognitionem:
3481 4445 3556 4498 ita
3603 4451 3666 4498 ut.

2075 4549 2227 4602 nobis
2255 4547 2326 4602 sit
2361 4559 2680 4614 persuasum
2723 4543 2827 4596 hoc
2871 4556 3057 4595 verum
3101 4555 3224 4594 esse
3269 4537 3460 4602 Deum,
3515 4534 3661 4604 quod

2075 4653 2248 4706 neque
2281 4651 2468 4690 recens
2493 4641 2598 4696 est,
2621 4645 2796 4700 neque
2825 4630 3064 4683 alienum
3087 4628 3147 4678 η.
3191 4625 3461 4692 Quoniam
3497 4622 3664 4693 igitur

2077 4728 2429 4798 Unigenitum
2495 4723 2660 4778 Deum
2727 4737 2847 4776 esse
2906 4719 3132 4773 credere
3195 4712 3370 4770 edocti
3459 4727 3646 4768 sumus

2077 4817 2288 4871 idcirco
2326 4829 2500 4884 neque
2535 4814 2714 4880 ipsum
2753 4817 3023 4863 recentem
3060 4821 3184 4860 esse
3215 4817 3394 4871 neque
3421 4801 3664 4854 alienum

2076 4902 2418 4960 conﬁtemur.
2448 4899 2575 4969 quia
2605 4897 2882 4952 credimus
2917 4894 3062 4964 quod
3090 4901 3174 4948 est
3201 4892 3378 4946 Deus:
3422 4889 3469 4942 si
3499 4889 3663 4959 igitur

2075 5003 2160 5050 est
2200 4993 2362 5058 Deus,
2415 5007 2608 5046 recens
2647 5004 2757 5044 non
2795 4996 2912 5054 est;
2945 4986 3034 5056 qui
3080 4992 3260 5038 autem
3303 4996 3414 5035 non
3455 4989 3539 5034 est
3579 4994 3667 5032 re-

2075 5103 2228 5152 cens,
2259 5087 2482 5142 omnino
2515 5093 2599 5140 est
2627 5091 2864 5138 aeternus
2897 5099 2911 5134 :
2953 5093 3126 5146 neque
3163 5077 3330 5146 igitur
3363 5087 3556 5128 recens
3582 5078 3668 5124 est

2075 5181 2166 5246 qui
2207 5189 2464 5240 aeternus.
2499 5190 2675 5245 neque
2705 5189 2734 5226 a
2773 5186 2900 5228 vera
2946 5170 3149 5226 deitate
3195 5167 3408 5221 alienus
3458 5162 3550 5232 qui
3597 5175 3666 5214 ex

2076 5270 2234 5326 Patre
2261 5277 2368 5332 est,
2402 5276 2456 5324 et
2518 5267 2604 5340 qui
2628 5267 2680 5320 in
2704 5263 2896 5318 sinibus
2921 5261 3096 5317 Patris
3118 5269 3189 5314 est
3234 5259 3301 5322 ¹³,
3329 5257 3451 5312 etin
3483 5254 3664 5323 seipso

2077 5364 2292 5417 Patrem
2339 5361 2523 5414 habet.
2565 5355 2748 5422 Quare
2787 5353 2880 5422 qui
2925 5347 3122 5405 Filium
3161 5363 3191 5402 a
3235 5346 3415 5402 Patris
3466 5351 3662 5398 natura

2077 5449 2363 5510 discindit,
2397 5448 2482 5502 vel
2525 5447 2580 5500 in
2609 5445 2924 5498 universum
2957 5439 3334 5494 adorationem
3373 5443 3426 5490 et
3453 5433 3661 5486 cultum

2079 5543 2280 5606 abolet,
2307 5555 2374 5594 ne
2406 5538 2575 5592 Deum
2607 5536 2843 5590 alienum
2877 5532 3088 5596 adoret,
3131 5529 3216 5584 vel
3255 5527 3458 5582 idolum
3507 5521 3659 5578 colit.

2175 5775 2195 5806 '
2254 5773 2401 5829 Joan.
2473 5787 2515 5836 ι,
2559 5771 2612 5826 5.
2715 5769 2736 5802 ⁹
2783 5765 2945 5824 Hebr.
2997 5781 3034 5834 ι,
3070 5765 3122 5819 '5.
3203 5762 3245 5793 "
3281 5759 3438 5814 Rom.
3475 5773 3512 5823 ι,
3565 5753 3658 5812 20.
