4146 6370
511 494 612 550 499

1745 503 1801 559 S.
1843 502 2171 561 GREGORI‘I
2215 503 2501 560 NYSSENI

3657 493 3756 548 500

509 619 817 666 creaturam
845 620 898 669 et
921 629 1027 670 non
1061 613 1227 670 Deum
1247 630 1360 672 suae
1381 617 1685 675 adorationi
1716 623 2083 692 praestituens,

2194 624 2229 695 ἢ
2248 611 2462 678 εἴδωλον
2484 624 2717 687 σέϐεται,
2748 623 2950 693 κτίσμα
2975 623 3066 675 καὶ
3091 622 3148 675 οὐ
3178 623 3308 674 Θεὸν
3326 623 3422 692 τῆς
3453 623 3764 693 προσκυνή-

511 709 566 756 et
585 700 789 759 Christi
814 722 1010 762 nomen
1036 708 1180 764 idolo
1206 725 1437 779 ponens.

588 880 746 948 Quod
776 894 957 940 autem
991 887 1043 940 in
1090 903 1154 941 ea
1187 889 1595 946 existimatione
1618 907 1780 960 quam
1828 892 1990 946 habet
2020 893 2088 948 de

520 975 842 1047 Unigenito,
875 979 940 1031 ad
978 979 1119 1034 hanc
1153 983 1378 1050 respicit
1419 984 1862 1054 intelligentiam,
1911 987 2087 1038 mani-

522 1066 716 1121 festius
749 1069 838 1122 tiet
874 1085 939 1123 ex
976 1069 1063 1124 his
1087 1086 1209 1140 quae
1238 1073 1304 1126 de
1327 1073 1445 1142 ipso
1467 1072 1759 1142 Unigenito
1793 1079 2085 1144 percurrit.

518 1173 640 1226 qua:
672 1159 738 1212 ad
766 1161 912 1216 hunc
959 1178 1021 1217 se
1051 1163 1245 1217 habent
1280 1165 1502 1219 modum
1546 1185 1559 1220 :
1607 1165 1883 1221 Credimus
1928 1169 2088 1222 etiam

518 1251 574 1303 in
628 1249 722 1304 Dei
761 1251 991 1318 Filium,
1046 1257 1367 1324 unigenitum
1434 1256 1626 1321 Deum,
1687 1259 2086 1328 primogenitum

519 1343 688 1396 omnis
747 1355 1038 1408 creatum,
1101 1345 1303 1400 Filium
1365 1365 1539 1402 verum
1599 1365 1699 1402 non
1771 1351 2087 1420 ingenitum,

518 1451 634 1489 vere
694 1437 924 1505 genitum
971 1449 1091 1492 ante
1143 1442 1339 1494 sarcula
1402 1458 1419 1494 :
1476 1460 1578 1497 non
1631 1443 1823 1514 absque
1871 1463 2092 1514 genera-

521 1527 660 1581 tione
725 1537 1002 1599 antequam
1053 1542 1222 1598 esset,
1289 1535 1618 1588 nominatum
1677 1535 1911 1601 Filium,
1970 1549 2091 1592 ante

519 1631 723 1671 omnem
770 1630 1073 1676 creaturam
1106 1625 1360 1693 genitum,
1415 1641 1519 1678 non
1567 1627 1880 1681 increatum.
1928 1629 2089 1683 Arbi-

520 1715 637 1762 tror
680 1709 852 1764 solam
914 1712 1206 1767 verborum
1257 1714 1552 1768 citatorum
1617 1715 1907 1771 lectionem
1954 1719 2089 1773 satis

519 1798 684 1853 etiam
717 1801 926 1871 absque
955 1811 1142 1858 nostra
1176 1807 1583 1860 examinatione
1623 1806 1789 1875 hujus
1819 1807 2088 1876 dogmatis

521 1889 854 1959 impietatem
913 1893 1224 1949 declarare:
1288 1910 1411 1948 nam
1475 1895 1898 1967 primogenitum
1959 1914 2083 1953 cum

2190 732 2328 779 σεως
2350 715 2512 768 αὐτοῦ
2566 715 3030 786 προστησάμενος,
3073 716 3167 767 καὶ
3214 714 3448 785 Χριστοῦ
3483 716 3653 785 δνομα
3685 713 3764 784 τῷ

2188 804 2391 875 εἰδώλῳ
2423 805 2665 876 θέμενος.

2261 897 2382 949 Ὅτι
2403 896 2458 949 δὲ
2490 896 2625 966 πρὸς
2651 896 2852 963 ταύτην
2883 895 3068 964 βλέπει
3092 894 3188 965 τὴν
3211 893 3446 947 διάνοιαν
3469 897 3524 948 ἐν
3548 897 3610 965 τῇ
3637 895 3763 964 περὶ

2189 986 2282 1040 τοῦ
2300 985 2635 1054 Μονογενοῦς
2667 986 2952 1055 ὑπολήψει,
2974 984 3348 1054 φανερώτερον
3379 984 3443 1037 ἂν
3467 985 3670 1053 γένοιτο
3697 985 3763 1038 δι’

2188 1072 2262 1132 ὧν
2290 1076 2358 1129 τά
2388 1079 2514 1150 περὶ
2534 1077 2695 1130 αὐτοῦ
2723 1077 2813 1130 τοῦ
2838 1076 3174 1146 Μονογενυῦς
3192 1076 3550 1147 διεξέρχεται,
3577 1076 3764 1129 τοῦτον

2190 1167 2381 1236 ἔχοντα
2401 1167 2491 1219 τὸν
2516 1167 2714 1237 τρόπον
2735 1183 2748 1196 ·
2765 1167 3130 1234 Πιστεύομεν
3157 1165 3251 1218 καὶ
3268 1168 3353 1228 εἰς
3373 1166 3477 1217 τὸν
3494 1165 3599 1218 τοῦ
3617 1164 3762 1218 Θεοῦ

2201 1259 2356 1322 my,
2388 1258 2493 1310 τὸν
2511 1255 2808 1326 μονογενῆ
2835 1258 3003 1322 Θεὸν,
3027 1259 3402 1324 πρωτότοκον
3425 1255 3623 1320 πάσης
3642 1256 3762 1308 κτί-

2192 1364 2365 1414 σεως,
2397 1350 2532 1401 Υίὸν
2549 1349 2856 1416 ἀληθινὸν,
2880 1350 2989 1402 οὐκ
3014 1347 3362 1416 ἀγέννητον,
3381 1345 3614 1412 ἀληθῶς
3636 1363 3766 1414 τεν-

2190 1443 2447 1511 τμηθέντα
2474 1443 2586 1511 πρὸ
2623 1445 2852 1496 αἰώνων
2871 1483 2884 1504 ,
2909 1444 3016 1494 οὐκ
3041 1441 3185 1494 ἄνευ
3208 1439 3316 1507 τῆς
3343 1441 3456 1508 πρὸ
3482 1439 3584 1492 τοῦ
3612 1439 3764 1491 εἶναι

2191 1534 2529 1606 γεννήσεως
2549 1533 3149 1602 ὀνομαζόμε-νονγὶὸιν,
3166 1533 3275 1599 πρὸ
3294 1532 3496 1599 πάσης
3514 1535 3764 1597 κτίσεως

2191 1628 2532 1697 γενόμενον,
2550 1627 2659 1678 οὐκ
2677 1625 2981 1678 ἅκτιστον.
3001 1626 3211 1693 Ἀρκεῖν
3227 1623 3460 1693 ἡγοῦμαι
3485 1623 3649 1692 μόνην
3665 1623 3762 1692 τὴν

2193 1718 2496 1784 ἀνάγνωσιν
2525 1715 2635 1768 τῶν
2664 1715 3013 1778 ἐκτεθέντων,
3036 1715 3130 1768 καὶ
3181 1715 3302 1784 δίχα
3330 1715 3428 1782 τῆς
3459 1717 3588 1786 παρ’
3609 1715 3762 1785 ήμῶν

2190 1805 2488 1868 ἐξετάσεως
2533 1803 2843 1874 φανερῶσαι
2886 1802 2981 1856 τοῦ
3011 1803 3276 1872 δόγματος
3323 1804 3420 1873 τὴν
3469 1803 3759 1858 ἀσέϐειαν⁹

2191 1897 2528 1967 πρωτότοκον
2553 1895 2660 1966 γὰρ
2676 1895 2845 1948 εἰπὼν
2880 1895 3064 1958 αὐτὸν,
3096 1896 3183 1948 ἴνα
3213 1897 3286 1966 μή
3318 1912 3440 1949 τινα
3471 1899 3582 1958 τοῖς
3608 1895 3763 1948 ἀκού-

520 1979 660 2034 dixit
691 1981 892 2050 ipsum,
929 1998 997 2037 ne
1026 1985 1264 2053 aliquam
1294 1985 1644 2042 audientibus
1677 1987 2085 2058 ambiguitatem

2194 2005 2337 2041 ουσιν
2367 1986 2692 2056 ἀμφιϐολίαν
2735 1987 3010 2057 ἐμποιήσῃ
3049 1985 3141 2038 τοῦ
3175 1988 3248 2057 μὴ
3283 1982 3420 2040 εἶναι
3455 1987 3616 2040 αὐτὸν
3643 2005 3760 2039 κτι-

526 2069 904 2140 ingeneraret,
951 2071 1129 2142 ipsum
1162 2087 1272 2127 non
1308 2088 1431 2128 esse
1476 2081 1720 2128 creatum
1761 2074 2089 2144 ;subjunxit

520 2161 785 2216 continuo
847 2177 946 2216 non
968 2163 1273 2227 increatum,
1324 2179 1392 2218 ne
1423 2164 1716 2234 aliquando
1747 2163 1869 2219 Filii
1917 2165 2089 2235 signi-

519 2253 795 2318 ficatione,
817 2265 878 2311 ut
907 2258 1065 2320 solet,
1099 2268 1277 2312 mente
1300 2265 1581 2328 percepta,
1617 2259 1705 2328 pia
1734 2260 1916 2329 aliqua
1939 2259 2088 2314 notio

520 2345 575 2399 in
607 2345 946 2401 audientium
974 2347 1173 2402 animis
1205 2348 1580 2403 insereretur:
1644 2349 1748 2405 hac
1801 2350 1868 2405 de
1918 2365 2087 2403 causa

520 2453 644 2492 cum
691 2439 744 2492 in
787 2439 982 2510 primis
1020 2439 1112 2494 Dei
1157 2440 1378 2504 Filium,
1419 2449 1473 2495 et
1525 2443 1860 2512 unigenitum
1917 2439 2086 2497 Deum

520 2528 812 2586 confessus
855 2541 1026 2594 esset,
1065 2533 1328 2585 continuo
1375 2548 1474 2601 per
1509 2547 1570 2587 ea
1621 2549 1744 2603 quas
1781 2532 2090 2587 inferuntur

518 2628 757 2673 mentem
791 2621 1099 2675 auditorum
1145 2637 1172 2674 a
1228 2623 1316 2690 pia
1363 2623 1621 2692 opinione
1665 2623 1732 2677 ad
1779 2623 2087 2678 lia-retieam

519 2709 938 2780 intelligentiam
971 2727 1255 2782 perperam
1302 2713 1514 2768 avertit.
1560 2712 1662 2778 Qui
1692 2713 1837 2767 enim
1885 2715 2090 2770 audivit

518 2799 721 2856 Filium
754 2799 850 2856 Dei
878 2811 931 2856 et
965 2803 1308 2872 unigenitum
1343 2803 1534 2866 Deum,
1574 2805 1888 2860 necessario
1912 2806 1978 2859 ad
2012 2809 2090 2859 al-

518 2891 688 2946 tiores
714 2892 1119 2962 speculationes
1149 2895 1398 2964 erigitur,
1422 2909 1520 2964 per
1549 2895 1744 2949 barum
1771 2910 1963 2949 vocum
1985 2897 2091 2964 sig-

519 2985 888 3039 niﬁcationem
923 2987 1081 3054 quasi
1122 3002 1284 3040 manu
1325 2988 1554 3050 ductus,
1608 2987 1754 3058 quod
1793 2988 1941 3041 nulla
1991 3003 2091 3042 na-

522 3088 656 3131 turae
681 3076 988 3131 diﬂ‘erentia
1021 3078 1090 3132 ab
1118 3079 1221 3132 hac
1260 3094 1410 3142 voce,
1449 3078 1611 3147 Deus,
1655 3087 1708 3134 et
1739 3079 1805 3134 ab
1835 3079 1938 3134 hac
1968 3078 2090 3133 Filii

521 3167 923 3237 signiﬁcatione
969 3168 1408 3223 subinsimtetur.
1443 3168 1726 3235 Quomodo
1773 3170 1918 3225 enim
1958 3171 2086 3240 quid

521 3258 668 3312 aliud
701 3266 898 3326 praeter
919 3257 1098 3314 Patris
1121 3267 1376 3312 naturam
1414 3259 1827 3330 intelligeretur,
1859 3260 1952 3330 qui
1993 3275 2087 3316 ve—
2117 3295 2158 3352 ο

519 3367 582 3408 re
611 3351 703 3406 Dei
733 3351 904 3407 Filius
927 3362 1032 3413 est,
1053 3361 1107 3407 et
1136 3352 1227 3421 qui
1255 3352 1370 3421 ipse
1401 3351 1545 3406 Deus
1574 3353 1695 3407 est?
1717 3351 1823 3407 Sed
1847 3367 1913 3406 ne
1935 3353 2088 3422 prius

522 3443 578 3496 in
632 3442 942 3497 auditorum
987 3442 1248 3497 cordibus
1297 3457 1393 3511 per
1438 3442 1554 3496 haec
1593 3443 1816 3496 nomina
1868 3443 2090 3512 pietatis

521 3534 772 3588 notiones
803 3534 1209 3603 imprimantur,
1243 3533 1427 3587 statim
1465 3533 1594 3586 dicit
1620 3541 1882 3588 creatura:
1912 3537 2090 3604 ipsum

522 3623 981 3694 primogenitum;
1022 3637 1130 3677 non
1155 3623 1361 3692 absque
1403 3625 1757 3692 generatione
1799 3635 2090 3694 antequam

522 3722 689 3779 esset,
731 3714 1073 3768 nominatum
1106 3713 1302 3767 Filium
1323 3753 1338 3776 ,
1374 3721 1504 3767 ante
1533 3728 1748 3769 onmem
1781 3723 2091 3770 creaturam

523 3807 787 3878 genitum,
828 3819 936 3859 non
966 3806 1289 3859 increatum.
1324 3803 1398 3857 Ut
1426 3803 1594 3873 igitur
1617 3804 1964 3860 manifestum
2001 3805 2094 3860 ﬁat

524 3899 828 3971 improbum
860 3898 1024 3952 istum
1063 3905 1118 3952 et
1146 3905 1448 3961 versutum,
1473 3896 1572 3949 has
1597 3911 1760 3952 voces
1775 3897 1979 3966 primas
1996 3911 2095 3967 pro

525 3989 781 4046 illecebra
808 3989 1127 4044 hominibus
1160 3987 1505 4057 protendere,
1539 3995 1597 4039 ιιι
1635 4002 1900 4041 venenum
1946 4002 2094 4040 mor-

524 4083 746 4137 tiferum
790 4079 955 4135 veluti
982 4079 1219 4148 quodam
1261 4078 1422 4133 melle
1447 4077 1883 4147 religiosioribus
1920 4077 2095 4131 nomi-

526 4175 689 4228 nibus
719 4173 1028 4228 eduleatum
1060 4170 1364 4238 accipiatur
1391 4185 1405 4233 ;
1443 4168 1726 4236 paululum
1759 4169 1814 4222 in
1843 4168 2094 4232 hocser-

529 4280 692 4319 mone
749 4276 1170 4317 commoremur.
1213 4259 1347 4326 Quis
1406 4275 1513 4314 non
1581 4261 1726 4314 videt
1780 4268 1981 4331 quanta
2023 4262 2095 4315 sit

525 4351 783 4424 unigeniti
832 4353 899 4407 ad
934 4352 1358 4421 primogenitum
1393 4350 1695 4404 secundum
1733 4350 1786 4404 id
1817 4351 1960 4419 quod
1994 4351 2096 4420 sig-

531 4443 802 4506 nificatur,
832 4441 1180 4496 differentia?
1213 4439 1400 4510 Neque
1435 4443 1580 4494 enim
1613 4440 1926 4509 unigenitus
1971 4455 2093 4493 cum

528 4535 792 4591 fratribus
837 4534 1181 4604 intelligitur,
1222 4548 1397 4600 neque
1427 4533 1546 4587 sine
1586 4531 1848 4588 fratribus
1891 4532 2096 4602 primo-

2194 2077 2334 2137 στὸν,
2377 2076 2650 2144 ἐπήγαγεν
2671 2075 2832 2136 εὐθὺς
2859 2073 2918 2126 τὸ
2947 2077 3055 2127 οὐκ
3076 2073 3381 2136 denotor,
3414 2074 3499 2126 ἴνα
3530 2075 3602 2144 μή
3630 2091 3757 2127 ποτε

2188 2169 2286 2238 τῆς
2313 2167 2406 2220 τοῦ
2439 2166 2569 2219 Υἱοῦ
2601 2165 2874 2237 σημασίας
2912 2165 2986 2228 ὡς
3019 2165 3227 2234 πέφυκε
3272 2165 3574 2236 νοηθείσης,
3606 2167 3760 2218 εὐσε-

2191 2260 2282 2323 ϐές
2322 2277 2375 2312 τι
2425 2259 2554 2329 περὶ
2577 2257 2740 2311 αὐτοῦ
2767 2258 2943 2328 νόημα
2970 2260 3080 2321 τοῖς
3114 2257 3404 2327 ἀκηκοόσιν
3437 2258 3723 2326 ἐγγένηται
3744 2275 3757 2288 ·

2188 2353 2378 2405 τούτου
2404 2353 2562 2422 χάριν
2593 2351 2932 2421 ὁμολογήσας
2965 2352 3021 2403 ὲν
3067 2347 3301 2421 πρώτοις
3329 2351 3456 2403 Υἱὸν
3484 2350 3640 2414 Θεοῦ,
3672 2350 3764 2403 καὶ

2193 2442 2450 2511 μονογενῆ
2501 2441 2650 2503 Θεὸν,
2689 2439 2848 2503 εὐθὺς
2873 2440 2958 2493 διὰ
2998 2441 3104 2491 τῶν
3147 2440 3552 2510 ἐπιφερομένων
3583 2455 3758 2510 παρα-

2188 2533 2377 2604 τρέπει
2393 2532 2499 2584 τῶν
2519 2531 2822 2585 ἀκουόντων
2845 2531 2943 2600 τὴν
2963 2531 3187 2600 γνώμην
3200 2533 3335 2601 πρὸς
3360 2531 3456 2601 τὴν
3480 2531 3760 2602 αἱρετικὴν

2189 2625 2428 2678 διάνοιαν
2455 2624 2559 2675 ἀπὸ
2591 2622 2689 2692 τῆς
2721 2620 2976 2684 εὐσεϐοῦς
3009 2621 3346 2690 ὑπολήψεως.
3381 2621 3440 2673 '0
3469 2621 3578 2691 γάρ
3609 2621 3765 2674 ἀκού-

2193 2732 2290 2776 σας
2320 2715 2446 2766 Υίὸν
2478 2713 2635 2774 Θεοῦ,
2677 2714 2770 2765 καὶ
2796 2713 3054 2782 μονογενῆ
3087 2712 3238 2770 Θεὸν.
3283 2711 3592 2780 ἀναγκαίως
3628 2711 3764 2782 πρὸς

2190 2807 2287 2869 τάς
2319 2805 2652 2875 ὑψηλοτέρας
2682 2804 2947 2873 ἐμφάσεις
2984 2804 3264 2871 ἀνάγεται,
3289 2802 3377 2855 διὰ
3410 2803 3506 2871 τῆς
3527 2801 3630 2854 τῶν
3657 2820 3761 2870 φω-

2191 2896 2298 2950 νῶν
2323 2896 2524 2949 τούτων
2549 2895 2818 2966 σημασίας
2838 2893 3362 2965 χειραγωγούμενος,
3394 2893 3470 2962 τῷ
3498 2893 3764 2963 μηδεμίαν

2193 2988 2404 3056 φύσεως
2428 2984 2689 3056 διαφορὰν
2736 2985 2840 3038 ὑπὸ
2876 2985 2972 3054 τῆς
3011 2984 3142 3046 Θεὸς
3171 2984 3372 3053 φωνῆς,
3401 2984 3494 3036 καὶ
3526 2983 3628 3035 ὐπὸ
3667 2984 3764 3052 τῆς

2194 3080 2466 3150 σημασίας
2489 3077 2582 3131 τοῦ
2621 3077 2753 3130 Υίοῦ
2794 3076 3242 3146 παρεισάγεσθαι.
3274 3075 3398 3138 Πῶς
3439 3075 3546 3143 γάρ
3579 3074 3644 3127 ἂν
3674 3074 3765 3128 ἀλ-

2189 3171 2251 3224 λο
2281 3188 2333 3223 τι
2369 3169 2520 3240 παρά
2548 3171 2645 3238 τὴν
2673 3167 2765 3220 τοῦ
2801 3169 3012 3238 ιῐατρὸς
3051 3167 3267 3238 νοηθείη
3307 3167 3464 3234 φύσιν
3499 3167 3527 3217 ό
3551 3165 3765 3236 ἀληθῶς

2191 3261 2325 3314 Θεοῦ
2383 3261 2510 3324 Υἱὸς
2573 3259 2666 3326 ὢν,
2726 3260 2818 3311 καὶ
2879 3259 3037 3321 αὐτὸς
3079 3257 3209 3319 Θεὸς
3243 3255 3354 3319 ῶν;
3401 3254 3537 3307 Ἀλλ’
3574 3256 3659 3307 ἵνα
3689 3257 3763 3325 μὴ

2192 3353 2370 3422 φθάσῃ
2398 3355 2516 3414 ταῖς
2543 3351 2787 3421 καρδίαις
2809 3349 2916 3402 τῶν
2941 3350 3253 3418 ἀκηκοότων
3282 3346 3654 3416 ὲντυπωθῆναι
3678 3346 3765 3398 διὰ

2190 3445 2298 3498 τῶν
2322 3444 2599 3514 ὀνομάτων
2615 3441 2816 3495 τούτων
2844 3441 2911 3493 τά
2942 3441 3038 3509 τῆς
3070 3438 3349 3501 εὐσεϐείας
3374 3439 3640 3508 νοήματα,
3675 3437 3767 3488 εὐο

2193 3536 2287 3599 θὺς
2313 3535 2481 3603 λέγει,
2511 3533 2739 3594 κτίσεως
2781 3530 2941 3583 αὐτὸν
2968 3529 3308 3599 πρωτότοκον
3329 3545 3342 3557 ·
3371 3528 3470 3580 οὐκ
3513 3526 3639 3580 ἄνευ
3667 3526 3767 3595 τῆς

2193 3627 2298 3698 πρὸ
2321 3626 2411 3678 τοῦ
2435 3621 2572 3678 εἶναι
2604 3625 2909 3693 γεννήσεως
2936 3619 3332 3689 ὀνομαζόμενον
3364 3619 3512 3680 Υίὸν,
3547 3619 3652 3691 πρὸ
3673 3619 3770 3670 πά-

2195 3737 2293 3788 σης
2348 3719 2575 3779 κτίσεως
2628 3716 2929 3784 γινόμενον,
2973 3713 3073 3764 οὐκ
3127 3711 3398 3764 ἄκτιστον.
3443 3711 3529 3772 Ὠς
3563 3709 3628 3761 ἂν
3675 3703 3768 3760 οὖν

2195 3810 2386 3880 φανείη
2419 3808 2511 3862 καὶ
2553 3807 2650 3870 τὰς
2674 3804 2894 3876 πρώτας
2934 3803 3115 3872 φωνάς
3143 3803 3171 3852 6
3206 3801 3513 3871 κακοῦργος
3532 3800 3651 3853 ἀντὶ
3674 3799 3767 3850 δε-

2193 3900 2494 3970 λεάσματος
2521 3901 2632 3960 τοῖς
2673 3896 2980 3966 ἀνθρώποις
3027 3895 3344 3963 προτείνων,
3386 3892 3526 3945 ὥστε
3585 3907 3764 3960 παρα-

2193 3991 2444 4062 δεχθῆναι
2479 3991 2538 4042 τὸ
2562 3990 2906 4060 δηλητήριον,
2944 3979 3054 4038 οἷόν
3081 4003 3185 4038 τινι
3219 3985 3393 4054 μέλιτι
3418 3985 3528 4046 τοῖς
3551 3981 3768 4034 εὐσεϐε-

2197 4082 2407 4152 στέροις
2459 4080 2683 4149 ὀνόμασι
2758 4078 3175 4147 γλυκαινόμενον
3203 4092 3218 4106 ·
3273 4074 3466 4144 μικρὸν
3505 4073 3583 4142 τῷ
3629 4072 3772 4139 λόγῳ

2197 4171 2724 4244 προσδιατρίψωμεν.
2764 4170 2860 4232 Τίς
2893 4169 2992 4221 οὐκ
3018 4162 3156 4220 οἶδεν
3182 4167 3279 4236 ὅση
3311 4165 3404 4217 τοῦ
3455 4163 3772 4233 μονογενοῦς

2198 4262 2330 4331 πρὸς
2362 4261 2451 4312 τὸν
2507 4259 2847 4328 πρωτότοκον
2877 4260 2908 4326 ὴ
2959 4257 3100 4310 κατὰ
3127 4255 3187 4307 τὸ
3229 4253 3625 4323 σημαινόμενόν
3655 4255 3773 4304 ἐστι

2194 4352 2457 4422 διαφοράς
2490 4349 2624 4402 υῦτε
2659 4349 2766 4416 γὰρ
2791 4346 3081 4417 μονογενὴς
3109 4345 3246 4414 μετὰ
3283 4343 3525 4410 ἀδελφῶν
3550 4345 3770 4403 νοεῖται,

2195 4441 2316 4494 οὐτε
2347 4442 2514 4510 χωρὶς
2541 4439 2783 4506 ἀδελφῶν
2815 4441 2841 4490 6
2878 4437 3222 4508 πρωτότοκος
3243 4452 3256 4464 ·
3309 4434 3420 4486 ἀλλ’
3443 4435 3470 4486 6
3495 4433 3592 4504 μὲν
3626 4449 3762 4503 πρω-

2195 4534 2432 4596 τότοκος,
2467 4529 2758 4600 μονογενὴς
2809 4531 2909 4580 οὐκ
2966 4526 3146 4579 ἔστιν·
3199 4525 3441 4594 ἀδελφῶν
3498 4524 3606 4592 γάρ
3657 4525 3774 4574 ἐστι

524 4627 778 4697 genitus;
833 4625 928 4680 sed
981 4624 1380 4694 primogenitus
1447 4624 1763 4692 unigenitus
1824 4638 1930 4676 non
1986 4631 2091 4686 est,

2198 4625 2414 4685 πάντως
2433 4621 2792 4692 πρωτότοκος·
2813 4621 2840 4672 ὁ
2858 4619 2912 4672 δὲ
2945 4619 3235 4688 μονογενὴς
3259 4616 3481 4683 ἀδελφὸν
3505 4617 3606 4668 οὐκ
3629 4614 3739 4684 ἔχει
3757 4633 3772 4646 ·

527 4719 756 4773 fratrum
781 4716 927 4770 enim
966 4723 1048 4770 est
1070 4729 1298 4784 prorsus
1322 4714 1749 4782 primogenitus:
1781 4714 2096 4782 unigenitus

524 4827 655 4866 vero
714 4809 938 4863 fratrem
975 4822 1083 4859 non
1148 4806 1351 4858 habet:
1415 4820 1522 4858 non
1581 4804 1729 4858 enim
1780 4804 2096 4872 unigenitus

526 4908 695 4962 esset,
754 4899 799 4953 si
853 4913 974 4951 eum
1033 4894 1301 4948 fratribus
1357 4903 1761 4948 nonieraretttr.
1802 4883 2092 4959 Praeterea,

523 4991 684 5060 cujus
707 4989 964 5043 essentiae
996 4986 1194 5040 fuerint
1221 4986 1419 5040 fratres
1452 4985 1820 5054 primogeniti,
1849 4985 2091 5053 ejusdem

524 5080 749 5134 omnino
779 5078 884 5134 erit
917 5078 1080 5131 etiam
1107 5077 1522 5146 primo-genitus.
1570 5074 1758 5144 Neque
1791 5076 1892 5129 hoc
1915 5077 2090 5129 solum

524 5174 628 5226 hac
656 5185 790 5224 voce
813 5168 1175 5239 signiﬁcatur,
1203 5166 1295 5222 sed
1319 5168 1481 5221 etiam
1500 5167 1644 5236 quod
1673 5167 1739 5219 ab
1767 5168 1952 5220 eodem
1975 5181 2098 5220 esse

526 5265 710 5326 habet,
762 5262 986 5332 ipseque
1032 5261 1448 5331 primogenitus,
1466 5269 1520 5313 et
1549 5261 1641 5330 qui
1666 5269 1786 5329 post
1821 5261 1971 5313 illum
2008 5275 2098 5326 ge-

526 5354 626 5409 niti
661 5364 809 5416 sunt,
847 5353 980 5407 nihil
1004 5353 1364 5422 primogenita
1393 5352 1458 5406 ad
1477 5352 1879 5420 generationem
1909 5365 2096 5404 eorum

529 5446 620 5516 qui
659 5445 916 5512 deinceps
941 5453 1240 5497 nascuntur
1272 5443 1591 5498 conferente
1623 5459 1635 5494 :
1671 5444 1744 5497 ita
1777 5451 1834 5496 ut
1868 5457 1962 5512 per
1987 5443 2098 5494 haec

529 5551 634 5588 vox
679 5534 908 5589 Joannis
947 5534 1081 5588 falsa
1115 5549 1238 5589 esse
1297 5543 1667 5595 astrueretur,
1706 5549 1827 5603 quae
1869 5541 2101 5588 testatur

532 5625 675 5696 quod
719 5625 900 5678 omnia
933 5640 1028 5694 per
1054 5625 1231 5695 ipsum
1270 5624 1412 5678 facta
1436 5627 1547 5679 sint
1576 5625 1620 5657 “
1664 5626 1747 5678 :si
1798 5625 1940 5678 enim
1990 5621 2101 5692 pri-

533 5716 844 5786 mogenitus
875 5724 981 5779 est,
1041 5717 1154 5770 sola
1191 5718 1454 5786 temporis
1506 5718 1860 5788 praerogativa
1899 5716 1966 5770 ab
2015 5715 2100 5769 his

644 5891 687 5921 “
744 5890 900 5946 Joan.
962 5905 1001 5959 ι,
1056 5892 1111 5944 5.

2200 4717 2258 4768 οὐ
2280 4715 2387 4784 γὰρ
2424 4713 2487 4767 ἂν
2516 4713 2599 4783 εἴη
2662 4711 2951 4781 μονογενὴς
2990 4712 3045 4762 ὲν
3072 4709 3320 4777 ἀδελφοῖς
3357 4709 3772 4779 ἀριθμούμενος.

2202 4802 2308 4852 Καὶ
2340 4800 2417 4850 ἔτι
2449 4797 2583 4868 πρὸς
2610 4789 3038 4864 τούτοις,ἧσπερ
3069 4794 3134 4846 ἂν
3162 4793 3347 4856 οὐσίας
3380 4788 3512 4846 ὦσιν
3541 4795 3590 4846 οἱ
3625 4791 3780 4848 ἁδελο

2202 4893 2290 4959 φοὶ
2322 4890 2412 4942 τοῦ
2445 4889 2812 4959 πρωτοτόκου,
2859 4887 2957 4955 τῆς
3005 4886 3172 4954 αὐτῆς
3226 4885 3377 4937 ἔσται
3430 4887 3640 4946 πάντως
3684 4885 3779 4936 καὶ

2199 4985 2228 5036 6
2258 4982 2618 5054 πρωτότοκος.
2653 4981 2760 5032 Καὶ
2783 4980 2841 5031 οὐ
2857 4978 3012 5031 τοῦτο
3035 4979 3192 5046 μόνον
3215 4978 3317 5030 ὐπὸ
3333 4979 3428 5046 τῆς
3447 4979 3625 5047 φωνῆς
3645 4977 3777 5030 ταύ-

2198 5091 2297 5144 της
2327 5071 2668 5142 σημαίνεται,
2703 5070 2815 5123 ἀλλ’
2845 5071 2924 5123 ὅτι
2956 5070 3048 5122 καὶ
3079 5067 3229 5140 παρά
3253 5068 3345 5120 τοῦ
3371 5067 3534 5121 αὐτοῦ
3555 5068 3615 5120 τὸ
3638 5064 3778 5120 εἶναι

2200 5166 2333 5233 ἔχει,
2369 5163 2527 5224 αὐτός
2554 5179 2612 5214 τε
2644 5164 2671 5214 6
2699 5161 3060 5231 πρωτότοκος.
3093 5161 3185 5212 καὶ
3227 5160 3275 5211 oi
3311 5159 3423 5228 μετ’
3453 5159 3654 5210 ἐκεῖνον
3681 5174 3775 5224 γε·

2199 5255 2448 5324 νόμενοιο
2497 5253 2646 5304 οὐδὲν
2706 5251 2797 5303 τοῦ
2840 5249 3185 5319 πρωτοτόκου
3230 5249 3365 5318 πρὸς
3406 5248 3501 5318 τὴν
3527 5249 3778 5317 γέννησιν

2200 5345 2308 5396 τῶν
2335 5343 2530 5411 ἐφεξῆς
2551 5341 3008 5409 συνεισφέροντος.
3044 5339 3130 5400 Ὠς
3151 5338 3236 5390 διὰ
3261 5338 3464 5390 τούτων
3492 5337 3661 5404 ψευδῆ
3680 5335 3776 5387 τοῦ

2216 5435 2459 5489 Ἰωάννου
2479 5435 2578 5503 τὴν
2602 5433 2784 5502 φωνὴν
2807 5430 2943 5484 εἶναι
2969 5429 3488 5493 κατασκευάζεσθαι,
3511 5431 3608 5498 τὴν
3634 5444 3774 5497 μαρ-

2205 5526 2472 5595 τυροῦσαν
2498 5527 2578 5577 ὅτι
2607 5527 2781 5578 πάντα
2796 5524 2860 5575 δι’
2891 5522 3054 5576 αὐτοῦ
3085 5522 3316 5590 ἐγένετο.
3348 5522 3407 5572 Εἰ
3430 5521 3538 5590 γὰρ
3567 5520 3778 5590 πρωτό-

2206 5617 2358 5681 τοκός
2392 5618 2558 5676 ἐστιν,
2597 5615 2776 5684 μόνοις
2807 5617 2916 5676 τοῖς
2947 5613 3086 5667 κατά
3126 5614 3216 5665 τὸν
3247 5613 3436 5683 χρόνον
3471 5611 3778 5680 πρεσϐείοις

2205 5708 2314 5760 τῶν
2349 5708 2462 5777 μετ’
2497 5705 2656 5760 αὐτὸν
2694 5707 2991 5773 γεγονότων
3034 5703 3276 5774 διαφέρει
3331 5702 3544 5764 πάντως
3571 5717 3583 5730 ·
3620 5699 3776 5755 ἄλλου
