4146 6370
375 448 472 501 5111
1517 443 1794 500 CONTRA
1829 441 2220 510 EUNOMIUM,
2256 442 2380 500 LIB.
2413 443 2476 500 ll.
3523 442 3626 498 50?.

374 560 526 620 δντος
567 558 635 612 δι’
681 549 742 611 οὗ
788 560 882 612 καὶ
933 575 1106 630 comp
1149 557 1241 611 καὶ
1287 559 1393 620 τοῖς
1437 557 1705 628 λοιποῖςή
1743 557 1878 627 πρὸς
1897 555 1958 609 τὸ
1987 574 2011 627 Α

1993 574 2033 628 Α
2062 557 2155 626 qui
2177 563 2365 626 postea
2401 563 2528 611 sunt
2560 550 2728 624 geniti
2763 553 2919 622 plane
2958 551 3163 618 differt,
3192 568 3315 607 cum
3347 550 3418 607 sit
3450 554 3630 615 alius.

377 647 514 704 εἶναι
544 651 730 718 γέγονε
751 650 998 720 δύναμις.
1042 651 1178 703 Ἀλλ’
1217 650 1290 712 ὡς
1330 649 1394 701 ἂν
1426 650 1497 718 μή
1524 666 1628 700 τινι
1655 647 1762 700 τῶν
1793 665 1956 701 συκο-

2062 662 2160 718 per
2179 662 2339 717 quem
2368 654 2422 701 et
2467 646 2593 699 huic
2624 653 2678 699 et
2705 645 2934 715 reliquis
2961 645 3082 706 fuit,
3121 653 3178 697 ut
3213 652 3421 706 essent,
3474 653 3630 713 pole-

379 741 720 809 φαντούντων
761 741 1015 794 ὑπόνοιαν
1045 741 1284 810 δοίημεν,
1317 740 1389 802 ὡς
1429 740 1502 810 μὴ
1530 738 1956 809 παραδεχόμενοι

2060 745 2194 792 stas.
2236 737 2340 791 Sed
2387 753 2453 790 ne
2482 736 2569 790 cui
2610 750 2798 790 eorum
2834 735 2926 804 qui
2967 735 3292 788 calumniari
3325 736 3502 788 solent
3542 751 3635 789 su-

376 832 476 897 τάς
513 832 902 895 θεοπνεύστους
933 835 1114 901 φωνὰς
1137 833 1204 884 δι’
1225 826 1297 884 ὧν
1323 830 1670 900 ὲνιστάμεθα,
1695 830 1960 900 πρότερον

2075 827 2322 897 spicandi
2384 827 2730 880 occasionem
2790 826 3017 887 demus,
3089 824 3233 895 quod
3293 840 3322 877 a
3393 825 3500 879 Deo
3551 826 3635 878 in-

379 923 478 992 τὴν
501 923 770 992 ἡμετέραν
803 922 1036 975 διάνοιαν
1070 923 1136 992 ἣν
1175 922 1371 991 ἔχομεν
1397 921 1524 991 περὶ
1547 921 1652 972 τῶν
1681 921 1961 990 ὀνομάτων

2074 919 2308 988 spiratas
2335 933 2498 972 voces
2527 933 2637 971 non
2670 917 3028 980 admittimus,
3059 931 3196 986 quas
3226 923 3417 970 contra
3454 917 3636 970 insura

380 1013 585 1066 τούτων
613 1012 1039 1082 παραθησόμεαῑ
1061 1028 1074 1042 ·
1103 1007 1200 1064 εἷθ’
1224 1011 1364 1064 οὕτω
1407 1011 1504 1081 τὴν
1559 1011 1655 1062 τοῦ
1693 1010 1961 1080 βελτίονος

2066 1008 2267 1077 gimus.
2315 1007 2466 1076 prius
2519 1014 2761 1061 nostram
2797 1005 3144 1070 sententiam,
3198 1020 3359 1074 quam
3431 1005 3500 1058 de
3552 1004 3635 1058 his

384 1103 564 1174 κρίσιν
584 1108 693 1168 τοῖς
715 1103 1085 1173 ἀκροωμένοις
1112 1103 1505 1172 προσθήσομεν.
1525 1102 1581 1154 '0
1615 1101 1786 1170 μέγας
1816 1097 1964 1153 Παῦ-

2067 1098 2385 1153 nominibus
2411 1098 2699 1162 habemus,
2731 1111 3092 1166 apponemus,
3123 1095 3319 1150 deinde
3341 1096 3419 1150 sic
3441 1095 3636 1149 melio-

384 1194 473 1257 λος
507 1195 660 1256 εἰδὼς
687 1197 766 1247 ὅτι
801 1193 998 1255 παντὸς
1045 1191 1250 1261 ἀγαθοῦ
1310 1191 1551 1262 ἀρχηγός
1570 1208 1629 1242 τε
1666 1191 1759 1244 καὶ
1792 1191 1963 1252 αῐτιος

2063 1190 2143 1244 ris
2177 1190 2445 1259 judicium
2489 1189 2837 1243 audientibus
2861 1187 3201 1255 adjiciemus.
3234 1187 3460 1257 Magnus
3495 1187 3639 1239 Pau-

385 1287 414 1338 ὁ
444 1287 736 1355 μονογενής
777 1287 892 1337 ἐστι
935 1284 1086 1346 Θεὸς.
1122 1287 1150 1336 ὁ
1178 1286 1232 1336 ἐν
1273 1285 1406 1336 πᾶσι
1440 1282 1758 1353 πρωτεύων,
1793 1298 1964 1350 προσ-

2067 1284 2174 1346 lus,
2220 1282 2401 1337 sciens
2429 1283 2570 1350 quod
2604 1282 2784 1335 omnis
2844 1281 2971 1334 boni
3017 1280 3271 1349 princeps
3330 1288 3382 1332 et
3447 1286 3638 1332 auctor

391 1379 656 1447 μαρτυρεί
705 1376 852 1446 αὐτῷ
905 1377 964 1428 τὸ
1002 1377 1075 1446 μὴ
1117 1375 1275 1444 μόνον
1313 1375 1410 1444 τὴν
1446 1374 1554 1426 τῶν
1587 1373 1756 1425 ὄντων
1787 1373 1965 1425 κτίσιν

2071 1372 2393 1442 Unigenitus
2419 1380 2498 1427 est
2522 1370 2682 1436 Deus,
2713 1371 2804 1440 qui
2824 1372 2878 1424 in
2898 1371 3147 1424 omnibus
3172 1370 3374 1438 primas
3397 1376 3543 1423 tenet
3571 1370 3635 1428 ¹¹⁵,

387 1469 453 1522 δι’
493 1469 698 1521 ἐκείνου
742 1467 1016 1534 γενέσθαι,
1055 1467 1168 1521 ἀλλ’
1213 1468 1294 1519 ὅτι
1343 1467 1441 1536 τῆς
1471 1466 1704 1537 ἀρχαίας
1733 1463 1842 1517 τῶν
1874 1465 1967 1516 ἁν-

2071 1469 2398 1523 attestatur,
2457 1476 2564 1513 non
2618 1460 2792 1514 solum
2851 1474 3038 1512 eorum
3107 1474 3230 1527 (10$
3285 1465 3441 1522 Slllll,
3499 1473 3644 1511 crea-

391 1563 624 1634 θρώπων
654 1563 882 1626 κτίσεως
916 1563 1319 1633 παλαιωθείσης
1339 1580 1398 1614 τε
1427 1562 1520 1615 καὶ
1559 1560 1966 1628 ἀφανισθείσης,

2077 1555 2280 1607 tionem
2317 1569 2413 1622 per
2462 1553 2614 1606 illum
2670 1551 2866 1606 faetam
2901 1566 3043 1613 esse,
3099 1549 3191 1605 sed
3225 1550 3369 1619 quod
3417 1549 3641 1619 antiqua

390 1653 572 1715 καθὼς
619 1654 783 1716 αὐτὸς
834 1653 1111 1724 ὀνομάζει,
1143 1653 1310 1724 ἄλλης
1342 1654 1395 1706 δὲ
1425 1654 1616 1721 καινῆς
1655 1653 1883 1714 κτίσεως
1912 1653 1969 1702 ὲν

2072 1645 2352 1698 hominum
2410 1642 2689 1696 creatione
2735 1648 3116 1696 veterascente
3140 1649 3194 1695 et
3253 1647 3639 1702 evanesrente,

390 1745 610 1815 Χριστῷ
663 1747 980 1815 γενομένης,
1021 1747 1140 1798 οὐδὲ
1170 1745 1376 1816 ταύτης
1414 1746 1570 1808 ἄλλος
1614 1763 1696 1806 τις
1726 1743 1970 1814 καθηγή-

2074 1737 2215 1790 sicut
2241 1737 2356 1804 ipse
2393 1735 2658 1798 nominat,
2686 1733 2788 1786 alia
2826 1747 2965 1786 nova
3006 1733 3058 1784 in
3093 1731 3316 1785 Christo
3362 1730 3646 1785 creatione

394 1852 520 1887 σατο
549 1853 562 1866 ·
606 1837 738 1890 άλλά
767 1837 943 1907 πάσης
983 1837 1078 1906 τῆς
1106 1837 1191 1889 διὰ
1234 1836 1325 1889 τοῦ
1373 1835 1699 1904 Εύαγγελίου
1743 1835 1850 1886 τῶν
1879 1834 1972 1887 ἀν·

2077 1826 2240 1890 facla,
2302 1825 2485 1878 nullus
2526 1824 2667 1879 alius
2708 1823 2870 1892 hujus
2923 1821 3022 1877 fuit
3059 1824 3166 1877 dux
3210 1829 3263 1877 et.
3303 1832 3512 1887 auctor,
3551 1820 3647 1877 sed

395 1923 626 1996 θρώπων
647 1926 944 1996 γενομένης
988 1927 1234 1988 κτίσεως,
1272 1925 1430 1987 αὑτός
1463 1926 1608 1976 ἐστιν
1639 1926 1666 1976 ὁ
1697 1923 1972 1993 πρωτότο-
2007 1913 2032 1970 Ε

2011 1913 2047 1970 Β
2077 1918 2276 1984 omnis,
2321 1933 2442 1987 quae
2483 1932 2579 1985 per
2622 1915 2976 1986 Evangelium
3023 1914 3165 1968 facta
3197 1925 3303 1976 est.
3352 1915 3648 1969 creationis

391 2033 508 2080 κος.
539 2019 648 2073 Καὶ
705 2019 779 2079 ὡς
822 2018 886 2071 ἂν
924 2019 1254 2090 σαφέστερον
1287 2019 1495 2086 γένοιτο
1527 2017 1588 2071 τὸ
1621 2018 1748 2087 περὶ
1785 2015 1970 2068 τούτου

2077 2015 2194 2082 ipse
2217 2019 2298 2064 est
2352 2009 2766 2079 primogenitus.
2808 2009 2985 2078 Atque
3014 2019 3070 2061 ut
3114 2007 3406 2062 dilucidior
3447 2018 3500 2063 et
3537 2010 3648 2062 cla-

395 2109 590 2180 νὸημα,
615 2110 813 2162 οὑτωσὶ
849 2111 939 2162 τὸν
966 2109 1120 2176 λόγον
1149 2109 1547 2180 διαληψόμεθα·
1577 2109 1844 2178 Τετράκις
1877 2108 1974 2176 τῆς

2081 2104 2192 2156 rior
2212 2111 2398 2156 nostra
2427 2100 2494 2156 de
2525 2100 2628 2153 hoc
2666 2101 2942 2154 elucescat
2987 2099 3268 2167 cogitatio,
3322 2100 3402 2154 sic
3442 2116 3649 2154 sermo-

398 2196 576 2265 φωνῆς
597 2196 799 2267 ταύτης
833 2197 1100 2267 μέμνηται
1123 2199 1150 2249 ὁ
1168 2197 1306 2262 θεῖος
1323 2197 1642 2260 Ἀπόστολος
1661 2214 1674 2227 ⁸
1708 2197 1854 2260 ἆπαξ
1877 2197 1974 2267 μὲν

2081 2211 2201 2249 nem
2249 2195 2620 2263 dispescemus
2651 2192 2725 2261 (τι)
2749 2191 2975 2257 :Quater
3015 2190 3176 2260 hujus
3208 2191 3359 2246 vocis
3405 2192 3651 2245 meminit

394 2286 567 2352 οὕτως
593 2287 792 2341 εἰπών·
823 2291 903 2342 ὅτι
935 2291 1311 2358 Πρωτότοκος
1339 2290 1540 2356 πάσης
1560 2291 1809 2354 κτίσεως
1828 2307 1840 2319 ⁸
1867 2290 1970 2342 πά-

2081 2290 2298 2344 diviuus
2374 2287 2706 2357 Apostolus;
2795 2284 2961 2339 semel
3024 2284 3102 2337 sic
3172 2285 3426 2349 locutus,
3507 2285 3649 2353 quod

397 2379 479 2432 λιν
501 2381 556 2433 δὲ
576 2383 656 2434 ὅτι
682 2383 1052 2449 Πρωτότοκος
1068 2384 1138 2434 ἐν
1158 2383 1410 2446 πολλοῖς
1427 2382 1709 2451 ἀδελφοῖς
1725 2399 1736 2411 ·
1772 2385 1833 2434 ἐκ
1858 2381 1976 2451 τρί-

2079 2380 2453 2450 primogenilus
2534 2379 2700 2432 omnis
2759 2386 3016 2430 creatura:
3073 2376 3116 2406 ¹⁶
3166 2376 3447 2441 :iterum,
3505 2375 3651 2442 quod

397 2487 490 2521 του
517 2470 593 2530 δὲ,
628 2472 708 2523 ὅτι
735 2471 1107 2537 Πρωτότοκος
1129 2472 1194 2523 ἐκ
1219 2470 1602 2537 τώννεκρῶΨ
1640 2470 1774 2540 μετὰ
1807 2468 1976 2522 ταῦτα

2079 2472 2456 2542 primogenitus
2508 2471 2562 2523 in
2612 2469 2794 2522 multis
2850 2467 3108 2536 fratribus
3150 2469 3233 2520 "z
3298 2470 3481 2531 tertio,
3511 2469 3652 2538 quod

399 2559 454 2611 δὲ
477 2562 740 2613 ἀπόλυτὸν
770 2579 827 2614 τε
861 2562 954 2614 καὶ
986 2560 1231 2631 ἀσυζυγῆ
1254 2562 1352 2630 τὴν
1382 2562 1564 2631 φωνὴν
1594 2561 1973 2630 παρατίθεται,

2090 2565 2465 2631 primogenilus
2520 2579 2584 2617 ex
2636 2563 2858 2616 mortuis
2905 2563 2983 2618 “'2
3036 2573 3294 2632 praeterea
3347 2564 3653 2617 absolutam

401 2653 564 2704 εἰπών
588 2668 601 2683 ·
643 2653 816 2705 Ὅταν
845 2653 912 2706 δὲ
935 2652 1122 2706 πάλιν
1153 2652 1442 2720 εἰσαγάγῃ
1466 2651 1570 2704 τὸν
1603 2652 1977 2720 πρωτότοκον

2082 2673 2188 2710 non
2219 2658 2528 2726 copulatam
2570 2670 2750 2724 neque
2781 2654 2848 2708 ad
2895 2654 3043 2708 aliud
3071 2653 3296 2707 relatam
3332 2669 3517 2708 vocem
3563 2667 3653 2722 ap-

401 2747 486 2808 εὶς
515 2744 628 2810 τὴν
656 2745 1012 2813 οἰκουμένην
1028 2745 1213 2813 λέγει·
1242 2745 1348 2798 Καὶ
1377 2743 1978 2811 προσκυνησάτωσαν

2083 2750 2398 2818 ponit,cum
2434 2747 2604 2802 dixit:
2643 2747 2777 2802 Cum
2814 2758 2988 2801 autent
3020 2747 3219 2800 inducit
3257 2746 3656 2815 primoyenitum

400 2834 560 2899 αὐτῷ
588 2835 807 2899 πάντες
833 2834 1070 2904 ἄγγελοι
1112 2834 1278 2888 Θεοῦ.
1325 2833 1533 2887 Οὐκοῦν
1562 2834 1737 2904 ἥνπερ
1775 2833 1840 2886 ἂν
1865 2833 1978 2886 διά-

2081 2843 2131 2894 in
2162 2841 2333 2893 orbem
2360 2850 2620 2894 terrarum
2668 2839 2836 2892 dicit:
2896 2838 2962 2891 Et
2998 2838 3218 2892 adorent
3266 2839 3436 2906 ipsum
3483 2851 3656 2889 omnes

404 2943 550 2980 νοιαν
581 2928 670 2978 ἐπὶ
704 2926 809 2978 τῶν
838 2926 1009 2980 ἄλλων
1071 2925 1340 2993 συζυγιῶν
1367 2924 1458 2976 τοῦ
1498 2925 1756 2995 ὀνόματος
1791 2923 1977 2976 τούτου

2095 2934 2272 3002 angeli
2305 2932 2397 2985 Dei
2427 2933 2505 2984 ¹⁹.
2549 2931 2693 3000 Ergo
2745 2945 2907 2999 quam
2956 2930 3372 2998 intelligentiam
3421 2929 3477 2980 in
3539 2927 3658 2981 aliis

407 3019 844 3088 κατανοήσωμεν,
892 3017 1199 3080 ἀκολούθως
1234 3017 1332 3087 τὴν
1371 3017 1538 3086 αὐτὴν
1578 3017 1672 3068 καὶ
1713 3014 1790 3084 τῷ
1829 3033 1977 3085 πρω-

2086 3024 2558 3094 conjugationihus
2577 3022 2815 3076 nominis
2840 3020 3000 3088 hujus
3027 3019 3209 3073 animo
3227 3017 3658 3087 conceperimus,

406 3109 609 3178 τοτόκῳ
636 3111 733 3179 τῆς
757 3109 986 3172 κτίσεως
1008 3109 1409 3178 ἐφαρμόσομεν.
1441 3109 1585 3169 arta;
1622 3107 1728 3177 γὰρ
1760 3106 1852 3158 καὶ
1881 3109 1978 3174 τῆς

2083 3113 2732 3184 consequentereamdem
2751 3112 3113 3183 primogenito
3134 3109 3426 3165 creationis
3446 3124 3657 3162 accom-

410 3199 580 3268 αύτῆς
595 3197 758 3267 οὔσης
790 3201 989 3268 φωνῆς,
1022 3200 1231 3268 ἀνάγκη
1271 3201 1415 3252 πᾶσα
1449 3199 1574 3268 μίαν
1605 3194 1742 3250 εἶναι
1774 3197 1979 3266 καὶτὴν
2018 3263 2047 3269 _

2023 3263 2048 3269 _
2082 3205 2425 3258 modabimus
2447 3223 2458 3257 :
2481 3219 2604 3257 cum
2621 3202 2766 3257 enim
2783 3204 2851 3258 sit
2867 3218 2968 3255 una
2986 3201 3284 3269 eademque
3302 3216 3423 3264 vox,
3443 3214 3660 3254 necesse

411 3288 815 3359 σημαινομένην
856 3289 1111 3340 διάνοιαν.
1149 3288 1272 3348 Πῶς
1303 3288 1511 3355 γίνεται
1557 3288 1733 3340 τοίνυν
1769 3281 1980 3357 πρωτὸ-
2009 3263 2048 3319 C

2025 3263 2050 3319 δ
2084 3308 2166 3350 est
2202 3311 2384 3356 unam,
2421 3310 2540 3363 qua?
2567 3310 2661 3364 per
2687 3309 2805 3349 eam
2832 3293 3196 3362 signiﬁcatur,
3215 3309 3336 3346 esse
3364 3290 3662 3358 intelligen-

410 3396 562 3440 τοκος
602 3382 658 3430 ὲν
678 3379 886 3441 πολλοῖς
935 3379 1200 3444 ἀδελφοῖς,
1233 3378 1348 3440 πῶς
1377 3379 1430 3430 δὲ
1471 3378 1675 3449 νεκρῶν
1703 3377 1979 3448 πρωτότο-

2085 3388 2236 3440 tiam.
2256 3385 2538 3452 Quomodo
2563 3385 2730 3454 igitur
2743 3385 2988 3438 nascitur
3002 3384 3392 3453 primogenitus
3411 3381 3464 3434 in
3485 3379 3664 3434 multis

411 3486 526 3531 κος,
559 3465 592 3539 ἦ
621 3469 779 3522 τοῦτο
809 3469 1024 3532 πάντως
1051 3471 1167 3522 ἐστὶ
1197 3469 1515 3536 δῆλον;”οτι
1545 3469 1633 3522 διὰ
1657 3469 1717 3522 τὺ
1734 3469 1981 3538 γενέσθαι

2088 3477 2383 3538 fratribus,
2439 3475 2718 3544 quomodo
2759 3483 3099 3528 mortuorum
3149 3473 3557 3542 primogenitus,
3598 3485 3664 3523 an

410 3562 556 3628 ἡμᾶς
585 3555 720 3630 αἷμα
759 3562 860 3612 καὶ
896 3561 1093 3631 σάρκα,
1139 3559 1320 3622 καθώς
1363 3578 1524 3631 φησιν
1557 3563 1588 3630 ἠ
1625 3560 1834 3631 Γραφὴ,
1862 3563 1889 3613 ὁ
1916 3559 1982 3612 δι’

2087 3569 2190 3622 hoc
2229 3582 2453 3636 prorsus
2494 3576 2577 3620 est
2615 3565 3000 3635 perspicuum?
3031 3563 3323 3633 Propterea
3369 3563 3513 3629 quod
3569 3577 3667 3617 nos

413 3653 558 3720 ἡμᾶς
589 3651 878 3720 γενόμενος
907 3651 1028 3704 καθ’
1063 3653 1232 3721 ἡμᾶς,
1261 3651 1353 3704 καὶ
1385 3652 1584 3722 σαρκὸς
1632 3653 1723 3704 καὶ
1755 3652 1986 3721 αἵματος

2086 3661 2404 3713 natisumus
2437 3658 2660 3726 sanguis
2677 3667 2731 3710 et
2760 3672 2909 3722 caro,
2937 3657 3080 3710 sicut
3112 3654 3246 3708 dicit
3273 3652 3555 3723 Scriptura
3573 3654 3618 3684 ’θ
3651 3670 3667 3719 ;

414 3743 767 3812 κοινωνήσας,
807 3743 1012 3812 μέλλων
1037 3745 1187 3812 ἡμᾶς
1209 3745 1520 3812 μεταποιεῖν
1537 3745 1598 3795 ὲκ
1627 3743 1718 3795 τοῦ
1747 3741 1984 3812 φθαρτοῦ

2089 3748 2180 3817 qui
2220 3755 2398 3801 autem
2437 3755 2654 3816 propter
2695 3762 2827 3809 nos,
2887 3745 3184 3800 secundum
3231 3761 3329 3798 nos
3371 3753 3532 3796 natus
3565 3750 3668 3806 est,

417 3837 554 3906 πρὸς
601 3835 661 3888 τὸ
703 3835 999 3903 ἄφθαρτον,
1039 3834 1124 3887 διὰ
1155 3836 1251 3903 τῆς
1282 3834 1486 3887 ἄνωθεν
1526 3837 1844 3904 γεννήσεως,
1890 3835 1988 3903 τῆς

2090 3837 2273 3889 carnis
2308 3844 2363 3889 et
2409 3836 2691 3904 sanguinis
2743 3836 3034 3903 particeps,
3079 3849 3178 3886 nos
3233 3848 3297 3885 ex
3332 3830 3669 3901 corruptibili

416 3925 482 3978 δι’
507 3925 693 3987 ὓδατος
723 3926 816 3976 καὶ
857 3923 1193 3992 Πνεύματος,
1227 3923 1383 3986 αὐτὸς
1413 3923 1506 3975 τοῦ
1547 3923 1786 3975 τοιούτου
1826 3923 1985 3974 τόκου

2091 3927 2156 3980 ad
2187 3929 2597 3996 incorruptibile
2617 3928 2994 3980 vindicaturus
3019 3942 3110 3994 per
3133 3939 3420 3992 supernam
3456 3937 3671 3991 genera-

417 4021 806 4091 καθηγήσατο,
852 4019 938 4071 διὰ
985 4017 1077 4078 τοῦ
1134 4016 1262 4069 ἰδίου
1317 4015 1687 4086 βαπτίσματος
1732 4012 1792 4064 τὸ
1838 4012 1990 4080 ἅγιον

2092 4023 2313 4084 tionem,
2345 4036 2465 4089 qua:
2490 4028 2573 4073 est
2619 4035 2712 4087 per
2761 4033 2954 4086 aquam
2984 4025 3036 4069 et
3063 4016 3347 4084 Spiritum,
3389 4015 3504 4083 ipse
3551 4011 3670 4065 talis

420 4110 644 4179 Πνεῦμα
683 4111 774 4161 ἐπὶ
804 4109 864 4161 τὸ
893 4107 1034 4177 ὕδωρ
1085 4106 1526 4175 ἐπισπασάμενος
1555 4120 1568 4132 '
1600 4104 1739 4157 ῶστε
1774 4103 1990 4155 πάντων

2091 4120 2280 4182 partus
2320 4111 2427 4164 dux
2467 4111 2706 4171 exstitit,
2746 4125 2839 4178 per
2876 4123 3035 4162 suum
3079 4107 3379 4174 baptisma,
3422 4114 3667 4159 sanctum

418 4201 528 4254 τῶν
561 4199 944 4271 πνευματικῶς
977 4197 1435 4266 ἀναγεννωμένων
1463 4194 1804 4264 πρωτότοκον
1832 4193 1992 4245 αὐτὸν

2096 4202 2355 4272 Spiritum
2388 4203 2441 4255 in
2474 4216 2666 4270 aquam
2700 4200 2980 4276 attrahcns
3003 4200 3043 4229 ²¹
3073 4217 3084 4251 :
3117 4198 3188 4250 ita
3226 4207 3282 4250 ut
3312 4201 3549 4250 omnium
3579 4194 3667 4262 qui

420 4289 692 4358 γενέσθαι,
720 4290 815 4342 καὶ
857 4289 1118 4356 ἀδελφοὺς
1164 4286 1426 4356 ὀνομάσαι
1471 4286 1596 4347 τοὺς
1649 4285 1747 4352 τῆς
1805 4282 1993 4352 ὁμοίας

2096 4294 2451 4362 spiritualiter
2507 4299 2901 4362 regenerantur
2959 4291 3077 4358 ipse
3137 4291 3209 4344 sit
3259 4288 3667 4358 primogenitus,

422 4380 585 4434 αὑτοῦ
605 4381 692 4434 διά
714 4379 804 4432 τού
818 4379 1006 4441 ὕδατος
1034 4379 1128 4431 καὶ
1153 4378 1244 4429 τοῦ
1263 4377 1400 4430 Πνεύ
1411 4393 1577 4446 ματος
1596 4375 1994 4446 μετεσχηκότας

2097 4384 2404 4453 fratresque
2441 4385 2681 4437 nominet
2726 4397 2822 4437 eos
2867 4384 2959 4450 qui
3016 4382 3213 4436 similis
3241 4396 3362 4434 cum
3413 4381 3531 4449 ipso
3578 4394 3672 4446 per

424 4475 747 4542 γεννήσεως.
790 4471 940 4523 Ἐπεὶ
987 4470 1042 4522 δὲ
1085 4470 1177 4522 καὶ
1204 4470 1300 4538 τῆς
1331 4471 1394 4520 ὲκ
1421 4467 1629 4537 νεκρῶν
1651 4466 1996 4528 ἀναστάσεως

2099 4491 2294 4546 aquam
2342 4483 2395 4529 et
2440 4473 2699 4542 Spiritum
2737 4473 3104 4545 generationis
3154 4471 3280 4526 facti
3338 4479 3464 4526 sunt
3505 4472 3673 4541 parti-

425 4563 531 4615 έδει
551 4561 711 4614 αὑτὸν
741 4559 1094 4615 ὲναποθέσθαι
1123 4563 1188 4630 τῇ
1216 4559 1374 4628 φύσει
1411 4560 1508 4629 τὴν
1546 4558 1792 4626 δύναμιν,
1834 4557 1994 4610 πάλιν
2029 4604 2062 4658 D

2036 4604 2072 4658 Β
2099 4567 2270 4636 cipcs.
2322 4563 2590 4630 Quoniam
2636 4577 2766 4617 vero
2815 4563 2978 4616 etiam
3024 4577 3120 4631 per
3163 4576 3318 4614 suam
3361 4575 3388 4611 a
3444 4559 3673 4613 mortuis

426 4655 634 4722 γίνεται
665 4652 885 4722 ἀπαρχὴ
925 4651 1032 4702 τῶν
1057 4649 1486 4719 κεκοιμημένων,
1522 4649 1615 4701 καὶ
1653 4647 1995 4718 πρωτότοκος
2029 4647 2063 4658 ⁹

2040 4647 2066 4658 ⁷
2103 4656 2556 4710 resurrectionem
2582 4654 2756 4723 ipsum
2802 4652 2987 4708 indere
3011 4654 3115 4705 vim
3174 4659 3380 4705 natura:
3427 4651 3677 4705 humana:

427 4747 492 4798 ὲκ
520 4745 628 4797 τῶν
656 4743 883 4813 νεκρῶν,
920 4744 947 4794 ὁ
981 4742 1193 4810 πρῶτος
1221 4740 1284 4792 δι’
1313 4738 1506 4792 ἑαυτοῦ
1549 4741 1715 4802 λύσας
1739 4737 1837 4798 τάς
1870 4737 1995 4789 ὠδῖ-

2103 4745 2169 4797 ad
2194 4744 2582 4814 resurgendum
2615 4744 2919 4812 oportebat,
2973 4759 3160 4798 rursus
3200 4743 3256 4796 tlt
3290 4744 3674 4796 dormientium

428 4855 524 4900 νας
568 4836 660 4888 τοῦ
707 4834 936 4887 θανάτου
963 4851 972 4861 ·
996 4834 1135 4885 ὥστε
1174 4835 1266 4885 καὶ
1314 4834 1443 4902 ἡμῖν
1481 4829 1858 4899 ὁδοποιηθῆναι
1899 4828 1996 4898 τὴν

2104 4835 2373 4904 primitizr,
2411 4843 2463 4888 et
2491 4835 2891 4904 primogenitus
2916 4849 2982 4887 ex
3036 4833 3286 4889 mortuis.
3332 4832 3434 4901 qui-
3471 4833 3677 4901 primus

429 4932 492 4981 ὲκ
521 4928 615 4980 τοῦ
647 4927 876 4981 θανάτου
926 4925 1364 4994 παλιγγενεσίαν,
1412 4923 1498 4976 διὰ
1525 4923 1623 4992 τῆς
1655 4922 1749 4974 τοῦ
1795 4920 1997 4989 Κυρίου

2104 4942 2200 4997 per
2222 4927 2459 4994 scipsum
2498 4925 2688 4979 mortis
2718 4925 2937 4979 dolores
2970 4925 3191 4979 resolvit
3224 4943 3234 4977 :
3268 4926 3338 4977 ita
3375 4935 3431 4977 ut
3457 4924 3614 4977 nobis
3650 4939 3678 4975 a

428 5019 774 5081 ἀναστάσεως
801 5020 900 5088 τῆς
951 5017 1136 5078 ὠδῖνος
1165 5015 1258 5068 τοῦ
1307 5014 1536 5068 θανάτου
1569 5012 1840 5080 λυθείσης,
1865 5013 1922 5063 ὲν
1955 5005 2000 5077 ᾧ

2105 5023 2279 5070 morte
2335 5017 2408 5068 sit
2462 5015 2729 5083 patefacta
2793 5015 2878 5067 via
2931 5015 2994 5069 ad
3041 5016 3530 5083 rcgeneratimrcm,
3586 5029 3681 5082 per

429 5109 813 5179 κατειχόμεθα.
846 5110 1055 5179 ’Ὠσπερ
1095 5103 1187 5160 οὖν
1229 5104 1512 5176 μετασχὼν
1537 5103 1634 5173 τῆς
1665 5102 1751 5154 διὰ
1777 5100 2000 5171 λουτροῦ

2104 5106 2316 5161 Domini
2357 5107 2814 5160 resurrectionem
2858 5107 3052 5158 mortis
3091 5106 3372 5160 doloribus
3401 5105 3677 5162 resolutis.

429 5201 857 5268 ἀναγεννὴσεως,
889 5197 1129 5266 ἀδελφῶν
1155 5197 1496 5265 πρωτότοκος
1523 5194 1728 5260 γίνεται
1751 5208 1763 5220 ·
1793 5192 1885 5243 καὶ
1905 5192 2005 5245 πά-

2104 5197 2158 5250 ἱη
2188 5213 2291 5265 qua
2313 5197 2704 5250 detinebantur.
2732 5195 3194 5261 Quemadmodum
3220 5196 3385 5264 igitur
3411 5195 3680 5263 particeps

430 5287 511 5339 λιν
552 5288 804 5358 ἀπαρχὴν
833 5289 930 5356 τῆς
977 5287 1324 5346 ἀναστάσεως
1363 5285 1522 5338 αὑτὸν
1569 5285 1820 5350 ποιήσας,
1857 5298 2006 5350 πρω-

2106 5287 2281 5342 factus
2325 5288 2442 5356 ejus
2487 5303 2606 5359 qua:
2655 5289 2712 5340 tit
2763 5301 2858 5356 per
2899 5288 3172 5339 lavacrum
3226 5284 3675 5354 regenerationis,

431 5380 651 5441 τὸτσκος
691 5382 752 5432 ὲκ
781 5378 886 5432 τῶν
929 5379 1137 5448 νεκρῶν
1178 5376 1520 5444 ὀνομάζεται,
1565 5373 1733 5436 οὕτως
1774 5374 1832 5424 ἐν
1873 5373 2005 5424 πᾶσι

2108 5375 2338 5430 fratrum
2383 5377 2779 5447 primogenitus
2827 5374 3097 5441 edicitur;
3149 5390 3340 5428 rursus
3380 5373 3540 5426 etiam
3586 5374 3677 5441 qui

434 5470 746 5539 πρωτεύων.
812 5469 966 5522 Μετὰ
1007 5469 1068 5522 τὺ
1111 5467 1398 5538 παρελθεῖν
1442 5465 1506 5518 τὰ
1559 5468 1758 5535 ἀρχαῖα
1795 5465 2002 5526 πάντα,

2113 5468 2354 5536 seipsum
2387 5469 2803 5524 resurrectionis
2856 5467 3122 5537 primitias
3179 5463 3326 5529 fecit,
3361 5478 3428 5517 ex
3456 5464 3681 5516 mortuis

509 5625 552 5652 ¹⁵
597 5623 808 5677 Coloss.
849 5637 885 5687 I,
941 5621 1027 5675 18.
1107 5621 1148 5651 ¹⁶
1185 5619 1316 5674 ibid.
1354 5619 1436 5673 15.
1518 5618 1557 5647 ¹⁷
1619 5615 1772 5669 Rom.
1812 5632 1928 5681 vm,
1975 5617 2064 5670 29.

2044 5637 2064 5670 η.
2146 5621 2186 5651 ⁸⁸
2237 5619 2252 5671 Ι
2304 5619 2428 5675 Cor.
2479 5634 2567 5686 xv,
2600 5618 2702 5686 20;
2768 5620 2994 5689 Apocal.
3033 5634 3073 5684 ι,
3117 5617 3174 5674 5.
3263 5613 3500 5670 “Hebr.
3549 5627 3591 5681 ι,
3623 5611 3681 5672 θ’

435 5691 659 5746 ⁸⁸.Ιοιιιι.
699 5709 736 5756 ι,
784 5693 864 5745 15.
951 5694 992 5722 ’³
1060 5691 1246 5742 Matth.
1287 5705 1368 5766 tu,
1427 5689 1488 5740 15
1540 5704 1660 5756 sqq.

507 5831 584 5902 (α)
609 5830 776 5895 Vide,
809 5840 939 5885 tom.
978 5845 1152 5898 seqq.,
1191 5836 1329 5882 orat.
1373 5827 1443 5882 De
1479 5824 1710 5896 perfecta
1750 5823 1949 5878 Christi
1975 5823 2165 5876 forma.
