4146 6370
459 367 566 426 50⁸5
1695 367 1754 426 S.
1795 369 2124 426 GREGOR"
2164 370 2456 428 NYSSENI
3625 364 3730 418 504

460 489 859 558 primogenitus
903 489 1241 553 nominatur,
1301 489 1382 544 sic
1424 489 1567 543 inter
1610 504 1802 544 omnes
1834 491 2038 560 princi—

2161 493 2324 558 ιαθώς
2366 511 2526 564 φησιν
2566 493 2593 544 ὁ
2637 492 2982 555 Ἀπόστολος,
3022 493 3119 559 τῆς
3165 490 3355 558 καινῆς
3403 487 3460 538 ἐν
3511 484 3730 556 Χριστῷ

461 592 579 646 pem
605 578 782 633 locum
807 579 1080 636 obtinens.
1114 578 1415 649 Postquam
1449 587 1634 634 vetera
1679 581 1862 634 omnia
1901 597 2036 651 prae.

2161 587 2374 649 ιτίσεως
2411 586 2518 639 τῶν
2556 584 2855 655 ἀνθρώπων
2895 582 3238 652 πρωτότοκος
3265 579 3493 647 γίνεται,
3514 576 3601 629 διὰ
3632 578 3730 646 τῆς

461 669 762 737 terierunt,
799 671 943 727 sicut
979 671 1056 724 ait
1092 671 1388 740 Apostolus
1429 672 1496 736 ",
1531 686 1683 726 nova:
1734 672 1787 726 in
1819 672 2045 728 Christo

2161 676 2338 745 Ξιπλῆς
2354 677 2790 745 παλιγγενεσίας,
2807 675 2907 744 τῆς
2929 691 2989 726 τε
3007 673 3148 726 κατὰ
3169 672 3232 724 τὸ
3249 671 3401 739 ἆγιον
3421 669 3726 738 βάπτισμα,

461 762 757 815 creationis
822 762 1103 816 hominum
1159 762 1572 832 promogenitus
1631 761 1883 824 ellicitur,
1953 778 2048 832 per

2161 769 2241 820 ιαὶ
2252 769 2349 837 τῆς
2371 769 2434 820 ὲκ
2453 767 2659 838 νεκρῶν
2677 765 3045 826 ἀναστάσεως,
3065 763 3305 834 ἀρχηγὸς
3323 761 3421 830 τῆς
3441 758 3587 829 ζωῆς
3608 759 3728 811 καθ’

461 850 731 919 duplicem
757 853 1241 920 regenerationem,
1263 859 1316 906 et
1342 867 1436 920 per
1470 859 1719 904 sanctum
1754 852 2044 920 baptisma,

2161 860 2406 928 ἑκάτερον
2434 861 2566 930 ἡμῖν
2582 859 2886 928 γενόμενος,
2905 857 2998 909 καὶ
3011 855 3234 925 ἀπαρχὴ
3252 853 3343 906 καὶ
3364 852 3725 923 πρωτότοκος.

462 951 516 994 et
558 957 653 1012 per
689 944 1144 998 resurrectionem
1189 960 1218 997 a
1252 944 1505 1007 mortuis,
1541 944 1650 996 dux
1699 953 1753 996 et
1793 945 2047 1012 princeps

2161 946 2315 1014 Οὗτος
2328 946 2422 1004 οὖν
2437 953 2464 1004 ὁ
2481 949 2820 1020 πρωτότοκος
2835 949 2928 1001 καὶ
2949 947 3209 1014 ἀδελφοὺς
3230 943 3361 1014 ἔχει,
3384 959 3452 994 πε
3462 943 3513 1013 pi
3529 935 3602 993 ὧν
3626 957 3729 1009 φη-

465 1035 590 1089 vita:
636 1051 733 1104 per
774 1047 1062 1104 utramque
1113 1036 1271 1089 nobis
1321 1034 1518 1097 factus,
1573 1041 1627 1086 et
1679 1033 1950 1101 primitiae,
1996 1042 2051 1085 et

2161 1061 2202 1096 σι
2222 1043 2356 1115 πρὸς
2376 1044 2472 1114 τὴν
2486 1043 2721 1114 Μαρίαν,
2737 1043 2818 1094 ὃτι
2870 1041 3196 1108 Πορεύομαι
3217 1037 3365 1106 πρὲις
3379 1037 3484 1089 τὸν
3502 1036 3732 1100 Πατέρα

468 1126 880 1195 primogenitus.
911 1124 1007 1177 llic
1033 1125 1196 1193 igitur
1219 1123 1611 1192 primogenitns
1642 1121 1838 1174 fratres
1867 1118 2046 1182 habet,

467 1217 536 1270 de
567 1218 767 1286 quibus
816 1219 891 1270 ait
929 1216 995 1270 ad
1029 1215 1253 1269 Mariam
1289 1233 1300 1267 :
1336 1212 1520 1284 Perge,
1583 1224 1631 1266 et
1673 1212 1756 1264 dic
1792 1209 2048 1288 fratribus

467 1308 638 1359 meis:
686 1307 827 1360 Vada
870 1307 938 1360 ad
971 1305 1187 1360 Patrem
1228 1321 1396 1359 meum
1442 1314 1490 1358 et
1547 1303 1758 1356 Patrem
1801 1311 2048 1362 vestrum,

473 1396 636 1448 Deum
669 1411 835 1447 meum
865 1406 912 1448 et
935 1394 1103 1448 Deum
1139 1405 1368 1447 vestrum
1410 1393 1476 1445 ".
1525 1391 1619 1463 llis
1661 1392 1826 1446 dictis
1871 1399 2047 1444 totum

469 1485 768 1539 secundum
820 1485 1094 1538 hominem
1145 1484 1577 1554 dispensationis
1634 1498 1861 1552 scopum
1901 1499 2052 1537 sum-

468 1575 657 1626 matim
709 1574 1116 1643 complectitur.
1173 1573 1435 1628 Homines
1477 1573 1623 1628 enim
1671 1588 1698 1625 α
1748 1573 1856 1627 Deo
1898 1588 2048 1627 rece-

468 1666 660 1719 dentes
701 1666 1012 1720 servierunt
1051 1666 1118 1720 iis
1166 1666 1260 1734 qui
1302 1682 1410 1719 non
1449 1674 1577 1722 sunt
1623 1675 1818 1718 natura
1870 1665 1968 1728 (lii,
2001 1675 2054 1719 et

469 1771 592 1810 cum
643 1763 829 1811 essent
888 1755 980 1810 Dei
1040 1755 1158 1819 lilii,
1215 1755 1463 1825 improbo
1521 1763 1575 1808 et
1634 1755 1755 1808 falsi
1814 1755 2052 1809 nominis

472 1848 612 1914 patri
656 1846 1024 1900 adhzeserunt.
1070 1845 1366 1910 Quocirca,
1405 1846 1674 1898 mediator
1720 1845 1810 1896 Dei
1853 1853 1907 1898 et
1951 1844 2051 1898 bo-
2085 1840 2126 1896 Β

471 1935 674 1989 υιίηυιιι
725 1936 771 1966 ³⁸
813 1937 992 1989 omnis
1043 1936 1294 1990 humanae
1345 1944 1556 1989 naturae
1604 1935 1872 2003 primitias
1928 1949 2051 1986 cum

469 2026 787 2097 assumpsit,
823 2043 931 2082 non
965 2043 1032 2081 ex
1063 2027 1244 2080 divina
1274 2043 1505 2096 persona
1538 2028 1634 2081 sed
1667 2043 1731 2080 ex
1768 2035 1952 2080 nostra
1985 2026 2052 2080 ad

469 2117 669 2173 fratres
699 2119 866 2172 mittit
907 2118 1023 2171 haec
1059 2132 1158 2173 sua
1187 2118 1410 2182 indicia,
1442 2117 1635 2173 dicens
1667 2137 1679 2170 :
1721 2117 1925 2171 Vadam
1959 2133 2055 2186 per

471 2212 736 2280 meipsum
839 2210 1088 2266 facturus
1133 2217 1379 2264 vestrum
1419 2208 1661 2273 Patrem,
1717 2224 1904 2264 verum
1947 2209 2052 2262 Pa-

470 2312 609 2357 trem
676 2319 704 2356 a
746 2318 854 2375 quo
885 2304 1121 2372 separati
1163 2303 1336 2358 estis:
1379 2310 1436 2358 et
1481 2302 1732 2357 facturus
1780 2318 1875 2372 per
1921 2301 2055 2355 mei-

475 2413 626 2466 psum
661 2395 824 2450 Deum
863 2407 1098 2450 vestrum
1131 2410 1318 2449 verum
1361 2392 1526 2448 Deum
1550 2409 1578 2447 a
1606 2410 1714 2462 quo
1749 2393 2050 2458 defecistis;

473 2501 599 2540 nam
625 2494 845 2554 propter
870 2486 1141 2555 primitias
1165 2500 1301 2553 quas
1322 2485 1595 2552 assumpsi
1621 2499 1837 2538 omnem
1863 2484 2055 2537 huma-

474 2593 600 2632 nam
630 2586 875 2630 naturam
909 2578 977 2631 ad
1005 2575 1173 2630 Deum
1196 2575 1413 2629 Patrem
1449 2576 1501 2628 in
1531 2576 1737 2645 meipso
1765 2576 2051 2629 adducam.

558 2667 693 2721 Cum
745 2667 913 2736 igitur
964 2664 1216 2735 primitiae
1244 2665 1411 2720 Deum
1467 2680 1628 2718 suum
1676 2664 2053 2719 fecerinteum

475 2760 566 2828 qui
625 2758 763 2812 Deus
785 2766 902 2820 est,
941 2764 996 2813 et
1025 2757 1241 2811 Patrem
1273 2772 1396 2811 eum
1426 2756 1517 2825 qui
1557 2756 1735 2811 bonus
1764 2757 1920 2811 Pater
1948 2765 2053 2821 est,

475 2849 624 2905 omni
683 2858 892 2903 naturae
950 2847 1155 2904 bonum
1233 2857 1442 2902 rectum
1511 2847 1810 2908 efficitur;
1881 2857 1935 2901 et
2002 2848 2057 2901 fit

478 2938 755 2992 hominum
791 2943 1014 3006 propter
1067 2937 1363 3008 primitias,
1394 2936 1554 2990 Pater
1599 2946 1653 2992 et
1688 2937 1848 2993 Deus.
1899 2938 2057 3004 Quod

480 3031 522 3084 si
553 3030 804 3098 primitiae
846 3035 1069 3091 sanctae,
1123 3028 1320 3096 inquit,
1367 3035 1421 3082 et
1471 3029 1792 3098 conspersio
1841 3045 2055 3093 massae,

479 3121 566 3176 ubi
614 3133 742 3173 vero
791 3120 1041 3188 primitiae
1089 3119 1365 3183 Christus,
1415 3120 1669 3174 Christus
1718 3131 1897 3176 autem
1947 3122 2130 3216 pri-c

478 3210 662 3271 mitiae,
696 3209 806 3261 illic
837 3216 892 3262 et
935 3208 1028 3277 qui
1074 3216 1202 3262 sunt
1228 3207 1455 3273 Christi,
1487 3210 1946 3280 quemadmodum
1985 3212 2060 3264 ait

476 3300 770 3368 Apostolus
796 3299 862 3353 ’⁵.
911 3299 966 3352 In
1013 3298 1214 3368 quibus
1263 3299 1428 3370 igitur
1471 3316 1570 3369 per
1617 3301 2059 3370 conjugationem

478 3390 725 3443 meminit
771 3389 1152 3460 primogeniti,
1210 3398 1551 3446 mortuorum
1602 3400 1656 3445 et
1701 3399 1968 3446 creaturae
2009 3399 2063 3446 et

478 3479 707 3534 fratrum
735 3482 1013 3536 mentione
1043 3480 1207 3544 facta,
1247 3481 1360 3536 haec
1386 3489 1441 3537 et
1470 3498 1592 3551 qua;
1619 3489 1749 3537 sunt
1779 3484 2053 3552 ejusmodi

477 3571 781 3641 intelligere
811 3571 1092 3642 praecipit;
1125 3572 1217 3626 ubi
1243 3587 1377 3626 vero
1394 3573 1603 3642 absque
1631 3574 1724 3627 tali
1759 3573 2063 3641 adjectione

477 3659 784 3724 dicit,Cum
810 3677 1004 3716 rursus
1037 3660 1313 3716 induxerit
1343 3663 1764 3732 primogenitum
1790 3664 1840 3716 in
1873 3663 2060 3718 orbem

479 3757 747 3805 terrarum
793 3753 858 3817 '°,
911 3753 1145 3821 adjectio
1192 3753 1358 3821 hujus
1417 3755 1567 3808 vocis
1613 3771 1803 3807 rursus
1847 3755 2063 3824 appari-

480 3839 682 3895 tionem
721 3840 932 3894 Domini
981 3842 1363 3896 universorum
1406 3857 1527 3910 quae
1568 3842 1656 3896 fiet
1688 3843 1741 3896 in
1776 3841 1898 3903 fine,
1929 3858 2066 3911 pra:-

480 3933 634 3989 dicit.
693 3932 847 3987 Sicut
877 3932 1022 3987 enim
1057 3930 1122 3985 lu
1174 3933 1380 3986 nomine
1410 3931 1541 3986 Iesu
1584 3949 1714 4002 genu
1760 3949 1909 3986 omne
1944 3949 2066 3987 cur-

481 4033 656 4088 vatur,
700 4023 1009 4086 calestium,
1054 4023 1377 4076 terrestrium
1409 4031 1457 4076 et
1501 4023 2056 4092 subterraneorum";

482 4114 782 4183 quinetiam
811 4110 982 4167 Filius
1015 4113 1317 4166 humanum
1354 4129 1551 4168 nomen
1582 4129 1692 4168 non
1716 4113 1900 4177 habet,
1936 4115 2062 4183 quia

485 4207 556 4263 sit
584 4219 747 4275 super
769 4219 932 4260 omne
963 4219 1198 4262 nomen:
1234 4205 1314 4260 sic
1349 4205 1417 4259 ab
1439 4205 1587 4258 omni
1619 4205 2065 4275 supermundana

486 4305 735 4354 creatura
789 4295 918 4350 dicit
965 4295 1385 4365 primogenitum
1432 4296 1674 4360 adorari,
1718 4297 1808 4364 qui
1845 4305 2066 4364 propter

485 4404 586 4444 nos
615 4389 694 4443 sic
726 4387 1037 4440 nominatus
1078 4393 1199 4450 est;
1235 4401 1428 4441 rursus
1472 4386 1527 4440 in
1564 4387 1752 4440 orbem
1797 4394 2064 4439 terrarum

2144 1152 2264 1203 μου
2281 1135 2375 1188 καί
2403 1135 2627 1202 Πατέρα
2643 1133 2927 1203 ὑμῶν,καί
2951 1133 3099 1186 Θεόν
3117 1149 3237 1200 μου
3257 1128 3352 1182 καί
3377 1129 3524 1181 Θεὸν
3545 1125 3728 1194 ὑμῶν.

2153 1225 2313 1279 ’Ὅλον
2348 1227 2455 1296 γὰρ
2483 1227 2581 1296 τῆς
2611 1227 2750 1278 κατὰ
2795 1225 3082 1295 ἄνθρωπον
3110 1220 3417 1291 οἰκονομίας
3463 1220 3733 1285 ἀνακεφα-

2151 1316 2394 1370 λαιοῦται
2424 1318 2511 1369 τὸν
2534 1317 2732 1370 σκοπὸν
2762 1316 2850 1368 διὰ
2873 1315 2980 1368 τῶν
3001 1317 3120 1384 εἰρη
3132 1313 3327 1383 μένων.
3370 1309 3731 1370 Ἀποστόιντες

2150 1408 2259 1477 γὰρ
2297 1408 2387 1461 τοῦ
2425 1408 2559 1460 Θεοῦ
2606 1409 2654 1460 οἱ
2705 1407 2998 1479 ἄνθρωποι,
3049 1405 3364 1458 ἐδούλευσαν
3407 1405 3520 1465 τοῖς
3573 1401 3733 1468 φύσει

2155 1498 2229 1568 μὴ
2252 1494 2368 1551 οὖσι
2391 1498 2532 1560 θεοῖς
2551 1512 2564 1526 ⁸
2589 1497 2700 1561 καί,
2733 1495 2884 1558 ὄντες
2903 1495 3067 1547 τέκνα
3104 1492 3262 1556 Θεοῦ,
3311 1491 3389 1562 τῷ
3422 1489 3641 1559 πονηρῷ
3673 1505 3732 1540 τε

2153 1588 2246 1639 καὶ
2268 1587 2601 1656 ψευδωνύμῳ
2648 1586 2814 1654 πατρὶ
2859 1583 3372 1656 προσῳκειὼθησαν.
3401 1581 3499 1634 Διά
3527 1580 3682 1632 τοῦτο
3706 1581 3734 1629 ὁ

2157 1677 2381 1746 μεσίτης
2419 1675 2552 1728 Θεοῦ
2587 1676 2677 1727 καὶ
2718 1673 3021 1744 ἀνθρώπων
3053 1674 3233 1742 πάσης
3267 1671 3364 1742 τῆς
3389 1669 3734 1740 ἀνθρωπίνης

2155 1765 2367 1833 φύσεως
2409 1764 2509 1835 τὴν
2560 1763 2812 1832 ἀπαρχὴν
2862 1762 3167 1824 ἀναλαϐὼν,
3214 1761 3315 1813 ούκ
3345 1763 3407 1813 ὲκ
3453 1759 3545 1812 τοῦ
3589 1759 3732 1811 θείου

2156 1854 2466 1923 προσώπου,
2495 1852 2608 1904 ἀλλ’
2638 1854 2703 1903 ὲκ
2757 1850 2851 1903 τοῦ
2881 1851 3151 1922 ἡμετέρου
3191 1850 3399 1920 πέμπει
3428 1853 3538 1911 τοῖς
3582 1847 3737 1901 ἀδελ-

2156 1946 2273 2012 φοῖς
2303 1943 2494 1997 ἑαυτοῦ
2523 1943 2588 1995 τὰ
2613 1940 2906 2012 δηλώματα
2933 1941 3105 2009 λέγων
3124 1980 3138 2006 ,
3165 1942 3244 1994 ὅτι
3285 1938 3628 2010 Πορεύσομαι
3669 1935 3735 1990 δι’

2155 2032 2391 2105 ἐμαυτοῦ
2413 2033 2630 2102 ποιῆσαι
2665 2032 2818 2102 ὑμῶν
2853 2030 3071 2102 Πατέρα
3087 2071 3101 2094 ,
3127 2030 3219 2083 τὸν
3241 2029 3492 2100 ἀληθινὸν
3517 2027 3736 2100 Πατέρα

2155 2121 2215 2180 οῦ
2245 2124 2575 2196 ὲχωρίσθητε
2598 2139 2610 2153 ·
2642 2125 2734 2176 καὶ
2770 2123 2998 2192 ποιῆσαι
3029 2123 3095 2175 δι’
3129 2121 3364 2193 ἐμαυτοῦ
3391 2120 3521 2172 Θεὸν
3554 2119 3734 2189 ὑμῶν,

2155 2213 2244 2265 τὸν
2283 2211 2533 2282 ἀληθινὸν
2566 2211 2697 2263 Θεὸν
2741 2206 2802 2265 οὗ
2841 2211 3113 2280 ἀπέστητε
3134 2229 3150 2244 ι
3179 2209 3266 2262 διά
3292 2210 3400 2279 γὰρ
3427 2208 3527 2278 τῆς
3556 2209 3738 2277 ἀπαρ-

2156 2305 2258 2376 χῆς
2287 2305 2353 2374 ἢν
2400 2303 2658 2357 ἀνέλαϐον
2692 2305 2954 2373 προσάγω
3003 2302 3147 2356 ἆπαν
3182 2301 3260 2372 τῷ
3292 2301 3410 2370 Θεῷ
3442 2303 3535 2354 καὶ
3567 2301 3738 2371 Πατρὶ

2157 2397 2214 2449 ὲν
2244 2394 2468 2465 ἐμφιτῷ
2497 2395 2556 2447 τὸ
2587 2395 2943 2464 ἀνθρώπινον.

2229 2661 2337 2730 Τῆς
2359 2654 2452 2712 οὖν
2485 2661 2737 2728 ἁπαρχῆς
2803 2657 2935 2710 Θεὸν
2990 2659 3188 2728 ἑαυτῆς
3238 2656 3612 2726 ποιησαμένης
3650 2660 3742 2710 τὸν

2157 2750 2286 2801 ὂντα
2337 2746 2491 2810 Θεὸν,
2539 2747 2632 2800 καὶ
2688 2746 2908 2816 Πατέρα
2965 2747 3055 2799 τὸν
3084 2745 3284 2814 ἀγαθὸν
3320 2747 3559 2818 Πατέρα,
3591 2746 3741 2818 πάσῃ

2159 2838 2513 2908 κατορθοῦται
2541 2840 2608 2909 τῇ
2633 2838 2790 2905 φύσει
2815 2838 2874 2890 τὸ
2905 2835 3106 2906 ἀγαθὸν
3125 2877 3140 2902 ,
3168 2838 3264 2891 καὶ
3292 2839 3507 2892 πάντων
3537 2838 3746 2908 ἀνθρω-

2161 2948 2276 2982 πων
2306 2930 2514 2998 γίνεται
2539 2929 2628 2982 διὰ
2651 2930 2748 2999 τῆς
2780 2929 3032 3000 ἀπαρχῆς
3070 2929 3258 3000 Πατὴρ
3295 2929 3387 2983 καὶ
3410 2928 3560 2992 Θεός.
3593 2929 3655 2981 Εἰ
3687 2928 3745 2981 δὲ

2160 3023 2193 3091 ἡ
2221 3019 2444 3092 ἀπαρχὴ
2477 3020 2626 3087 ἁγία,
2659 3021 2811 3088 φησί,
2857 3021 2950 3072 καὶ
3000 3019 3060 3072 τὸ
3107 3020 3368 3089 φύραμαο
3427 3021 3564 3073 ὅπου
3606 3019 3666 3073 δὲ
3708 3019 3743 3090 ἡ

2159 3111 2378 3181 ἀπαρχὴ
2398 3110 2649 3182 Χριστὸς,
2665 3110 2894 3180 Χριστὸς
2915 3110 2969 3162 δὲ
2988 3113 3019 3179 ἡ
3045 3111 3290 3181 ἀπαρχὴ,
3308 3113 3422 3162 ἐκεῖ
3463 3111 3556 3163 καί⁵
3574 3109 3625 3163 οἰ
3648 3108 3744 3163 τοῦ

2161 3199 2417 3270 Χριστοῦ,
2446 3198 2627 3261 καθώς
2659 3215 2821 3268 (φησιν
2848 3201 2875 3251 ὁ
2916 3199 3252 3262 ’Λπόστολος.
3299 3199 3386 3251 Ἐν
3419 3194 3500 3262 οἷς
3531 3195 3623 3252 οὖν
3657 3199 3745 3251 διὰ

2165 3291 2422 3359 συζυγίας
2467 3291 2566 3360 τὴν
2611 3291 2828 3360 μνήμην
2869 3289 2963 3341 τοῦ
3010 3292 3356 3361 πρωτοτόκου
3415 3292 3743 3361 πεποίηται,

2162 3383 2368 3453 νεκρῶν
2406 3400 2465 3435 τε
2517 3383 2610 3436 καὶ
2658 3383 2888 3445 κτίσεως
2931 3383 3024 3436 καί.
3056 3383 3301 3450 ἀδελφῶν
3342 3383 3743 3452 μνημονεύσας,

2162 3474 2333 3528 ταῦτα
2360 3475 2450 3528 καί
2475 3477 2543 3528 τὰ
2565 3474 2788 3529 τοιαῦτα
2819 3477 2956 3527 νοεῖν
2983 3475 3322 3529 ὑποτίθεται.
3343 3477 3517 3528 Ὅπου
3543 3476 3596 3528 δὲ
3625 3477 3746 3548 δίχα

2163 3564 2262 3634 τῆς
2313 3567 2568 3636 τοιαύτης
2612 3567 2926 3638 προσθήκης
2961 3568 3143 3638 φησὶν,
3171 3568 3339 3623 Ὅταν
3359 3567 3415 3620 δὲ
3446 3567 3606 3621 πάλιν
3631 3571 3743 3621 εἰσ-

2165 3656 2346 3729 αγάγῃ
2372 3657 2462 3710 τὸν
2496 3658 2842 3728 πρωτότοκον
2880 3661 2959 3722 εἰς
3005 3658 3101 3728 τὴν
3131 3659 3475 3729 οἰκουμένην,
3520 3659 3744 3730 λέγει,ή

2163 3748 2256 3800 τοῦ
2282 3749 2466 3803 πάλιν
2497 3749 2776 3820 προσθήκη
2805 3749 2901 3818 τὴν
2946 3751 3037 3803 ἐπὶ
3067 3750 3210 3802 τέλει
3249 3751 3619 3821 γενησομένην
3653 3751 3745 3804 τοῦ

2164 3841 2431 3892 Δεσπότου
2462 3841 2567 3892 τῶν
2593 3841 2728 3894 ὅλων
2753 3841 3049 3910 ἐμφάνειαν
3095 3840 3470 3912 προαγορεύει.
3523 3842 3609 3902 Ὧς
3637 3841 3747 3912 γὰρ

2179 3931 2278 3985 Ἐν
2303 3929 2383 3996 τῷ
2412 3932 2654 4000 ὀνόματι
2698 3932 2899 3999 Ἰησοῦ
2939 3931 3062 3987 πᾶν
3091 3933 3237 4002 γόνυ
3267 3931 3538 4001 κάμπτει,
3568 3931 3748 3986 ἐπου-

2157 4022 2402 4092 ρανίων,
2433 4022 2724 4092 ἐπιγείων,
2761 4023 2857 4076 καὶ
2895 4023 3332 4091 καταχθονίων
3358 4023 3534 4076 καίτοι
3562 4024 3591 4076 ό
3620 4021 3747 4085 rte;

2164 4113 2226 4167 τὸ
2281 4113 2617 4184 ἀνθρώπινον
2666 4114 2835 4183 ὄνομα
2873 4115 2974 4167 οὐκ
3017 4113 3152 4184 ἔχει,
3183 4113 3262 4184 τῷ
3295 4115 3434 4186 ὑπὲρ
3465 4115 3573 4168 πᾶν
3606 4109 3746 4167 εῖναι

2165 4207 2353 4275 ὄνομα,
2384 4205 2556 4270 οὕτως
2592 4206 2743 4277 παρά
2767 4207 2948 4276 πάσης
2976 4206 3076 4274 τῆς
3119 4206 3490 4276 ύπερκοσμίου
3518 4206 3748 4269 κτίσεως

2166 4298 2590 4368 προσκυνεῖσθαι
2650 4297 2738 4350 τὸν
2786 4297 3128 4366 πρωτότοκον
3178 4295 3350 4363 λέγει,
3385 4297 3476 4349 τὸν
3502 4297 3570 4350 δι’
3597 4297 3748 4366 ἡμᾶς

2167 4389 2336 4450 οὕτως
2346 4389 2565 4458 ὼνομασ
2573 4387 2747 4457 μένον·
2780 4389 2938 4440 πάλιν
2955 4390 3032 4450 εἰς
3042 4388 3138 4457 τὴν
3151 4387 3474 4458 οἰκουμένην
3489 4388 3745 4449 εἰσιόντα,

485 4477 898 4548 ingredientem,
929 4491 1052 4531 cum
1073 4477 1340 4546 iudicabit
1361 4478 1545 4531 orbem
1573 4487 1734 4532 terra:
1756 4478 1810 4531 in
1830 4476 2060 4545 iustitia,

2171 4481 2296 4532 ὅταν
2331 4479 2490 4550 κρίνῃ
2518 4479 2614 4548 τὴν
2643 4479 2968 4549 οἰκουμένην
2999 4481 3054 4530 ἐν
3089 4477 3400 4550 δικαιοσύνῃ
3450 4479 3542 4532 καὶ
3585 4479 3747 4541 λαοὺς

485 4579 539 4625 et
571 4570 796 4640 pepulos
841 4569 894 4620 in
938 4567 1269 4621 rectitudine
1302 4568 1368 4620 ’⁸.
1403 4568 1492 4621 Sic
1525 4583 1590 4620 ex
1630 4567 1798 4622 verbo
1850 4568 2064 4637 pietatis

486 4661 821 4717 discernitur
851 4675 914 4714 ac
957 4658 1290 4728 dijudicatur
1318 4657 1459 4727 quod
1490 4657 1832 4727 primogeniti
1859 4667 1910 4712 et
1946 4660 2064 4712 uni-

485 4753 653 4825 geniti
683 4752 904 4807 nomine
931 4749 1294 4820 significatur,
1341 4749 1620 4817 utriusque
1659 4750 1895 4803 nominis
1925 4749 2065 4803 inter

487 4860 550 4901 se
590 4852 807 4899 servata
856 4841 1285 4909 significatione.
1340 4839 1443 4904 Qui
1494 4849 1672 4894 autem
1719 4841 2063 4912 primogeniti

486 4946 684 4986 nomen
731 4929 799 4984 ad
850 4944 968 4984 eam
1000 4929 1375 4984 exsistentiam
1419 4944 1538 4997 qua:
1578 4935 1662 4983 est
1704 4937 1831 4983 ante
1866 4931 2060 4986 sarcula

485 5019 719 5084 reducit,
772 5018 1049 5088 quomodo
1087 5018 1356 5087 unigeniti
1397 5018 1673 5072 notionem
1712 5019 1894 5073 animo
1935 5037 2062 5090 per-

486 5118 694 5181 ceptam
742 5109 1070 5164 conservat?
1111 5109 1344 5164 Auditor
1402 5109 1715 5179 intelligens
1759 5112 2064 5167 consideret

487 5211 554 5250 an
573 5197 686 5250 haec
712 5198 851 5250 inter
875 5211 934 5250 se
961 5206 1284 5266 congruant,
1314 5211 1436 5250 cum
1467 5211 1644 5268 neque
1672 5197 2064 5266 primogenitns

486 5289 605 5343 sine
657 5288 914 5342 fratribus
953 5288 1318 5357 intelligatur,
1368 5302 1543 5356 neque
1597 5288 1909 5357 unigenitns
1939 5304 2061 5342 cum

488 5381 769 5434 fratribus.
824 5377 959 5433 Cum
1035 5378 1177 5432 enim
1251 5377 1427 5442 dixit,
1501 5377 1565 5431 In
1627 5379 1880 5446 principio
1951 5389 2064 5433 erat

502 5468 722 5522 Verbum
747 5471 812 5531 ¹⁹,
842 5484 941 5539 per
968 5468 1071 5522 hoc
1103 5466 1453 5538 Unigenitnln
1497 5470 1881 5522 intelleximus.
1923 5472 2057 5525 Cum

491 5575 618 5615 vero
650 5560 929 5630 subjungit
960 5575 970 5610 :
1017 5559 1083 5611 Et
1127 5558 1344 5613 Verbum
1382 5577 1505 5613 caro
1545 5561 1744 5627 factum
1776 5573 1850 5615 est
1873 5563 1938 5627 ³ο,
1967 5579 2062 5632 per

2170 4573 2227 4623 ὲν
2253 4569 2526 4640 εύθύτητι.
2555 4568 2741 4631 Οὕτως
2782 4570 3113 4640 διακρίνεται
3155 4568 3306 4639 παρὰ
3336 4565 3429 4622 τοῦ
3459 4568 3614 4636 λόγου
3647 4567 3746 4638 τῆς

2170 4660 2472 4723 εὐσεϐείας,
2493 4659 2553 4712 τό
2583 4677 2642 4711 τε
2672 4659 2766 4711 τοῦ
2813 4660 3156 4728 πρωτοτόκου
3181 4659 3272 4712 καὶ
3301 4659 3362 4711 τὸ
3382 4657 3475 4711 τοῦ
3523 4674 3746 4727 μονογε-

2169 4751 2291 4814 νοῦς
2319 4749 2732 4820 σημαινόμενον,
2754 4750 2994 4821 ἑκατέρῳ
3011 4750 3117 4802 τῶν
3137 4750 3413 4820 ὀνομάτων
3428 4749 3526 4817 τῆς
3548 4748 3748 4802 καταλ-

2170 4841 2329 4912 λήλου
2385 4841 2657 4910 σημασίας
2697 4841 3122 4910 φυλαττομένης.
3168 4839 3226 4892 '0
3254 4841 3309 4892 δὲ
3346 4841 3426 4902 εἰς
3470 4839 3568 4908 τὴν
3608 4855 3744 4909 προ-

2169 4931 2386 4984 αιώνιον
2433 4931 2662 5002 ὓπαρξιν
2709 4933 2924 4998 ἀνάγων
2955 4931 3047 4984 τοῦ
3079 4931 3422 5002 πρωτοτόκου
3453 4929 3512 4982 τὸ
3551 4929 3741 4997 δνομα,

2170 5023 2286 5086 πῶς
2311 5022 2558 5086 διασώζει
2587 5023 2682 5092 τὴν
2704 5023 2795 5075 τοῦ
2830 5023 3146 5093 μονογενοῦς
3176 5023 3404 5087 ἔννοιαν;
3439 5022 3494 5074 Ὀ
3527 5021 3745 5082 συνετὸς

2169 5112 2436 5183 ἀκροατὴς
2470 5112 2874 5181 ὲπισκεψάσθω,
2896 5115 2944 5166 εἰ
2974 5113 3258 5184 συμϐαίνει
3281 5112 3451 5167 ταῦτα
3488 5112 3617 5182 πρὸς
3648 5110 3741 5163 ἄλ-

2167 5205 2301 5274 ληλα
2330 5247 2343 5271 ,
2383 5207 2517 5276 μήτε
2546 5204 2638 5257 τοῦ
2667 5205 3010 5276 πρωτοτόκου
3051 5205 3216 5276 χωρὶς
3246 5203 3485 5272 ἀδελφῶν
3521 5202 3745 5271 νοουμέ-

2171 5315 2282 5358 νου,
2315 5298 2449 5366 μήτε
2481 5295 2572 5348 τοῦ
2608 5295 2926 5366 μονογενοῦς
2967 5295 3104 5366 μετὰ
3132 5295 3400 5364 ἀδελφῶν.
3446 5297 3614 5347 Ὅταν
3648 5294 3745 5360 μὲν

2172 5387 2278 5456 γὰρ
2296 5387 2424 5456 εἴπῃ
2451 5387 2530 5440 ὅτι
2548 5389 2641 5439 Ἐν
2657 5385 2813 5455 ἀρχῇ
2834 5383 2912 5456 ἦν
2933 5389 2966 5439 ό
2987 5387 3194 5455 Λόγος,
3212 5386 3299 5439 διὰ
3319 5385 3508 5439 τούτου
3523 5384 3614 5437 τὸν
3631 5384 3742 5437 Mo-

2167 5479 2354 5546 νογενῆ
2388 5479 2707 5547 ἐνοήσαμεν.
2729 5478 2895 5530 ’Όταν
2922 5477 2976 5528 δὲ
3001 5477 3181 5548 ἐπάγῃ
3210 5479 3289 5530 ὅτι
3305 5477 3356 5528 Ὀ
3382 5476 3569 5544 Λόγος
3589 5472 3744 5540 σὰρξ

2166 5569 2420 5638 ἐγένετο,
2450 5567 2536 5620 διὰ
2568 5568 2758 5620 τούτου
2785 5568 2872 5620 τὸν
2899 5568 3244 5638 Πρωτότοκον
3273 5571 3340 5638 τῇ
3366 5565 3572 5638 διανοίᾳ
3601 5579 3742 5634 παρ-

562 5671 702 5748 11η-
729 5673 853 5728 ρον,
892 5688 944 5748 γε
993 5669 1091 5748 ]7_,_
1139 5671 1199 5748 _“
1235 5670 1392 5725 Joan.
1422 5673 1658 5748 .xx,‘l_7._
1686 5676 1760 5748 _f‘
1794 5674 1808 5726 l
1855 5676 1992 5730 Tim.
2029 5694 2060 5732 ιι

2161 5723 2166 5734 .
2244 5681 2289 5712 ²⁵
2335 5679 2489 5738 Rom.
2528 5695 2603 5745 ιι,
2639 5680 2722 5734 16.
2802 5681 2846 5710 ²⁶
2877 5679 3008 5734 lleh.
3044 5696 3080 5744 ι,
3111 5680 3161 5732 6.
3240 5681 3282 5712 "
3325 5679 3520 5748 Philip.
3560 5695 3616 5741 ιι,
3659 5676 3744 5734 10.

494 5741 538 5772 ⁸⁸
585 5739 724 5795 Psal.
783 5758 855 5802 Ix,
889 5742 975 5795 il.

1051 5743 1094 5774 "
1133 5739 1289 5796 Joan.
1324 5757 1362 5806 ι,
1415 5741 1463 5796 1.
1540 5743 1584 5774 ³ο
1626 5745 1754 5799 ibid.
1803 5748 1882 5800 Li.
