4146 6370
374 489 477 543 5υό

1526 484 1807 542 CONTRA
1836 480 2224 550 EUNOMIUM,
2256 482 2385 538 LIB.
2414 484 2480 538 II.

3523 480 3628 535 503

380 611 691 679 ἐδεξίιμεθα.
726 610 834 664 Καὶ
860 608 1031 672 οὑτως
1053 608 1356 678 ἀσύγχυτος
1383 604 1640 676 μένειτῆς
1672 600 1952 664 εὑσεῦείας

2068 600 2159 653 hoc
2180 599 2589 669 Primogenitum
2613 606 2789 653 mente
2804 608 2851 652 et
2874 596 3231 666 intelligentia
3254 600 3623 666 concepimus.

376 704 403 753 ὀ
433 701 608 767 λόγος,
640 699 925 768 φυλάσσων
950 697 1194 768 ἑκατέρῳ
1214 696 1320 749 τῶν
1346 695 1623 764 ὀνομάτων
1651 692 1749 754 τὰς
1775 706 1941 761 προσ-

379 794 530 862 φέεῖς
556 790 849 861 σημασίας,
886 789 960 851 ὡς
995 790 1051 840 ὲν
1092 786 1189 856 μὲν
1216 784 1293 854 τῷ
1342 786 1616 855 μονογενεῖ
1647 783 1859 851 βλέπειν
1883 778 1944 832 τὸ

382 882 723 954 προαιώνιον,
763 880 850 933 διὰ
878 880 933 933 δὲ
947 878 1040 931 τοῦ
1070 876 1413 949 πρωτοτόκου
1442 876 1541 945 τῆς
1569 874 1815 936 κτίσεως,
1846 871 1944 943 τὴν

378 972 463 1025 διὰ
495 973 691 1042 σαρκὸς
728 970 821 1025 τοῦ
861 969 1182 1040 προαιωνίου
1214 967 1537 1038 φανέρωσιν.

452 1147 616 1200 Πάλιν
659 1147 714 1199 δὲ
742 1145 833 1198 τοῦ
877 1145 1136 1215 Εὐνομίου
1182 1146 1271 1198 τὸν
1313 1144 1469 1211 λόγον
1505 1141 1791 1208 ὲπιλέξεως
1819 1142 1948 1194 ἀνα-

380 1238 650 1307 λάϐωμεν.
685 1238 1049 1305 Πιστεύομεν
1072 1236 1167 1289 καί
1204 1238 1288 1301 εἰς
1336 1234 1442 1288 τὸν
1473 1232 1619 1287 Θεοῦ
1660 1233 1814 1295 Υίόν,
1854 1231 1949 1283 τὸν

375 1328 673 1399 μονογενῆ
728 1328 875 1382 Θεὸν
901 1368 915 1390 ,
976 1327 1081 1380 τὸν
1140 1327 1513 1394 πρωτότοκον
1566 1323 1767 1389 πάσης
1832 1321 1949 1374 κτί-

381 1436 554 1486 σεως,
606 1420 740 1474 Υἰὸν
793 1420 1101 1487 ἀληθινὸν,
1160 1420 1271 1472 οὐκ
1315 1416 1677 1486 ἀγέννητον,
1716 1413 1953 1481 ἀληθῶς

382 1510 744 1582 γεννηθέντα
782 1511 894 1578 πρὸ
921 1510 1169 1563 αἰώνων.
1202 1510 1321 1561 Ὅτι
1353 1508 1451 1578 μὲν
1483 1503 1574 1559 οὖν
1608 1506 1829 1576 μετάγει
1857 1505 1954 1573 τὴν

381 1605 478 1675 τῆς
506 1604 803 1674 γεννήσεως
838 1602 1071 1671 ἔμφασιν
1112 1604 1190 1664 εἰς
1220 1600 1280 1653 τὸ
1306 1601 1402 1670 τῆς
1439 1600 1665 1660 κτίσεως
1694 1596 1953 1666 σημαινό-

388 1712 565 1765 μενον,
604 1693 761 1763 δῆλόν
804 1694 968 1755 ἐστιν,
1013 1693 1070 1758 ἐξ
1110 1685 1183 1745 ὧν
1228 1691 1519 1761 διαρρήδην
1552 1687 1766 1741 κτιστὸν
1798 1683 1957 1738 αὑτὸν

385 1784 810 1855 προσηγόρευσε,
839 1783 1123 1851 γενόμενον
1153 1779 1319 1834 εἰπὼν
1349 1780 1509 1833 αὑτὸν
1548 1779 1642 1832 καὶ
1680 1778 1778 1830 οὑκ
1802 1776 1957 1829 ἄκτισ

387 1892 528 1928 στον.
568 1876 754 1944 ’ίῐμεῖς
778 1873 855 1936 δὲ,
890 1873 964 1936 ὡς
996 1872 1060 1925 ἂν
1103 1872 1334 1942 μάλιστα
1358 1871 1419 1922 τὸ
1444 1870 1835 1923 ἀνεπίσκεπτον
1866 1867 1961 1920 αὑ-

384 1967 476 2021 τοῦ
521 1968 611 2020 καὶ.
662 1966 978 2018 ἀπαίδευτον
1027 1967 1083 2016 ὲν
1129 1966 1240 2026 τοῖς
1296 1964 1526 2033 δόγμασι
1585 1960 1955 2032 φανερωθείη,

388 2057 617 2127 ἀφέντες
642 2056 701 2109 τὸ
733 2056 1062 2127 σχετλιάζειν
1093 2056 1182 2108 ἐπὶ
1217 2052 1293 2124 τῷ
1319 2054 1565 2123 προδήλῳ
1587 2055 1682 2123 τῆς
1717 2053 1958 2123 βλασφη-

391 2150 534 2219 μίας,
580 2152 797 2218 τεχνικῇ
836 2164 942 2201 τινι
987 2147 1246 2217 διαιρέσει
1279 2145 1369 2198 τὸν
1407 2146 1533 2215 περὶ
1572 2144 1758 2197 τούτου
1804 2143 1959 2212 λόγον

385 2240 786 2311 διαληψώμεθα.
831 2242 986 2293 Δοκεῖ
1016 2240 1122 2309 γάρ
1165 2256 1254 2309 μοι
1296 2236 1475 2299 καλῶς
1520 2236 1679 2306 ἔχειν,
1731 2236 1861 2289 αὐτὸ
1900 2234 1961 2288 τὸ

387 2332 486 2400 τῆς
531 2330 832 2400 γεννήσεως
881 2328 1274 2397 σημαινόμενον
1320 2327 1387 2378 δι’
1428 2325 1848 2396 ἐπιμελεστέρας
1873 2324 1961 2389 ἐξ·

388 2425 624 2485 ετάσεως
674 2420 1034 2489 διασκοπῆσαι
1072 2420 1150 2490 τῷ
1186 2420 1344 2489 λόγῳ.
1381 2422 1501 2472 Ὅτι
1548 2418 1645 2488 μὲν
1684 2413 1774 2470 οὖν
1808 2416 1867 2469 τὸ
1905 2416 1961 2482 ἐξ

389 2515 566 2578 αίτίας
605 2510 741 2568 εἷναί
770 2530 913 2577 τινος
953 2512 1014 2566 τὸ
1050 2512 1220 2582 ὄνομα
1259 2510 1416 2564 τοῦτο
1454 2510 1769 2580 παρίστησι,
1803 2507 1963 2560 παντὶ

388 2606 544 2676 δῆλόν
578 2607 713 2669 ἔστι,
748 2605 842 2657 καὶ
871 2603 1020 2658 οὐδὲν
1052 2600 1205 2673 οἶμαι
1239 2604 1365 2674 περὶ
1407 2602 1596 2656 τούτου
1624 2602 1815 2672 χρῆναι
1846 2599 1964 2653 δια-

390 2696 747 2763 γωνίζεσθαι·
796 2694 909 2749 ἀλλ’
965 2694 1150 2764 ἐπειδὴ
1199 2692 1454 2764 διάφορος
1505 2692 1614 2746 τῶν
1676 2691 1736 2756 ἐξ
1788 2691 1965 2754 αἰτίας

392 2786 717 2856 ὑφεστώτων
763 2788 791 2838 6
818 2785 976 2855 λόγος
1023 2785 1155 2848 ἐστὶ,
1204 2784 1347 2838 τοῦτ’
1372 2780 1521 2853 οἶμαι
1556 2783 1850 2853 προσήκειν
1878 2781 1966 2836 διά

390 2896 534 2942 τινος
579 2880 831 2948 τεχνικῆς
879 2878 1190 2948 διαιρέσεως
1239 2875 1631 2948 σαφηνισθῆναι
1673 2873 1752 2945 τῷ
1799 2873 1963 2942 λόγῳ.

393 2971 513 3027 Τῶν
544 2970 724 3024 τοίνυν
750 2970 812 3022 ἐκ
838 2986 981 3032 τινος
1021 2970 1197 3032 αἰτίας
1222 2968 1601 3038 γεγενημένων
1633 2966 1833 3029 ταύτας
1868 2965 1966 3026 τὰς

391 3060 651 3132 διαφοράς
693 3059 1126 3129 κατειλήφαμενο
1168 3059 1249 3112 Τὰ
1280 3058 1378 3129 μὲν
1425 3058 1532 3127 γάρ
1580 3055 1640 3121 ἐξ
1681 3057 1812 3126 ὑλης
1853 3056 1968 3109 ἐστὶ

393 3152 487 3206 καὶ
522 3151 735 3221 τέχνης.
768 3150 843 3213 ὡς
884 3151 940 3204 αἱ
976 3149 1082 3202 τῶν
1124 3149 1570 3220 οἰκοδομημάτων
1599 3147 1827 3203 καὶτῶν
1860 3147 1969 3201 λοι-

2044 687 2111 742 Ει
2158 692 2235 743 sic
2290 687 2608 744 inconfusus
2656 698 2838 742 manet
2888 689 3107 758 pietatis
3151 702 3355 753 sermo,
3411 688 3629 757 utrique

2044 777 2252 832 nomini
2284 776 2514 831 adnatas
2556 784 2610 832 et
2639 776 2980 831 adhaerentes
3018 775 3446 846 signiﬁcationes
3492 791 3628 831 con-

2047 883 2294 933 servans,
2317 867 2505 936 sicque
2530 867 2583 920 in
2614 867 2892 936 unigenito
2921 866 2973 920 id
2995 868 3138 936 quod
3161 881 3245 921 est
3264 876 3385 921 ante
3403 867 3625 927 saecula,

2049 975 2145 1028 per
2166 957 2583 1028 primogenitum
2635 972 2764 1012 vero
2785 958 3099 1019 creatiouis,
3138 974 3233 1028 per
3262 952 3487 1013 carnem
3506 958 3628 1027 ejus

2048 1050 2140 1120 qui
2173 1058 2255 1104 est
2296 1059 2421 1104 ante
2458 1050 2656 1104 saecula
2698 1048 3189 1105 manifestationem
3222 1051 3517 1103 intuemur.

2125 1140 2230 1196 Sed
2288 1140 2540 1195 Eunomii
2578 1139 2642 1195 ad
2674 1140 2895 1194 verbum
2921 1142 3221 1194 orationem
3268 1150 3581 1210 repetamus
3609 1156 3625 1193 :

2055 1232 2351 1293 Credimus,
2392 1233 2587 1303 inquit,
2631 1235 2683 1287 in
2708 1233 2804 1286 Dei
2833 1232 3053 1297 Filium,
3087 1231 3407 1300 unigenitum
3438 1230 3626 1295 Deum,

2053 1327 2453 1394 primogenitum
2508 1328 2677 1380 anatis
2722 1338 2998 1387 creatum,
3040 1323 3241 1377 Filium
3300 1340 3474 1377 verum
3524 1340 3628 1377 non

2056 1418 2365 1485 ingenitum,
2398 1434 2511 1470 vere
2557 1427 2677 1471 ante
2716 1418 2915 1470 swcula
2950 1418 3207 1485 genitum.
3268 1415 3422 1480 Quod
3468 1414 3631 1483 igitur

2056 1510 2426 1580 generationis
2458 1508 2907 1578 signiﬁcationem
2955 1508 3022 1561 ad
3072 1508 3373 1563 crcationis
3417 1506 3629 1576 signiﬁ—

2059 1609 2241 1653 catum
2294 1600 2551 1662 adducat,
2611 1601 2962 1669 perspicuum
3013 1608 3097 1654 est
3148 1615 3213 1654 ex
3272 1600 3378 1662 bis,
3428 1599 3627 1668 quibus

2060 1701 2245 1761 aperte
2285 1702 2338 1747 et
2380 1691 2672 1746 manifesto
2710 1692 2885 1761 ipsum
2924 1702 3164 1745 creatum
3205 1692 3517 1760 appellavit,
3552 1690 3627 1744 fa-

2061 1793 2209 1838 ctum
2235 1785 2411 1854 ipsum
2437 1800 2559 1838 cum
2586 1784 2742 1848 dixit,
2766 1793 2818 1837 et
2842 1800 2947 1837 non
2974 1785 3292 1837 increatum.
3316 1782 3425 1837 Nos
3448 1791 3629 1838 autem

2065 1886 2124 1930 ut
2156 1878 2445 1931 temeraria
2476 1884 2530 1931 et
2555 1876 2957 1930 inconsiderata
2992 1876 3163 1943 ipsius
3206 1876 3421 1929 inscitia
3461 1881 3626 1943 atque

2061 1969 2363 2039 ignorantia
2400 1970 2453 2022 in
2488 1969 2603 2023 suis
2638 1968 2822 2037 pravis
2856 1967 3210 2036 opinionibus
3250 1966 3633 2021 manifestetur

2060 2059 2255 2128 magis,
2283 2059 2502 2114 omissis
2527 2058 2992 2129 deplorationibus
3025 2066 3186 2127 atque
3215 2058 3430 2112 dolendi
3462 2059 3632 2112 ratio-

2066 2150 2251 2211 nibus,
2282 2157 2503 2219 pr0pter
2538 2148 2885 2205 manifestam
2910 2157 2963 2204 et
2987 2150 3243 2203 omnibus
3275 2157 3457 2203 notam
3485 2150 3629 2203 blas-

2061 2243 2334 2313 phemiam
2388 2243 2504 2295 sive
2544 2242 2863 2311 sacrilegam
2912 2241 3280 2311 impietatem,
3332 2240 3631 2296 artiﬁciosa

2062 2335 2295 2403 quadam
2346 2334 2701 2389 distinctione
2742 2334 2809 2388 de
2848 2349 2912 2388 eo
2954 2334 3257 2388 orationem
3302 2331 3629 2389 dividamus.

2063 2426 2171 2481 Res
2223 2427 2369 2481 enim
2418 2426 2553 2479 mihi
2600 2425 2817 2481 videtur
2860 2426 3119 2494 praeclare
3168 2425 3387 2488 habere,
3424 2427 3468 2479 si
3515 2425 3636 2479 dili-

2064 2517 2309 2585 gentiore
2332 2518 2581 2571 examine
2605 2516 2973 2586 generationis
2999 2514 3361 2585 signiﬁcatum
3385 2517 3632 2570 oratione

2065 2607 2484 2677 perspiciamus.
2537 2606 2693 2672 Quod
2738 2607 2903 2678 igitur
2933 2622 2998 2661 ex
3042 2622 3207 2661 causa
3266 2622 3389 2661 esse
3430 2608 3632 2676 aliqua,

2065 2696 2171 2752 hoc
2204 2699 2380 2767 ipsum
2416 2711 2614 2751 nomen
2645 2697 2915 2767 designat,
2946 2698 3119 2752 cuivis
3150 2698 3495 2767 perspicuum
3527 2706 3632 2762 est,

2067 2800 2243 2854 neque
2292 2794 2425 2855 puto
2456 2785 2522 2839 de
2563 2801 2629 2839 eo
2655 2785 3041 2840 decertandum
3073 2804 3213 2843 esse.
3239 2788 3342 2844 Sed
3378 2791 3633 2859 quoniam

2066 2890 2253 2930 eorum
2289 2890 2409 2945 qua:
2455 2891 2518 2929 ex
2552 2890 2719 2929 causa
2748 2876 3060 2932 subsistunt
3090 2877 3303 2932 diversa
3344 2886 3427 2933 est
3473 2880 3633 2941 ratio,

2069 2968 2173 3021 hoc
2222 2968 2459 3020 arbitror
2510 2967 2803 3021 artiﬁciosa
2845 2968 3076 3037 quadam
3125 2969 3393 3024 divisione
3435 2986 3636 3026 conve-

2068 3060 2187 3112 nire
2228 3059 2540 3113 dilucidari.
2597 3058 2795 3112 Eorum
2830 3060 2996 3128 igitur
3026 3075 3147 3129 qua:
3183 3076 3248 3114 ex
3300 3076 3465 3115 causa
3507 3070 3635 3115 sunt

2070 3148 2251 3218 aliqua
2281 3156 2489 3212 exorta,
2524 3148 2622 3202 has
2646 3147 2985 3205 diﬂ‘erentias
3016 3150 3636 3218 accepimuszQuzedam

394 3241 511 3294 πῶν
554 3240 729 3311 ἔργων
771 3240 1126 3299 κατασκευαὶ.
1161 3238 1247 3292 διὰ
1294 3240 1392 3309 τῆς
1437 3239 1556 3291 κατ’
1585 3237 1808 3307 ἀλλήλου
1838 3236 1965 3305 ὕλης

2071 3254 2135 3292 ex
2194 3240 2421 3293 materia
2480 3248 2527 3293 et
2580 3248 2699 3294 arte
2746 3248 3021 3306 constant,
3077 3255 3131 3295 ut
3176 3242 3527 3296 aediﬁciorum
3583 3251 3638 3297 ct

394 3333 674 3401 γινόμεναι
697 3374 710 3393 ,
742 3326 815 3385 ὧν
857 3330 1173 3400 καθηγεῖταί
1212 3346 1297 3393 τις
1329 3330 1487 3400 τέχνη
1523 3328 1659 3399 πρὸς
1704 3329 1794 3381 τὸν
1837 3327 1966 3381 ίδιον

398 3421 596 3476 σκοπὸν
620 3422 680 3474 τὸ
709 3420 966 3492 προτεθὲν
1015 3419 1484 3490 συμπεραίνουσα*
1522 3418 1588 3471 τά
1622 3418 1703 3480 δὲ,
1736 3416 1794 3483 ἐξ
1838 3415 1969 3483 ὕλης

396 3512 489 3565 καὶ
537 3509 767 3579 φύσεως.
820 3508 931 3570 Τὰς
983 3509 1091 3576 γὰρ
1137 3506 1194 3571 ἐξ
1248 3505 1490 3576 ἀλλήλων
1535 3506 1813 3575 γεννήσεις
1861 3504 1968 3557 τῶν

397 3600 549 3665 ζώων
603 3602 637 3669 ὴ
683 3599 843 3667 φύσις
878 3597 1167 3665 οἰκοδομεῖ,
1212 3595 1300 3648 διὰ
1334 3594 1433 3663 τῆς
1468 3596 1523 3647 ὲν
1564 3596 1675 3658 τοῖς
1725 3592 1969 3663 σώμασιν

398 3690 584 3759 ὑλικῆς
613 3688 959 3749 ὑποστάσεως
1003 3687 1064 3739 τὸ
1108 3686 1305 3755 ἑαυτῆς
1346 3684 1660 3755 ὲνεργοῢσα.
1703 3684 1784 3736 Τὰ
1829 3684 1883 3737 δὲ
1911 3683 1969 3749 ἐξ

399 3780 587 3847 ὑλικῆς
616 3778 928 3850 ἀπορροίας,
957 3777 1041 3844 ἐφ’
1070 3768 1143 3829 ὧν
1168 3777 1260 3829 καὶ
1298 3776 1360 3828 τὸ
1385 3775 1791 3845 προηγούμενον
1823 3774 1970 3843 μένει

396 3866 506 3925 οτόν
530 3874 707 3935 ἐστιν,
742 3871 832 3923 καὶ
882 3872 943 3921 τὸ
981 3868 1074 3920 ἀπ’
1119 3867 1325 3921 ἐκείνου
1362 3868 1480 3937 ῥέον
1512 3868 1596 3935 ἐφ’
1622 3864 1813 3920 ἑαυτοῦ
1842 3864 1971 3917 καθ-

399 3966 610 4034 ορᾶται,
642 3962 715 4025 ὡς
746 3960 836 4013 ἐπὶ
868 3958 959 4013 τοῦ
993 3959 1142 4029 ἡλίου
1176 3958 1268 4013 καὶ
1298 3958 1397 4026 τῆς
1423 3958 1657 4021 ἀκτῖνος,
1693 3957 1726 4027 ἢ
1756 3957 1847 4010 ἐπὶ
1873 3955 1972 4024 τῆς

399 4051 678 4120 λαμπάδος
721 4050 813 4101 καὶ
862 4048 960 4117 τῆς
1006 4048 1217 4116 αὐγῆς,
1268 4047 1360 4098 ἐπὶ
1412 4045 1519 4098 τῶν
1562 4045 1866 4115 ἀρωμάτων
1913 4060 1971 4096 τε

401 4140 629 4193 καὶτῶν
669 4136 872 4208 μύρων,
905 4136 999 4187 καὶ
1049 4135 1148 4203 τῆς
1196 4133 1401 4187 ἐκεῖθεν
1434 4133 1777 4202 ὲκδιδομένης
1827 4131 1974 4183 ποιό-

400 4245 578 4298 τητος.
635 4225 814 4279 Ταῦτα
871 4226 979 4295 γὰρ
1034 4225 1117 4292 ἐφ’
1164 4224 1369 4277 ἑαυτῶν
1422 4224 1665 4293 ἀμείωτα
1723 4221 1969 4291 μένοντα,

402 4320 560 4381 εὐθὺς
601 4317 711 4387 ἔχει
742 4314 1307 4385 συμπαρομαρτοῦσαν
1352 4314 1588 4384 ἑκάστην
1618 4313 1716 4385 τὴν
1752 4314 1847 4365 ἀπ’
1876 4313 1974 4365 αὑο

402 4410 509 4463 τῶν
536 4407 878 4476 ὲκδιδομένην
906 4406 1134 4475 φυσικὴν
1185 4405 1447 4474 ἰδιότηταο
1483 4399 1594 4457 οἷον
1626 4406 1655 4457 6
1696 4404 1792 4473 μὲν
1824 4403 1974 4472 ἥλιος

403 4500 499 4570 τὴν
525 4500 740 4560 ἀκτῖνα,
773 4499 806 4566 ἡ
844 4495 900 4548 δὲ
921 4494 1138 4564 λαμπὰς
1170 4495 1267 4565 τήν
1294 4496 1488 4565 αὑγήν,
1519 4494 1586 4547 τά
1623 4495 1677 4548 δὲ
1706 4494 1971 4565 ἀρώματα

2071 3330 2406 3398 reliquorqu
2435 3344 2655 3398 operum
2697 3331 3112 3394 exstructiones,
3152 3347 3270 3401 qua:
3301 3348 3366 3387 ex
3413 3334 3637 3388 materia

2068 3420 2212 3473 inter
2255 3435 2313 3473 se
2357 3420 2655 3489 conjuncta
2702 3420 2856 3484 ﬁunt,
2900 3421 3102 3489 quibus
3158 3437 3247 3477 ars
3296 3422 3473 3491 aliqua
3525 3438 3639 3476 ma-

2069 3513 2234 3581 gistra
2278 3520 2491 3581 praeest,
2531 3511 2597 3564 ad
2648 3513 2929 3580 preprium
2968 3526 3193 3581 seopqu
3242 3511 3297 3565 id
3331 3512 3475 3582 quod
3513 3527 3640 3581 pro-

2070 3602 2303 3670 positum
2351 3611 2433 3655 est
2485 3601 2804 3654 terminans.
2852 3601 2969 3654 Alia
3017 3616 3146 3655 vero
3199 3617 3261 3655 ex
3319 3602 3543 3656 materia
3581 3609 3637 3657 et

2069 3700 2286 3744 natura.
2336 3690 2727 3745 Generatioues
2766 3695 2908 3745 enim
2940 3692 3255 3745 animalium
3287 3708 3352 3747 ex
3396 3709 3455 3749 se
3502 3694 3641 3747 invi-

2069 3796 2186 3835 cem
2220 3788 2415 3833 natura
2471 3783 2728 3844 exstruit,
2762 3796 2858 3850 per
2908 3781 3240 3835 materialem
3298 3798 3419 3852 quae
3451 3792 3535 3837 est
3582 3784 3637 3837 in

2070 3871 2389 3940 corporibus
2444 3871 2852 3927 sinbsisteutiam
2911 3888 3070 3927 suum
3119 3888 3258 3942 opus
3313 3874 3636 3929 conﬁciens.

2070 3962 2189 4015 Alia
2228 3963 2391 4015 etiam
2425 3976 2491 4015 ex
2532 3962 2799 4015 materiali
2849 3961 3086 4027 deﬁuxu,
3147 3964 3201 4016 in
3258 3965 3457 4034 quibus
3493 3966 3639 4035 quod

2071 4053 2339 4107 antecedit
2379 4062 2560 4105 manet
2592 4053 2749 4122 quale
2781 4061 2883 4116 est,
2927 4053 3146 4122 etquod
3182 4070 3245 4109 ex
3294 4055 3386 4110 illo
3418 4055 3535 4110 ﬁuit
3580 4053 3633 4107 in

2072 4159 2131 4199 se
2175 4144 2293 4211 ipso
2329 4143 2667 4209 conspicitur
2693 4158 2706 4195 :
2764 4152 2821 4196 ut
2850 4144 2903 4197 in
2937 4145 3050 4199 sole
3074 4154 3127 4200 et
3157 4145 3330 4209 radio,
3358 4154 3447 4199 aut
3478 4147 3533 4200 in
3559 4148 3641 4200 lu-

2073 4245 2235 4285 cerna
2261 4238 2315 4284 et
2342 4231 2394 4283 in
2420 4231 2817 4299 splendore,vcl
2842 4232 2894 4285 in
2922 4232 3292 4288 odoramentis
3315 4242 3368 4287 et
3388 4250 3638 4305 unguen-

2072 4322 2143 4377 tis
2164 4322 2292 4376 etin
2318 4337 2378 4377 ea
2402 4338 2522 4392 quae
2542 4323 2668 4380 inde
2684 4324 2927 4378 dimauat
2948 4326 3225 4394 qualitate.
3265 4325 3387 4381 Haec
3406 4329 3549 4382 enim
3583 4331 3638 4383 in

2072 4414 2289 4483 seipsis
2325 4428 2431 4467 non
2476 4414 2765 4468 imminuta
2811 4417 3113 4481 manentia,
3150 4420 3409 4472 continuo
3439 4420 3639 4474 habent

2076 4505 2287 4574 singula
2336 4506 2793 4560 concomitantem
2828 4507 2896 4560 ab
2939 4508 3073 4577 ipsis
3106 4519 3446 4564 emanantem
3480 4520 3641 4565 natu-

405 4590 500 4658 τὴν
521 4588 598 4657 τῷ
621 4588 739 4656 ἀέρι
757 4586 1134 4654 ἐντικτομένην
1159 4584 1215 4651 ἐξ
1241 4585 1417 4637 αὑτῶν
1440 4584 1683 4637 εὐωδίαν.
1706 4585 1853 4637 Ἐστι
1877 4585 1965 4638 καὶ

2074 4597 2240 4651 ralem
2271 4597 2652 4667 proprietatem
2680 4615 2692 4651 :
2719 4608 2774 4651 ut
2806 4599 2886 4651 sol
2914 4600 3130 4667 quidem
3156 4600 3390 4665 radium,
3422 4602 3642 4656 lucerna

406 4680 589 4748 ἓτερον
616 4673 751 4740 εἶδος
780 4679 926 4745 παρά
962 4675 1131 4728 ταῦτα
1160 4677 1489 4743 γεννήσεως·
1525 4669 1583 4728 οὗ
1614 4676 1646 4743 ή
1698 4674 1795 4743 μὲν
1828 4676 1973 4730 αἰτία

408 4770 564 4831 ἀῦλός
594 4771 709 4820 ἐστι
748 4767 840 4820 καὶ
880 4766 1184 4835 ἀσώματος,
1218 4768 1250 4835 ή
1280 4765 1335 4817 δὲ
1378 4767 1626 4835 γέννησις
1662 4766 1888 4835 αἰσθητή
1914 4783 1974 4818 τε

408 4862 500 4913 καὶ
528 4860 613 4912 διὰ
645 4858 936 4927 σωμάτων·
972 4857 1113 4924 λέγω
1140 4856 1196 4907 δὲ
1224 4856 1313 4917 τὸν
1356 4857 1419 4907 ὲκ
1460 4856 1553 4907 τοῦ
1589 4856 1679 4909 νοῦ
1702 4856 1975 4926 γεννώμε-

408 4970 496 5005 νον
537 4950 711 5016 λόγον.
756 4947 1066 5017 Ἀσώματος
1109 4946 1215 5015 γὰρ
1264 4945 1338 4998 ὢν
1386 4945 1502 4998 καθ’
1539 4947 1727 4999 ἑαυτὸν
1767 4948 1795 4998 6
1853 4946 1976 5009 νοῦς

406 5041 494 5095 διά
527 5039 633 5092 τῶν
662 5036 931 5106 αἰσθητῶν
976 5036 1220 5106 ὀργάνων
1270 5036 1439 5089 τίκτει
1484 5036 1575 5089 τὸν
1624 5036 1799 5103 λόγον.
1846 5038 1978 5089 Τοσ-

408 5132 578 5193 αύτας
613 5130 911 5197 γεννήσεων
938 5126 1198 5196 διαφορὰς
1221 5122 1329 5179 οἷον
1371 5130 1427 5180 ὲν
1456 5131 1681 5198 γεννητῇ
1709 5145 1814 5180 τινι
1846 5128 1976 5182 θεω-

412 5222 504 5293 ρίᾳ
535 5223 960 5292 κατενοήσαμεν.

2079 4685 2342 4757 fulgorem
2375 4706 2387 4741 :
2435 4686 2788 4742 odoramenta
2815 4703 2944 4743 vero
2993 4704 3213 4743 suavem
3257 4704 3321 4743 ex
3362 4691 3556 4759 seipsis
3588 4692 3643 4745 in

2080 4793 2205 4833 aere
2246 4776 2503 4831 diffusum
2556 4778 2756 4833 habent
2811 4779 3053 4834 odorem.
3095 4780 3297 4835 Praeter
3342 4781 3440 4836 has
3479 4782 3646 4836 etiam

2082 4868 2188 4920 alia
2232 4876 2318 4923 est
2351 4868 2717 4937 generationis
2746 4870 2976 4937 species,
3014 4870 3174 4939 cujus
3227 4870 3444 4939 quidem
3478 4885 3647 4926 causa

2083 4958 2324 5013 materiae
2362 4967 2525 5029 atque
2554 4960 2803 5029 corporis
2834 4969 2919 5015 est
2960 4976 3175 5029 expers,
3212 4963 3485 5030 generatio
3516 4977 3647 5016 vero

2084 5050 2303 5105 sensilis
2361 5057 2415 5104 et
2474 5066 2572 5119 per
2646 5065 2910 5120 corpora,
2958 5053 3081 5106 dico
3118 5061 3297 5107 autem
3347 5068 3413 5107 ex
3466 5061 3654 5109 mente

2083 5138 2409 5209 productum
2455 5155 2787 5195 sermonem.
2838 5140 2973 5195 Cum
3024 5142 3167 5197 enim
3206 5158 3359 5198 mens
3403 5145 3517 5213 ipsa
3550 5160 3656 5213 per

2086 5243 2144 5282 se
2176 5229 2247 5282 sit
2278 5230 2598 5299 incorporea
2623 5247 2717 5300 per
2740 5232 3103 5287 instrumenta
3131 5250 3349 5290 sensum
3372 5236 3652 5289 moventia

411 5313 582 5381 gignit
620 5326 947 5366 sermonem.
1016 5307 1265 5363 Totidem
1350 5309 1760 5378 generationum
1836 5312 2174 5375 diﬁ'erentias
2221 5322 2387 5376 insita
2442 5324 2677 5392 quadam
2726 5332 2889 5393 atque
2950 5326 3189 5395 ingenita
3243 5327 3653 5396 contemplandi

414 5406 623 5458 ratione
667 5404 1061 5473 perSpeximus.

483 5499 697 5551 Τούτων
725 5498 900 5550 τοίνυν
932 5498 1038 5549 τῶν
1071 5496 1169 5564 τῆς
1198 5496 1497 5565 γεννήσεως
1548 5496 1763 5564 τρόπων
1811 5497 1980 5561 οὕτως

414 5588 543 5655 ἡμῖν
566 5586 925 5655 διηρημένων,
958 5584 1143 5653 καιρὸς
1171 5584 1235 5636 ἂν
1278 5584 1360 5652 εἴη
1392 5584 1623 5635 κατιδεῖν
1660 5585 1772 5647 πῶς
1805 5588 1837 5654 ή
1865 5586 1982 5654 φιλ-

416 5675 698 5745 άνθρωπος
741 5676 833 5727 τοῦ
876 5675 1028 5743 ἁγίου
1069 5673 1380 5742 Πνεύματος
1423 5674 1716 5743 οἰκονομία,
1753 5675 1979 5745 παραδι-

416 5761 581 5816 δοῦσα
606 5766 673 5818 τά
705 5766 819 5818 Οεῖα
853 5766 1120 5836 μυστήρια
1144 5764 1230 5816 διὰ
1257 5762 1364 5816 τῶν
1408 5765 1538 5833 ἡμῖν
1579 5764 1839 5837 χωρητῶν
1885 5764 1981 5835 τὴν

414 5852 755 5909 διδασκαλίαν
799 5858 1026 5910 ποιεῖται
1061 5853 1157 5926 τήν
1184 5853 1322 5925 ὑπὲρ
1346 5852 1519 5921 λόγον.
1564 5854 1747 5909 Πάντα
1772 5855 1877 5926 γὰρ
1914 5854 1982 5909 τὰ

2159 5501 2253 5558 llis
2296 5503 2460 5573 igitur
2484 5506 2851 5573 generationis
2884 5508 3061 5563 modis
3095 5512 3176 5563 sic
3206 5526 3237 5564 a
3271 5511 3428 5568 nobis
3452 5514 3652 5572 distin-

2086 5593 2189 5647 ctis
2222 5633 2236 5655 ,
2308 5603 2520 5664 tempus
2566 5595 2676 5663 jam
2725 5595 2887 5650 fuerit
2939 5601 3333 5669 conspiciendi,
3373 5608 3647 5672 quomodo

2087 5684 2346 5740 benevola
2379 5688 2432 5739 in
2466 5687 2741 5742 hominum
2769 5705 2941 5757 genus
2975 5689 3211 5761 Spiritus
3231 5698 3406 5749 sancti
3427 5696 3649 5768 dispen-

2087 5775 2229 5827 satio
2268 5774 2425 5828 nobis
2462 5792 2555 5844 per
2606 5791 2667 5829 ea
2708 5792 2827 5844 quae
2872 5792 3066 5848 capere
3124 5794 3415 5848 possumus
3464 5783 3653 5844 divina

2087 5863 2309 5919 tradens
2334 5864 2610 5935 mysteria,
2636 5866 2937 5922 doctrinam
2961 5870 3108 5923 omni
3138 5885 3380 5929 sermone
3401 5876 3644 5942 superio-
