4146 6370
525 473 632 530 507

1761 473 1818 527 S.
1845 471 2172 529 GRECORII
2197 472 2490 530 NYSSENI

3669 472 3774 528 508

521 604 634 640 rem
661 587 884 658 praebet.
911 586 1116 644 Omnes
1141 589 1284 644 enim
1313 588 1681 660 generationis
1709 591 1937 658 species,
1965 605 2099 658 quas

2208 593 2300 662 τῆς
2327 594 2632 663 γεννήσεως
2667 592 2800 661 εἴδη,
2833 592 2932 645 ὅσα
2957 593 2990 661 ἡ
3023 591 3332 663 ἀνθρωπίνη
3376 590 3627 659 γινώσκει
3661 591 3776 645 διά-

521 678 758 732 ltutnana
797 679 1083 748 cognoscit
1125 679 1504 748 intelligentia,
1539 677 1804 732 divinitus
1838 677 2098 746 inspirata

522 775 772 828 doctrina
815 775 880 828 ad
912 774 1204 829 ineﬁ'abilis
1242 775 1494 845 potentia:
1549 773 2096 834 demonstrationem,

522 865 804 934 corporeis
841 865 1120 918 nominum
1148 865 1639 934 signiﬁcationibus
1671 865 1910 923 omissis.
1945 879 2100 916 assu-

524 953 642 1007 tnit.
679 954 812 1006 Cum
845 955 989 1008 enim
1025 953 1092 1007 de
1123 954 1361 1021 potentia
1395 951 1697 1005 conditrice
1727 961 1782 1003 et
1839 953 2098 1006 creati-ice

525 1045 786 1114 loquitur,
834 1046 1236 1114 generationem
1287 1052 1432 1098 certe
1475 1046 1718 1098 nominat
1769 1044 1876 1097 vim
1933 1045 2093 1096 talem

523 1135 811 1194 eﬂiciendi,
849 1137 974 1204 quia
1013 1143 1260 1203 Oporteat
1301 1149 1606 1188 sermonem
1639 1133 1704 1186 ad
1751 1133 2006 1186 humilem
2046 1140 2100 1186 et

526 1224 860 1278 imbecillum
897 1231 1114 1290 captum
1169 1230 1366 1277 nostra:
1395 1222 1672 1277 facultatis
1705 1233 1758 1276 et
1788 1223 2099 1290 intelligen-

525 1314 616 1367 tiae
650 1314 1002 1368 descendere.
1055 1312 1168 1366 Non
1202 1312 1420 1380 quidem
1471 1312 1652 1364 omnia
1681 1327 1800 1380 quae
1827 1311 1968 1380 apud
2000 1324 2099 1364 nos

526 1419 648 1457 cum
668 1405 1018 1473 generatione
1049 1403 1331 1472 quidpiam
1360 1410 1636 1455 astruente
1661 1402 2093 1470 conspiciuntur,

533 1502 953 1558 commonstrat,
980 1509 1086 1546 non
1113 1495 1312 1556 locum,
1337 1508 1442 1546 non
1471 1502 1702 1562 tempus,
1727 1509 1834 1546 non
1859 1493 2100 1548 materiae

525 1587 996 1654 pra‘parationem,
1029 1600 1135 1637 non
1176 1585 1662 1638 instrumentorum
1695 1585 2095 1652 cognationem,

525 1691 634 1729 non
667 1690 888 1744 sc0pum
925 1675 976 1727 in
1026 1691 1190 1742 quem
1227 1691 1347 1742 qua:
1372 1681 1677 1728 nascuntur
1710 1677 1935 1728 tendunt
1964 1693 1976 1728 :
2005 1675 2099 1729 sed

525 1765 639 1820 haac
669 1767 828 1820 nobis
861 1765 1148 1834 cogitanda
1185 1766 1519 1834 relinquens,
1553 1766 1835 1835 magnilice
1859 1775 1912 1819 et
1937 1766 2100 1820 subli-

524 1856 684 1910 miter
703 1872 890 1910 eorum
925 1872 1045 1924 qua:
1085 1864 1214 1910 sunt
1244 1857 1647 1924 generationem
1683 1856 1790 1911 Deo
1824 1857 2096 1922 attribuit,

2200 703 2338 747 νοια,
2375 687 2406 754 ἡ
2442 684 2796 746 θεόπνευστος
2823 683 3136 736 διδασκαλία
3183 683 3320 753 πρὸς
3363 682 3459 753 τὴν
3495 682 3778 752 παράσταο

2202 792 2284 828 σιν
2325 776 2426 844 τῆς
2470 777 2704 846 ἀρρήτου
2747 775 3024 843 δυνάμεως
3071 772 3506 843 παραλαμϐάνει,
3541 772 3601 823 οὑ
3637 788 3776 841 συμ-

2202 867 2614 936 παραδεχομένη
2661 865 2760 928 τάς
2799 864 3116 933 σωματικὰς
3158 863 3264 916 τῶν
3303 863 3579 931 ὀνομάτων
3608 861 3780 932 ἐμφά-

2202 975 2331 1019 σεις.
2367 959 2531 1010 Ὅταν
2581 957 2678 1026 μὲν
2709 956 2817 1027 γὰρ
2861 956 2989 1025 περὶ
3019 955 3116 1024 τῆς
3158 952 3662 1020 κατασκευαστικῆς
3690 951 3777 1003 λέ-

2199 1065 2284 1117 γει
2317 1048 2617 1118 δυνάμεως,
2665 1049 2912 1118 γέννησιν
2961 1048 3057 1116 μὲν
3101 1045 3354 1116 ὀνομάζει
3391 1046 3488 1113 τὴν
3525 1044 3776 1114 τοιαύτην

2201 1141 2494 1210 ἐνέργειαν,
2519 1139 2607 1192 διὰ
2632 1140 2694 1192 τὸ
2718 1139 2824 1192 δεῖν
2855 1139 2988 1210 πρὸς
3013 1139 3072 1191 τὸ
3099 1138 3350 1191 ταπεινὸν
3375 1138 3472 1206 τῆς
3503 1135 3776 1206 ἡμετέρας

2199 1231 2479 1301 δυνάμεως
2503 1232 2799 1300 καταϐῆναι
2822 1231 2908 1284 τὸν
2928 1230 3102 1298 λόγον.
3123 1230 3196 1283 Οὐ
3224 1231 3328 1299 μὴν
3346 1229 3774 1282 συνενδείκνυται

2198 1325 2264 1378 τά
2302 1327 2400 1378 ὅσα
2432 1325 2561 1392 παρ’
2587 1326 2718 1392 ἡμῖν
2752 1325 2818 1393 τῇ
2861 1323 3330 1390 κατασκευαστικῇ
3365 1321 3611 1388 γεννήσει
3653 1333 3777 1368 συν-

2200 1417 2501 1486 θεωρεῖται,
2523 1416 2582 1467 οὑ
2603 1415 2784 1479 τόπον,
2809 1415 2866 1466 οὑ
2893 1412 3101 1482 χρόνον,
3124 1413 3220 1481 οὑχ
3243 1411 3372 1480 ὕλης
3402 1407 3773 1478 παρασκευὴν.

2199 1507 2298 1558 οὐκ
2325 1506 2570 1576 ὀργάνων
2606 1505 2942 1574 συγγένειαν,
2977 1503 3038 1555 οὑ
3085 1502 3174 1554 τὸν
3218 1503 3308 1554 ἐπὶ
3339 1503 3451 1563 τοῖς
3477 1499 3778 1570 γινομένοις

2201 1596 2431 1648 σκοπόν·
2467 1594 2603 1648 ἀλλά
2635 1595 2806 1647 ταῦτα
2836 1595 2967 1664 ἡμῖν
3000 1592 3389 1650 καταλιποῦσα.
3428 1589 3778 1660 μεγαλοφυῶς

2199 1700 2258 1736 τε
2285 1684 2376 1736 καὶ
2409 1683 2624 1753 ὑψηλῶς
2651 1681 2727 1752 τῷ
2754 1681 2871 1752 Θεῷ
2901 1681 3311 1752 προσμαρτυρεῖ
3339 1678 3444 1731 τῶν
3485 1678 3651 1731 ὄντων
3679 1677 3777 1748 τὴν

2200 1775 2428 1841 γένεσιν,
2465 1775 2519 1825 ἐν
2548 1767 2628 1836 οἷς
2657 1789 2816 1842 φησιν
2845 1773 2925 1823 ὅτι
2955 1770 3144 1835 Αὐτὸς
3181 1768 3308 1824 εἷπε
3352 1769 3450 1823 καὶ
3495 1769 3774 1838 ἐγενήθη-

2201 1881 2342 1929 σαν,
2401 1866 2581 1928 αὐτὸς
2631 1865 2964 1917 ἐνετείλατο
3021 1864 3118 1916 καὶ
3169 1864 3558 1930 ἐκτίσθησαν.
3605 1861 3773 1915 Πάλιν

526 1946 579 1998 iu
629 1946 829 2015 quibus
876 1923 1094 2011 asserit,
1149 1923 1269 2015 Ipse
1323 1947 1476 2010 dixit,
1513 1957 1560 2000 et
1603 1949 1744 2013 facta
1787 1957 1930 2008 siml,
1985 1949 2094 2015 ipse

2208 1923 2339 2010 ὅταν,
2357 1958 2455 2026 τὴν
2485 1923 2794 2026 ἀπόρρητόν
2833 1973 2890 2008 τε
2921 1955 3013 2008 καὶ
3049 1956 3185 2024 ὑπὲρ
3228 1954 3382 2022 λόγον
3401 1923 3502 2004 ’τοῦ
3536 1953 3776 2019 Μονογε-

525 2036 797 2090 mandavit
833 2047 882 2090 et
915 2047 1092 2090 creata
1124 2045 1246 2090 sunt
1273 2037 1336 2088 “.
1381 2035 1592 2089 Rursus
1634 2051 1754 2088 cum
1801 2037 2096 2104 inexplica-

525 2127 686 2181 bilem
727 2137 888 2197 atque
941 2143 1048 2181 non
1105 2127 1464 2181 enarrabilem
1515 2125 1782 2197 Unigeniti
1829 2142 1892 2181 ex
1936 2125 2098 2181 Patre

525 2220 898 2274 exsistentiam
924 2261 938 2282 ,
973 2235 1093 2288 quae
1136 2234 1352 2274 omnem
1397 2219 1658 2272 rationem
1701 2228 1755 2273 et
1797 2220 2096 2274 orationem

528 2309 820 2363 humanam
851 2318 1164 2379 exsuperat,
1187 2310 1432 2378 exponit,
1463 2311 1590 2376 quia
1621 2309 1858 2363 humana
1892 2309 2100 2364 mendi-

527 2401 664 2454 citas
716 2411 772 2454 et
816 2412 1030 2469 egestas
1075 2400 1526 2455 documentorum
1576 2417 1698 2470 quae
1742 2417 1994 2456 sermone
2048 2411 2101 2456 et

529 2492 884 2562 intelligentia
928 2492 1164 2546 humana
1220 2494 1374 2560 lenge
1413 2500 1540 2546 sunt
1586 2493 1900 2548 sublimiora
1931 2500 1986 2546 et
2021 2493 2100 2546 al-

529 2582 692 2644 tiora,
739 2598 908 2652 capax
955 2599 1061 2636 non
1105 2589 1208 2644 est,
1251 2583 1363 2637 illic
1411 2585 1616 2638 nostris
1651 2583 1828 2637 verbis
1861 2599 1958 2637 usa
1995 2592 2098 2646 est,

527 2683 698 2738 seque
727 2681 926 2724 nostra:
956 2672 1243 2738 capacitati
1272 2670 1668 2732 accommodat,
1700 2680 1750 2722 et
1779 2669 1970 2722 Filium
2003 2685 2102 2722 no-

529 2762 724 2825 minat,
774 2763 916 2830 quod
955 2761 1096 2830 apud
1139 2777 1240 2815 nos
1264 2759 1604 2816 consuetudo
1641 2777 1838 2814 nomen
1867 2769 2094 2830 usurpat

529 2856 596 2910 de
633 2870 691 2910 re
719 2869 780 2908 ea
810 2867 930 2921 quae
972 2868 1035 2906 ex
1071 2854 1298 2906 materia
1331 2853 1652 2906 naturaliter
1690 2853 1948 2920 gignitur.
1993 2849 2101 2905 Sed

534 2945 993 3016 quemadmodum
1013 2945 1418 3013 generationem
1445 2959 1538 3012 per
1553 2944 1883 2996 creationem
1907 2941 2103 2995 factam

528 3053 652 3092 cum
701 3037 837 3088 dixit
869 3049 1047 3088 sermo
1085 3035 1326 3096 divinus,
1373 3035 1519 3098 quod
1571 3051 1634 3088 ex
1669 3034 1900 3103 quadam
1937 3041 2103 3086 mate-

529 3131 609 3183 ria
635 3129 749 3198 ipsa
787 3126 1053 3184 factaest,
1093 3141 1200 3178 non
1232 3124 1746 3194 apposuitmaterite
1777 3123 2102 3187 essentiam,

2197 2048 2318 2110 νοῦς
2350 2050 2412 2100 ὲκ
2441 2047 2532 2099 τοῦ
2567 2047 2778 2116 Πατρὸς
2816 2045 3044 2116 ὕπαρξιν
3083 2044 3378 2116 ἑρμηνεύῃ,
3418 2043 3503 2097 διὰ
3535 2043 3594 2094 τὸ
3627 2039 3772 2110 ἀχώ-

2203 2154 2364 2208 ρητον
2395 2133 2531 2189 εἶναι
2559 2136 2656 2206 τὴν
2699 2136 3043 2206 ἀνθρωπίνην
3083 2134 3353 2205 πτωχείαν
3391 2133 3498 2186 τῶν
3527 2133 3664 2201 ὑπὲρ
3697 2132 3780 2184 λό-

2197 2246 2292 2297 γον
2321 2245 2380 2280 τε
2403 2227 2494 2281 καὶ
2529 2227 2732 2280 ἔννοιαν
2761 2226 3122 2296 διδαγμάτων,
3153 2228 3312 2279 κάκεῖ
3339 2227 3448 2287 τοῖς
3491 2223 3777 2294 ἡμετέροις

2202 2321 2588 2391 συγκέχρηται,
2637 2321 2730 2374 καὶ
2771 2320 2895 2372 Υἱὺν
2950 2318 3236 2387 ὀνομάζει,
3277 2318 3413 2387 ὅπερ
3461 2317 3588 2386 παρ’
3646 2317 3776 2386 ἡμῖν

2203 2411 2456 2482 συνήθεια
2490 2415 2599 2474 τοῖς
2634 2411 2741 2464 ἀπὸ
2781 2410 2910 2479 ὕλης
2949 2409 3042 2462 καὶ
3087 2410 3299 2478 φύσεως
3339 2407 3779 2478 ἀποτικτομένοις

2201 2503 2368 2572 ὄνομα
2393 2501 2616 2557 τίθεται.
2658 2499 2794 2551 Ἀλλ’
2824 2499 3010 2566 ὥσπερ
3035 2499 3132 2567 τὴν
3165 2498 3253 2550 διὰ
3280 2498 3376 2566 τῆς
3399 2496 3626 2558 κτίσεως
3655 2495 3780 2561 γέν-

2203 2609 2356 2662 νησιν
2393 2591 2560 2646 εἰπὼν
2610 2593 2637 2644 ὁ
2685 2591 2838 2657 λόγος
2889 2587 2976 2642 ἐπὶ
3019 2589 3172 2652 Θεοῦ,
3203 2589 3298 2657 ’τῷ
3336 2588 3422 2642 διά
3461 2605 3601 2650 τινος
3649 2587 3778 2656 ὕλης

2203 2681 2449 2751 γενέσθαι
2472 2679 2660 2750 αὑτὴν,
2685 2681 2744 2732 οὑ
2779 2679 3114 2750 προσέθηκεν
3133 2679 3318 2731 οὑσίαν
3346 2677 3474 2747 ὕλης
3501 2678 3594 2730 καὶ
3619 2677 3782 2729 τόπον

2205 2775 2297 2826 καὶ
2329 2773 2535 2843 χρόνον,
2573 2772 2664 2824 καὶ
2695 2772 2868 2824 πάντα
2906 2772 2974 2823 τά
3013 2770 3252 2831 τοιαῦτα,
3279 2771 3375 2840 τὴν
3411 2768 3503 2821 τοῦ
3531 2768 3660 2821 Θεοῦ
3697 2768 3782 2820 θε-

2205 2866 2442 2936 λήματος
2487 2861 2625 2918 εἷναι
2675 2865 2902 2934 δύναμιν
2954 2864 3399 2933 ἀποφηνάμενος·
3457 2861 3627 2924 οὕτως
3689 2860 3782 2913 καὶ

2205 2956 2436 3010 ἐνταῦθα
2476 2956 2604 3010 Υἱὸν
2645 2955 2830 3020 εἰπὼν,
2861 2955 3039 3025 ἀφῆκε
3083 2955 3257 3007 πάντα
3301 2954 3368 3008 τά
3409 2971 3464 3007 τε
3509 2954 3644 3008 ἄλλα
3683 2955 3784 3006 ὅσα

2209 3049 2338 3119 περὶ¹
2379 3049 2477 3119 τὴν
2521 3048 2670 3102 κάτω
2711 3049 2960 3118 γέννησιν
3006 3049 3039 3118 ή
3089 3047 3400 3117 ἀνθρωπίνη
3447 3046 3606 3116 φύσις
3648 3049 3780 3117 ὁρᾷ,

2212 3137 2358 3208 πάθη
2399 3156 2458 3191 τε
2503 3139 2644 3207 λέγω
2668 3137 2761 3191 καὶ
2797 3137 3080 3199 διαθέσεις,
3120 3137 3212 3189 καὶ
3247 3137 3346 3208 τὴν
3377 3138 3440 3189 ἐκ
3469 3135 3562 3188 τοῦ
3593 3137 3782 3206 χρόνου

536 3218 710 3273 locum
775 3224 829 3270 et
871 3227 1084 3286 tempus
1129 3223 1181 3269 et
1214 3223 1405 3268 caetera
1463 3231 1584 3284 qua:
1637 3225 1765 3269 sunt
1815 3214 2101 3282 ejusmodi,

2213 3230 2548 3300 συνέργειαν,
2578 3229 2672 3281 καὶ
2695 3229 2794 3299 τὴν
2821 3228 2914 3281 τοῦ
2937 3227 3101 3280 τόπου
3130 3227 3335 3296 χρείαν,
3385 3227 3478 3280 καὶ
3523 3227 3625 3297 πρὸ
3653 3227 3786 3279 πάν-

532 3309 836 3364 voluntatis
887 3307 978 3361 Dei
1028 3323 1150 3360 esse
1196 3308 1448 3360 virtutem
1498 3306 1828 3360 declaraudo
1876 3323 1889 3360 :
1929 3305 2008 3358 sic
2052 3314 2108 3358 et

531 3405 622 3460 ltie
671 3403 863 3456 Filium
910 3418 1032 3456 cum
1083 3401 1241 3458 dixit.
1288 3400 1472 3454 omisit
1521 3399 1702 3452 omnia
1741 3398 1843 3448 alia
1881 3413 2000 3464 quae
2055 3395 2106 3447 in

536 3494 884 3561 generatione
920 3493 1104 3546 inﬁma
1132 3493 1368 3544 humana
1405 3497 1596 3542 natura
1627 3489 1833 3542 cernit:
1869 3487 2107 3540 alTectio-

537 3603 634 3648 nes
672 3587 796 3640 dico
838 3595 892 3640 et
934 3585 1352 3652 dispositiones,
1385 3589 1545 3650 atque
1576 3597 1639 3633 ex
1689 3591 1931 3648 tempore
1979 3594 2106 3630 cott-

531 3675 1277 3745 currentemoperationem,
1347 3672 1560 3739 locique
1630 3683 1810 3731 usum,
1871 3675 1923 3721 et
1981 3674 2106 3720 ante

531 3769 713 3822 omnia
741 3769 1044 3827 materiam,
1083 3765 1202 3818 sine
1233 3762 1434 3832 quibus
1465 3760 1718 3814 omnibus
1759 3757 1984 3812 inferior
2015 3771 2110 3826 ge-

534 3859 747 3913 neratio
791 3857 1051 3911 naturalis
1099 3854 1320 3907 minime
1362 3852 1712 3907 consisteret.
1753 3849 1912 3904 Omni
1945 3849 2110 3918 igitur

535 3950 806 4003 materiali
859 3956 912 4000 et
969 3945 1128 3998 loeali
1161 3941 1400 3997 essentia
1454 3942 1506 3994 in
1540 3939 1662 3992 Filii
1710 3939 2109 4008 signiﬁcatione

537 4056 648 4096 non
677 4038 1087 4106 comprehensa,
1121 4034 1234 4088 sola
1269 4033 1562 4088 subrelicta
1598 4039 1680 4085 est
1717 4041 1934 4084 natura.
1957 4030 2109 4086 ldeo—

535 4149 644 4201 que
675 4130 794 4183 Filii
839 4144 999 4191 voce,
1041 4124 1184 4195 quod
1232 4123 1510 4192 proprium
1561 4131 1645 4176 est
1693 4131 1746 4176 et
1789 4136 2105 4192 germanum

535 4219 988 4276 demonstrationi
1020 4231 1142 4285 quae
1185 4231 1248 4267 ex
1283 4213 1440 4265 Patre
1471 4221 1553 4265 est
1590 4211 1644 4264 in
1685 4210 2109 4280 Uuigeuito,ex—

535 4311 806 4384 plicetur;
843 4323 906 4362 ac
926 4308 1181 4376 quoniam
1204 4303 1470 4372 ejusmodi
1497 4303 1864 4372 generationis
1899 4303 2110 4372 species

535 4416 650 4458 non
696 4400 833 4456 satis
867 4399 1024 4468 plene
1053 4405 1266 4466 poterat
1297 4396 1454 4448 nobis
1500 4392 1860 4448 sufﬁcientem
1891 4393 2112 4447 inenar-

538 4490 728 4544 rabilis
741 4486 1356 4556 Unigenitiexsistentite
1368 4483 1744 4552 cogitationem
1761 4481 2076 4551 iugenerare
2093 4501 2106 4537 :

2207 3338 2315 3373 των
2343 3321 2439 3390 τὴν
2468 3321 2619 3390 ὕλην,
2648 3315 2721 3374 ὧν
2747 3321 2874 3372 ἄνευ
2910 3319 3124 3371 πάντων
3171 3319 3203 3387 ὴ
3247 3318 3397 3371 κάτω
3441 3318 3689 3387 γέννησις
3721 3319 3786 3370 ὲκ

2207 3413 2306 3481 τῆς
2332 3411 2544 3480 φύσεως
2591 3412 2651 3463 οὑ
2686 3411 3015 3464 συνίσταται.
3058 3411 3242 3476 Πάσης
3286 3409 3341 3460 δὲ
3386 3409 3486 3478 τῆς
3533 3409 3784 3478 τοιαύτης

2210 3501 2398 3570 ὑλικῆς
2429 3519 2488 3554 τε
2527 3502 2618 3553 καὶ
2644 3501 3078 3571 διαστηματικῆς
3104 3501 3176 3570 μὴ
3212 3499 3782 3570 συμπαραλειφθείσης

2209 3593 2267 3645 ὲν
2307 3595 2371 3662 τῇ
2411 3592 2503 3645 τοῦ
2539 3589 2668 3644 Υἱοῦ
2705 3593 2948 3662 σημασίᾳ
2991 3592 3177 3655 οὐσίας
3202 3608 3216 3620 '
3251 3592 3384 3660 μόνη
3423 3591 3715 3662 ὑπελείφθη
3752 3593 3784 3661 ἡ

2211 3684 2389 3751 φύσις.
2436 3685 2542 3736 Καὶ
2578 3684 2666 3736 διὰ
2705 3683 2860 3736 τοῦτο
2905 3686 2969 3754 τῇ
3016 3683 3108 3736 τοῦ
3145 3683 3269 3735 Υἱοῦ
3312 3685 3461 3752 φωνῇ
3503 3682 3560 3735 τὸ
3593 3683 3786 3734 οἰκεῖον

2211 3773 2302 3822 καὶ
2331 3771 2549 3840 γνήσιον
2585 3771 2681 3838 τῆς
2735 3774 2798 3823 ὲκ
2840 3770 2934 3823 τοῦ
2970 3769 3178 3842 Πατρός
3213 3771 3528 3835 ἀναδείξεως
3560 3773 3650 3823 ὲπὶ
3689 3770 3784 3822 τοῦ

2209 3860 2543 3928 Μονογενοῦς
2581 3861 2960 3932 ἑρμηνεύεται.
3013 3863 3123 3914 Καὶ
3169 3861 3352 3932 ἐπειδὴ
3384 3863 3480 3931 οὑχ
3514 3861 3692 3913 ἱκανὸν
3719 3856 3786 3930 ἦν

2209 3951 2268 4002 τὸ
2298 3949 2535 4002 τοιοῦτον
2572 3950 2672 4018 τῆς
2705 3951 3007 4020 γεννήσεως
3038 3945 3174 4012 εἶδος
3225 3949 3498 4019 ἀρκοῦσαν
3529 3951 3660 4017 ἡμῖν
3691 3950 3787 4016 ἐμ-

2213 4045 2431 4115 ποιῆσαι
2466 4043 2564 4113 τῆς
2590 4044 2827 4115 ἀρρήτου
2868 4043 2960 4097 τοῦ
3011 4043 3348 4110 Μονογενοῦς
3381 4042 3664 4113 ὑπάρξεως
3689 4041 3786 4111 τὴν

2213 4135 2529 4203 φαντασίαν,
2564 4133 3068 4203 συμπεριλαμϐάνει
3109 4135 3199 4187 καὶ
3241 4135 3301 4186 τὸ
3330 4133 3514 4204 ἕτερον
3545 4133 3644 4201 τῆς
3669 4149 3786 4196 γεν-

2211 4226 2418 4294 νήσεως
2442 4220 2577 4292 εἶδος
2622 4223 2756 4293 πρὸς
2787 4223 3058 4293 σημασίαν
3090 4227 3186 4294 τῆς
3207 4224 3298 4276 τοῦ
3333 4223 3455 4276 Υἱοῦ
3489 4222 3783 4289 θεολογίας,
3859 4227 3868 4234 ”

2210 4313 2272 4365 τὸ
2322 4317 2385 4365 ἐκ
2417 4313 2514 4382 τῆς
2547 4314 2734 4383 ὑλικῆς
2762 4313 3079 4387 ἀπορροίας,
3118 4314 3210 4365 καί
3253 4331 3412 4382 φησιν
3429 4312 3786 4380 Ἀπαύγασμα

2211 4400 2386 4470 δόξης,
2419 4400 2511 4483 καὶ
2537 4401 2736 4469 Ὀσμὴν
2771 4400 2963 4470 μύρου,
2998 4407 3086 4453 καὶ
3127 4401 3346 4470 Ἀτμίδα
3377 4400 3530 4464 Θεοῦ,
3558 4401 3698 4470 ειπερ
3733 4402 3786 4450 ὲν

2212 4492 2278 4560 τῇ
2330 4489 2610 4560 ἐκτεθείσῃ
2654 4491 2786 4561 παρ’
2830 4490 2984 4560 ἡμῶν
3040 4491 3354 4563 τεχνολογίᾳ
3398 4494 3430 4562 ἡ
3480 4493 3600 4544 καθ⁶
3643 4493 3786 4562 ἡμᾶς

539 4580 762 4632 alteram
829 4573 1198 4645 generationis
1247 4574 1485 4642 speciem
1541 4572 1608 4624 ad
1647 4571 1766 4625 Filii
1801 4574 2104 4642 signiﬁcant

2217 4579 2470 4648 συνήθεια
2498 4580 2686 4650 ὑλικὴν
2712 4581 3006 4651 ἀπόρροιαν
3037 4583 3308 4651 ὀνομάζει.

538 4673 666 4722 tiam
718 4669 948 4723 assumit
990 4666 1285 4733 theologia.
1330 4664 1451 4732 eius
1517 4679 1712 4732 nempe
1772 4680 1892 4734 qua:
1978 4685 2044 4722 ex
2129 4671 2396 4725 materiali
2444 4674 2785 4726 emanatione
2839 4682 3075 4740 constat;
3135 4681 3188 4728 et
3247 4673 3376 4728 dicit
3437 4672 3786 4741 Splendorem

538 4762 756 4830 gloriae,
805 4759 1038 4815 Odorem
1089 4758 1372 4828 unguenti,
1442 4765 1496 4810 et
1541 4755 1805 4825 Vaporem
1859 4758 1988 4827 Dei,
2037 4779 2155 4832 qua:
2227 4763 2444 4833 quidem
2495 4767 2548 4819 in
2611 4767 2858 4835 exposita
2915 4783 2944 4820 a
2996 4769 3156 4822 nobis
3217 4769 3511 4822 artiﬁciosa
3565 4781 3790 4837 genera-

537 4854 704 4908 tionis
741 4852 1096 4907 distinctione
1143 4851 1490 4902 consuetudo
1547 4857 1730 4900 nostra
1771 4851 2104 4905 materialem
2147 4855 2546 4908 emanationem
2600 4856 2866 4910 nominat.

613 4946 716 5000 Sed
745 4943 1201 5014 quemadmodum
1237 4943 1289 4994 in
1320 4941 1608 5010 prtedictis,
1643 4958 1817 5010 neque
1846 4954 2116 5000 creatura:

539 5037 838 5108 generatio,
872 5051 1048 5104 neque
1094 5033 1215 5087 Filii
1253 5033 1599 5102 signiﬁcatio,
1632 5035 1714 5086 vel
1740 5043 1974 5103 tempus,
2033 5039 2115 5090 vel

542 5122 845 5184 materiam,
879 5122 958 5175 vel
985 5123 1182 5181 locum,
1216 5121 1296 5174 vel
1329 5119 1668 5174 aﬁectionem
1700 5133 2113 5190 commonstrat,

543 5213 623 5266 sic
651 5219 703 5264 ct
733 5211 821 5263 hic
871 5212 1017 5264 omni
1053 5210 1322 5263 materiali
1353 5211 1571 5264 notione
1609 5213 1999 5278 praetermissa,
2029 5231 2118 5267 so-

544 5302 650 5352 lam
707 5300 1014 5368 splendoris
1072 5310 1125 5354 et
1174 5301 1506 5369 reliquorum
1573 5313 2116 5358 conuuemorotorum

545 5391 1020 5461 signiﬁcationem,
1042 5391 1184 5460 quod
1210 5389 1317 5445 Deo
1340 5392 1595 5445 decorum
1623 5399 1704 5444 est
1733 5399 1786 5444 et
1818 5394 1910 5446 tali
1941 5396 2122 5462 specie

544 5481 916 5549 generationis
947 5479 1192 5548 dignum,
1234 5495 1404 5534 sacrm
1427 5479 1722 5549 Scriptum
1758 5497 1938 5536 sermo
1968 5499 2122 5539 assu-

545 5585 700 5624 mens
735 5570 1008 5624 ostendit:
1043 5571 1188 5639 quod
1230 5579 1472 5640 oporteat
1523 5587 1588 5625 ex
1617 5572 1733 5640 ipso
1767 5579 1966 5626 etcum
2003 5575 2120 5643 ipso

545 5662 734 5717 eodem
801 5662 961 5715 modo
989 5677 1082 5731 per
1117 5661 1254 5715 hanc
1285 5661 1539 5716 dictionis
1573 5663 1734 5732 hujus
1768 5663 2120 5734 signiﬁcatio-

627 5841 668 5870 δι
719 5837 858 5892 l‘sal.
889 5852 1110 5906 cxmu,
1147 5839 1203 5893 3.

2308 4949 2445 5002 Ἀλλ’
2497 4949 2686 5021 ὥσπερ
2717 4955 2775 5006 ἐν
2813 4955 2926 5016 τοῖς
2968 4955 3420 5025 προειρημένοις,
3460 4952 3581 5006 οὕτε
3617 4955 3650 5023 ἡ
3693 4954 3791 5020 τῆς

2224 5033 2452 5098 κτίσεως
2483 5035 2754 5104 γέννησις,
2790 5037 2912 5090 οὔτε
2945 5042 2976 5108 ἡ
3009 5039 3101 5092 τοῦ
3135 5041 3262 5093 Υἱοῦ
3300 5041 3566 5110 σημασία,
3601 5043 3632 5110 ἢ
3669 5043 3790 5112 χρό-

2225 5142 2332 5186 νον,
2365 5126 2398 5194 ἢ
2431 5125 2637 5196 ὕλην,ῆ
2671 5127 2851 5190 τόπον,
2883 5129 2914 5200 ῆ
2943 5131 3110 5194 πάθος
3137 5131 3600 5202 συμπαρεδέξατο,
3623 5131 3791 5195 οὕτως

2225 5215 2316 5267 καὶ
2347 5215 2578 5269 ἐνταῦθα
2601 5219 2780 5288 πάσης
2801 5221 2900 5290 τῆς
2927 5222 3110 5291 ὑλικῆς
3141 5223 3346 5286 ἑννοίας
3373 5225 3469 5294 τὴν
3502 5225 3594 5276 τοῦ
3617 5225 3790 5277 ἀπαυ-

2225 5305 2531 5375 γάσματος,
2571 5309 2664 5360 καὶ
2685 5311 2792 5363 τῶν
2825 5311 3027 5364 λοιπῶν
3063 5312 3168 5364 τῶν
3199 5313 3674 5383 μνημονευθέντων
3699 5331 3792 5382 ση-

2229 5397 2429 5465 μασίαν
2470 5400 2658 5468 μόνην,
2689 5401 2746 5452 τὸ
2781 5401 3080 5468 θεοπρεπὲς
3103 5403 3194 5454 τοῦ
3221 5403 3458 5455 τοιούτου
3481 5405 3582 5473 τῆς
3605 5405 3792 5472 γεννή-

2230 5503 2365 5549 σεως
2392 5489 2562 5552 εἴδους
2591 5493 2618 5542 ὁ
2645 5490 2800 5558 λόγος
2827 5493 3157 5562 παραλαϐὼν
3199 5482 3528 5546 ἐνδείκνυται
3551 5513 3562 5523 ·
3601 5497 3659 5547 τὸ
3683 5497 3793 5549 δεῖν

2227 5577 2286 5641 ἐξ
2312 5579 2478 5632 αὑτοῦ
2525 5597 2582 5633 τε
2623 5584 2714 5634 καὶ
2747 5585 2860 5652 μετ’
2904 5583 3066 5636 αὑτοῦ
3109 5585 3248 5638 κατά
3284 5586 3482 5639 ταυτὸν
3515 5587 3788 5648 νοεῖσθαι,

2226 5667 2312 5721 διά
2339 5670 2438 5739 τῆς
2469 5671 2608 5725 κατὰ
2633 5673 2731 5743 τὴν
2764 5673 2908 5738 λέξιν
2947 5674 3143 5745 ταύτην
3173 5677 3478 5745 ἐμφάσεως.
3515 5676 3650 5730 Οὕτε
3683 5679 3792 5752 γὲρ
