4146 6370
397 450 502 508 509

1532 453 1810 510 CONTRA
1850 452 2238 522 EUNOMIUM,
2279 455 2407 509 LIB.
2442 455 2511 509 ιι.

3545 459 3648 514 510

395 568 428 636 ἡ
470 566 635 636 ἀτμὶς
666 565 763 636 τὴν
803 567 883 631 εἰς
915 568 1051 638 ἀέρα
1083 567 1326 638 διάχυσιν
1358 569 1422 621 ἐκ
1468 570 1566 640 τῆς
1601 572 1958 642 ὑποκειμένης

2069 588 2193 628 nem
2223 574 2474 644 intelligi.
2527 571 2711 644 Neque
2775 575 2917 628 enim
2948 590 3110 644 vapor
3139 575 3509 632 'dtn‘usionem
3553 595 3648 648 p.~r

395 657 524 726 ὕλης
549 657 871 727 παρίστησιν
899 672 908 683 ·
935 658 1057 711 οὕτε
1090 661 1122 729 ή
1158 660 1299 731 ὀσμὴ
1327 660 1422 732 τὴν
1453 663 1516 713 ἐκ
1544 662 1642 732 τῆς
1677 663 1957 734 ποιότητος

395 749 488 802 τοῦ
521 748 692 820 μύρου
717 750 1010 822 γινομένην
1033 751 1167 821 πρὸς
1191 752 1282 804 τὸν
1304 752 1442 824 ἀέρα
1469 755 1816 823 μετάστασιν·
1843 755 1966 809 οὔτε

393 843 453 894 τὸ
498 842 836 910 ἀπαύγασμα
873 841 971 912 τὴν
1014 841 1108 895 τοῦ
1157 843 1379 912 ἡλιακοῦ
1433 844 1683 914 σώματος
1726 847 1813 901 διὰ
1858 848 1966 902 τῶν

396 934 626 987 ἀκτίνων
656 934 952 1004 γενομένην
979 934 1295 1004 ἀπόρροιαν.
1343 936 1500 990 Ἀλλὰ
1528 938 1685 992 τοῦτο
1711 940 1866 1010 μόνον
1903 944 1966 995 ὲκ

396 1025 610 1078 πάντων
659 1023 841 1087 καθὼς
866 1026 1079 1096 εἴρηται
1111 1025 1198 1078 διὰ
1227 1026 1321 1079 τοῦ
1365 1027 1607 1082 τοιούτου
1646 1030 1747 1096 τῆς
1779 1034 1966 1103 γεννή-

396 1131 535 1176 σεως
583 1113 784 1184 τρόπου
825 1112 1110 1182 δηλοῦται,
1148 1114 1207 1167 τὸ
1255 1115 1314 1179 ἐξ
1353 1115 1560 1170 ἐκείνου
1607 1136 1666 1171 τε
1705 1116 1965 1175 εἶναικαὶ

398 1204 514 1272 μετ’
556 1204 762 1256 ἐκείνου
806 1203 1044 1257 νοεῖσθαι
1094 1205 1324 1276 μηδενὸς
1358 1205 1723 1278 διαστήματος
1761 1211 1962 1280 μεταξὺ

392 1293 486 1346 τοῦ
522 1295 753 1366 Πατρὸς,
785 1295 878 1347 καὶ
905 1294 998 1347 τοῦ
1025 1295 1082 1360 ἐξ
1106 1295 1267 1349 αὑτοῦ
1304 1298 1700 1368 μεσιτεύοντος.
1747 1302 1962 1373 Ἐπειδὴ

392 1382 479 1435 διὰ
512 1383 733 1436 πλείονα
781 1384 1209 1457 φιλανθρωπίαν,
1245 1388 1278 1457 ἡ
1319 1387 1412 1441 τοῦ
1462 1389 1616 1457 ἁγίου
1652 1390 1964 1462 Πνεύματος

393 1475 552 1545 γάρις
578 1474 905 1544 πολλαχόθεν
933 1476 1065 1546 ἡμῖν
1091 1478 1406 1546 ἐγγενέσθαι
1427 1480 1523 1542 τὰς
1552 1481 1698 1544 θείας
1722 1483 1850 1551 περὶ
1867 1482 1961 1536 τοῦ

394 1567 730 1634 Μονογενοῦς
761 1568 1055 1638 ὑπολήψεις
1082 1569 1475 1640 ᾠκονομήσατο
1494 1588 1508 1603 ο
1537 1572 1844 1643 προσέθηκε
1870 1575 1962 1626 καὶ

391 1659 450 1710 τὸ
482 1659 802 1728 λειπόμενον
832 1659 940 1712 τῶν
965 1661 1023 1712 ὲν
1055 1663 1120 1730 τῇ
1167 1661 1378 1730 γενέσει
1413 1662 1798 1735 θεωρουμένων
1825 1661 1962 1729 εἶδος

390 1750 450 1801 τὸ
480 1751 544 1802 ὲκ
573 1749 666 1802 τοῦ
693 1749 784 1803 νοῦ
815 1750 908 1803 καὶ
933 1750 1024 1803 τοῦ
1054 1751 1212 1818 λόγου
1240 1770 1253 1782 ·
1290 1752 1404 1806 ἀλλ’
1431 1755 1496 1807 ὲκ
1518 1753 1722 1808 τούτων
1757 1754 1960 1812 πλείονι

391 1842 590 1912 χρῆται
622 1845 687 1913 τῇ
731 1843 1040 1914 προμηθείᾳ
1078 1846 1106 1897 ὁ
1137 1844 1338 1914 ὑψηλὸς
1385 1845 1664 1915 Ἰωάννηςο
1705 1847 1844 1901 ὥστε
1887 1849 1961 1921 μὴ

2075 675 2256 715 aerem
2297 677 2364 716 ex
2431 662 2674 731 subjecta
2729 664 2957 717 materia
3004 675 3354 734 repraesentat
3404 687 3418 722 :
3475 685 3648 738 neque

2075 753 2212 807 odor
2237 769 2300 808 ex
2333 754 2595 823 qualitate
2622 755 2882 824 unguenti
2924 770 3018 822 per
3044 770 3222 811 aerem
3267 757 3382 813 ﬁeri
3406 759 3647 830 emigra-

2073 844 2272 898 tionem
2299 844 2558 908 ostendit,
2592 859 2766 913 neque
2790 843 3044 914 splendor
3071 846 3185 900 sive
3225 847 3532 919 ell‘ulgetttia
3559 866 3649 904 so-

2073 933 2203 987 laris
2251 933 2498 1003 corporis
2529 949 2622 1002 per
2644 934 2828 988 radios
2864 935 3058 989 factam
3107 939 3506 992 emanationem
3556 940 3648 994 de-

2071 1032 2358 1079 monstrat.
2402 1023 2507 1080 Sed
2531 1025 2632 1079 hoc
2653 1025 2828 1079 solum
2861 1042 2926 1079 ex
2954 1027 3231 1093 omnibus,
3264 1029 3408 1083 sicut
3437 1029 3644 1084 dictum

2071 1124 2174 1179 est,
2193 1131 2288 1185 per
2309 1117 2468 1170 talem
2489 1117 2856 1186 generationis
2874 1116 3091 1172 modum
3112 1118 3444 1182 declaratur,
3459 1135 3524 1174 ex
3551 1119 3646 1174 illo

2071 1215 2125 1260 et
2156 1223 2278 1260 cum
2313 1209 2403 1261 illo
2427 1207 2654 1278 intelligi
2683 1209 2830 1261 nullo
2862 1208 3148 1262 intervallo
3175 1210 3461 1280 interjecto
3494 1212 3637 1266 inter

2069 1297 2285 1354 Patrem
2318 1308 2372 1354 et
2393 1315 2537 1364 eum,
2572 1300 2662 1369 qui
2689 1315 2749 1354 ex
2776 1300 2895 1370 ipso
2921 1307 3023 1364 est,
3045 1301 3474 1356 conciliatorem.
3495 1302 3644 1368 Quo—

2072 1390 2218 1442 niam
2238 1406 2369 1444 vero
2391 1401 2610 1460 propter
2633 1391 2889 1459 majorem
2921 1392 2974 1444 in
2998 1392 3244 1446 homines
3257 1407 3495 1446 amorem
3516 1408 3642 1448 san-

2077 1481 2148 1533 cti
2174 1479 2411 1550 Spiritus
2432 1482 2600 1551 gratia
2627 1482 2813 1536 multis
2833 1495 2898 1534 ex
2931 1480 3064 1534 locis
3085 1482 3241 1536 nobis
3258 1483 3392 1536 tales
3411 1483 3475 1536 de
3501 1482 3640 1539 Uni-

2068 1572 2250 1642 gcnito
2279 1571 2493 1626 divinas
2542 1575 2789 1626 notiones
2825 1573 3110 1626 informari
3143 1574 3456 1641 procuravit
3491 1589 3504 1624 :
3545 1575 3642 1628 ad—

2063 1662 2270 1731 jecitet
2294 1663 2556 1730 reliquam
2589 1677 2778 1716 eorum
2827 1677 2948 1731 qua:
2988 1662 3041 1715 in
3077 1662 3426 1732 generatione
3453 1664 3638 1717 consi-

2068 1758 2347 1816 derantur,
2409 1754 2643 1822 speciem
2682 1769 2744 1807 ex
2778 1762 2960 1809 mente
3007 1763 3058 1808 et
3079 1754 3280 1809 verbo:
3327 1753 3422 1810 sed
3458 1769 3522 1809 ex
3555 1755 3642 1811 his

2067 1845 2275 1914 majore
2315 1845 2658 1913 pr0videntia
2691 1845 2944 1900 sublimis
3006 1846 3094 1899 ille
3155 1844 3394 1900 Joannes
3448 1847 3636 1911 utitur,

392 1934 495 1986 ὑπὸ
544 1934 759 1996 ἀτονίας
812 1950 872 1985 τε
926 1934 1020 1987 κα)⁴
1072 1932 1434 2004 μικροψυχίας
1485 1940 1819 1990 καταπεσεῖν
1869 1939 1958 1991 τὸν

2064 1935 2136 1987 ita
2167 1944 2225 1989 ut
2251 1951 2428 2004 neque
2460 1935 2673 1988 auditor
2708 1951 2820 2004 prae
2873 1936 3134 2004 languore
3164 1945 3216 1990 et
3243 1935 3423 2005 pusilli
3470 1936 3637 1990 animi

390 2019 656 2073 ἀκούοντα
699 2021 836 2092 πρὸς
875 2021 970 2092 τὴν
1015 2022 1197 2093 κοινὴν
1243 2021 1455 2076 ἔννοιαν
1506 2023 1600 2078 τοῦ
1651 2026 1806 2094 λόγου
1832 2067 1847 2092 ,
1887 2029 1963 2092 ὼς

394 2104 633 2177 φθόγγον
661 2109 753 2162 τοῦ
781 2111 993 2181 Πατρὸς
1020 2111 1108 2164 τὸν
1145 2113 1272 2165 Υίδν
1305 2115 1658 2186 νομισθῆναι·
1692 2117 1781 2170 διὰ
1804 2117 1962 2172 τοῦτο

391 2203 894 2273 προσμαρτυρεῖτῴ
923 2204 1079 2274 Λόγῳ
1119 2203 1180 2258 τὸ
1198 2206 1316 2258 κατ’
1342 2206 1526 2260 οὐσίαν
1570 2202 1707 2262 εἶναι
1733 2211 1791 2262 ἐν
1823 2211 1958 2282 αὑτῇ

389 2294 454 2361 τῇ
487 2291 678 2364 πρώτῃ
713 2293 806 2344 καὶ
853 2294 1095 2364 μακαρίᾳ
1135 2295 1314 2362 φύσει,
1352 2295 1525 2360 οὕτως
1569 2299 1871 2370 ἀναϐοήσας
1902 2301 1962 2353 τὸ

390 2390 653 2456 κήρυγμα
673 2402 684 2415 ·
715 2388 796 2439 ὅτι
835 2387 937 2439 Ἐν
967 2385 1124 2454 ἀρχῇ
1150 2383 1227 2456 ἦν
1253 2391 1285 2440 ό
1324 2389 1513 2458 Λόγος
1551 2390 1648 2444 καί
1676 2392 1826 2459 πρὸς
1856 2392 1962 2446 τὸν

393 2479 678 2531 Θεόνοκαὶ
695 2478 826 2543 Θεὸς
863 2478 1000 2547 φῶς,
1030 2481 1124 2532 καὶ
1154 2480 1265 2551 ζωὴ
1293 2482 1385 2533 καὶ
1414 2481 1590 2534 πάντα
1618 2482 1718 2537 ὅσα
1749 2485 1895 2536 ἐστὶν
1926 2487 1959 2556 ἡ

389 2569 531 2640 ἁρχὴ
561 2571 654 2623 καί
685 2570 843 2633 αὑτὸς
880 2566 968 2638 ἦν.
1000 2570 1200 2624 Τοῦτον
1219 2572 1396 2624 τοίνυν
1423 2571 1513 2626 τὸν
1536 2572 1637 2642 τῆς
1657 2577 1960 2645 γεννήσεως

388 2664 590 2729 τρόπον
623 2663 741 2733 ἦτοι
787 2663 892 2714 τῶν
933 2663 992 2728 ἐξ
1026 2665 1201 2726 αἰτίας
1226 2663 1548 2732 ὑφεστώτων
1569 2664 1624 2716 έν
1649 2683 1709 2717 τε
1748 2659 1814 2737 τῇ
1839 2667 1958 2720 καθ’

389 2756 534 2823 ἡμᾶς
581 2754 836 2826 συνηθείᾳ
870 2755 1306 2825 γινωσκομένων,
1337 2755 1739 2826 διαληφθέντων
1771 2758 1828 2810 δὲ
1865 2759 1959 2811 καὶ

392 2845 539 2915 παρά
565 2846 662 2916 τῆς
691 2847 848 2914 ἁγίας
874 2847 1099 2917 Γραφῆς
1135 2848 1268 2918 πρὸς
1289 2847 1386 2918 τὴν
1416 2848 1523 2900 τῶν
1547 2849 1959 2920 ὑπερκειμένων

387 2938 750 3004 διδασκαλίαν,
782 2939 980 3006 οὕτως,
1017 2940 1091 3002 ὡς
1125 2941 1273 3002 εἰκός
1305 2942 1419 2992 ἐστι
1453 2941 1587 3008 πρὸς
1619 2943 1959 3012 παράστασιν

388 3030 494 3082 τῶν
524 3029 684 3083 θείων
715 3030 1034 3102 ὑπολήψεων
1051 3031 1280 3084 ἕκαστον
1304 3025 1510 3084 τούτων
1532 3032 1769 3095 εὐσεϐῶς
1794 3050 1954 3102 μετα-

387 3120 672 3191 ληφθῆναι.

459 3210 661 3281 Καιρός
698 3210 763 3264 ἂν
795 3210 879 3282 εἴη
914 3212 1243 3282 κατανοῆσαι
1287 3213 1381 3265 καὶ
1421 3211 1516 3265 τοῦ
1558 3212 1822 3283 Εὑνομίου
1865 3212 1957 3268 τὸν

388 3304 544 3371 λόγον
577 3304 669 3356 ἐπὶ
698 3305 852 3356 ποίου
892 3305 1105 3374 δέχεται
1151 3305 1552 3375 σημαινομένου
1577 3305 1676 3375 τὴν
1706 3305 1802 3374 τῆς
1830 3321 1955 3372 γεν-

387 3396 596 3465 νήσεως
622 3394 878 3464 ἔμφασιν.
911 3395 1064 3459 Υίὸν,
1090 3397 1255 3466 φησιν
1279 3435 1292 3456 ,
1323 3395 1614 3462 ἀληθινὸν·
1656 3397 1767 3449 οὐκ
1792 3394 1958 3463 ἀγέν-

386 3503 572 3554 νητον·
589 3488 685 3540 καὶ
722 3485 958 3553 ἀληθῶς
997 3487 1358 3557 γεννηθέντα
1409 3486 1520 3553 πρὸ
1560 3486 1807 3540 αἰώνων.
1845 3485 1956 3557 Τὴν

393 3579 490 3644 μὲν
545 3572 639 3630 οὖν
692 3578 747 3629 ἐν
792 3579 856 3647 τῇ
905 3577 1150 3647 διαστολῇ
1203 3576 1675 3646 κακουργηθεῖσαν
1733 3577 1960 3629 ἀκολου-

389 3667 506 3720 θίαν
549 3665 624 3730 ὡς
668 3667 832 3720 παντὶ
861 3665 1136 3738 γνώριμον
1164 3662 1329 3719 οὖσαν
1355 3665 1750 3736 παραδραμεῖν,
1781 3661 1956 3732 οἶμαι,

390 3755 676 3826 προσήκει.
707 3755 803 3818 Τίς
835 3754 944 3826 γὰρ
974 3755 1074 3808 οὑκ
1102 3749 1241 3806 οἶδεν
1270 3754 1351 3806 ὅτι
1381 3752 1458 3823 τῷ
1501 3753 1599 3823 μὲν
1632 3753 1746 3824 Υἱῴ
1766 3793 1782 3819 ,
1825 3754 1959 3826 πρὸς

389 3848 480 3897 τιιν
508 3844 722 3916 Πατέρα
753 3886 767 3909 ,
800 3845 877 3916 τῷ
906 3847 965 3898 δὲ
984 3844 1224 3915 γεννητῷ
1253 3845 1389 3916 πρὸς
1426 3845 1518 3897 τὸν
1547 3845 1842 3916 ἀγέννητον
1867 3846 1958 3898 οὑ-

395 3954 495 4006 σης
546 3937 643 4007 τῆς
691 3937 1130 4006 ἀντιδιαστολῆς,
1171 3928 1327 4000 οὗτος
1376 3935 1471 3989 τὸν
1508 3935 1728 4006 Πατέρα
1765 3937 1960 4008 παρεὶς

390 4028 809 4082 ἁντιδιαστέλλει
864 4029 940 4098 τῷ
981 4029 1095 4099 Υἰῷ
1129 4029 1218 4081 τὸν
1258 4028 1572 4098 ἀγέννητον.
1608 4029 1755 4092 Δέον,
1802 4031 1959 4101 εἰπερ

388 4118 643 4191 ἀληθείας
672 4122 906 4173 ἐποιεῖτο
932 4121 1206 4191 φροντίδα,
1242 4120 1315 4190 μὴ
1341 4119 1687 4190 παρατρέψαι
1717 4121 1813 4191 τῆς
1837 4137 1961 4190 σχε-

387 4213 543 4281 τικῆς
567 4209 882 4273 ἀκολουθίας
934 4214 1024 4264 τὸν
1054 4211 1209 4279 λόγον
1229 4227 1243 4240 ·
1275 4209 1390 4263 ἀλλ’
1410 4212 1585 4263 εἰπεῖν
1607 4211 1688 4262 ὅτι
1713 4210 1804 4264 τὸν
1832 4211 1958 4265 Υίὸν

388 4301 637 4370 ἀληθινὸν
663 4302 722 4353 οὑ
749 4302 984 4372 Πατέρα.
1041 4301 1196 4354 Οὕτω
1223 4302 1278 4354 δὲ
1301 4301 1366 4354 ἂν
1391 4301 1714 4372 συνδιεσὼθη
1746 4305 1811 4374 τῇ
1831 4304 1959 4356 ἀκο-

390 4393 576 4465 λουθίᾳ
620 4392 714 4445 τοῦ
746 4392 906 4462 λόγου
939 4394 1031 4446 καὶ
1070 4396 1102 4464 ἡ
1137 4393 1404 4458 εὐσέϐεια,
1451 4396 1516 4464 τῇ
1548 4394 1816 4464 διακρίσει
1849 4394 1956 4447 τῶν

388 4486 692 4557 προσώπων
739 4485 812 4556 μὴ
841 4484 1341 4554 συνδιασχισθείσης
1386 4484 1487 4554 τῆς
1522 4483 1754 4552 φύσεως.
1796 4483 1958 4536 Ἀλλὰ

387 4577 485 4646 τὴν
514 4575 685 4646 ἀληθῆ
730 4592 787 4626 τε
823 4576 916 4628 καὶ
946 4574 1219 4645 ἔγγραφον
1261 4574 1352 4628 τοῦ
1395 4575 1606 4644 Πατρὸς
1634 4575 1827 4645 χρῆσιν
1856 4575 1955 4644 τὴν

387 4667 515 4734 παρ’
544 4665 709 4718 αὑτοῦ
747 4664 841 4717 τοῦ
873 4666 1043 4733 Λόγου
1069 4664 1460 4734 παραδοθεῖσαν
1497 4665 1554 4716 ἐν
1581 4665 1658 4734 τῷ
1689 4665 1831 4734 λόγῳ
1855 4667 1954 4734 τῆς

387 4755 623 4818 πίστεως
651 4755 985 4826 ὑπαμείψας,
1038 4755 1330 4823 ἀγέννητον
1355 4754 1474 4806 ἀντὶ
1502 4754 1594 4808 τοῦ
1621 4755 1828 4825 Πατρδς
1852 4772 1953 4808 κα-

385 4847 698 4916 τωνόμασεν
723 4863 736 4877 ·
785 4846 870 4899 ἵνα
902 4844 1143 4916 χωρίσας
1173 4846 1336 4898 αὑτὸν
1369 4847 1468 4917 τῆς
1495 4847 1728 4916 φυσικῆς
1757 4845 1953 4898 ὲνθεω-

389 4935 658 5004 ρουμένης
698 4935 764 5003 τῇ
801 4931 897 4984 τοῦ
957 4933 1168 5002 Πατρὸς
1192 4933 1383 5002 κλήσει
1422 4933 1520 5003 τῆς
1548 4934 1682 5004 πρὸς
1709 4933 1799 4985 τὸν
1826 4934 1953 4985 Υἱὸν

383 5023 736 5093 οἰκειότητος,
788 5024 1136 5093 κοινοποιήσῃ
1172 5024 1308 5093 πρὸς
1337 5024 1513 5078 πάντα
1549 5024 1618 5077 τὰ
1647 5027 1702 5078 έν
1733 5027 1797 5094 τῇ
1833 5025 1950 5076 κτί-·

386 5132 467 5166 σει
499 5115 817 5184 φαινόμενα,
844 5110 925 5176 οἷς
954 5113 1095 5165 κατά
1121 5113 1182 5164 τὸ
1207 5109 1322 5165 ἴσον
1345 5115 1378 5184 ή
1409 5113 1780 5183 ἀντιδιαστολή
1833 5114 1949 5165 ἐστι

385 5207 520 5276 πρὸς
565 5206 623 5258 τὸ
676 5205 988 5275 ἀγέννητον.
1051 5205 1344 5272 Ἀληθῶς,
1388 5207 1560 5275 φησὶ,
1593 5205 1953 5274 γεννηθέντα

383 5298 496 5364 πρὸ
527 5296 774 5351 αίὼνων.
802 5297 960 5367 Παρὰ
999 5297 1142 5361 τίνος
1169 5297 1376 5350 εἰπάτω
1400 5314 1414 5328 ’
1443 5297 1592 5367 παρά
1621 5295 1713 5349 τοῦ
1742 5296 1952 5367 Πατρός

383 5391 498 5458 ἐρεῖ
528 5389 764 5449 πάντως,
807 5389 961 5455 εἴπερ
999 5389 1071 5458 μὴ
1107 5387 1485 5458 ἀναισχυντοίη
1518 5387 1652 5458 πρὸς
1687 5387 1783 5457 τὴν
1813 5387 1948 5454 ἀλή-

384 5478 554 5531 θειαν.
604 5478 738 5531 Ἀλλ’
772 5479 958 5547 ἐπειδὴ
991 5478 1084 5531 τοῦ
1113 5478 1284 5531 ἀϊδίου
1314 5479 1525 5548 Πατρός
1564 5479 1663 5530 οὑκ
1705 5478 1820 5529 ἐστι
1853 5479 1951 5546 τὴν

381 5568 656 5638 ἀῑδιότητα
718 5567 809 5621 τοῦ
871 5568 1000 5621 Υἱοῦ
1058 5569 1386 5639 διαστῆσαι,
1441 5567 1948 5638 συνενδεικνυμένης

382 5658 601 5719 πάντως
627 5659 721 5710 καὶ
745 5658 835 5710 τὸν
860 5657 989 5710 Υἰδν
1019 5657 1118 5726 τῆς
1150 5658 1242 5710 τοῦ
1275 5658 1485 5728 Πατρδς
1518 5657 1819 5728 σημασίας·
1865 5656 1953 5709 διὰ

452 5830 495 5862 ³³
539 5828 694 5884 Joan.
735 5846 769 5894 ι,
818 5831 862 5884 ιΙ.

2062 2024 2438 2078 imbecillitate
2465 2025 2517 2077 in
2547 2039 2890 2079 communem
2922 2026 3191 2080 sermonis
3224 2029 3466 2080 notitiam
3491 2027 3639 2082 deci-

2063 2116 2176 2179 dat,
2195 2118 2274 2173 sic
2296 2125 2355 2171 ut
2372 2117 2541 2174 Filius
2561 2119 2902 2174 existimetur
2934 2135 3102 2174 sonus
3119 2119 3330 2176 Patris:
3356 2131 3637 2190 propterea

2062 2209 2312 2262 attribuit
2349 2208 2544 2272 Verbo,
2581 2219 2640 2264 ut
2681 2227 2775 2280 per
2801 2213 3096 2266 essentiam
3126 2214 3178 2266 in
3220 2214 3334 2282 ipsa
3381 2214 3554 2284 prima
3582 2221 3636 2268 et

2062 2299 2217 2354 beata
2258 2304 2326 2355 sit
2348 2309 2562 2364 natura,
2600 2305 2678 2356 sic
2699 2303 3027 2371 prmeonium
3062 2305 3168 2357 alta
3190 2319 3319 2359 voce
3352 2305 3633 2374 prmfatus:

2065 2387 2131 2443 In
2175 2390 2437 2458 principio
2481 2401 2596 2444 erat
2643 2390 2898 2456 Verbum,
2947 2403 2996 2446 et
3044 2393 3266 2447 Verbum
3333 2404 3447 2446 erat
3497 2394 3637 2462 apud

2061 2477 2229 2532 Deum
2254 2480 2304 2510 ³¹
2343 2499 2357 2534 :
2387 2488 2440 2534 ct
2472 2480 2616 2537 Dcus
2667 2491 2720 2535 et
2745 2481 2835 2536 lux
2871 2491 2925 2536 ct
2954 2488 3059 2537 vita
3089 2492 3142 2537 et
3175 2499 3510 2554 quaecunque
3553 2496 3638 2541 est

2062 2571 2388 2641 principium
2412 2580 2465 2625 et
2493 2573 2666 2642 ipsum
2705 2573 2938 2630 Verbum
2974 2587 3110 2630 erat.
3142 2575 3238 2630 llis
3283 2577 3637 2648 igitur‘gene-

2061 2662 2290 2716 rationis
2323 2673 2377 2716 ct
2415 2678 2600 2718 eorum
2634 2680 2753 2734 qua:
2786 2680 2852 2720 ex
2879 2680 3040 2720 causa
3099 2666 3422 2734 subsistunt,
3459 2668 3637 2726 modis

2060 2769 2125 2809 ex
2150 2763 2340 2810 nostro
2369 2772 2515 2810 more
2540 2759 2792 2828 cognitis,
2830 2767 2882 2812 et
2911 2775 2938 2811 a
2976 2775 3128 2813 sacra
3160 2759 3443 2830 Scriptura
3474 2777 3634 2820 usur-

2060 2847 2202 2915 patis
2231 2856 2276 2901 et
2310 2850 2609 2919 assumptis
2637 2851 2700 2902 ad
2741 2848 3058 2904 tradendam
3111 2865 3294 2904 rerum
3349 2866 3636 2922 suprema-

2061 2953 2180 2990 rum
2205 2939 2533 3005 doctrinam,
2559 2941 2639 2994 sic
2673 2956 2859 2995 eorum
2886 2957 3325 3012 unumquemque
3347 2944 3429 3013 (ut
3458 2943 3634 3015 decet)

2060 3029 2126 3082 ad
2154 3029 2367 3084 divinas
2415 3030 2834 3086 informationes
2891 3032 2943 3085 in
3001 3034 3185 3087 animo
3231 3035 3634 3106 consignandas

2062 3137 2278 3178 sumere
2309 3123 2448 3177 debe
2472 3140 2594 3176 nus.

2134 3212 2237 3268 Sed
2264 3213 2372 3280 iam
2407 3222 2620 3284 tempus
2650 3216 2819 3286 exigit
2881 3224 2939 3270 ut
2979 3215 3226 3270 Eunomii
3261 3232 3443 3271 sermo
3476 3218 3630 3272 intel-

2061 3306 2262 3375 ligatur
2297 3306 2348 3360 in
2373 3322 2482 3375 quo
2503 3306 2807 3377 signiﬁcatu
2830 3308 3195 3378 generationis
3218 3309 3632 3377 appellationem

2060 3396 2308 3464 accipiat.
2371 3395 2602 3458 Filium,
2652 3397 2858 3465 inquit,
2905 3413 3079 3450 rerum
3120 3413 3224 3449 non
3259 3399 3538 3466 ingenitum
3583 3408 3634 3452 et

2058 3502 2174 3539 vere
2202 3486 2432 3556 genitum
2462 3499 2582 3540 ante
2610 3486 2827 3539 swcula.
2881 3485 3012 3552 Quae
3046 3487 3098 3540 in
3143 3487 3493 3544 distinctione
3516 3502 3632 3541 ma-

2057 3577 2204 3647 ligne
2251 3578 2392 3630 facta
2451 3586 2552 3637 est,
2602 3578 3067 3640 consecutionem,
3113 3585 3168 3630 ut
3223 3577 3400 3632 cuivis
3445 3587 3629 3632 notam

2061 3669 2362 3737 praeterire,
2389 3668 2602 3738 Opinor,
2635 3669 2905 3722 convenit.
2942 3668 3076 3732 Quis
3095 3669 3238 3722 enim
3275 3669 3488 3738 ignorat
3506 3683 3630 3723 cum

2059 3754 2230 3810 Filius
2262 3755 2430 3820 Patri,
2471 3766 2522 3809 et
2553 3757 2770 3825 genitus
2823 3756 3064 3826 ingenito
3111 3764 3435 3825 opponatur,
3467 3757 3638 3825 hunc,

2059 3843 2220 3898 Patre
2244 3845 2472 3908 omisso,
2497 3846 2794 3914 ingenitum
2825 3844 2960 3899 Filio
2989 3846 3305 3914 opponere?
3342 3845 3634 3915 Oportebat

2061 3943 2238 3988 autem
2273 3935 2319 3989 si
2356 3935 2521 3987 ullam
2556 3935 2802 3989 veritatis
2835 3950 3020 3988 curam
3055 3937 3356 3999 habuisset,
3398 3939 3634 3992 relativtn

2061 4024 2468 4092 consequentia:
2497 4025 2763 4079 rationem
2789 4040 3132 4095 nequaquam
3185 4036 3512 4096 pervertere,
3535 4029 3630 4083 sed

2060 4116 2243 4170 dicere
2271 4113 2463 4168 Filium
2493 4130 2676 4169 verum
2711 4131 2818 4169 non
2846 4115 3058 4170 Patrem
3095 4133 3110 4170 :
3141 4117 3245 4170 hoc
3271 4118 3432 4172 modo
3457 4119 3632 4188 pietas

2060 4222 2183 4260 cum
2217 4206 2444 4260 rationis
2487 4207 2874 4275 consequentia
2925 4215 3137 4261 servata
3192 4206 3404 4274 luisset,
3425 4219 3479 4264 et
3503 4224 3628 4264 cum

2059 4311 2416 4367 personarum
2471 4296 2805 4350 discretione
2856 4297 3080 4352 minime
3146 4297 3379 4353 discissa
3439 4301 3630 4356 fuisset

2060 4397 2275 4442 natura.
2298 4387 2398 4442 Sed
2425 4388 2549 4451 iste,
2573 4404 2758 4443 verum
2787 4396 2842 4442 et
2871 4390 2923 4442 in
2943 4387 3240 4459 Scripturis
3268 4393 3442 4446 sacris
3468 4409 3630 4448 usur-

2059 4489 2246 4549 patum
2285 4477 2465 4533 Patris
2498 4495 2680 4542 usum,
2713 4489 2765 4533 et
2793 4479 2860 4532 ab
2890 4479 3006 4548 ipso
3039 4477 3217 4535 Verbo
3279 4482 3333 4534 in
3366 4481 3486 4536 ﬁdei
3515 4497 3631 4536 scr-

1987 4582 2030 4636 ι)
2059 4585 2220 4624 mone
2248 4571 2526 4630 traditum,
2546 4579 2880 4640 permutans,
2909 4571 3026 4624 loco
3054 4569 3231 4626 Patris
3257 4571 3393 4626 dixit
3425 4573 3632 4642 ingeni-

2064 4668 2199 4723 tum,
2223 4668 2281 4714 ut
2307 4661 2394 4713 ubi
2421 4661 2597 4729 ipsum
2633 4675 2661 4712 a
2685 4661 2917 4714 naturali
2947 4676 3067 4730 quae
3091 4677 3213 4714 cum
3235 4659 3413 4716 Patris
3446 4664 3630 4730 appel-

2060 4749 2261 4804 latione
2276 4750 2675 4816 consideratur,
2690 4765 2812 4804 cum
2831 4749 2965 4804 Filio
2983 4750 3345 4806 familiaritate
3365 4761 3419 4806 et
3436 4767 3632 4806 conre-

2060 4839 2264 4893 nientia
2317 4848 2643 4910 separasset,
2702 4839 2951 4895 eumdem
3004 4857 3127 4894 cum
3179 4843 3434 4896 omnibus
3467 4843 3631 4897 rebus

2059 4931 2256 4985 creatis
2288 4945 2629 4985 communem
2679 4929 2879 4984 facet-et
2910 4948 2924 4997 ;
2953 4930 3152 4999 quibus
3191 4948 3253 4985 ex
3307 4948 3462 5002 mquo
3496 4949 3628 4987 con-

2060 5023 2225 5075 traria
2264 5020 2567 5075 differentia
2606 5036 2729 5075 cum
2756 5021 2994 5091 ingenito
3025 5021 3293 5074 convenit.
3339 5020 3466 5077 Vere
3504 5024 3628 5092 qui-

2057 5111 2176 5164 dem
2217 5109 2411 5164 asserit
2473 5110 2701 5179 gem‘tum
2729 5121 2848 5164 ante
2875 5109 3084 5172 saecula,
3163 5110 3256 5163 sed
3281 5110 3426 5163 dicat
3457 5127 3486 5164 a
3522 5129 3631 5180 quo

2056 5202 2336 5272 genitum?
2373 5202 2409 5253 A
2449 5200 2610 5255 Patre
2643 5201 2786 5254 dicet
2812 5215 3071 5269 prorsus,
3116 5201 3387 5270 siquidem
3421 5219 3526 5256 non
3561 5204 3628 5257 ad

2056 5292 2339 5346 veritatem
2364 5292 2726 5346 erubesceret.
2758 5290 2862 5344 Sed
2887 5293 3140 5360 quoniam
3161 5294 3229 5346 ah
3249 5305 3454 5348 aeterno
3470 5293 3629 5349 Patre

2059 5383 2179 5438 Filii
2207 5385 2558 5439 aeternitatem
2594 5399 2701 5437 non
2728 5384 2853 5436 licet
2879 5383 3154 5446 divellere,
3180 5385 3306 5452 quia
3338 5384 3518 5438 Patris
3550 5386 3626 5440 si-

2059 5474 2372 5545 gniﬁcantia
2418 5473 2608 5526 Filium
2638 5488 2854 5542 quoque
2887 5489 2993 5526 una
3049 5482 3456 5528 commonstrat:
3493 5490 3620 5543 pro.

2061 5573 2244 5634 pterea
2268 5564 2448 5618 Patris
2475 5565 2834 5634 appellatione
2861 5563 3143 5633 repudiata
3167 5603 3182 5627 ,
3213 5565 3471 5619 transfert
3508 5581 3628 5620 ver-

2060 5657 2187 5711 bum
2221 5655 2287 5710 ad
2319 5656 2640 5726 ingenitum,
2665 5655 2922 5725 quoniam
2956 5655 3119 5726 hujus
3165 5656 3400 5712 nominis
3431 5657 3631 5727 signiﬁ-
