4146 6370
563 488 664 545 5M

1809 487 1864 542 s.
1898 484 2220 543 GREGORII
2252 487 2544 571 missam

3706 486 3811 541 512

560 610 741 656 catum
768 600 970 656 nullam
995 617 1119 656 cum
1146 600 1283 657 Filio
1303 602 1619 657 relationem
1636 612 1689 658 et
1710 605 2125 659 communionen

2248 607 2405 661 τοῦτο
2433 608 2525 661 τοῦ
2555 608 2768 679 Πατρὸς
2789 607 3197 677 ἀποδοκιμάσας
3226 605 3323 677 τὴν
3362 605 3550 675 κλῆσιν
3588 603 3811 675 μετάγει

562 692 778 755 habeat,
811 701 973 760 atque
1026 693 1100 747 ita
1131 692 1473 747 auditoribus
1511 692 1762 747 abductis
1804 708 1834 747 a
1888 696 2140 750 conside-

559 785 732 837 rando
758 781 897 836 Filio
931 784 1089 838 simul
1118 800 1242 839 cum
1278 784 1455 848 Patre,
1494 785 1870 839 immutatione
1902 788 2141 842 nominis

562 874 728 937 facta,
761 876 903 927 viam
947 875 1215 928 maleﬁcio
1247 875 1415 937 dedit,
1445 890 1541 945 per
1588 875 1811 945 ingeniti
1842 876 2139 947 interposi—

559 967 760 1018 tionem
823 965 886 1017 ad
941 966 1271 1034 impietatem
1322 967 1463 1020 viam
1505 974 1781 1021 sternens.
1828 968 1932 1033 Qui
1980 970 2127 1023 enim

558 1056 866 1109 secundum
918 1055 1129 1109 Domini
1170 1066 1501 1127 praeceptum
1547 1058 1602 1111 in
1636 1057 1850 1113 Patrem
1888 1061 2135 1124 credunt,

559 1147 723 1200 simul
784 1155 947 1216 atque
1000 1147 1212 1201 Patrem
1249 1148 1546 1214 audierint,
1605 1160 1785 1204 mente
1823 1154 2140 1220 concipiunt

556 1235 719 1289 e:iam
753 1235 943 1288 Filium
978 1236 1127 1290 nullo
1153 1237 1438 1305 interjecto
1473 1239 1781 1303 intervallo,
1812 1241 2139 1309 cogitatione

558 1330 746 1381 statim
799 1343 828 1379 a
890 1327 1029 1380 Filio
1088 1329 1155 1381 ad
1213 1328 1429 1383 Patrem
1480 1338 1818 1384 transeunte.
1872 1332 1975 1395 Qui
2008 1348 2137 1387 vero

556 1419 738 1472 Patris
804 1420 926 1471 loco
997 1419 1063 1471 ad
1125 1420 1350 1487 ingeniti
1403 1421 1821 1489 appellationem
1876 1424 2135 1487 traducti,

554 1520 774 1565 tenuem
816 1511 977 1579 hujus
1022 1513 1260 1566 nominis
1318 1515 1560 1566 notitiam
1613 1515 1901 1583 recipiunt,
1958 1516 2133 1567 solum

551 1605 697 1673 quod
731 1606 847 1674 ipse
883 1620 992 1657 non
1060 1606 1131 1659 sit
1156 1604 1373 1673 genitus
1403 1603 1706 1667 discentes,
1751 1619 1856 1657 non
1890 1606 2031 1673 quod
2064 1605 2133 1658 sit

553 1698 739 1750 Pater.
804 1696 877 1749 Ex
936 1697 1038 1749 hoc
1093 1705 1276 1750 autem
1342 1696 1701 1750 nihilominus
1762 1697 2131 1766 intelligenter

556 1787 907 1842 audientibus
948 1786 1235 1840 inconfusa
1263 1786 1397 1841 ﬁdes
1442 1795 1645 1848 manet,
1670 1788 1829 1841 etiam
1860 1802 1954 1856 per
1993 1787 2132 1841 hanc

551 1877 854 1929 notionem.
881 1873 1014 1927 Nam
1049 1884 1101 1928 et
1138 1875 1379 1943 genitum
1414 1890 1519 1927 non
1551 1889 1673 1928 esse
1700 1874 1948 1929 similiter
1975 1884 2027 1929 et
2063 1876 2131 1929 de

2242 699 2331 752 rbv
2376 698 2530 767 λόγον
2574 698 2709 769 πρὸς
2776 698 2835 750 τὸ
2882 698 3197 767 ἀγέννητον·
3252 696 3435 765 ἐπειδὴ
3482 695 3672 748 τούτου
3715 694 3810 747 τοῦ

2240 790 2503 858 ὀνόματος
2534 788 2759 857 ἄσχετόν
2793 805 2850 841 τε
2892 789 2991 841 καὶ
3023 786 3384 854 ἀκοινώνητόν
3414 789 3529 840 ἐστι
3560 786 3693 855 πρὸς
3719 786 3810 838 τὸν

2243 876 2373 932 Υἱὸν
2406 879 2467 931 τὸ
2511 878 2927 949 σημαινόμενον.
2969 879 3075 931 Καὶ
3110 877 3282 939 οὕτως
3309 876 3645 946 παραγαγὼν
3682 880 3809 938 τοὺς

2241 966 2537 1030 ἀκούοντας
2588 969 2723 1037 πρὸς
2776 968 2834 1019 τὸ
2880 968 2955 1036 μὴ
3006 966 3330 1036 συνθεωρεῖν
3371 964 3448 1034 τῷ
3495 964 3673 1033 Πατρὶ
3718 963 3810 1015 τὸν

2241 1058 2397 1111 Υἱόν·
2446 1059 2532 1112 διὰ
2568 1058 2667 1127 τῆς
2713 1058 3029 1127 ύπαλλαγῆς
3071 1057 3165 1109 τοῦ
3194 1057 3457 1126 ὀνόματος
3492 1057 3608 1109 ὁδὸν
3642 1055 3809 1107 ἔδωκε

2237 1152 2302 1219 τῇ
2337 1150 2641 1220 κακουργίᾳ
2672 1194 2683 1212 ,
2736 1150 2823 1203 διὰ
2850 1151 2947 1219 τῆς
2975 1149 3068 1203 τοῦ
3113 1149 3410 1219 ἀγεννήτου
3461 1142 3808 1212 παρενθήκης

2237 1242 2494 1294 ὁδοποιῶν
2533 1242 2630 1310 τὴν
2662 1240 2938 1295 ἀσέϐειαν.
2973 1243 3035 1293 Οἱ
3072 1241 3179 1310 γὰρ
3210 1239 3349 1292 κατὰ
3382 1237 3440 1289 τὸ
3482 1234 3804 1305 πρόσταγμα

2235 1331 2329 1382 τοῦ
2381 1333 2648 1383 Δεσπότου
2700 1334 2779 1393 εἰς
2826 1331 2916 1382 τὸν
2950 1331 3169 1399 Πατέρα
3206 1330 3303 1397 τὴν
3344 1326 3524 1378 πίστιν
3558 1322 3804 1391 ἔχοντες,

2235 1424 2369 1493 ὁμοῦ
2398 1424 2471 1492 τῷ
2499 1424 2727 1477 ἀκοῦσαι
2750 1425 2839 1477 τὸν
2857 1425 3076 1493 Πατέρα
3106 1423 3199 1476 καὶ
3230 1422 3320 1473 τὸν
3349 1419 3473 1471 Υἱὸν
3503 1420 3567 1487 τῇ
3599 1412 3805 1482 διανοίᾳ

2238 1516 2745 1585 συμπαρεδέξαντο·
2772 1516 2948 1569 οὐδενὶ
2992 1514 3070 1584 τῷ
3107 1512 3308 1583 μεταξὺ
3343 1510 3670 1577 διαστήματι
3702 1504 3801 1573 τῆς

2233 1607 2467 1669 διανοίας
2491 1608 2596 1661 ἀπὸ
2615 1607 2706 1660 τοῦ
2738 1606 2868 1660 Υίοῦ
2898 1607 3032 1676 πρὸς
3058 1606 3149 1657 τὸν
3192 1602 3411 1673 Πατέρα
3444 1595 3803 1666 κενεμϐατοῦ-

2235 1716 2352 1767 σης.
2389 1702 2449 1753 Oi
2481 1700 2535 1753 δὲ
2564 1701 2683 1753 ἀντὶ
2712 1700 2806 1752 τοῦ
2846 1699 3056 1769 Πατρὸς
3085 1694 3505 1767 παρενεχθέντες
3543 1691 3677 1760 πρὸς
3704 1686 3802 1756 τὴν

2232 1789 2324 1841 τοῦ
2377 1791 2672 1859 ἁγεννὴτου
2722 1789 2931 1859 κλῆσιν,
2979 1789 3139 1859 ψιλὴν
3190 1787 3282 1842 τοῦ
3312 1787 3572 1855 ὀνόματος
3613 1780 3799 1833 τούτου

2235 1881 2701 1951 ἀναλαμϐάνουσιν
2725 1881 2929 1933 ἔννοιαν
2948 1900 2959 1912 ·
2994 1881 3150 1951 μόνον
3177 1882 3237 1933 rb
3266 1879 3339 1949 μὴ
3363 1874 3613 1945 γενέσθαι
3640 1870 3801 1925 αὑτὸν

552 1977 746 2021 natura
780 1970 1018 2020 increata
1048 1966 1269 2019 dicitur.
1328 1968 1627 2020 lncreatum
1654 1978 1831 2021 autem
1885 1984 1947 2020 ex
1977 1986 2125 2036 aequo

2236 1949 2640 2041 διδασκόμενοι,
2669 1971 2728 2024 οὐ
2760 1971 2865 2041 μὴν
2901 1949 3004 2024 καὶ⁷
3022 1973 3082 2024 τὸ
3108 1970 3325 2040 Πατέρα
3349 1964 3504 2020 εἶναι.
3554 1964 3648 2017 Ἐκ
3673 1961 3799 2015 τού-

550 2058 708 2112 i’:.ter
746 2068 797 2111 et.
829 2056 996 2111 Filius
1026 2065 1078 2109 et
1104 2056 1339 2126 Spiritus
1373 2065 1619 2111 sanctus.
1648 2057 1915 2122 Quoniam
1947 2062 2127 2114 omnis

547 2155 800 2202 creatura
829 2155 882 2199 et
921 2146 1200 2200 sensibilis
1246 2152 1298 2199 et
1352 2148 1791 2214 supern‘iundana
1843 2149 1981 2211 (sive
2032 2164 2130 2201 au-

547 2237 740 2307 gelica)
765 2252 831 2290 ex
863 2234 1022 2289 Patre
1050 2244 1102 2289 et
1127 2234 1261 2288 Filio
1285 2242 1338 2288 et
1369 2234 1576 2304 Spiritu
1610 2244 1803 2289 sancto
1826 2237 2128 2292 subsistere

549 2345 615 2382 ex
647 2328 732 2380 his
758 2341 880 2395 quae
900 2327 1099 2381 divinis
1134 2327 1360 2381 vocibus
1391 2335 1759 2381 consentanea
1791 2336 1918 2381 sunt
1958 2330 2130 2382 credi-

550 2427 662 2471 tum
691 2428 796 2472 est.
828 2417 959 2471 Nam
1001 2419 1093 2486 qui
1127 2417 1357 2479 audivit,
1393 2416 1571 2471 Verbo
1599 2415 1689 2471 Dei
1730 2418 1904 2472 caelos
1943 2418 2128 2472 ﬁrma-

545 2518 631 2564 tos
652 2525 795 2574 esse,
822 2516 874 2563 et
903 2508 1112 2577 Spiritu
1134 2508 1245 2560 oris
1266 2509 1386 2574 ejus
1410 2522 1619 2561 onmem
1646 2508 1896 2563 virtutem
1915 2524 2125 2573 eorum,

546 2615 655 2653 non
684 2614 779 2669 per
809 2598 1044 2653 Verbum
1064 2597 1360 2652 dictionem
1381 2599 1619 2666 aliquam
1652 2608 1832 2653 mente
1855 2603 2124 2669 concepit,

546 2705 722 2759 neque
753 2704 847 2758 per
884 2687 1172 2758 Spiritum,
1198 2689 1426 2742 halitum
1463 2689 1787 2757 quemdam;
1824 2690 1919 2743 sed
1956 2689 2124 2745 Deum

546 2778 787 2834 Verbum
857 2789 909 2833 et
950 2780 1039 2834 Dei
1090 2778 1379 2848 Spiritum,
1421 2794 1517 2848 per
1551 2795 1614 2832 ea
1661 2794 1781 2848 quae
1826 2788 1955 2833 sunt
1983 2781 2125 2834 dicta

545 2875 729 2929 animo
776 2872 1070 2942 impressit.
1112 2870 1229 2924 Non
1262 2871 1407 2925 enim
1468 2871 1608 2925 idem
1641 2879 1819 2940 potest
1852 2887 2042 2928 creare
2071 2882 2126 2927 et

544 2966 738 3020 creari.
788 2965 892 3019 Sed
917 2978 1041 3018 eum
1081 2978 1142 3017 ea
1165 2978 1285 3030 quae
1312 2971 1438 3017 sunt
1468 2962 1720 3032 bipertita
1767 2965 1896 3027 sint,
1935 2980 2126 3033 nempe

544 3056 600 3112 in
632 3058 684 3111 id
714 3055 859 3125 quod
898 3054 1027 3109 facit
1055 3061 1107 3107 et
1134 3055 1186 3107 in
1219 3055 1271 3107 id
1297 3054 1441 3123 quod
1479 3053 1551 3118 ﬁt,
1606 3061 1899 3123 utrumque
1933 3064 2124 3109 natura

541 3145 820 3200 diversum
896 3146 1121 3198 alterum
1185 3144 1253 3197 ab
1292 3144 1482 3205 altero,
1529 3144 1600 3196 ita
1637 3155 1695 3197 ut
1731 3146 1874 3213 quod
1911 3147 1987 3209 ﬁt,
2015 3162 2123 3201 non

543 3239 619 3292 sit
676 3240 1001 3305 increatum,
1036 3253 1211 3308 neque
1239 3247 1482 3292 creatum
1514 3238 1567 3292 id
1596 3240 1743 3308 quod
1789 3255 1981 3295 eorum
2003 3255 2123 3308 quae
2148 3277 2193 3336 ο

545 3331 680 3383 ﬁunt
708 3340 958 3385 naturain
985 3330 1176 3394 eﬁicit;
1208 3330 1259 3383 lii
1293 3346 1424 3400 ergo
1470 3330 1560 3399 qui
1596 3332 1894 3384 secundum
1941 3331 2116 3385 domi-

542 3422 719 3476 nicam
758 3421 876 3475 ﬁdei
907 3421 1304 3475 institutionem
1348 3421 1403 3475 in
1440 3421 1660 3475 nomine
1697 3420 1873 3477 Patris
1904 3430 1957 3476 et
1991 3420 2113 3474 Filii

541 3522 597 3568 ct
626 3513 862 3582 Spiritus
892 3512 1066 3567 sancti
1081 3511 1454 3575 crediderunt,
1480 3513 1672 3566 horum
1701 3512 1832 3566 nihil
1875 3513 2117 3581 genitum

542 3620 684 3667 esse,
725 3620 791 3658 ex
830 3620 986 3672 mque
1033 3604 1290 3668 fatentur,
1326 3603 1650 3673 nullumque
1700 3603 1923 3673 ingeniti
1950 3604 2119 3673 signi-

542 3696 762 3749 licatum
792 3709 980 3748 sanam
1011 3693 1168 3747 ﬁdem
1193 3709 1470 3761 perperam
1504 3694 1665 3748 laedit.
1697 3692 2118 3762 Crassipellibus

542 3796 721 3839 autem
745 3792 800 3838 et
823 3785 1112 3839 hebetibus
1144 3801 1245 3839 nec
1286 3787 1423 3839 bene
1452 3785 1752 3853 compaCtis
1781 3792 1835 3838 et
1863 3785 1967 3837 sibi
2028 3799 2119 3836 co-

543 3879 875 3934 haerentibus
896 3879 999 3932 hoc
1032 3894 1228 3933 nomen
1251 3894 1279 3931 a
1311 3895 1446 3933 sano
1474 3893 1724 3933 sermone
1755 3877 2118 3945 perversiouis

541 3971 603 4025 ﬁt
645 3971 1020 4041 primordium.
1059 3970 1177 4024 Non
1231 3972 1373 4025 enim
1431 3984 1618 4024 verum
1677 3970 1838 4036 hujus
1882 3968 2119 4021 nominis

542 4078 765 4118 sensum
796 4062 1180 4131 intelligentes,
1219 4076 1412 4130 nempe
1442 4060 1586 4127 quod
1617 4060 1729 4113 haec
1756 4074 1857 4113 vox
1912 4058 2122 4128 ingeni-

542 4162 656 4207 tum
707 4154 976 4222 signiﬁcat
1021 4155 1194 4207 solum
1233 4168 1339 4205 non
1385 4168 1504 4206 esse
1562 4152 1841 4221 genitum,
1875 4160 1928 4204 et
1975 4150 2120 4218 quod

542 4261 652 4299 non
683 4246 924 4313 genitum
957 4261 1078 4299 esse
1150 4259 1439 4298 commune
1491 4252 1575 4297 est
1617 4246 1670 4294 in
1711 4249 1824 4295 tota
1858 4256 2120 4310 superve—

541 4336 726 4390 niente
758 4344 986 4397 natura,
1026 4336 1227 4389 omissa
1258 4333 1360 4389 ﬁde
1396 4336 1448 4388 in
1508 4333 1743 4393 Patrem,
1783 4348 1978 4385 nomen
2034 4334 2120 4384 in-

540 4426 783 4496 genitum
812 4442 910 4495 pro
943 4425 1101 4480 Patre
1130 4427 1535 4494 pnestituerunt
1561 4443 1573 4479 :
1600 4440 1723 4477 eum
1750 4432 1953 4486 autem,
1978 4425 2122 4477 sicut

541 4517 743 4571 dictum
780 4525 1023 4581 est,cum
1051 4518 1150 4571 hoc
1179 4518 1400 4587 iugeniti
1433 4519 1669 4578 nomine,
1695 4504 1967 4584 Unigeniti
1993 4514 2122 4568 sub-

2234 2082 2323 2117 του
2358 2066 2414 2117 δὲ
2441 2068 2552 2127 τοῖς
2590 2065 2687 2135 μὲν
2728 2064 2962 2127 συνετῶς
2989 2064 3269 2115 ἐπαΐουσιν
3308 2060 3611 2127 ἀσύγχυτος
3652 2054 3799 2125 μένει

2232 2155 2325 2206 καὶ
2372 2155 2459 2206 διὰ
2486 2156 2688 2224 ταύτης
2724 2155 2821 2223 τῆς
2867 2153 3103 2216 διανοίας
3152 2155 3184 2223 ἡ
3233 2152 3435 2212 πίστις.
3473 2148 3545 2201 Τὸ
3586 2148 3694 2217 γὰρ
3725 2144 3797 2215 μὴ

2230 2244 2480 2310 γενέσθαι
2509 2244 2765 2307 ὡσαύτως
2797 2243 2888 2296 ἐπὶ
2920 2244 3018 2311 τῆς
3057 2243 3309 2295 ἀκτίστου
3328 2239 3543 2306 λέγεται
3566 2235 3799 2303 φύσεωςο

2236 2336 2521 2388 ’Ἃκτιστον
2548 2336 2604 2387 δὲ
2638 2335 2776 2389 κατὰ
2802 2335 2863 2387 τὸ
2894 2330 3010 2386 ἴσον
3039 2335 3066 2386 ὁ
3093 2334 3281 2403 Πατήρ
3307 2348 3367 2385 τε
3409 2331 3500 2381 καὶ
3524 2328 3670 2390 Υἱὸς,
3704 2326 3798 2377 καὶ

2227 2426 2289 2478 rb
2319 2425 2540 2496 Πνεῦμα
2562 2427 2622 2480 τὸ
2654 2429 2826 2495 ἅγιον.
2855 2427 3000 2478 Διότι
3033 2426 3180 2477 πᾶσα
3204 2426 3237 2494 ἡ
3268 2423 3443 2484 κτίσις
3474 2420 3702 2489 αἰσθητή
3737 2432 3797 2469 τε

2230 2519 2325 2572 καὶ
2357 2519 2721 2588 ὑπερκόσμιος
2743 2558 2756 2583 ,
2790 2519 2853 2571 ἐκ
2888 2516 3105 2588 Πατρός
3132 2532 3190 2567 τε
3217 2514 3311 2567 καὶ
3341 2511 3469 2565 Υἱοῦ
3513 2510 3604 2563 καὶ
3631 2507 3795 2561 Πνεύ-

2234 2626 2399 2678 ματος
2436 2610 2593 2676 ἁγίου
2625 2609 2723 2678 τὴν
2753 2608 3045 2661 ὑπόστασιν
3074 2606 3218 2675 ἔχειν
3251 2604 3399 2673 παρά
3439 2602 3546 2654 τῶν
3575 2599 3797 2653 ἀκολου-

2230 2700 2465 2754 Θούντων
2515 2702 2631 2763 ταῖς
2670 2700 2840 2762 Θείαις
2885 2701 3089 2767 φωναῖς
3134 2694 3510 2749 πεπίστευται.
3575 2693 3634 2744 '0
3687 2689 3797 2760 γὰρ

2228 2792 2470 2853 ἀκούσας
2502 2792 2583 2844 ὅτι
2615 2790 2692 2860 τῷ
2724 2791 2880 2860 Λόγῳ
2914 2789 3121 2858 Κυρίου
3146 2788 3193 2839 οἱ
3223 2785 3437 2856 οὐρανοὶ
3462 2781 3795 2851 ἐστερεώθη-

2230 2901 2357 2948 σαν,
2390 2885 2482 2936 καὶ
2519 2883 2596 2951 τῷ
2626 2883 2901 2950 Πνεύματι
2936 2881 3032 2932 τοῦ
3073 2880 3339 2948 στόματος
3380 2874 3543 2927 αὑτοῦ
3575 2875 3721 2925 πᾶσα
3758 2872 3791 2932 ἠ

2226 2975 2455 3043 δύναμις
2484 2972 2663 3026 αὐτῶν
2696 2989 2709 3005 ο
2740 2971 2862 3025 οῦτε
2895 2972 3042 3040 ῥῆμα
3086 2969 3175 3021 τὸν
3207 2968 3377 3034 Λόγον
3406 2965 3643 3032 ἐνόησεν,
3672 2961 3795 3014 οὔτε

2226 3061 2409 3133 ἆσθμα
2446 3066 2505 3118 rb
2540 3064 2793 3133 Πνεῦμα·
2835 3062 2964 3119 ἀλλὰ
3010 3062 3101 3114 τὸν
3143 3058 3274 3111 Θεὸν
3311 3059 3501 3124 Λόγον,
3554 3056 3646 3108 καὶ
3699 3052 3794 3105 τοῦ

2226 3155 2358 3208 Θεοῦ
2407 3156 2466 3207 τὸ
2524 3154 2784 3223 Πνεῦμα,
2846 3153 2929 3206 διὰ
2986 3153 3093 3204 τῶν
3159 3151 3460 3221 εἰρημένων
3517 3147 3795 3201 ἀνετυπώ-

2227 3264 2377 3300 σατο.
2418 3247 2492 3299 Οὐ
2546 3246 2766 3297 δύναται
2822 3244 2877 3297 δὲ
2910 3244 2970 3297 rb
3002 3243 3133 3296 αὐτὸ
3165 3244 3257 3296 καὶ
3304 3240 3506 3303 κτίζειν
3556 3238 3649 3292 καὶ
3680 3236 3797 3290 κτί-

2225 3336 2435 3400 ζεσθαι.
2481 3336 2641 3389 Ἀλλά
2678 3336 2800 3405 διχῆ
2834 3334 3251 3404 μεμερισμένων
3281 3332 3387 3384 τῶν
3425 3332 3591 3383 ὄντων
3628 3330 3707 3390 εἰς
3733 3326 3797 3379 rb

2220 3427 2407 3480 ποιοῦν
2452 3445 2511 3481 τε
2538 3428 2713 3482 καὶτὸ
2756 3427 3036 3496 γινόμενον
3063 3445 3074 3458 ·
3106 3425 3219 3479 ἀλλ’
3266 3426 3347 3476 ὅτι
3381 3421 3637 3492 ἑκάτερόν
3678 3421 3795 3472 ἐστι

2218 3521 2285 3589 τῇ
2311 3519 2467 3587 φύσει
2501 3517 2648 3587 παρά
2688 3519 2748 3570 τὸ
2779 3518 2984 3587 ἕτερον,
3013 3517 3087 3579 ὡς
3120 3518 3254 3586 μήτε
3292 3516 3351 3567 rb
3384 3514 3666 3583 γινόμενον
3693 3511 3796 3564 ἄκ-

2218 3626 2397 3662 τιστον
2421 3606 2558 3663 εἶναι
2577 3650 2590 3671 ,
2625 3611 2760 3679 μήτε
2788 3609 3023 3671 κτιστὸν,
3051 3608 3079 3660 ὃ
3111 3608 3209 3678 τὴν
3234 3606 3341 3658 τῶν
3375 3604 3669 3673 γινομένων
3695 3620 3794 3654 κα-

2218 3699 2541 3772 τεργάζεται
2566 3697 2726 3768 φύσιν
2751 3716 2764 3730 '
2798 3702 2906 3762 τοῖς
2937 3700 3034 3767 μὲν
3056 3695 3149 3751 οῦν
3178 3697 3317 3750 κατὰ
3342 3696 3438 3765 τὴν
3472 3693 3793 3761 δεσποτικὴν

2219 3794 2318 3862 τῆς
2364 3793 2597 3854 πίστεως
2649 3791 2861 3845 ἔκθεσιν
2905 3792 2983 3852 εἰς
3027 3790 3085 3842 rb
3127 3790 3294 3857 ὂνομα
3332 3788 3421 3840 τοῦ
3454 3786 3661 3855 Πατρὸς
3702 3785 3793 3837 καὶ

2219 3883 2312 3935 τοῦ
2345 3882 2473 3934 Υἱοῦ
2496 3883 2587 3934 καὶ
2608 3879 2700 3934 τοῦ
2726 3881 2880 3948 ἁγίου
2908 3879 3046 3931 Πνεύ
3056 3895 3223 3947 ματος
3246 3874 3589 3937 πιστεύσασι,
3623 3873 3683 3924 rb
3717 3873 3792 3940 μὴ

2220 3975 2473 4042 γενέσθαι
2518 3991 2569 4025 τι
2609 3973 2812 4026 τούτων
2852 3971 3044 4040 ἐπίσης
3087 3968 3459 4039 ὀμολογεῖται’
3501 3967 3596 4017 καὶ
3640 3964 3793 4016 οὐδὲν

2220 4064 2313 4117 τοῦ
2363 4064 2657 4133 ἁγεννὴτου
2695 4062 2755 4113 τὸ
2813 4061 3206 4130 σημαινόμενον
3271 4056 3648 4127 παραὸλάπτει
3694 4053 3793 4122 τὴν

2222 4153 2569 4222 ὑγιαίνουσαν
2596 4151 2795 4204 πίστιν.
2840 4149 2962 4211 Τοῖς
2993 4149 3049 4201 δὲ
3076 4147 3443 4217 παχυδέρμοις
3483 4144 3575 4196 καὶ
3605 4144 3794 4213 ἀδιαρ-

2222 4242 2447 4313 θρώτοις
2479 4242 2621 4312 ἀρχὴ
2660 4244 2759 4310 τῆς
2786 4240 2891 4293 ἀπὸ
2921 4239 3013 4292 τοῦ
3047 4239 3377 4306 ὑγιαίνοντος
3419 4236 3577 4303 λόγου
3610 4252 3790 4305 παρα-

2220 4334 2425 4403 τροπῆς
2462 4332 2619 4385 τοῦτο
2648 4332 2708 4383 τὺ
2753 4330 2921 4399 ὄνομα
2953 4331 3179 4398 γίνεται.
3238 4328 3328 4399 Μὴ
3374 4327 3641 4389 συνιέντες
3681 4327 3790 4396 γὰρ

2221 4424 2319 4493 τὴν
2355 4423 2529 4491 ἀληθῆ
2559 4421 2653 4474 τοῦ
2698 4421 2957 4490 ὀνόματος
2989 4420 3245 4489 ἔμφασιν,
3288 4419 3370 4470 ὅτι
3406 4419 3564 4489 μόνον
3603 4416 3663 4469 rb
3714 4418 3790 4488 μὴ

2223 4509 2547 4579 γεγενῆσθαι
2588 4510 2839 4578 σημαίνει
2868 4510 2899 4577 ἡ
2930 4508 3021 4559 τοῦ
3052 4510 3346 4577 ἀγεννήτου
3374 4506 3556 4577 φωνὴ,
3587 4506 3677 4558 καὶ
3706 4506 3791 4557 ὅτι

542 4608 816 4669 sistentia,
854 4609 969 4663 sive
1019 4624 1272 4677 persona,
1307 4624 1414 4662 non
1447 4610 1610 4662 simul
1636 4618 1893 4678 appareat
1927 4626 1940 4660 :
1969 4617 2118 4661 certo

2227 4605 2282 4656 rb
2324 4604 2397 4674 μὴ
2428 4601 2679 4670 γενέσθαι
2716 4600 2891 4653 κοινόν
2918 4602 3063 4653 ἐστιν
3098 4602 3190 4651 ἐπὶ
3220 4599 3423 4660 παντὸς
3452 4597 3544 4649 τοῦ
3577 4598 3791 4650 ὑποκει-

538 4701 774 4769 quodam
806 4700 1170 4754 determinato
1212 4702 1485 4769 principio
1517 4700 1633 4753 Filii
1689 4710 1935 4753 naturam
1980 4700 2113 4754 deﬁ-

539 4791 721 4852 niunt,
784 4791 1050 4855 dicentes,
1104 4792 1247 4859 quod
1304 4791 1466 4844 modo
1516 4791 1619 4845 iste
1670 4790 1831 4844 dictis
1890 4790 2109 4858 adjecit,

538 4879 741 4938 Filium
800 4882 1126 4934 nominatum
1172 4898 1275 4935 non
1323 4882 1515 4951 absque
1586 4882 1957 4950 generatione,
1999 4897 2115 4950 qum

536 4988 647 5025 esse
667 4971 945 5027 antecedit.

2224 4696 2386 4765 μένου
2409 4693 2509 4761 τῆς
2532 4692 2793 4754 κτίσεωςο
2826 4691 3053 4759 ἀφέντες
3089 4691 3187 4759 τὴν
3218 4693 3295 4753 εἰς
3330 4692 3417 4744 τὸν
3450 4693 3666 4761 Πατέρα
3698 4694 3788 4744 πί-

2222 4804 2356 4850 στιν,
2378 4787 2437 4838 τὸ
2497 4785 2786 4855 ἀγέννητον
2832 4784 3001 4853 ὄνομα
3052 4783 3171 4835 ἀντὶ
3213 4784 3305 4835 τοῦ
3372 4784 3581 4854 Πατρὸς
3626 4802 3790 4853 προε-

2225 4879 2522 4948 στήσαντο·
2563 4877 2637 4947 μὴ
2675 4875 3166 4944 συνεκφαινομένης
3194 4874 3284 4939 δὲ,
3328 4874 3508 4938 καθὼς
3542 4874 3791 4944 εἴρηται,

2220 4966 2298 5037 τῷ
2318 4966 2541 5035 ὀνόματι
2572 4965 2745 5035 τούτῳ
2772 4964 2867 5034 τῆς
2908 4963 3000 5017 τοῦ
3035 4963 3372 5031 Μονογενοῦς
3403 4964 3751 5029 ὑποστάσεως
3771 5023 3793 5052 ’

537 5063 645 5117 ἀπό
700 5081 845 5128 τινος
885 5065 1197 5137 ὡρισμένης
1241 5066 1414 5136 ἀρχῆς
1457 5062 1696 5135 ὁρίζουσι
1739 5063 1831 5116 τοῦ
1881 5063 2008 5116 Υἱοῦ
2050 5064 2111 5116 rb
2149 5058 2322 5125 εἶναι,
2351 5061 2619 5129 λέγοντες,
2650 5060 2783 5130 ὅπερ
2814 5058 2907 5111 νῦν
2932 5052 3086 5119 οὗτος
3121 5060 3232 5121 τοῖς
3266 5058 3579 5129 εἰρημένοις
3620 5078 3791 5131 προσ-

537 5151 722 5223 έθηκεο
746 5154 825 5217 rb,
843 5157 961 5208 Οὐκ
987 5156 1133 5209 ἄνευ
1153 5156 1263 5223 τῆς
1282 5157 1392 5223 πρὸ
1417 5154 1520 5207 τοῦ
1554 5151 1704 5207 εἶναι
1726 5154 2062 5223 γεννήσεως
2105 5151 2543 5223 ὀνομαζόμενον
2580 5153 2737 5204 Υἱόν.

608 5245 864 5312 Quantam
926 5248 1038 5301 haec
1073 5263 1263 5302 rursus
1312 5245 1621 5317 prodigiosa
1656 5245 1987 5299 afﬁrmatio?
2025 5246 2106 5298 Au

536 5336 715 5392 nescit
737 5351 793 5390 se
818 5336 883 5390 de
906 5335 1014 5390 Deo
1036 5338 1197 5391 verba
1224 5335 1440 5391 facere?
1462 5334 1553 5405 qui
1586 5344 1671 5389 est
1687 5337 1739 5388 in
1758 5335 2031 5405 principio
2056 5344 2110 5389 et

538 5433 593 5486 in
628 5432 789 5486 Patre
835 5432 958 5487 est?
999 5447 1099 5485 nec
1128 5439 1208 5485 est
1251 5430 1633 5500 omninoquod
1666 5438 1794 5483 tunc
1825 5444 1933 5482 non
1963 5428 2111 5482 erat?

536 5526 917 5593 ignoratquod
949 5524 1099 5578 dicit.
1138 5523 1280 5577 Nihil
1311 5523 1377 5577 de
1421 5522 1603 5592 aliquo
1638 5520 1979 5585 afﬁrmatur;
2014 5518 2109 5572 sed

536 5626 794 5687 tanquam
816 5616 1090 5669 hominum
1110 5615 1341 5683 alicujus
1362 5613 1731 5685 genealogiam
1755 5612 2109 5674 describeret,

537 5721 659 5775 quae
720 5706 936 5773 proprie
990 5704 1246 5758 dicuntur
1291 5704 1358 5758 de
1406 5710 1601 5757 natura
1658 5700 1937 5764 inferiore,
2000 5700 2112 5753 haec

540 5797 718 5849 omnis
741 5804 1006 5850 creaturae
1034 5795 1260 5849 Domino
1293 5796 1550 5865 adaptare
1580 5803 1633 5848 et
1663 5794 1917 5862 atlingere
1945 5806 2116 5844 cona-

541 5894 647 5939 tur.
685 5886 920 5956 Exempli
952 5888 1143 5957 gratia,
1176 5888 1369 5942 lsmael
1400 5902 1506 5941 non
1538 5892 1653 5941 erat
1705 5894 1828 5959 ante
1879 5898 2108 5959 genera-

2289 5244 2384 5305 Τίς
2410 5242 2549 5310 αῦτη
2579 5242 2740 5294 πάλιν
2774 5243 2806 5310 ή
2838 5241 2967 5311 κενὴ
3000 5243 3289 5312 τερατείας
3326 5238 3467 5311 1’Λρα
3501 5241 3789 5293 ἐπίσταται

2216 5338 2297 5389 ὅτι
2325 5337 2452 5406 περὶ
2478 5334 2613 5387 Θεοῦ
2644 5338 2877 5387 ποιεῖται
2904 5334 2993 5387 τὸν
3016 5335 3207 5401 λόγον;
3243 5333 3349 5386 Τοῦ
3385 5336 3442 5385 ὲν
3471 5334 3609 5403 ἀρχῇ
3639 5332 3791 5393 ὄντος

2218 5428 2314 5480 καὶ
2340 5428 2397 5479 ὲν
2419 5425 2495 5496 τῷ
2528 5426 2700 5494 Πατρὶ
2730 5425 2914 5489 ὅντος;
2945 5426 3051 5478 Καὶ
3074 5426 3173 5477 οὐκ
3198 5424 3343 5477 ἔστιν
3371 5425 3457 5476 ὅτε
3482 5425 3581 5475 οὐκ
3602 5422 3785 5483 δντοςς

2218 5519 2333 5571 Ούκ
2370 5514 2510 5569 οἶδεν
2545 5518 2573 5570 ὃ
2601 5517 2771 5585 λέγει.
2806 5518 2970 5569 Οὐδὲν
3013 5518 3138 5588 περί
3175 5534 3318 5579 τινος
3358 5517 3748 5586 διῖσχυρίζεται
3774 5555 3789 5577 ,

2220 5608 2332 5662 ἀλλ’
2363 5607 2439 5670 ὥς
2459 5625 2579 5661 τινα
2611 5607 2719 5660 τῶν
2767 5606 3071 5677 ἀνθρώπων
3099 5608 3453 5676 γενεαλογῶν,
3490 5607 3557 5660 τὰ
3587 5608 3792 5678 κυρίως

2220 5704 2314 5755 ἐπὶ
2341 5702 2439 5771 τῆς
2474 5702 2624 5753 κάτω
2657 5700 2926 5769 λεγόμενα
2959 5700 3205 5768 φύσεως,
3248 5700 3419 5753 ταῦτα
3458 5701 3790 5770 ἐφαρμόζειν

2220 5794 2474 5862 πειρᾶται
2518 5791 2595 5861 τῷ
2638 5792 2881 5863 Δεσπότῃ
2925 5791 3104 5860 πάσης
3153 5791 3253 5861 τῆς
3308 5792 3554 5859 φύσεως·
3602 5795 3629 5844 ὁ
3683 5792 3791 5860 γὰρ

2229 5885 2471 5955 Ἰσμαὴλ,
2486 5886 2616 5955 φέρε
2639 5886 2831 5948 εἰπεῖν,
2846 5884 2942 5937 οὐκ
2961 5879 3027 5954 ἦν
3049 5883 3154 5952 πρὸ
3169 5884 3265 5952 τῆς
3280 5885 3356 5947 εἰς
3374 5883 3432 5937 rb
3449 5877 3586 5938 εἶναι
3602 5883 3793 5953 γεννή-
