4146 6370
357 283 460 338 515

1481 280 1758 334 CONTRA
1814 280 2204 350 EUNOMIUM,
2247 285 2374 341 LIB.
2417 286 2481 342 ll.

3495 288 3600 340 5H

359 415 516 462 σεως.
562 393 670 451 Ἦν
706 396 765 450 δὲ
801 396 904 468 πρὸ
935 397 1036 467 τῆς
1076 397 1379 469 γεννήσεως
1408 397 1588 450 αὐτῶν
1617 397 1832 460 πάντως
1869 397 1928 451 16

2034 403 2261 466 tionem,
2296 417 2417 471 quae
2451 411 2508 456 ut
2557 400 2648 456 hic
2676 408 2845 463 esset,
2899 400 3046 456 fecit.
3083 399 3212 455 Erat
3252 408 3430 457 autem
3475 412 3602 458 ante

356 490 605 560 χρονικὸν
652 489 794 557 λέγω
845 489 1141 558 διάστημα.
1211 489 1335 541 Ἐπὶ
1359 487 1415 540 δὲ
1467 487 1560 540 τοῦ
1617 488 1714 558 τῆς
1767 488 1924 557 δόξης

355 581 820 650 ἀπαυγάσματος,
870 580 932 631 16
969 579 1075 649 πρὸ
1113 580 1208 632 καὶ
1253 577 1314 631 16
1359 578 1499 648 μετά
1533 577 1692 630 τοῦτο
1739 577 1925 649 χώραν

354 672 453 725 οὐκ
484 672 616 740 ἔχει.
644 671 756 742 Πρὸ
781 671 889 739 γὰρ
923 669 1016 722 τοῦ
1056 669 1488 739 ἀπαυγάσματος
1529 668 1746 732 πάντως
1773 669 1926 722 οὐδὲν

355 764 388 833 ἡ
419 763 543 827 δόξα
571 759 658 833 ἦν.
702 762 866 832 Ὀμοῦ
887 762 996 832 γὰρ
1022 761 1100 830 τῷ
1119 758 1376 831 εἶναιτὴν
1398 761 1575 826 δόξαν,
1612 761 1927 830 συνεκλάμ-

355 872 445 907 πει
474 857 690 917 πάντως
714 854 808 907 καὶ
829 853 891 906 16
919 853 1258 921 ἀπαύγασμα
1281 870 1293 882 ·
1337 853 1431 906 καὶ
1463 851 1840 921 διαζευχθῆναι
1867 851 1928 904 16

354 946 539 1014 ἕτερον
573 945 666 998 106
696 944 881 1015 ἐτέρου
913 943 1072 1012 φύσιν
1095 944 1192 996 οὐκ
1224 944 1356 1014 ἔχει.
1392 943 1527 998 Οὔτε
1554 944 1779 998 δυνατόν
1811 945 1926 996 ἐστι

356 1035 462 1106 πρὸ
489 1035 581 1088 106
625 1036 1056 1104 ἀπαύγασμα-τος
1097 1035 1182 1103 ἐφ’
1221 1035 1416 1105 ἑαυτῆς
1453 1035 1551 1105 τὴν
1579 1034 1732 1099 δόξαν
1777 1035 1924 1090 ἰδεῖν.

367 1124 618 1193 Ἀλαμπῆ
641 1125 749 1194 γὰρ
771 1125 864 1178 καὶ
889 1125 1093 1194 τυφλὴν
1112 1127 1194 1193 ἐφ’
1217 1125 1414 1194 ἑαυτῆς
1435 1121 1572 1176 εἶναι
1595 1126 1930 1180 κατασκευὰ-

355 1213 437 1278 ζει
478 1214 575 1284 τὴν
606 1213 762 1278 δόξαν
809 1216 838 1267 6
875 1215 1030 1266 10610
1075 1214 1284 1282 λέγων·
1329 1215 1402 1285 μὴ
1457 1214 1928 1285 συνεκλάμποντος

355 1304 491 1372 αὐτῇ
537 1302 630 1355 106
673 1303 734 1367 ἐξ
778 1303 947 1373 αὐτῆς
982 1303 1433 1374 ἀπαυγάσματος.
1468 1303 1615 1374 Αὕτη
1664 1304 1719 1356 δὲ
1755 1306 1789 1374 ὴ
1827 1304 1929 1374 τῆς

355 1394 619 1464 αἱρέσεως
646 1411 813 1448 κακον
824 1395 970 1464 ργία,
1001 1395 1089 1449 ἵνα
1109 1395 1196 1448 διὰ
1229 1395 1338 1447 τῶν
1369 1395 1498 1464 περὶ
1521 1393 1615 1447 τοῦ
1640 1381 1926 1465 ἀνθρώπου

355 1488 656 1556 νοουμένων
693 1503 751 1538 τε
777 1486 872 1538 καὶ
899 1485 1204 1556 λεγομένων
1247 1487 1602 1556 ἀποστήσωσι
1635 1487 1726 1538 τὸν
1756 1488 1929 1539 Μονο-

355 1578 484 1646 γενῆ
513 1577 642 1628 Θεὸν
669 1577 766 1644 τῆς
810 1575 947 1647 πρὸς
985 1576 1074 1628 τὸν
1110 1577 1330 1646 Πατέρα
1362 1576 1632 1646 ένότητος.
1656 1575 1754 1629 Διά
1773 1576 1930 1651 10616

357 1682 540 1733 φησιν,
573 1661 679 1734 Πρὸ
701 1665 800 1734 τῆς
825 1666 904 1726 είς
929 1665 988 1717 16
1020 1661 1159 1716 εἶναι
1183 1667 1488 1734 γεννήσεως
1539 1666 1640 1717 οὐκ
1676 1661 1743 1736 ἦν
1769 1665 1926 1732 Υἱός·

2025 507 2212 546 eorum
2276 493 2684 564 generationem
2715 508 2942 564 prorsus
2997 493 3142 562 quod
3206 493 3467 562 temporis
3518 506 3601 548 est

2025 582 2150 638 dico
2206 584 2574 638 intervallum.
2604 585 2674 637 At
2707 584 2762 637 in
2789 583 2976 652 gloria:
3017 583 3306 653 splendore
3336 587 3599 653 prmposi-

2025 676 2202 729 tiones
2236 675 2336 736 hae,
2372 684 2517 739 ante,
2546 683 2599 729 et
2629 683 2774 744 post,
2807 675 2987 729 locum
3035 691 3142 727 non
3173 673 3392 728 habent.
3426 672 3604 744 Siqui-

2027 765 2149 820 dem
2179 775 2304 821 ante
2328 767 2669 836 splendorem
2697 765 2869 838 gloria
2897 766 3028 820 nihil
3065 775 3181 819 erat
3217 785 3231 820 :
3264 767 3423 820 simul
3454 766 3597 821 enim

2026 863 2188 925 atque
2217 857 2386 926 gloria
2432 857 2663 920 exstitit,
2701 871 2923 926 prorsus
2979 862 3032 910 et
3073 854 3274 910 effulsit
3323 855 3602 925 splendor,

2027 962 2129 1001 nec
2159 948 2386 1001 alterum
2415 949 2484 1002 ab
2522 949 2694 1003 altero
2720 956 2915 1001 natura
2944 945 3296 1017 disiungitur.
3333 945 3441 1000 Nec
3475 956 3602 1000 ante

2029 1038 2367 1108 splendorem
2402 1040 2572 1110 gloria
2607 1039 2661 1093 in
2689 1040 2867 1109 seipsa
2897 1038 3010 1092 ullo
3031 1053 3257 1108 prorsus
3289 1037 3448 1092 modo
3467 1052 3602 1092 con-

2028 1129 2164 1198 spici
2225 1129 2420 1198 potuit.
2481 1126 2780 1183 Obscuram
2807 1129 2952 1182 enim
2999 1137 3053 1181 et
3087 1127 3361 1180 caecamin
3415 1126 3598 1196 seipsa

2027 1220 2254 1289 gloriam
2280 1235 2400 1274 esse
2433 1228 2641 1274 astruet
2661 1259 2676 1284 ,
2705 1220 2796 1289 qui
2832 1218 2966 1273 dicit
2991 1219 3114 1284 hoc,
3146 1234 3256 1272 non
3279 1217 3442 1273 simul
3475 1232 3598 1271 cum

2029 1311 2145 1380 ipsa
2181 1311 2468 1380 eﬁ‘ulgente
2507 1326 2572 1364 ex
2626 1311 2744 1380 ipsa
2776 1309 3068 1379 splendore
3106 1328 3118 1362 :
3164 1309 3277 1363 haec
3305 1317 3389 1364 est
3433 1308 3603 1364 haere-

2029 1416 2153 1456 seos
2175 1400 2443 1454 calumnia
2479 1408 2535 1454 et
2564 1400 2902 1469 improbitas,
2945 1406 3002 1452 ut
3038 1415 3133 1470 per
3157 1415 3218 1453 ea
3243 1414 3364 1469 quae
3398 1399 3465 1454 de
3499 1399 3600 1452 ho-

2030 1494 2174 1547 mine
2193 1503 2247 1546 et
2272 1493 2649 1562 intelliguntur
2670 1501 2724 1547 et
2749 1492 3028 1557 dicuntur,
3057 1490 3406 1562 Unigenitum
3433 1490 3599 1546 Deum

2031 1584 2100 1639 ab
2138 1586 2340 1641 unitate
2360 1602 2479 1642 cum
2503 1583 2657 1638 Patre
2679 1585 3014 1640 abstrahant.
3035 1583 3244 1639 Idcirco
3267 1583 3454 1638 dicunt
3477 1591 3604 1638 ante

2029 1674 2428 1744 generationem
2486 1689 2606 1743 quae
2637 1690 2759 1730 esse
2804 1675 2982 1740 eﬁicit,
3014 1673 3201 1727 Filium
3239 1689 3344 1728 non
3409 1673 3595 1729 fuisse.

354 1757 403 1808 οἱ
441 1757 496 1808 δὲ
541 1756 648 1810 τῶν
698 1757 867 1826 κριῶν
921 1757 1066 1818 υἱοὶ,
1101 1749 1176 1810 ὧν
1211 1761 1240 1810 ό
1286 1757 1574 1826 Προφήτης
1623 1757 1926 1827 μέμνηται,

2034 1766 2274 1817 Arietum
2302 1763 2643 1833 ﬁliiquorum
2664 1766 2909 1819 meminit
2931 1765 3279 1835 Propheta”,
3306 1780 3412 1818 non
3438 1777 3487 1818 et
3519 1765 3598 1818 illi

354 1847 474 1916 οὐχὶ
504 1850 745 1900 κάκεῖνοι
770 1845 910 1917 μετὰ
941 1848 1003 1900 16
1027 1846 1280 1915 γενέσθαι
1302 1846 1595 1900 καλοῦνται
1623 1847 1728 1900 υἱοί
1753 1865 1766 1913 ;
1793 1849 1929 1918 ὅπερ

354 1934 447 1991 οὖν
477 1941 586 2000 τοῖς
624 1938 756 2001 υἱοῖς
788 1937 898 1990 τῶν
929 1936 1099 2008 κριῶν
1129 1939 1290 2008 ἐνορᾷ
1317 1941 1344 1991 6
1377 1938 1532 2006 λόγος
1555 1977 1570 2000 ,
1605 1937 1665 1990 τὸ
1706 1937 1812 2008 πρὸ
1833 1939 1932 2008 τῆς

355 2033 434 2093 είς
455 2030 514 2081 16
534 2026 672 2081 εἶναι
698 2030 1004 2098 γεννήσεως
1046 2028 1119 2098 μὴ
1141 2024 1280 2080 εἶναι
1312 2029 1512 2092 αὐτοὺς
1549 2029 1695 2090 υἱοὺς
1717 2029 1891 2099 κριῶν
1917 2046 1930 2059 ’

354 2116 512 2168 10610
536 2116 628 2168 νῦν
650 2119 677 2169 6
698 2117 891 2184 σεμνὸς
927 2116 1173 2185 θεολόγος
1199 2116 1482 2185 ἀνατίθησι
1510 2117 1586 2187 τῷ
1611 2119 1801 2188 ποιητῇ
1823 2116 1932 2169 τῶν

354 2207 562 2261 αἰώνων
590 2209 684 2260 καὶ
705 2209 884 2278 πάσης
914 2209 1010 2278 τῆς
1033 2208 1282 2273 κτίσεως,
1307 2208 1383 2278 τῷ
1403 2208 1493 2261 τὸν
1514 2208 1682 2260 ἀΐδιον
1710 2209 1928 2278 Πατέρα

355 2301 414 2352 ὲν
444 2298 621 2369 ὲαυτῷ
640 2299 836 2368 ἔχοντι,
861 2299 954 2351 καὶ
974 2300 1032 2350 ἐν
1063 2301 1128 2369 τῇ
1150 2297 1242 2351 106
1269 2298 1480 2368 Πατρδς
1503 2299 1763 2369 ἀῖδιότητι
1794 2299 1927 2353 θεω-

358 2392 628 2462 ρουμένῳ,
652 2390 832 2454 καθὼς
852 2391 1010 2450 αὑτός
1031 2407 1193 2459 φησιν
1219 2429 1232 2452 ,
1273 2391 1352 2443 61:
1389 2389 1536 2458 Ἐγὼ
1555 2390 1625 2442 ἐν
1643 2390 1722 2456 τῷ
1746 2389 1927 2457 Πατρὶ

357 2483 457 2536 καὶ
485 2486 519 2536 ὀ
550 2481 752 2549 Πατὴρ
791 2481 863 2534 ἐν
888 2481 1040 2549 ἐμοί.
1085 2479 1226 2532 Ἀλλ’
1255 2481 1302 2533 οί
1334 2481 1409 2550 μὴ
1438 2481 1722 2550 δυνάμενοι
1748 2481 1844 2550 τὴν
1869 2482 1927 2534 ἐν

355 2576 434 2648 τῷ
455 2576 598 2646 λόγῳ
628 2577 961 2647 κακουργίαν
985 2575 1282 2644 ὲφορᾶσθαι
1301 2616 1314 2637 ,
1353 2575 1488 2645 μηδέ
1526 2593 1648 2628 τινα
1675 2575 1768 2629 τοῦ
1794 2577 1926 2628 ἁκοο

356 2668 545 2721 λούθου
579 2667 904 2737 κατανόησιν
929 2665 1366 2734 πεπαιδευμένοι,
1404 2667 1515 2729 τοῖς
1535 2665 1928 2735 ἀσυναρτήτοις

355 2761 567 2822 τούτοις
609 2757 1025 2821 ἀκολουθοῦσιν,
1081 2758 1156 2821 ὡς
1204 2757 1494 2810 ἀκόλουθον
1543 2757 1820 2828 δεχόμενοι
1864 2757 1927 2810 16

357 2854 564 2914 τούτοις
588 2851 967 2921 προκείμενον.

425 3030 562 3100 Φησὶ
594 3028 723 3098 γὰρ,
748 3028 828 3080 61:
871 3027 989 3096 πρὸ
1028 3027 1232 3095 πάσης
1261 3026 1371 3094 τῆς
1406 3026 1659 3091 κτίσεως
1693 3025 1933 3095 γενόμε-

356 3134 504 3174 νον-ο
554 3119 648 3172 καὶ
695 3118 883 3188 ὥσπερ
924 3117 1023 3169 οὐκ
1057 3115 1332 3186 ἀρκούσης
1373 3117 1472 3184 τῆς
1524 3113 1704 3183 φωνῆς
1730 3112 1931 3182 ταύτης

361 3212 495 3282 πρὸς
533 3210 754 3276 ἔνδειξιν
796 3210 894 3280 τῆς
947 3207 1230 3270 ἀσεϐείας,
1281 3205 1559 3278 ἐφεδρεύει
1614 3205 1692 3274 τῷ
1735 3205 1931 3275 ἐφεξῆς

357 3304 502 3373 λόγῳ
543 3302 642 3372 τὴν
689 3300 1032 3372 βλασφημίαν
1082 3298 1288 3364 εἰπὼν,
1338 3299 1418 3352 61:
1481 3299 1590 3351 οὐκ
1624 3296 1928 3351 ἀκτιστον.

360 3395 484 3458 Πῶς
513 3391 605 3447 οὖν
655 3392 906 3464 ὀνομάζει
939 3392 1064 3444 Υίὸν
1097 3391 1344 3460 ἀληθινὸν
1379 3389 1468 3442 τὸν
1513 3389 1611 3442 οὐκ
1643 3388 1928 3453 ἇκτιστον;

359 3488 419 3540 Εἰ
448 3489 554 3557 γὰρ
578 3486 664 3539 τὸν
691 3485 905 3538 κτιστὸν
949 3483 1061 3535 υἱὸν
1111 3481 1360 3552 ἀληθινὸν
1404 3481 1582 3548 λέγειν
1622 3480 1890 3550 προσήκει
1913 3493 1927 3506 ⁶

360 3578 609 3647 ἀληθινὸς
649 3578 762 3641 υίὸς
819 3576 912 3630 καὶ
949 3578 977 3629 6
1009 3574 1232 3644 οὐρανὸς
1261 3573 1477 3634 πάντως
1511 3571 1624 3624 ἐστί
1648 3587 1662 3600 ·
1706 3571 1800 3624 καὶ
1824 3570 1932 3640 γὰρ

359 3672 518 3734 αὐτὸς
546 3670 644 3722 οὐκ
673 3668 923 3730 ἄκτιστός
953 3671 1118 3719 ἐστιν.
1143 3663 1328 3726 Οὕτως
1353 3662 1603 3731 ἀληθινὸς
1641 3661 1755 3723 υίὸς
1785 3662 1879 3715 καὶ
1903 3663 1932 3713 6

358 3764 526 3835 ἥλιος,
559 3764 651 3815 καὶ
674 3763 848 3815 πάντα
876 3762 974 3814 ὅσα
1001 3761 1033 3828 ἡ
1063 3758 1239 3819 κτίσις
1265 3757 1374 3826 ἔχει
1412 3755 1582 3824 μικρά
1609 3769 1668 3804 τε
1699 3753 1790 3806 καὶ
1817 3753 1933 3823 μεί-

360 3852 510 3920 ζονα,
543 3855 640 3923 τῆς
667 3851 758 3905 106
793 3849 1046 3920 ἀληθινοῦ
1081 3848 1209 3901 Υίοῦ
1248 3844 1615 3916 προσηγορίας
1645 3842 1768 3906 ἄξια
1799 3843 1934 3896 πάν-

359 3965 467 4009 τως
501 3945 665 3998 ἐστίν.
718 3943 842 4006 Πῶς
883 3943 940 3995 δὲ
988 3936 1440 4008 λέγειΜονογενῆ
1487 3935 1577 3987 τὸν
1610 3935 1928 4004 γενόμενον;

362 4040 545 4092 Πάντα
571 4037 680 4107 γὰρ
707 4035 773 4088 τά
803 4034 1069 4104 γενόμενα
1099 4029 1301 4098 ἀδελφὰ
1347 4027 1563 4089 πάντως
1591 4026 1736 4079 ἐστὶν
1763 4026 1929 4095 ἀλλή-

360 4131 488 4195 λων,
517 4131 636 4182 κατ’
667 4127 828 4180 αὐτὸν
867 4124 1010 4192 λέγω
1047 4124 1136 4176 τὸν
1163 4119 1256 4174 τοῦ
1279 4118 1527 4188 γενέσθαι
1566 4117 1738 4186 λόγον.
1775 4118 1931 4187 Παρά

361 4223 503 4285 τίνος
523 4222 579 4273 δὲ
608 4220 702 4272 καὶ
719 4219 1034 4288 γενόμενον;
1064 4217 1248 4269 Πάντα
1271 4213 1379 4282 γὰρ
1400 4211 1520 4264 εἴτι
1549 4211 1756 4278 γέγονε,
1782 4210 1930 4280 παρὰ

2033 1863 2324 1925 postquam
2384 1856 2550 1926 geniti
2610 1855 2832 1910 fuerunt
2867 1896 2880 1917 ,
2936 1865 3202 1912 vocantur
3255 1857 3393 1910 ﬁlii?
3443 1856 3597 1921 Quod

2034 1946 2200 2014 igitur
2222 1946 2273 1999 in
2311 1945 2438 2000 ﬁliis
2459 1946 2689 2000 arietum
2738 1946 2952 2016 inspicit
2985 1947 3313 2012 intellectus,
3340 1958 3465 2000 ante
3517 1963 3604 2018 ge-

2034 2024 2392 2098 nerationem,
2417 2051 2537 2104 qua:
2574 2043 2633 2088 ut
2671 2037 2782 2091 sint
2812 2050 2976 2090 causa
3003 2045 3107 2100 est,
3148 2037 3297 2107 ipsos
3344 2053 3451 2090 non
3482 2053 3604 2092 csse

2038 2127 2176 2182 ﬁlios
2204 2128 2460 2190 arietum,
2529 2127 2631 2181 hoc
2675 2128 2852 2198 ipsum
2895 2126 2998 2183 iste
3022 2143 3245 2182 severus
3319 2129 3603 2198 theologus

2035 2219 2227 2273 factori
2263 2219 2578 2278 saeculorum
2610 2219 2897 2288 omnisque
2945 2227 3211 2274 creatura:
3250 2220 3522 2283 attribuit,
3553 2219 3604 2274 ei

2029 2309 2273 2378 inquam,
2318 2310 2410 2377 qui
2463 2319 2728 2363 aeternum
2787 2307 3004 2363 Patrem
3055 2309 3108 2362 in
3163 2325 3221 2364 se
3275 2310 3394 2380 ipso
3416 2311 3602 2373 habet,

2027 2402 2229 2470 quique
2249 2401 2302 2453 in
2329 2399 2507 2453 Patris
2525 2401 2828 2455 aeternitate
2861 2401 3198 2470 intelligitur.
3246 2399 3607 2466 Quemadmo-

2027 2492 2154 2546 dum
2173 2493 2247 2546 ait
2270 2495 2385 2562 ipse
2411 2492 2476 2557 “,
2508 2491 2615 2561 Ego
2641 2508 2756 2546 sum
2774 2492 2826 2544 iu
2852 2493 3032 2556 Patre,
3060 2500 3106 2544 et
3138 2491 3296 2546 Pater
3317 2493 3371 2545 :‘n
3400 2509 3479 2545 me
3504 2502 3602 2546 est.

2033 2581 2137 2638 Sed
2167 2583 2260 2652 qui
2284 2599 2390 2637 non
2416 2591 2644 2652 possunt
2678 2583 2816 2636 luutc
2835 2583 3161 2635 calumniam
3184 2593 3235 2635 et
3279 2583 3605 2638 malitiosam

2033 2676 2539 2746 interpretationem
2582 2676 2912 2745 perspicere,
2949 2690 3123 2743 neque
3146 2675 3310 2729 ullam
3343 2690 3608 2731 consecu-

2033 2768 2199 2821 tionis
2222 2768 2487 2831 rationem
2515 2767 2844 2830 didicerunt,
2865 2767 2952 2822 his
2978 2775 3086 2820 tam
3124 2768 3263 2822 male
3283 2768 3607 2824 cohaarenti-

2031 2857 2134 2912 bus
2163 2859 2540 2914 assentiuntur
2583 2858 2929 2914 admittentes
2979 2867 3234 2928 tanquam
3265 2873 3606 2930 consequens

1957 2954 2002 3012 C
2034 2951 2177 3021 quod
2208 2949 2294 3004 his
2322 2950 2595 3019 adjicitur.

2108 3041 2198 3094 Ait
2249 3042 2417 3106 enim,
2449 3041 2602 3105 Quod
2634 3050 2754 3095 ante
2801 3057 3005 3096 omnem
3043 3051 3340 3095 creaturam
3369 3042 3604 3111 factum,

2033 3137 2079 3183 et
2106 3129 2261 3198 quasi
2291 3128 2405 3182 haec
2435 3144 2536 3182 vox
2557 3145 2662 3182 non
2694 3128 2961 3184 sulﬁceret
2987 3129 3055 3183 ad
3089 3129 3605 3187 demonstrationem

2034 3223 2350 3292 impietatis,
2379 3223 2672 3276 insidiatur
2715 3231 2976 3292 sequente
3003 3237 3258 3276 sermone
3289 3222 3609 3292 blasphemo

2033 3328 2129 3367 ore
2160 3314 2376 3368 locutus
2413 3313 2550 3384 quod
2575 3329 2676 3365 non
2697 3323 2774 3366 est
2802 3311 2926 3381 quid
2977 3313 3286 3364 increamm.
3323 3311 3610 3377 Quomodo

2035 3401 2218 3471 igitur,
2263 3417 2449 3457 verum
2489 3402 2581 3457 Dei
2613 3401 2810 3455 Filium
2835 3403 3078 3455 nominat
3107 3417 3228 3455 eum
3269 3404 3362 3472 qui
3385 3419 3493 3456 non
3523 3409 3610 3460 est

2036 3482 2344 3549 increatus?
2367 3496 2412 3549 si
2435 3495 2578 3548 enim
2609 3510 2732 3549 emn
2760 3495 2850 3563 qui
2874 3501 3094 3549 creatus
3115 3505 3414 3554 est.verum
3437 3496 3606 3550 ﬁlium

2035 3582 2116 3638 fas
2148 3591 2232 3638 est
2257 3583 2481 3637 dicere:
2526 3585 2725 3638 cmlum
2767 3598 2927 3638 verus
2963 3582 3107 3637 ﬁlius
3135 3583 3356 3645 dicitur,
3390 3584 3518 3652 quia
3553 3593 3608 3639 et

2035 3675 2212 3744 ipsum
2256 3690 2364 3728 non
2397 3680 2480 3728 est
2533 3674 2869 3738 increatum;
2928 3674 3009 3729 sic
3056 3688 3222 3730 verus
3306 3675 3447 3731 ﬁlius
3499 3678 3604 3731 sol.

2033 3767 2210 3830 Atque
2242 3765 2425 3816 omnia
2449 3775 2570 3831 qua:
2599 3771 2780 3815 creata
2836 3771 2984 3825 sunt,
3014 3761 3129 3816 sive
3151 3775 3315 3830 parva
3345 3764 3458 3818 sive
3487 3780 3606 3818 nta-

2027 3851 2171 3918 jora,
2217 3849 2329 3904 veri
2362 3849 2454 3903 ﬁlii
2517 3849 2879 3918 appellatione
2932 3847 3094 3917 digna
3148 3851 3373 3903 omnino
3418 3864 3604 3907 erunt.

2033 3941 2168 3994 Ctun
2201 3947 2383 3993 autem
2437 3938 2785 4009 Unigenitum
2821 3939 2954 3992 dicit
2981 3939 3181 3994 factum
3229 3923 3369 4004 esse,
3423 3945 3604 3997 omnia

2032 4044 2152 4098 quze
2166 4028 2307 4082 facta
2325 4027 2737 4082 suntcommnni
2755 4028 2896 4082 inter
2913 4042 2972 4082 se
2987 4026 3175 4083 fratris
3190 4030 3411 4084 nomine
3428 4033 3608 4100 appel-

2033 4120 2310 4180 labuntur,
2329 4119 2452 4173 dico
2469 4118 2764 4173 secundum
2784 4120 2954 4188 ipsam
2970 4119 3089 4186 ejus
3106 4119 3249 4187 quod
3267 4119 3465 4174 factum
3483 4137 3607 4176 esse

2033 4208 2542 4274 dicitur,rationem.
2556 4208 2598 4259 A
2612 4222 2719 4276 quo
2732 4217 2910 4260 autem
2929 4206 3129 4260 factum
3147 4221 3269 4262 esse
3283 4207 3604 4262 dire!?Nam

358 4311 454 4365 106
493 4309 624 4364 Υίοῦ
656 4309 871 4369 πάντως
919 4307 1154 4373 ἐγένετο.
1227 4302 1415 4364 Οὕτως
1459 4301 1565 4372 γὰρ
1603 4301 1630 4351 ὁ
1678 4299 1928 4366 Ἰωάννης

2032 4300 2212 4354 omnia
2247 4313 2368 4367 quae
2395 4298 2535 4350 facta
2577 4305 2722 4360 sunt,
2752 4311 2980 4366 prorsus
3007 4310 3037 4348 a
3067 4295 3206 4351 Filio
3257 4295 3399 4350 facta
3427 4306 3554 4352 sunt
3587 4318 3600 4352 :

364 4400 697 4472 μαρτύρεται
727 4398 900 4465 λέγων
923 4438 937 4459 ,
983 4397 1064 4448 61:
1098 4395 1300 4447 Πάντα
1339 4392 1411 4444 δι’
1453 4390 1638 4444 αὑτοῦ
1670 4389 1924 4459 ἐγένετο.

359 4495 424 4547 Εἰ
446 4493 624 4546 τοίνυν
655 4491 749 4543 καὶ
791 4491 818 4541 6
857 4489 984 4551 Υἱὸς
1032 4487 1172 4540 κατά
1216 4485 1306 4538 τὸν
1351 4483 1444 4536 106
1478 4482 1741 4552 Εὐνομίου
1771 4481 1927 4548 λόγον

362 4584 596 4652 ἐγένετο,
642 4583 858 4643 πάντως
908 4581 964 4631 ἐν
993 4581 1059 4648 τῇ
1099 4577 1256 4645 φύσει
1288 4575 1394 4626 τῶν
1435 4572 1740 4643 γενομένων
1769 4573 1864 4625 καὶ
1904 4571 1932 4622 6

361 4670 515 4737 οὗτός
546 4675 711 4725 ἐστιν.
764 4672 825 4722 Εἰ
848 4666 940 4723 06v
974 4669 1150 4721 πάντα
1193 4665 1261 4718 τὰ
1303 4665 1568 4734 γενόμενα
1609 4663 1675 4715 δι’
1719 4663 1931 4714 ἐκείνου

359 4767 608 4833 ἐγένετο·
651 4764 706 4815 ἓν
747 4763 804 4815 δὲ
836 4761 942 4814 τῶν
996 4758 1300 4828 γενομένων
1341 4756 1434 4808 καὶ
1473 4756 1500 4807 6
1527 4755 1698 4822 Λόγος
1743 4753 1889 4806 ἐστίν
1915 4769 1929 4782 ’

358 4859 441 4922 τίς
481 4858 651 4919 οὓτως
685 4856 908 4924 ἀνόητος
942 4853 1016 4913 ὼς
1051 4852 1123 4921 μὴ
1156 4849 1380 4902 συνιδεῖν
1412 4849 1499 4902 διὰ
1541 4848 1648 4901 τῶν
1673 4847 1930 4899 τεθέντων

358 4949 420 5004 16
453 4949 670 5009 ἄτοπον,
711 4947 792 4998 61:
840 4943 1000 4996 αὑτὸν
1040 4941 1231 4995 ἑαυτοῦ
1276 4941 1434 5011 ἔργον
1471 4937 1799 5007 γεγενῆσθαι
1841 4937 1930 4989 τὸν

358 5037 631 5104 Δεσπότην
667 5034 766 5103 τῆς
818 5031 1046 5092 κτίσεως
1089 5032 1117 5083 6
1163 5029 1347 5088 καινὸς
1387 5022 1535 5088 οὗτος
1575 5021 1934 5095 δογματιστὴς

357 5128 746 5196 ἀποφαίνεται,
780 5123 856 5194 τῷ
883 5120 1179 5192 διαρρήδην
1219 5121 1391 5171 εἰπεῖν
1421 5117 1494 5186 μὴ
1523 5115 1772 5169 ἄκτιστον
1794 5108 1932 5166 εἶναι

354 5223 442 5271 τὸν
470 5218 668 5287 Κύριον
689 5216 777 5266 16v
798 5211 1128 5283 δημιουργὸν
1155 5210 1332 5280 πάσης
1361 5209 1458 5278 τῆς
1482 5207 1739 5269 κτίσεω;;
1763 5205 1931 5257 Πόθεν

356 5311 468 5376 ἔχει
499 5307 596 5376 τὴν
627 5303 961 5374 παρρησίαν,
995 5301 1224 5354 εἰπάτω.
1266 5299 1360 5351 Ἐκ
1387 5298 1542 5358 ποίας
1575 5294 1927 5348 θεοπνεύστου

356 5399 539 5467 ςωνῆς
563 5415 576 5461 ;
622 5396 717 5458 Τίς
747 5391 1184 5462 εὑαγγελλιστὴς,
1221 5392 1369 5452 ποῖος
1390 5386 1680 5448 ἀπόστολος
1700 5385 1796 5454 τὴν
1820 5401 1928 5437 τοι-

355 5487 525 5556 αύτην
558 5486 736 5556 ἀφῆκε
777 5485 998 5554 φωνήν;
1053 5483 1147 5545 Τίς
1194 5481 1498 5552 προφήτης,
1543 5475 1921 5546 ἢνομοθέτης,

431 5670 475 5699 ³³
515 5667 657 5720 PSal.
699 5681 855 5727 cxul,
914 5665 966 5718 5.

2036 4390 2116 4443 sic
2148 4391 2293 4443 enim
2355 4396 2590 4443 testatur
2637 4387 2876 4443 Joannes
2905 4403 3029 4442 cum
3065 4388 3220 4452 dicit,
3273 4387 3466 4443 Omnia
3514 4405 3606 4458 per

2035 4482 2205 4548 ipsum
2235 4480 2382 4549 facta
2411 4488 2532 4532 sunt
2556 4479 2621 4531 ³⁵.
2658 4477 2713 4533 Si
2746 4495 2875 4548 ergo
2905 4479 3068 4534 etiam
3085 4476 3252 4533 Filius
3282 4479 3460 4535 factus
3496 4489 3602 4544 est,

2035 4572 2334 4626 secundum
2385 4569 2637 4622 Euuomii
2683 4571 2973 4635 rationem,
3024 4583 3249 4638 prorsus
3305 4570 3357 4622 in
3423 4587 3602 4623 rerum

2034 4661 2302 4717 factarum
2340 4669 2532 4716 natura
2573 4662 2716 4716 idem
2745 4663 2861 4731 ipse
2900 4669 3003 4716 est.
3050 4660 3207 4727 Quod
3237 4661 3282 4716 si
3305 4677 3428 4736 quae
3466 4661 3604 4715 ﬁunt

2033 4757 2215 4810 omnia
2247 4769 2342 4825 per
2401 4755 2550 4808 illum
2612 4753 2750 4808 faeta
2807 4761 2970 4819 sunt;
3019 4769 3185 4806 unum
3243 4769 3431 4807 eorum
3484 4768 3606 4823 quae

2037 4848 2181 4900 facta
2203 4854 2331 4901 sunt
2349 4847 2563 4900 dicetur
2588 4853 2642 4898 et
2659 4847 2836 4914 ipsum
2873 4842 3126 4897 Verbum.
3152 4842 3287 4909 Quis
3314 4846 3384 4897 ita
3411 4859 3606 4899 excors

2037 4944 2092 4990 et
2118 4934 2272 4988 avius
2303 4948 2333 4986 a
2370 4948 2494 4988 vera
2520 4933 2755 4993 ratione,
2785 4931 2878 4999 qui
2919 4946 3028 4983 non
3057 4946 3122 4984 ex
3157 4931 3242 4985 his
3283 4945 3404 4999 quae
3426 4935 3602 5000 posita

2038 5027 2186 5084 sunt,
2243 5021 2388 5091 quod
2443 5021 2736 5076 absurdum
2764 5018 3011 5088 sequitur
3039 5019 3306 5087 intelligat
3352 5037 3364 5073 :
3410 5034 3606 5090 nempe

2037 5113 2216 5184 ipsum
2249 5119 2515 5166 creatura:
2559 5109 2843 5164 Dominum
2878 5107 2962 5163 sui
3007 5108 3179 5177 ipsius
3218 5123 3358 5178 opus
3399 5108 3603 5163 factum

2036 5219 2182 5266 esse,
2224 5203 2293 5255 ab
2348 5203 2452 5255 hoc
2505 5215 2647 5255 novo
2705 5200 2927 5254 doctore
2949 5199 3319 5269 pronuntiari,
3362 5200 3488 5269 quia
3517 5200 3605 5254 di-

2037 5299 2181 5345 scrte
2209 5291 2428 5353 dixerit,
2471 5289 2647 5358 ipsum
2670 5287 2976 5352 Dominum,
3013 5288 3104 5358 qui
3128 5294 3212 5342 est
3233 5288 3413 5342 omnis
3445 5302 3600 5341 crea-

2035 5389 2170 5436 turae
2201 5381 2383 5452 opifex
2415 5388 2469 5436 et
2497 5380 2768 5448 conditor,
2792 5395 2902 5434 non
2931 5394 3053 5436 esse
3087 5379 3428 5434 increatum?
3448 5376 3604 5432 Unde

2033 5475 2174 5527 hanc
2200 5469 2503 5526 atﬁrmandi
2533 5469 2814 5525 audaciam
2842 5469 3025 5526 habet.
3060 5468 3227 5525 dicat.
3274 5467 3348 5521 Ex
3382 5479 3489 5537 qua
3521 5465 3630 5520 (ιι-τ

1043 5663 1087 5694 ³³
1128 5659 1285 5715 Joan.
1318 5673 1427 5724 xw,
1469 5656 1521 5710 3.
1599 5654 1642 5685 ³⁵
1687 5651 1848 5709 Joan.
1896 5666 1936 5716 ι,
1975 5647 2031 5705 5.
