4146 6370
531 264 633 318 515

1821 245 1880 300 S.
1913 238 2240 299 GREGORll
2276 235 2563 294 NYSSENI

3669 221 3772 277 εεο

532 383 733 436 vinitus
767 379 1029 446 inspirata
1065 372 1234 427 voce?
1267 370 1401 436 Quis
1439 365 1740 437 apostolus,
1780 365 1906 435 quis
1931 378 2098 418 evan-

2219 362 2235 433 ἢ
2268 359 2632 431 πατριάρχης,
2663 357 2696 427 ἢ
2731 355 2886 417 ἄλλος
2913 369 2998 416 τις
3025 351 3132 405 τῶν
3161 349 3266 404 ὑπὸ
3299 347 3390 400 τοῦ
3417 335 3572 414 ἁγίου
3603 344 3704 395 [Ινε
3723 340 3773 394 i-

531 475 723 543 gelista
759 471 918 524 talem
947 467 1131 522 emisit
1175 462 1399 517 vocem?
1428 461 1560 525 Quis
1593 458 1876 528 propheta,
1909 457 1991 510 vel
2030 455 2105 508 le--

541 567 792 635 gislator,
827 561 909 614 vel
941 556 1272 628 patriarcha,
1311 554 1391 607 vel
1427 553 1548 621 quis
1573 552 1712 602 alius
1754 547 2046 616 eorumqui
2076 561 2106 599 a

535 655 740 724 Spiritu
773 659 965 706 sancto
999 647 1158 701 alllati
1203 655 1256 698 et
1291 644 1538 698 instructi
1590 643 1827 701 luerunt,
1874 652 2104 708 quorum

533 760 696 800 voces
763 742 958 796 litteris
998 756 1102 792 non
1150 746 1276 793 sunt.
1330 734 1648 802 expressae?
1681 733 1804 801 quis
1859 731 1985 783 talis
2021 729 2108 784 di-

533 836 727 890 ctionis
753 840 941 885 auctor
967 828 1210 883 exstitit?
1234 827 1438 880 Patrem
1467 833 1519 878 et
1545 823 1738 876 Filium
1764 830 1815 873 et
1848 819 2106 890 Spiritum

535 934 784 982 sanciunt
813 925 865 976 in
899 922 1018 974 tidei
1045 920 1338 973 traditione
1371 932 1399 969 a
1428 917 1656 970 veritate
1684 913 1999 976 didicimus,
2039 925 2106 962 an

533 1021 663 1088 quid
707 1025 953 1071 creatum
1009 1013 1186 1082 ipsum
1238 1026 1360 1064 esse
1423 1025 1523 1062 nos
1556 1006 1781 1060 credere
1829 1001 2111 1074 oportuit?

535 1108 821 1176 Quomodo
863 1106 1066 1157 veritas
1125 1101 1283 1155 nobis
1314 1098 1633 1167 mysterium
1672 1095 1912 1157 tradens,
1949 1093 2107 1147 tidem

538 1203 590 1251 in
613 1195 801 1250 Filium
849 1201 1038 1247 etnon
1081 1194 1130 1243 in
1175 1197 1481 1242 creaturam
1523 1183 1795 1239 sancivit?
1824 1181 2109 1249 Quomodo

535 1289 692 1343 divus
719 1286 1010 1355 Apostolus
1031 1283 1306 1335 Christum
1333 1281 1590 1335 adorans.
1610 1293 1704 1332 eos
1727 1277 1815 1345 qui
1845 1284 2110 1330 creaturae

538 1381 777 1436 serviunt
813 1384 1002 1446 praeter
1020 1379 1342 1433 creatorem,
1373 1371 1691 1424 idololatras
1713 1383 1836 1422 esse
1853 1381 2110 1436 expresse

536 1471 770 1528 dicit“?
799 1471 878 1523 vel
903 1483 1007 1520 non
1047 1466 1327 1520 adorasset
1363 1463 1409 1516 si
1441 1473 1660 1515 creatus
1694 1468 1858 1522 esset,
1897 1459 1978 1512 vel
2013 1475 2110 1513 eos

537 1566 627 1634 qui
667 1570 948 1618 creaturas
975 1560 1160 1611 colunt
1207 1555 1476 1608 idolorum
1512 1551 1817 1606 cultoribus
1871 1566 1976 1604 non
2011 1566 2110 1603 an-

538 1661 878 1713 numerasset
920 1670 932 1705 :
966 1667 1032 1704 ne.
1069 1659 1121 1702 ot
1144 1649 1260 1717 ipse
1295 1647 1454 1700 idolis
1506 1645 1714 1700 servire
1761 1643 1909 1696 visus
1940 1649 2104 1704 esset,

539 1756 722 1801 creato
753 1743 1122 1796 adoratinnem
1164 1739 1453 1800 exhibens,
1515 1737 1606 1790 sed
1642 1736 1808 1798 novit,
1838 1734 1980 1802 quod
2014 1733 2105 1801 qui

540 1838 686 1889 abeo
715 1831 970 1885 aduratur
995 1827 1320 1880 inmunibus
1343 1824 1483 1878 Deus
1499 1833 1612 1877 est:
1645 1824 1878 1877 sicenim
1906 1823 1958 1875 in
1991 1838 2107 1877 ser-

542 1939 700 1979 mone
731 1921 797 1976 ad
850 1919 1128 1972 Romanos
1155 1915 1348 1970 Filium
1399 1913 1663 1968 nominat.
1705 1912 1810 1978 Qui
1874 1912 2041 1982 igitur
2075 1927 2106 1965 ει

541 2018 718 2071 Patris
746 2012 981 2068 essentia
998 2009 1185 2063 Filium
1207 2005 1457 2068 alienant,
1479 2004 1652 2073 ipsum
1677 2005 1837 2058 etiam
1863 2011 2106 2057 creatum

541 2112 806 2168 dicentes,
839 2119 936 2157 cur
970 2115 1064 2170 per
1107 2097 1404 2152 ludibrium
1429 2103 1484 2149 et
1512 2095 1854 2164 sannamipsi
1885 2093 2109 2148 falsino-

545 2202 744 2254 minem
775 2195 1190 2263 appellationem
1221 2187 1616 2258 gratiﬁcantur,
1657 2201 1687 2239 a
1730 2201 1855 2239 vera
1908 2185 2109 2239 deitate

543 2293 720 2344 alieno
765 2290 856 2343 Dei
906 2297 1096 2337 nomen
1137 2295 1416 2348 perpetam
1451 2279 1818 2347 assignantes,
1855 2285 2108 2344 tanquam

545 2381 658 2441 Bel,
692 2381 774 2432 vel
824 2377 1023 2444 Dagon,
1075 2370 1160 2424 vel
1201 2368 1654 2434 draconi?Quare
1677 2369 1763 2422 vel
1807 2384 1913 2421 non
1943 2366 2108 2421 Deum

543 2471 924 2526 conﬁteantur,
970 2463 1060 2532 qui
1088 2463 1264 2530 ipsum
1299 2469 1539 2514 creatum
1573 2475 1695 2513 esse
1733 2469 1917 2527 aperte
1953 2465 2110 2510 autu-

548 2571 716 2622 Inant,
740 2569 794 2611 nt
811 2557 1095 2611 Judaizare
1117 2553 1400 2607 videantur
1426 2570 1439 2604 :
1469 2551 1548 2604 vel
1575 2551 1618 2604 si
1635 2565 1757 2603 eum
1781 2550 1871 2617 qui
1895 2556 2112 2601 creatus

549 2657 669 2713 I‘uit,
705 2651 869 2704 Deum
895 2663 1015 2701 esse
1055 2645 1435 2706 conliteantur,
1477 2657 1534 2696 se
1577 2641 1736 2696 idolis
1764 2641 1970 2693 servire
2001 2654 2110 2691 non

549 2743 877 2799 inlicientur.
932 2739 1036 2792 Sed
1069 2751 1254 2791 voeem
1291 2733 1680 2803 proverbialem
1714 2732 1870 2800 plane
1923 2729 2108 2798 prol‘e-

2210 470 2374 525 ματος
2397 452 2653 520 θεοφορου
2662 448 2858 519 μένων,
2885 438 2958 497 ὧν
2980 439 3318 512 ἀνάγραπτοι
3343 440 3478 490 εἰσιν
3497 437 3553 488 αἱ
3578 435 3770 502 φωναὶ.

2204 521 2302 613 τῆς
2339 542 2590 611 τοιαύτης
2624 541 2831 610 ρήσεως
2863 535 3240 604 καθηγήσατο;
3289 527 3507 596 Πατέρα
3532 524 3626 578 καὶ
3647 521 3774 575 Υἱὺν

2207 636 2300 688 καὶ
2332 634 2552 702 Πνεῦμα
2576 632 2726 698 ἆγιον
2753 631 2808 680 ἐν
2832 630 2897 697 τῇ
2926 624 3217 694 παραδόσει
3245 619 3346 689 τῆς
3367 617 3602 678 πίστεως
3625 613 3776 682 παρά

2207 727 2306 795 τῆς
2354 724 2608 794 ἀληθείας
2644 720 2940 791 ἐμάθομεν,
2995 717 3026 787 ἣ
3057 712 3268 768 κτιστὸν
3307 708 3466 763 αὑτὸν
3509 703 3645 795 εἶναι
3682 721 3773 756 πι-

2209 815 2417 867 στεύειν
2446 813 2608 883 ἐχρῆν
2634 829 2648 876 ;
2681 809 2804 872 Πῶς
2839 802 3204 877 παραδιδοῦσα
3228 801 3360 869 ἡμῖν
3384 797 3442 849 τὸ
3482 793 3774 864 μυστήριον

2207 907 2240 974 ἡ
2272 881 2642 972 ἀλήθεια,τὴν
2687 900 2766 961 εἰς
2811 897 2898 949 τὸν
2946 894 3069 946 Υἱὺν
3103 892 3282 943 πίστιν
3326 885 3418 939 καὶ
3461 886 3559 936 οὐκ
3613 885 3687 942 εἰς
3717 881 3777 933 τὸ

2209 971 2414 1065 κτίσμα
2441 989 2794 1060 ἐνομοθέτησε
2818 1003 2832 1050 ;
2863 985 2984 1048 Πῶς
3009 985 3064 1036 δὲ
3092 975 3408 1051 προσκυνῶν
3431 975 3521 1027 τὸν
3545 971 3776 1043 Χριστὸν

2209 1089 2237 1140 6
2259 1089 2398 1150 θεῖος
2421 1084 2758 1145 Ἀπόστολος,
2781 1082 2905 1142 τοὺς
2931 1081 2996 1149 τῇ
3025 1076 3201 1128 κτίεει
3253 1068 3605 1138 λατρεύοντας
3628 1063 3778 1134 παρά

2207 1180 2299 1231 τὸν
2337 1179 2617 1238 κτίσαντα,
2654 1171 3052 1238 εἰδωλολατρεῐν
3099 1163 3429 1235 διορίζεταις
3486 1158 3653 1228 ἢγὰρ
3679 1156 3778 1207 οῦκ

2212 1272 2277 1324 ἂν
2303 1268 2707 1339 προσεκύνησεν
2740 1265 2787 1316 εί
2823 1260 3036 1322 κτιστος
3075 1253 3163 1327 ἦν,
3213 1255 3239 1324 ἢ
3276 1254 3373 1306 ούκ
3404 1251 3468 1304 ἂν
3496 1253 3606 1312 τοῖς
3629 1248 3779 1302 εἰδω-

2210 1359 2494 1430 λολάτραις
2521 1355 2773 1420 συνέταξε
2799 1353 2923 1415 τοὺς
2952 1353 3016 1420 τῇ
3044 1347 3215 1400 κτίσει
3240 1341 3597 1413 λατρεύοντας
3641 1357 3654 1370 ·
3695 1341 3779 1391 ἵνα

2214 1452 2289 1523 μὴ
2319 1453 2410 1504 καὶ
2443 1449 2603 1510 αὐτὸς
2631 1445 3031 1512 εἰδωλολατρεῖν
3058 1438 3203 1508 δόξῃ,
3237 1435 3526 1505 προσάγων
3555 1429 3632 1500 τῷ
3660 1447 3776 1482 κτι-

2212 1541 2321 1610 στῷ
2364 1540 2460 1610 τὴν
2501 1536 2887 1608 προσκύνησιν.
2933 1533 3069 1586 Ἀλλ’
3102 1528 3240 1583 οἶδεν
3289 1530 3368 1582 ὅτι
3401 1529 3428 1579 6
3463 1527 3590 1597 παρ’
3618 1519 3779 1575 αὐτοῦ

2212 1630 2676 1704 προσκυνούμενος
2700 1628 2793 1680 ἐπὶ
2829 1624 3041 1677 πάντων
3068 1623 3183 1673 ἐστὶ
3212 1620 3341 1681 Θεός
3365 1634 3377 1646 ·
3419 1615 3560 1669 οὓτω
3582 1614 3689 1682 γάρ
3723 1614 3781 1663 ἐν

2141 1707 2183 1765 Β
2211 1724 2289 1794 τῷ
2320 1723 2453 1793 πρὸς
2494 1719 2798 1791 Ῥωμαίους
2821 1716 2963 1784 λόγῳ
2994 1715 3081 1766 τὸν
3114 1714 3238 1765 Υἱὺν
3267 1709 3538 1780 ὀνομάζει.
3590 1708 3652 1760 Οἱ
3686 1705 3781 1772 τῆς

2216 1815 2402 1876 οὐσίας
2426 1813 2604 1866 τοίνυν
2633 1810 2730 1863 τοῦ
2759 1809 2965 1878 Πατρδς
3004 1808 3093 1859 τὸν
3123 1806 3265 1861 Υἱὸν,
3318 1804 3410 1855 καὶ
3442 1799 3656 1855 κτιστὸν
3682 1798 3778 1850 αύ-

2216 1907 2304 1960 τὺν
2336 1906 2600 1972 λέγοντες,
2640 1904 2692 1954 τί
2735 1899 3099 1972 χλευαστικῶς
3142 1896 3411 1966 αὐτῷτὴν
3440 1891 3782 1962 ψευδώνυμον

2218 1998 2406 2068 κλῆσιν
2438 1995 2745 2066 χαρίζονται
2771 2036 2784 2059 ,
2832 1992 2909 2062 τῷ
2939 1991 3198 2059 ἀλλοτρίῳ
3236 1989 3334 2057 τῆς
3364 1986 3622 2055 ἀληθινῆς
3647 1982 3784 2036 θειό⁸

2216 2104 2376 2156 τητος
2399 2087 2496 2155 τὴν
2525 2085 2667 2149 Θεὸς
2701 2082 2882 2153 φωνὴν
2911 2081 3085 2151 μάτην
3117 2077 3556 2148 ἐπιφημίζοντες,
3600 2075 3785 2142 ὥσπερ

2216 2178 2292 2248 τῷ
2319 2177 2453 2248 Βὴλ,
2506 2178 2539 2246 ἢ
2571 2176 2648 2245 τῷ
2680 2174 2896 2242 Δαγὼν,
2921 2175 2954 2243 ἢ
3003 2173 3078 2242 τῷ
3109 2173 3396 2243 δράκοντι;
3442 2170 3603 2221 Ὥστε
3649 2169 3680 2238 ἢ
3711 2168 3783 2236 μὴ

2217 2269 2348 2321 Θεὸν
2380 2266 2809 2336 δμολογείτωσαν
2851 2263 3010 2316 αὐτὸν
3054 2264 3102 2316 οἱ
3134 2260 3348 2314 κτιστὸν
3393 2255 3529 2312 εἶναι
3558 2255 3785 2326 διοριζό-

2223 2378 2390 2430 μενοι,
2419 2359 2505 2412 ἴνα
2529 2352 2767 2427 φανῶσιν
2797 2355 3171 2418 Ἰουδαῖζοντες
3189 2373 3200 2385 ·
3231 2355 3262 2424 ἦ
3291 2354 3447 2422 εἴπερ
3468 2348 3786 2421 ὁμολογοῦσι

2216 2453 2308 2506 τδν
2343 2452 2632 2505 κτισθέντα
2678 2446 2816 2502 εἶναι
2852 2449 3004 2511 Θεὸν,
3054 2445 3454 2514 είδωλολατρεῖν
3495 2443 3568 2513 μὴ
3611 2441 3788 2512 ἀρνεί-

2221 2545 2450 2598 σθωσαν.
2496 2542 2655 2596 Ἀλλά
2691 2543 2790 2612 τὴν
2823 2539 3168 2610 παροιμιώδη
3203 2537 3385 2606 φωνὴν
3423 2536 3636 2595 πάντως
3660 2548 3788 2601 προ-

2218 2635 2536 2706 ςέρουσιν,ἥ
2561 2651 2741 2702 φησιν,
2762 2635 2842 2686 ὅτι
2867 2633 3080 2700 Κύριος
3099 2628 3300 2684 ἐκτισέ
3319 2644 3396 2697 με
3415 2625 3612 2695 ἀρχὴν
3637 2622 3791 2676 ὁδῶν

2216 2727 2422 2791 αὐτοῦ,
2459 2729 2545 2791 εἰς
2573 2726 2714 2793 ἔργα
2739 2723 2944 2777 αὑτοῦ.

551 2850 696 2902 rum,
733 2853 851 2906 quzc
896 2834 1048 2895 dicit,
1110 2832 1362 2884 Dominus
1416 2829 1609 2881 creavit
1651 2841 1730 2878 me
1789 2825 2102 2894 principium
2137 2825 2341 2877 ciarum
2376 2838 2616 2884 suarum,
2648 2821 2714 2872 ad
2746 2835 2902 2887 opera
2932 2835 3029 2872 sua
3058 2819 3122 2873 ⁸⁷.

617 2933 694 3001 (a)
714 2929 823 2984 Hoc
844 2927 1083 3000 pluribus
1107 2923 1278 2979 verbis
1300 2923 1568 2992 quomodo
1588 2937 1644 2975 se
1673 2921 1830 2976 habet
1847 2922 2040 2975 clarius
2058 2927 2112 2972 et
2139 2923 2181 2979 (ζ

552 3020 888 3076 manifestius
936 3015 1314 3084 exponendum
1377 3021 1461 3066 est
1534 3029 1549 3066 :
1603 3019 1975 3065 verumtamen
2011 3011 2112 3064 hoc

550 3113 711 3164 etiam
756 3109 836 3161 l'as
868 3114 1012 3160 esset
1052 3105 1179 3158 viris
1207 3099 1455 3156 candidis
1481 3108 1534 3154 et
1566 3099 1737 3168 aequis
1777 3099 1908 3168 quid
1939 3099 2113 3167 signi-

553 3203 673 3253 licet
697 3199 885 3267 paucis
914 3194 1130 3248 tradere
1156 3212 1167 3246 :
1195 3191 1412 3259 quidam
1445 3190 1587 3244 enim
1647 3189 1698 3241 in
1734 3188 1936 3242 divinis
1967 3186 2115 3241 Scri-

552 3291 728 3360 ptnris
759 3295 1014 3341 accurate
1068 3294 1119 3336 et
1173 3282 1459 3352 diligenter
1509 3279 1742 3333 instituti
1800 3288 1853 3332 et
1914 3277 2113 3332 versati

551 3381 764 3440 dicunt,
808 3375 951 3446 apud
977 3373 1230 3428 Hebraeos
1264 3387 1372 3424 non
1409 3371 1672 3442 scriptum
1707 3385 1849 3433 esse,
1881 3369 2115 3422 crearit:

554 3487 654 3525 nos
681 3466 923 3522 etiamin
953 3463 1345 3518 vetustioribus
1385 3462 1536 3515 libris
1582 3460 1848 3529 scriptum
1891 3461 2118 3528 legimus

554 3561 818 3631 ἐκτήσατο
849 3559 1087 3628 possedit,
1117 3570 1214 3624 pro
1231 3553 1410 3605 ἐκτισὲ
1436 3570 1501 3620 με
1516 3551 1745 3604 condidit
1768 3567 1863 3604 me.
1892 3549 2117 3604 Servum

554 3668 784 3726 prorsus
815 3658 998 3719 aperte
1031 3647 1232 3700 indicat
1261 3646 1464 3699 crcatio
1491 3659 1584 3712 per
1612 3642 1970 3712 proverbialia
1996 3643 2121 3695 aani-

557 3752 759 3816 gmata,
795 3757 918 3796 eum
960 3739 1049 3807 qtti
1088 3745 1307 3806 propter
1334 3750 1434 3788 nos
1467 3734 1609 3788 servi
1639 3733 1869 3787 fortnam
1903 3749 2120 3787 assum-

559 3836 686 3906 psit.
729 3831 881 3897 Quod
915 3831 958 3882 si
983 3827 1105 3896 quis
1130 3827 1182 3878 in
1209 3825 1459 3882 Ecclesiis
1496 3823 1872 3892 praevalentem
1932 3823 2120 3876 lectio-

559 3939 680 3977 nem
731 3923 782 3974 in
840 3922 938 3972 hac
969 3927 1118 3986 parte
1144 3915 1386 3983 objiciat,
1431 3929 1604 3982 neque
1631 3928 1730 3968 nos
1761 3913 1864 3966 hoc
1902 3913 2120 3966 verbum

560 4017 759 4074 ἔκτισε,
783 4014 996 4075 creavit,
1029 4009 1326 4077 rejicitnus.
1356 4006 1530 4074 Atque
1574 4006 1675 4058 hoc
1697 4014 1842 4059 certe
1879 4005 1945 4058 ad
1979 4005 2122 4059 servi

559 4105 1008 4177 svguilicationem
1044 4116 1136 4169 per
1177 4098 1405 4167 mitigata
1456 4096 1769 4150 intuendam
1814 4095 2123 4164 :siquidem

562 4196 730 4250 omnis
775 4202 1019 4246 creatura
1065 4189 1238 4252 servit,
1284 4185 1735 4255 quemadmodum
1782 4185 1858 4237 ait
1894 4186 2125 4253 Aposto-

2285 2917 2453 2969 Τοῦτο
2512 2915 2570 2969 δὲ
2642 2913 2730 2967 διά
2783 2913 3040 2966 πλειόνων
3113 2911 3211 2981 μὲν
3271 2911 3386 2963 ἐστι
3456 2909 3794 2980 παραθέσθαι

2221 3007 2548 3075 σαφέστερον
2604 3008 2750 3068 ὅπως
2793 3004 2932 3074 ἔχει’
2995 3003 3133 3074 πλὴν
3185 3002 3404 3056 δυνατὸν
3439 3002 3503 3055 ἂν
3562 3001 3646 3071 εἴη
3701 3003 3796 3053 καὶ

2217 3099 2281 3150 δι’
2328 3098 2523 3165 ὀλίγων
2583 3099 2692 3159 τοῖς
2726 3094 3031 3165 εὐγνώμοσι
3092 3093 3422 3164 παραδοῦναι
3475 3093 3534 3144 τὸ
3586 3093 3790 3162 νόημαο

2218 3187 2430 3254 λέγουσι
2459 3186 2568 3257 γὰρ
2597 3185 2690 3239 καὶ
2711 3186 2866 3238 τοῦτό
2893 3202 3035 3248 τινες
3063 3184 3167 3237 τῶν
3188 3185 3256 3237 δι’
3275 3184 3557 3255 ἀκριϐείας
3584 3183 3652 3235 τὰ
3679 3184 3796 3235 θεῖα

2219 3279 2695 3348 πεπαιδευμένων,
2748 3280 2828 3331 ὅτι
2882 3278 2941 3330 οὐ
2988 3277 3294 3346 γέγραπται
3346 3276 3473 3346 παρ’
3514 3276 3797 3346 Ἐϐραίους

2220 3371 2279 3424 τὸ
2323 3372 2522 3423 ἔκτισε
2557 3387 2568 3398 ο
2612 3370 2705 3424 καὶ
2742 3371 2900 3440 ἡμεῖς
2955 3371 3013 3423 ἐν
3059 3371 3435 3440 ἀρχαιοτέραις
3472 3368 3671 3438 βίϐλοις
3705 3368 3796 3420 ἀν-

2221 3465 2463 3532 έγνωμεν
2489 3503 2502 3526 ,
2581 3463 2943 3529 Ἐκτήσατο,
3015 3462 3390 3534 γεγραμμένον
3419 3503 3434 3527 ,
3514 3463 3633 3515 ἀντὶ
3701 3463 3796 3514 τοῦ

2222 3554 2421 3607 ἑκτισέ
2462 3570 2559 3622 με.
2661 3554 2943 3622 Ἐμφαίνει
3004 3554 3060 3606 δὲ
3110 3555 3326 3616 πάντως
3386 3554 3476 3606 τὸν
3542 3553 3722 3607 δοῦλον
3762 3555 3797 3624 ἡ

2222 3645 2396 3708 κτίσις
2448 3645 2537 3697 διὰ
2580 3645 2686 3696 τῶν
2733 3644 3114 3714 παροιμιακῶν
3150 3644 3248 3698 ’καὶ
3291 3645 3654 3715 αἰνιγμάτων,
3707 3647 3798 3699 τὸν

2222 3738 2287 3789 δι’
2342 3737 2488 3807 ἡμᾶς
2534 3735 2869 3789 ἀναλαϐόντα
2921 3736 3017 3806 τὴν
3060 3734 3151 3788 τοῦ
3201 3736 3386 3789 δούλου
3435 3738 3668 3807 μορφήν.
3733 3736 3798 3790 Εἰ

2223 3828 2279 3880 δέ
2332 3845 2410 3890 τις
2453 3827 2545 3880 καὶ
2607 3826 2704 3897 τὴν
2750 3827 3144 3896 ἐπικρατοῦσαν
3185 3829 3242 3880 ὲν
3291 3830 3410 3890 ταῖς
3454 3828 3798 3897 Ἐκκλησίαις

2225 3919 2526 3985 ἀνάγνωσιν
2584 3918 2641 3969 ἐν
2690 3917 2767 3985 τῷ
2825 3918 2978 3988 μέρει
3032 3919 3203 3989 τούτῳ
3257 3919 3616 3989 προδάλοιτο,
3675 3919 3798 3972 οὐδὲ

2225 4008 2342 4079 τὴν,
2375 4011 2677 4073 Ἔκτισεν,
2708 4008 2888 4079 φωνὴν
2930 4009 3325 4080 ἀποϐάλλομεν.
3376 4012 3485 4064 Καὶ
3505 4010 3660 4063 τοῦτο
3690 4010 3797 4080 γὰρ

2229 4102 2364 4172 πρὸς
2390 4102 2487 4170 τὴν
2509 4101 2694 4153 δούλου
2723 4100 2996 4170 σημασίαν
3017 4099 3103 4152 διὰ
3129 4100 3221 4152 τοῦ
3242 4100 3557 4170 αἰνίγματος
3589 4101 3795 4170 βλέπει·

2228 4190 2412 4260 ἐπειδὴ
2458 4189 2634 4245 Πᾶσα
2675 4191 2713 4257 ἡ
2754 4191 2950 4257 κτίσις
2993 4191 3287 4254 δουλεύει,
3344 4191 3524 4253 καθώς
3578 4209 3738 4263 φησιν
3770 4197 3799 4246 6

561 4289 648 4340 lus
684 4285 750 4337 ³⁸.
787 4281 1156 4347 Quamobrem
1190 4279 1292 4332 hoc
1321 4277 1546 4330 verbum
1592 4275 1782 4329 creat-it
1823 4275 1908 4343 pie
1950 4274 2116 4342 accipi

2244 4281 2580 4342 Ἀπόστολος.
2627 4281 2727 4334 Διά
2765 4281 2922 4334 τοῦτο
2967 4282 3059 4333 καὶ
3095 4281 3298 4353 ταύτην
3343 4282 3524 4353 φωνὴν
3562 4284 3800 4346 εὐσεϐῶς

564 4373 1054 4446 pos-easseritnus.
1080 4370 1306 4423 Creatus
1332 4377 1413 4421 est
1438 4368 1579 4421 enim
1631 4381 1756 4420 vero
1803 4367 1856 4419 in
1892 4365 2126 4419 novissi-

563 4465 666 4518 mis
681 4464 874 4516 diebus
889 4461 975 4513 ille
993 4460 1082 4528 qui
1100 4466 1318 4527 pr0pter
1337 4473 1435 4511 nos
1454 4454 1831 4524 secunduut(b)
1847 4471 1946 4509 nos
1964 4462 2125 4508 natus

562 4567 643 4609 est
666 4555 731 4606 ”.
763 4553 865 4617 Qui
899 4552 952 4604 in
995 4550 1262 4620 principio
1288 4547 1525 4601 Verbum
1549 4562 1670 4600 cum
1696 4553 1840 4601 esset
1869 4553 1922 4599 et
1960 4544 2123 4608 Deus,

565 4655 754 4716 postea
789 4658 918 4696 caro
945 4653 997 4696 et
1045 4641 1204 4694 homo
1237 4638 1411 4693 factus
1435 4646 1539 4692 est.
1561 4636 1754 4691 Carnis
1809 4645 1989 4692 autem
2023 4652 2124 4690 na-

566 4748 688 4790 tura
724 4743 905 4789 creata
935 4740 1018 4788 est
1061 4750 1074 4786 :
1129 4730 1286 4799 cujus
1313 4746 1406 4800 per
1441 4729 1622 4784 omnia
1652 4729 1829 4782 factus
1858 4729 2129 4798 particeps

565 4826 866 4884 secundum
926 4824 1329 4879 similitudinem
1364 4828 1588 4889 excepto
1639 4829 1879 4889 peccato,
1912 4828 2130 4874 creatus

565 4919 784 4989 quidem
816 4916 1108 4970 secundum
1144 4913 1309 4968 Deum
1344 4929 1452 4966 non
1497 4912 1794 4967 secundum
1826 4911 2126 4976 hominem,

568 5009 709 5065 sicut
742 5006 818 5058 ait
866 5001 1177 5073 Apostolus,
1220 5017 1360 5056 novo
1415 5001 1651 5071 quodam
1701 5001 1998 5065 modo,non
2031 4999 2132 5052 ltu-

567 5114 729 5152 mano
781 5111 950 5150 more.
1011 5094 1307 5149 Didicimus
1380 5094 1545 5152 enim,
1605 5091 1750 5161 quod
1803 5108 1868 5146 ex
1925 5090 2128 5160 Spiritu

571 5205 667 5242 san
703 5197 758 5241 to
788 5196 842 5241 ct
871 5189 1070 5240 virtute
1099 5185 1383 5245 Altissimi,
1417 5192 1788 5237 verumtamen
1825 5184 1914 5236 hic
1957 5198 2129 5237 novus

569 5281 730 5334 homo
759 5289 973 5334 creatus
990 5289 1091 5340 σει,
1120 5293 1279 5346 quem
1330 5276 1419 5330 illc
1445 5290 1554 5329 non
1605 5275 1991 5338 enarrabilium
2017 5290 2134 5345 my-

639 5392 684 5422 ³⁸
722 5391 878 5444 Rom.
906 5408 943 5456 ι,
989 5390 1078 5443 25.
1156 5390 1198 5421 ³⁷
1234 5388 1392 5444 Prov.
1426 5405 1540 5455 vnt,
1583 5389 1674 5442 ‘29.

642 5509 717 5577 (α)
747 5506 802 5560 ιιι
833 5506 1020 5562 Graeco
1043 5523 1148 5561 non
1175 5507 1226 5560 in
1253 5507 1487 5560 editione
1513 5507 1741 5577 vulgari.
1772 5506 1926 5560 llunc
1953 5507 2132 5558 locum

569 5578 890 5700 giravifsime
919 5589 970 5634 et
1011 5577 1385 5647 copiosissime
1414 5584 1609 5631 tractat
1637 5578 1694 5630 ι).
1727 5576 1830 5633 ll-.l.
1875 5593 1913 5642 ι,
1949 5577 2033 5641 12,
2068 5579 2134 5630 de

621 5664 718 5700 l'llll
749 5663 775 5700 ιι
804 5664 858 5700 υ.

621 5663 858 5706 ΙἹΙΙιῑὶὶΙυ.

1752 5390 1796 5421 ³⁸
1837 5387 1993 5444 Rom.
2028 5404 2148 5455 vni,
2179 5389 2270 5442 20.

2231 4371 2372 4441 ἔχειν
2396 4372 2593 4442 φαμέν.
2646 4373 2898 4443 Ἐκτίσθη
2929 4373 3035 4442 γάρ
3064 4373 3277 4443 ἀληθῶς
3311 4376 3396 4427 ἐπ’
3426 4375 3651 4444 ἐσχάτου
3691 4377 3798 4428 τῶν

2234 4463 2454 4532 ἡμερῶν
2483 4465 2510 4516 6
2538 4463 2603 4515 δι’
2635 4465 2779 4533 ἡμᾶς
2805 4463 2924 4515 καθ’
2953 4465 3096 4534 ἡμᾶς
3125 4465 3412 4533 γενόμενος
3431 4481 3442 4492 ·
3475 4467 3502 4518 6
3525 4468 3581 4518 ἐν
3609 4467 3706 4534 μὲν
3730 4472 3798 4538 τῇ

2231 4557 2371 4624 ἀρχῇ
2405 4554 2572 4621 Λόγος
2604 4553 2678 4606 ὢν
2715 4555 2808 4606 καὶ
2839 4554 2990 4616 Θεὸς,
3032 4556 3167 4623 μετά
3192 4555 3362 4609 ταῦτα
3388 4556 3443 4609 δὲ
3487 4558 3624 4627 σὰρξ
3651 4559 3800 4626 γενό-

2239 4659 2394 4712 μενος
2421 4643 2511 4693 καὶ
2538 4641 2840 4712 ἄνθρωπος.
2887 4643 3091 4713 Κτιστὴ
3115 4643 3170 4695 δὲ
3201 4644 3301 4713 τῆς
3332 4646 3528 4714 σαρκὸς
3557 4649 3588 4717 ἡ
3618 4647 3796 4716 φύσις,

2234 4732 2302 4806 ἧς
2363 4733 2644 4804 μετασχὼν
2702 4733 2842 4786 κατά
2898 4736 3073 4787 πάντα
3120 4735 3241 4788 καθ’
3295 4737 3587 4807 ὁμοιότητα
3637 4740 3803 4809 χωρὶς

2237 4823 2525 4893 ἁμαρτίας.
2585 4822 2838 4893 Ἐκτίσθη
2891 4823 2947 4875 δὲ
2979 4823 3117 4876 κατά
3141 4824 3292 4887 Θεὸν,
3335 4825 3393 4877 οὺ
3426 4826 3565 4879 κατά
3592 4827 3800 4896 ἄνθρω-

2243 4934 2361 4981 πον,
2408 4917 2588 4978 καθώς
2617 4933 2779 4985 φησιν
2817 4913 3153 4978 Ἀπόστολος,
3196 4917 3376 4969 καινόν
3421 4935 3541 4970 τινα
3580 4921 3799 4989 τρόπον,

2239 5011 2330 5060 καὶ
2359 5008 2418 5060 οῦ
2448 5007 2588 5060 κατά
2630 5007 2726 5077 τὴν
2757 5008 3100 5078 ἀνθρωπίνην
3140 5007 3446 5076 συνήθειαν.
3499 5011 3801 5080 Ἐμάθομεν

2239 5097 2346 5164 γὰρ
2369 5096 2449 5148 ὃτι
2487 5098 2549 5148 ἐκ
2586 5095 2895 5166 Πνεύματος
2936 5097 3111 5164 ἀγίου,
3145 5098 3234 5150 καὶ
3272 5097 3370 5167 τῆς
3410 5099 3504 5151 τοῦ
3549 5099 3801 5166 Ὑψίστου

2240 5187 2538 5254 δυνάμεως,
2579 5187 2716 5256 πλὴν
2747 5187 2860 5240 ἀλλ’
2893 5187 3114 5257 ἐκτίσθη
3143 5189 3170 5240 6
3206 5190 3389 5252 καινὸς
3419 5186 3570 5252 οὗτος
3594 5192 3803 5262 ἀνθρω-

2241 5296 2361 5341 πος,
2393 5279 2450 5330 ὃν
2476 5278 2682 5330 κελεύει
2709 5279 2736 5329 6
2762 5278 2868 5331 τῶν
2897 5280 3146 5350 ἀρρήτων
3183 5281 3494 5352 μυστηρίων
3522 5283 3804 5352 ὑφηγητὴς

2346 5389 2388 5419 ³³
2410 5389 2513 5443 lsa.
2550 5405 2671 5453 xcv,
2696 5391 2750 5442 4.

2316 5505 2389 5573 (ὑ)
2422 5503 2481 5558 Ι).
2509 5504 2694 5568 Basil.,
2734 5507 2826 5563 lib.
2867 5522 2916 5558 tv
2945 5515 3134 5560 contra
3168 5506 3421 5571 Eunom.,
3457 5509 3630 5560 lorum
3663 5507 3805 5561 hunc

2243 5574 2402 5698 {’rov.
2451 5591 2565 5640 vtn,
2593 5577 2682 5642 ‘22,
2714 5592 2818 5629 non
2851 5578 3098 5646 intelligit
3124 5578 3189 5633 dc
3219 5579 3453 5632 humana
3477 5577 3680 5633 Christi
3707 5595 3806 5630 na-

2268 5661 2383 5696 ura.

2268 5661 2383 5696 ura.
