4146 6370
385 284 484 340 517

1506 283 1782 340 CONTRA
1819 285 2216 351 EUNOMIUM,
2259 285 2381 338 [ΑΒ.
2421 285 2462 338 Il

3521 281 3624 336 518

385 397 594 458 Παῦλος
617 395 938 450 ἐνδύσασθαι
959 397 1126 466 ἡμᾶς,
1150 396 1312 466 διχῶς
1333 395 1610 468 ὀνομάζων
1631 401 1691 452 τὸ
1721 399 1921 470 ἔνδυμα
1935 417 1948 430 ·

2072 402 2342 454 uerior-um
2376 401 2645 468 interpres
2682 397 2882 452 Paulus
2923 409 3024 450 nos
3058 393 3285 450 induere
3308 393 3483 463 jubet,
3521 393 3624 448 du-

385 487 478 539 νῦν
513 487 610 556 μὲν
638 487 831 553 λέγων,
876 487 1241 541 Ἐνδύσασθε
1269 489 1376 541 τὸν
1400 492 1611 543 καινὸν
1641 491 1955 559 ἄνθρωπον

385 577 491 630 ’τὸν
517 575 667 630 κατὰ
691 577 838 633 Θεὸν
865 579 1202 644 κτισθέντα,
1255 583 1414 634 πάλιν
1452 581 1527 642 δὲ,
1559 582 1640 633 ὅτι
1671 582 1956 635 Ἐνδύσα-

386 667 494 717 σθε
525 664 629 716 τὸν
657 666 876 732 Κύριον
908 666 1140 733 Ἰησοῦν
1162 671 1438 736 Χριστόν.
1473 670 1655 733 Οὕτως
1689 671 1798 740 γὰρ
1828 674 1956 742 ἡμῖν

386 755 495 815 τοῖς
528 753 906 822 ἐνδυσαμένοις
940 757 1100 809 αὑτὸν
1129 757 1336 823 γίνεται
1382 759 1521 829 ἀρχὴ
1559 759 1666 810 τῶν
1697 760 1831 812 ὁδῶν
1859 761 1958 830 τῆς

343 861 348 864 “
389 845 658 914 σωτηρίας
693 847 721 896 ὁ
751 846 918 897 εἰπών
944 865 956 875 ·
1003 847 1144 916 Ἐγώ
1164 851 1279 916 ειμι
1318 851 1356 916 ἡ
1386 849 1546 913 ὁδὸς,
1583 850 1668 902 ἵνα
1692 850 1828 920 ἔργα
1852 851 1958 902 τῶν

389 935 580 987 ἑαυτοῦ
611 937 807 1006 χειρῶν
839 939 1036 1009 ποιήσῃ
1065 941 1230 1008 ἡμᾶς,
1283 941 1388 992 ἀπὸ
1426 940 1518 992 τοῦ
1558 941 1795 1011 πονηροῦ
1829 942 1962 996 πλά-

393 1041 590 1094 σματος
641 1028 738 1096 τῆς
783 1028 1051 1096 ἁμαρτίας
1079 1029 1214 1098 πρὸς
1264 1029 1360 1098 τὴν
1403 1030 1534 1082 ἰδίαν
1575 1032 1758 1085 εἰκόνα
1800 1033 1960 1084 πάλιν

393 1117 862 1184 μετεργασάμενος
885 1133 898 1144 ·
943 1118 970 1168 ὁ
991 1118 1044 1169 δὲ
1075 1119 1234 1180 αὐτὸς
1269 1121 1361 1170 καὶ
1393 1118 1638 1189 θεμέλιος
1675 1121 1806 1190 ἡμῖν
1827 1123 1961 1190 γίνεο

389 1223 477 1257 ται
509 1207 614 1274 πρὸ
637 1206 728 1258 τοῦ
762 1207 1050 1276 μέλλοντος
1081 1209 1293 1272 αἰῶνος,
1332 1211 1470 1263 κατά
1499 1213 1596 1281 τὴν
1634 1212 1724 1264 τοῦ
1751 1213 1960 1266 Παύλου

391 1298 592 1367 φωνὴν,
623 1298 680 1360 ὃς
712 1315 895 1368 φησιν,
922 1299 1312 1366 ὃτιΘεμὲλιον
1343 1302 1542 1366 οὐδεὶς
1575 1302 1820 1355 δύναται
1847 1303 1962 1356 θεῖ-

391 1405 486 1442 ναι
514 1389 672 1456 παρὰ
701 1390 804 1441 τὸν
851 1391 1124 1458 κείμενον
1143 1407 1154 1418 ·
1203 1391 1300 1443 καὶ
1328 1391 1441 1458 πρὸ
1493 1392 1599 1444 τοῦ
1639 1395 1836 1447 ἐλθεῖν
1860 1393 1965 1459 τὰς

391 1479 589 1548 πηγὰς
617 1479 734 1532 τῶν
765 1479 1021 1544 ὑδάτων,
1041 1481 1134 1534 καὶ
1169 1482 1281 1548 πρὸ
1319 1482 1424 1534 τοῦ
1447 1482 1550 1549 ὅρη
1581 1483 1963 1550 ἑδρασθῆναι,

392 1569 490 1623 καὶ
517 1569 630 1637 πρὸ
652 1569 759 1622 τοῦ
777 1569 880 1635 τὰς
909 1571 1216 1636 ἀϐύσσους
1245 1571 1514 1639 ποιῆσαι,
1547 1574 1642 1626 καὶ
1679 1573 1790 1640 πρὸ
1821 1573 1968 1626 πάν-

391 1677 510 1714 των
534 1660 778 1725 ,Βουνῶν
811 1664 992 1731 γεννᾷ
1022 1680 1126 1732 με·
1177 1664 1396 1716 δυνατὸν
1443 1667 1548 1736 γὰρ
1582 1667 1805 1719 ’ἑκαστον
1849 1665 1972 1720 τού·-

2059 491 2179 558 plici
2235 490 2454 542 nomine
2513 489 2794 558 appellans
2829 485 2962 541 illud
2999 485 3374 540 indumentum
3429 485 3628 540 :modo

2055 597 2088 650 ιι
2133 580 2272 634 idem
2291 581 2496 642 dir-eus,
2517 579 2730 634 Induite
2751 595 2938 634 novum
2957 578 3212 632 hominem
3233 578 3323 646 qui
3345 577 3628 629 secundum

2055 671 2223 724 Deum
2275 680 2480 724 creatus
2510 681 2586 724 est
2614 671 2658 700 5°
2695 686 2708 720 :
2758 669 2916 723 modo
2937 683 3086 732 vero,
3113 667 3324 720 Induite
3348 667 3629 720 Dominum

2061 761 2247 815 Jesum
2277 759 2544 814 Christum
2577 761 2643 816 “.
2677 761 2768 814 Sic
2795 761 2936 814 enim
2975 760 3136 814 nobis
3187 759 3364 828 ipsum
3397 758 3627 812 induen-

2060 851 2206 904 libus
2242 850 2566 920 principium
2601 853 2654 902 iit
2684 849 2892 902 viarum
2923 850 3117 904 salutis
3164 851 3256 918 qui
3305 848 3442 902 dixit
3473 866 3486 901 :
3520 846 3629 917 Ego

2059 959 2172 995 sum
2203 945 2286 996 via
2321 943 2392 1006 η,
2435 953 2492 996 ut
2523 957 2684 1011 opera
2719 957 2973 996 manuum
3002 957 3220 996 suarum
3271 957 3374 996 nos
3411 941 3630 1007 efﬁciat,

2061 1049 2090 1084 a
2125 1033 2360 1101 maligno
2391 1034 2642 1102 ﬁgmento
2667 1033 2869 1102 peccati
2904 1033 2968 1086 ad
3003 1048 3154 1086 suam
3181 1033 3468 1100 imaginem
3500 1047 3626 1087 cum

2061 1139 2250 1178 rursus
2284 1123 2554 1178 retinuerit
2589 1124 2766 1178 :idem
2822 1125 2936 1191 ipse
2963 1123 3121 1178 nobis
3166 1132 3250 1176 est
3304 1123 3630 1178 fundamen-

2063 1225 2172 1268 tum
2203 1224 2328 1270 ante
2377 1217 2615 1270 futurum
2669 1217 2952 1280 swculum,
3007 1216 3306 1268 secundum
3355 1213 3508 1268 Pauli
3535 1230 3631 1268 vo-

2062 1321 2178 1360 cem
2209 1307 2298 1376 qui
2325 1307 2477 1368 dicit,
2515 1309 2655 1375 quod
2693 1307 2870 1359 nullus
2926 1317 3090 1374 potest
3123 1306 3270 1358 aliud
3313 1305 3630 1372 fundamen-

2067 1405 2176 1448 tum
2193 1395 2370 1464 jacere
2392 1405 2583 1462 pra-ter
2603 1395 2735 1446 illud
2747 1395 2882 1462 quod
2895 1396 3118 1461 positum
3141 1409 3214 1447 est
3235 1395 3279 1424 ⁴³
3302 1412 3316 1459 ;
3341 1402 3394 1448 et
3415 1415 3426 1444 ;
3449 1393 3634 1446 Prius-

2066 1503 2224 1556 quam
2243 1495 2443 1540 montes
2474 1488 2885 1554 ]irmMiessent,
2909 1497 2956 1538 et
2985 1487 3286 1554 priusquam
3313 1486 3530 1554 abyssos
3558 1485 3634 1553 fe-

2068 1578 2241 1640 cisset,
2275 1587 2324 1630 et
2355 1587 2474 1630 ante
2505 1578 2686 1639 colles,
2722 1588 2968 1648 genuerat
3001 1595 3080 1630 me
3108 1578 3183 1642 “;
3219 1577 3332 1631 ﬁeri
3359 1578 3502 1630 mim
3546 1591 3634 1645 po-

2069 1677 2196 1730 test,
2233 1678 2286 1722 ul
2321 1669 2510 1720 horum
2559 1684 2726 1721 unum
2770 1669 3026 1736 quodque
3050 1668 3372 1736 proverbiali
3401 1681 3634 1721 consue-

392 1768 498 1806 των
545 1753 684 1806 κατά
729 1753 825 1824 τὴν
873 1753 1210 1822 παροιμιώδη
1263 1755 1546 1825 συνήθειαν
1604 1757 1960 1826 μεταληφοὲν,

2072 1760 2258 1814 tudine
2283 1759 2347 1812 ad
2377 1759 2640 1828 tropicam
2655 1759 3162 1828 contemplationem
3181 1766 3632 1827 transsumplum,

395 1847 474 1908 εἰς
524 1845 788 1915 τροπικὴν
844 1844 1074 1915 θεωρίαν
1129 1847 1536 1918 ὲφαρμοσθῆναι
1569 1847 1646 1918 τῷ
1687 1847 1847 1918 λόγῳ.
1900 1849 1962 1904 Ὀ

395 1934 502 2007 γὰρ
550 1935 719 2004 μέγας
746 1937 908 1988 Δαϐὶδ
935 1935 1276 2006 δικαιοσύνην
1324 1937 1577 2006 ὀνομάζει
1625 1937 1692 1990 τὰ
1742 1938 1840 2007 ὄρη
1869 1936 1962 1990 τοῦ

394 2026 549 2087 Θεοῦ,
580 2026 847 2088 ἀϐύσσους
885 2027 940 2078 δὲ
985 2026 1052 2079 τὰ
1079 2027 1340 2097 κρίματα,
1374 2029 1552 2097 πηγὰς
1583 2027 1638 2080 δὲ
1673 2033 1799 2091 τοὺς
1833 2029 1967 2081 διδα-

398 2116 624 2179 σκάλους
650 2119 706 2168 έν
733 2117 1284 2186 Ἐκκλησίαις,λέγων
1301 2136 1314 2148 ·
1347 2121 1661 2188 Εὐλογεῖτε
1687 2120 1792 2172 τὸν
1819 2123 1969 2174 Θεὸν

398 2210 610 2273 Κύριον
639 2207 706 2258 ἐκ
730 2207 935 2275 πηγῶν
973 2208 1246 2276 Ἰσραήλ·
1277 2208 1492 2276 βουνοὺς
1526 2209 1581 2262 δὲ
1606 2210 1702 2278 τὴν
1729 2211 1964 2263 ἀκακίαν

399 2298 464 2364 ἢν
492 2296 578 2347 διὰ
605 2295 696 2348 τοῦ
737 2297 1102 2366 σκιρτήματος
1131 2299 1240 2350 τῶν
1269 2299 1468 2368 ἀρνίων
1503 2299 1816 2362 ἐνεδείξατο.
1852 2301 1965 2370 Πρὸ

396 2385 598 2439 τούτων
627 2383 718 2438 οὖν
749 2389 804 2438 έν
841 2389 972 2455 ἡμῖν
1000 2390 1251 2454 γεννᾶται
1281 2390 1310 2442 ὁ
1333 2389 1398 2441 δι’
1429 2391 1574 2458 ἡμᾶς
1613 2390 1848 2452 κτισθεὶς
1875 2391 1966 2443 ἄν·

399 2477 633 2546 θρωπος,
663 2477 750 2528 ἵνα
779 2477 874 2529 καὶ
903 2479 934 2547 ἡ
965 2477 1072 2530 τῶν
1111 2478 1368 2530 τοιούτων
1393 2479 1584 2541 κτίσις,
1619 2481 1674 2531 ἐν
1702 2482 1828 2548 ἡμῖν
1855 2479 1962 2549 χώ-

401 2585 501 2640 ραν
528 2568 680 2638 εὕρῃ.
735 2569 894 2622 Ἀλλὰ
924 2570 1298 2640 παραδραμεῖν
1329 2566 1482 2639 οἶμαι
1511 2571 1702 2639 χρῆναι
1728 2571 1816 2622 τὸν
1841 2573 1966 2640 περὶ

399 2656 602 2709 τούτων
631 2656 806 2723 λόγον,
840 2659 1036 2720 ἱκανῶς
1062 2661 1172 2720 τοῖς
1206 2659 1537 2728 εύγνώμοσιν
1561 2658 1965 2730 ὑποδειχθείσης

399 2749 468 2800 δι’
497 2749 690 2814 ὀλίγων
721 2749 816 2817 τῆς
849 2749 1120 2818 ἀληθείας.

483 2846 604 2898 Ἐπὶ
629 2847 684 2898 δὲ
717 2846 786 2897 τὰ
822 2843 1016 2913 ἐφεξῆς
1058 2844 1164 2895 τῶν
1198 2842 1290 2896 τοῦ
1330 2843 1593 2913 Εὐνομίου
1633 2843 1804 2910 λόγων
1843 2861 1970 2913 μετ-

402 2935 664 3004 έλοωμεν.
727 2937 820 2988 Ἑν
858 2934 1045 3001 ἀρχῇ,
1081 2935 1278 3003 φησὶν,
1316 2935 1492 2998 ὄντα,
1534 2937 1644 2987 οὐκ
1677 2934 1970 3008 ἄναρχον·

2065 1850 2230 1902 verbo
2258 1851 2329 1902 sit
2386 1847 2876 1900 accommodatum.
2910 1846 3040 1899 Nam
3091 1861 3320 1914 magnus
3354 1844 3518 1896 David
3541 1843 3636 1912 ju-

2068 1939 2276 1992 stitiam
2315 1938 2404 1992 Dei
2431 1945 2646 1992 montes
2708 1937 2972 1996 nominat.
3005 1937 3232 2008 abyssos
3255 1951 3382 1990 vero
3405 1933 3636 2003 judicia,

2071 2029 2248 2086 fontes
2271 2039 2450 2083 autem
2481 2029 2732 2084 doctores
2759 2031 2812 2082 in
2863 2029 3120 2084 Ecclesiis
3143 2047 3158 2094 ;
3183 2029 3372 2082 dicens
3405 2047 3418 2080 :
3471 2026 3640 2080 Bene-

2075 2121 2236 2173 dicite
2264 2119 2368 2173 Deo
2401 2119 2628 2173 Domino
2658 2136 2720 2172 ea
2748 2119 2980 2187 {antibus
3005 2118 3178 2172 Israel
3203 2119 3268 2172 “.
3291 2118 3470 2170 Colles
3510 2129 3636 2168 vero

2077 2211 2474 2274 innocentiam,
2533 2225 2694 2278 quam
2741 2225 2833 2278 per
2883 2224 3144 2278 agnorum
3209 2209 3634 2262 exsultationem

2068 2302 2480 2355 demonstravit.
2539 2302 2680 2355 Ante
2711 2301 2822 2354 haec
2846 2301 3009 2368 igitur
3055 2300 3108 2352 in
3141 2299 3300 2353 nobis
3347 2307 3638 2366 generatur

2069 2391 2159 2443 ille
2188 2389 2282 2458 qui
2319 2399 2536 2458 propter
2563 2405 2660 2442 nos
2697 2398 2913 2443 creatus
2947 2396 3029 2441 est
3059 2387 3237 2448 homo,
3273 2395 3331 2439 ut
3359 2395 3412 2438 et
3449 2385 3636 2438 talium

2066 2485 2317 2532 creatura
2341 2478 2394 2530 in
2437 2478 2593 2532 nobis
2625 2479 2802 2530 locum
2835 2477 3096 2532 inveniat.
3143 2475 3250 2530 Sed
3283 2477 3350 2529 de
3387 2477 3472 2531 his
3523 2477 3639 2530 dis—

2068 2568 2406 2636 putationem
2433 2566 2865 2635 praetereundam
2897 2583 3018 2622 esse
3045 2567 3310 2630 arbitror,
3348 2583 3470 2620 cum
3505 2569 3640 2622 satis

2065 2657 2278 2711 abunde
2319 2659 2622 2726 praesertim
2673 2659 2843 2726 aequis
2888 2666 2942 2712 et
3007 2658 3255 2712 candidis
3297 2659 3642 2712 auditoribus

2063 2749 2133 2802 sit
2173 2749 2362 2818 paucis
2394 2749 2763 2802 demonstrata
2798 2749 3016 2804 veritas.

2139 2843 2319 2907 Quare
2378 2844 2442 2894 ad
2507 2843 2762 2896 Eunomii
2831 2858 2952 2911 quae
3012 2842 3269 2912 deinceps
3343 2855 3646 2911 sequuntur.

2069 2931 2230 2984 verba
2274 2944 2582 2998 pergamus.
2678 2927 2744 2982 In
2785 2931 3062 2998 principio,
3114 2931 3309 2999 inquit,
3369 2931 3452 3000 qui
3505 2940 3640 2996 erat,

402 3023 448 3076 ὢ
483 3027 596 3087 πῶς
621 3027 730 3077 νοεῖ
755 3024 852 3086 τὰς
892 3023 1038 3086 Θείας
1061 3023 1261 3090 φωνὰς,
1287 3024 1314 3076 ὁ
1338 3023 1428 3075 ἐπὶ
1453 3024 1661 3076 συνέσει
1687 3024 1824 3093 ὑπὲρ
1851 3023 1970 3085 τοὺς

2072 3029 2374 3075 nontamen
2402 3022 2661 3089 principio
2697 3029 2862 3073 caret.
2919 3020 3204 3085 Quomodo
3237 3021 3324 3074 hic
3365 3021 3458 3074 Dei
3482 3035 3642 3076 voces

403 3113 596 3176 ἄλλους
625 3113 837 3182 φρονῶν
864 3130 878 3178 ;
910 3113 1012 3164 Τὸν
1043 3114 1100 3164 ὲν
1123 3113 1261 3181 ἀρχῇ
1295 3111 1442 3175 ὄντα,
1468 3113 1638 3181 ἀρχὴν
1670 3110 1859 3180 ἔχοντα
1886 3112 1970 3182 έρ-

2076 3109 2355 3180 intelligit,
2389 3110 2479 3178 qui
2502 3109 2856 3177 intelligentia
2880 3109 3018 3164 alios
3033 3125 3292 3178 superare
3309 3112 3422 3165 vult
3442 3111 3646 3166 videri?

408 3203 660 3274 μηνεύει·
719 3203 810 3255 καὶ
843 3203 942 3254 οὐκ
971 3199 1108 3254 οἶδεν
1145 3202 1222 3252 ὅτι
1253 3203 1299 3252 εί
1331 3201 1502 3271 ἀρχὴν
1527 3199 1638 3270 ἔχει
1672 3203 1699 3252 ὁ
1745 3201 1801 3251 ὲν
1830 3201 1970 3272 ἀρχῇ

2078 3199 2212 3253 Ειιιιι
2251 3201 2343 3270 qui
2379 3207 2498 3254 erat
2538 3199 2590 3250 in
2631 3200 2920 3268 principio,
2975 3201 3302 3270 principium
3355 3200 3643 3256 habentem

404 3295 505 3358 ὣν,
531 3294 626 3347 καὶ
656 3295 687 3362 ή
721 3292 862 3362 ἀρχὴ
895 3293 1116 3353 πάντως
1145 3290 1256 3360 ἔχει
1283 3290 1444 3361 ἄλλην
1469 3293 1662 3361 ἀρχήν.
1697 3292 1760 3343 Ὃ
1781 3289 1889 3360 γὰρ
1908 3290 1973 3344 ἂν

406 3386 498 3436 ἐπὶ
530 3387 626 3451 τῆς
654 3383 828 3452 ἀρχῆς
857 3383 1004 3451 εἴπῃ,
1030 3380 1183 3434 τοῦτο
1206 3381 1322 3434 κατ’
1344 3382 1586 3452 ἀνάγκην
1615 3381 1708 3433 καὶ
1733 3381 1858 3450 περὶ
1881 3379 1974 3432 τοῦ

307 3477 312 3480 ’
408 3475 464 3526 ὲν
500 3476 562 3544 τῇ
601 3475 741 3543 ἀρχῇ
775 3471 924 3532 ὅντος
968 3470 1286 3540 ὁμολογήσει
1313 3471 1548 3533 πάντως.
1601 3471 1724 3532 Πῶς
1767 3471 1876 3540 γὰρ
1916 3470 1976 3524 τὸ

407 3565 465 3616 ὲν
494 3565 560 3632 τῇ
593 3564 732 3632 ἀρχῇ
767 3560 847 3624 ὃν,
879 3559 975 3629 τῆς
1003 3559 1176 3630 ἀρχῆς
1203 3559 1630 3630 χωρισθήσεται;
1663 3559 1785 3621 Πῶς
1812 3559 1866 3611 δέ
1891 3575 1976 3621 τις

406 3655 468 3706 τὸ
499 3656 608 3707 οὐκ
638 3649 733 3720 ἦν,
768 3651 1149 3720 προεπινοήσει
1179 3649 1273 3700 τοῦ
1313 3645 1424 3718 ﬁt»;
1487 3650 1633 3711 ὅπως
1661 3648 1770 3719 γάρ
1801 3649 1864 3702 ἄν
1895 3665 1978 3710 τις

409 3743 700 3812 ἀναγαγὼν
733 3740 926 3794 ἑαυτοῦ
974 3739 1070 3810 τὴν
1096 3739 1330 3792 διάνοιαν
1357 3740 1494 3810 πρὸς
1525 3741 1622 3810 τὴν
1655 3739 1978 3808 κατανόησιν

407 3837 507 3906 τῆς
557 3836 725 3904 ἀρχῆς
778 3832 1088 3902 ὑπερτείνῃ,
1140 3831 1494 3898 συγκατανοεῖ
1536 3831 1751 3892 πάντως
1795 3829 1885 3881 τὸν
1919 3828 1978 3880 ἐν

411 3929 546 3997 αὐτῇ
577 3927 704 3979 ὄντα
739 3925 910 3990 Λόγον
941 3922 1272 3992 χωρισθῆναι
1301 3921 1400 3990 τῆς
1439 3923 1494 3973 ἐν
1617 3923 1763 3974 ἐστιν
1803 3920 1980 3991 ἀρχῆς

414 4021 488 4090 μὴ
514 4019 826 4082 δυνάμενον,
853 4014 1107 4067 οὐδέποτε
1133 4013 1224 4066 τοῦ
1257 4017 1312 4066 ὲν
1333 4014 1468 4083 αὐτῇ
1502 4009 1636 4067 εἶναι
1667 4013 1788 4066 οὔτε
1813 4014 1976 4083 ἀρχό-

415 4127 594 4182 μενον,
619 4107 739 4160 οὕτε
766 4106 1090 4175 παυόμενον.
1124 4105 1327 4174 Μηδεὶς
1359 4105 1414 4156 δὲ
1446 4105 1528 4158 διὰ
1551 4105 1753 4157 τούτων
1782 4106 1861 4167 εις
1886 4105 1978 4158 δύο

412 4201 586 4272 ἀρχὰς
613 4197 933 4268 διασχιζέτω
965 4197 1023 4250 τὸ
1067 4197 1258 4265 δόγμα.
1301 4197 1413 4248 Μία
1451 4197 1558 4268 γάρ
1586 4199 1728 4249 ἐστιν
1751 4196 1824 4259 ὡς
1850 4197 1982 4266 ἀλη-

415 4295 524 4356 θῶς
547 4296 580 4364 ἡ
609 4283 824 4364 ἀρχὴ,ᾗ
852 4289 1166 4359 ἀχωρίστως
1198 4288 1541 4359 ἐνθεωρείται
1567 4289 1595 4340 ὁ
1623 4287 1814 4354 Λόγος,
1843 4288 1872 4339 ὁ
1894 4288 1981 4340 διὰ

417 4387 636 4440 πάντων
672 4381 806 4453 πρὸς
833 4381 922 4432 τὸν
949 4379 1166 4448 Πατέρα
1204 4379 1496 4448 ἡνωμένος.
1552 4377 1736 4430 Ταῦτα
1769 4377 1980 4446 φρονῶν

2078 3293 2494 3360 interpretatur.
2529 3291 2716 3345 Nescit
2743 3291 2887 3359 quod
2919 3291 2964 3344 si
2991 3291 3081 3360 qui
3117 3301 3234 3345 erat
3263 3294 3314 3345 in
3351 3293 3642 3364 principio,

2077 3383 2240 3436 habet
2294 3382 2650 3451 principium,
2705 3383 2894 3451 procul
2929 3383 3094 3436 dubio
3121 3383 3282 3436 etiam
3317 3384 3644 3453 principium

2075 3473 2221 3526 aliud
2251 3473 2471 3526 habebit
2507 3472 2859 3542 principium.
2893 3471 3046 3537 Quod
3088 3474 3230 3526 enim
3271 3473 3338 3526 de
3379 3474 3646 3542 principio

2077 3565 2294 3628 dixerit,
2322 3566 2424 3619 hoc
2447 3565 2610 3618 etiam
2638 3562 2704 3618 de
2733 3579 2797 3617 eo
2821 3567 2913 3632 qui
2941 3571 3057 3618 erat
3081 3564 3132 3616 in
3161 3563 3428 3632 principio
3457 3579 3648 3618 neces-

2077 3656 2225 3710 sario
2252 3670 2479 3724 prorsus
2505 3656 2858 3709 concesserit.
2881 3653 3164 3719 Quomodo
3193 3653 3336 3707 enim
3373 3654 3465 3723 qui
3489 3661 3571 3710 est
3593 3655 3649 3708 iu

2077 3747 2375 3816 principio,
2405 3762 2434 3798 a
2467 3747 2736 3816 principio
2765 3745 3148 3815 separabilur?
3195 3742 3478 3808 Quomodo
3524 3746 3650 3814 quis

2078 3837 2182 3891 hoc
2243 3853 2453 3906 nempe.
2504 3853 2606 3889 non
2636 3845 2788 3900 erat,
2833 3835 2985 3904 prius
3021 3835 3303 3902 intelliget,
3347 3849 3509 3903 quam
3546 3835 3648 3888 hoc

2079 3928 2308 3989 scilicet,
2343 3937 2452 3980 erat
2474 3931 2498 3982 ξ)
2517 3925 2637 3993 Quo
2666 3928 2810 3982 enim
2837 3925 3001 3979 modo
3024 3928 3149 3993 quis
3176 3925 3460 3978 adductam
3493 3940 3646 3978 suam

2079 4019 2491 4089 intelligentiam
2523 4020 2588 4073 ad
2624 4018 2879 4088 principii
2902 4017 3269 4086 cognitionem
3299 4027 3648 4086 superexten-

2080 4111 2181 4176 dit,
2231 4111 2393 4163 simul
2427 4125 2656 4179 prorsus
2699 4117 2882 4162 mente
2923 4107 3175 4177 concepit
3213 4105 3447 4162 Verbum
3501 4109 3644 4178 quod

2080 4201 2233 4254 estin
2249 4215 2332 4260 eo,
2347 4201 2490 4253 aheo
2510 4199 2777 4268 principio
2793 4199 2846 4252 in
2865 4214 2973 4268 quo
2987 4206 3192 4252 estnon
3211 4213 3372 4268 posse
3384 4202 3645 4267 separari,

2083 4306 2256 4360 neque
2284 4307 2522 4359 unquam
2559 4292 2614 4344 in
2643 4291 2764 4360 ipso
2779 4305 2904 4344 esse
2927 4291 3171 4359 incipere
3185 4305 3364 4360 neque
3381 4289 3643 4346 desinere.

2083 4381 2275 4434 Nullus
2305 4391 2484 4433 autem
2523 4397 2619 4452 per
2658 4381 2772 4435 lucc
2801 4381 2855 4433 in
2883 4381 2993 4434 duo
3023 4381 3288 4450 principia
3325 4381 3518 4452 dogma
3565 4382 3649 4436 die

413 4475 666 4544 οὐδεμίαν
695 4471 854 4524 δώσει
887 4473 952 4539 τῇ
987 4471 1194 4539 αἱρέσει
1224 4468 1472 4538 πάροδον,
1497 4467 1582 4519 διὰ
1609 4466 1706 4536 τῆς
1737 4484 1970 4519 καινοτο-

2083 4471 2298 4525 scindat
2323 4490 2335 4524 :
2366 4487 2531 4524 unum
2555 4471 2696 4524 enim
2717 4480 2799 4525 est
2823 4486 2949 4525 vere
2965 4471 3289 4540 principium
3305 4471 3358 4525 in
3378 4486 3486 4539 quo
3507 4472 3650 4526 inse—

418 4567 546 4636 μίας
578 4563 671 4615 τοῦ
713 4564 1006 4630 ἀγεννήτου
1042 4561 1301 4628 ὀνόματος
1337 4562 1403 4628 τῇ
1442 4557 1693 4627 εὐσεϐείᾳ
1721 4557 1980 4627 λυμαίνε-

415 4655 558 4707 σθαι.
621 4654 707 4705 Ἐν
735 4653 792 4704 δὲ
835 4653 948 4712 τοῖς
985 4650 1180 4718 ἐφεξῆς
1224 4647 1517 4702 ἐκτεθεῖσιν
1561 4645 1710 4717 ἄρτῳ
1743 4645 1915 4700 ἔοικεν
1954 4649 1982 4699 ὁ

412 4745 569 4812 λόγος
595 4742 757 4796 αὑτοῦ
791 4741 990 4811 πολλὴν
1019 4741 1192 4810 ἔχοντι
1213 4739 1309 4810 τὴν
1341 4736 1618 4807 ἐπιμιξίαν
1643 4740 1742 4808 τῆς
1770 4739 1977 4807 ἄμμου.

412 4833 538 4896 Τοῖς
580 4833 688 4902 γὰρ
735 4832 901 4900 ὑγιῶς
949 4830 1256 4899 λεγομένοις
1301 4827 1367 4880 τὰ
1399 4827 1646 4898 αἱρετικά
1707 4828 1981 4898 συμμίξας

413 4927 677 4995 νοήματα,
697 4924 936 4994 ἄϐρωτον
962 4921 1048 4974 διὰ
1073 4920 1163 4972 τοῦ
1191 4917 1636 4989 συμμεμιγμένου
1665 4917 1812 4971 λίθου
1841 4921 1984 4971 ποιεῖ

413 5015 510 5068 καὶ
549 5016 606 5068 τὸ
659 5015 939 5085 τρόφιμον.
1006 5011 1166 5079 Λέγει
1197 5011 1306 5080 γὰρ
1395 5007 1615 5077 σοφίαν
1647 5007 1841 5068 ζῶσαν
1875 5010 1983 5064 τὸν

413 5109 651 5172 Κύριον,
701 5106 800 5159 καὶ
832 5105 1122 5172 ἀλήθειαν
1157 5099 1544 5170 ἐνεργοῦσαν,
1585 5100 1682 5152 καὶ
1727 5099 1982 5170 δύναμιν

417 5193 797 5262 ὑφεστῶσαν,
851 5195 948 5246 καὶ
985 5191 1154 5259 ζωήν·
1207 5193 1352 5253 Ἕως
1386 5188 1573 5242 τούτου
1608 5189 1668 5242 τδ
1695 5189 1979 5260 τρόφιμονν

413 5287 650 5355 ἐντίθησι
692 5285 746 5338 δὲ
794 5288 905 5348 τοῖς
948 5283 1254 5354 εἰρημένοις
1299 5281 1390 5333 τὸν
1437 5281 1510 5333 ἱὸν
1561 5281 1659 5349 τῆς
1698 5279 1978 5351 αἱρέσεως.

413 5375 682 5444 Γεννητὴν
725 5374 833 5443 γὰρ
861 5375 958 5444 τὴν
1002 5375 1142 5444 ζωὴν
1167 5373 1458 5442 ὀνομάσας,
1494 5371 1621 5425 ἄλλο
1665 5388 1717 5422 τι
1751 5373 1815 5441 τῇ
1844 5361 1980 5442 πρός

413 5466 510 5533 τὴν
541 5465 830 5535 ἀγέννητον
869 5464 1009 5532 ζωὴν
1045 5463 1418 5531 ἀντιδιαστολῇ
1450 5464 1575 5525 νοεῖ,
1616 5461 1709 5514 καὶ
1736 5461 1856 5530 οὐχὶ
1883 5461 1980 5530 τὴν

2081 4560 2401 4628 parabiliter
2436 4559 2674 4614 Verbum
2715 4575 2837 4615 esse
2863 4561 3210 4630 intelligitur,
3241 4563 3382 4629 quod
3413 4577 3508 4630 per
3532 4577 3644 4614 om-

2085 4651 2174 4704 nia
2230 4651 2284 4703 in
2329 4648 2488 4703 Patre
2523 4651 2734 4704 unitum
2774 4659 2877 4704 est.
2913 4649 3015 4715 Qui
3062 4651 3178 4704 haec
3229 4652 3395 4704 sentit
3441 4651 3648 4706 nullum

2081 4739 2343 4808 praebebit
2378 4740 2566 4794 haeresi
2593 4740 2823 4803 aditum,
2859 4749 2918 4793 ut
2951 4741 3196 4794 novitate
3227 4742 3466 4795 nominis
3495 4743 3649 4812 inge-

2087 4827 2186 4880 niti
2235 4828 2486 4895 pietatem
2543 4829 2896 4886 contaminet.
2959 4827 3018 4880 In
3071 4829 3426 4897 sequentibus
3468 4843 3650 4884 autem

2082 4915 2265 4969 verbis
2297 4916 2479 4980 editis,
2513 4917 2636 4984 pani
2679 4916 2900 4968 multam
2928 4931 3105 4970 arenae
3139 4917 3516 4972 admistionem
3552 4920 3648 4972 lia-

2080 5005 2227 5060 benti
2265 5006 2384 5074 ejus
2404 5007 2600 5061 similis
2647 5007 2862 5060 videtur
2913 5009 3106 5060 oratio.
3147 5006 3282 5060 Cum
3338 5008 3481 5062 enim
3520 5024 3654 5063 sane

2081 5097 2246 5152 dictis
2306 5097 2591 5152 haereticus
2645 5097 2992 5152 cmnmiscuit
3049 5099 3324 5164 notiones,
3377 5099 3650 5168 lapidibus

2081 5179 2390 5259 commistis
2459 5187 2638 5240 cibum
2692 5187 2868 5242 reddit
2933 5202 3039 5240 non
3094 5188 3210 5241 esui
3267 5195 3474 5256 aptum.
3511 5187 3651 5240 Dicit

2083 5279 2226 5332 enim
2279 5279 2596 5346 sapientiam
2646 5279 2896 5332 viventem
2947 5277 3224 5330 Dominum
3278 5287 3328 5331 et
3385 5281 3651 5332 veritatem

2088 5379 2408 5436 operantem,
2455 5381 2501 5423 et
2521 5371 2810 5438 potentiam
2829 5370 3218 5432 subsistentem,
3252 5378 3300 5421 et
3333 5372 3515 5424 vitam.
3543 5368 3654 5422 lluc

2087 5475 2264 5530 usque
2295 5459 2439 5529 quod
2464 5467 2642 5528 p0test
2671 5461 2847 5526 alere;
2882 5461 2978 5516 sed
3019 5459 3184 5515 dictis
3215 5475 3477 5514 venenum
3512 5463 3657 5512 insc-

489 5667 535 5696 ⁶⁰
574 5664 772 5736 Ephcs.
815 5663 1009 5736 “32-4.
1085 5663 1124 5694 δ’
1157 5662 1312 5716 Ποιιι.
1348 5675 1465 5724 xnl,
1501 5657 1586 5711 M.
1663 5657 1708 5688 ’δ’
1749 5656 1905 5712 Joan.
1955 5673 1970 5711 ι

2114 5657 2168 5712 6.
2208 5655 2298 5712 25.
2357 5653 2450 5710 “l
2496 5655 2624 5712 Cor.
2675 5672 2759 5723 ιιι,
2807 5657 2893 5713 il.
2948 5658 2994 5690 “
3022 5655 3182 5714 Prov.
3229 5671 3345 5720 vui,
3386 5651 3456 5710 24
3500 5669 3655 5730 δορις.

417 5736 466 5768 ⁸⁵
509 5733 652 5792 Psal.
701 5749 866 5800 uvu,
897 5733 984 5788 “27.
