4146 6370
500 277 602 331 διε

1737 268 1791 323 S.
1823 266 2150 323 GRI‘ZGORH
2194 262 2485 321 NYSSENI

3644 270 3750 325 520

500 392 572 445 rit
605 392 894 445 hazrcseos.
926 389 1060 443 Dum
1098 389 1243 444 enim
1277 387 1444 441 vitam
1476 388 1843 460 generahllcm
1888 387 2066 440 nomi-

2179 386 2339 448 ἥντως
2372 384 2533 456 ζωὴν,
2576 385 2666 438 τὸν
2700 383 2828 438 Υἰὸν
2862 384 3190 438 ὑποτίθεται.
3237 379 3365 436 Εἶτα
3404 387 3595 453 φησίν’
3652 386 3750 450 Ὠς

500 488 616 546 nat,
649 481 796 534 aliud
837 479 1095 550 quiddam
1128 480 1273 549 quod
1313 478 1664 549 ingenerabili
1702 480 1824 531 vita:
1867 478 1937 532 sit
1973 492 2068 545 0p-

501 574 737 642 positum
789 573 1058 641 intelligit,
1099 586 1273 642 neque
1324 570 1521 624 Filium
1554 586 1678 624 vere
1738 571 1901 624 vitam
1946 585 2067 625 esse

499 664 780 734 supponit.
818 662 1022 717 Deinde
1052 663 1205 728 dicit,
1250 660 1317 715 Ut
1341 660 1540 715 Filium
1579 660 1675 713 Dei
1716 662 2065 728 viviﬁcantem
2106 726 2111 735 ‘

500 762 753 812 mortuos,
802 752 968 804 lucem
1000 768 1193 815 veram,
1262 751 1432 804 lucem
1498 766 1613 818 qua:
1639 750 1904 802 illuminat
1955 766 2067 803 om-

500 861 616 897 nem
681 844 941 896 hominem
1032 844 1313 896 renientem
1380 844 1432 895 in
1488 842 1624 894 hunc
1694 841 1943 894 mundum
1991 841 2063 905 “,

499 932 689 985 bonum
718 942 765 983 et
808 929 1248 997 suppeditatorem
1291 929 1544 982 bonorum
1572 944 1589 981 :
1618 929 1729 981 ha‘c
1762 928 1941 981 omnia
1970 943 2067 998 pro

497 1021 731 1089 quodam
773 1020 935 1072 melle
990 1017 1414 1087 simplicioribus
1457 1018 1809 1087 protendens,
1868 1017 2065 1070 horum

496 1109 787 1162 verborum
818 1106 1110 1162 dulcedine
1173 1107 1335 1161 letale
1385 1107 1541 1160 virus
1579 1108 1857 1161 occultat:
1891 1108 2068 1162 conti-

497 1214 607 1253 nuo
637 1199 782 1253 enim
812 1199 977 1253 dictis
1010 1198 1245 1254 subinde
1270 1214 1429 1254 suum
1466 1199 1839 1268 perniciosum
1889 1208 1944 1254 et
1982 1200 2065 1253 vi-

496 1291 773 1345 rulentum
810 1290 979 1343 animi
1028 1305 1251 1345 sensum
1304 1290 1507 1359 prodit,
1543 1290 1669 1343 dum
1714 1291 1887 1344 dicit:
1944 1290 2065 1345 Non

494 1398 613 1435 cum
649 1397 710 1435 eo
735 1382 824 1450 qui
849 1381 1025 1450 genuit
1057 1381 1218 1433 simul
1247 1380 1523 1449 dignitatis
1539 1391 1741 1449 portent
1769 1383 2065 1449 accepisse:

495 1487 599 1525 non
622 1470 718 1523 alii
748 1470 992 1535 cuiquam
1021 1473 1251 1537 patriam
1298 1471 1583 1523 essentiam
1616 1486 1735 1524 esse
1776 1471 2026 1524 tributam
2046 1485 2065 1524 :

496 1561 587 1616 sed
620 1570 791 1613 ortum
824 1575 937 1613 esse
989 1576 1050 1613 ea
1080 1561 1279 1613 illustri
1308 1562 1639 1629 generatione
1684 1562 1844 1615 etiam
1880 1562 2067 1632 gloria:

492 1653 786 1707 Dominum.
826 1661 875 1704 et
905 1667 935 1703 a
978 1650 1143 1704 Patre
1184 1653 1408 1721 gloriam
1452 1656 1733 1720 accepisse,
1782 1669 1880 1705 non
1920 1654 2065 1706 illius

2184 475 2321 528 Υίόν
2354 476 2501 529 Θεοῦ
2544 475 2935 536 ζωοποιοῦν-τα
2973 477 3111 541 τοὺς
3143 476 3412 542 νεκροὺς,
3443 475 3568 543 φῶς
3602 478 3747 542 ἁλη-

2174 565 2363 629 θινὸν,
2398 565 2523 633 φῶς
2561 565 2809 633 φωτίζον
2858 564 3053 618 πάντα
3086 565 3397 632 ἄνθρωπον
3424 566 3749 633 ἐρχόμενον

2173 658 2260 721 εὶς
2302 656 2410 709 τὸν
2446 658 2708 726 κόσμον,
2772 656 2997 726 ἀγαθὸν
3050 656 3147 709 καὶ
3192 657 3449 725 χορηγὸν
3490 656 3743 726 ἀγαθῶν.

2175 747 2360 800 Ταῦτα
2388 748 2562 800 πάντα
2602 749 2722 801 ἀντὶ
2761 747 2973 818 μέλιτός
3019 766 3162 811 τινος
3193 750 3302 810 τοῖς
3339 747 3748 817 ἀκεραιοτέροις

2175 838 2492 907 προτείνων,
2542 837 2880 907 ὑποκρύπτει
2911 840 2976 908 τῇ
3019 838 3313 907 γλυκύτητι
3346 836 3453 889 τῶν
3488 837 3747 907 ῥημάτιον

2173 926 2375 979 τούτων
2406 927 2466 979 τὸ
2494 927 2836 997 δηλητήριον.
2894 927 3069 989 Εὐθὺς
3107 927 3213 997 γὰρ
3238 927 3433 993 ἐπάγει
3464 930 3574 986 τοῖς
3596 928 3748 994 εἰρη-

2178 1018 2357 1087 μένοις
2378 1018 2438 1070 τὸ
2469 1018 2788 1088 φθοροποιὸν
2813 1017 2975 1071 αὐτοῦ
3000 1019 3195 1087 νόημα,
3223 1018 3396 1085 λέγων
3415 1034 3430 1049 θ
3478 1018 3621 1085 Οὐχὶ
3668 1016 3747 1079 τῷ

2175 1108 2538 1177 γεννήσαντι
2570 1109 3092 1177 σινμμερισάμενον
3126 1107 3239 1175 τὴν
3260 1109 3437 1169 ἀξίαν
3461 1124 3472 1137 '
3509 1109 3617 1160 οὐκ
3648 1107 3747 1159 ἆλ-

2172 1204 2260 1264 λῳ
2289 1201 2407 1253 τινὶ
2438 1202 2551 1270 τὴν
2590 1200 2887 1269 πατρικὴν
2920 1203 3140 1255 οὐσίαν
3165 1219 3177 1232 ο
3220 1202 3378 1254 ἀλλὰ
3422 1202 3747 1269 γενόμενον

2172 1292 2241 1345 ἐκ
2292 1292 2627 1362 γεννήσεως
2668 1294 2953 1359 ἔνδοξον,
3000 1294 3095 1347 καὶ
3142 1292 3252 1360 τῆς
3280 1292 3464 1358 δόξης
3505 1294 3741 1361 Κύριον,

2172 1384 2271 1437 καὶ
2310 1387 2570 1437 λαϐόντα
2622 1384 2780 1453 παρὰ
2825 1384 2931 1438 τοῦ
2963 1384 3190 1453 Πατρός
3241 1384 3461 1447 δόξαν’
3512 1385 3584 1439 οὐ
3636 1383 3744 1451 τῆς

2170 1476 2405 1530 ἐκείνου
2441 1477 2853 1544 μεταλαϐόντα
2894 1476 3107 1541 δόξης,
3147 1474 3508 1544 ἁμετάδοτος
3550 1473 3656 1542 γὰρ
3705 1477 3743 1542 ἡ

2171 1566 2318 1629 δόξα
2337 1566 2442 1619 τοῦ
2461 1566 2964 1634 Παντοκράτορος,
2992 1565 3183 1631 καθὼς
3199 1561 3329 1618 εἷπε
3346 1581 3359 1595 ·
3392 1583 3407 1614 ι
3428 1562 3543 1631 Τὴν
3560 1564 3746 1627 δόξαν

2167 1675 2288 1726 μου
2314 1657 2491 1724 ἑτέρῳ
2518 1660 2589 1709 οὐ
2628 1657 2853 1709 δώσω.»
2897 1657 3083 1710 Ταῦτά
3110 1659 3255 1709 ἐστιν
3296 1654 3366 1707 τὰ
3396 1655 3486 1708 ὲπὶ
3516 1653 3743 1707 Θανάτου

491 1743 675 1812 gloria:
707 1742 1013 1810 participem
1060 1757 1207 1795 esse:
1242 1759 1341 1795 non
1385 1745 1521 1796 enim
1547 1742 1926 1809 Omnipotentis
1965 1745 2070 1815 glo-

2179 1750 2460 1819 φάρμακα,
2498 1748 2532 1801 ἂ
2565 1747 2713 1818 μόνοι
2743 1738 3189 1814 διαγινώσκουσιν
3227 1749 3273 1799 οἱ
3309 1747 3745 1817 γεγυμνασμένοι

494 1835 577 1885 ria
610 1833 765 1885 alteri
794 1833 958 1885 tribui
987 1842 1175 1900 potest,
1203 1834 1339 1887 sicut
1392 1834 1550 1893 dixit.
1578 1852 1596 1883 ι
1627 1832 1865 1886 Gloriam
1899 1852 2067 1889 meam

2175 1840 2243 1891 τὰ
2277 1840 2373 1908 τῆς
2400 1839 2578 1909 ψυχῆς
2606 1838 2952 1909 αἰσθητήρια.

494 1926 651 1978 alteri
680 1921 1007 1992 nondabo",
1054 1926 1209 1979 shaec
1239 1936 1362 1980 sunt
1399 1927 1677 1980 mortilera
1696 1944 1926 1991 venena,
1951 1945 2071 1999 qua:
2111 1932 2215 1986 soli
2253 1932 2581 2002 dignoscunt
2609 1934 2701 2002 qui
2766 1933 2931 1985 animi
2997 1930 3345 2000 intelligentis
3388 1930 3745 1982 instrumenta

494 2017 695 2074 habent
720 2017 1032 2071 exercitata.

570 2111 769 2165 Ilorum
799 2118 981 2164 autem
1018 2109 1359 2164 mortiferum
1408 2110 1598 2164 vilium
1642 2112 1987 2169 manifestius
2016 2113 2071 2168 in

493 2201 788 2271 postremis
821 2200 985 2253 dictis
1023 2201 1299 2252 revelatur
1324 2240 1336 2253 .
1392 2200 1434 2251 A
1474 2199 1654 2263 Patre,
1684 2202 1880 2269 inquit,
1916 2203 2074 2273 adep-

499 2294 607 2338 tum
643 2286 896 2354 gloriam,
922 2302 1023 2338 non
1059 2286 1203 2337 illius
1225 2285 1407 2354 gloriae
1433 2290 1780 2355 participem:
1810 2308 1912 2344 non
1932 2293 2073 2345 enim

493 2377 947 2430 conrmunicabilis
1006 2386 1083 2431 est
1126 2376 1513 2445 Omnipotentis
1558 2380 1752 2449 gloria,
1777 2384 1917 2435 sicut
1963 2384 2072 2451 ipse

494 2468 672 2522 dixit:
713 2488 729 2519 ι
761 2468 996 2521 Gloriam
1030 2484 1199 2522 meam
1243 2469 1400 2523 alteri
1438 2486 1538 2522 non
1573 2470 1732 2525 dabo.
1767 2490 1786 2523 ι
1825 2470 1957 2537 Quis
1988 2480 2072 2528 est

496 2561 585 2613 ille
616 2561 753 2612 alter
801 2560 888 2612 cui
915 2559 1053 2612 dixit
1088 2559 1231 2614 Deus
1277 2576 1337 2615 se
1386 2562 1726 2629 majestatem
1778 2576 1931 2615 suam
1964 2579 2069 2618 non

494 2650 747 2703 daturum
776 2651 943 2704 esse?
976 2650 1104 2704 Nam
1137 2651 1400 2720 propheta
1430 2652 1496 2705 de
1534 2652 1849 2707 adversario
1899 2655 2073 2724 loqui-

498 2749 620 2794 tur:
671 2750 724 2795 at
764 2756 892 2794 vero
920 2740 1222 2797 Eunomius
1255 2743 1309 2795 in
1342 2744 1691 2813 Unigenitum
1728 2744 1897 2800 Deum
1937 2748 2071 2800 vat-i-

496 2831 702 2886 cinium
740 2830 927 2886 refert.
959 2832 1095 2885 Cum
1123 2833 1267 2888 enim
1309 2851 1375 2887 ex
1412 2834 1505 2889 Dei
1551 2851 1787 2905 persona
1840 2837 2068 2893 dixisset

497 2922 779 2990 propheta,
814 2920 1054 2975 Gloriam
1085 2939 1255 2976 meam
1280 2925 1435 2978 alteri
1485 2942 1587 2979 non
1637 2926 1809 2982 dabo:
1841 2929 2067 2996 addidit,

502 3022 552 3066 et
602 3013 820 3065 virtutes
858 3029 999 3067 meas
1048 3013 1403 3083 sculptilibus.
1444 3015 1725 3086 Siquidem
1776 3016 1885 3073 Deo
1923 3020 2073 3074 dehi—

496 3108 614 3155 tmn
671 3102 875 3155 cultum
931 3110 985 3158 et
1031 3105 1408 3160 adorationem
1463 3108 1780 3162 adversario
1825 3110 2071 3167 homines

499 3193 689 3247 lraude
735 3194 895 3247 illecti
925 3194 1312 3257 attribuerunt.
1349 3198 1701 3267 sculptilibus
1753 3201 2071 3258 simulacris

497 3286 765 3341 dedicatis
792 3287 1073 3341 inimicum
1108 3287 1202 3341 Dei
1252 3289 1516 3353 colentes,
1557 3290 1965 3348 multiformiter
2017 3297 2069 3349 in

2247 2112 2462 2165 Τούτων
2496 2111 2551 2164 δὲ
2581 2113 2613 2182 ἡ
2650 2110 3022 2181 θανατηφόρος
3058 2109 3224 2163 κακία
3292 2108 3663 2179 φανερώτερον
3693 2111 3749 2161 ἐν

2172 2208 2284 2267 τοῖς
2338 2203 2666 2264 τελευταίοις
2724 2202 2831 2254 τῶν
2902 2201 3204 2272 εἰρημένων
3264 2200 3735 2253 ἀνακαλύπτεται·

2175 2298 2471 2358 Λαϐόντα,
2501 2295 2654 2363 φησὶ,
2687 2296 2845 2362 παρὰ
2877 2294 2983 2346 τοῦ
3021 2292 3248 2360 Πατρός
3282 2291 3490 2355 δόξαν,
3533 2292 3603 2343 οὐ
3641 2289 3748 2357 τῆς

2172 2382 2406 2438 ἐκείνου
2446 2385 2861 2452 μεταλαϐόντα
2899 2381 3115 2447 δόξης⁶
3171 2380 3531 2449 ἀμετάδοτος
3572 2380 3680 2448 γὰρ
3710 2381 3747 2445 ἡ

2172 2475 2321 2538 δόξα
2336 2474 2439 2527 τοῦ
2453 2473 2955 2541 Παντοκράτορος.
2981 2472 3171 2537 καθὼς
3196 2468 3325 2524 εἷπε
3342 2488 3354 2500 ·
3385 2491 3401 2521 ι
3422 2471 3539 2537 Τὴν
3558 2472 3750 2533 δόξαν

2167 2584 2287 2636 μου
2311 2566 2489 2632 ἑτέρῳ
2516 2567 2586 2619 οὺ
2613 2564 2837 2618 δώσω.»
2883 2563 2978 2625 Τίς
3011 2566 3155 2615 ἐστιν
3193 2564 3220 2615 6
3256 2562 3441 2633 ἕτερος
3466 2563 3670 2623 ἐκεῖνος
3704 2555 3749 2627 ᾧ

2173 2654 2323 2709 εἶπεν
2344 2658 2371 2709 6
2399 2656 2551 2718 Θεὸς,
2567 2655 2686 2722 Τὴν
2703 2656 2888 2719 δόξαν
2906 2674 3023 2723 μου
3048 2654 3132 2723 μὴ
3155 2654 3357 2719 δώσω;
3397 2656 3452 2706 Ὀ
3484 2655 3580 2723 μὲν
3618 2668 3749 2724 προ-

2175 2749 2349 2816 φήτης
2384 2747 2509 2815 περὶ
2548 2745 2641 2798 τοῦ
2681 2746 3054 2814 ἀντικειμένου
3088 2744 3235 2812 λέγει
3263 2760 3276 2773 ·
3328 2747 3355 2797 6
3399 2746 3453 2798 δὲ
3490 2745 3749 2809 But/611w;

2174 2838 2254 2897 εἰς
2296 2837 2457 2890 αὐτὸν
2504 2837 2597 2889 τὸν
2636 2836 2913 2906 Μονογενῆ
2942 2836 3073 2889 Θεὸν
3106 2836 3364 2907 ἀναφέρει
3411 2836 3507 2907 τὴν
3541 2855 3749 2908 προφη-

2174 2928 2343 2982 τείαν.
2377 2926 2559 2981 Εἰπὼν
2586 2927 2695 2998 γὰρ
2713 2930 2775 2981 ὲκ
2798 2926 3088 2999 προσώπου
3113 2927 3204 2979 τοῦ
3228 2927 3362 2981 Θεοῦ
3388 2930 3414 2980 6
3446 2929 3746 2998 προφήτης,

2172 3018 2254 3071 ὅτι
2284 3017 2400 3085 Τὴν
2422 3017 2611 3081 δόξαν
2626 3036 2745 3086 μου
2766 3018 2946 3086 ἑτέρῳ
2979 3021 3050 3072 οὺ
3073 3018 3243 3071 δώσω
3262 3036 3275 3048 ο
3310 3018 3647 3088 προσέθηκεν
3667 3022 3749 3072 ὅτι

2172 3107 2269 3161 καὶ
2317 3107 2422 3174 τὰς
2459 3108 2671 3176 ἀρετάς
2695 3127 2813 3177 μου
2849 3110 2971 3174 τοῖς
3001 3109 3308 3179 γλυπτοῖς.
3349 3110 3500 3161 Ἐπεὶ
3526 3110 3631 3182 γὰρ
3652 3112 3749 3180 τὴν

2173 3201 2292 3272 Θεῷ
2339 3200 2789 3272 χρεωστουμένην
2833 3200 3088 3271 λατρείαν
3135 3201 3229 3253 καὶ
3261 3200 3630 3271 προσκύνησιν
3673 3201 3751 3269 τῷ

2187 3292 2547 3361 ἀντικειμένῳ
2596 3292 2872 3362 προσῆγον
2903 3292 2966 3343 δι’
2998 3292 3211 3360 ἀπάτης
3241 3294 3287 3343 οί
3320 3291 3611 3362 ἄνθρωποι,
3642 3294 3751 3354 τοῖς

502 3377 817 3431 hominibus
859 3394 953 3446 per
985 3378 1278 3432 simulacra
1318 3378 1632 3435 formatum.
1672 3381 1905 3438 llumani
1934 3386 2067 3440 inte-

2179 3384 2281 3437 τῶν
2310 3382 2561 3452 γλυπτῶν
2588 3382 2921 3454 ἀφιδρύμασι
2955 3383 3046 3434 τὸν
3082 3383 3270 3452 ἐχθρὸν
3303 3383 3395 3434 τοῦ
3420 3383 3555 3434 Θεοῦ
3593 3382 3752 3435 σεϐα-

499 3470 641 3523 ritus
669 3470 925 3523 misertus
952 3470 1038 3523 ille
1062 3470 1153 3539 qui
1192 3470 1335 3523 male
1364 3470 1626 3527 habentes
1661 3475 1913 3542 sospitat,
1956 3490 2075 3545 pos-

500 3562 691 3616 tremis
722 3562 1056 3627 temporibus
1085 3578 1150 3616 ex
1173 3562 1290 3630 ipso
1314 3564 1580 3617 orituram
1611 3566 1663 3618 in
1688 3582 1859 3635 genus
1893 3568 2076 3621 huma-

502 3668 630 3705 num
655 3653 1104 3713 benevolentiam,
1131 3652 1184 3705 in
1212 3654 1509 3708 abolitione
1534 3656 1953 3710 simulacrorum
1982 3672 2077 3727 per

502 3740 823 3813 prophetam
860 3744 1189 3798 vaticinatus
1214 3752 1316 3810 est,
1347 3744 1571 3799 dicens:
1602 3745 1949 3803 Manifestata
1984 3764 2073 3803 ve-

501 3835 666 3888 ritate
696 3849 804 3887 non
840 3835 1074 3903 amplius
1120 3850 1237 3889 mea
1273 3836 1447 3905 gloria
1484 3837 1574 3889 alii
1609 3837 1850 3904 dabitur,
1901 3856 2077 3909 neque

504 3940 637 3979 mea:
664 3925 890 3979 virtutes
930 3927 1275 3995 seulplilibus
1314 3927 1732 3982 dedicabuntur.
1771 3928 1890 3984 Non
1931 3936 2075 3985 enim

507 4017 779 4081 homines,
801 4018 892 4087 qui
912 4033 1086 4072 meam
1106 4019 1337 4088 gloriam
1367 4021 1639 4079 noverint.
1663 4020 1749 4076 his
1771 4024 1861 4090 qui
1882 4032 2077 4079 natura

505 4108 579 4162 dii
607 4124 714 4163 non
750 4116 877 4162 sunt
906 4110 1158 4163 servient.
1190 4108 1538 4179 Quaecunque
1570 4111 1734 4181 igitur
1769 4112 1835 4167 de
1856 4123 2077 4167 contra-

506 4201 587 4255 ria
628 4200 946 4269 operatione
976 4215 1041 4255 ex
1093 4216 1325 4270 persona
1363 4200 1579 4256 Domini
1624 4206 1889 4274 propheta
1923 4206 2075 4271 dicit,

507 4291 623 4345 haec
646 4290 756 4345 Deo
798 4291 1017 4345 rebellis
1045 4299 1100 4346 et
1138 4307 1351 4361 pugnax
1376 4294 1428 4346 in
1468 4293 1645 4363 ipsum
1691 4296 1856 4350 refert
1898 4297 2080 4352 Domi-

508 4396 660 4442 num,
688 4380 781 4449 qui
814 4380 929 4433 btec
974 4395 1071 4449 per
1107 4381 1428 4449 prephetam
1469 4384 1715 4451 protulit.
1766 4384 1901 4448 Quis
1955 4385 2079 4438 talis

508 4472 649 4537 inter
674 4480 936 4542 tyrannos
964 4471 1246 4526 exstitisse
1287 4472 1408 4526 fidei
1445 4483 1765 4541 persecutor
1808 4490 2080 4528 memora-

507 4566 642 4615 tur?
673 4562 806 4628 Quis
836 4562 939 4617 hoc
969 4578 1208 4632 unquam
1244 4563 1469 4617 molitus
1506 4566 1625 4619 est?
1665 4564 1819 4630 Quod
1858 4566 1961 4633 ille
1986 4567 2077 4636 qui

509 4662 731 4725 propter
760 4654 1065 4708 animarum
1100 4663 1409 4708 nostrarum
1454 4656 1681 4709 salutem
1724 4672 1820 4726 per
1859 4672 2077 4710 carnem

2181 3475 2416 3544 ξάμενοι,
2447 3476 2537 3526 τὸν
2560 3473 2849 3535 πολυειδῶς
2879 3475 2935 3525 ἐν
2964 3476 3075 3536 τοῖς
3098 3472 3401 3543 ἀνθρώποις
3431 3473 3516 3526 διὰ
3545 3473 3650 3525 τῶν
3674 3474 3751 3524 εἰ·

2179 3567 2359 3619 δὼλων
2398 3566 2790 3637 μορφούμενον.
2847 3562 3040 3618 Οἶκτον
3066 3564 3244 3617 λαϐὼν
3278 3566 3373 3634 τῆς
3410 3565 3754 3635 ἀνθρωπίνης

2182 3660 2453 3722 ἀπωλείας
2482 3662 2508 3711 ὁ
2534 3661 2657 3720 τοὺς
2695 3657 2878 3720 κακῶς
2921 3658 3141 3727 ἔχοντας
3188 3656 3470 3725 ἰατρεύων,
3502 3655 3598 3726 τὴν
3629 3657 3755 3724 χροι-

2182 3768 2291 3814 νοις
2324 3749 2942 3821 ὕστερονογενησομένην
2972 3749 3101 3816 παρ’
3132 3746 3291 3798 αὐτοῦ
3322 3747 3751 3816 φιλανθρωπίαν,

2184 3845 2240 3895 ἐν
2257 3842 2334 3911 τῷ
2359 3840 2652 3910 ἀφανισμῷ
2672 3839 2780 3892 τῶν
2796 3839 3050 3898 εἰδώλων,
3079 3838 3166 3890 διὰ
3198 3836 3293 3890 τοῦ
3317 3840 3592 3908 προφήτου
3622 3855 3751 3907 προ-

2182 3934 2478 4003 ηγόρευσε,
2518 3932 2688 4000 λέγων
2713 3949 2725 3961 ·
2770 3932 2851 3983 ὃτι
2894 3927 3302 3999 Φανερωθείσης
3346 3932 3444 3997 τῆς
3480 3928 3752 3997 ἀληθείας,

2182 4022 2363 4074 οὐκέτι
2398 4023 2430 4092 ἡ
2457 4021 2561 4091 ἐμὴ
2587 4020 2714 4086 δόξα
2730 4018 2872 4088 ἄλλῳ
2894 4018 3200 4088 δοθήσεται,
3244 4015 3364 4068 οὔτε
3394 4019 3449 4068 αἱ
3477 4018 3604 4086 ἐμαὶ
3633 4018 3757 4084 ἀρε-

2182 4112 2273 4166 ταὶ
2302 4115 2411 4174 τοῖς
2440 4112 2693 4179 γλυπτοῖς
2717 4108 3156 4179 ἀνατεθήσονται.
3187 4109 3259 4160 Ub
3291 4111 3398 4177 γὰρ
3417 4107 3756 4160 δουλεύσουσι

2183 4206 2295 4266 τοῖς
2335 4202 2492 4271 φύσει
2528 4201 2601 4272 μὴ
2635 4197 2753 4253 οὖσι
2785 4199 2945 4262 θεοῖς,
2985 4198 3082 4269 τὴν
3109 4198 3245 4268 ἐμὴν
3270 4198 3426 4262 δόξαν
3451 4198 3758 4263 ἐπιγνόντες

2184 4294 2232 4343 οἱ
2258 4291 2552 4361 ἄνθρωποι.
2595 4289 2735 4341 Ὅσα
2760 4286 2935 4339 τοίνυν
2978 4287 3102 4356 περὶ
3134 4286 3231 4354 τῆς
3265 4286 3643 4354 ἀντικειμένης
3674 4288 3756 4337 ὲν-

2186 4382 2402 4451 εργείας
2431 4381 2493 4431 ἐκ
2535 4378 2825 4449 προσώπου
2856 4375 2948 4430 τοῦ
2980 4376 3185 4445 Κυρίου
3220 4378 3248 4428 6
3294 4377 3573 4447 προφήτης
3605 4378 3755 4446 φησι,

2185 4470 2356 4523 ταῦτα
2386 4473 2414 4523 6
2448 4470 2713 4539 θεομάχος
2738 4470 2816 4530 εἰς
2842 4468 3001 4520 αὐτὸν
3025 4467 3282 4538 ἀναφέρει
3308 4468 3399 4519 τὸν
3427 4468 3646 4538 Κύριον,
3671 4470 3757 4521 τὸν

2185 4560 2356 4613 ταῦτα
2407 4560 2494 4612 διὰ
2527 4560 2618 4613 τοῦ
2660 4559 2936 4630 προφήτου
2963 4557 3349 4627 φθεγξάμενον.
3401 4560 3495 4620 Τίς
3524 4560 3758 4622 τοιοῦτος

2186 4654 2243 4704 ἐν
2271 4655 2381 4716 τοῖς
2418 4654 2699 4723 τυράννοις
2744 4650 3136 4721 μνημονεύεται
3180 4651 3503 4720 γεγενῆσθαι
3528 4651 3759 4720 διώκτης

507 4745 778 4816 apparuit,
811 4746 953 4799 sicut
978 4744 1333 4807 credidimus,
1367 4761 1473 4799 non
1509 4762 1673 4801 verus
1702 4755 1784 4801 est
1811 4746 1972 4809 Deus,
1998 4765 2073 4802 εει

2194 4743 2290 4811 τῆς
2325 4743 2588 4805 πίστεως;
2622 4741 2717 4803 Τίς
2748 4739 2903 4792 τοῦτο
2928 4738 3355 4801 κατεσκεύασεν;
3386 4738 3459 4799 ὡς
3482 4740 3508 4790 6
3539 4739 3630 4789 ἐπὶ
3657 4754 3753 4789 σων

507 4836 598 4889 ille
634 4835 740 4888 Deo
796 4834 1128 4896 contrarius,
1184 4834 1275 4902 qui
1337 4834 1389 4887 in
1416 4834 1762 4903 seulptilibus
1814 4845 1867 4891 et
1923 4838 2081 4893 idolis

506 4924 840 4993 operabatur
875 4916 1141 4977 adversus
1166 4922 1417 4977 homines
1448 4938 1689 4978 errorem
1732 4934 1785 4979 et
1818 4926 2083 4996 deceptio-

509 5031 669 5067 nem:
708 5030 829 5083 quae
854 5017 997 5068 enim
1029 5014 1097 5068 de
1132 5014 1227 5067 illo
1253 5028 1351 5083 per
1392 5015 1710 5083 prophetam
1748 5014 1892 5068 dicta
1934 5028 2079 5082 sunt,

509 5104 624 5157 haec
680 5102 984 5157 Eunomius
1034 5103 1089 5156 in
1148 5102 1314 5155 Deum
1364 5102 1708 5171 unigenitum
1769 5104 2078 5174 detorquet.

510 5195 692 5265 Neque
721 5196 824 5248 hoc
857 5196 1039 5264 ipsum
1092 5193 1381 5253 inlellcxit,
1433 5196 1575 5261 quod
1607 5197 1720 5262 ipse
1762 5193 2085 5263 Unigenitus

506 5296 611 5347 εει,
645 5288 735 5356 qui
768 5287 881 5339 ha’c
919 5286 971 5337 in
1008 5286 1272 5353 prepheta
1316 5284 1562 5353 profatus
1599 5293 1699 5346 est,
1743 5288 2086 5354 quemadmo-

504 5378 633 5430 dum
673 5377 789 5446 ipse
822 5378 873 5428 in
906 5375 1263 5442 sequentibus
1303 5376 1519 5439 asserit,
1550 5375 1695 5445 quod
1739 5376 1853 5444 ipse
1884 5378 2083 5447 estqui

508 5467 568 5520 in
607 5465 885 5536 prophetis
920 5465 1136 5518 locutus
1167 5474 1270 5520 est.

2190 4834 2351 4902 τηρίᾳ
2382 4833 2489 4884 τῶν
2517 4832 2697 4901 ψυχῶν
2726 4830 2879 4899 ἡμῶν
2900 4829 2987 4881 διὰ
3029 4827 3224 4900 σαρκὸς
3246 4827 3545 4893 ἐπιφανεὶς,
3582 4825 3760 4887 καθὼς

2191 4922 2609 4991 ἐπιστεύσαμεν,
2655 4922 2753 4972 οὐκ
2793 4918 3041 4987 ἀληθινός
3090 4920 3205 4968 ἐστι
3238 4915 3398 4978 Θεὸς·
3447 4916 3580 4968 ἀλλά
3613 4917 3641 4967 6
3686 4914 3762 4981 τῷ

2191 5011 2310 5081 Θεῷ
2337 5011 2728 5081 ἀντικείμενος,
2755 5011 2783 5061 ὀ
2809 5011 2865 5061 ὲν
2897 5010 3007 5071 τοῖς
3036 5007 3289 5074 γλυπτοῖς
3326 5022 3385 5057 τε
3420 5005 3513 5058 καὶ
3542 5009 3651 5068 τοῖς
3689 5007 3764 5057 εξκ

2189 5102 2377 5165 δώλοις
2412 5100 2646 5172 ἐνεργῶν
2698 5101 2794 5169 τὴν
2846 5098 2985 5152 κατὰ
3028 5097 3136 5149 τῶν
3181 5096 3480 5167 ἀνθρώπων
3512 5096 3725 5163 ἀπάτην
3748 5112 3762 5127 ο

2191 5192 2226 5246 ἃ.
2265 5192 2371 5263 γὰρ
2406 5194 2531 5261 περὶ
2568 5190 2775 5243 ἐκείνου
2804 5190 3017 5260 εἴρηται
3046 5188 3131 5240 διὰ
3156 5187 3246 5239 τοῦ
3288 5187 3763 5259 προφήτου.ταῦτα

2192 5288 2220 5341 ὁ
2246 5286 2501 5354 Εὑνόμιος
2529 5286 2606 5346 εἰς
2637 5282 2725 5335 τὸν
2751 5281 3028 5350 Μονογενῆ
3058 5273 3188 5330 Θεὸν
3228 5278 3596 5347 μετατίθησιν.
3633 5276 3764 5328 Οὐδὲ

2194 5378 2324 5429 αὐτὸ
2367 5374 2524 5430 τοῦτο
2561 5378 2779 5446 νοήσας,
2817 5375 2898 5426 ὅτι
2940 5372 3099 5434 αὐτὸς
3145 5374 3174 5424 6
3202 5370 3508 5437 Μονογενής
3553 5370 3699 5419 ἐστιν
3738 5368 3766 5417 6

2192 5467 2367 5521 ταῦτα
2403 5468 2459 5518 ἐν
2509 5467 2588 5536 τῷ
2632 5467 2882 5537 προφήτῃ
2930 5460 3333 5533 φθεγξάμενος,
3385 5458 3567 5520 καθὼς
3616 5454 3675 5513 οὗ
3717 5472 3767 5519 ις

506 5561 666 5626 αὐτὸς
694 5564 751 5614 ὲν
784 5562 894 5622 τοῖς
928 5558 1124 5628 ἑφεξῆς
1160 5559 1326 5628 λέγει,
1360 5560 1440 5613 ὅτι
1466 5552 1616 5623 οὗτος
1646 5560 1791 5615 ἐστιν
1832 5563 1860 5615 ὁ
1884 5564 1942 5617 ὲν
1968 5565 2080 5626 τοῖς
2117 5564 2417 5635 προφήταις
2446 5561 2699 5632 λαλήσας.

581 5680 625 5711 ⁸⁸
673 5678 825 5733 Joan.
884 5695 922 5743 ι,
974 5679 1027 5733 9.
1108 5677 1151 5709 ⁵⁷
1202 5674 1309 5731 lsa.
1350 5690 1466 5739 11.”,
1518 5674 1573 5729 8.
