4146 6370
327 425 424 479 5‘24

1451 415 1726 472 CONTRA
1767 415 2165 478 EUNOMIUM,
2208 416 2337 470 LIB.
2384 417 2444 471 ll.

3484 416 3591 472 522.

401 537 468 590 Τί
505 553 573 606 με
605 533 710 606 χρὴ
750 531 878 603 περὶ
908 530 1112 585 τούτων
1141 531 1307 584 πλείω
1340 531 1590 596 διεξιέναι
1617 551 1632 598 ;
1665 533 1776 603 Τῆς
1802 533 1900 585 αὐ-

2072 532 2282 603 Ecquid
2303 541 2388 588 est
2411 548 2636 588 necesse
2663 549 2746 588 me
2776 533 2841 587 de
2869 533 2954 587 his
2978 533 3234 604 pluribus
3256 535 3438 590 verbis
3469 536 3593 589 dis-

327 629 434 699 τῆς
463 627 574 697 γὰρ
603 626 782 696 ἔχεται
814 623 1160 696 βλασφημίας
1181 664 1196 688 ,
1235 625 1329 678 καὶ
1367 624 1433 678 τὰ
1462 625 1565 695 πρὸ
1594 624 1798 678 τούτων
1831 626 1908 676 εἱ-

331 720 565 792 ρημένα·
593 719 884 782 Λαϐόντα,
914 718 1098 786 φησιν,
1129 717 1285 784 παρὰ
1309 717 1412 770 τοῦ
1443 718 1673 785 Πατρός
1695 716 1906 781 δόξαν,

333 815 406 867 οὐ
442 809 553 879 τῆς
590 810 826 863 ἐκείνου
866 810 1276 878 μεταλαϐόντα
1302 808 1516 876 δόξης·
1550 807 1911 879 ἀμετάδοτος

332 904 444 975 τ’ὰρ
477 905 515 972 ἡ
543 903 693 967 δόξα
726 902 831 956 τοῦ
875 902 1351 971 παντοκράτορος
1402 903 1569 956 Θεοῦ.
1623 901 1764 970 Ἐγὼ
1801 901 1909 974 γὰρ

334 998 384 1048 εἰ
427 996 522 1050 καὶ
561 995 690 1066 περὶ
735 994 1012 1058 Μωῦσέως
1058 995 1087 1046 6
1133 994 1286 1061 λόγος
1325 990 1392 1064 ἦν
1433 993 1527 1048 τοῦ
1563 993 1911 1058 δοξασθέντος

327 1091 392 1140 γὲν
419 1090 485 1159 τῇ
516 1086 758 1157 διακονία
787 1087 880 1140 τοῦ
914 1086 1107 1157 νόμου,
1140 1086 1249 1139 οὐδ’
1277 1085 1448 1148 οὕτως
1477 1087 1684 1156 ἤνεγκα
1719 1084 1784 1138 ἂν
1818 1086 1911 1139 τὸν

333 1181 570 1233 τοιοῦτον
598 1180 772 1249 λόγον.
809 1182 903 1242 Ὃς
931 1182 978 1232 εἰ
1005 1179 1097 1232 καὶ
1128 1179 1212 1231 ὅτι
1241 1177 1506 1249 μηδεμίαν
1532 1177 1672 1248 ἔχων
1701 1175 1910 1230 οἴκοθεν

333 1269 490 1336 δόξαν
532 1271 756 1334 ἐκεῖνος,
801 1269 891 1324 διὰ
927 1271 1026 1341 τῆς
1057 1269 1354 1340 γενομένης
1401 1267 1550 1339 αὑτῷ
1591 1267 1774 1320 ΘεόΘεν
1805 1267 1909 1321 δω-

329 1364 495 1432 ρεᾶς,
524 1361 730 1426 ἔνδοξος
759 1362 967 1434 ἁθρόως
995 1366 1106 1425 τοῖς
1147 1361 1505 1432 Ἰσραηλίταις
1537 1360 1730 1431 ἐφάνη.
1762 1357 1910 1427 Αὐτὴ

333 1454 444 1524 γὰρ
474 1455 506 1524 ἡ
548 1453 814 1524 γενομένη
852 1453 932 1524 τῷ
964 1455 1228 1526 νομοθέτῃ
1267 1453 1392 1518 δόξα
1433 1453 1536 1506 οὐκ
1578 1451 1737 1505 ἄλλου
1768 1449 1912 1513 τινὸς

334 1545 421 1618 ἦν,
450 1548 586 1601 ἀλλὰ
612 1547 775 1600 αὐτοῦ
821 1547 913 1600 τοῦ
946 1546 1104 1612 Θεοῦ,
1148 1547 1214 1618 ἢν
1241 1549 1449 1609 πάντας
1486 1545 1696 1599 κελεύει
1730 1544 1912 1612 ζητεῖν

323 1640 390 1691 -ὲν
427 1638 502 1710 τῷ
529 1637 841 1708 Εὐαγγελίῳ
870 1640 898 1690 6
938 1637 1140 1709 Κύριος
1164 1677 1178 1700 ,
1208 1636 1272 1689 δι’
1304 1630 1378 1690 ὧν
1401 1635 1637 1688 αἰτιᾶται
1661 1633 1786 1695 τοὺς
1824 1629 1912 1700 τὴν

333 1730 681 1801 ἀνθρωπίνην
717 1731 872 1796 δόξαν
913 1731 1041 1800 περὶ
1082 1728 1278 1782 πολλοῦ
1325 1727 1699 1796 ποιουμένους,
1727 1722 1826 1794 τὴν
1854 1721 1912 1775 δὲ

333 1823 484 1892 παρὰ
530 1823 691 1893 μόνου
733 1821 827 1874 τοῦ
874 1821 1008 1874 Θεοῦ
1057 1819 1210 1886 δόξαν
1252 1821 1327 1891 μὴ
1365 1818 1678 1890 ζητοῦντας.
1715 1817 1790 1868 Δι’
1837 1807 1912 1867 ὧν

2008 627 2229 680 serere?
2271 625 2525 681 Eamdem
2571 628 2718 681 enim
2772 627 2976 680 habent
3021 627 3421 697 blasphemiam
3471 629 3595 696 quae

2008 719 2320 786 praecedunt
2345 717 2806 787 dictatadeptum,
2829 719 3029 786 inquit,
3063 737 3096 772 a
3125 719 3286 773 Patre
3335 721 3590 792 gloriam,

2009 825 2114 862 non
2132 809 2278 863 illius
2301 817 2596 863 consortem
2617 810 2721 864 sive
2741 812 3056 881 participem
3083 813 3272 881 gloria:
3287 828 3305 865 :
3326 829 3430 866 non
3455 814 3590 866 enim

2008 910 2086 954 est
2103 901 2554 955 communicabilis
2581 899 2674 955 Dei
2693 903 3068 971 omnipotentis
3089 903 3285 972 gloria.
3312 903 3425 974 Ego
3443 905 3594 958 enim

2013 994 2229 1049 tametsi
2259 994 2328 1050 de
2362 995 2480 1050 solo
2509 994 2658 1050 Mose
2687 1010 2870 1050 sermo
2903 995 3098 1051 fuisset
3133 997 3190 1050 in
3243 995 3382 1066 legis
3427 997 3595 1050 mini-

2011 1085 2180 1139 sterio
2209 1085 2530 1155 gloriﬁcato,
2557 1101 2837 1156 nunquam
2861 1095 3044 1142 tamen
3087 1089 3250 1144 talem
3279 1090 3593 1142 orationem

2011 1179 2392 1247 protulissem:
2431 1183 2528 1249 qui
2554 1181 2684 1238 licet
2708 1182 2858 1236 nulla
2879 1198 2945 1236 ex
2974 1183 3158 1252 seipse
3176 1184 3349 1253 gloria
3375 1185 3590 1248 clarus,

2011 1276 2195 1324 tamen
2227 1286 2325 1340 per
2356 1271 2414 1326 id
2444 1272 2650 1328 donum
2681 1273 2830 1343 quod
2865 1275 2917 1328 ei
2951 1275 3220 1330 divinitus
3250 1277 3477 1338 accidit,
3524 1279 3594 1330 il-

2012 1362 2206 1418 lustris
2244 1370 2301 1420 et
2335 1365 2616 1435 gloriosus
2650 1365 2918 1422 lsraelitis
2948 1378 3098 1423 totus
3149 1377 3374 1438 repente
3423 1384 3592 1439 appa—

2012 1457 2126 1510 ruit
2168 1456 2234 1510 ⁸⁸.
2285 1459 2413 1528 Ipsa
2458 1459 2604 1513 enim
2641 1475 2766 1529 quae
2807 1461 2862 1514 in
2912 1475 2978 1515 eo
3020 1460 3340 1526 legislatore
3385 1461 3596 1514 effulsit

2011 1548 2260 1611 claritas,
2310 1565 2418 1603 non
2468 1551 2611 1606 alius
2657 1551 2986 1621 cujusquam
3020 1559 3161 1616 erat,
3209 1568 3373 1622 quam
3419 1553 3595 1621 ipsius

2013 1639 2132 1706 Dei,
2167 1656 2330 1710 quam
2358 1656 2554 1695 omnes
2589 1657 2838 1711 quaerere
2873 1643 3032 1711 jubet
3066 1643 3120 1696 in
3154 1641 3458 1711 Evangelia
3485 1642 3596 1694 Do-

2014 1733 2201 1786 minus
2223 1733 2305 1795 ",
2341 1749 2438 1802 per
2479 1749 2541 1788 ea
2585 1735 2752 1788 verba
2811 1734 3014 1803 quibus
3072 1748 3170 1788 eos
3221 1744 3450 1788 accusat
3497 1733 3592 1802 qui

2016 1824 2310 1878 humanam
2351 1825 2579 1895 gloriam
2612 1825 3091 1894 magnifacientes,
3119 1840 3243 1894 qua:
3275 1840 3303 1878 a
3348 1825 3465 1878 solo
3509 1835 3594 1878 est

333 1887 440 1985 γὰρ
480 1887 662 1985 ζητεῖν
693 1912 1076 1967 ὲνεκελεύσατο
1110 1913 1208 1982 τὴν
1246 1887 1395 1982 ἑτοίρά
1423 1887 1526 1963 ’τοῦ
1562 1909 1720 1980 μόνου
1772 1906 1907 1960 Θεοῦ

2013 1909 2124 1968 Deo
2144 1887 2378 1984 gloriam
2392 1929 2502 1968 non
2527 1887 2802 1984 quaeru'nt.
2831 1914 2934 1969 Per
2954 1887 3085 1984 quae
3100 1887 3250 1968 enim
3276 1929 3398 1982 qua:
3416 1929 3446 1966 a
3471 1914 3592 1968 solo

328 2007 508 2071 δόξαν,
549 2007 611 2058 τὸ
641 2006 864 2059 δυνατὸν
897 2001 1036 2058 εἶναι
1076 2006 1257 2074 τυχεῖν
1289 2003 1382 2056 τοῦ
1417 2001 1747 2072 ζητουμένου
1781 2017 1909 2054 κατ-

331 2099 712 2170 επηγγείλατο.
739 2098 862 2162 Πῶς
885 2093 978 2151 οὖν
1007 2097 1338 2168 ἀμεταδοτος
1367 2097 1404 2166 ἡ
1433 2094 1557 2161 δόξα
1586 2093 1679 2146 τοῦ
1699 2093 1908 2147 Παντο-

331 2190 618 2260 κράτορος,
659 2189 711 2241 εἴ
754 2206 818 2257 γε
861 2189 956 2241 καὶ
987 2189 1092 2259 χρὴ
1130 2187 1226 2258 τὴν
1259 2186 1410 2258 παρὰ
1444 2185 1536 2238 τοῦ
1573 2185 1734 2256 μόνου
1771 2183 1906 2238 Θεοῦ

329 2284 486 2348 δόξαν
510 2283 700 2343 αἰτεῖν,
729 2281 824 2334 καὶ
854 2281 959 2342 πᾶς
985 2282 1012 2331 6
1040 2278 1203 2332 αἰτῶν
1227 2276 1491 2346 λαμϐάνει
1521 2276 1662 2328 κατὰ
1690 2274 1786 2346 τὴν
1814 2273 1907 2327 τοῦ

332 2374 537 2445 Κυρίου
577 2373 792 2442 φωνήνς
842 2372 906 2425 '0
951 2371 1008 2424 δὲ
1052 2373 1181 2439 περὶ
1215 2368 1309 2422 τοῦ
1346 2369 1776 2437 ἀπαυγάσματος
1807 2367 1909 2436 τῆς

327 2468 486 2535 δόξης
522 2465 715 2533 λέγων,
748 2466 829 2518 ὅτι
855 2461 1036 2518 λαϐὼν
1068 2462 1180 2533 ἔχει
1208 2463 1306 2530 τὴν
1337 2461 1516 2527 δόξαν,
1546 2460 1696 2513 οὐδὲν
1723 2459 1908 2529 ἕτερον

331 2561 499 2626 λέγει,
533 2557 566 2628 ἦ
607 2558 690 2610 ὅτι
722 2556 904 2623 ἄδοξον
955 2555 1072 2609 καθ’
1109 2553 1274 2607 ἑαυτὸ
1298 2554 1359 2606 τὸ
1391 2553 1491 2622 τῆς
1533 2551 1690 2622 δόξης
1728 2549 1908 2604 ἀπαύ-

331 2667 522 2720 γασμα
541 2669 554 2681 ’
579 2649 772 2721 χρῄζει
793 2649 849 2702 δὲ
875 2647 1060 2700 λαϐεῖν
1088 2646 1216 2718 παρ’
1241 2645 1428 2716 ἑτέρου
1456 2645 1632 2710 δόξαν,
1653 2644 1740 2697 ἵνα
1767 2643 1909 2696 οὕτω

332 2742 461 2794 ποτὲ
489 2741 582 2795 καὶ
605 2741 764 2802 αὐτὸς
793 2738 1016 2808 γένηται
1048 2736 1248 2808 Κύριός
1273 2754 1417 2799 τινος
1442 2735 1600 2806 δόξης
1618 2752 1632 2764 ο
1667 2734 1769 2787 ποῦ
1796 2733 1907 2787 τοί·

329 2850 424 2886 νυν
454 2832 688 2902 ϐήσομεν
716 2834 814 2894 τὰς
840 2831 939 2900 τῆς
963 2828 1218 2899 ἀληθείας
1252 2827 1454 2894 φωνὰς,
1489 2828 1587 2896 τήν
1629 2843 1687 2879 τε
1716 2825 1908 2895 λέγου-

331 2943 451 2989 σαν,
467 2924 836 2993 ὀφθήσεσθαι
862 2921 1049 2975 αὐτόν
1063 2922 1130 2973 ἐν
1158 2919 1231 2987 τῇ
1245 2919 1392 2986 δόξῃ
1412 2918 1516 2972 τοῦ
1540 2919 1786 2985 Πατρός·
1811 2916 1908 2972 καὶ

333 3016 524 3080 πάλιν,
550 3015 632 3068 δτι
675 3013 875 3066 Πάντα
903 3011 942 3064 εἳ
966 3011 1091 3080 ἕχει
1121 3013 1153 3064 o'
1185 3009 1386 3078 Πατὴρ
1422 3008 1534 3079 ἐμά
1562 3009 1732 3063 ἐστιν
1762 3010 1906 3072 ;τίνι

333 3109 435 3178 χρὴ
463 3107 749 3179 προσέχειν
783 3104 876 3157 τὸν
909 3103 1216 3168 ἀκούοντας
1249 3101 1329 3172 τῷ
1360 3101 1567 3168 λέγοντι
1592 3102 1674 3155 ὃτι
1706 3101 1908 3172 ἀμέτο-

333 3201 426 3271 χός
459 3201 575 3252 ἐστι
603 3200 703 3269 τῆς
736 3197 828 3250 τοῦ
847 3196 1060 3266 Πατρός
1089 3195 1247 3266 δόξης
1264 3198 1307 3248 ⁸ό
1329 3195 1574 3248 πάντων
1596 3195 1799 3248 tam
1826 3192 1906 3258 τῷ

333 3292 518 3362 Πατρί
551 3293 944 3359 κληρονόμος,
962 3287 1142 3352 καθώς
1161 3305 1322 3357 φησιν
1347 3290 1378 3340 6
1412 3286 1732 3349 Ἀπόστολος
1746 3303 1759 3316 ·
1780 3284 1907 3356 ῆτῷ

329 3382 677 3455 ὁμολογοῦντι
704 3383 785 3435 ὅτι
821 3379 1021 3434 Πάντα
1047 3379 1163 3434 ὅσα
1183 3379 1308 3449 ἔχει
1337 3382 1369 3432 ό
1399 3379 1600 3448 Πατὴρ
1627 3377 1723 3432 καὶ
1753 3377 1911 3439 αὐτὸς

335 3479 478 3548 ἔχει;
517 3477 608 3530 Ἐν
637 3476 692 3528 δὲ
717 3476 828 3537 τοῖς
851 3475 985 3528 πᾶσι
1013 3473 1108 3526 καὶ
1127 3475 1162 3543 ἡ
1183 3472 1308 3536 δόξα
1331 3471 1546 3536 πάντως
1565 3471 1734 3525 ἐστίν.
1770 3470 1907 3524 Ἀλλ’

333 3567 660 3639 ἁμετάδοτον
692 3561 829 3618 εἷναί
862 3581 993 3635 φησι
1019 3563 1115 3632 τὴν
1144 3563 1302 3628 δόξαν
1329 3564 1424 3616 τοῦ
1441 3561 1904 3634 Παντοκράτορος·

334 3658 492 3711 τοῦτο
518 3656 639 3709 οὔτε
662 3657 690 3709 ό
731 3654 882 3726 Ἰωὴλ
913 3654 1036 3708 οὔτε
1065 3655 1094 3707 6
1128 3652 1298 3723 μέγας
1325 3653 1528 3724 Πέτρος
1555 3651 1910 3725 μαρτύρεται,

333 3753 364 3802 ὁ
407 3750 498 3804 τὸν
529 3748 864 3820 προφητικὸν
909 3748 1062 3815 λόγον
1096 3750 1153 3800 ἐν
1199 3749 1265 3817 τῇ
1303 3746 1614 3816 δημηγορίᾳ.
1655 3748 1723 3816 τῇ
1777 3746 1912 3814 πρὸς

337 3841 462 3904 τοὺς
507 3839 792 3902 Ἰουδαίους
828 3836 1265 3908 οἰκειωσάμενος.
1314 3837 1452 3906 Φησὶ
1493 3836 1599 3908 γὰρ
1640 3838 1702 3890 ὲκ
1745 3852 1914 3906 προσ-

337 3933 490 3985 ώπου
509 3929 604 3984 τοῦ
633 3930 790 3992 Θεοῦ,
812 3931 840 3983 ὃ
865 3947 922 3982 τε
965 3929 1268 3999 προφήτης,
1291 3928 1384 3981 καὶ
1403 3931 1432 3982 ό
1475 3929 1766 3995 ἀπόστολος
1788 3968 1802 3990 ,
1832 3928 1912 3979 ὅτι

367 4023 576 4094 Εκχεῶ
625 4023 744 4079 ἀπὸ
803 4021 911 4076 τοῦ
983 4023 1323 4091 πνεύματός
1375 4037 1496 4089 μου
1556 4019 1653 4072 ἐπὶ
1707 4019 1914 4074 πᾶσαν

339 4119 558 4190 σάρκα.
600 4116 656 4170 '0
683 4116 862 4169 τοίνυν
889 4113 981 4168 τοῦ
1014 4114 1142 4168 ἰδίου
1173 4113 1480 4183 πνεύματος
1505 4111 1606 4180 τῆς
1633 4110 1912 4173 κοινωνίας

344 4211 492 4282 πάσῃ
521 4210 686 4280 σαρκὶ
707 4208 782 4280 μὴ
807 4206 1096 4277 φθονήσας·
1132 4206 1249 4268 πῶς
1280 4204 1359 4275 τῷ
1386 4204 1676 4272 Μονογενεῖ
1699 4201 1813 4272 Υἱῷ
1835 4202 1914 4272 τῷ

341 4305 454 4358 ὄντι
486 4306 544 4356 ἐν
588 4307 699 4368 τοῖς
737 4302 954 4366 κόλποις
986 4301 1076 4354 τοῦ
1126 4300 1359 4369 Πατρός,
1394 4297 1472 4368 τῷ
1517 4297 1694 4351 πάντα
1739 4295 1914 4365 ἔχοντι

342 4399 444 4450 ὅσα
475 4399 503 4450 ό
531 4397 722 4465 Πατὴρ
766 4394 898 4464 ἔχει,
943 4393 1043 4464 τῆς
1087 4391 1290 4454 οἰκείας
1322 4389 1479 4460 δόξης
1510 4389 1572 4442 οὐ
1624 4386 1915 4458 μεταδίδω·

345 4505 466 4551 σινς
515 4487 585 4540 Ἢ
622 4486 762 4555 τάχα
800 4485 942 4538 εἴποι
980 4501 1061 4548 τις
1095 4483 1162 4537 ἂν
1205 4481 1488 4553 ἀληθεύειν
1519 4480 1609 4534 τὸν
1653 4479 1915 4550 Εὐνόμιον

2011 2004 2124 2061 Deo
2158 2015 2246 2060 est
2273 2005 2504 2076 gloriam
2534 2021 2782 2076 quaerere
2820 2007 3023 2074 jussit;
3054 2005 3108 2060 id
3148 2006 3294 2076 quod
3327 2006 3593 2075 quaeritur

2010 2097 2199 2153 haberi
2245 2112 2407 2168 posse
2444 2106 2594 2152 certe
2643 2099 2917 2168 promisit.
2963 2098 3252 2162 Quomodo
3293 2099 3460 2170 igitur
3497 2097 3592 2151 Dei

2010 2191 2404 2260 omnipotentis
2455 2191 2626 2260 gloria
2663 2189 3074 2244 communicari
3118 2205 3228 2244 non
3289 2197 3491 2259 potest,
3543 2189 3592 2242 si

2010 2291 2228 2353 oportet
2257 2299 2378 2338 eam
2410 2298 2532 2353 quae
2559 2298 2588 2336 a
2623 2284 2742 2339 solo
2782 2281 2892 2338 Deo
2922 2289 3008 2338 est
3031 2282 3260 2352 gloriam
3288 2282 3589 2351 postulare,

2009 2383 2064 2430 et
2106 2377 2284 2429 omnis
2329 2377 2422 2445 qui
2455 2376 2592 2446 petit
2624 2377 2846 2446 accipit,
2888 2376 3189 2432 secundum
3237 2373 3454 2429 Domini
3499 2389 3594 2427 vo-

2010 2483 2127 2522 cem
2159 2469 2242 2520 “?
2271 2468 2374 2534 Qui
2407 2477 2588 2524 autem
2619 2469 2688 2524 de
2711 2469 3008 2538 splendore
3030 2470 3221 2540 gloria:
3250 2469 3410 2527 dicit.
3444 2467 3589 2537 quod

2009 2574 2129 2614 eam
2167 2560 2332 2614 habet
2366 2560 2598 2630 gloriam
2629 2577 2796 2630 quam
2826 2563 3061 2631 accepit,
3093 2562 3232 2615 nihil
3259 2559 3408 2614 aliud
3436 2560 3591 2618 dii-it.

2010 2666 2170 2719 quam
2211 2650 2398 2720 gloriae
2426 2651 2776 2719 splendorem
2799 2668 2896 2723 per
2919 2653 3160 2722 seipsum
3185 2650 3377 2722 gloria:
3401 2665 3463 2704 ex
3475 2665 3596 2718 per-

2010 2751 2118 2795 tem
2150 2757 2304 2806 esse;
2345 2742 2414 2796 ab
2433 2743 2606 2798 altero
2627 2743 2775 2799 enim
2801 2743 3034 2813 gloriam
3070 2742 3286 2814 indiget
3317 2741 3592 2810 accipere.

2008 2834 2183 2888 ut-sie
2223 2833 2518 2904 aliquando
2568 2835 2662 2888 liat
2713 2834 2979 2890 Dominus
3021 2834 3241 2905 giorim:
3281 2833 3372 2886 ubi
3419 2833 3588 2902 igitur

2007 2925 2253 2980 veritatis
2283 2941 2446 2982 voces
2476 2942 2766 2996 ponemus,
2801 2937 2855 2981 et
2885 2942 3005 2982 eam
3038 2942 3161 2996 quae
3199 2925 3370 2988 dicit,
3410 2924 3588 2993 ipsum

2012 3020 2295 3072 videndum
2321 3035 2433 3072 esse
2473 3021 2530 3072 in
2576 3019 2749 3088 gloria
2780 3018 2876 3073 Dei
2908 3018 3087 3072 Patris
3118 3020 3162 3050 “
3198 3038 3208 3072 :
3263 3026 3318 3070 et
3370 3018 3594 3075 iterum.

2012 3110 2204 3165 Omnia
2235 3110 2531 3181 quahabet
2583 3110 2786 3174 Pater,
2831 3127 2947 3164 mea
3003 3121 3126 3164 sunt
3171 3112 3259 3166 "?
3303 3110 3390 3163 cui
3436 3109 3596 3162 [idem

1933 3223 1980 3284 ρ
2011 3202 2271 3257 adhibere
2318 3212 2536 3272 oportet
2574 3202 2921 3258 auditorem?
2972 3217 3040 3255 an
3095 3203 3144 3256 ei
3203 3202 3296 3272 qui
3347 3207 3598 3254 autumat

2013 3293 2164 3347 illum
2187 3309 2294 3348 non
2317 3310 2442 3349 esse
2466 3293 2648 3348 Patris
2669 3295 2858 3364 gloriae
2876 3293 3222 3363 participem,
3245 3293 3334 3360 qui
3361 3293 3597 3345 omnium

2009 3392 2087 3437 est
2121 3384 2172 3436 in
2208 3382 2370 3437 Patre
2421 3384 2620 3445 limes,
2666 3385 2810 3439 sicut
2836 3384 2914 3436 ait
2950 3383 3247 3453 Apostolus
3289 3383 3336 3413 ⁵³
3382 3400 3394 3434 :
3434 3396 3503 3435 an
3534 3382 3582 3433 ei

2011 3475 2105 3545 qui
2138 3475 2433 3530 conﬁtetur
2461 3491 2522 3530 se
2567 3476 2772 3530 habere
2808 3475 2991 3530 omnia
3026 3489 3144 3542 qua:
3197 3471 3361 3526 Pater
3399 3471 3599 3527 habet?

2012 3581 2137 3619 nam
2184 3568 2238 3620 in
2288 3567 2546 3622 onmibus
2601 3567 2720 3636 ipsa
2770 3566 2943 3637 gloria
2995 3566 3214 3635 penitus
3257 3564 3594 3618 continetur.

2013 3659 2115 3713 llic
2168 3665 2351 3712 autem
2393 3658 2674 3713 inﬁciatur
2705 3655 3120 3728 Omnipotentis
3162 3655 3392 3726 gloriam
3436 3669 3598 3723 p055e

2014 3751 2405 3808 communicari
2433 3769 2446 3803 :
2490 3750 2586 3804 sed
2622 3750 2728 3804 hoc
2755 3764 2934 3819 neque
2960 3747 3099 3812 Joel,
3155 3762 3331 3816 neque
3365 3761 3598 3814 magnus

2015 3841 2208 3896 Petrus
2241 3848 2475 3896 testatur
2497 3881 2511 3901 ,
2573 3839 2667 3909 qui
2727 3840 3108 3909 propheticum
3143 3853 3451 3892 sermonem
3480 3837 3596 3890 l"in

2015 3935 2281 3988 concione
2313 3933 2381 3986 ad
2426 3931 2652 3990 Iudaeos
2686 3931 2791 3986 sibi
2834 3931 3117 4000 proprium
3155 3929 3302 3983 fecit.
3348 3927 3482 3982 Nam
3529 3945 3596 3982 ex

2016 4040 2248 4094 persona
2289 4024 2467 4093 ipsius
2499 4023 2593 4078 Dei
2644 4024 2824 4092 inquit
2859 4022 3152 4092 propheta,
3187 4029 3242 4073 et
3290 4021 3594 4089 apostolus,

2017 4118 2306 4187 Effundam
2329 4122 2391 4171 de
2422 4117 2615 4185 spiritu
2649 4132 2759 4170 meo
2802 4116 2854 4168 in
2898 4130 3102 4166 omnem
3141 4127 3349 4164 camena
3397 4113 3463 4163 ⁸⁵.
3494 4109 3600 4176 Qui

2015 4213 2181 4281 igitur
2239 4210 2324 4263 sui
2375 4209 2603 4278 spiritus
2646 4207 3206 4261 communicationem
3259 4204 3405 4257 omni
3447 4204 3600 4256 carni

2017 4319 2123 4358 non
2179 4303 2401 4365 invidit,
2447 4301 2726 4370 quomodo
2753 4298 3046 4369 Unigenito
3093 4296 3232 4350 Filio
3267 4298 3359 4366 qui
3404 4303 3490 4350 est
3544 4295 3600 4348 in

2016 4397 2228 4452 sinibus
2258 4395 2517 4457 Patris",
2554 4395 2644 4465 qui
2673 4394 2835 4446 habet
2858 4406 3204 4459 quaecunque
3223 4388 3387 4442 Pater
3412 4388 3600 4450 habet,

2017 4505 2171 4545 suam
2201 4489 2434 4558 gloriam
2468 4503 2577 4540 non
2610 4485 2898 4556 impertit?
2938 4486 3021 4536 An
3054 4499 3163 4537 non
3206 4481 3446 4537 fortasse
3478 4481 3603 4548 quis

346 4582 402 4631 ἐν
427 4578 601 4646 τούτῳ
634 4578 725 4630 καὶ
760 4577 834 4647 μὴ
869 4575 1225 4646 βουλόμενον;
1274 4573 1396 4626 Ἐπὶ
1433 4575 1530 4644 μὲν
1565 4572 1672 4642 γὰρ
1711 4570 1805 4625 τοῦ
1843 4569 1911 4640 μὴ

2022 4583 2222 4638 dixerit
2274 4582 2330 4636 in
2370 4577 2436 4636 eo
2483 4596 2674 4635 verum
2719 4578 2908 4632 dicere
2953 4575 3302 4635 Eunomium,
3335 4573 3499 4627 etiam
3554 4573 3603 4626 si

344 4671 556 4740 ἔχοντος
582 4669 792 4722 οἴκοθεν
821 4669 916 4739 τὴν
948 4669 1125 4734 δόξαν,
1158 4667 1360 4732 κυρίως
1385 4668 1418 4736 ή
1457 4665 1742 4736 μετάδοσις
1773 4663 1920 4732 λέγε·

344 4781 454 4826 ται,
495 4751 540 4828 ᾧ
572 4761 634 4816 τὸ
651 4761 792 4832 ἔχειν
823 4759 1084 4831 ἑτέρωθεν
1105 4759 1454 4830 προσγίνεται
1475 4759 1574 4811 οὐκ
1594 4761 1657 4812 ἐκ
1679 4755 1914 4826 φύσεως·

344 4856 478 4908 ὅπου
514 4855 571 4908 δὲ
611 4855 709 4924 μία
737 4853 829 4906 καὶ
878 4854 910 4921 ὴ
951 4852 1086 4920 αὑτὴ
1117 4850 1592 4919 καταλαμϐάνεται
1635 4849 1814 4917 φύσις,
1853 4848 1914 4900 οὐ

346 4948 536 5020 χρῄζει
563 4947 653 5000 τοῦ
683 4944 803 5000 καθ’
837 4946 1064 4998 ἕκαστον
1101 4944 1464 5014 μεταδιδόντος
1503 4945 1531 4995 6
1572 4945 1746 4996 ἐκεῖνο
1778 4940 1916 4995 κατὰ

344 5041 442 5110 τὴν
471 5039 630 5107 φύσιν
657 5037 750 5102 ὢν,
772 5039 907 5106 ὅπερ
933 5038 961 5086 6
993 5036 1176 5106 Πατὴρ
1211 5030 1350 5087 εἶναι
1377 5034 1749 5087 πεπίστευται’
1782 5032 1918 5102 μᾶλ-

345 5132 434 5184 λον
464 5131 521 5183 δὲ
550 5128 888 5201 τρανώτερόν
933 5145 990 5180 τε
1033 5128 1120 5180 καὶ
1153 5127 1533 5201 φανερώτερον
1546 5131 1742 5190 εἰπεῖν,
1759 5127 1916 5194 Ἔχει

348 5221 548 5284 καλῶς.
579 5221 643 5274 Τί
678 5221 864 5292 χρῄζει
896 5220 992 5289 τῆς
1019 5219 1112 5271 τοῦ
1152 5217 1361 5287 Πατρός
1391 5215 1546 5286 δόξης
1575 5217 1602 5267 ὁ
1631 5215 1750 5267 ὅλον
1781 5214 1918 5284 ἔχων

348 5315 406 5366 ἐν
431 5311 607 5382 ἑαυτῷ
639 5313 730 5364 τὸν
781 5312 1035 5382 Πατέρα,
1093 5309 1306 5372 οὐδενὸς
1356 5307 1464 5360 τῶν
1511 5308 1568 5358 ἐν
1622 5305 1700 5376 τῷ
1745 5306 1918 5377 Πατρὶ

348 5405 730 5476 θεωρουμένων
763 5404 1149 5476 ὑφῃρημένου;
1185 5402 1269 5465 τίς
1308 5400 1365 5454 δὲ
1398 5400 1491 5453 καὶ
1523 5402 1553 5468 ἡ
1590 5398 1683 5452 τοῦ
1712 5399 1916 5451 Παντο-

347 5499 609 5568 κράτορος
653 5496 798 5562 ἀξία,
853 5493 919 5568 ἦς
967 5496 1230 5565 ἀμέτοχον
1279 5497 1308 5546 ό
1356 5491 1615 5562 Εὑνόμιος
1663 5492 1752 5544 τὸν
1790 5491 1917 5544 Υίδν

346 5589 735 5658 ἀποφαίνεται;
778 5589 1084 5656 λεγέτωσαν
1120 5589 1216 5658 μὲν
1242 5581 1333 5640 οὖν
1362 5586 1411 5637 oi.
1442 5585 1593 5652 σοιρολ⁸
1637 5586 1760 5654 παρ’
1792 5585 1918 5637 ἑαυ-

421 5804 464 5834 ’δκ
507 5803 673 5857 Exod.
752 5819 932 5862 xxxw,
1008 5803 1094 5855 55’.
1193 5803 1235 5833 ‘9
1282 5802 1437 5856 Joan.
1522 5818 1571 5858 ν.
1615 5800 1700 5853 Η.

352 5873 398 5906 ³⁵
441 5875 598 5927 ileln'.
651 5893 686 5936 ι,
726 5875 815 5926 ‘25.
894 5877 940 5904 "
977 5876 1095 5926 Act.
1148 5889 1207 5929 II.
1253 5875 1338 5926 Π.

684 5965 949 6023 l'n‘BOL.
988 5963 1104 6023 Gn.
1145 5965 1329 6026 XLV.

1799 5801 1845 5829 ⁵ο
1884 5799 2072 5853 Matth.
2113 5816 2206 5865 vn,
2265 5798 2317 5853 8.

1415 5874 1460 5903 ⁸⁵
1500 5871 1631 5924 ,Ι-υυι.
1680 5887 1738 5930 ιι,
1783 5872 1874 5924 9.8.
1953 5872 2002 5902 ⁸⁸
2034 5869 2190 5926 Joan.
2231 5887 2272 5938 ι,
2307 5869 2392 5923 18.

2022 4674 2205 4729 nolit?
2254 4673 2389 4727 Nam
2424 4671 2647 4742 proprie
2684 4667 3109 4724 communicatio
3147 4667 3263 4720 sive
3301 4664 3602 4733 iiupertitio

2021 4765 2224 4820 dicitur
2251 4763 2320 4819 de
2365 4778 2431 4818 eo
2460 4763 2553 4833 qui
2579 4778 2610 4816 e
2657 4761 2820 4814 domo
2849 4758 3079 4829 gloriam
3121 4771 3228 4810 non
3269 4756 3463 4808 habet:
3513 4753 3602 4807 cui

2021 4857 2240 4912 aliunde
2276 4855 2475 4910 habere
2523 4869 2628 4908 non
2667 4868 2732 4907 ex
2769 4859 2961 4905 natura
2993 4847 3332 4903 adnascitur.
3366 4844 3471 4900 Sed
3510 4843 3603 4898 ubi

2021 4962 2131 5002 una
2153 4946 2453 5016 eademque
2477 4956 2669 4998 natura
2697 4941 3202 5012 comprehenditur,
3229 4953 3338 4992 non
3375 4936 3598 5005 indiget.

2019 5047 2079 5095 ut
2111 5039 2216 5094 sibi
2255 5037 2535 5108 sigillatim
2578 5033 2965 5097 communicet,
2997 5031 3088 5100 qui
3124 5029 3256 5084 illud
3283 5037 3368 5084 est
3403 5045 3602 5082 secun—

2017 5131 2147 5185 dum
2196 5137 2469 5190 naturam,
2514 5125 2660 5194 quod
2709 5124 2928 5194 quidem
2980 5122 3142 5178 Pater
3176 5137 3300 5176 esse
3334 5113 3597 5174 creditur.

2019 5222 2130 5274 lino
2180 5233 2309 5273 vero
2355 5218 2562 5272 certius
2607 5225 2662 5270 et
2709 5214 3057 5270 manifestius
3099 5209 3600 5268 dicerezPrazclare

2019 5314 2199 5366 habet.
2229 5311 2370 5376 Quid
2403 5309 2578 5363 Patris
2615 5309 2786 5379 gloria
2825 5306 3052 5377 indiget,
3089 5306 3181 5376 qui
3223 5305 3278 5358 in
3305 5305 3485 5372 seipso
3514 5310 3600 5353 to-

2023 5415 2134 5458 tum
2184 5403 2396 5458 Patrem
2446 5403 2645 5456 habet:
2695 5408 2819 5455 'cum
2853 5415 2883 5454 a
2933 5399 3106 5460 nihilo
3154 5412 3342 5453 eorum
3385 5410 3505 5464 quae
3545 5395 3599 5446 in

2023 5492 2183 5548 Patre
2213 5493 2589 5563 intelliguntur
2615 5493 2688 5547 sit
2731 5490 2954 5546 avulsus
3002 5496 3057 5544 et
3082 5487 3404 5558 separatus?
3443 5484 3601 5550 Qua:-

2023 5601 2147 5640 nam
2179 5584 2588 5656 Omnipotentis
2630 5583 2884 5654 dignitas,
2934 5581 3095 5651 cujus
3146 5587 3420 5636 exsortem
3477 5592 3600 5631 esse

2414 5799 2457 5830 "
2512 5795 2724 5866 Philipp
2750 5809 2809 5862 ιι,
2847 5794 2927 5848 ll.
3029 5794 3074 5825 ⁵³
3114 5790 3271 5845 Joan.
3315 5804 3448 5855 xvn,
3509 5787 3594 5842 10.

3187 5955 3256 6013 17
