4146 6370
461 438 565 493 5323

1716 447 1771 500 S.
1805 441 2132 499 GREGORII
2165 442 2464 502 NYSSENI

3599 441 3704 497 524

459 550 658 604 Filium
692 551 992 610 Eunomius
1022 557 1291 615 allirmat?
1320 562 1423 628 Qui
1455 565 1621 635 igitur
1639 568 1783 635 apud
1809 566 2022 636 seipsos
2052 613 2058 623 .

2160 567 2268 631 οἷς,
2318 567 2414 620 καὶ
2467 564 2694 620 ἐνώπιον
2749 566 2923 622 αὑτῶν
2976 566 3368 635 ἐπιστήμονες,
3425 560 3491 614 τὰ
3542 564 3703 631 γήϊνα

465 651 592 696 sunt
630 647 927 714 sapientes,
958 659 1012 704 et
1041 667 1221 707 coram
1263 657 1459 726 seipsis
1485 659 1741 725 scientes,
1773 660 2028 715 terrestia

467 737 746 803 proferant
796 740 1088 810 dogmata:
1143 747 1257 816 qui,
1307 750 1448 804 sicut
1497 751 1574 804 ait
1626 752 1914 821 propheta,
1965 769 2028 806 ex

467 838 610 880 terra
655 845 842 884 vocem
873 835 1062 889 edunt.
1111 836 1220 892 Nos
1265 855 1391 893 vero
1433 844 1527 911 qui
1553 838 1789 897 Verbum
1838 845 2032 897 adora-

468 935 612 979 mus,
648 930 702 976 et
736 927 982 982 veritatis
1024 944 1216 984 sumus
1254 931 1530 1000 discipuli,
1589 933 1698 986 imo
1750 950 1875 988 vero
1909 950 2030 989 esse

471 1012 802 1080 gloriamur;
845 1033 1019 1087 neque
1070 1019 1208 1073 hanc
1266 1036 1449 1075 vocem
1485 1038 1594 1076 non
1633 1022 1926 1092 perfectam
1983 1031 2037 1076 et

470 1103 860 1173 inexploratam
916 1120 1298 1178 praetereamus
1350 1135 1363 1165 :
1421 1114 1624 1169 scimus
1685 1116 1827 1168 enim
1891 1114 2035 1182 quod

471 1196 714 1249 omnium
774 1201 1054 1256 nominum
1122 1205 1322 1274 quibus
1376 1205 1584 1260 Numen
1655 1205 2034 1275 significatur,

471 1286 719 1352 quaedam
788 1299 934 1345 certe
1002 1300 1129 1346 sunt
1205 1293 1399 1348 divina:
1451 1295 1751 1362 majestatis
1817 1293 2040 1347 demon-

474 1380 740 1442 strativa,
800 1397 921 1452 quae
981 1383 1096 1453 ipsa
1171 1385 1225 1438 in
1299 1385 1605 1455 semetipsis
1675 1385 1932 1439 dicuntur
1991 1394 2042 1437 et

475 1467 892 1538 intelliguntur:
945 1475 1190 1543 quaedam
1243 1490 1373 1529 vero
1409 1491 1470 1529 ex
1506 1477 1588 1529 his
1635 1474 2042 1545 operationibus

476 1576 599 1626 quze
632 1570 851 1630 prepter
892 1580 990 1620 nos
1019 1573 1072 1619 et
1100 1581 1312 1620 omnem
1341 1575 1643 1621 creaturam
1681 1568 1836 1630 fiunt,
1877 1566 2044 1619 deno-

477 1653 774 1708 minantur.
800 1654 934 1708 Cum
963 1657 1110 1711 enim
1144 1656 1277 1712 dicit
1329 1658 1551 1712 divinus
1609 1659 1924 1726 Apostolus,
1962 1657 2045 1708 in-

477 1744 840 1812 corruptibili,
874 1746 1158 1813 invisibili,
1189 1749 1290 1802 soli
1331 1749 1564 1818 sapienti
1596 1748 1706 1802 Deo
1735 1748 1801 1810 ⁵⁷,
1835 1754 1888 1802 et
1927 1761 2048 1816 qua:

479 1834 742 1900 ejusmodi
773 1857 783 1890 :
845 1851 941 1905 per
969 1837 1082 1892 hare
1116 1839 1336 1892 nomina
1396 1840 1647 1894 notiones
1683 1853 1806 1908 quae
1867 1853 2049 1906 super-

479 1924 804 1978 emincntem
840 1928 1138 1996 potentiam
1192 1937 1611 1998 repraesentant,
1665 1928 2045 1984 ostenduntur.

480 2015 613 2068 Cum
673 2025 853 2072 autem
916 2019 973 2073 in
1025 2019 1324 2091 Scripturis
1366 2023 1699 2087 misericors,
1743 2024 2049 2084 miserator,

481 2112 712 2164 multum
743 2113 1082 2177 misericors,
1111 2129 1295 2178 verax,
1329 2115 1605 2180 Christus,
1640 2114 1920 2177 Dominus,
1949 2129 2055 2168 me-

480 2199 656 2262 dicus,
686 2209 896 2271 pastor,
929 2203 1035 2263 via,
1067 2205 1244 2272 panis,
1291 2203 1436 2267 fons,
1498 2221 1612 2268 rex,
1655 2213 1889 2266 creator,
1922 2219 2055 2258 con-

482 2293 646 2356 ditor,
671 2302 976 2368 protector,
1014 2305 1408 2365 propugnator,
1441 2297 1531 2366 qui
1565 2304 1647 2351 est.
1693 2296 1746 2348 in
1775 2295 2051 2359 Omnibus,

483 2395 535 2436 et
588 2373 684 2452 per
715 2386 919 2447 omnia,
955 2387 1048 2455 qui
1078 2387 1130 2440 in
1165 2388 1417 2442 omnibus
1448 2387 1652 2454 omnia,
1693 2388 1806 2442 haec
1831 2395 1884 2442 et
1911 2388 2055 2455 ejus-

483 2475 628 2529 modi
659 2491 846 2530 eorum
881 2493 1002 2547 qua:
1027 2479 1081 2532 in
1108 2489 1359 2532 creatura
1387 2495 1416 2531 a
1447 2479 1633 2533 divina
1664 2479 1718 2532 in
1753 2495 1926 2549 genus
1954 2481 2056 2534 hu-

484 2583 708 2622 manum
738 2569 1115 2624 benevolentia
1153 2571 1491 2634 efficiuntur,
1547 2572 1817 2625 illustrem
1878 2574 2058 2626 conti-

487 2672 619 2712 nent
670 2659 1144 2729 significationem.
1196 2660 1375 2725 Quare
1429 2662 1814 2716 omnitenentis
1861 2677 2057 2714 nomen

490 2752 706 2818 penitus
745 2761 798 2806 et
829 2761 1021 2806 exacte
1045 2753 1460 2822 exquirentibus
1491 2769 1598 2808 non
1632 2753 1777 2807 aliud
1819 2754 1949 2824 quid
2005 2755 2058 2807 in

487 2843 671 2895 divina
719 2844 961 2912 potentia
1007 2844 1318 2913 signiﬁcare
1362 2846 1670 2910 invenitur,
1722 2861 1882 2915 quam
1917 2846 2059 2914 quod

490 2935 582 2987 illa
615 2935 694 2988 vis
719 2944 773 2989 et
801 2936 1066 3003 operatio,
1089 2951 1211 3005 qua:
1241 2937 1494 2991 universa
1532 2953 1653 3006 quae
1685 2937 1739 2991 in
1787 2939 2062 2991 creatione

488 3025 910 3080 considerantur
956 3027 1232 3092 continet,
1296 3026 1696 3095 quodammodo
1752 3028 1816 3080 ad
1859 3029 2060 3097 aliquid

488 3115 742 3171 refertur.
784 3116 898 3171 Hoc
924 3118 1311 3172 onmitenentis
1346 3119 1587 3172 ostendit
1614 3119 1846 3174 illustris
1881 3121 2062 3191 appel-

2080 1901 2124 1956 B

2132 659 2405 730 δόγματα·
2447 659 2518 725 οἱ,
2556 659 2738 723 καθώς
2771 677 2934 730 φησιν
2964 661 2992 712 6
3025 659 3336 730 Προφήτης,
3369 658 3432 708 ἐκ
3456 653 3558 723 γῆς
3595 672 3702 720 φω-

2134 752 2368 814 νοῦντες.
2411 752 2564 805 Ὅσοι
2606 751 2662 805 δὲ
2695 751 3104 821 προσκυνοῦμεν
3136 750 3225 800 τὸν
3246 744 3440 814 Λόγον,
3479 745 3572 797 καὶ
3608 743 3707 812 τῆς

2137 843 2389 913 ἀληθείας
2432 843 2597 914 ἐσμὲν
2626 844 2894 914 μαθηταὶ,
2935 841 3130 912 μᾶλλον
3163 841 3216 892 δέ
3251 835 3388 890 εἶναι
3417 836 3706 906 εὐχόμεθα,

2142 935 2276 1006 μηδέ
2316 934 2519 1006 ταύτην
2553 935 3000 1006 παραδράμωμεν
3032 932 3130 1003 τὴν
3164 931 3344 1001 φωνὴν
3379 927 3706 998 ἀθεώρητον·

2139 1024 2358 1094 οἴδαμεν
2378 1025 2486 1096 γὰρ
2509 1025 2588 1077 ὅτι
2607 1024 2820 1077 πάντων
2842 1023 2948 1074 τῶν
2974 1023 3271 1091 ὀνομάτων,
3295 1019 3362 1072 δι’
3385 1012 3457 1070 ὧν
3480 1018 3538 1070 τὸ
3560 1017 3711 1068 Θεῖον
3769 1028 3773 1033 '

2140 1117 2552 1185 διασημαίνεται
2573 1156 2586 1177 ,
2620 1115 2740 1168 τινὰ
2778 1115 2875 1184 μὲν
2905 1112 3203 1166 ἐνδεικτικόι
3231 1111 3331 1180 τῆς
3357 1109 3506 1170 Θείας
3544 1124 3710 1177 μεγα-

2142 1205 2387 1274 λωσύνης
2434 1207 2599 1266 ἐστὶν,
2639 1204 2775 1257 αὑτά
2817 1207 2902 1272 ἐφ’
2934 1201 3141 1255 ἑαυτῶν
3192 1199 3460 1270 λεγόμενά
3517 1216 3575 1250 τε
3623 1198 3715 1250 καὶ⁴

2143 1297 2433 1366 νοούμενα·
2469 1297 2587 1349 τινὰ
2618 1297 2668 1348 δέ
2696 1299 2813 1358 ταῖς
2844 1296 2981 1364 ὑπὲρ
3015 1296 3160 1364 ἡμᾶς
3192 1309 3250 1345 τε
3285 1292 3376 1344 καὶ
3411 1292 3590 1343 πᾶσαν
3619 1287 3717 1356 τὴν

2146 1387 2320 1438 κτίσιν
2360 1386 2659 1456 ἐνεργείαις
2697 1385 3108 1455 ἐπονομάζεται.
3155 1384 3322 1436 Ὅταν
3367 1381 3465 1451 μὲν
3495 1378 3604 1449 γὰρ
3633 1377 3718 1430 λέ-

2147 1497 2232 1548 γει
2282 1480 2309 1530 6
2357 1478 2496 1541 θεῖος
2537 1478 2890 1541 Ἀπόστολος,
2942 1476 3236 1546 ἀφθάρτῳ,
3283 1471 3520 1541 ἀοράτῳ,
3578 1468 3723 1539 μόνῳ

2149 1567 2297 1638 σοφῷ
2341 1566 2479 1637 Θεῷ,
2530 1569 2622 1620 καὶ
2666 1567 2734 1620 τὰ
2780 1564 3024 1628 τοιαῦτα,
3077 1564 3144 1618 τὰ
3189 1559 3569 1632 παραστατικὰ
3621 1557 3720 1625 τῆς

2150 1660 2546 1729 ὑπερκειμένης
2583 1658 2862 1728 δυνάμεως
2892 1658 3135 1726 νοήματα
3169 1655 3256 1706 διὰ
3298 1653 3406 1705 τῶν
3444 1651 3721 1721 ὀνομάτων

2149 1753 2351 1805 τούτων
2410 1751 2760 1805 ἐνδείκνυται,
2812 1751 2980 1803 Ὅταν
3049 1749 3103 1800 δὲ
3154 1746 3368 1814 λέγεται
3419 1743 3567 1812 παρά
3615 1741 3724 1793 τῶν

2152 1843 2403 1914 Γραφῶν,
2438 1841 2736 1912 οἰκτίρμων
2795 1839 2886 1892 καί
2930 1838 3196 1909 ἐλεήμων,
3235 1834 3518 1896 πολυέλεος
3540 1871 3554 1895 ,
3591 1831 3721 1898 ἁλη-

2153 1934 2317 1997 θινδς,
2346 1931 2596 2003 Χριστὸς,
2628 1929 2852 1999 Κύριος,
2893 1928 3096 1999 ἰατρὸς,
3120 1926 3346 1997 ποιμὴν,
3380 1923 3518 1984 ὁδὸς,
3544 1921 3721 1991 ἄρτος,

2153 2028 2324 2096 πηγὴ,
2353 2024 2621 2095 βασιλεὺς,
2647 2022 2891 2091 κτίστης,
2923 2018 3270 2092 δημιουργὸς,
3297 2012 3726 2086 ὑπερασπιστὴς,

2153 2122 2180 2172 6
2206 2120 2298 2171 ἐπὶ
2328 2118 2542 2171 πάντων
2571 2115 2666 2169 καὶ
2704 2114 2792 2168 διὰ
2821 2104 3058 2177 πάντων,
3092 2113 3120 2164 6
3159 2112 3216 2163 ἐν
3243 2111 3374 2162 πᾶσι
3407 2108 3473 2161 τὰ
3517 2105 3693 2158 πάντα
3711 2118 3722 2128 ·

2153 2211 2324 2264 ταῦτα
2362 2212 2456 2263 καὶ
2492 2209 2560 2263 τά
2601 2206 2824 2262 τοιαῦτα
2866 2204 2974 2258 τῶν
3015 2205 3072 2256 ἐν
3119 2204 3184 2273 τῇ
3225 2200 3400 2254 κτίσει
3445 2196 3594 2268 παρὰ
3631 2195 3729 2264 τῆς

2156 2303 2301 2366 θείας
2335 2300 2742 2372 φιλανθρωπίας
2783 2296 3189 2368 ἐνεργουμένων
3224 2293 3464 2363 περιέχει
3493 2291 3591 2360 τὴν
3631 2287 3732 2358 ἐμ-

2157 2413 2338 2465 φασιν.
2358 2395 2432 2447 Τὸ
2459 2395 2636 2446 τοίνυν
2666 2391 2759 2445 τοῦ
2785 2388 3216 2458 παντοκράτορος
3243 2385 3412 2455 ὄνομα
3433 2385 3544 2444 τοῖς
3571 2383 3731 2451 ἀκρι-

2157 2490 2266 2553 ϐῶς
2294 2489 2632 2554 ἐξετάζουσιν
2661 2487 2989 2558 εὑρίσκεται,
3027 2487 3100 2556 μὴ
3135 2483 3261 2537 ἄλλο
3287 2499 3336 2533 τι
3361 2481 3617 2549 σημαῖνον
3643 2472 3734 2526 ἐπὶ

2157 2584 2254 2654 τῆς
2273 2581 2420 2646 θείας
2437 2581 2736 2650 δυνάμεως,
2755 2581 2788 2649 ἢ
2802 2579 2862 2631 τὸ
2885 2579 3020 2650 πρός
3041 2577 3092 2630 τί
3118 2594 3230 2638 πως
3251 2574 3391 2644 ἔχειν
3411 2573 3507 2640 τὴν
3527 2583 3734 2640 κρατη-

2157 2673 2316 2742 τικὴν
2343 2671 2448 2724 τῶν
2482 2672 2538 2722 ἐν
2561 2672 2626 2740 τῇ
2659 2669 2832 2721 κτίσει
2856 2668 3242 2738 θεωρουμένων
3264 2663 3563 2733 ἐνέργειαν,
3589 2655 3736 2729 ἡτοῦ

2161 2762 2594 2832 παντοκράτορος
2650 2743 2888 2829 ἐμφάσις
2943 2755 3314 2810 ὑποδείκνυσιν
3340 2768 3352 2780 ·
3393 2751 3583 2822 ὥσπερ
3628 2747 3734 2816 γὰρ

2160 2857 2260 2909 οὑκ
2291 2854 2354 2908 ἂν
2384 2852 2565 2923 ἰατρὸς
2593 2846 2661 2922 ἦν
2702 2852 2749 2902 εί
2800 2850 2873 2920 μὴ
2923 2849 3030 2900 τῶν
3066 2847 3360 2900 νοσούντων
3405 2844 3596 2913 χάριν,
3628 2837 3738 2891 οὐδ’

2132 2973 2142 2981 -
2164 2949 2229 3002 ἂν
2256 2948 2499 3017 ἐλεήμων
2519 2962 2576 2996 τε
2604 2943 2696 2996 καὶ
2716 2941 3013 3012 οἰκτίρμων
3041 2941 3135 2992 καὶ
3156 2937 3224 2990 τά
3243 2934 3467 2989 τοιαῦτα
3497 2947 3737 2986 κατωνοο

2169 3042 2366 3112 μάζετο
2388 3053 2400 3066 ·
2432 3040 2478 3090 εί
2513 3037 2584 3107 μὴ
2619 3035 2706 3088 διὰ
2729 3035 2818 3087 τὸν
2854 3031 3136 3103 οἰκτιρμοῦ
3166 3048 3225 3082 τε
3257 3031 3351 3082 καὶ
3384 3027 3530 3080 ἐλέου
3558 3024 3743 3093 δεόμε-

2166 3149 2253 3184 νον
2273 3149 2285 3162 ο
2317 3129 2487 3192 οὕτως
2513 3128 2630 3180 οὑδέ
2672 3126 3064 3197 παντοκράτωρ
3087 3164 3098 3186 ,
3132 3123 3180 3175 εἰ
3213 3122 3285 3192 μὴ
3321 3122 3470 3173 πᾶσα
3496 3120 3529 3188 ή
3567 3116 3741 3178 κτίσις

489 3210 621 3263 latio
649 3226 662 3272 ;
691 3210 1146 3279 quemadmodum
1179 3211 1323 3264 enim
1352 3210 1598 3264 medicus
1633 3198 1742 3265 non
1775 3222 1922 3266 esset
1955 3214 2058 3268 nisi

2165 3221 2257 3275 τοῦ
2292 3219 2749 3292 περικρατοῦντος
2781 3217 2947 3287 αὐτὴν
2969 3257 2984 3280 ,
3016 3216 3108 3269 καὶ
3153 3216 3210 3267 ἐν
3251 3212 3330 3282 τῷ
3368 3207 3506 3264 εἶναι
3547 3224 3744 3278 συντη-

489 3302 872 3370 mgrotantium
906 3315 1110 3368 causa;
1145 3316 1321 3371 neque
1352 3303 1660 3366 miserator,
1702 3317 1878 3372 neque
1909 3305 2071 3359 mise-

493 3393 669 3444 ricors
699 3401 752 3445 ct
773 3408 893 3461 quin
924 3402 1052 3446 sunt
1077 3391 1372 3462 ejusmodi,
1409 3395 1913 3462 cognominaretur,
1968 3389 2072 3454 nisi

495 3492 714 3554 propter
746 3500 870 3538 eum
900 3485 992 3554 qui
1024 3485 1374 3539 miseratione
1423 3492 1476 3540 et
1510 3487 1886 3543 misericordia
1924 3491 2069 3545 indi-

495 3587 624 3645 get:
672 3576 752 3629 sic
779 3591 958 3644 neque
997 3577 1340 3646 omnipotens
1366 3577 1481 3631 sive
1514 3581 1918 3645 cunctitenens,
1968 3583 2072 3636 nisi

494 3675 747 3720 creatura
801 3667 980 3722 omnis
1031 3666 1299 3738 indigeret
1348 3684 1412 3723 eo
1449 3669 1541 3738 qui
1593 3669 1767 3738 ipsam
1826 3681 2076 3740 potenter

495 3759 890 3826 complectatur
921 3767 974 3812 et
1003 3759 1056 3812 in
1089 3769 1281 3813 natura
1330 3776 1428 3815 sua
1462 3773 1768 3817 conservet.
1803 3764 2074 3829 Quemad-

501 3852 722 3902 modum
750 3850 915 3918 igitur
950 3851 1195 3907 medicus
1237 3853 1296 3905 fit
1320 3853 1371 3906 ei
1403 3855 1495 3923 qui
1535 3855 1818 3910 curatione
1848 3857 2072 3926 indiget,

498 3947 578 3996 sic
611 3945 957 4013 omnipotens
993 3945 1106 3998 sive
1153 3945 1538 4002 cunctitenens
1570 3948 1620 4000 ci
1651 3949 1743 4017 qui
1801 3951 2075 4004 contineri

499 4044 663 4104 eget;
705 4043 760 4088 et
785 4035 1243 4103 quemadmodum
1283 4039 1374 4107 qui
1433 4039 1570 4092 bene
1632 4041 1816 4094 valent
1863 4043 2074 4096 medico

500 4143 608 4182 non
641 4143 776 4198 opus
827 4129 1050 4192 habent,
1083 4129 1179 4184 sed
1237 4131 1330 4199 qui
1368 4133 1508 4186 male
1558 4132 1761 4186 habent
1788 4134 1854 4185 I"5:
1897 4135 1976 4188 sic
2006 4150 2074 4188 ex

499 4220 857 4289 consequenti
892 4220 1152 4290 prmclare
1181 4221 1309 4274 licet
1351 4221 1554 4276 inferre
1599 4239 1705 4276 non
1739 4225 1974 4294 amplius
2009 4226 2076 4277 il-

504 4314 613 4366 lum
644 4314 958 4367 continente
988 4313 1102 4368 sive
1151 4324 1513 4369 conservante
1563 4316 1805 4384 indigere
1870 4317 1923 4370 in
1967 4332 2076 4385 quo

503 4413 696 4458 natura
725 4412 809 4459 est
847 4405 1068 4459 omnino
1104 4408 1318 4459 erroris
1360 4408 1549 4461 nescia
1580 4416 1633 4462 et
1681 4423 1842 4463 casus
1874 4412 2077 4463 omnis-

503 4514 608 4565 que
653 4497 970 4551 mutationis
1005 4512 1220 4565 expers.
1286 4497 1423 4552 Cum
1475 4500 1640 4569 igitur
1692 4502 2075 4557 cunctitenens

2175 3314 2392 3386 ροῦντος
2428 3313 2624 3366 ἐδέετο.
2683 3310 2892 3363 Οὐκοῦν
2940 3309 3126 3380 ὥσπερ
3174 3305 3354 3376 ἰατρὸς
3396 3304 3474 3374 τῷ
3509 3302 3746 3372 δεομένῳ

2171 3407 2269 3475 τῆς
2307 3403 2599 3472 θεραπείας
2641 3403 2870 3471 γίνεται,
2914 3399 3055 3454 οὕτω
3089 3398 3182 3450 καὶ
3230 3394 3623 3465 παντοκράτωρ
3665 3391 3745 3460 τῷ

2172 3498 2422 3568 χρῄζοντι
2447 3495 2539 3548 τοῦ
2563 3492 2913 3565 κρατεῖσθαισ
2952 3493 3046 3544 καὶ
3077 3490 3264 3559 ὥσπερ
3293 3489 3353 3541 οὑ
3384 3486 3570 3558 χρείαν
3595 3485 3745 3556 ἐχου-

2175 3605 2257 3640 σιν
2295 3588 2342 3639 οί
2387 3586 2657 3655 ἰσχύοντες
2693 3581 2898 3654 ἰατροῦ,
2929 3580 3040 3634 ἀλλ’
3077 3581 3124 3632 οἱ
3159 3577 3343 3640 κακῶς
3378 3576 3590 3647 ἔχοντες
3614 3591 3626 3604 ·
3655 3571 3747 3625 οὔ·

2171 3696 2278 3742 τως
2306 3683 2368 3731 ἐκ
2395 3677 2489 3730 τοῦ
2520 3674 2809 3729 ἀκολούθου
2837 3672 3014 3734 καλῶς
3035 3665 3180 3722 ἔστιν
3206 3670 3396 3728 εἰπεῖν,
3430 3664 3625 3736 μηκέτι
3650 3659 3744 3714 τοῦ

2173 3769 2495 3842 κρατοῦντος
2523 3763 2744 3838 χρῄζειν
2773 3765 3007 3829 ἐκεῖνον,
3040 3763 3096 3814 ἐν
3123 3755 3167 3828 ᾧ
3194 3759 3254 3812 τὸ
3286 3757 3520 3819 ἁπλανές
3555 3772 3614 3807 τε
3653 3754 3746 3806 καὶ

2174 3861 2564 3932 ἀμετάπτωτον
2593 3861 2626 3926 ἡ
2666 3856 2823 3925 φύσις
2854 3855 2986 3923 ἔχει.
3018 3851 3224 3906 Οὐκοῦν
3251 3851 3378 3903 ὅταν
3403 3848 3502 3917 τῆς
3537 3858 3748 3899 παντο-

2174 3952 2403 4021 κράτωρ
2438 3949 2618 4019 φωνῆς
2645 3948 2984 4017 ἀκούσωμεν,
3019 3943 3176 3996 τοῦτο
3206 3940 3450 4010 νοοῦμεν,
3481 3937 3540 3989 τέ
3570 3936 3745 3988 πάντα

2173 4044 2263 4096 τὸν
2286 4043 2416 4095 Θεὸν
2450 4043 2505 4092 ἐν
2537 4038 2613 4108 τῷ
2653 4033 2789 4089 εἷναι
2821 4035 3082 4103 συνέχειν,
3110 4033 3209 4083 ὅσα
3233 4047 3292 4081 τε
3321 4025 3505 4098 νοητὰ,
3535 4026 3627 4079 καὶ
3648 4026 3748 4078 ὅσα

2174 4139 2272 4206 τῆς
2306 4135 2494 4203 ὑλικῆς
2529 4133 2642 4185 ἐστι
2682 4128 2913 4197 φύσεως.
2955 4124 3052 4177 Διά
3081 4122 3237 4176 τοῦτο
3274 4121 3381 4191 γάρ
3415 4119 3632 4188 κατέχει
3657 4117 3750 4169 τὸν

2175 4227 2338 4297 γῦρον
2377 4227 2474 4294 τῆς
2498 4224 2617 4293 γῆς,
2647 4221 2733 4274 διά
2760 4219 2916 4272 τοῦτο
2939 4217 3049 4286 ἔχει
3078 4217 3133 4267 ἐν
3158 4217 3222 4284 τῇ
3250 4213 3393 4283 χειρὶ
3420 4211 3519 4281 τῆς
3551 4211 3654 4280 γῆς
3681 4209 3750 4262 τὰ

2176 4319 2408 4389 πέρατα,
2439 4316 2525 4368 διὰ
2553 4315 2709 4367 τοῦτο
2743 4309 3138 4383 περιλαμϐάνει
3169 4307 3257 4359 τὸν
3286 4304 3512 4376 οὑρανὸν
3536 4306 3600 4374 τῇ
3631 4317 3753 4354 σπι-

2179 4410 2346 4480 θαμῇ,
2383 4409 2468 4462 διά
2506 4405 2663 4459 τοῦτο
2693 4403 3014 4475 περιμετρεῖ
3050 4402 3117 4469 τῇ
3164 4399 3305 4469 χειρὶ
3348 4397 3409 4449 τὸ
3452 4396 3614 4466 ὕδωρ,
3665 4392 3756 4446 διὰ

2178 4503 2335 4555 τοῦτο
2375 4500 2471 4570 τὴν
2509 4498 2702 4568 νοητὴν
2741 4498 2919 4547 πᾶσαν
2960 4493 3134 4546 κτίσιν
3165 4493 3221 4543 ἐν
3266 4488 3443 4558 ἐαυτῷ
3487 4486 3754 4558 περιέχει,

505 4587 899 4656 παντοκράτωρ
933 4603 1129 4642 nomen
1184 4589 1457 4653 audimus,
1498 4591 1601 4644 hoc
1653 4601 1836 4648 mente
1885 4596 2058 4648 conci

2184 4597 2270 4648 ἵνα
2309 4594 2486 4647 πάντα
2514 4594 2570 4645 ἐν
2606 4590 2684 4660 τῷ
2720 4585 2857 4640 εἶναι
2899 4585 3034 4656 μένῃ
3073 4586 3140 4654 τῇ
3176 4583 3489 4653 περιεκτικῇ
3533 4579 3757 4648 δυνάμει

506 4681 740 4748 piamus,
775 4695 967 4746 nempe
999 4679 1166 4734 Deum
1219 4684 1400 4735 onmia
1433 4685 1484 4735 in
1531 4698 1632 4737 suo
1689 4700 1810 4739 esse
1846 4686 1961 4740 sive
2021 4687 2058 4740 it

2185 4705 2250 4740 πε
2258 4704 2347 4758 ρικ
2356 4683 2514 4757 ρατού
2524 4699 2675 4753 μενα.

506 4786 604 4822 sua
634 4781 824 4824 natura
849 4780 902 4824 et
939 4773 1175 4826 essentia
1202 4773 1507 4838 continere,
1539 4785 1590 4829 et
1619 4791 1738 4845 qua:
1767 4778 2122 4848 intelligentia
2184 4781 2412 4848 solaque
2437 4784 2618 4831 mente
2647 4781 2970 4838 cernuntur,
3041 4780 3096 4825 ct
3155 4785 3276 4840 quae
3341 4764 3603 4820 materiali
3662 4776 3758 4814 na-

508 4875 627 4916 tura
661 4873 934 4918 constant.
965 4865 1195 4934 Ideoque
1248 4875 1404 4920 terra:
1457 4883 1644 4937 gyrum
1713 4870 1827 4925 sive
1883 4876 2068 4927 orbem
2102 4875 2368 4934 continet,
2403 4881 2625 4940 propter
2665 4869 2768 4922 hoc
2807 4867 2861 4920 in
2932 4880 3097 4919 manu
3148 4863 3310 4916 habet
3377 4868 3537 4913 terrae
3596 4855 3754 4917 fines,

507 4969 726 5029 propter
757 4961 997 5015 eamdem
1029 4976 1252 5016 causam
1299 4963 1496 5019 caelum
1536 4964 1716 5034 palmo
1755 4967 2136 5036 complectitur
2163 4972 2232 5034 ⁵³,
2263 4977 2482 5038 propter
2521 4970 2623 5020 hoc
2657 4966 2838 5034 ipsum
2909 4975 3108 5031 aquam
3179 4973 3344 5012 manu
3407 4967 3754 5009 commensu-

508 5060 849 5120 l'at,pr0plcr
888 5052 1122 5122 idipsum
1175 5070 1389 5109 onmem
1445 5058 1825 5128 incorpoream
1865 5068 1920 5114 et
1965 5063 2068 5116 sub
2107 5064 2524 5134 intelligentiam
2556 5059 2839 5115 cadentem
2877 5063 3188 5111 creaturam
3251 5053 3304 5106 in
3380 5052 3496 5119 seip
3529 5064 3562 5101 ο
3614 5062 3758 5101 com-

509 5141 814 5210 prehendit,
850 5149 906 5196 ut
928 5143 1110 5195 omnia
1138 5142 1191 5196 in
1227 5159 1327 5198 suo
1353 5161 1474 5200 esse
1505 5147 1619 5201 sive
1649 5164 1699 5201 In
1733 5164 1831 5203 sua
1868 5157 2064 5205 natura
2105 5162 2362 5207 maneant
2404 5150 2645 5221 potentia
2719 5145 3197 5217 comprehensiva,
3263 5142 3377 5198 sive
3419 5139 3757 5210 continente,

509 5232 905 5299 comprehensa
938 5240 991 5288 et
1028 5245 1304 5288 contenta.

581 5324 714 5388 Quis
741 5324 902 5393 igitur
928 5325 972 5380 is
1001 5326 1069 5380 sit
1091 5329 1184 5396 qui
1209 5331 1391 5383 omnia
1428 5332 1482 5384 in
1514 5334 1772 5388 omnibus
1796 5343 2078 5403 operatur,

510 5416 873 5484 intulit-amns.
925 5417 1060 5482 Quis
1108 5430 1190 5474 est
1237 5423 1328 5491 qui
1385 5425 1566 5478 omnia
1608 5427 1754 5492 fecit,
1811 5427 1928 5480 sine
1975 5443 2084 5496 quo

511 5511 645 5563 nihil
702 5526 889 5564 eorum
940 5527 1060 5580 qua:
1120 5524 1250 5568 sunt
1281 5522 1534 5571 constat?
1591 5517 1726 5584 Quis
1762 5528 1846 5572 est
1890 5521 1943 5572 in
1977 5535 2086 5588 quo

515 5611 641 5655 sunt
675 5604 854 5656 omnia
887 5603 1126 5668 condita,
1151 5615 1204 5659 ct
1234 5608 1284 5660 in
1313 5623 1420 5675 quo
1449 5625 1568 5679 qua:
1595 5619 1722 5672 sunt
1756 5625 2082 5678 permanen-

515 5693 647 5747 tiam
681 5693 929 5748 habent?
970 5695 1027 5749 ln
1063 5712 1170 5765 quo
1227 5699 1479 5765 vivimus,
1533 5718 1832 5764 movemur,
1891 5709 1945 5754 et
2002 5716 2090 5755 su-

588 5873 632 5904 “
674 5873 695 5926 ι
733 5874 946 5933 Timolh
1009 5894 1046 5948 ι,
1084 5878 1169 5932 17.
1246 5881 1302 5952 ⁵⁸⁸,
1329 5876 1519 5932 Matth.
1557 5894 1633 5945 Ix,
1674 5878 1755 5932 l2.

2259 5337 2353 5396 Τίς
2395 5329 2486 5386 οὖν
2527 5336 2554 5386 ὁ
2587 5334 2762 5385 πάντα
2795 5333 2851 5382 ἐν
2893 5330 3058 5383 πᾶσιν
3099 5323 3354 5395 ἐνεργῶν,
3397 5321 3758 5390 ἐξετάσωμεν.

2193 5428 2287 5488 Τίς
2331 5427 2358 5476 6
2389 5425 2565 5476 πάντα
2599 5426 2847 5492 ποιήσας,
2879 5417 2937 5475 οὑ
2976 5419 3142 5490 χωρὶς
3171 5417 3277 5471 τῶν
3311 5417 3476 5468 ὀντων
3519 5415 3634 5466 ἐστὶ
3673 5413 3765 5464 οὑ-

2191 5517 2278 5569 δέν
2305 5535 2320 5583 ;
2355 5517 2450 5580 Τίς
2479 5519 2622 5568 ἐστιν
2660 5518 2716 5566 ἐν
2750 5508 2793 5581 ᾧ
2822 5513 2890 5566 τά
2925 5513 3098 5565 πάντα
3136 5507 3378 5576 ἐκτίσθη,
3424 5506 3513 5559 καὶ
3545 5507 3603 5556 ἐν
3627 5496 3670 5568 ᾧ
3697 5508 3765 5553 τὰ

2193 5610 2318 5663 ὄντα
2346 5610 2442 5681 τὴν
2479 5609 2734 5681 διαμονὴν
2764 5607 2904 5676 ἔχει,
2959 5606 3046 5659 Ἐν
3087 5604 3191 5656 τίνι
3234 5601 3410 5672 ζῶμεν
3448 5599 3540 5652 καὶ
3585 5596 3764 5650 κινού-

2200 5701 2339 5772 μεθα
2375 5703 2468 5756 καὶ
2498 5701 2690 5773 ἐσμέν;
2715 5700 2808 5763 Τίς
2849 5703 2876 5754 6
2899 5698 2967 5752 τά
3000 5697 3175 5751 πάντα
3206 5695 3341 5765 ἔχων
3367 5696 3423 5746 ἐν
3448 5689 3640 5760 ἐαυτῷ,
3665 5689 3766 5742 ὅσα

1834 5881 1878 5913 ⁵³
1917 5882 2018 5937 lsa.
2053 5880 2236 5945 xL,l~2.
