4146 6370
369 432 476 487 5%

1489 426 1770 482 CONTRA
1805 422 2208 490 EUNOMIUM,
2247 423 2375 478 LIB.
2419 425 2480 478 ll.

3513 419 3618 476 526
3653 447 3656 450 ~

366 551 397 602 6
427 551 612 618 Πατὴρ
636 547 746 617 ἔχει
769 563 783 610 ς
814 541 922 616 ἆρα
944 543 1245 614 ἀγνοοῦμεν
1275 545 1354 600 ἐτι
1383 545 1468 598 διὰ
1493 547 1599 601 τῶν
1625 546 1946 618 εἰρημένων,

2057 558 2172 596 mus
2195 543 2266 594 ﬁ°?
2293 543 2428 607 Quis
2451 553 2533 596 est
2562 541 2651 594 ille
2679 541 2768 610 qui
2803 541 2857 594 iu
2886 543 3066 610 seipso
3097 540 3260 594 habet
3288 539 3470 592 omnia
3499 555 3621 608 qua:

367 645 459 696 τὸν
487 643 578 695 ἐπὶ
611 643 825 696 πάντων
846 641 978 694 Θεὸν
1009 642 1094 694 τὸν
1125 642 1230 696 ὑπὸ
1266 642 1356 696 τοῦ
1387 643 1597 696 Παύλου
1631 643 1802 705 οὕτως
1831 644 1946 694 ὀνο-

372 733 702 803 μαζόμενον,
729 732 818 785 τὸν
851 731 1052 802 Κύριον
1088 733 1241 803 ἡμῶν
1295 733 1502 803 Ἰησοῦν
1541 733 1632 786 τὸν
1671 733 1943 802 Χριστόνς

373 826 469 884 Ὃς
507 823 684 875 πάντα
715 825 772 876 ἐν
815 825 880 894 τῇ
913 823 1059 894 χειρὶ
1097 823 1163 875 τὰ
1201 823 1294 875 τοῦ
1330 823 1543 894 Πατρὸς
1573 823 1729 894 ἔχων,
1765 821 1946 885 καθὼς

369 915 530 978 αὑτός
569 932 730 984 φησι,
763 915 1177 986 περιδέδρακται
1215 916 1422 977 πάντως
1457 914 1545 968 διά
1575 916 1672 984 τῆς
1704 914 1948 984 πολυχώο

371 1025 466 1076 ρου
521 1005 684 1059 αὐτοῦ
727 1006 981 1076 παλάμης
1035 1005 1142 1060 τῶν
1182 1007 1430 1068 πάντων,
1471 1007 1564 1058 καὶ
1603 1007 1795 1076 κρατεῖ
1843 1005 1946 1058 τῶν

373 1097 912 1168 περιδεδραγμένων,
963 1097 1054 1149 καὶ
1103 1096 1274 1160 οὐδεὶς
1323 1095 1466 1167 αἴρει
1515 1098 1580 1150 ἐκ
1625 1098 1724 1166 τῆς
1767 1095 1947 1165 χειρὸς

371 1189 534 1240 αὐτοῦ
574 1189 670 1241 τοῦ
717 1189 1042 1261 κρατοῦντος
1094 1191 1158 1259 τῇ
1227 1191 1370 1258 χειρὶ
1421 1189 1531 1241 τῶν
1591 1188 1838 1251 πάντων;
1885 1185 1946 1239 Εἰ

373 1275 464 1332 οὖν
513 1283 686 1334 πάντα
721 1280 853 1350 ἔχει,
909 1281 1000 1334 καὶ
1051 1283 1245 1350 κρατεῖ
1288 1273 1364 1332 ὧν
1407 1279 1540 1349 ἔχει,
1575 1278 1628 1330 τί
1677 1278 1803 1332 ἄλλο
1853 1279 1947 1330 καὶ

371 1370 493 1438 οὐχὶ
550 1370 970 1438 παντοκράτωρ
1025 1373 1242 1434 πάντως
1299 1372 1464 1434 ἐστὶν,
1509 1373 1537 1422 ὁ
1577 1369 1793 1440 κρατῶν
1838 1371 1948 1422 τῶν

373 1461 618 1525 πάντων;
673 1461 732 1513 Ei
776 1460 832 1512 δὲ
881 1460 1029 1528 λέγοι
1069 1462 1102 1530 ἡ
1145 1457 1354 1530 αἵρεσις
1403 1460 1486 1511 ὅτι
1526 1459 1622 1511 καὶ
1679 1457 1774 1510 τοῦ
1819 1457 1946 1510 Υίοῦ

373 1552 468 1604 καὶ
506 1551 598 1603 τοῦ
631 1551 946 1622 Πνεύματος
977 1554 1170 1621 κρατεῖ
1208 1554 1236 1604 6
1291 1552 1512 1621 Πατὴρ,
1554 1549 1769 1620 πρῶτον
1810 1549 1945 1601 ἀπο·

372 1643 698 1707 δειξάτωσαν
736 1645 817 1696 ὅτι
859 1644 1095 1713 τρεπττῆς
1131 1646 1243 1696 ἐστι
1282 1643 1494 1711 φύσεως
1523 1645 1551 1694 6
1585 1641 1712 1704 Υἱὸς
1762 1641 1854 1694 καὶ
1888 1640 1948 1692 τὸ

373 1736 599 1805 Πνεῦμα
641 1735 701 1787 τὸ
739 1735 912 1804 ἅγιον,
959 1737 1052 1787 καὶ
1099 1735 1220 1788 τότε
1256 1735 1352 1786 τὸν
1385 1733 1689 1804 κρατοῦντα
1721 1731 1796 1802 τῷ
1823 1749 1948 1801 τρε-

375 1825 595 1897 πομένῳ
631 1826 1109 1896 ἐπιστησάτωσαν¹
1157 1825 1245 1877 ἵνα
1273 1825 1340 1893 τῇ
1383 1822 1586 1876 ἀνωθεν
1621 1821 1948 1895 ἐγγινομένῃ

377 1917 614 1987 βοηθείᾳ,
651 1918 786 1989 μένῃ
809 1917 870 1968 τὸ
902 1916 1288 1988 κρατούμενον,
1313 1915 1448 1984 πρὸς
1479 1915 1537 1967 τὸ
1558 1915 1725 1967 κακὸν
1745 1915 1949 1984 ἀμετά-

376 2025 606 2060 πτωτον.
655 2008 718 2060 El.
772 2008 828 2060 δέ
883 2007 1231 2068 ἀνεπίδεκτος
1275 2005 1470 2068 κακίας
1513 2008 1546 2076 ἡ
1598 2006 1714 2058 θεία
1753 2005 1948 2075 φύσις,

375 2100 643 2170 ἄτρεπτός
683 2117 742 2153 τε
768 2099 862 2152 καὶ
888 2100 1260 2164 ἀναλλοίωτος,
1293 2101 1386 2152 καὶ
1406 2100 1492 2151 ἀεὶ
1520 2099 1776 2162 ὡσαύτως
1799 2099 1911 2170 ἔχει
1935 2113 1948 2126 ·

375 2195 454 2252 είς
485 2192 536 2244 τί
557 2191 650 2244 τοῦ
677 2191 1004 2263 κρατοῦντος
1026 2191 1402 2262 ἐπιδεήσεται;
1438 2192 1504 2243 Ἠ
1537 2190 1601 2242 δι’
1628 2191 1824 2258 ἑαυτῆς
1849 2192 1954 2243 πᾶ-

378 2300 474 2335 σαν
501 2283 868 2354 ἐπικρατοῦσα
896 2283 990 2353 τὴν
1023 2283 1217 2346 κτίσιν,
1246 2282 1381 2352 αὐτὴ
1411 2281 1468 2334 δὲ
1496 2281 1588 2334 τοῦ
1613 2281 1954 2352 -κρατοῦντος

379 2375 453 2444 μὴ
477 2375 702 2446 δεομένη
726 2373 812 2426 διὰ
837 2373 896 2426 τὸ
919 2374 1201 2442 ἄτρεπτον.
1231 2373 1328 2425 Διά
1353 2372 1508 2424 τοῦτο
1535 2374 1593 2424 ἐν
1629 2372 1706 2442 τῷ
1730 2373 1953 2442 ὀνόματι

376 2467 470 2520 τού
523 2465 758 2536 Χριστοῦ
800 2466 906 2517 πᾶν
965 2465 1092 2532 γόνυ
1151 2465 1424 2533 κάμπτει,
1478 2465 1814 2534 ἐπουρανίων
1861 2467 1956 2518 καὶ

377 2557 634 2624 ἐπιγείων
669 2555 761 2608 καὶ
805 2552 1195 2622 καταχθονίων.
1240 2553 1314 2604 Οὐ
1357 2553 1461 2624 γὰρ
1495 2553 1560 2606 ἂν
1605 2553 1870 2624 ἔκαμψεν,
1907 2557 1955 2606 εἰ

381 2647 456 2719 μὴ
485 2648 576 2700 τὸν
605 2649 696 2700 ἐπὶ
721 2645 964 2716 σωτηρίᾳ
990 2643 1290 2714 κρατοῦντα
1319 2645 1534 2706 πάντως
1563 2645 1852 2712 ἐγίνωσκε.
1884 2647 1956 2698 Τὸ

376 2739 432 2792 δὲ
471 2737 647 2806 λέγειν
685 2739 750 2807 τῇ
781 2735 1077 2804 ἁγαθότητι
1115 2734 1205 2786 τοῦ
1251 2733 1463 2804 Πατρὸς
1503 2735 1593 2786 τὸν
1637 2735 1960 2804 Υἱὸνγεγεν-

381 2835 610 2898 εῆςῢαι,
640 2832 792 2885 οὐδὲν
837 2827 964 2880 ἄλλο
1012 2827 1160 2880 ἐστὶν
1202 2827 1235 2896 ἧ
1277 2827 1356 2889 εἰς
1393 2827 1452 2878 τὸ
1500 2827 1758 2896 ὁμότιμον
1796 2825 1957 2878 αὐτὸν

379 2911 716 2986 καταστῆσαι
743 2919 853 2981 τοῖς
898 2919 1143 2987 ἐσχάτοις
1173 2917 1272 2988 τῆς
1311 2919 1558 2980 κτίσεως.
1591 2917 1655 2968 Τί
1699 2915 1804 2986 γάρ
1840 2917 1958 2986 οὐχὶ

378 3009 444 3078 τῇ
463 3007 754 3078 ἀγαθότητι
779 3009 870 3070 τοῦ
898 3008 1255 3078 πεποιηκότος
1281 3005 1442 3079 ἦλθεν
1475 3010 1552 3070 εἰς
1573 3008 1780 3076 γένεσιν
1801 3023 1816 3070 ;
1841 3008 1958 3058 Τίνι

379 3098 652 3181 λογίζεται
681 3102 713 3170 ἡ
743 3102 840 3182 τῆς
869 3101 1214 3172 ἀνθρωπίνης
1253 3102 1466 3169 φύσεως
1495 3100 1828 3172 κατασκευὴ,
1870 3119 1959 3154 πο-

381 3193 564 3265 νηρίᾳ,
608 3193 642 3260 ἦ
675 3192 965 3261 ἀγαθὸτητι
1005 3191 1098 3244 τοῦ
1143 3193 1500 3262 ποιήσαντοςς
1545 3193 1662 3245 Τίνι
1699 3193 1814 3264 δέἠ
1851 3191 1956 3244 τῶν
1985 3225 2027 3279 C

382 3284 538 3362 ζώων
585 3285 828 3353 γένεσις,
863 3283 1030 3354 ἡτῶν
1087 3285 1268 3350 φυτῶν
1315 3303 1372 3336 τε
1418 3286 1512 3337 καὶ
1562 3285 1958 3356 βλαστημάτων

385 3377 576 3446 φύσιςς
603 3379 752 3431 οὐδέν
784 3380 929 3430 ἐστιν
955 3379 982 3430 ὃ
1019 3379 1092 3448 μὴ
1122 3381 1186 3446 τῇ
1220 3377 1510 3445 ἁγαθότητι
1548 3379 1641 3430 τοῦ
1674 3379 1962 3449 πεποιηκό-

381 3487 472 3531 τος
497 3467 618 3539 ἐσχε
655 3470 752 3540 τὴν
783 3469 1012 3538 γένεσιν.
1049 3472 1224 3540 Ὅπερ
1255 3465 1348 3522 οὖν
1381 3470 1472 3522 ἐπὶ
1503 3471 1720 3524 πάντων
1745 3473 1772 3524 ὁ
1804 3471 1960 3538 λόγος

382 3561 504 3630 ὁρᾷ,
543 3543 698 3612 τοῦτο
738 3561 765 3612 6
813 3543 1070 3630 Εὑνόμιος
1117 3560 1195 3628 τῷ
1245 3558 1359 3628 Υἱῴ
1404 3560 1510 3611 ἀπὸ
1557 3559 1960 3628 φιλανθρωπίας

384 3646 664 3718 χαρίζεται
691 3665 703 3678 ο
746 3648 807 3701 τὸ
836 3648 890 3702 δὲ
933 3649 1006 3718 μὴ
1056 3649 1384 3718 μερίσασθαι
1427 3647 1564 3717 πρὸς
1605 3648 1695 3700 τὸν
1743 3649 1960 3718 Πατέρα

384 3741 482 3807 τὴν
511 3737 693 3792 οὐσίαν
724 3740 756 3810 ἢ
785 3739 880 3810 τὴν
923 3739 1078 3803 ἀξίαν
1100 3781 1112 3800 ,
1143 3740 1174 3809 ἢ
1211 3740 1309 3791 ὅσα
1335 3739 1555 3792 τοιαῦτα
1589 3739 1845 3808 φλυαρῶν
1884 3741 1961 3792 δι-

385 3830 681 3900 εξέρχεται,
711 3815 810 3901 ἤδη
852 3834 908 3883 ἐν
937 3831 1048 3892 τοῖς
1075 3831 1200 3901 περὶ
1229 3830 1318 3882 τοῦ
1357 3830 1564 3900 Πατρὸς
1607 3831 1784 3899 λόγοις
1825 3849 1960 3902 προ-

385 3919 766 3990 εξελήλεκται·
813 3920 888 3983 ὼς
935 3921 1112 3990 μάτην
1154 3919 1318 3972 αὑτοῦ
1361 3919 1534 3974 ταῦτα
1575 3921 1667 3974 καὶ
1699 3922 1818 3992 δίχα
1855 3923 1964 3974 δια-

387 4009 534 4072 νοίας
581 4010 998 4082 προσρίψαντος.
1043 4011 1176 4064 osse
1223 4013 1330 4082 γὰρ
1371 4013 1500 4082 ἡμῖν
1545 4014 1657 4072 τοῖς
1691 4012 1748 4078 ἐξ
1799 4013 1960 4084 ἀλλή-

385 4099 493 4154 λων
525 4102 878 4172 τικτομένοις,
913 4103 1098 4166 οὐσίας
1134 4103 1392 4174 διαίρεσις
1433 4103 1672 4170 γίνεται·
1704 4103 1824 4167 ὅλος
1853 4105 1960 4176 γὰρ

387 4193 446 4246 ἐν
479 4193 692 4264 ἑκάστῳ
731 4194 878 4264 μένει
905 4197 1004 4265 τῆς
1031 4195 1214 4258 οὐσίας
1252 4195 1280 4248 6
1309 4195 1484 4262 λόγος,
1513 4195 1570 4248 ἐν
1593 4195 1672 4265 τῷ
1704 4212 1962 4268 γεγεννη-

392 4285 538 4356 μένῳ
565 4287 656 4339 καὶ
685 4285 763 4356 τῷ
786 4287 1127 4356 γεννήσαντι,
1163 4283 1285 4338 οὔτε
1321 4289 1378 4338 ἐν
1404 4285 1480 4355 τῷ
1515 4287 1770 4356 γεννῶντι
1799 4288 1962 4358 μείω-

391 4395 494 4442 σιν,
530 4377 654 4431 οὕτε
680 4380 736 4430 ἐν
765 4377 842 4448 τῷ
884 4377 1259 4447 γεγεννημένῳ
1289 4376 1514 4448 αὔξησιν
1545 4377 1639 4430 τοῦ
1679 4377 1837 4446 λόγου
1865 4379 1960 4449 τῆς

388 4473 574 4536 οὐσίας
597 4472 984 4541 λαμϐάνοντος.
1020 4472 1076 4524 '0
1095 4471 1154 4524 δὲ
1186 4471 1286 4540 τῆς
1313 4471 1469 4536 ἀξίας
1492 4471 1524 4542 ἢ
1553 4472 1653 4540 τῆς
1685 4471 1959 4541 βασιλείας

2045 631 2205 700 Pater
2233 635 2432 688 habet?
2458 633 2536 686 Au
2562 635 2894 704 ignoramus,
2928 649 2992 687 ex
3027 633 3114 687 his
3143 647 3262 701 qua:
3293 631 3438 686 dicta
3469 638 3620 691 sunt,

2046 742 2168 780 eum
2201 743 2322 781 esse
2355 726 2448 796 qui
2497 741 2662 796 super
2717 727 2896 778 omnia
2929 725 3071 780 Deus
3123 733 3209 779 cst
3265 739 3295 776 a
3337 721 3505 776 Paulo
3541 721 3624 774 sic

2047 815 2380 881 nominatus,
2409 814 2674 870 Dominus
2713 825 2898 870 noster
2929 815 3088 869 Jesus
3147 813 3491 876 Christus“,
3527 811 3626 880 qui

2047 912 2230 965 omnia
2265 914 2318 964 iu
2361 928 2524 964 manu
2555 927 2674 980 (pta:
2709 921 2836 966 sunt
2865 912 3044 965 Patris
3072 912 3256 970 habet,
3311 909 3456 964 sicut
3511 909 3628 976 ipse

2049 1001 2220 1054 dicit:
2263 1001 2448 1054 omnia
2478 1001 2696 1068 quidem
2727 1001 3064 1069 amplissima
3111 1014 3211 1053 sua
3245 998 3424 1067 palma
3477 1011 3629 1050 com-

2049 1091 2239 1158 plexus
2267 1098 2370 1154 est,
2407 1098 2460 1143 et
2487 1092 2884 1160 comprehensa
2913 1091 3156 1144 continet
3216 1090 3510 1156 imperans,
3575 1097 3630 1137 et

2048 1181 2229 1235 nullus
2261 1180 2328 1234 de
2358 1197 2520 1234 manu
2553 1181 2737 1234 omnia
2763 1180 3098 1236 continentis
3148 1174 3318 1234 tollit?
3343 1180 3398 1233 Si
3453 1181 3622 1248 igitur

2049 1272 2233 1325 omnia
2289 1273 2472 1338 habet,
2511 1273 2556 1326 si
2587 1274 2828 1328 continet
2861 1281 2915 1326 ct
2965 1273 3234 1342 gubernat
3265 1289 3386 1342 quae
3439 1273 3622 1338 habet,

2048 1363 2176 1432 quid
2211 1363 2356 1416 aliud
2383 1379 2612 1433 prorsus
2639 1363 2756 1432 ipse
2777 1371 2857 1418 est
2879 1379 3042 1433 quam
3067 1366 3455 1436 παντοκράτωρ
3489 1380 3626 1419 cun-

2049 1456 2318 1510 ctilenens
2356 1456 2603 1510 omnium
2635 1455 2931 1521 Dominus,
2973 1457 3064 1526 qui
3107 1465 3253 1512 tenet
3291 1459 3474 1512 omnia
3526 1473 3627 1527 po-

2051 1554 2225 1600 tenter
2265 1554 2318 1600 et
2371 1547 2454 1601 his
2517 1547 2873 1602 dominatur?
2931 1545 3084 1611 Quod
3125 1549 3168 1602 si
3211 1549 3430 1604 haeresis
3481 1548 3630 1602 dicat

2049 1639 2192 1708 quod
2226 1637 2387 1690 Pater
2421 1637 2620 1692 Filium
2664 1647 2719 1694 et
2758 1639 3020 1708 Spiritum
3069 1642 3331 1706 continet,
3389 1641 3624 1710 primum

2049 1731 2425 1784 demonstrent
2459 1728 2656 1784 Filium
2687 1739 2740 1785 et
2773 1731 3033 1800 Spiritum
3065 1740 3314 1786 sanctum
3358 1747 3478 1787 esse
3505 1749 3627 1786 mu-

2050 1821 2234 1875 tabilis
2263 1829 2494 1885 naturae,
2529 1836 2592 1874 ac
2621 1831 2751 1874 tunc
2783 1823 2832 1876 ei
2861 1823 2954 1892 qui
3009 1823 3240 1878 vertitur
3273 1839 3336 1876 ac
3386 1831 3629 1877 mutatur

2053 1916 2204 1969 illum
2234 1915 2326 1983 qui
2364 1915 2642 1969 contineat
2696 1915 3016 1984 prmliciant,
3075 1925 3132 1968 ut
3197 1932 3431 1986 superne
3469 1917 3629 1970 iuua-

2053 2014 2238 2057 seente
2269 2004 2472 2058 auxilio
2503 2013 2719 2058 maneat
2753 2005 2807 2058 id
2850 2008 2994 2075 quod
3051 2008 3366 2060 continetur
3417 2007 3482 2059 ad
3515 2023 3630 2060 ma-

2053 2095 2164 2148 lum
2193 2097 2659 2151 incommutabile.
2687 2097 2841 2162 Quod
2867 2100 2912 2152 si
2942 2100 3059 2152 vitii
3083 2108 3166 2153 est
3189 2100 3418 2167 incapax
3443 2099 3628 2154 divina

2053 2196 2270 2250 natura,
2304 2187 2647 2254 invertibilis,
2697 2189 3074 2250 immutabilis,
3111 2205 3211 2248 nec
3265 2189 3524 2244 deﬁciens
3573 2189 3628 2241 in

2053 2278 2546 2348 consummationis
2573 2280 2744 2342 exitu,
2792 2295 3114 2349 semperque
3139 2281 3328 2335 eodem
3378 2281 3539 2336 modo
3569 2297 3630 2335 se

2055 2371 2240 2436 habet,
2269 2369 2336 2424 ad
2371 2371 2504 2440 quid
2529 2386 2595 2426 eo
2619 2372 2710 2441 qui
2739 2373 3014 2428 contineat
3039 2373 3342 2443 indigebit?
3371 2373 3502 2438 Quae
3535 2388 3633 2442 per

2055 2462 2287 2530 seipsam
2315 2476 2529 2516 omnem
2558 2463 2798 2518 continet
2823 2471 3151 2528 creaturam,
3180 2466 3494 2519 continente
3525 2465 3633 2518 alio

2055 2568 2164 2607 non
2199 2553 2428 2622 indiget,
2463 2555 2592 2625 quia
2623 2555 2694 2609 sit
2730 2555 3048 2612 mutationis
3081 2567 3135 2609 ct
3159 2557 3488 2612 inversionis
3539 2573 3632 2610 ex-

2056 2662 2204 2716 pers.
2247 2647 2543 2716 Propterea
2578 2647 2632 2700 in
2667 2648 2888 2701 nomine
2913 2645 3040 2702 Jesu
3071 2662 3230 2703 omne
3274 2665 3414 2718 genu
3445 2663 3502 2702 se
3533 2647 3632 2702 lle-

2055 2739 2154 2792 ctit
2193 2739 2697 2808 supercmlestium,
2733 2739 3074 2794 terrestrium
3125 2749 3180 2794 et
3247 2741 3635 2795 subterraneo-

2056 2845 2178 2885 rum
2199 2832 2268 2884 ⁸³.
2310 2829 2429 2884 Non
2458 2838 2639 2886 autem
2675 2846 2734 2886 se
2763 2830 3025 2894 ﬂecteret,
3075 2832 3180 2886 nisi
3233 2833 3634 2902 praedominan-

2060 2927 2166 2972 tem
2190 2927 2244 2974 et
2273 2922 2644 2976 continentem
2679 2938 2776 2992 pro
2799 2937 2986 2977 eorum
3011 2924 3190 2978 salute
3219 2926 3437 2992 penitus
3463 2941 3634 2995 agno-

2058 3017 2255 3064 sceret.
2287 3013 2357 3064 At
2389 3027 2517 3070 vero
2549 3013 2728 3066 dicere
2757 3011 2936 3070 Patris
2967 3014 3207 3068 bonitate
3237 3013 3432 3070 Filium
3471 3033 3635 3086 gene-

2059 3111 2236 3156 ratum
2260 3119 2404 3165 esse,
2427 3105 2566 3158 nihil
2597 3106 2744 3158 aliud
2767 3114 2872 3170 est,
2904 3121 3064 3174 quam
3091 3106 3270 3178 ipsum
3302 3111 3636 3164 constituere

2059 3205 2112 3250 et
2151 3196 2396 3266 redigere
2439 3197 2504 3250 ad
2537 3199 2878 3252 consimilem
2935 3200 3194 3255 honorem
3253 3216 3374 3255 cum
3431 3201 3634 3256 inﬁmis

2061 3289 2348 3343 creaturis.
2379 3288 2520 3354 Quid
2553 3289 2698 3344 cuitu
2733 3307 2841 3344 non
2867 3291 2988 3360 ejus
3009 3293 3100 3361 qui
3135 3292 3260 3346 fecit
3291 3293 3535 3348 bonitate
3567 3295 3634 3347 ad

2060 3381 2466 3450 generationem
2529 3383 2818 3450 pervenit?
2869 3385 2961 3438 cui
3029 3385 3328 3454 imputatur
3385 3386 3637 3442 humanae

2061 3481 2271 3524 naturae
2319 3474 2684 3536 constructio,
2744 3473 3077 3542 improbitati
3117 3490 3186 3528 an
3229 3476 3458 3530 bonitati
3515 3479 3636 3546 ejus

2062 3562 2156 3631 qui
2187 3561 2355 3618 fecit?
2383 3567 2472 3618 cui
2509 3565 2823 3618 animalium
2855 3568 3180 3636 generatio?
3237 3569 3544 3638 plantarum
3584 3579 3638 3623 et

2063 3654 2367 3722 germinum
2433 3655 2672 3706 natura?
2728 3652 2872 3708 Nihil
2922 3661 3006 3708 est
3067 3655 3210 3723 quod
3272 3671 3383 3709 non
3441 3657 3638 3711 habeat

2063 3761 2222 3800 suum
2253 3753 2432 3798 ortum
2457 3759 2522 3798 ex
2561 3745 2800 3799 bonitate
2829 3743 2948 3812 ejus
2971 3747 3060 3814 qui
3101 3745 3247 3800 fecit.
3289 3747 3442 3812 Quod
3473 3748 3638 3818 igitur

2063 3832 2115 3884 in
2144 3831 2398 3886 omnibus
2429 3833 2570 3886 ratio
2597 3833 2882 3902 perspicit,
2921 3833 2972 3886 id
3004 3833 3302 3890 Eunomius
3353 3853 3417 3888 ex
3473 3837 3637 3892 bene-

2060 3923 2296 3976 volentia
2329 3921 2472 3976 Filio
2509 3921 2875 3990 gratiﬁcatur.
2907 3923 3062 3987 Quod
3095 3933 3275 3978 autem
3315 3924 3487 3978 Filius
3521 3943 3626 3978 non

2062 4029 2186 4066 cum
2219 4012 2378 4068 Patre
2399 4014 2695 4068 essentiam
2723 4015 2806 4068 vel
2847 4016 3187 4083 majestatem
3221 4019 3526 4086 participet,
3583 4026 3638 4072 et

2063 4121 2404 4174 quzecunque
2435 4107 2566 4159 talia
2607 4107 2862 4176 nugando
2896 4115 2948 4161 et
2983 4108 3302 4162 blaterando
3359 4112 3640 4179 persequi-

2062 4205 2152 4248 tur
2181 4195 2504 4256 Eunomius,
2531 4197 2644 4264 jam
2676 4196 2732 4250 in
2771 4197 3119 4252 sermonibus
3145 4199 3210 4252 de
3263 4197 3424 4252 Patre
3451 4214 3638 4266 repre-

2061 4289 2233 4343 hensa
2271 4297 2398 4342 sunt
2429 4298 2482 4344 et
2505 4288 2758 4352 refutata,
2795 4297 2854 4342 ut
2887 4291 2977 4360 qui
3020 4290 3134 4344 haec
3167 4289 3367 4344 frustra
3413 4303 3468 4346 et
3511 4291 3640 4346 abs-

2061 4397 2166 4448 que
2197 4381 2309 4434 ulla
2339 4380 2697 4450 intelligentia
2734 4382 3042 4450 projecerit.
3077 4381 3260 4452 Neque
3291 4384 3434 4438 enim
3481 4385 3640 4438 nobis

2061 4473 2189 4528 licet
2219 4489 2286 4528 ex
2314 4481 2506 4527 mutuo
2541 4481 2660 4527 satu
2697 4475 3053 4528 nascentibus
3091 4477 3341 4530 essentiae
3393 4476 3448 4528 ﬁt
3501 4476 3640 4529 divi-

395 4565 659 4636 μερισμὸς
691 4568 782 4619 ἐπὶ
817 4565 908 4620 τοῦ
951 4567 1126 4620 πάντα
1154 4566 1366 4637 ἔχοντος
1392 4567 1460 4620 τά
1481 4567 1574 4620 τοῦ
1608 4569 1838 4638 Πατρὸς,
1871 4569 1956 4620 ού-

2065 4565 2146 4620 εἱο
2169 4607 2184 4628 ,
2217 4572 2328 4619 tota
2353 4565 2499 4619 enim
2533 4565 2590 4618 in
2618 4579 2949 4635 unoquoque
2981 4566 3234 4620 essentia
3262 4577 3444 4620 manet
3477 4570 3636 4632 ratio,

390 4656 446 4706 δε
456 4657 604 4724 μίαν⁶
623 4657 882 4723 διάνοιαν,
903 4656 1038 4726 πλὴν
1057 4653 1149 4708 τοῦ
1167 4655 1386 4726 ἔλεγχον
1409 4651 1544 4708 εἶναι
1564 4655 1663 4724 τῆς
1685 4655 1954 4720 ἀσεϐείας.

391 4745 596 4799 Οὐκοῦν
637 4747 884 4817 περιττὸν
921 4745 986 4799 ἂν
1020 4745 1104 4816 εἴη
1141 4747 1253 4809 τοῖς
1288 4747 1546 4810 τοιούτοις
1581 4747 1958 4820 συμπλεκόμε-

391 4856 480 4891 νον
507 4841 584 4902 είς
610 4839 874 4909 ἀμετρίαν
901 4837 1200 4890 ἀποτείνειν
1223 4838 1311 4890 τὸν
1335 4838 1511 4906 λόγον.

2065 4663 2119 4710 et
2150 4657 2206 4710 in
2239 4658 2423 4726 genito
2451 4663 2504 4710 et
2531 4656 2806 4728 gignente,
2837 4673 3014 4726 neque
3053 4659 3106 4710 in
3135 4667 3430 4727 generante
3461 4659 3640 4711 innui—

2065 4747 2372 4810 nutionem,
2422 4761 2600 4816 neque
2629 4747 2682 4800 in
2717 4749 2902 4816 genito
2935 4751 3332 4802 incrementum
3387 4747 3640 4803 essentia:

2067 4839 2208 4892 ratio
2261 4837 2475 4906 recipit.
2513 4837 2808 4908 Dignitatis
2851 4845 3030 4894 autem
3065 4840 3150 4894 vel
3203 4839 3356 4909 regni
3419 4839 3640 4908 partitio

393 4935 448 4988 in
476 4951 540 4988 eo
569 4935 660 5002 qui
691 4934 872 4986 omnia
909 4947 1030 5003 qua:
1054 4943 1180 4986 sunt
1209 4931 1390 4988 Patris
1422 4934 1583 4988 habet
1625 4935 1832 4988 nullam
1864 4933 2288 5004 intelligentiam
2361 4932 2544 4992 habet,
2614 4933 2708 4986 scd
2779 4933 3073 5003 impietatis
3115 4943 3300 4988 notam
3365 4943 3418 4988 et
3479 4949 3640 5002 argu-

393 5033 654 5078 mentum.
690 5023 1030 5092 Superﬁuum
1061 5022 1226 5092 igitur
1265 5023 1429 5079 fuerit
1453 5025 1654 5080 talibus
1711 5025 2098 5094 complicatum
2132 5025 2189 5077 in
2229 5024 2556 5077 immensum
2591 5025 2912 5092 protrahere
2949 5039 3282 5078 sermonem.

465 5115 608 5184 Πρὸς
640 5114 696 5167 δὲ
735 5114 804 5166 τά
841 5115 1036 5184 ἐφεξῆς
1071 5115 1279 5178 τούτοις
1315 5115 1679 5186 μετέλθωμεν.
1711 5115 1954 5180 Δεδοξιι-

391 5205 620 5274 σμένον
645 5243 658 5267 ,
702 5205 833 5272 φησὶ
860 5247 873 5268 ,
915 5205 1074 5272 παρὰ
1121 5205 1228 5258 τοῦ
1265 5207 1492 5273 Πατρός
1539 5207 1654 5274 πρὸ
1708 5207 1954 5262 αἰώνων.

405 5297 800 5348 ’Λποδέὸεικται
838 5297 936 5364 τῆς
979 5295 1236 5366 ἀληθείας
1273 5299 1300 5350 ὀ
1338 5297 1528 5365 λόγος,
1577 5301 1640 5368 τῇ
1686 5299 1960 5370 μαρτυρίᾳ

395 5386 500 5438 τῶν
529 5385 736 5454 ἐλθρῶν
765 5385 1179 5456 κρατυνόμενος.
1212 5387 1379 5440 Τοῦτο
1415 5388 1521 5459 γὰρ
1561 5390 1660 5460 τῆς
1689 5390 1960 5460 ἡμετέρας

397 5475 630 5538 πίστεώς
657 5479 769 5528 ἐστι
800 5477 860 5528 τὸ
889 5478 1198 5545 κεφάλαιον,
1231 5480 1311 5532 ὅτι
1346 5480 1493 5549 παρά
1517 5480 1610 5532 τοῦ
1640 5481 1856 5551 Πατρὸς
1903 5480 1962 5544 ἐξ

396 5570 565 5620 ἀϊδίου
590 5569 868 5632 δοξάζεται
901 5573 928 5622 6
961 5571 1106 5633 Υἱός.
1137 5571 1208 5623 T6
1229 5571 1334 5642 γὰρ
1366 5571 1470 5642 πρὸ
1498 5571 1588 5624 τοῦ
1615 5573 1808 5634 αἰῶνος
1834 5573 1962 5625 ταύ-

398 5661 458 5713 τό
507 5663 620 5712 ἐστι
653 5661 726 5730 τῷ
770 5661 923 5733 ἀϊδίῳ
953 5663 1092 5716 κατὰ
1125 5665 1224 5734 τὴν
1249 5663 1450 5718 ἔννοιαν
1474 5705 1488 5728 ,
1527 5663 1667 5718 οὕτω
1695 5667 1795 5736 τῆς
1829 5683 1962 5736 προ-

477 5839 520 5868 ιο
560 5837 677 5891 Aet.
723 5855 854 5899 xvu,
895 5839 982 5894 28.

1062 5841 1102 5872 ⁶¹
1139 5839 1370 5910 Philipp.
1401 5856 1458 5904 ll,
1501 5840 1584 5896 Η.
1662 5843 1706 5873 ⁸⁸
1737 5841 1866 5895 ibid.
1917 5839 1994 5892 10.

2134 5116 2219 5170 Ad
2266 5129 2328 5170 ea
2380 5131 2501 5184 quae
2546 5125 2850 5183 sequuntur
2885 5114 3198 5186 pergamus.
3236 5115 3638 5186 Gloriﬁcamm,

2064 5206 2286 5276 inquit,
2326 5223 2358 5259 a
2405 5206 2567 5260 Patre
2603 5221 2722 5260 ante
2775 5207 2988 5261 swcula.
3029 5207 3289 5264 Veritatis
3331 5225 3638 5264 sermonem

2064 5299 2416 5354 inimicorum
2473 5299 2783 5353 testimonio
2837 5299 3153 5353 conﬁrmari
3207 5299 3638 5356 demonstratum

2067 5402 2168 5448 est.
2203 5391 2322 5445 Hoc
2356 5393 2500 5447 enim
2539 5391 2660 5446 ﬁdei
2697 5401 2896 5446 nostra:
2926 5402 3216 5462 caputest,
3247 5393 3392 5461 quod
3418 5407 3448 5444 a
3485 5392 3643 5446 Patre

2065 5501 2132 5539 ex
2161 5485 2314 5538 omni
2337 5485 2636 5537 aeternitate
2661 5482 2830 5538 Filius
2859 5485 3212 5553 gloriﬁcatur.
3245 5483 3376 5538 Nam
3395 5490 3520 5538 ante
3541 5499 3642 5538 sa:-

2070 5578 2279 5640 culum,
2316 5576 2458 5630 idem
2491 5583 2576 5630 est
2607 5576 2750 5644 quod
2785 5575 2854 5630 ab
2893 5584 3098 5633 azteruo
3139 5577 3439 5633 secundum
3494 5575 3642 5630 noti-

2074 5669 2236 5732 tiam,
2266 5668 2348 5724 sic
2386 5667 2672 5738 prophetia
2719 5667 2876 5723 nobis
2911 5669 3302 5739 interpretante
3346 5671 3491 5738 quod
3547 5665 3644 5722 Dei
