4146 6370
422 372 524 429 329

1545 369 1826 427 CONTRA
1867 368 2260 431 EUNOMIUM,
2304 368 2429 422 LIB.
2476 369 2536 423 Il.

3568 372 3672 427 3550

421 485 571 553 παρὰ
621 485 777 545 ποίας
811 484 1054 553 ἐδιδάχθη
1082 476 1439 554 ΓραφῆςίΤὸ
1469 484 1705 537 ἐναντίον
1746 482 1845 553 μὲν
1896 479 1988 536 οὖν

2104 484 2184 547 sit,
2221 484 2315 537 sed
2341 490 2565 551 propter
2596 497 2836 535 amorem
2869 493 2919 534 et
2948 482 3382 543 benevolentiam
3418 483 3473 537 in
3504 484 3675 541 homi-

423 579 572 631 πᾶσα
600 576 949 638 θεόπνευστος
979 576 1017 627 Γ
1023 575 1168 647 ραφὴ
1227 576 1326 646 τὴν
1357 575 1680 646 αὑθεντικὴν
1723 575 1872 645 αύτῷ
1897 577 1993 629 καὶ

421 667 885 737 αὐτοκρατορικὴν
934 668 1344 738 προσμαρτυρεῖ
1396 667 1684 734 ἐξουσίαν,
1739 668 1987 735 λέγουσα,

423 760 615 825 Αὐτὸς
643 760 790 823 εἶπε,
840 760 939 813 καὶ
970 759 1346 829 ἐγενήθησαν
1370 800 1384 823 ,
1417 759 1599 823 αὐτὸς
1630 760 1990 823 ἐνετείλατο,

424 850 519 903 καὶ
545 850 936 916 ἐκτίσθησαν.
967 850 1135 918 Δῆλον
1161 849 1268 920 γὰρ
1292 851 1373 902 ὅτι
1401 849 1574 902 ταῦτά
1605 867 1768 918 φησιν
1793 851 1821 900 ό
1847 851 1992 921 Προ-

424 941 603 1011 φήτης
676 940 800 1012 περὶ
838 939 929 992 τοῦ
968 938 1035 991 τὰ
1068 940 1357 1009 σύμπαντα
1393 941 1645 1010 φέροντος
1683 940 1760 1011 τῷ
1792 943 1992 1011 ῥήματι

421 1032 520 1100 τῆς
541 1031 822 1101 δυνάμεως
855 1029 1041 1095 αὑτοῦ,
1068 1023 1129 1083 οὗ
1158 1032 1191 1101 ἡ
1221 1030 1457 1097 ἐξουσία,
1492 1034 1671 1086 πᾶσαν
1691 1032 1876 1086 οὐσίαν
1900 1033 1994 1085 καὶ

425 1120 586 1191 φύσιν
610 1161 627 1186 ,
662 1122 755 1174 καὶ
802 1121 981 1175 πάντα
1006 1120 1074 1174 τὰ
1104 1123 1162 1173 ὲν
1206 1124 1271 1191 τῇ
1301 1122 1476 1175 κτίσει
1518 1121 1782 1191 νοούμενά
1813 1139 1870 1175 τε
1902 1124 1995 1176 καὶ

423 1212 698 1283 ὁρώμενα,
723 1212 781 1266 ἐν
814 1212 950 1283 μόνῃ
991 1215 1058 1282 τῇ
1096 1210 1191 1264 τοῦ
1218 1212 1517 1283 θελήματος
1555 1215 1695 1282 ὁρμῇ
1739 1215 1996 1283 συνεστή-

428 1319 577 1356 σατο.
613 1302 783 1356 Πόθεν
802 1302 979 1356 τοίνυν
1007 1301 1320 1372 κινούμενος
1352 1306 1380 1356 ὁ
1403 1302 1684 1372 Εὑνόμιος,
1718 1305 1995 1373 μυριοτρό-

428 1411 545 1457 πως
580 1391 902 1464 ὲπιφημίξει
932 1391 1012 1464 τῷ
1038 1392 1247 1462 βασιλεῖ
1265 1392 1365 1461 τῆς
1393 1391 1621 1456 κτίσεως
1644 1393 1703 1445 τὸ
1734 1394 1993 1463 ὑπήκοον,

434 1483 724 1555 Ὑπήκοος,
738 1485 932 1554 λέγων,
949 1484 1085 1556 πρὸς
1101 1484 1279 1536 πᾶσαν
1301 1484 1656 1555 δημιουργίαν
1676 1524 1690 1548 ,
1739 1485 1832 1539 καὶ
1860 1485 1995 1554 πρὸς

428 1578 606 1629 πᾶσαν
631 1576 894 1647 διοίκησιν
929 1576 1166 1645 ὑπήκοος
1191 1615 1206 1639 ,
1230 1577 1467 1646 ὑπήκοος
1500 1578 1557 1629 ἐν
1578 1576 1758 1644 λόγοις
1785 1576 1881 1630 καὶ
1904 1576 1994 1645 ἔρ-

424 1685 562 1736 γοις.
591 1668 781 1722 Καίτοι
806 1670 969 1723 παντὶ
999 1669 1155 1738 δῆλον
1186 1669 1247 1722 τὸ
1272 1669 1512 1723 τοιοῦτόν
1570 1672 1736 1733 ἐστιν,
1774 1670 1854 1723 ὅτι
1900 1669 1995 1740 μό-

425 1780 515 1826 νος
538 1764 596 1814 ὲν
629 1762 805 1831 λόγοις
836 1779 896 1814 τε
930 1762 1024 1815 καὶ
1064 1761 1243 1832 ἔργοις
1272 1762 1445 1832 ἑτέρῳ
1472 1780 1556 1825 τις
1589 1763 1824 1832 ὑπήκοος
1852 1763 1996 1829 γίνε-

2097 590 2223 628 num
2252 590 2423 644 genus
2454 576 2630 630 factus
2662 583 2761 627 est.
2794 572 2995 626 llarum
3042 589 3169 628 vero
3219 584 3492 629 tantarum
3539 578 3673 631 obe-

2095 668 2421 723 dientiarum
2444 669 2773 737 catalogum,
2797 682 2861 719 ex
2883 680 3119 735 quanam
3145 664 3426 734 Scriptura
3448 668 3674 724 edoctus

2095 760 2211 815 est?
2246 758 2452 812 Contra
2478 757 2697 829 quidem
2726 758 2905 811 omnis
2940 756 3204 811 divinitus
3233 758 3497 828 inspirata
3524 757 3672 814 Scri-

2096 859 2256 919 ptura
2309 851 2359 905 ei
2395 865 2661 904 summam
2692 849 3032 917 majestatem
3067 858 3120 903 et
3148 849 3467 917 primariam
3520 864 3672 921 pote-

2096 950 2292 996 statem
2316 956 2379 995 ac
2406 956 2617 995 merum
2655 941 2940 1007 imperium
2983 938 3244 1009 assignat,
3284 956 3408 994 eum
3439 942 3675 1009 ait,lpse

2095 1033 2256 1097 diait,
2289 1040 2337 1085 et
2368 1032 2512 1100 facta
2534 1040 2686 1092 sunt,
2720 1032 2829 1098 ipse
2860 1028 3153 1096 mandavit,
3179 1040 3227 1083 et
3252 1042 3431 1085 creata
3458 1042 3579 1085 sunt
3606 1033 3670 1086 ⁵³.

2095 1124 2448 1194 Perspicuum
2490 1131 2573 1178 est
2603 1123 2745 1176 enim
2776 1123 2918 1191 quod
2946 1124 3057 1177 lnec
3087 1124 3162 1177 ait
3197 1123 3468 1193 Pmpheta
3506 1125 3572 1179 de
3607 1141 3671 1176 eo

2094 1218 2188 1288 qui
2227 1232 2340 1272 suae
2373 1215 2626 1285 potentiae
2656 1214 2821 1268 verbo
2851 1214 2953 1268 fert
2983 1217 3235 1270 universa
3267 1218 3310 1248 °°
3340 1235 3352 1269 :
3388 1218 3547 1287 cujus
3579 1233 3673 1286 po-

2097 1316 2265 1364 testas
2286 1323 2501 1362 omnem
2532 1307 2823 1362 essentiam
2849 1314 2903 1360 et
2929 1316 3203 1371 naturam,
3238 1317 3293 1362 et
3334 1310 3517 1362 omnia
3550 1326 3673 1378 quae

2099 1402 2151 1453 in
2176 1408 2427 1454 creatura
2455 1399 2836 1469 intelliguntur
2877 1406 2933 1453 et
2966 1410 3293 1464 cernuntur,
3331 1402 3448 1456 solo
3481 1401 3673 1455 volui»

2098 1493 2227 1545 tatis
2266 1492 2472 1560 impetu
2512 1498 2567 1544 et
2611 1498 2743 1543 nutu
2783 1488 3049 1543 condidit.
3090 1489 3243 1545 Unde
3284 1490 3448 1560 igitur
3492 1490 3676 1545 Euno—

2097 1585 2242 1638 mins
2286 1572 2629 1642 commotus,
2678 1580 2854 1635 modis
2894 1581 3123 1635 inﬁnitis
3162 1583 3215 1634 in
3254 1597 3379 1651 rege
3408 1590 3674 1637 creaturae

2099 1674 2468 1728 obedientiam
2502 1672 2784 1729 celebrat?
2813 1688 2937 1726 cum
2976 1672 3071 1733 ait,
3096 1672 3368 1727 ()bediens
3413 1673 3477 1726 ad
3512 1690 3673 1728 omne

2099 1765 2373 1832 Opiﬁcium
2395 1770 2450 1819 et
2479 1762 2765 1827 fabricam,
2799 1763 2866 1817 ad
2898 1778 3113 1818 omnem
3143 1764 3670 1819 administrationem

423 1872 533 1918 ται,
562 1854 591 1906 ὁ
621 1855 784 1925 μήπω
806 1854 905 1922 τὴν
927 1854 1168 1919 ἐξουσίαν
1190 1853 1282 1907 τοῦ
1305 1857 1475 1906 ποιεῖν
1502 1853 1742 1924 ἀκριϐῶς
1762 1854 1795 1923 ἢ
1816 1854 1997 1919 λέγειν

2104 1856 2400 1920 obediens,
2453 1855 2716 1910 obediens
2763 1856 2816 1908 in
2877 1854 3228 1910 sermonibus
3284 1863 3338 1909 et
3394 1856 3673 1925 operibus.

424 1946 680 2017 ἀλήπτως
722 1947 780 1998 ὲν
827 1944 1005 2015 ἑαυτῷ
1036 1943 1422 2016 κατορθώσας·
1459 1944 1593 1997 ἀλλὰ
1626 1944 1763 2014 πρὸς
1793 1945 1884 1996 τὸν
1918 1944 1995 1995 δι-

423 2036 689 2090 δάσκαλον
718 2035 911 2090 ἑαυτοῦ
943 2036 1038 2088 καὶ
1064 2034 1415 2105 καθηγεμόνα
1447 2035 1658 2105 βλέπων
1680 2078 1694 2100 ,
1724 2038 1844 2097 ταῖς
1867 2036 1995 2087 ὑπο-

427 2131 623 2201 θήκαις
648 2129 857 2182 ὲκείνου
881 2128 940 2181 τὸ
963 2130 1019 2181 ὲν
1047 2130 1158 2189 τοῖς
1185 2126 1363 2194 λόγοις
1389 2143 1448 2179 τε
1478 2128 1569 2179 καὶ
1601 2129 1659 2179 ὲν
1683 2128 1793 2188 τοῖς
1816 2124 1995 2197 ἔργοις

425 2222 653 2293 ἀκριϐὲς
687 2221 1085 2275 ὲκπαιδεύεται.
1122 2219 1195 2272 Τὸ
1236 2218 1292 2272 δὲ
1345 2220 1443 2289 τὴν
1474 2218 1675 2288 Σοφίαν
1708 2218 1996 2271 ἐπιστάτου

424 2312 648 2383 χρῄζειν
680 2311 886 2364 οἴεσθαι
925 2312 1021 2364 καὶ
1050 2310 1370 2364 διδασκάλου
1395 2350 1409 2375 ,
1436 2309 1531 2362 τοῦ
1562 2309 1659 2378 τὴν
1680 2307 1997 2362 ἀκολουθίαν

427 2406 460 2476 ἢ
494 2404 590 2475 τὴν
620 2402 967 2473 δικαιοσύνην
990 2402 1127 2473 πρὸς
1162 2401 1223 2455 τὸ
1246 2400 1363 2454 δέον
1393 2402 1531 2470 αὐτῇ
1557 2400 1997 2466 κατευθύνοντος,

430 2495 598 2565 μόνης
620 2495 719 2564 τῆς
757 2493 1020 2563 Εὑνομίου
1052 2493 1349 2562 φαντασίας
1384 2491 1550 2544 ἐστίν.
1584 2489 1692 2542 Καὶ
1734 2490 1862 2559 περὶ
1905 2488 1997 2541 τοῦ

428 2586 639 2658 Πατρός
672 2603 857 2656 φησιν,
881 2587 963 2639 ("ru
995 2585 1192 2647 Πιστὸς
1228 2585 1285 2636 ὲν
1321 2584 1500 2651 λόγοις
1527 2622 1541 2644 ,
1573 2583 1668 2635 καὶ
1711 2581 1900 2643 πιστὸς
1942 2582 1999 2631 ὲν

426 2677 635 2749 ἔργοις·
666 2677 745 2747 τῷ
770 2677 826 2729 δὲ
854 2676 967 2747 Υίῷ
994 2678 1055 2730 τὸ
1098 2678 1289 2731 πιστὸν
1338 2678 1395 2729 ὲν
1447 2678 1559 2737 τοῖς
1586 2674 1897 2743 γενομένοις
1940 2688 2000 2724 τε

427 2772 520 2825 καὶ
547 2771 853 2837 λεγομένοις
873 2772 973 2824 οὐκ
1006 2769 1404 2839 ἐμαρτύρησεν,
1426 2767 1542 2821 ἀλλ’
1571 2767 1807 2836 ὑπήκοον
1842 2764 2001 2817 αὑτὸν

427 2866 486 2917 ὲν
529 2863 706 2932 λόγοις
751 2861 925 2927 εἶναι,
952 2864 1046 2917 καὶ
1078 2863 1137 2915 ού
1179 2861 1368 2914 πιστὸν
1412 2864 1745 2929 ἀπεφήνατο.
1788 2857 1873 2918 Ὠς
1917 2855 2004 2908 διὰ

430 2956 648 3009 πάντων
672 2950 745 3007 ὧν
769 2954 915 3023 λέγει
950 2954 1047 3023 τὴν
1080 2952 1198 3005 κατ’
1226 2952 1389 3005 αὑτοῦ
1428 2950 1772 3021 βλασφημίαν
1801 2948 1861 3001 τὸ
1887 2944 2004 2999 ἴσον

428 3046 572 3117 ἔχειν
598 3061 611 3074 ·
647 3046 707 3097 τὸ
749 3045 806 3097 δὲ
863 3045 1044 3115 μωρόν
1097 3061 1156 3096 τε
1201 3044 1294 3097 καὶ
1324 3043 1637 3112 ἀδιανόητον
1674 3041 1769 3109 τῆς
1803 3038 2003 3109 μεταξὺ

427 3138 634 3191 τούτων
664 3136 1087 3207 παρεντεθείσης
1122 3136 1329 3205 ρήσεως
1352 3174 1367 3197 ,
1415 3135 1612 3203 πρέπει
1643 3135 1780 3203 τάχα
1827 3135 2002 3202 σιωπῇ

431 3230 718 3299 παρελθεῖν
741 3269 757 3293 ,
790 3229 862 3299 μή
892 3245 976 3290 τις
1002 3227 1109 3279 τῶν
1156 3227 1574 3295 ἁπερισκὲπτων
1618 3225 1915 3295 ὲπιγελὰσῃ
1939 3227 2004 3294 τῇ

434 3325 754 3396 ματαιότητι
782 3363 795 3386 ,
823 3319 1079 3391 δακρύειν
1105 3319 1223 3372 δέον
1251 3319 1343 3371 ἐπὶ
1369 3321 1434 3387 τῇ
1470 3316 1577 3369 τῶν
1607 3316 1791 3387 ψυχῶν
1830 3316 2007 3370 αὐτῶν

430 3415 675 3485 ἀπωλείᾳ
700 3456 715 3479 ,
764 3413 795 3484 ἣ
828 3413 992 3481 γελᾷν
1031 3412 1121 3463 ἐπὶ
1152 3412 1217 3480 τῇ
1267 3410 1446 3480 μωρίᾳ
1494 3408 1599 3462 τῶν
1642 3408 1835 3476 λόγων.
1873 3409 2008 3478 Φησὶ

431 3509 540 3579 γὰρ
561 3510 589 3561 ὁ
622 3507 780 3576 σοφὸς
809 3502 966 3567 οὗτος
996 3504 1089 3556 καὶ
1128 3502 1590 3573 περιεσκεμμένος
1620 3501 2004 3571 δογματιστὴς,

431 3602 532 3652 οὑκ
562 3599 626 3651 ὲκ
648 3599 744 3667 τῆς
767 3597 1011 3665 ὑπακοῆς
1059 3594 1217 3646 αὐτὸν
1245 3592 1570 3665 προσλαϐεῖν
1601 3593 1661 3646 τὸ
1694 3588 1831 3645 εἶναι
1858 3592 2000 3644 Υίόν.

437 3692 504 3743 Ὠ
525 3690 619 3760 τῆς
649 3688 925 3759 ἀγχινοίας
948 3703 961 3716 ’
1000 3686 1075 3747 ὼς
1104 3684 1416 3748 ἀναγκαίως
1463 3684 1589 3753 περὶ
1641 3680 1843 3734 τούτων
1876 3682 2007 3750 ἡμῖν

434 3780 728 3854 διορίζεται
761 3782 919 3833 ίὊτι
949 3780 1011 3832 οὐ
1044 3779 1309 3849 πρότερον
1355 3776 1593 3845 ὑπήκοος
1626 3775 1842 3842 ἐγένετο
1864 3815 1879 3839 ,
1918 3775 2009 3826 καὶ

434 3875 555 3928 τότε
579 3871 708 3935 Υἱὸς
731 3913 745 3937 ,
774 3871 893 3924 ούδὲ
916 3869 1292 3942 πρεσϐυτέραν
1328 3866 1432 3938 χρὴ
1466 3868 1605 3918 νοεῖν
1632 3865 1729 3935 τὴν
1763 3865 2009 3933 ὑπακοὴν

435 3964 599 4021 αὑτοῦ
622 3965 721 4035 τῆς
742 3964 1065 4034 γεννήσεως.
1088 3962 1149 4014 Εἰ
1180 3960 1237 4013 δὲ
1266 3958 1340 4029 μὴ
1363 3958 1794 4029 προσδιωρίσατο
1816 3956 2007 4019 ταῦτα,

435 4058 519 4121 τίς
546 4055 688 4109 οὕτω
716 4054 896 4127 μωρὸς
921 4055 1015 4106 καὶ
1044 4050 1249 4120 ἠλίθιος
1292 4045 1358 4118 ἦν
1377 4090 1392 4114 ,
1437 4048 1513 4110 ὡς
1548 4046 1735 4117 μισθὸν
1766 4046 2011 4115 ὑπακοῆς

436 4148 688 4220 οίηθῆναι
710 4146 859 4216 παρὰ
887 4143 981 4198 τοῦ
1005 4142 1218 4213 Πατρὸς
1256 4140 1402 4210 αὐτῷ
1423 4139 1662 4192 δεδόσθαι
1686 4139 1785 4207 τὴν
1818 4138 2010 4208 γέννη-

440 4257 545 4309 σιν,
578 4240 656 4310 τῷ
686 4238 791 4309 πρὸ
818 4238 915 4307 τῆς
937 4236 1243 4306 γεννήσεως
1263 4231 1655 4302 ἐπιδειξαμένῳ
1681 4231 1742 4283 τὸ
1763 4229 2011 4291 εὐπειθὲς

441 4334 534 4386 καὶ
572 4332 845 4402 ὑπήκοον;
888 4327 1025 4381 Ἀλλ’
1060 4328 1146 4381 ἵνα
1198 4326 1271 4397 μὴ
1323 4324 1626 4395 προχείρως
1670 4339 1755 4385 τις
1804 4323 1868 4373 ὲκ
1910 4320 2013 4390 τῆς

438 4425 624 4489 ἀνοίας
671 4423 780 4476 τῶν
827 4421 1132 4492 λεγομένων
1170 4419 1453 4488 κατασυρῇ
1484 4416 1618 4488 πρὸς
1657 4415 1747 4468 τὸν
1779 4414 2009 4483 γέλωτα,

2097 1948 2407 2014 Quinetiam
2450 1948 2553 2000 hoc
2580 1946 2809 2001 cuilibet
2842 1954 2925 2001 est
2956 1948 3306 2017 perSpicnum
3344 1956 3397 2001 et
3444 1949 3673 2011 clarum,

2098 2042 2240 2111 quod
2280 2042 2431 2095 solus
2474 2042 2529 2093 in
2560 2039 2907 2096 sermonibus
2946 2049 2999 2094 et
3032 2042 3289 2109 operibus
3324 2041 3479 2094 alteri
3521 2041 3676 2110 quis—

2099 2134 2241 2202 piam
2291 2131 2347 2184 ﬁt
2381 2132 2665 2193 obediens,
2691 2132 2786 2202 qui
2820 2132 3064 2185 nondum
3093 2143 3285 2187 exacte
3320 2132 3553 2188 faciendi
3583 2134 3678 2185 ba-

2098 2224 2271 2279 bitum
2307 2224 2394 2279 vel
2424 2222 2646 2277 dicendi
2680 2223 2889 2292 absque
2922 2238 3112 2277 errore
3152 2234 3205 2277 et
3254 2222 3680 2291 reprehensione

2100 2316 2155 2370 in
2190 2316 2368 2385 seipso
2398 2313 2648 2385 perfecit,
2678 2315 2773 2369 sed
2807 2316 2863 2369 in
2892 2332 3052 2370 suum
3095 2315 3415 2385 magistrum
3455 2323 3509 2369 et
3543 2330 3679 2385 prae—

2101 2415 2374 2477 ceptorem
2427 2408 2648 2462 intuens
2696 2409 2984 2477 praeceptis
3028 2408 3176 2462 illius
3207 2407 3354 2477 quod
3384 2408 3438 2461 in
3474 2422 3681 2461 sermo-

2102 2502 2264 2556 nibus
2299 2513 2352 2556 et
2378 2501 2635 2571 operibus
2676 2511 2994 2555 accuratum
3048 2510 3131 2555 est
3184 2510 3237 2555 et
3292 2501 3540 2554 limatum
3598 2501 3668 2553 in-

2102 2592 2333 2647 struitur
2359 2600 2412 2645 et
2436 2590 2704 2645 eruditur.
2734 2590 2936 2645 Putare
2973 2598 3154 2645 autem
3195 2590 3534 2660 Sapientiam
3566 2605 3680 2643 ma-

2104 2681 2276 2752 gistro
2300 2688 2354 2735 et
2386 2680 2609 2735 doctore
2630 2679 2873 2748 indigere
2893 2695 2958 2734 eo
2980 2680 3071 2748 qui
3091 2680 3175 2734 vel
3200 2679 3680 2742 consecutionem,

2104 2773 2185 2825 vel
2214 2770 2483 2840 justitiam
2519 2768 2587 2823 ad
2628 2769 2681 2822 id
2712 2770 2856 2839 quod
2891 2770 2940 2824 ei
2967 2785 3104 2839 opus
3134 2776 3217 2824 est
3249 2769 3474 2839 dirigat,
3510 2769 3680 2823 solius

2105 2860 2357 2915 Eunomii
2416 2858 2645 2913 visionis
2693 2866 2796 2913 est.
2849 2859 2927 2912 Ac
2964 2858 3029 2912 de
3067 2856 3228 2923 Patre
3276 2858 3490 2926 inquit,
3534 2857 3681 2927 quod

2107 2951 2281 3005 ﬁdelis
2318 2951 2372 3004 in
2414 2950 2765 3005 sermonibus
2816 2960 2871 3004 et
2921 2949 3095 3004 ﬁdeiis
3153 2950 3206 3002 in
3266 2950 3484 3015 verbis;
3544 2949 3682 3003 Filio

2108 3051 2284 3097 autem
2320 3041 2459 3111 quod
2498 3041 2654 3096 ﬁdele
2682 3049 2767 3096 est
2801 3041 2855 3099 in
2880 3039 3042 3095 dictis
3082 3048 3137 3095 et
3169 3040 3329 3096 factis
3374 3054 3482 3093 non
3521 3039 3682 3093 attri-

2108 3136 2244 3196 buit,
2285 3134 2377 3189 sed
2413 3134 2589 3204 ipsum
2626 3134 2994 3197 obedientem,
3036 3147 3144 3195 non
3179 3132 3413 3197 ﬁdelem,
3454 3134 3509 3185 in
3562 3147 3681 3187 ser—

2109 3225 2360 3280 monibus
2391 3234 2445 3279 et
2474 3224 2734 3293 operibus
2765 3223 3159 3294 pronuntiavit,
3182 3222 3255 3276 Ita
3290 3232 3347 3276 ut
3380 3238 3474 3293 per
3502 3222 3684 3275 omnia

2106 3334 2227 3387 quae
2264 3318 2379 3386 ipse
2416 3317 2653 3381 asserit,
2694 3317 2949 3386 impietas
3007 3325 3061 3370 et
3112 3316 3456 3385 blasphemia
3492 3326 3687 3374 contra

2107 3412 2287 3479 ipsum
2322 3408 2550 3478 perinde
2593 3416 2647 3463 et
2679 3408 2964 3476 aequaliter
3011 3423 3069 3461 se
3119 3408 3350 3478 habeat;
3402 3414 3686 3467 stultitiam

2107 3508 2285 3552 autem
2304 3507 2359 3552 et
2380 3500 2675 3552 amentiam
2695 3499 2983 3552 verborum
3013 3498 3427 3570 intefjecIorum
3461 3513 3686 3574 praestat

2108 3590 2344 3644 fortasse
2379 3590 2598 3645 silentio
2630 3590 2932 3645 involutam
2964 3595 3266 3662 praeterire,
3312 3610 3381 3649 ne
3430 3595 3555 3665 quis
3602 3597 3688 3650 in-

2107 3684 2485 3737 consultorum
2536 3694 2593 3737 et
2642 3684 3111 3752 improvidorum,
3155 3687 3349 3741 borum
3396 3689 3687 3744 vanitatem

2108 3770 2374 3839 derideat,
2410 3788 2537 3827 cum
2562 3773 2749 3842 potius
2779 3774 3017 3829 ﬂendum
3043 3783 3189 3830 esset
3216 3785 3441 3846 propter
3477 3779 3691 3832 anima-

2109 3879 2229 3917 rum
2267 3864 2513 3933 ipsorum
2554 3866 2872 3933 interitum,
2925 3882 3090 3935 quam
3136 3867 3424 3923 ridendum
3469 3880 3693 3940 propter

2110 3971 2428 4012 sermonum
2461 3957 2751 4012 stultitiam
2790 3966 2845 4012 et
2893 3958 3225 4017 fatuitatem.
3275 3959 3366 4014 Ait
3406 3962 3550 4015 enim
3590 3963 3693 4017 iste

2111 4047 2330 4115 sapiens
2384 4054 2438 4101 et
2486 4047 2871 4104 consideratus
2915 4048 3277 4117 dogmatista,
3324 4064 3431 4103 non
3459 4066 3524 4103 ex
3562 4050 3693 4104 obe-

2113 4138 2316 4193 dientia
2343 4141 2518 4208 ipsum
2545 4140 2850 4209 accepisse,
2882 4148 2943 4193 ut
2971 4143 3043 4194 sit
3070 4140 3261 4195 Filius.
3293 4143 3333 4192 0
3368 4142 3646 4195 solertiam
3676 4144 3687 4194 !

2112 4245 2274 4297 quam
2329 4230 2643 4284 necessario
2677 4231 2745 4287 de
2779 4230 2865 4285 bis
2918 4231 3078 4285 nobis
3110 4231 3363 4285 disserit!
3398 4230 3552 4297 Quod
3584 4248 3693 4286 non

2112 4323 2264 4386 prius
2298 4321 2556 4375 obediens
2594 4320 2771 4375 factus
2822 4330 2903 4377 est
2929 4361 2944 4387 ,
2981 4331 3034 4376 et
3077 4333 3206 4376 tunc
3256 4322 3468 4383 Filius,
3516 4337 3693 4391 neque

2113 4423 2328 4484 oportet
2382 4415 2689 4483 intelligere
2739 4415 3104 4469 obedientiam
3160 4416 3281 4484 ejus
3343 4417 3696 4484 generatione

438 4518 687 4589 νοησᾶτω
718 4517 800 4569 ὃτι
830 4514 943 4586 ἔχει
992 4531 1045 4567 τι
1095 4513 1191 4566 καὶ
1235 4513 1270 4583 ἡ
1319 4510 1499 4581 μωρία
1544 4509 1653 4561 τῶν
1703 4506 2001 4577 λεγομένων

2115 4505 2503 4574 antiquiorem.
2532 4504 2687 4570 Quod
2716 4506 2760 4560 si
2788 4506 2903 4561 haec
2934 4507 3157 4561 minime
3183 4507 3545 4572 distinxisset,
3570 4506 3695 4576 quis

438 4607 686 4680 δακρύων
726 4605 895 4671 ἄξιον.
930 4607 995 4657 '0
1040 4603 1149 4675 γὰρ
1200 4600 1446 4672 βούλεται
1482 4600 1889 4653 κατασκευάσαι
1924 4598 2001 4650 διὰ

2117 4597 2190 4650 ita
2220 4595 2403 4651 fatuus
2436 4604 2490 4650 et
2530 4596 2785 4661 stolidus,
2816 4606 2875 4651 ut
2909 4597 3216 4652 mercedem
3243 4597 3569 4653 obedientiae
3593 4614 3695 4668 pu-

440 4701 667 4765 τούτων,
699 4698 935 4752 τοιοῦτόν
964 4698 1132 4759 ἐστιν,
1164 4696 1247 4748 ὅτι
1285 4694 1443 4764 φύσις
1488 4692 1636 4763 αύτῷ
1664 4695 1809 4745 ἐστιν
1834 4692 1867 4760 ἡ
1910 4690 2001 4742 ὑπ·

2123 4696 2195 4742 tet
2220 4703 2249 4741 a
2288 4686 2455 4743 Patre
2487 4689 2589 4758 ipsi
2624 4689 2808 4742 datam
2839 4704 2961 4743 esse
2999 4690 3439 4757 generationem,
3474 4689 3566 4759 qui
3599 4704 3699 4742 an-

440 4791 604 4861 ακοή.
656 4790 745 4853 Ὦς
786 4789 920 4860 μηδὲ
947 4786 1289 4857 βουλουμένῳ
1314 4783 1535 4839 δυνατὸν
1570 4782 1821 4851 γενέσθαι
1850 4781 1909 4834 τὸ
1935 4781 2001 4850 μὴ

2117 4793 2338 4852 tequam
2370 4790 2526 4837 ortus
2557 4790 2703 4836 esset
2728 4796 2881 4835 suam
2911 4782 2967 4835 in
3006 4782 3246 4851 parendo
3278 4782 3596 4836 facilitatem
3644 4790 3699 4836 et

440 4884 680 4954 ὑπήκοον
708 4875 866 4935 εἶναι.

2120 4875 2173 4927 in
2201 4874 2504 4929 obediendo
2526 4873 2863 4928 alacritatem
2896 4873 3268 4928 ostendisset?
3298 4873 3389 4928 sed
3416 4888 3481 4927 ne
3498 4874 3620 4942 quis
3642 4873 3697 4926 in

440 4984 693 5048 promptu
722 4990 790 5030 ex
812 4972 1085 5026 dictorum
1116 4967 1351 5023 amentia
1380 4975 1435 5020 et
1465 4964 1717 5020 vecordia
1752 4963 1863 5017 risu
1915 4962 2211 5032 quatiatur,
2262 4962 2528 5033 intelligat
2581 4961 2727 5032 quod
2760 4961 2875 5015 haec
2908 4960 3131 5016 fatuitas
3183 4968 3238 5015 et
3261 4960 3696 5029 stultiloquentia

444 5069 648 5140 aliquid
687 5065 945 5135 lacrymis
1007 5062 1233 5130 dignum
1282 5058 1497 5111 habeat.
1571 5056 1727 5122 Quod
1773 5056 1916 5110 enim
1960 5056 2078 5107 vult
2116 5070 2213 5124 per
2236 5054 2351 5109 hac
2378 5054 2667 5117 conﬁcere,
2697 5054 2805 5108 tale
2834 5061 2937 5119 est,
2974 5054 3119 5123 quod
3150 5061 3343 5107 natura
3376 5053 3424 5108 ei
3456 5060 3540 5109 est
3569 5055 3700 5109 obe-

444 5161 667 5216 dientia.
715 5160 793 5213 lla
835 5165 895 5211 ut
943 5155 1108 5211 etiam
1177 5152 1221 5207 si
1275 5151 1407 5205 velit
1456 5149 1572 5204 ﬁeri
1647 5164 1757 5203 non
1822 5149 2028 5218 possit,
2076 5155 2135 5201 ut
2173 5148 2439 5203 obediens
2472 5163 2578 5201 non
2607 5148 2694 5202 sit.

515 5248 764 5304 Τοιοῦτον
821 5248 930 5319 γὰρ
998 5245 1158 5299 αὑτὸν
1216 5241 1653 5297 κατεσκευάσθαι
1690 5241 1835 5309 λέγει
1863 5287 1878 5311 ,
1940 5249 2019 5304 ὼς

444 5348 593 5419 πρὸς
643 5344 922 5413 ὑπακοὴν
964 5344 1161 5412 μόνην
1193 5338 1307 5406 τὴν
1364 5338 1554 5407 φύσιν
1590 5336 1775 5390 αὐτοῦ
1812 5335 2013 5400 ἐπιτη-

445 5440 615 5504 δείως
650 5437 833 5506 ἔχειν.
860 5434 1125 5503 Καθάπερ
1173 5431 1283 5483 τῶν
1328 5429 1574 5499 ὀργάνων
1605 5428 1666 5481 τὸ
1707 5428 1841 5499 πρός
1894 5442 2017 5479 τινα

447 5530 617 5583 τύπον
642 5524 1141 5597 ἐσχηματισμένον,
1173 5523 1347 5575 ἐκεῖνο
1388 5520 1447 5572 τὸ
1481 5515 1617 5582 εἶδος
1652 5520 1869 5575 ἐντυποῖ
1895 5518 2014 5571 κατ’

448 5622 695 5691 ἀνάγκην
725 5619 803 5690 τῷ
836 5619 1185 5687 ὑποκειμένῳ
1210 5657 1224 5679 ,
1270 5615 1404 5683 ὅπερ
1442 5616 1469 5665 ό
1501 5612 1777 5681 χαλκεύων
1811 5614 1875 5681 τῇ
1921 5609 2015 5663 τοῦ

524 5802 571 5831 ⁸⁵
614 5801 756 5855 l’sal.
796 5812 1022 5865 CXLVIII,
1055 5801 1107 5852 5.
1186 5799 1228 5829 °°
1271 5794 1433 5851 llebr.
1478 5809 1516 5861 ι,
1550 5794 1601 5848 5.

2194 5328 2325 5385 Tale
2378 5328 2637 5398 quiddam
2690 5327 2931 5397 seipsum
2997 5328 3378 5384 construxisse
3437 5326 3699 5394 aiﬁrmat,

2122 5424 2259 5492 quod
2287 5421 2355 5476 ad
2382 5421 2736 5476 obedientiam
2763 5420 2934 5475 solam
2966 5430 3163 5474 natura
3192 5420 3307 5490 ejus
3339 5421 3704 5473 convenienter

2123 5531 2178 5570 se
2205 5514 2417 5577 habeat,
2442 5511 2900 5583 quemadmodum
2929 5513 3357 5578 instrumentum
3392 5511 3525 5565 illud
3556 5511 3701 5581 quod

2124 5608 2190 5663 ad
2230 5608 2467 5679 aliquem
2502 5614 2688 5678 typum
2719 5607 2836 5662 sive
2872 5604 3104 5661 formam
3140 5604 3541 5661 conformatum
3586 5613 3700 5668 est,

2894 5784 2903 5815 ἱ
