4146 6370
447 337 544 394 531

1647 343 1704 395 S.
1737 337 2064 398 GREGORII
2105 340 2392 398 NYSSENI

3589 339 3692 400 533

447 455 762 509 necessario
781 470 896 508 eam
921 455 1154 525 speciem
1178 457 1435 526 imprimit
1469 461 1708 513 materim
1739 459 2015 527 subjectae,

2138 461 2350 533 ipTivou
2378 465 2687 534 κατασκευῇ
2725 462 3012 516 ἐναπέθετο
3037 505 3049 526 ,
3077 451 3119 530 ᾧ
3149 463 3246 515 οὐκ
3287 461 3402 514 ἔστι
3439 459 3690 529 δύναμις,
3743 447 3750 464 ’

449 561 612 614 quam
632 547 848 616 quidem
879 549 1226 602 instrumenti
1258 548 1600 603 fabricationi
1631 551 1823 605 indidit
1849 553 2018 604 fabri-

449 646 648 701 cator,
701 639 787 692 cui
843 641 1204 694 instrumento
1255 657 1360 695 non
1401 649 1486 696 est
1543 641 1776 697 facultas
1814 651 2018 696 rectam

451 727 652 782 lineam
690 728 922 783 faciendi
981 731 1032 783 in
1081 731 1326 799 subjecto
1379 732 1522 800 quod
1571 733 1690 800 ejus
1733 732 2018 800 vestigium

451 817 686 885 excepit,
722 817 768 870 si
797 818 1048 871 machina
1083 819 1244 872 fuerit
1271 821 1556 874 circularis
1578 861 1591 880 .
1625 823 1710 876 vel
1755 823 2020 874 circulum

453 908 774 962 ostendendi
809 925 903 979 per
931 919 1137 980 typum,
1179 913 1222 966 si
1257 912 1320 964 ad
1355 922 1556 966 rectam
1595 915 1790 968 lineam
1823 914 2022 983 figura-

454 1005 570 1051 tum
613 1001 684 1054 sit
711 1001 1156 1056 instrumentum.
1201 1003 1416 1068 Quanta
1450 1005 1520 1058 sit
1553 1013 1736 1059 autem
1775 1007 1901 1058 talis
1929 1019 2025 1056 co-

457 1092 734 1158 gitationis
767 1105 819 1147 et
865 1095 1232 1162 intelligentia:
1267 1097 1600 1167 blasphemia
1633 1104 1686 1151 et
1715 1096 2026 1151 exsecrabi-

459 1184 527 1238 lis
591 1183 878 1252 impietns,
935 1189 1064 1256 quid
1121 1205 1345 1244 necesse
1409 1199 1492 1244 est
1545 1201 1732 1243 nostra
1783 1189 2029 1242 oratione

459 1276 721 1340 revelare,
757 1293 878 1332 cum
909 1297 1006 1332 vox
1049 1284 1162 1349 ipsa
1201 1281 1454 1336 haeretica
1487 1281 1878 1336 absurditatem
1919 1280 2030 1332 cla-

457 1366 655 1420 mitet?
685 1369 740 1420 Si
783 1371 923 1424 enim
963 1379 1183 1440 propter
1225 1372 1328 1426 hoc
1373 1373 1632 1427 obediens
1661 1413 1676 1434 ,
1727 1372 1852 1440 quia
1904 1371 2030 1423 talis

459 1465 626 1512 natus
676 1469 801 1524 est,
859 1478 1037 1531 neque
1088 1479 1212 1518 cum
1275 1465 1514 1518 humana
1563 1471 1757 1536 natura
1807 1475 2032 1532 prorsus

462 1551 676 1619 aequale
714 1551 896 1606 habet.
923 1551 1204 1622 Siquidem
1234 1557 1390 1610 nobis
1421 1557 1601 1608 anima
1625 1563 1708 1609 est
1735 1555 1921 1618 libera,
1947 1555 2032 1608 sui

459 1643 604 1712 juris
644 1659 866 1714 compos
889 1685 902 1706 ,
941 1645 1149 1700 nullius
1180 1646 1424 1700 dominio
1457 1647 1797 1714 mancipata,
1845 1655 2035 1714 sponte

463 1752 566 1791 sua
599 1737 932 1806 arbitrioque
961 1754 1062 1792 suo
1099 1738 1242 1807 quod
1284 1739 1387 1792 sibi
1421 1740 1600 1806 placet
1626 1745 1678 1791 et
1707 1744 1920 1808 gratum
1953 1745 2034 1792 est

462 1829 690 1897 eligens.
724 1827 826 1894 Qui
867 1838 1046 1883 autem
1099 1839 1312 1884 naturai
1361 1830 1670 1883 necessitati
1715 1829 2036 1898 subjugatus

463 1925 570 1984 est,
597 1929 856 1988 operatur
877 1935 1112 1988 semper.
1139 1921 1250 1974 imo
1281 1937 1410 1974 vero
1438 1923 1736 1991 perpetitur
1780 1923 2037 1978 obedien-

463 2007 597 2060 tiam
633 2023 645 2057 :
680 2016 842 2076 atque
873 2009 1038 2061 etiam
1079 2009 1126 2062 si
1169 2009 1323 2072 nolit,
1361 2011 1463 2064 hoc
1497 2009 1678 2064 facere
1699 2011 1819 2080 ejus
1843 2021 2036 2066 natura

465 2112 576 2150 non
609 2096 907 2166 indulgeat.
945 2097 1018 2150 Ex
1060 2113 1124 2151 eo
1159 2099 1303 2152 enim
1353 2099 1496 2168 quod
1552 2099 1623 2152 sit
1677 2101 1820 2156 ﬁlius
1861 2109 1914 2157 et
1957 2105 2036 2156 sic

465 2198 666 2253 natus,
715 2189 972 2244 obediens
1017 2189 1195 2242 factus
1229 2197 1314 2243 est
1355 2190 1408 2242 in
1445 2191 1648 2254 dictis,
1687 2201 1742 2245 et
1779 2193 2035 2247 obediens

466 2277 522 2328 in
563 2277 744 2334 factis.
779 2277 822 2332 0
851 2287 1129 2348 stuporem
1157 2287 1210 2333 ct
1235 2280 1544 2334 vecordiam
1580 2281 1851 2349 dogmatis
1879 2276 1891 2328 ε
1917 2297 2036 2336 vcr-

464 2367 550 2450 bis
575 2369 836 2423 obediens
867 2367 1108 2424 Verbum
1156 2370 1312 2434 facis,
1341 2379 1396 2424 et
1427 2379 1608 2424 mente
1649 2371 1900 2440 concipis
1929 2372 2034 2424 alia

465 2455 640 2510 Verba
660 2468 786 2512 ante
809 2457 1040 2514 Verbum
1091 2461 1233 2530 quod
1267 2473 1348 2517 est
1379 2478 1472 2530 per
1501 2464 1794 2516 essentiam
1825 2481 1834 2512 :
1866 2473 1920 2518 et
1953 2465 2034 2516 in-

465 2555 550 2598 ter
587 2545 826 2600 Verbum
869 2548 1014 2617 quod
1048 2557 1166 2602 erat
1216 2550 1270 2602 in
1323 2551 1617 2620 principio,
1665 2553 1870 2606 scilicet
1917 2567 2032 2604 me-

464 2639 614 2692 dium
645 2646 804 2694 estet
833 2640 1178 2708 interjectum
1215 2641 1360 2694 aliud
1398 2640 1654 2706 Verbum,
1685 2642 1934 2712 principii
1967 2642 2034 2695 ad

464 2731 644 2798 ipsum
673 2732 1052 2785 transmittens
1087 2732 1441 2788 voluntatem.
1479 2733 1588 2790 Nec
1610 2735 1740 2788 illud
1771 2751 1934 2788 unum
1954 2742 2036 2788 est

469 2819 706 2874 Verbum
739 2861 752 2884 ,
788 2821 881 2876 sed
922 2823 1078 2890 plura
1123 2831 1254 2876 sunt
1291 2823 1536 2893 quaedam
1561 2821 1755 2888 Verba,
1784 2839 1904 2892 qua:
1945 2839 2036 2890 per

469 2913 708 2966 medium
743 2913 996 2982 principii
1062 2922 1116 2967 et
1151 2913 1312 2968 Verbi
1353 2915 1420 2968 ab
1450 2914 1710 2968 Eunomio
1747 2917 2037 2968 transtibu-

463 3003 667 3068 lantur,
705 3012 758 3057 et
790 3021 908 3074 quze
939 3013 997 3058 ut
1031 3007 1164 3074 ipsis
1191 3007 1338 3060 lubet
1373 3006 1536 3074 hujus
1569 3007 1878 3060 obedientia
1910 3008 2038 3060 aint-

2066 1803 2157 1856 B,

2119 553 2152 622 ἢ
2184 553 2310 606 εὐθὺ
2345 554 2562 623 ποιῆσαι
2591 553 2667 623 τῷ
2713 553 3090 624 ὑποδεχομένῳ
3127 555 3187 606 τὸ
3223 552 3367 622 ι’χνος
3389 591 3404 616 ,
3449 551 3496 602 εἰ
3533 565 3690 620 περι⁴

2122 644 2292 714 φερὴς
2316 643 2397 716 εἴη
2428 647 2464 715 ἠ
2496 645 2744 716 ἐργασία,
2769 647 2800 715 ἢ
2829 645 3024 698 κύκλον
3055 645 3222 709 δεῖξαι
3254 643 3339 696 διὰ
3365 642 3457 695 τοῦ
3493 640 3688 704 τύπου,

2123 737 2170 786 εί
2220 738 2336 789 κατ’
2369 738 2580 790 εὐθεῖαν
2637 739 3101 807 ἐσχηματισμένον
3135 736 3286 806 τύχοι
3331 735 3392 787 τὺ
3439 733 3688 804 ὄργανον.

2123 827 2286 880 ’Ὅσον
2327 827 2383 880 δὲ
2415 828 2512 898 τῆς
2553 827 2805 898 τοιαύτης
2839 829 3074 892 διανοίας
3113 825 3228 879 ἐστῖ
3255 828 3315 878 τὸ
3351 824 3688 894 βλάσφημον,

2123 917 2175 970 τί
2227 919 2330 989 χρὴ
2389 919 2475 971 διὰ
2528 919 2634 973 τῶν
2695 919 2977 990 ἡμετέρων
3029 915 3462 972 ἐκκαλύπτεσθαι
3495 915 3688 982 λόγων,

2127 1011 2293 1080 αὐτῆς
2315 1013 2412 1081 τῆς
2437 1013 2712 1081 αἱρετικῆς
2746 1011 2931 1080 φωνῆς
2969 1009 3065 1082 τὴν
3091 1008 3316 1061 ἀτοπίαν
3355 1007 3596 1076 ﬂuitans;
3628 1005 3690 1056 Εἶ

2127 1102 2232 1171 γὰρ
2257 1101 2341 1153 διὰ
2371 1101 2528 1154 τοῦτο
2556 1103 2792 1172 ὑπήκοος
2813 1142 2826 1165 ,
2857 1103 2990 1154 διότι
3035 1100 3273 1162 τοιοῦτος
3307 1097 3538 1166 ἐγένετο,
3573 1095 3692 1148 οὐδὲ

2129 1195 2263 1264 πρὸς
2291 1193 2634 1265 ἀνθρωπίνην
2664 1195 2822 1263 φύσιν
2853 1195 3067 1256 πάντως
3095 1193 3156 1244 τὸ
3201 1187 3317 1243 ἴσον
3360 1189 3490 1258 ἔχει.
3523 1188 3695 1256 Εἴπερ

2130 1285 2258 1353 ἡμῖν
2303 1285 2400 1354 μὲν
2433 1285 2777 1350 αύτεξούσιός
2807 1286 2952 1336 ἐστιν
2997 1285 3029 1353 ή
3073 1281 3220 1352 ψυχὴ
3253 1282 3344 1335 καὶ
3379 1279 3693 1340 ἀδέσποτος,

2130 1377 2599 1446 αὐτοκρατορικῶς
2631 1377 2924 1446 αἱρουμένη
2957 1374 3075 1428 κατ’
3110 1373 3354 1437 ἐξουσίαν
3379 1370 3438 1422 τὸ
3463 1367 3696 1422 καταθύ-

2136 1484 2254 1536 μιον
2275 1483 2287 1496 ·
2324 1469 2350 1519 6
2384 1467 2440 1519 δὲ
2495 1467 2702 1537 ἀνάγκη
2733 1467 2946 1536 φύσεως
2993 1463 3394 1533 ὑπεζευγμένος
3415 1501 3429 1522 ,
3489 1459 3700 1528 ἐνεργεῖ

2131 1557 2218 1610 διὰ
2271 1558 2468 1620 παντὸς
2491 1599 2505 1620 ,
2543 1558 2738 1628 μᾶλλον
2780 1557 2836 1610 δὲ
2885 1558 3080 1626 πάσχει
3127 1555 3224 1624 τὴν
3261 1553 3538 1622 ὑπακοήν·
3578 1549 3698 1602 οὐδὲ

2133 1649 2181 1700 εί
2219 1647 2290 1718 μὴ
2343 1648 2582 1718 βούλοιτο
2632 1649 2786 1700 τοῦτο
2835 1650 3005 1700 ποιεῖν
3046 1644 3429 1716 συγχωρούσης
3466 1643 3563 1712 τῆς
3595 1641 3698 1710 φίλ’

2139 1757 2291 1804 σεως.
2333 1741 2425 1793 Ἐκ
2467 1741 2572 1810 γὰρ
2599 1739 2692 1792 τοῦ
2725 1739 2850 1802 Υἱὸς
2879 1735 3131 1792 εἶναικαὶ
3159 1735 3480 1806 γεγενῆσθαι
3507 1733 3696 1794 οὕτως,

2137 1832 2373 1901 ὑπήκοος
2413 1829 2630 1896 γέγονεν
2661 1831 2716 1882 ἐν
2747 1828 2944 1895 λόγοις,
2985 1827 3078 1880 καὶ
3113 1827 3349 1894 ὑπήκοος
3393 1825 3448 1875 ὲν
3495 1823 3694 1892 ἔργοις.

2141 1925 2204 1976 Ὢ
2245 1925 2342 1994 τῆς
2384 1923 2736 1991 ἀναισθησίας
2766 1921 2858 1975 τοῦ
2907 1919 3416 1990 δόγματοςίΛόγοις
3463 1918 3700 1986 ὑπήκοον

2135 2013 2224 2066 τὸν
2270 2014 2440 2079 Λόγον
2464 2014 2632 2074 ποιεῖς
2657 2049 2671 2073 ,
2719 2011 2810 2063 καὶ
2846 2011 3182 2078 προεπινοεΐς
3209 2005 3302 2058 τοῦ
3351 2005 3499 2066 δντος
3527 2003 3698 2067 Λόγου

2131 2099 2335 2168 Λόγους
2361 2098 2599 2171 ἐτέρους·
2635 2103 2726 2153 καὶ
2754 2099 3023 2171 μεσιτεύει
3065 2097 3158 2151 τοῦ
3190 2099 3246 2148 ἐν
3277 2099 3341 2167 τῇ
3386 2097 3524 2165 ἀρχῇ
3553 2093 3700 2154 ὄντος

2133 2195 2306 2260 Λόγου
2363 2193 2548 2263 ἕτερος
2593 2191 2762 2258 Λόγος
2807 2191 2905 2260 τῆς
2961 2189 3134 2260 ἀρχῆς
3185 2187 3320 2256 πρὸς
3375 2185 3536 2237 αὐτὸν
3583 2183 3700 2234 δια-

2136 2285 2457 2355 πορθμεύων
2489 2284 2550 2336 τὸ
2604 2283 2879 2352 βούλημα.
2939 2283 3047 2334 Καὶ
3075 2280 3174 2350 οὐχ
3219 2275 3298 2341 εἷς
3343 2270 3526 2338 οὗτος,
3567 2272 3703 2326 ἀλλὰ

2136 2377 2230 2428 καὶ.
2277 2373 2519 2437 πλείονές
2567 2372 2671 2425 εἰσί
2725 2389 2869 2434 τινες
2909 2371 3110 2438 Λόγοι,
3165 2371 3214 2422 οἱ
3263 2367 3350 2420 διὰ
3403 2367 3568 2436 μέσου
3605 2364 3702 2431 τῆς

2135 2466 2308 2536 ἀρχῆς
2376 2464 2469 2516 καὶ
2497 2463 2590 2516 τοῦ
2617 2463 2791 2530 Λόγου
2847 2461 2996 2530 παρὰ
3021 2459 3115 2512 τοῦ
3151 2459 3416 2528 Εὐνομίου
3447 2470 3700 2524 παρενει-

2139 2557 2390 2628 ρόμενοι,
2432 2555 2525 2606 καὶ
2579 2553 2709 2624 πρὸς
2761 2553 2822 2605 τὸ
2876 2551 3066 2605 δοκοῦν
3119 2552 3302 2612 αὐτοῖς
3361 2553 3424 2618 τῇ
3487 2550 3698 2618 ὑπακοῇ

2136 2647 2298 2702 αὑτοῦ
2329 2643 2761 2714 καταχρώμενοι.
2807 2643 2966 2696 Ἀλλὰ
3013 2643 3065 2695 τί
3118 2642 3222 2712 χρὴ
3273 2645 3338 2712 τῇ
3387 2642 3701 2710 ματαιότητι

2133 2741 2240 2792 τῶν
2268 2738 2574 2808 λεγομένων
2601 2735 2989 2806 ὲνδιατρίϐειν;
3021 2736 3190 2787 Παντὶ
3221 2734 3327 2804 γὰρ
3357 2733 3510 2801 δῆλόν
3535 2735 3699 2794 ἐστιν,

2137 2832 2212 2884 ὅτι
2251 2831 2342 2883 καὶ
2389 2832 2476 2883 ὅτε
2518 2831 2546 2881 6
2595 2829 2800 2891 Παῦλος
2837 2825 2989 2880 εἶπεν
3039 2827 3196 2880 αὑτὸν
3229 2825 3556 2894 γεγενῆσθαι
3610 2825 3706 2876 ὑπ-

2138 2925 2318 2992 ήκοον,
2349 2917 2467 2974 εἷπε
2501 2921 2558 2973 δὲ
2605 2921 2776 2982 οὓτως
2814 2919 2974 2971 αὑτὸν
3001 2917 3328 2987 γεγενῆσθαι
3353 2957 3366 2978 ,
3404 2918 3580 2986 σάρκα
3611 2916 3704 2967 καὶ

2137 3012 2338 3072 δοῦλον,
2375 3012 2469 3064 καὶ
2495 3010 2738 3080 κατάραν
2773 3009 2866 3060 καὶ
2899 3009 3172 3078 ἁμαρτίαν
3200 3007 3262 3058 δι’
3303 3008 3448 3076 ἡμᾶς
3477 3006 3704 3076 γενόμε-

465 3105 676 3150 tnntur.
711 3095 813 3150 Sed
842 3096 970 3166 quid
992 3098 1042 3150 in
1061 3097 1255 3152 horum
1284 3097 1555 3151 dictorum
1577 3098 1811 3152 vanitate
1831 3099 2035 3152 diutius

2139 3121 2256 3168 νον,
2298 3103 2418 3155 οὐδὲ
2447 3103 2567 3154 τότε
2618 3105 2646 3155 ὁ
2681 3100 2882 3172 Κύριος
2914 3101 3010 3170 τῆς
3043 3101 3226 3170 δόξης,
3263 3102 3288 3151 6
3319 3099 3418 3167 τῆς
3447 3100 3704 3168 αἰσχύνης

465 3189 744 3242 immorari
792 3205 1014 3244 necesse
1065 3190 1186 3244 est?
1225 3191 1408 3243 Cuivis
1462 3193 1604 3246 enim
1659 3194 2036 3261 perspicuum,

467 3282 610 3348 quod
644 3280 859 3348 quando
885 3279 1084 3334 Paulus
1111 3281 1248 3334 dixit
1281 3285 1454 3349 ipsum
1493 3283 1692 3338 factum
1725 3285 1891 3340 fuisse
1914 3287 2040 3340 obe-

467 3373 740 3432 dientem,
793 3371 872 3424 sic
907 3371 1042 3424 dixit
1092 3373 1555 3441 quemadmodum
1595 3375 1727 3428 dicit
1777 3385 1830 3430 et
1863 3378 2039 3445 ipsum

467 3463 672 3516 factum
699 3463 864 3517 fuisse
887 3478 1104 3517 carnem
1131 3471 1184 3516 et
1213 3459 1512 3528 scrvutn,et
1533 3469 1962 3521 exsecrationem
1989 3476 2041 3522 et

469 3565 749 3626 peceatum
781 3563 1001 3624 propter
1027 3571 1148 3617 nos,
1175 3539 1511 3625 nequeAtunc
1543 3557 1806 3610 Dominus
1831 3558 2037 3626 gloriae,

469 3646 706 3700 dedecus
749 3653 1093 3712 aspernatus,
1121 3653 1176 3699 et
1205 3646 1260 3698 in
1289 3659 1456 3700 carne
1499 3648 1808 3718 passionem
1865 3647 2042 3702 susci-

471 3739 644 3800 piens,
673 3746 942 3806 potestate
971 3751 1182 3790 summa
1212 3745 1266 3788 et
1295 3735 1466 3791 libera
1513 3739 1752 3806 seipsum
1790 3739 2060 3806 privavit,

470 3829 658 3883 dicens
683 3828 747 3888 ⁸⁷,
787 3825 981 3881 Solvite
1041 3827 1288 3893 (carptum
1323 3827 1442 3889 hoc.
1484 3835 1533 3881 et
1571 3828 1626 3882 in
1663 3827 1826 3882 tribus
1858 3827 2040 3882 diebus

471 3925 642 3989 ipsum
698 3921 958 3974 excitabo.
1013 3917 1078 3972 Et
1121 3921 1339 3980 iterum,
1375 3917 1573 3972 Nullus
1626 3921 1764 3972 tollit
1800 3921 2034 3973 animam

473 4031 638 4066 nteant
677 4031 708 4064 a
753 4028 864 4072 me;
920 4020 1228 4080 potestate»:
1271 4011 1436 4064 habeo
1491 4013 1716 4078 ponendi
1759 4013 1949 4080 ipsam,
1991 4021 2042 4065 et

471 4115 773 4174 potestatem
803 4105 966 4160 habeo
996 4103 1294 4156 resumendi
1327 4105 1515 4170 ipsam.
1563 4104 1628 4156 Et
1674 4119 1796 4156 cum
1847 4103 1912 4157 ad
1960 4104 2044 4174 ip-

475 4203 594 4251 sum
644 4195 866 4266 propius
913 4203 1266 4249 accesserunt
1305 4211 1366 4248 ea
1397 4203 1558 4248 nocte
1598 4211 1719 4264 quae
1763 4196 1881 4264 ejus
1916 4211 2042 4264 pas-

475 4289 681 4342 sionem
707 4287 1007 4357 praicessit,
1041 4286 1130 4354 qui
1185 4285 1330 4339 ferro
1361 4295 1412 4339 et
1437 4286 1597 4354 lignis
1639 4288 1830 4340 armati
1862 4297 2041 4351 erant,

473 4396 665 4436 omnes
693 4387 992 4433 retrorsum
1023 4378 1240 4440 evertit,
1281 4393 1400 4431 eum
1437 4379 1538 4432 hoc
1573 4379 1728 4442 dixit,
1763 4379 1872 4448 Ego
1905 4397 2039 4432 sum.

2142 3194 2586 3263 καταφρονήσας,
2621 3193 2713 3244 καὶ
2757 3195 2821 3262 τῇ
2859 3193 3022 3261 σαρκὶ
3069 3191 3127 3244 τὸ
3178 3189 3346 3252 πάθος
3381 3188 3708 3258 ἀναδεξάμε-

2141 3301 2257 3346 νος,
2291 3285 2387 3352 τῆς
2445 3281 2762 3350 αύΟεντικῆς
2816 3280 3063 3346 ἐξουσίας
3119 3279 3306 3332 ἑαυτὸν
3358 3278 3705 3349 ἠλλοτρίωσε,

2140 3375 2311 3441 λέγων
2335 3413 2348 3437 ,
2382 3374 2618 3426 Λύσατε
2649 3372 2756 3424 τὸν
2790 3369 2943 3424 ναὸν
2981 3369 3229 3434 τοῦτον,
3271 3369 3368 3421 καὶ
3415 3370 3482 3421 ἐν
3511 3369 3708 3436 τρισὶν

2141 3467 2384 3534 ἡμέραις
2415 3462 2593 3530 ἐγερῶ
2617 3464 2817 3515 αὐτόν.
2847 3461 2956 3514 Καὶ
2987 3461 3169 3526 πάλιν,
3193 3459 3400 3524 Οὐδεὶς
3420 3459 3568 3527 αἴρει
3593 3457 3709 3524 τὴν

2141 3556 2484 3626 ψυχήνμου
2511 3555 2610 3606 ἀπ’
2632 3553 2804 3620 ἐἸιοῦ’
2825 3552 3113 3614 ἐξουσίαν
3138 3552 3253 3619 ἔχω
3283 3551 3466 3604 θεῖναι
3489 3549 3704 3614 “inm”

2143 3650 2238 3701 καὶ
2275 3645 2565 3710 ἐξουσίαν
2592 3643 2709 3710 ἔχω
2751 3642 2936 3696 ,πάλιν
2965 3641 3173 3695 λαϐεῖν
3213 3641 3424 3706 αὑτήν.
3473 3641 3580 3692 Καὶ
3619 3641 3706 3691 ὅτε

2143 3739 2513 3808 προσήγγισαν
2553 3732 2700 3802 αὐτῷ
2727 3734 2868 3784 κατὰ
2895 3733 2992 3803 τὴν
3031 3732 3138 3803 πρὸ
3159 3731 3254 3784 τοῦ
3279 3733 3484 3794 πάθους
3513 3732 3704 3794 νύκτα,

2143 3832 2190 3883 οἱ
2219 3829 2293 3898 τῷ
2322 3829 2520 3899 adﬁgi?
2545 3827 2635 3878 καὶ
2669 3828 2776 3884 τοῖς
2807 3824 2981 3890 ξύλοις
3014 3823 3471 3891 καθωπλισμένοι,
3505 3823 3708 3885 πάντας

2144 3923 2336 3984 αὐτοὺς
2365 3923 2442 3982 εἰς
2471 3919 2530 3970 τὸ
2563 3917 2794 3970 κατόπιν
2837 3916 3094 3985 ἀνέτρεψε
3138 3915 3223 3968 διὰ
3257 3915 3350 3966 τοῦ
3387 3916 3558 3967 εἰπεῖν
3579 3955 3594 3978 ,
3627 3915 3708 3967 ὅτι

2145 4013 2290 4080 Ἐγώ
2328 4014 2440 4079 εἰμι
2470 4021 2488 4038 ⁸
2512 4009 2603 4061 καί
2635 4008 2792 4060 πάλιν
2847 4007 2938 4058 τοῦ
2987 4005 3182 4077 λῃστοῦ
3236 4007 3608 4069 ἱκετεύσαντος
3651 4009 3708 4060 ἐν

2148 4107 2331 4178 μνήμῃ
2367 4104 2494 4172 παρ’
2526 4099 2688 4152 αὐτοῦ
2715 4099 2964 4166 γενέσθαι
2991 4137 3004 4160 ,
3039 4098 3202 4162 ἔδειξε
3235 4099 3330 4168 τὴν
3367 4100 3458 4152 ἐπὶ
3493 4101 3708 4154 πάντων

2145 4195 2389 4263 ἐξουσίαν
2413 4233 2426 4252 ,
2458 4194 2513 4242 ὲν
2555 4185 2634 4252 οἷς
2677 4205 2831 4258 φησι,
2861 4187 3126 4256 Σήμερον
3157 4189 3280 4256 μετ’
3310 4189 3453 4256 ἐμοῦ
3493 4191 3607 4256 ἔσῃ
3641 4191 3710 4242 ὲν

2144 4287 2223 4352 τῷ
2277 4283 2634 4352 παραδείσῳ.
2667 4281 2729 4332 Εἰ
2776 4278 2953 4332 τοίνυν
2995 4279 3110 4330 οὐδὲ
3170 4281 3225 4330 ἐν
3274 4277 3350 4347 τῷ
3397 4278 3573 4348 καιρῷ
3617 4279 3708 4332 τοῦ

2149 4381 2348 4440 πάθους
2378 4377 2476 4444 τῆς
2513 4372 2757 4438 ἐξουσίας
2805 4370 3132 4440 χωρίζεται,
3177 4368 3280 4420 ποῦ
3306 4385 3433 4421 ποτε
3462 4369 3646 4437 βλέπει
3675 4371 3708 4438 ή

473 4473 539 4526 Et
573 4486 765 4525 rursus
795 4471 1006 4524 latrone
1055 4471 1398 4538 supplicante
1426 4481 1484 4522 ut
1517 4471 1598 4524 sui
1639 4485 1844 4524 memor
1876 4482 2035 4537 esset,

2147 4475 2353 4543 αἵρεσις
2393 4467 2490 4520 τοῦ
2521 4465 2780 4535 βασιλέως
2809 4464 2907 4531 τῆς
2943 4463 3100 4531 δόξης
3131 4459 3190 4513 τὺ
3226 4461 3574 4528 ύπεξούσιονς
3615 4463 3711 4526 Τίς

473 4580 628 4620 suam
669 4564 723 4616 in
768 4561 1023 4616 omnibus
1051 4569 1375 4630 potestatem
1421 4563 1682 4622 ostendit.
1721 4579 1845 4616 cum
1881 4563 2040 4628 dixit,

461 4657 871 4712 Hodiemecum
932 4654 1034 4706 eris
1096 4655 1148 4706 in
1209 4653 1478 4722 paradiso.
1537 4653 1592 4708 Si
1639 4655 1806 4724 igitur
1867 4673 2044 4727 neque

473 4755 721 4814 tempore
763 4744 1041 4812 passionis
1073 4759 1101 4796 a
1145 4753 1414 4812 potestate
1463 4755 1784 4815 separatur:
1823 4749 2040 4802 ubinam

473 4835 690 4888 tandem
723 4835 946 4888 hzeresis
997 4835 1392 4902 subjectionem
1425 4835 1588 4904 Regis
1617 4839 1804 4905 gloria:
1834 4841 2042 4906 conspi-

473 4926 594 4978 cit?
655 4925 913 4990 Quamam
975 4926 1088 4979 hare
1149 4928 1313 4978 etiam
1383 4927 1699 4980 multimoda
1765 4929 2044 4982 meditatio

473 5033 636 5085 quam
665 5016 718 5068 in
747 5015 852 5069 Deo
877 5016 1064 5084 jactat,
1091 5016 1286 5071 dicens
1315 5017 1666 5071 mediatorem
1703 5019 1754 5072 in
1785 5021 2041 5085 decretis,

477 5107 832 5161 mediatorem
865 5107 918 5160 in
959 5105 1238 5176 legel’Non
1271 5109 1384 5160 haec
1409 5111 1473 5160 ab
1498 5111 1606 5162 alta
1635 5127 1768 5164 voce
1801 5112 2042 5180 Apostoli

476 5213 666 5252 sumus
713 5198 915 5264 edocti,
949 5201 1042 5268 qui
1097 5201 1194 5264 ait,
1247 5201 1392 5270 quod
1446 5203 1615 5270 legem
1663 5205 2042 5258 mamlalorum

473 5307 746 5346 cvacuans
777 5291 893 5346 suis
929 5292 1296 5358 documentis,
1336 5295 1422 5348 hic
1454 5303 1537 5351 est
1579 5298 1846 5351 mediator
1873 5297 1962 5350 Dei
1989 5305 2042 5352 et

473 5384 779 5448 hominum,
843 5399 967 5438 cum
1017 5385 1154 5438 dixit
1210 5387 1312 5440 hoc
1365 5387 1540 5455 ipsum
1597 5391 1844 5453 verbum,
1899 5393 2040 5460 quod

471 5475 628 5529 Unus
651 5469 794 5524 Deus
846 5481 952 5536 est,
999 5491 1140 5530 unus
1187 5479 1456 5533 mediator
1503 5479 1597 5534 Dei
1641 5489 1695 5535 et
1733 5481 2038 5542 hominum,

481 5563 650 5616 homo
684 5565 938 5622 Christus
981 5565 1158 5624 Jesus.
1205 5569 1398 5626 Totum
1453 5573 1612 5629 nobis
1659 5574 1746 5629 hic
1798 5574 2038 5645 mysterii

553 5745 595 5774 ⁸⁷
645 5743 798 5830 Jtizttt.
846 5761 908 5812 11,
959 5747 1042 5801 19.

2143 4567 2198 4618 δὲ
2225 4564 2316 4616 καὶ
2361 4563 2392 4630 ἠ
2430 4557 2763 4626 πολύτροπος
2791 4553 2930 4620 αὕτη
2965 4553 3206 4620 μεσιτεία
3229 4593 3242 4616 ,
3294 4555 3358 4624 ἣν
3403 4555 3712 4624 ὲπιθρυλλεί

2146 4655 2219 4724 τῷ
2246 4651 2364 4720 Θεῷ
2388 4692 2400 4714 ,
2435 4647 2656 4718 μεσίτην
2689 4644 2858 4710 λέγων
2889 4646 2946 4695 ὲν
2976 4643 3242 4712 δόγμασι,
3280 4644 3502 4714 μεσίτην
3533 4647 3590 4696 ἐν
3621 4645 3710 4697 νό-

2149 4763 2264 4817 pro;
2314 4743 2388 4795 υύ
2444 4737 2616 4790 ταῦτα
2672 4733 2820 4804 παρὰ
2859 4732 2959 4802 τῆς
3000 4733 3206 4804 ὑψηλῆς
3251 4733 3345 4786 τοῦ
3391 4735 3710 4790 Ἀποστόλου

2147 4839 2327 4907 φωνῆς
2373 4831 2772 4902 ἐπαιδεύθημεν
2793 4845 2804 4856 ’
2841 4832 2898 4892 ὃς
2933 4846 3096 4898 φησιν
3121 4870 3136 4893 ,
3173 4829 3252 4882 ὅτι
3281 4829 3371 4882 τὸν
3416 4830 3578 4901 νόμον
3603 4831 3710 4884 τῶν

2148 4927 2372 4985 ἐντολῶν
2413 4925 2766 4995 καταργήσας
2815 4923 2925 4983 τοῖς
2960 4920 3150 4974 ἑαυτοῦ
3209 4920 3468 4990 δόγμασιν
3491 4963 3504 4986 ,
3560 4917 3713 4986 οὗτός

2149 5020 2345 5074 ἐστινὸ
2379 5015 2600 5086 μεσίτης
2627 5008 2764 5062 Θεοῦ
2806 5009 2898 5060 κα)⁴
2955 5007 3274 5078 ἀνθρώπων.
3323 5008 3505 5062 Εἰπὼν
3558 5011 3711 5063 τοῦτο

2147 5115 2206 5169 τὸ
2243 5113 2390 5184 ῥῆμα
2413 5147 2428 5170 ’
2457 5110 2537 5160 ὅτι
2571 5099 2664 5164 Εἷς
2690 5101 2850 5166 Θεὸς’
2904 5101 2998 5153 καὶ
3045 5097 3126 5164 εἷς
3181 5103 3404 5171 μεσίτης
3440 5103 3574 5155 Θεοῦ
3619 5104 3713 5155 καὶ

2149 5198 2484 5270 ἀνθρώπων,
2531 5191 2809 5260 ἄνθρωπος
2857 5189 3088 5260 Χριστὸς
3133 5191 3376 5260 Ἰησοῦς
3425 5191 3543 5246 ὂλον
3579 5195 3711 5262 ἡμῖν

2149 5289 2380 5345 ἐνταῦθα
2401 5286 2492 5338 τὸν
2539 5281 2738 5334 σκοπὸν
2764 5278 2856 5332 τοῦ
2895 5281 3193 5351 μυστηρίου
3239 5281 3324 5334 διὰ
3363 5283 3460 5351 τῆς
3487 5283 3580 5336 τοῦ
3618 5300 3710 5352 με-

2151 5385 2294 5437 σίτου
2346 5377 2542 5440 λέξεως
2580 5370 2848 5426 διαλαϐὼν
2873 5413 2886 5436 ,
2927 5371 3272 5440 ἀπεκάλυψεν
3297 5390 3308 5404 ·
3359 5375 3386 5426 ὁ
3428 5373 3482 5425 δὲ
3515 5374 3712 5437 σκοπὸς

2147 5469 2299 5534 οὗτός
2333 5471 2477 5521 ἐστιν
2499 5484 2510 5496 ·
2543 5463 2756 5530 ἀπέστη.
2797 5461 2883 5514 διὰ
2925 5463 3024 5532 τῆς
3051 5463 3142 5515 τοῦ
3207 5464 3582 5532 ἀντικειμένου
3612 5482 3710 5517 κα-

2149 5567 2272 5630 κίας
2305 5559 2434 5616 ποτὲ
2470 5557 2532 5612 τὸ
2563 5553 2920 5625 ἀνθρώπινον,
2953 5555 3048 5608 καὶ
3069 5558 3134 5626 τῇ
3165 5555 3403 5628 ἁμαρτίᾳ
3427 5555 3716 5626 δουλωθὲν,
