4146 6370
464 298 570 354 555

1582 295 1858 352 CONTRA
1895 293 2288 358 EUNOMIUM,
2325 293 2453 347 LIB.
2491 291 2554 346 II.

3610 290 3714 344 53';

461 409 678 481 καὶτῆς
720 409 888 474 ὅντως
915 411 1246 484 ὴλλοτριὼθη
1279 415 1442 484 ζωῆς.
1493 413 1864 469 Ἀνακαλεῖται
1895 411 2028 484 μετὰ

2136 425 2362 478 scopum
2421 405 2740 462 mediatoris
2779 405 3000 460 nomine
3049 403 3368 472 complexus
3405 401 3706 460 revelaviti

464 503 635 557 ταῦτα
673 503 732 555 τὸ
767 501 958 556 ἑαυτοῦ
1005 503 1227 574 πλάσμα
1255 509 1284 558 6
1314 507 1406 559 τοῦ
1449 507 1764 578 πλάσματος
1805 507 2030 578 Κύριος,

465 594 560 650 καὶ
598 593 806 662 γίνεται
847 593 1129 666 ἄνθρωπος
1163 597 1300 667 μετὰ
1322 598 1414 650 τοῦ
1450 595 1586 653 εἶναι
1617 600 1746 664 Θεός
1769 617 1782 629 ’
1812 601 2033 653 κάκεῖνο

461 685 581 737 ὅλον
605 683 700 748 ὢν,
741 685 835 738 καὶ
859 685 1015 737 τοῦτο
1040 685 1159 738 ὅλον
1188 687 1479 757 γενόμενος
1500 705 1515 719 ·
1561 690 1656 742 καλ¹
1689 687 1859 752 οὕτως
1907 705 2031 740 συν-ρ

462 772 738 842 ανεκράθη
765 772 882 842 Θεῷ
903 773 965 826 τὸ
985 773 1340 844 ἀνθρώπινον,
1367 776 1462 828 τοῦ
1488 777 1629 830 κατὰ
1656 776 1888 847 Χριστὸν
1933 779 2028 830 ἀν-

462 860 681 932 θρώπου
733 863 832 932 τὴν
893 864 1170 932 μεσιτείαν
1218 865 1611 937 ἐργασαμένου.
1668 862 1738 938 ᾯ
1790 867 1879 921 διὰ
1931 869 2030 939 τῆς

462 953 862 1022 ἀναληφθείσης
901 956 1031 1025 ἡμῖν
1067 957 1274 1026 ἀρχῆς,
1313 958 1432 1010 ὅλον
1487 961 1550 1028 τῇ
1585 958 1807 1030 δυνάμει
1837 977 2030 1014 συναν-

460 1041 670 1110 εκράθη
714 1043 774 1093 τὸ
819 1042 1063 1112 φύραμα.
1109 1045 1259 1097 Ἐπεὶ
1307 1041 1396 1098 οὖν
1445 1048 1472 1100 ό
1519 1048 1741 1118 μεσίτης
1775 1051 1891 1114 ἐνὸς
1930 1053 2030 1104 οὐκ

461 1131 628 1196 ἔστιν,
655 1134 684 1184 6
715 1133 771 1186 δὲ
800 1133 930 1196 Θεὸς
961 1129 1040 1197 εἷς
1070 1136 1234 1200 ἐστιν,
1263 1137 1415 1190 οὐδὲν
1444 1141 1556 1202 τοῖς
1586 1141 1894 1210 προσώποις
1918 1147 2030 1206 τοῖς

461 1227 518 1276 ἐν
573 1227 639 1308 τῇ
693 1225 869 1277 πίστει
903 1226 1356 1296 παραδεδομένοις
1405 1231 1831 1300 ὲμμεριζόμενος
1860 1275 1874 1296 τ
1932 1235 2030 1303 μία

461 1315 570 1386 γὰρ
603 1318 636 1386 ἡ
673 1315 863 1386 θεότης
889 1319 947 1368 ἐν
979 1318 1150 1387 Πατρί
1183 1335 1241 1370 τε
1288 1321 1381 1372 καὶ
1413 1320 1523 1389 Υἱῷ
1549 1364 1564 1383 ,
1615 1323 1706 1374 καὶ
1752 1325 2029 1394 Πνεῦματι

463 1408 602 1476 ἁγίῳ
632 1422 648 1438 ³
701 1406 786 1460 διὰ
835 1407 990 1460 τοῦτο
1023 1409 1226 1473 γίνεται
1275 1412 1498 1482 μεσίτης
1551 1412 1696 1477 ἅπαξ
1730 1416 1757 1465 ό
1791 1415 2024 1486 Κύριος,

459 1498 596 1552 Θεοῦ
636 1501 727 1552 καὶ
777 1499 1075 1568 ἀνθρώπων
1101 1541 1114 1562 ,
1159 1501 1440 1554 συνάπτων
1489 1502 1580 1554 τὸν
1625 1503 1908 1573 ἄνθρωπον
1963 1505 2026 1556 δι’

461 1585 656 1638 ἑαυτοῦ
695 1589 758 1656 τῇ
799 1587 1032 1656 θεότητι.
1076 1589 1234 1642 Ἀλλὰ
1267 1591 1358 1642 καὶ
1393 1589 1480 1643 διὰ
1510 1592 1602 1644 τοῦ
1641 1593 1780 1645 κατὰ
1819 1593 1909 1645 τὸν
1942 1611 2029 1664 με-

463 1677 614 1748 σίτην
647 1680 912 1748 νοήματος
933 1680 990 1732 τὸ
1015 1680 1230 1744 εὐσεϐὲς
1260 1681 1358 1750 τῆς
1389 1681 1620 1746 πίστεως
1654 1683 2024 1754 ἐδιδάχθημεν·

455 1773 490 1820 6
521 1769 630 1840 γὰρ
683 1773 906 1840 μεσίτης
950 1771 1083 1824 Θεοῦ
1129 1773 1223 1826 καὶ
1262 1757 1562 1843 ἀνθρώπων
1592 1775 1778 1846 ὥσπερ
1807 1777 1905 1846 τῆς
1938 1780 2028 1829 ἁν-

455 1861 738 1930 θρωπίνης
768 1861 980 1930 φύσεως
1017 1861 1113 1932 τὴν
1160 1865 1441 1917 κοινωνίαν
1495 1863 1741 1930 ἐδέξατο,
1777 1866 1836 1918 οὐ
1878 1883 2028 1936 νομι-

460 1952 607 2016 σθεὶς
635 1954 918 2024 ἄνθρωπος
936 1995 952 2018 ,
973 1953 1110 2008 ἀλλὰ
1139 1953 1372 2024 γεγονὼς
1413 1955 1551 2008 κατὰ
1582 1957 1858 2026 ἀλήθειαν,
1887 1959 2027 2011 οὕτω

461 2044 552 2098 καὶ¹
587 2045 833 2114 ἀληθινὸς
866 2046 996 2107 Θεὸς
1021 2044 1095 2099 ὢν
1117 2088 1132 2110 ,
1183 2047 1282 2100 οὐκ
1336 2048 1622 2120 ἐπωνυμίᾳ
1667 2054 2025 2124 τετιμημένος

461 2135 606 2186 ἐστὶν
653 2136 812 2206 ψιλῆς
835 2137 930 2206 τῆς
965 2137 1214 2209 θεότητος
1233 2180 1247 2202 ,
1278 2137 1353 2202 ὡς
1381 2140 1408 2191 6
1429 2140 1691 2210 Εὑνόμιος
1721 2143 1984 2212 βούλεται.

2059 1748 2102 1802 Β

2132 503 2222 556 hic
2252 511 2432 556 autem
2469 514 2672 568 scapus
2709 503 2830 552 est:
2863 495 3161 550 adversarii
3189 493 3395 550 malitia
3434 491 3710 562 quondam

2133 595 2428 650 humanum
2463 606 2632 662 genus
2670 605 2700 643 a
2725 587 2836 642 Deo
2884 587 3179 648 defecerat,
3210 593 3264 640 et
3309 590 3538 655 peccato
3592 597 3712 638 ser—

2131 689 2327 754 vierat,
2374 694 2428 742 et
2483 699 2514 738 a
2560 697 2690 739 vera
2747 682 2858 735 vita
2913 681 3208 735 alienatum
3271 684 3410 732 erat.
3469 675 3714 731 Revocat

2134 788 2320 850 postea
2353 795 2512 834 suum
2541 777 2883 846 ﬁgmentum,
2912 775 3005 842 qui
3039 769 3280 840 figmenti
3309 768 3572 822 Dominus
3603 776 3708 828 est,

2129 882 2184 928 ct
2229 872 2287 925 fit
2329 871 2493 924 homo
2543 883 2664 922 cum
2709 883 2774 920 eo
2820 865 2912 935 qui
2956 869 3041 918 est
3076 861 3238 924 Deus,
3273 866 3326 913 et
3353 857 3488 911 illud
3535 865 3708 912 totum

2131 980 2256 1018 cum
2284 969 2450 1024 esset,
2478 960 2664 1014 ethoc
2696 967 2868 1012 totum
2919 953 3132 1008 factus:
3177 959 3231 1005 et
3281 951 3363 1004 sic
3413 950 3560 1019 quod
3611 950 3713 1002 hu-

2130 1071 2349 1112 manum
2373 1063 2477 1116 est,
2508 1068 2630 1104 cum
2677 1050 2786 1104 Deo
2827 1053 3186 1116 temperatum
3229 1049 3334 1106 est,
3369 1042 3589 1096 homine
3617 1041 3708 1110 qui

2129 1148 2432 1204 secundum
2478 1144 2757 1198 Christum
2808 1147 2915 1200 est,
2975 1136 3362 1191 mediationem
3427 1143 3708 1202 operante.

2131 1243 2230 1296 Cui
2276 1255 2374 1310 per
2416 1248 2728 1304 assumptas
2757 1250 2784 1288 a
2820 1233 2981 1288 nobis
3033 1231 3303 1301 primitias
3351 1237 3464 1282 tota
3507 1226 3712 1280 virtute

2130 1338 2536 1400 contemperata
2565 1336 2648 1382 est
2681 1341 2883 1381 massa.
2917 1323 3184 1390 Quoniam
3235 1322 3402 1390 igitur
3437 1318 3708 1372 mediator

2129 1425 2293 1478 unius
2321 1439 2427 1476 non
2463 1428 2566 1484 est,
2603 1418 2744 1473 Deus
2782 1425 2961 1471 autem
2999 1430 3142 1468 unus
3165 1423 3266 1476 est,
3299 1426 3478 1480 neque
3505 1410 3559 1462 in
3589 1423 3716 1478 per-

2130 1517 2282 1572 sonis
2311 1513 2366 1567 in
2407 1511 2512 1565 ﬁde
2550 1509 2768 1563 traditis
2817 1509 2873 1561 in
2925 1517 3106 1574 partes
3151 1502 3483 1556 distributus
3533 1513 3546 1548 :
3601 1511 3708 1549 una

2129 1608 2274 1665 enim
2339 1603 2510 1661 deitas
2563 1603 2616 1655 in
2673 1601 2853 1666 Patre,
2902 1597 3060 1662 Filio,
3114 1605 3168 1652 et
3221 1593 3432 1664 Spiritu
3481 1589 3754 1645 sanctoz'

2130 1705 2416 1770 propterea
2446 1694 2504 1748 ﬁt
2547 1691 2814 1747 mediator
2857 1689 3027 1744 semel
3063 1687 3348 1746 Dominus,
3381 1681 3476 1737 Dei
3521 1689 3576 1734 et
3611 1679 3710 1732 ho-

2131 1793 2358 1852 minum,
2384 1785 2647 1855 copulans
2685 1782 2957 1836 hominem
2987 1795 3080 1849 per
3109 1776 3463 1845 semetipsum
3501 1771 3712 1825 deitati.

2129 1881 2272 1948 Quin
2302 1879 2464 1935 etiam
2501 1876 2721 1930 notione
2757 1887 2852 1941 per
2883 1870 3241 1924 mediatorem
3275 1869 3540 1934 concepta
3591 1861 3714 1914 ﬁdei

2128 1973 2384 2044 pietatem
2403 1965 2727 2020 didicimus:
2760 1962 3028 2016 mediator
3046 1961 3188 2015 enim
3210 1959 3303 2014 Dei
3327 1965 3380 2012 et
3403 1956 3712 2022 hominum,

2129 2057 2586 2134 quemadmodum
2659 2055 2916 2108 humanae
2987 2061 3198 2106 naturze
3274 2047 3714 2104 communionem

2133 2150 2360 2220 accepit,
2408 2163 2518 2200 non
2561 2152 2786 2214 putatus
2828 2144 3019 2204 homo,
3069 2140 3165 2196 sed
3203 2147 3365 2194 natus
3413 2134 3715 2192 secundum

461 2225 764 2292 veritatem,
791 2227 871 2283 sic
897 2229 1058 2281 etiam
1085 2244 1248 2282 verus
1277 2228 1419 2286 Deus
1447 2241 1530 2285 est
1558 2247 1666 2286 non
1699 2248 2060 2306 cognomento
2100 2252 2312 2298 tantum
2364 2240 2666 2294 honoratus
2719 2236 2880 2290 nudae
2930 2233 3172 2298 deitatis,
3230 2239 3290 2286 ut
3349 2229 3466 2284 vult
3523 2227 3712 2280 Euno-

458 2323 624 2376 mius.

530 2417 670 2468 Ὅσα
707 2416 765 2469 δὲ
811 2419 925 2481 τοῖς
977 2419 1642 2492 είρημένοιςπροστίθησι
1668 2466 1680 2489 ,
1719 2425 1818 2495 τῆς
1861 2429 2027 2498 αὐτῆς

459 2511 642 2574 ἀνοίας
667 2511 867 2581 ἔχεται,
905 2512 1100 2582 μᾶλλον
1131 2512 1188 2566 δὲ
1218 2513 1532 2577 κακονοίας·
1573 2516 1700 2568 Υίὸν
1729 2517 1835 2589 γὰρ
1867 2521 2027 2574 αὑτὸν

459 2602 647 2667 εἰπὼν,
680 2601 737 2653 ὃν
765 2605 822 2655 ἐν
852 2606 964 2666 τοῖς
997 2603 1176 2674 μικρῷ
1199 2604 1428 2674 πρόσθεν
1456 2607 1784 2676 εἰρημένοις.
1813 2611 2028 2663 κτιστὸν

461 2690 598 2746 εἶναι
627 2695 809 2763 σαφῶς
836 2695 1243 2766 διωρίσατο,καὶ
1267 2698 1321 2749 Μ
1331 2699 1552 2768 ονογενῆ
1569 2699 1701 2751 Θεὸν
1733 2701 2024 2771 ὀνομάσας,

461 2782 518 2834 ὃν
551 2783 687 2851 μετὰ
714 2783 821 2836 τῶν
849 2785 1048 2838 λοιπῶν
1082 2785 1187 2838 τῶν
1211 2787 1300 2839 διὰ
1331 2788 1428 2857 τῆς
1467 2788 1694 2854 κτίσεως
1727 2792 2026 2860 γεγονότων

461 2873 763 2943 ἠρίθμησεν
807 2914 822 2938 ,
877 2874 1084 2942 ὅμοιον
1133 2873 1256 2928 εἷπε
1316 2875 1394 2941 τῷ
1445 2877 1840 2948 γεννήσαντι,
1897 2883 2024 2934 κατ’

460 2963 766 3030 ἐξαίρετον
795 2965 1111 3032 ὁμοιότητα
1127 2967 1341 3033 μόνον,
1373 2967 1522 3019 κατὰ
1545 2967 1658 3035 τὴν
1685 2968 2024 3028 ἰδιάζουσαν

461 3051 719 3106 ἔννοιαν.
756 3055 872 3126 Χρὴ
903 3055 1078 3107 τοίνυν
1104 3056 1451 3126 διασταλῆναι
1476 3058 1687 3129 πρῶτον
1721 3060 1812 3112 τοῦ
1840 3062 2023 3130 ὁμοίου

461 3144 522 3196 τὸ
567 3147 994 3214 σημαινόμενον,
1049 3148 1296 3218 ποσαχῶς
1345 3149 1403 3200 ἐν
1445 3153 1508 3220 τῇ
1567 3153 1899 3222 καταχρήσει
1930 3154 2027 3223 τῆς

2200 2423 2332 2489 Quae
2380 2425 2561 2472 autem
2609 2416 2694 2470 his
2743 2414 2904 2468 dictis
2936 2412 3125 2481 adjicit
3163 2413 3410 2467 eamdem
3442 2412 3718 2481 resipiunt

2129 2513 2445 2574 amentiam,
2472 2508 2558 2562 vel
2586 2507 2769 2578 potius
2809 2504 3247 2560 malevolentiam
3276 2519 3290 2556 :
3321 2502 3519 2556 Filium
3555 2505 3702 2558 enim

2130 2605 2306 2674 ipsum
2341 2615 2465 2654 cum
2507 2597 2764 2659 dixisset,
2796 2611 2956 2664 quem
3005 2595 3058 2647 in
3095 2593 3182 2647 his
3225 2609 3345 2662 quae
3387 2594 3550 2662 paulo
3592 2602 3718 2646 ante

2129 2695 2275 2749 dicta
2313 2692 2554 2754 fuerunt,
2597 2688 2730 2758 quid
2763 2694 3008 2741 creatum
3043 2699 3166 2740 esse
3210 2694 3397 2753 aperte
3431 2697 3482 2739 et
3509 2685 3718 2739 diserte

2131 2781 2515 2840 determinavit
2557 2796 2568 2830 :
2619 2787 2673 2834 et
2715 2775 3068 2847 Unigenitum
3127 2775 3299 2830 Deum
3355 2775 3716 2835 nominasset,

2130 2892 2291 2946 quem
2333 2888 2457 2927 cum
2501 2867 2730 2940 reliquis
2759 2867 3026 2923 creaturis
3075 2851 3528 2924 centiumeravit,
3568 2867 3720 2918 simi-

2132 2965 2231 3018 lem
2258 2963 2395 3018 dixit
2423 2960 2648 3032 genitori
2682 2967 2888 3012 tantum
2927 2953 3248 3025 prmellenti
3277 2965 3325 3009 et
3353 2955 3546 3008 eximia
3587 2971 3718 3023 qua-

2131 3056 2254 3108 dam
2278 3053 2656 3116 similitudine,
2705 3049 2990 3104 secundum
3028 3050 3300 3118 propriam
3327 3059 3377 3102 et
3399 3049 3718 3116 peculiarem

2133 3147 2394 3200 notitiam.
2431 3144 2671 3198 Primum
2714 3144 2878 3212 igitur
2917 3135 3114 3196 similis
3149 3139 3480 3210 signiﬁcatio
3515 3139 3718 3192 distin-

465 3234 749 3304 συνηθείας
778 3235 1010 3304 λέγεται.
1037 3233 1150 3290 Εἶθ’
1190 3237 1361 3302 οὕτως
1402 3240 1494 3291 ἐπὶ
1517 3240 1614 3310 τὴν
1651 3242 1892 3308 ἐξέτασιν
1922 3244 2028 3297 τῶν

2133 3240 2344 3312 guenda
2377 3246 2480 3304 est,
2523 3247 2656 3310 quot
2683 3236 2862 3290 modis
2896 3237 2950 3289 in
2982 3235 3158 3290 abusu
3189 3232 3604 3288 consuetudinis
3634 3230 3716 3284 di-

464 3327 836 3396 προκειμένων
874 3327 1066 3382 ἐλθεῖν.
1097 3329 1318 3400 Πρῶτον
1352 3330 1448 3400 μὲν
1481 3330 1589 3400 γὰρ
1620 3331 1720 3385 ὅσα
1751 3333 2029 3402 παραψεύ-

459 3417 608 3470 δεται
645 3417 743 3480 τὰς
781 3419 1060 3489 αἰσθήσεις
1090 3419 1266 3490 ἡμῶν,
1294 3422 1351 3473 οὐ
1392 3421 1458 3474 τὰ
1482 3423 1619 3475 αὐτὰ
1655 3423 1753 3493 μὲν
1783 3424 2027 3494 ἀλλήλοις

461 3505 610 3572 ὄντα,
645 3508 788 3561 κατὰ
811 3509 909 3578 τὴν
939 3507 1118 3576 φύσιν,
1152 3509 1300 3582 παρὰ
1349 3511 1406 3562 δέ
1451 3528 1592 3573 τινος
1640 3511 1746 3562 τῶν
1789 3531 2030 3583 παρεπο-

465 3600 640 3669 μένων
682 3601 792 3662 τοῖς
831 3600 1207 3670 ὑποκειμένοις
1227 3640 1241 3664 ,
1283 3603 1554 3672 σχήματος
1587 3601 1726 3670 λέγω
1759 3605 1851 3656 καὶ
1883 3602 2028 3674 χρώ-

465 3708 631 3760 ματος
676 3693 768 3744 καὶ
819 3693 948 3762 ἤχου
973 3733 987 3756 ,
1037 3693 1132 3747 καὶ
1163 3693 1270 3746 τῶν
1301 3694 1399 3746 ὅσα
1429 3692 1516 3746 διὰ
1549 3694 1786 3761 γεύσεως
1825 3712 1884 3746 τε
1938 3696 2030 3748 καὶ

462 3783 779 3854 ὀσφρήσεως
837 3785 929 3838 καὶ
989 3786 1128 3855 ἁφῆς
1184 3787 1274 3838 τὸν
1329 3788 1735 3856 παραλογισμὸν
1795 3789 2028 3852 ἐμποιεῖ.

467 3876 634 3930 Ἀλλά
676 3878 772 3946 μὲν
793 3878 890 3947 τὴν
911 3875 1092 3944 φύσιν,
1126 3878 1286 3948 ἐτερα
1316 3879 1370 3931 δὲ
1402 3881 1527 3949 παρ’
1561 3879 1595 3932 ὃ.
1619 3881 1860 3948 πέφυκεν
1893 3878 2030 3933 εἶναι

462 3968 882 4038 ὑποκρινόμενα,
906 3968 1075 4022 ταῦτα
1105 3971 1299 4040 ὁμοίως
1325 3971 1464 4040 ἔχειν
1494 3973 1526 4041 ἡ
1567 3970 1819 4042 συνήθεια
1846 3972 1989 4039 λέγει
2013 3988 2028 4003 ·

462 4055 572 4112 οἷον
623 4059 749 4112 ὅταν
809 4061 840 4129 ὴ
879 4059 1080 4130 ἄψυχος
1123 4059 1222 4130 ῦλη
1275 4066 1532 4132 μορφωθῇ
1573 4063 1658 4114 διὰ
1702 4065 1801 4133 τῆς
1836 4065 2031 4132 τέχνης

463 4151 600 4222 πρός
625 4168 743 4203 τινα
779 4151 915 4216 ζώου
951 4151 1183 4223 μίμησιν
1205 4192 1218 4214 ,
1247 4151 1332 4204 διὰ
1369 4152 1574 4222 γλυφῆς
1617 4154 1648 4224 ἢ
1693 4154 2027 4225 ζωγραφίας,

463 4243 498 4314 ἢ
530 4243 876 4313 πλάσματος,
913 4245 1094 4312 ὅμοιον
1135 4243 1352 4310 λέγεται
1399 4243 1476 4312 τῷ
1511 4243 1800 4315 ἀρχετύπῳ
1829 4244 1888 4298 τὸ
1941 4244 2032 4312 μί-

468 4353 643 4406 μημα.
681 4335 944 4388 Ἐνταῦθα
991 4335 1097 4406 γάρ
1124 4334 1253 4405 ἄλλη
1290 4335 1388 4403 μὲν
1434 4334 1526 4386 τοῦ
1580 4335 1716 4398 ξώου
1766 4337 1798 4404 ἡ
1837 4334 2027 4403 φύσις,

463 4427 626 4498 ἑτέρα
649 4425 705 4478 δὲ
733 4426 832 4495 τῆς
859 4425 1240 4495 παραψευδομέ
1253 4443 1341 4496 νης
1362 4425 1458 4496 τὴν
1487 4425 1606 4495 ὄψιν
1635 4425 1721 4478 διὰ
1745 4425 2030 4496 χρώματος

468 4515 628 4586 μόνον
657 4515 750 4568 καὶ
784 4516 1076 4584 σχήματος.
1113 4515 1218 4566 Τοῦ
1256 4515 1312 4566 δὲ
1351 4513 1516 4568 αὑτοῦ
1557 4515 1729 4578 εἴδους
1769 4517 1884 4568 ἐστὶ
1931 4517 2031 4583 τῆς

2129 3333 2292 3386 citur.
2331 3329 2536 3383 Deinde
2581 3327 2662 3382 sic
2715 3326 2784 3380 ad
2837 3325 3242 3395 propositorum
3294 3322 3714 3393 quuisitionem

2131 3424 2477 3481 veniendum.
2527 3421 2769 3474 Primum
2821 3419 3040 3488 quidem
3094 3431 3441 3488 quzecunque
3497 3425 3718 3471 nostros

2131 3533 2328 3574 sensus
2359 3517 2573 3578 fallunt,
2609 3529 2736 3568 cum
2761 3501 2956 3566 natura
2983 3527 3092 3564 non
3117 3510 3228 3564 sint
3254 3511 3399 3564 inter
3422 3523 3482 3563 se
3503 3508 3716 3571 eadem,

2130 3611 2224 3666 sed
2257 3610 2324 3662 ab
2355 3608 2538 3676 aliquo
2565 3621 2754 3662 eorum
2786 3619 2908 3673 quae
2931 3602 3174 3672 subjecta
3195 3607 3605 3666 consequuntur
3629 3613 3721 3650 ac.

2130 3701 2364 3762 cidente,
2399 3697 2574 3768 ﬁgura
2615 3696 2738 3750 dico
2785 3703 2840 3750 et
2869 3694 3075 3758 colore,
3103 3703 3156 3748 et
3186 3707 3344 3753 sono,
3385 3699 3438 3746 et
3475 3679 3595 3760 qua:
3625 3707 3718 3758 per

2131 3806 2348 3866 gustum
2387 3801 2441 3846 et
2485 3791 2772 3846 odoratum
2805 3798 2859 3843 et
2897 3797 3099 3842 tactum
3132 3802 3394 3842 sensuum
3442 3786 3716 3854 deceptio-

2131 3902 2252 3941 nem
2285 3887 2645 3954 ingenerant:
2700 3897 2823 3936 cum
2869 3881 2973 3934 alia
3019 3879 3235 3949 quidem
3265 3879 3374 3935 sint
3411 3878 3714 3932 secundum

2133 3977 2410 4048 propriam
2472 3983 2759 4033 naturam,
2820 3972 2924 4025 alia
2969 3987 3100 4027 vero
3153 3983 3314 4040 quam
3367 3985 3486 4039 qua:
3527 3982 3715 4021 revera

2132 4075 2260 4124 sunt
2289 4082 2412 4121 esse
2441 4063 2934 4120 simulenturzluec
2965 4062 3220 4117 similiter
3248 4077 3308 4117 se
3349 4061 3551 4116 hahcre
3585 4075 3718 4114 con-

2132 4157 2368 4216 suetudo
2396 4157 2530 4210 dicit
2569 4175 2583 4209 :
2623 4155 2772 4209 velut
2807 4167 2931 4206 cum
2968 4152 3206 4206 inanima
3248 4152 3476 4205 materia
3520 4151 3584 4203 ad
3622 4149 3718 4203 ali-

2131 4252 2292 4320 cujus
2326 4249 2579 4303 animalis
2623 4247 2916 4316 imaginem
2961 4252 3078 4299 arte
3116 4244 3298 4314 aliqua
3326 4244 3600 4314 efﬁngitur
3631 4241 3714 4295 vel

2133 4341 2438 4410 sculptura,
2471 4341 2557 4394 vel
2607 4339 2842 4409 pictura,
2878 4338 2963 4392 vel
3009 4335 3259 4403 ﬁctrice;
3291 4337 3438 4405 quod
3471 4335 3712 4388 effictam

2131 4443 2216 4491 est
2252 4443 2307 4489 et
2343 4434 2636 4495 imitatum,
2661 4413 3002 4502 .archetypo,
3057 4429 3110 4482 id
3151 4437 3235 4484 est
3271 4427 3566 4497 exemplari
3602 4428 3716 4496 pri-

2133 4525 2392 4595 migenio,
2419 4524 2598 4580 simile
2625 4522 2843 4577 dicitur.
2881 4520 2980 4577 llic
3016 4521 3160 4576 enim
3195 4521 3300 4574 alia
3336 4519 3552 4590 quidem
3590 4519 3710 4572 aniv

462 4605 776 4676 ὁμοιότητος
795 4647 808 4669 ,
846 4607 939 4658 καὶ
969 4607 1002 4674 ἡ
1043 4607 1098 4658 ἐν
1132 4603 1419 4675 κατόπτρῳ
1447 4605 1608 4658 εἰκὼν
1632 4648 1646 4671 ,
1679 4609 1776 4675 τῆς
1799 4605 2028 4676 ἀρχετύ-

2135 4618 2292 4670 malis
2325 4625 2541 4680 natura,
2577 4615 2681 4668 alia
2705 4630 2835 4669 vero
2863 4615 3104 4668 materiae
3147 4613 3322 4668 visum
3361 4613 3712 4668 cmentientis

467 4715 568 4750 που
601 4696 813 4767 μορφῆς
836 4698 1080 4764 ἐναργεῖς
1105 4696 1343 4766 φέρουσα
1370 4697 1466 4759 τὰς
1491 4697 1754 4766 ἐμφάσεις
1778 4735 1792 4759 ,
1837 4697 1895 4748 οὐ
1928 4696 2032 4766 μὴν

466 4789 642 4840 ἐκεῖνο
675 4788 816 4840 κατὰ
843 4788 940 4857 τὴν
971 4785 1130 4855 φύσιν
1151 4783 1304 4850 οὖσα,
1326 4787 1462 4856 ὅπερ
1487 4787 1603 4839 ἐστὶ
1625 4788 1682 4840 τὸ
1707 4787 2030 4858 ἀρχέτυπον.

477 4876 746 4940 Ὡσαύτως
778 4878 870 4929 καὶ
903 4875 1002 4947 τὴν
1045 4877 1210 4950 ἀκοὴν
1251 4875 1364 4928 ἔστι
1393 4877 1454 4928 τὸ
1494 4875 1610 4932 ἶσον
1652 4877 1840 4930 παθεῖν
1861 4919 1876 4944 ,
1905 4878 2032 4929 ὅταν

463 4988 546 5033 τις
577 4969 674 5041 τὴν
703 4969 882 5040 φωνὴν
909 4969 1008 5039 τῆς
1033 4969 1251 5039 ἀηδόνος
1282 4969 1359 5040 τῷ
1383 4970 1566 5039 οἰκείῳ
1593 4970 1810 5039 φθόγγῳ
1837 4969 2034 5040 μιμού-

468 5079 660 5132 μενος,
715 5061 908 5133 ὀρνέου
935 5061 1107 5114 δοκεῖν
1159 5063 1530 5132 ἐπακροᾶσθαι
1567 5061 1663 5132 τὴν
1711 5063 1879 5132 ἀκοὴν
1905 5064 2034 5114 ἀνα-

467 5154 648 5225 πείσῃ.
687 5155 892 5222 Πάσχει
939 5153 994 5205 δὲ
1039 5153 1130 5205 τὸν
1187 5153 1423 5206 τοιοῦτον
1480 5153 1884 5225 παραλογισμὸν
1939 5153 2032 5206 καὶ

465 5246 500 5316 ἡ
534 5245 748 5313 γεῦσις,
781 5245 908 5296 ὅταν
937 5245 964 5295 ό
992 5245 1085 5297 τοῦ
1122 5244 1333 5316 καρποῦ
1361 5244 1467 5298 τῶν
1500 5245 1676 5297 σύκων
1698 5245 1868 5314 χυμὸς
1890 5284 1904 5308 ,
1934 5247 2033 5312 τὴν

463 5337 556 5390 τοῦ
600 5337 810 5407 μέλιτος
843 5337 1032 5408 ἡδονὴν
1063 5337 1455 5408 ὑποκρίνηται·
1497 5338 1607 5407 ἔχει
1640 5337 1746 5408 γάρ
1776 5355 1826 5389 τι
1859 5337 2033 5399 ἐοικὸς

465 5425 599 5496 πρὸς
627 5428 726 5496 τὴν
773 5427 1082 5498 γλυκύτητα
1116 5427 1207 5481 τοῦ
1257 5429 1469 5498 μέλιτος
1495 5431 1522 5480 6
1547 5429 1715 5498 χυμός
1759 5428 1859 5497 τῆς
1887 5428 2032 5480 ὀπώ-

468 5533 562 5586 ρας
590 5535 604 5548 ο
632 5517 772 5570 οὕτω
798 5519 863 5571 δι’
892 5520 1202 5589 ὁμοιότητος
1237 5517 1348 5574 ἔστι
1387 5520 1850 5590 παραλογισθῆναί
1899 5537 2030 5572 ποτε

465 5609 557 5662 καὶ
600 5609 698 5680 τὴν
743 5611 1037 5682 ὄσφρησιν,
1094 5613 1218 5664 ὅταν
1251 5613 1279 5663 6
1326 5611 1494 5682 άτμὺς
1545 5610 1640 5682 τῆς
1680 5611 2025 5682 χαμαιμήλου

459 5699 694 5773 βοτάνης
716 5742 732 5771 ,
763 5702 894 5756 αὐτὸ
916 5701 975 5754 τὸ
1002 5703 1198 5766 εὑῶδες
1225 5701 1389 5774 μῆλον
1411 5705 1476 5773 τῇ
1503 5701 1726 5774 εὐπνοίᾳ
1755 5701 2024 5772 μιμούμε-

2129 4717 2183 4762 et
2213 4708 2455 4762 fallentis
2499 4707 2620 4761 solo
2664 4708 2850 4761 colore
2896 4715 2946 4761 el
3003 4706 3194 4775 ﬁgura.
3234 4704 3486 4772 Ejusdem
3531 4712 3710 4757 autem

2131 4798 2330 4868 speciei
2365 4797 2744 4852 similitudinis
2791 4804 2895 4864 est,
2946 4812 3068 4865 qua:
3114 4795 3171 4850 in
3223 4796 3448 4864 speculo
3490 4802 3714 4863 apparet

2128 4889 2330 4957 imago,
2361 4887 2693 4956 exemplaris
2731 4885 2919 4940 forma:
2949 4886 3226 4941 evidentes
3265 4883 3511 4939 referens
3547 4899 3714 4954 appa-

2131 4981 2379 5042 ritiones,
2409 4987 2745 5032 cumtamen
2777 4992 2886 5031 non
2921 4976 2992 5031 sit
3029 4976 3162 5030 illud
3205 4975 3510 5031 secundum
3551 4985 3714 5030 uatu-

2129 5085 2270 5132 ram,
2327 5070 2474 5140 quod
2536 5069 2757 5140 quidem
2817 5075 2903 5122 est
2968 5067 3351 5136 primigenium
3412 5067 3710 5136 exemplar.

2131 5159 2333 5215 Eodem
2391 5160 2553 5214 modo
2611 5160 2774 5214 etiam
2837 5155 3061 5211 auditus
3091 5156 3356 5220 afﬁcitur,
3407 5163 3460 5210 et
3505 5157 3715 5226 aequale

2131 5252 2388 5320 quiddam
2418 5251 2741 5321 perpetitur,
2771 5264 2894 5302 cum
2933 5249 3057 5318 quis
3084 5249 3305 5318 proprio
3339 5263 3478 5302 sono
3518 5262 3711 5302 vocem

2130 5342 2380 5396 lusciniae
2425 5343 2654 5397 imitans
2705 5357 2860 5396 avem
2920 5339 3112 5394 audire
3151 5339 3252 5394 sibi
3302 5339 3471 5394 videri
3523 5340 3714 5392 auditu

2137 5431 2492 5502 persuaserit.
2551 5429 2683 5485 Tale
2736 5431 2993 5499 quiddam
3049 5427 3214 5483 fallax
3283 5435 3334 5483 et
3401 5427 3710 5497 captiosum

2136 5531 2328 5592 gustus
2373 5523 2620 5591 percipit,
2680 5537 2804 5575 cum
2847 5520 3059 5576 fructus
3101 5519 3301 5574 ﬁcuum
3333 5533 3496 5588 sapor
3534 5519 3711 5572 mellis

2134 5614 2464 5682 voluptatem
2488 5613 2746 5667 simulat:
2779 5627 2945 5683 sapor
2969 5612 3116 5665 enim
3151 5611 3302 5670 illius
3329 5609 3546 5664 fructus
3578 5610 3712 5679 quid

2131 5703 2308 5760 simile
2334 5704 2496 5760 habet
2523 5719 2648 5760 cum
2688 5703 2863 5760 mellis
2891 5701 3176 5758 dulcedine
3211 5720 3226 5758 :
3269 5701 3350 5758 sic
3377 5701 3540 5757 etiam
3575 5714 3707 5771 qua:
