4146 6370
467 315 573 378 533

1721 342 1778 399 S.
1810 343 2138 402 GREGORII
2179 342 2481 404 NYSSENI

3659 347 3767 404 5.56

468 450 592 500 dam
665 449 1025 511 similitudine
1088 455 1354 515 odoratus
1412 461 1710 533 aliquando
1769 467 2038 537 decipitur

2151 489 2269 534 ηνος
2293 512 2306 533 ,
2339 472 2595 543 ἀπατήσῃ
2641 469 2738 540 τὴν
2775 468 3047 539 αἴσθησιν.
3091 467 3196 522 Τὸν
3239 465 3403 523 αὑτὸν
3452 469 3509 523 δὲ
3561 471 3764 544 τρόπον

468 554 594 592 mnu
631 556 802 611 vapor
848 546 1184 605 chamarmeli
1230 552 1413 608 herlnc
1471 557 1652 626 ipsum
1705 559 1908 613 malum
1944 561 2060 615 sive

468 647 688 697 pomum
736 639 984 694 suaviter
1031 643 1186 698 olens
1245 645 1394 701 dulci
1442 650 1776 718 aspiratione
1832 653 2058 709 imitans

467 734 692 776 sensum
741 725 1037 797 deceperit.
1087 731 1231 787 ldem
1279 738 1446 790 tactui
1487 740 1704 804 accidit,
1755 742 2059 797 similitudo

463 812 612 864 enim
642 815 795 869 vario
820 818 982 874 modo
1008 823 1297 878 veritatem
1332 829 1617 885 mentitur.
1651 828 1934 900 Siquidem
1973 847 2062 885 ar-

467 911 700 968 genteus
754 924 1013 966 nummus
1063 915 1147 968 vel
1195 933 1393 982 aereus,
1435 923 1663 989 aequalis
1720 939 1844 978 cum
1892 939 2060 978 aureo

2161 565 2257 615 καὶ
2291 567 2348 616 ὲν
2380 566 2446 635 τῇ
2473 565 2584 632 ἁφῇ
2628 562 2884 626 ποικίλως
2927 565 2960 634 ή
2992 564 3251 632 ὁμοιότης
3273 561 3619 631 διαψεύδεται
3661 563 3760 626 τὴν

2163 653 2439 725 ἀλήθειαν,
2481 654 2702 725 Ἐπειδὴ
2747 652 3020 724 ἀργυροῦν
3052 653 3084 723 ἦ
3119 652 3348 722 χάλκεον
3377 652 3622 722 νόμισμα
3657 652 3760 702 ισο-

2167 745 2394 814 μέγεθες
2433 745 2510 816 τῷ
2536 745 2724 818 χρυσῷ
2749 786 2762 806 ,
2805 745 2900 799 καὶ
2941 745 3084 798 κατὰ
3113 745 3206 796 τὸν
3240 742 3481 813 σταθμὸν
3508 783 3523 806 ,
3555 741 3756 811 ὁμοίως

2165 836 2304 907 ἔχων
2351 838 2470 891 ἀντὶ
2507 838 2602 891 τοῦ
2657 837 2860 908 χρυσοῦ
2918 836 3149 908 νομισϐῇ
3177 877 3191 900 ,
3239 835 3314 907 μὴ
3363 833 3755 906 ὲπικρινούσης

2164 932 2259 1001 τῆς
2293 931 2470 1001 ὅψεως
2503 931 2600 1002 τὴν
2631 931 2912 1002 ἀλήθειαν.

466 997 865 1064 magnitudinis
897 1011 950 1055 et
981 1006 1230 1070 ejusdem
1266 1008 1546 1075 ponderis,
1579 1011 1758 1066 simile
1788 1014 2050 1082 quiddam
2091 997 2228 1073 cum
2271 997 2440 1078 aureo
2474 997 2679 1079 liahere
2710 1023 3141 1090 existimabitur,
3181 1024 3299 1078 visu
3368 1039 3475 1078 non
3543 1022 3760 1077 discer-

466 1098 631 1140 nente
668 1092 977 1148 veritatem.

540 1178 663 1236 llzec
720 1186 911 1254 paucis
948 1192 1279 1258 generaliter
1322 1193 1468 1248 dicta
1515 1205 1647 1251 sunt
1705 1198 1773 1252 de
1821 1199 1889 1254 iis
1932 1216 2054 1267 quae

467 1287 692 1344 propter
719 1277 1136 1337 similitudinem
1190 1286 1486 1354 quamdam
1533 1303 1798 1344 sensuum
1845 1291 2054 1345 instru-

466 1379 649 1422 menta
686 1368 955 1428 fallaciter
1010 1375 1318 1447 decipiunt,
1373 1381 1504 1434 dum
1554 1383 1702 1437 aliud
1748 1383 1882 1454 quid
1930 1400 2054 1439 esse

464 1475 629 1526 quam
670 1472 800 1518 sunt
861 1475 1146 1536 putantur.
1212 1469 1426 1527 Liceret
1481 1473 1661 1528 adhuc
1706 1476 2054 1532 accuratiore

463 1550 851 1622 disquisitione
898 1574 1209 1616 sermonem
1244 1564 1478 1619 dilatare
1530 1581 1626 1634 per
1671 1581 1734 1620 ea
1774 1584 1896 1633 qua:
1925 1583 2050 1622 cum

464 1645 574 1699 sint
609 1646 807 1705 diversi
832 1655 1050 1722 generis
1079 1655 1222 1710 inter
1253 1673 1333 1724 se,
1383 1674 1449 1711 ex
1496 1660 1682 1729 aliquo
1719 1669 1905 1715 tamen
1955 1676 2052 1716 eo-

463 1751 584 1790 rum
622 1741 994 1797 accidentium
1029 1763 1149 1813 quae
1193 1764 1306 1802 rem
1349 1760 1787 1820 consequuntur,
1818 1753 2052 1807 alterum

2232 1200 2415 1253 Ταῦτα
2435 1200 2666 1268 γενικῶς
2690 1201 2902 1272 εἴρηται
2932 1201 3000 1253 δι’
3031 1200 3251 1268 ὀλίγων,
3279 1201 3378 1254 ὅσα
3405 1200 3473 1254 δι’
3504 1202 3756 1274 ὁμοιότη-

2157 1293 2248 1356 τός
2285 1309 2429 1355 τινος
2473 1293 2564 1346 τὸν
2615 1291 3026 1364 παραλογισμὸν
3065 1293 3286 1361 ἐμποιεί
3323 1295 3436 1355 τοῖς
3491 1294 3755 1366 αἰσθητη-

2163 1386 2315 1456 ρίοις,
2350 1385 2477 1438 ἄλλο
2510 1401 2562 1436 τι
2591 1387 2720 1454 παρ’
2749 1386 2778 1437 ὃ
2816 1385 2932 1436 ἐστι
2961 1384 3313 1455 νομιζόμενα.
3347 1384 3563 1450 Ἔξεστι
3591 1384 3647 1436 δὲ
3665 1386 3760 1440 διὰ

2159 1475 2597 1550 φιλοπονωτέρας
2652 1477 2753 1546 τῆς
2800 1475 3123 1541 ἐξετάσεως,
3181 1475 3450 1529 πλατῦναι
3506 1475 3593 1528 διὰ
3643 1477 3753 1530 τῶν

2161 1569 2500 1640 πραγμάτων
2555 1569 2648 1621 τὸν
2710 1567 2888 1638 λόγον,
2949 1570 3048 1622 ὅσα
3109 1568 3438 1639 ἐτερογενῶς
3493 1570 3589 1638 μὲν
3640 1568 3754 1638 ἔχει

2161 1662 2510 1734 προσάλληλα
2535 1679 2548 1692 ⁵
2583 1661 2673 1715 διὰ
2706 1661 2762 1713 δέ
2791 1678 2936 1724 τινος
2959 1661 3066 1713 τῶν
3093 1661 3492 1730 παρεπομένων
3536 1661 3750 1729 ὁμοιοῦν

2162 1757 2288 1809 σθαι
2308 1754 2367 1806 τὸ
2393 1753 2581 1825 ἓτερον
2596 1753 2674 1824 τῷ
2695 1751 2864 1822 ἑτέρῳ
2878 1753 3156 1822 νομίζεται
3173 1767 3186 1780 ⁶
3220 1747 3326 1820 ἆρα
3345 1753 3417 1821 μή
3440 1771 3494 1804 τι
3511 1752 3751 1806 τοιοῦτον

464 1830 620 1884 alteri
653 1832 835 1888 simile
868 1851 992 1891 esse
1023 1839 1396 1894 existimatur.
1445 1841 1704 1912 Nunquid
1751 1843 2045 1900 Eunomius

2156 1817 2656 1914 ὀμοιότητοςέἷδος
2696 1817 3010 1914 ἐπιδρυλλετ
3057 1843 3136 1914 τῷ
3175 1817 3510 1913 THE-’10.)?
3546 1844 3646 1896 οὐκ
3683 1843 3750 1896 ἃ)

462 1921 626 1974 talem
658 1925 952 1994 quamdam
1008 1930 1389 1988 similitudinis
1439 1935 1680 2003 speciem
1732 1936 1955 2004 jactitat
1998 1937 2051 1990 in

460 2005 645 2065 Filio?
680 2011 787 2068 Sed
823 2031 931 2070 non
971 2032 1036 2072 eo
1058 2024 1313 2075 amentiae
1350 2034 1404 2078 et
1437 2025 1668 2080 insania:
1701 2027 1936 2089 venerit,
1977 2037 2036 2081 ut

462 2101 713 2159 fallacem
743 2113 796 2160 et
829 2106 1230 2166 fraudulentam
1274 2115 1695 2172 similitudinem
1739 2121 1793 2173 in
1822 2123 2053 2176 veritate

461 2197 890 2266 contempletur.
942 2201 1158 2260 Rursus
1208 2206 1369 2260 aliam
1406 2209 1821 2266 similitudinem
1871 2213 1927 2266 in
1967 2214 2051 2267 di-

462 2287 666 2342 vinitus
697 2291 966 2361 inspirata
1004 2295 1290 2367 Scriptura
1327 2300 1622 2355 didicimus
1651 2304 1718 2356 ab
1752 2319 1817 2358 eo
1839 2305 1932 2374 qui
1963 2306 2052 2360 di-

439 2378 540 2430 ‘xit
573 2397 586 2432 :
621 2378 910 2437 Faciamus
940 2385 1200 2440 hominem
1227 2388 1295 2440 ad
1323 2391 1604 2459 imagine»:
1631 2404 1871 2448 nostram
1901 2405 1950 2449 et
1976 2399 2050 2450 si-

459 2473 812 2529 militudinem
836 2479 900 2530 °".
938 2478 1043 2534 Sed
1075 2497 1184 2536 non
1224 2485 1424 2553 opinor
1457 2485 1791 2543 Eunomium
1825 2491 1876 2544 in
1909 2490 2050 2548 Filio

459 2574 514 2616 et
544 2564 702 2622 Patre
737 2569 878 2624 hanc
923 2572 1307 2630 similitudinis
1361 2581 1601 2646 speciem
1665 2583 2046 2649 considerare,

460 2663 520 2708 ut
542 2660 792 2712 eumdem
852 2678 976 2716 cum
1013 2663 1234 2720 homine
1291 2667 1647 2739 Unigcnitum
1699 2673 1864 2728 Deum
1920 2691 2046 2730 esse

459 2749 801 2814 pronuntiet.
833 2749 1053 2807 Scimus
1090 2755 1256 2809 etiam
1305 2758 1466 2812 aliam
1501 2761 1883 2820 similitudinis
1925 2781 2048 2836 spe-

463 2839 628 2898 ciem,
681 2858 846 2909 quam
906 2844 960 2897 in
1021 2846 1208 2899 mundi
1256 2851 1538 2906 creatione
1594 2853 1661 2908 de
1700 2855 1829 2909 Seth
1867 2873 2047 2912 sermo

457 2932 688 2986 allirmat
719 2953 729 2987 :
769 2935 958 2990 (ienuit
990 2939 1164 2992 Adam
1209 2939 1331 2994 Scth
1361 2945 1429 2997 ad
1459 2945 1741 3015 imaginem
1770 2959 1820 3004 et
1857 2951 2049 3004 simili—

456 3023 690 3075 tudinem
727 3043 879 3080 suam
909 3033 976 3092 δν,
1010 3048 1173 3100 quam
1205 3036 1424 3103 quidem
1455 3037 1499 3092 si
1555 3041 1688 3094 dicit
1721 3041 2043 3110 Eunoniius,

456 3130 568 3168 non
613 3117 735 3187 ejus
769 3123 1074 3177 orationem
1127 3127 1524 3196 repudiandum
1555 3146 1679 3187 esse
1726 3148 2039 3190 censemus.

461 3204 560 3261 llic
587 3211 730 3263 enim
768 3229 948 3282 neque
992 3227 1186 3271 natura
1221 3234 1410 3275 eorum
1456 3239 1577 3291 quae
1618 3225 1759 3279 inter
1786 3242 1845 3281 se
1874 3228 2032 3282 simi-

456 3298 687 3356 litudine
711 3305 1050 3359 conveniunt
1079 3307 1284 3373 dilTert,
1326 3319 1381 3364 et
1411 3312 1705 3369 character
1731 3325 1787 3370 et
1827 3320 2043 3387 species

454 3397 894 3449 emmnuniunem
928 3398 1149 3453 habent.
1207 3397 1332 3458 Haec
1363 3413 1418 3458 et
1453 3406 1580 3459 talia
1614 3417 1766 3473 sunt,
1799 3426 1922 3480 qua:
1974 3413 2041 3467 de

456 3484 715 3538 similium
748 3487 1056 3544 dilfcrentia
1083 3501 1136 3544 ct
1165 3492 1490 3564 discrimine
1513 3515 1610 3552 nos
1631 3500 2038 3570 intelleximus;

455 3571 738 3628 videamus
789 3576 966 3646 igitur.
1032 3581 1097 3632 ad
1165 3584 1295 3651 quid
1364 3587 1664 3657 respiciens
1717 3591 2040 3660 Eunomius,

455 3663 709 3716 eximiam
742 3666 888 3720 illam
929 3670 1346 3730 similitudinem
1390 3692 1515 3733 cum
1578 3679 1738 3737 Patre
1793 3688 2044 3743 attribuit

456 3751 616 3815 Filio,
667 3755 856 3814 dicens
898 3800 912 3822 ,
947 3764 1175 3818 similem
1230 3783 1343 3821 esse
1385 3771 1433 3822 ei
1471 3773 1562 3834 qui
1613 3779 1792 3843 genuit
1843 3781 2044 3836 eximia

454 3846 686 3912 quadam
719 3849 1062 3907 similitudine
1086 3866 1134 3908 et
1169 3862 1390 3928 propria
1425 3865 1657 3928 notione,
1704 3885 1805 3922 non
1834 3880 1890 3922 ut
1933 3871 2044 3925 Pa-

457 3939 527 3988 tri
560 3936 800 4006 Patrem,
839 3962 940 3999 non
993 3951 1130 4002 enim
1173 3963 1294 4004 sunt
1337 3953 1441 4006 duo
1482 3955 1693 4013 Patres.
1751 3959 1899 4016 llanc
1949 3978 2044 4032 per

453 4032 832 4088 excellentiam
865 4038 1280 4096 similitudinem
1329 4041 1448 4098 Filii
1483 4061 1608 4102 cum
1655 4049 1816 4106 Patre
1848 4063 2039 4108 osten-

453 4123 582 4180 dere
610 4127 912 4195 pollicitus,
943 4136 1220 4200 quomodo
1252 4153 1359 4191 non
1403 4142 1663 4196 convenit
1721 4144 2032 4215 intelligere

456 4216 635 4285 ipsum
670 4220 926 4286 similem,
959 4239 1212 4281 sermone
1235 4230 1479 4298 astruit;
1538 4250 1661 4287 cum
1717 4239 1861 4290 enim
1898 4239 2040 4293 dixit

457 4309 604 4378 quod
637 4329 744 4365 non
784 4322 841 4366 ut
865 4313 1024 4371 Pater
1047 4317 1200 4374 Patri
1226 4323 1423 4380 similis
1457 4334 1560 4389 est,
1591 4334 2038 4396 astruxitverlio,

458 4403 602 4472 quod
640 4419 748 4458 non
775 4407 846 4459 sit
881 4409 1102 4463 similis.
1146 4413 1208 4466 Et
1245 4429 1442 4471 rursus
1485 4432 1610 4471 cum
1647 4421 1853 4488 adjecit
1895 4426 2042 4493 quod

2155 1939 2237 2000 εἰς
2269 1936 2428 1989 τοῦτο
2478 1935 2866 2007 παραπληξίας
2922 1937 3084 1995 ἔλθοι,
3143 1937 3284 1989 ὥστε
3330 1937 3428 2006 τὴν
3460 1937 3747 2006 ἀπατηλὴν

2153 2030 2447 2099 ὁμοιότητα
2502 2030 2593 2080 ἐπὶ
2657 2028 2758 2097 τῆς
2803 2027 3061 2098 ἀληθείας
3101 2029 3339 2097 βλέπειν.
3385 2028 3553 2082 Πάλιν
3583 2030 3748 2097 ἄλλην

2152 2121 2444 2191 ὁμοιότητα
2473 2124 2529 2174 ὲν
2551 2124 2618 2193 τῇ
2639 2120 2982 2191 θεοπνεύστῳ
3008 2120 3193 2191 Γραφῇ
3215 2120 3567 2190 ἐδιδάχθημεν
3602 2123 3748 2190 παρὰ

2152 2213 2246 2265 τοῦ
2283 2213 2550 2276 εἰπόντος,
2575 2213 2658 2264 ὃτι
2682 2211 3032 2280 Ποιήσωμεν
3058 2212 3375 2278 ἄνθρωπον
3390 2215 3516 2264 κατ’
3545 2213 3751 2265 εἰκόνα

2153 2302 2447 2372 ἡμετέραν
2466 2303 2563 2356 καὶ
2587 2302 2716 2357 καθ’
2745 2303 3048 2371 ὁμοίωσιν.
3097 2303 3233 2354 Ἀλλ“
3260 2302 3356 2355 οὐκ
3388 2303 3452 2356 ἂν
3483 2299 3634 2372 οἶμαι
3655 2302 3746 2355 τὸν

2153 2397 2414 2467 Εὐνόμιον
2443 2397 2537 2449 ἐπὶ
2566 2395 2660 2450 τοῦ
2697 2395 2828 2448 Υίοῦ
2857 2397 2949 2449 καὶ
2981 2395 3074 2448 τοῦ
3109 2396 3320 2466 Πατρὶς
3343 2394 3502 2447 τοῦτο
3527 2395 3757 2464 βλέπειν

2149 2491 2213 2542 τὸ
2249 2486 2384 2553 εἶδος
2419 2491 2516 2558 τῆς
2541 2488 2879 2559 ὁμοιότητος.
2915 2487 2991 2550 ὡς
3019 2488 3216 2540 ταύτὸν
3245 2487 3322 2556 τῷ
3357 2486 3629 2556 ἀνθρώπῳ
3655 2487 3747 2538 τὸν

2167 2583 2449 2651 Μονογενῆ
2484 2581 2616 2635 Θεὸν
2646 2581 3049 2651 ἀποςρήνασοαι.
3111 2580 3346 2649 Οἴδαμεν
3408 2583 3502 2633 καί
3561 2580 3748 2650 ἓτερον

2149 2674 2466 2744 ὁμοιότητος
2501 2669 2662 2735 εἶδος,
2689 2675 2825 2742 ὅπερ
2871 2673 2928 2725 ὲν
2973 2675 3038 2742 τῇ
3070 2672 3428 2743 κοσμογενείᾳ
3466 2672 3750 2742 φησιπρὶ

2147 2768 2242 2820 τοῦ
2276 2765 2380 2837 Σὴθ
2431 2766 2460 2817 ὁ
2511 2764 2666 2832 λόγος
2689 2781 2703 2796 ο
2737 2766 2818 2817 ὅτι
2859 2762 3184 2834 Ἐγένινησε
3214 2763 3320 2816 τὸν
3353 2767 3397 2817 Σ
3406 2763 3477 2829 ὴθ
3519 2767 3551 2818 ό
3576 2765 3750 2830 Ἀδὰμ

2149 2857 2300 2910 κατὰ
2325 2857 2391 2909 τὸ
2417 2850 2576 2921 εἶδος
2597 2856 2784 2910 αὐτοῦ
2805 2855 2902 2908 καὶ
2926 2856 3073 2910 κατὰ
3104 2855 3218 2922 τὴν
3247 2858 3584 2924 ὁμοιότητα,
3607 2859 3749 2926 ὅπερ

2149 2949 2196 2999 εί
2235 2947 2432 3015 λέγοιό
2468 2947 2870 3017 Εὑνόμιος,οὐκ
2903 2945 3208 3016 ἀπόϐλητον
3245 2947 3338 2999 τὸν
3376 2946 3534 3014 λόγον
3563 2949 3746 3001 ποιού-

2151 3039 2309 3110 μεθα.
2374 3039 2643 3092 Ἐνταῦοα
2692 3039 2823 3109 γὰρ,
2883 3037 3007 3090 οὔτε
3048 3041 3081 3110 ὴ
3122 3039 3283 3108 φύσις
3323 3039 3435 3091 τῶν
3495 3040 3748 3110 ἀλλήλοις

2145 3132 2515 3203 ὁμοιουμένων
2549 3131 2824 3203 διάφορος,
2873 3133 2967 3185 καὶ
3005 3133 3032 3183 ὁ
3061 3133 3349 3205 χαρακτὴρ
3381 3131 3478 3186 καὶ
3517 3133 3580 3185 τὸ
3602 3130 3745 3196 εἶδος

2145 3225 2242 3296 τὴν
2269 3225 2554 3279 κοινωνίαν
2587 3225 2699 3297 ἔχει
2726 3242 2740 3258 ο
2770 3224 2942 3278 ταῦτα
2969 3227 3060 3279 καὶ
3092 3226 3162 3279 τὰ
3186 3224 3410 3280 τοιαῦτά
3436 3228 3604 3289 ἐστιν,
3638 3227 3738 3279 ὅσα

2149 3317 2276 3388 περὶ
2304 3318 2400 3388 τῆς
2432 3317 2527 3370 τοῦ
2559 3317 2746 3388 ὁμοίου
2779 3317 3040 3388 διαφορᾶς
3070 3319 3230 3387 ἡμεῖς
3260 3316 3744 3388 ὲνοήσαμεν.¹Ίδω⁴

2149 3426 2248 3478 μεν
2277 3409 2455 3462 τοίνυν
2495 3409 2631 3480 πρὸς
2655 3409 2707 3462 τί
2744 3409 2955 3478 βλέπων
2975 3411 3002 3462 ὁ
3025 3409 3310 3478 Εὑνόμιος,
3335 3408 3433 3478 τὴν
3464 3408 3742 3479 ἐξαίρετον

2143 3499 2360 3572 ἐκείνην
2388 3501 2681 3570 ὁμοιότητα
2702 3501 2838 3571 πρὸς
2865 3501 2956 3554 τὸν
2983 3501 3202 3571 Πατέρα
3221 3503 3493 3572 μαρτυρεῖ
3517 3501 3594 3570 τῷ
3626 3500 3743 3570 Υίῷ

2144 3590 2337 3660 λέγων,
2357 3591 2561 3662 ὅμοιον
2580 3586 2731 3645 εἶναι
2754 3591 2832 3657 τῷ
2859 3591 3216 3661 γεννήσαντι
3232 3593 3425 3659 μόνον
3442 3593 3570 3644 κατ’
3589 3592 3744 3656 ἐξαί-

2137 3701 2319 3753 ρετον
2335 3685 2652 3753 ὁμοιότητα
2676 3683 2824 3738 κατὰ
2841 3682 2956 3750 τὴν
2977 3680 3319 3742 ἰδιάζουσαν
3343 3682 3604 3747 ἔννοιαν,
3623 3685 3734 3750 οὐχ

2143 3776 2224 3841 ὠς
2254 3776 2432 3842 "arpi
2457 3773 2796 3841 Πατέρα.οὺ
2814 3773 2924 3843 γάρ
2939 3777 3057 3828 εἱσι
3073 3773 3182 3827 δύο
3197 3771 3594 3842 Πατέρες.Τὴν
3613 3787 3741 3824 κατ-

2145 3867 2326 3936 εξαίρε
2337 3884 2420 3918 τον
2445 3865 2736 3936 ὁμοιότητα
2746 3864 2837 3917 τοῦ
2855 3864 2982 3917 Υίοῦ
2999 3862 3232 3934 προςτὸν
3243 3863 3464 3932 Πατέρα
3477 3861 3739 3915 δεικνύειν

2145 3959 2635 4028 ἐπαγγειλάμενος,
2651 3958 2798 4018 ὅπως
2821 3955 2895 4026 μὴ
2932 3961 3197 4026 προσήκει
3226 3955 3364 4005 νοεῖν
3387 3953 3545 4006 αὐτὸν
3557 3953 3740 4020 ὅμοιον

2145 4051 2547 4114 κατασκευάζει
2576 4048 2652 4120 τῷ
2674 4049 2836 4120 λόγῳ.
2872 4047 3056 4100 Εἰπὼν
3089 4045 3198 4115 γὰρ
3223 4047 3304 4098 ὅτι
3332 4046 3430 4115 οὐχ
3454 4044 3528 4107 ὡς
3562 4042 3740 4113 Πατρ“ι

2145 4145 2336 4216 Πατὴρ
2366 4143 2559 4209 ἔοικεν,
2595 4141 2965 4196 κατεσκεύασε
3001 4139 3078 4210 τῷ
3121 4139 3291 4210 λόγῳ,
3328 4138 3408 4191 ὅτι
3440 4139 3538 4190 οὐκ
3571 4138 3735 4189 ἔοικε.

2145 4237 2255 4290 Καὶ
2281 4236 2443 4290 πάλιν
2468 4234 2743 4307 προσθεὶς,
2767 4235 2847 4286 δτι
2869 4231 2994 4286 οὔτε
3015 4231 3089 4294 ὡς
3107 4233 3389 4302 ἀγεννήτῳ
3411 4231 3730 4299 ἀγέννητος,

2145 4331 2239 4382 καὶ
2292 4329 2378 4382 διὰ
2431 4327 2588 4380 τοῦτο
2643 4328 2843 4380 ἀπεῖπε
2868 4328 3007 4378 νοεῖν
3042 4326 3134 4377 ἐπὶ
3166 4323 3259 4378 τοῦ
3305 4322 3438 4375 Υίοῦ
3473 4321 3614 4390 πρὸς
3646 4318 3736 4372 τὸν

2147 4421 2367 4494 Πατέρα
2397 4420 2496 4492 τὴν
2536 4419 2858 4489 ὁμοιότητα·
2899 4413 3016 4470 εἶτα
3047 4414 3490 4486 ὲπαγαγὼν,οὕτε
3516 4415 3591 4476 ὼς
3624 4410 3739 4482 Υἱῷ

453 4510 633 4562 neque
669 4497 814 4554 sicut
855 4501 1098 4570 ingenito
1148 4505 1448 4575 ingenitus,
1497 4524 1785 4581 propterea
1823 4519 2044 4585 negavit

2151 4514 2300 4580 Υἱὸς,
2325 4512 2506 4584 τρίτον
2533 4511 2780 4580 ἐπήγαγε
2805 4509 3002 4580 νόημα,
3033 4507 3098 4560 δι’
3122 4503 3181 4562 οὗ
3205 4508 3516 4560 παντάπασι
3541 4502 3737 4557 τὸντοῦ

455 4586 508 4640 in
542 4586 679 4643 Filio
711 4607 834 4646 cum
871 4588 1035 4649 Patre
1077 4597 1534 4664 similitmlinem;
1573 4604 1776 4661 deinde
1808 4610 2040 4678 subjun-

453 4695 589 4750 gens
624 4683 767 4752 quod
802 4700 981 4755 neque
1019 4695 1076 4740 ιιι
1120 4687 1261 4743 Filio
1292 4688 1490 4757 Filius,
1542 4698 1764 4750 tertium
1819 4701 2033 4757 induxit

454 4773 821 4844 intellectum,
869 4796 980 4851 quo
1010 4799 1239 4852 prorsus
1270 4786 1539 4841 rationem
1573 4789 1772 4846 similis
1821 4809 2043 4862 perver-

453 4867 540 4921 tit.
589 4867 688 4924 Hic
722 4871 889 4942 igitur
924 4877 1177 4944 proprias
1211 4879 1452 4932 rationes
1491 4881 1762 4948 sequitur,
1808 4884 2042 4940 demon—

455 4959 778 5014 stratiouem
835 4961 1032 5018 similis
1075 4979 1170 5032 per
1219 4967 1694 5021 constructionem
1738 4970 2032 5027 dissimilis

454 5049 826 5122 faciens.Ejus
858 5066 1038 5108 autem
1072 5058 1289 5127 sapiens
1321 5066 1374 5110 et
1407 5058 1637 5127 simplex
1665 5061 1873 5116 dictum
1907 5081 2041 5118 exa-

454 5143 750 5207 minemus,
832 5146 978 5216 quod
1059 5148 1616 5206 debarminationilms
1682 5153 2043 5211 demonstrat.

454 5231 649 5287 Filium
686 5234 832 5290 enim
868 5234 1016 5290 Patri
1067 5238 1304 5292 similem
1344 5254 1467 5293 esse
1504 5257 1628 5294 cum
1662 5241 1820 5307 dixit,
1861 5253 2043 5297 tutum

453 5325 634 5380 reddit
665 5327 934 5392 auditum,
999 5345 1110 5383 non
1142 5342 1398 5399 Oportere
1449 5334 1594 5387 sicut
1635 5335 1849 5391 Patrem
1897 5338 2044 5392 Patri

453 5414 654 5474 Filium
683 5421 922 5475 similem
955 5436 1078 5476 esse
1112 5423 1437 5494 intelligere.
1460 5423 1594 5491 Quis
1622 5441 1803 5483 autem
1848 5431 1926 5486 sic
1955 5432 2038 5486 in-

453 5520 536 5564 ter
562 5511 813 5568 homines
836 5514 1089 5582 stupidus
1107 5524 1160 5569 et
1193 5516 1571 5586 intelligentiae
1611 5537 1827 5590 expers,
1857 5531 1914 5576 ut
1950 5522 2034 5576 Fi-

453 5602 586 5659 iium
616 5602 765 5659 Patri
801 5606 1039 5662 similem
1082 5623 1204 5663 esse
1235 5625 1359 5662 cum
1412 5609 1685 5678 didicerit,
1749 5615 1812 5667 ad
1865 5613 2041 5670 Patris

527 5779 574 5808 “
630 5781 762 5837 Gen.
824 5801 881 5849 tt,
938 5783 1025 5837 ‘26.
1105 5787 1146 5816 θ’
1183 5784 1314 5838 Gen.
1355 5803 1404 5852 γ,

2153 4605 2340 4677 ὁμοίου
2369 4602 2746 4674 παραφέρεται
2779 4601 2954 4667 λόγον.
2992 4592 3159 4661 Οὗτος
3185 4599 3283 4668 μὲν
3321 4593 3414 4650 οὖν
3447 4599 3557 4659 τοῖς
3590 4597 3738 4659 ἰδίοις

2154 4695 2343 4747 ἕπεται
2373 4692 2684 4760 λόγοις,τὴν
2713 4689 2806 4742 τοῦ
2830 4689 3013 4759 ὁμοίου
3041 4687 3310 4751 ἀπόδειξιν
3343 4686 3433 4739 διὰ
3452 4687 3548 4756 τῆς
3571 4701 3739 4740 κατα·-

2155 4784 2352 4854 σκευῆς
2387 4782 2480 4835 τοῦ
2507 4783 2758 4851 ἀνομοίου
2807 4779 3145 4850 ποιούμενος,
3190 4779 3564 4848 Ἐξετάσωμεν
3599 4778 3741 4832 δὲτὸ

2156 4875 2315 4944 σοφὸν
2346 4875 2510 4926 αὑτοῦ
2546 4875 2640 4928 καὶ
2673 4873 2896 4934 ἁπλοῦν,
2926 4872 2953 4924 ὃ
2974 4875 3084 4934 τοῖς
3115 4872 3413 4943 διορισμοῖς
3447 4871 3742 4924 ἐπιδείκνυο
3795 4927 3808 4936 .

2151 4985 2260 5021 ται.
2297 4967 2426 5019 Υίὸν
2452 4966 2560 5036 γὰρ
2589 4965 2758 5034 lla.th
2783 4967 2965 5034 ὅμοιον
2999 4959 3136 5015 εἶναι
3167 4961 3354 5022 εἰπὼν,
3385 4960 3740 5026 ἀσφαλίζεται

2153 5063 2252 5130 τὴν
2281 5061 2470 5131 ἀκοὴν,
2511 5060 2585 5130 μὴ
2619 5058 2726 5110 δεῖν
2757 5059 2830 5119 ὡς
2881 5057 3095 5129 Πατέρα
3135 5056 3310 5125 Πατρὶ
3345 5054 3436 5106 τὸν
3478 5054 3606 5106 Υίὺν
3633 5055 3736 5105 ἐοι-

2153 5155 2306 5207 κέναι
2338 5156 2497 5208 νοεῖν.
2525 5153 2617 5216 Τίς
2647 5152 2702 5204 δὲ
2727 5150 2898 5212 οὕτως
2920 5152 2976 5202 ὲν
2998 5148 3303 5219 ἀνθρώποις
3330 5147 3576 5216 ἀνόητος,
3596 5145 3735 5198 ὥστε

2155 5246 2282 5300 Υἰὸν
2316 5246 2498 5314 ὅμοιον
2527 5243 2604 5314 τῷ
2647 5242 2819 5311 Πατρὶ
2871 5238 3058 5310 μαθὼν
3099 5235 3258 5302 εἶναι,
3297 5239 3377 5300 είς
3400 5237 3497 5308 τὴν
3529 5235 3738 5307 Ιιατρὸς

2155 5341 2291 5410 πρὸς
2324 5338 2416 5391 τὸν
2443 5337 2660 5408 Πατέρα
2677 5336 2969 5406 ὁμοιότητα
2991 5336 3102 5397 τοῖς
3127 5333 3406 5401 λογισμοῖς
3423 5331 3736 5400 ὲναχοῆναις

2147 5431 2281 5484 Οὐδὲ
2305 5430 2378 5492 ὡς
2414 5427 2545 5496 Υἱῷ,
2578 5429 2731 5496 φησι,
2765 5425 2891 5478 Υἱόν
2917 5442 2930 5454 ·
2971 5424 3132 5478 πάλιν
3179 5422 3235 5476 τὸ
3269 5417 3386 5474 ἴσον
3435 5422 3492 5472 ἐν
3529 5419 3608 5489 τῷ
3661 5418 3737 5470 δι-

2144 5521 2356 5594 ορισμῷ
2388 5522 2420 5590 ἡ
2456 5520 2721 5589 δριμύτης
2752 5516 3076 5588 ἒχει.Πατρὶ
3106 5515 3233 5568 Υίὸν
3279 5515 3464 5584 ὅμοιον
3495 5509 3632 5566 εἶναι
3663 5513 3738 5563 εί-

2152 5614 2290 5678 πὼν,
2328 5615 2388 5667 τὸ
2429 5614 2504 5685 μὴ
2533 5614 2639 5666 δεῖν
2691 5613 2766 5677 ὡς
2795 5613 2930 5685 πρὸς
2987 5611 3114 5665 Υἱὸν
3165 5609 3322 5664 ἄλλον
3357 5608 3560 5679 ὁμοίως
3593 5607 3738 5679 ἔχειν
