4146 6370
359 380 465 440 537

1498 377 1776 435 CONTRA
1812 377 2201 444 EUNOMIUM,
2243 378 2375 439 LIB.
2417 381 2483 436 ll.

3513 389 3621 447 533

359 494 820 571 προσδιορίζεται.
865 496 1050 550 Ταῦτα
1103 495 1214 550 τῶν
1276 494 1488 566 σεμνῶν
1535 494 1626 548 τοῦ
1678 495 1927 565 Εὑνομίοι

2047 511 2170 549 cum
2203 495 2368 552 Patre
2402 497 2818 556 similitudinem
2847 502 3203 558 adducatur?
3247 501 3436 576 Neque
3475 509 3620 564 sicut

352 591 640 660 δογμάτων
674 590 788 642 ἐστὶ
839 588 910 642 τὰ
960 591 1256 659 μυστήρια,
1295 589 1362 641 δι’
1391 582 1466 641 ὧν
1512 587 1807 659 σοφώτεροι
1834 589 1941 641 τῶν

356 683 530 736 ἄλλων
561 685 609 736 οἰ
643 683 880 753 μαθηταὶ
917 682 1080 734 αὑτοῦ
1111 683 1370 750 γίνονται.
1413 682 1688 743 Μαθόντες
1716 682 1797 732 ὅτι
1829 681 1944 733 Πα-

355 775 444 844 τρὶ
485 773 610 836 Υἱὸς
642 772 855 836 ἐοικὼς,
879 774 976 843 οὐχ
1010 775 1123 844 Υίῷ
1158 775 1353 831 ἔοικεν.
1391 775 1468 830 Οὐ
1508 777 1616 846 γάρ
1663 776 1780 828 ἐστι
1816 773 1942 838 Υἱὸς

357 866 546 937 Πατήρ
565 882 579 896 ⁸
612 865 731 918 οὐδὲ
781 866 856 929 ὡς
885 867 1162 936 ἀγεννήτῳ
1194 866 1508 938 ἁγέννητος.
1537 864 1616 922 Οὐ
1641 867 1749 934 γὰρ
1783 867 1942 934 ἀγέν-

356 959 514 1028 νητὸς
547 961 693 1012 ὲστιν
724 960 752 1012 ὁ
777 959 924 1024 Υἱός.
959 958 1031 1012 Τὸ
1063 959 1116 1012 δὲ
1143 960 1263 1012 καθ’
1287 962 1432 1029 ἡμᾶς
1471 962 1781 1029 μυστήριον,
1809 958 1936 1011 ὅταν

358 1051 576 1119 Πατέρα
599 1051 750 1123 εἴπῃ,
781 1051 912 1104 Υἰοῦ
937 1051 1155 1122 Πατέρα
1188 1051 1407 1115 πάντως
1431 1049 1823 1108 διακελεύεται,
1840 1049 1936 1101 καὶ

355 1143 482 1195 ὅταν
513 1142 638 1195 Υίδν
663 1143 930 1215 ὀνομάσῃ,
973 1144 1184 1214 Πατρὺς
1213 1143 1339 1196 Υἰὸν
1372 1142 1611 1195 διδάσκει
1646 1143 1802 1193 νοεῖν.
1827 1141 1936 1193 Καὶ¹

353 1234 505 1287 οὐδὲν
552 1235 649 1304 τῆς
703 1237 964 1303 περιττῆς
1018 1231 1221 1304 ταύτης
1279 1233 1471 1302 σοφίας
1521 1233 1682 1303 μέχρι
1717 1231 1809 1283 καὶ
1839 1233 1933 1285 νῦν

352 1325 672 1396 ἐδεήθημεν.
711 1327 873 1378 ’Ὥστε
901 1326 988 1379 διὰ
1035 1326 1249 1397 Πατρὺς
1275 1326 1369 1378 καὶ⁸
1411 1323 1536 1376 Υίοῦ
1569 1323 1662 1376 δύο
1687 1319 1936 1390 Πατέρας

351 1417 382 1486 ἦ
414 1416 506 1470 δύο
530 1418 688 1481 Υίοὺς
710 1418 1079 1484 ὑποτίθεσθαι,
1113 1417 1187 1481 ὡς
1218 1419 1524 1486 ἀγεννήτων
1550 1414 1737 1468 δυάδα.

2051 585 2190 640 Filio
2222 587 2446 653 Filium,
2476 591 2676 661 inquit.
2703 591 2918 649 Rursus
2946 598 3190 652 eamdem
3216 599 3324 653 vim
3365 600 3528 656 habet
3564 605 3617 658 in

2043 679 2148 734 hoc
2177 683 2412 736 termino
2438 683 2559 752 ejus
2600 686 2897 743 subtilitas.
2954 687 3101 743 Patri
3137 688 3332 745 Filium
3381 695 3616 749 similem

2045 785 2168 825 esse
2194 785 2319 824 cum
2351 773 2512 841 dixit,
2551 791 2657 830 non
2687 788 2942 848 oportere
2977 782 3120 836 sicut
3163 797 3288 836 cum
3319 782 3460 838 Filio
3508 786 3625 838 alio

2041 862 2300 917 similiter
2328 881 2388 920 se
2416 866 2617 922 habere
2656 870 3004 926 determinat.
3041 874 3162 928 Ilaec
3200 884 3329 930 sunt
3366 877 3614 946 gravium

2042 949 2296 1006 Eunomii
2339 955 2686 1011 decretorum
2729 963 3012 1030 mysteria,
3065 965 3268 1033 quibus
3309 967 3430 1036 ejus
3470 968 3622 1022 ﬁunt

2041 1043 2300 1116 discipuli
2337 1049 2460 1104 aliis
2509 1052 2892 1120 sapientiores.
2933 1055 3068 1108 Cum
3103 1056 3418 1112 didicerunt
3467 1060 3615 1130 quod

2041 1135 2189 1191 Patri
2222 1135 2395 1195 Filius
2427 1143 2645 1211 similis,
2680 1143 2819 1199 Filio
2847 1148 3045 1203 similis
3087 1164 3197 1203 non
3235 1161 3342 1205 est.
3376 1150 3494 1206 Non
3531 1162 3617 1208 est

2042 1230 2186 1282 enim
2220 1230 2390 1288 Filius
2422 1234 2623 1302 Pater;
2653 1252 2827 1306 neque
2863 1241 3002 1294 sicut
3041 1241 3282 1310 ingenito
3314 1243 3616 1313 ingenitus,

2040 1335 2151 1373 non
2185 1325 2329 1376 enim
2383 1335 2469 1380 est
2503 1325 2673 1385 Filius
2713 1330 3011 1397 ingenitus.
3069 1332 3387 1404 Mysterium
3431 1343 3619 1390 autem

2041 1413 2189 1480 quod
2213 1425 2297 1469 est
2320 1418 2625 1474 secundum
2661 1435 2786 1482 nos,
2833 1439 2958 1478 cum
2992 1424 3208 1478 Patrem
3243 1427 3460 1490 dixerit,
3491 1427 3620 1482 Filii

351 1510 566 1566 Patrem
603 1513 828 1566 omnino
857 1512 1013 1581 jubet
1055 1513 1382 1580 intelligere.
1414 1509 1602 1580 Neque
1626 1504 1924 1561 adlmchac
1958 1519 2368 1588 supervacanea
2402 1516 2670 1583 sapientia
2697 1517 3054 1590 indiguimus.
3107 1519 3186 1576 lta
3216 1531 3276 1576 ut
3347 1539 3445 1594 per
3507 1523 3610 1577 Pa-

353 1615 487 1658 trem
521 1614 576 1660 et
609 1604 827 1668 Filium,
874 1607 1012 1661 duos
1037 1606 1225 1662 Patres
1259 1615 1312 1661 et
1337 1607 1477 1661 duos
1522 1602 1690 1658 Filios
1721 1606 2018 1671 supponat,
2043 1610 2299 1672 tanquam
2328 1609 2699 1678 ingenitorum
2731 1614 3075 1671 dualitatem.

421 1697 488 1749 Τί
530 1697 585 1749 δὲ
623 1697 869 1767 βούλεται
918 1700 951 1767 ἡ
1001 1697 1168 1768 πολλὴ
1210 1699 1337 1769 περὶ
1390 1698 1451 1750 τὸ
1500 1697 1791 1765 ἀγέννητον
1830 1691 1920 1746 τοῦ

2099 1692 2241 1758 Quid
2283 1706 2464 1753 autem
2502 1702 2628 1756 velit
2667 1703 2814 1757 circa
2840 1706 3138 1776 ingenitum
3177 1717 3387 1763 tantum
3420 1707 3602 1763 Euno-

349 1789 616 1858 Εὑνομίου
652 1789 874 1859 σπουδὴ.
919 1789 1174 1851 πολλάκις
1210 1791 1306 1859 μὲν
1338 1789 1437 1859 ἤδη
1475 1788 1765 1859 δεδήλωται
1788 1805 1802 1817 ’
1833 1786 1928 1838 καὶ

347 1881 441 1934 νῦν
469 1882 525 1934 δὲ
564 1883 724 1936 πάλιν
752 1882 818 1935 δι’
839 1883 1034 1950 ὀλίγων
1063 1885 1362 1953 εἰρήσεται.
1407 1881 1520 1950 Τῆς
1548 1880 1658 1951 γὰρ
1689 1880 1783 1933 τοῦ
1818 1881 1928 1932 Πα-

344 1973 470 2044 τρὺς
499 1991 562 2043 ση
576 1975 770 2044 μασίας
813 1974 1080 2044 μηδεμίαν
1101 1975 1235 2046 πρὸς
1252 1975 1342 2026 τὸν
1359 1973 1486 2026 Υἱὺν
1507 1973 1770 2042 διαφορὰν
1789 1971 1930 2023 κατὰ

344 2065 445 2136 τὴν
472 2065 631 2134 φύσιν
665 2066 1098 2136 ἐνδεικνυμένης,
1144 2067 1192 2117 εἰ
1226 2065 1384 2135 μέχρι
1415 2063 1618 2116 τούτων
1657 2063 1747 2114 τὸν
1773 2063 1929 2130 λόγον

345 2157 592 2228 ἔστησεν,
623 2161 721 2212 οὐκ
751 2160 814 2212 ἂν
847 2159 1002 2229 ἔσχεν
1029 2159 1182 2228 ἰσχὺν
1211 2159 1243 2228 ἡ
1279 2157 1521 2220 ἀσέϐεια,
1547 2155 1650 2225 τῆς
1694 2155 1931 2224 φυσικῆς

344 2251 454 2303 τῶν
481 2252 758 2320 ὀνομάτων
791 2253 998 2314 ἐννοίας
1027 2253 1087 2304 οὐ
1133 2250 1576 2322 παραδεχομένης
1603 2248 1662 2302 τὸ
1689 2251 1806 2303 κατ’
1843 2250 1932 2301 ού-

348 2342 467 2394 σίαν
484 2342 781 2404 ἀλλότριον.
801 2343 914 2396 Νῦν
933 2344 989 2396 δὲ
1017 2343 1311 2413 ἀγέννητον
1343 2343 1436 2396 καὶ
1452 2343 1708 2413 γεννητὸν
1732 2341 1929 2409 λέγων,

344 2433 530 2503 ἐπειδὴ
566 2434 767 2503 ἅμεσός
797 2437 911 2486 ἐστι
951 2433 1088 2505 πρὸς
1120 2434 1322 2504 ἄλληλα
1361 2434 1474 2486 τῶν
1505 2433 1786 2503 ὀνομάτων
1807 2433 1930 2484 τού-

343 2538 450 2574 των
482 2525 514 2594 ὴ
548 2525 881 2588 ἐναντίωσις,
931 2523 1007 2588 ὡς
1038 2524 1231 2594 θνητοῦ
1266 2526 1360 2577 καὶ
1405 2523 1698 2588 ἀθανάτου,
1724 2524 1820 2576 καὶ
1842 2523 1930 2576 λο-

343 2613 536 2681 γικῶν,
586 2614 678 2666 καὶ
732 2615 962 2684 ἀλόγων,
1023 2616 1118 2668 καὶ
1161 2615 1379 2667 πάντων
1418 2614 1529 2666 τῶν
1561 2613 1931 2684 ὁμοιοτρόπως

344 2706 774 2776 ὲκφωνουμένων
814 2746 833 2767 .
879 2707 977 2760 ὃσα
1019 2707 1108 2760 διὰ
1135 2707 1244 2759 τῶν
1292 2707 1434 2760 κατὰ
1474 2709 1534 2759 τὸ
1565 2707 1805 2760 ἐναντίον
1836 2724 1933 2777 ση-

348 2799 686 2868 μαινομένων
702 2798 948 2867 ἁλλήλοις
979 2799 1465 2868 ἁντικαθέστηκεν,
1491 2799 1691 2852 ἔδωκεν
1721 2799 1834 2851 ὁδὸν
1864 2801 1930 2869 τῇ

345 2889 662 2959 βλασφημίᾳ
684 2891 768 2942 διὰ
794 2890 900 2940 τῶν
950 2889 1230 2959 ὀνομάτων
1259 2889 1466 2943 τούτων
1495 2907 1507 2918 ·
1542 2888 1682 2941 ὥστε
1710 2889 1807 2959 τὴν
1837 2888 1930 2940 τοῦ

342 2981 537 3051 θνητοῦ
590 2982 727 3052 πρὸς
773 2981 832 3033 τὸ
877 2981 1142 3034 ἀθάνατον
1183 2982 1450 3051 διαφορὰν
1481 2983 1538 3034 ἐν
1569 2981 1646 3052 τῷ
1687 2981 1932 3051 γεννητῷ

342 3073 479 3144 πρὸς
517 3073 576 3125 τὸ
611 3074 901 3142 ἀγέννητον
921 3073 1279 3144 ὲνθεωρῆσαι.
1318 3074 1427 3126 Καὶ
1453 3073 1642 3146 ὥσπερ
1661 3075 1803 3146 ’άλλη
1832 3075 1926 3128 τοῦ

340 3169 536 3240 θνητοῦ
566 3170 658 3221 καὶ
687 3169 818 3240 ἄλλη
849 3170 944 3222 τοῦ
963 3171 1230 3224 ἀθανάτου
1255 3174 1286 3241 ἡ
1323 3171 1506 3241 φύσις,
1536 3172 1630 3226 καὶ
1671 3173 1763 3225 τοῦ
1791 3174 1928 3243 λογι-

338 3261 437 3315 κοῦ
469 3265 562 3315 καὶ
592 3263 685 3314 τοῦ
721 3263 915 3330 ἀλόγου
951 3264 1242 3334 ἁσ-ύμϐατα
1277 3267 1416 3317 κατὰ
1463 3266 1562 3337 τὴν
1591 3267 1777 3319 οὐσίαν
1810 3267 1927 3320 ἐστὶ

338 3354 408 3407 τὰ
439 3353 720 3424 ἰδιώματα,
754 3357 896 3410 οὓτω
925 3355 1169 3425 βούλεται
1189 3356 1356 3427 ἄλλην
1384 3357 1479 3426 μὲν
1509 3357 1599 3410 τοῦ
1632 3359 1925 3430 ἁγεννήτου

339 3449 746 3501 κατασκευάσαι
780 3451 876 3519 τὴν
911 3450 1090 3516 φύσιν.
1120 3450 1286 3521 ἄλλην
1319 3452 1372 3503 δὲ
1405 3451 1502 3521 τὴν
1523 3451 1616 3504 τοῦ
1638 3452 1922 3522 γεννητοῦ.

340 3540 459 3593 Ἵνα
521 3540 710 3610 ὥσπερ
777 3543 1088 3612 ὑποχείριος
1131 3542 1208 3612 τῷ
1241 3542 1504 3614 λογικῷή
1540 3543 1730 3611 ἄλογος
1767 3544 1927 3613 φύσις

337 3630 832 3703 δεδημιούργηται,
894 3633 1067 3695 οὕτως
1120 3633 1205 3685 διὰ
1250 3634 1487 3701 φυσικῆς
1530 3635 1778 3703 ἀνάγκης
1825 3635 1925 3686 ὑπ-

339 3725 664 3795 εζευγμένοι)
712 3727 788 3798 τῷ
834 3727 1111 3798 ἀγεννήτῳ
1154 3727 1213 3778 τὸ
1243 3729 1498 3796 γεννητὸν
1531 3727 1789 3800 ἐπιδείξῃ.
1835 3727 1925 3779 Διὸ

340 3818 600 3870 συνάπτει
626 3817 704 3888 τῷ
734 3819 1013 3889 ἁγεννήτῳ
1041 3818 1102 3870 τὸ
1126 3817 1218 3870 τοῦ
1251 3817 1698 3888 Παντοκράτορος
1731 3817 1920 3887 ὄνομα,

338 3909 368 3962 δ
398 3911 498 3963 οὐκ
527 3913 604 3974 εἰς
641 3909 1001 3982 προνοητικὴν
1032 3910 1328 3981 ἐνέργειαν.
1361 3911 1434 3974 ὼς
1470 3908 1758 3980 προλαϐὼν
1784 3911 1812 3962 ὁ
1839 3910 1924 3962 λό-

339 4020 434 4070 γος
464 3989 758 4066 ὑπέδειξεν.
784 4003 896 4055 ἀλλ’
919 4005 997 4065 εἰς
1025 4002 1351 4073 τυραννικὴν
1373 4001 1618 4066 ἐξουσίαν
1644 4003 1922 4072 μεταλαμ-

339 4097 488 4152 ϐάνει
517 4096 614 4167 τὴν
655 4095 951 4167 ἑρμηνείαν
991 4096 1083 4150 τοῦ
1127 4097 1591 4166 Παντοκρὰτορος.
1633 4096 1720 4158 Ὡς
1758 4096 1921 4167 μέρος

339 4188 436 4260 τῆς
455 4189 761 4259 ἀρχομένης
781 4206 841 4240 τε
873 4190 966 4242 καὶ
996 4189 1307 4260 ὑποχειρίου
1329 4187 1541 4258 φύσεως
1569 4189 1663 4240 καὶ
1676 4188 1768 4240 τὸν
1792 4187 1920 4241 Υἰὸν

342 4283 581 4351 ποιῆσαι,
615 4282 752 4352 μετὰ
784 4283 998 4335 πάντων
1031 4281 1351 4334 δουλεύοντα
1379 4279 1560 4350 τῷδιὰ
1586 4279 1687 4349 τῆς
1722 4296 1922 4351 τυραν-

339 4375 493 4444 νικῆς
523 4374 766 4440 ἐξουσίας
807 4373 1094 4444 κρατοῦντι
1135 4373 1274 4426 κατὰ
1298 4373 1357 4425 τὸ
1380 4367 1497 4424 ἶσον
1526 4372 1633 4424 τῶν
1658 4372 1875 4425 πάντων
1902 4387 1917 4401 ·
1955 4391 1998 4448 D

338 4467 432 4521 καὶ
463 4469 542 4520 ὅτι
579 4466 713 4538 πρὸς
737 4465 893 4519 τοῦτο
916 4465 1126 4534 βλέπων
1152 4467 1272 4528 ταῖς
1303 4464 1581 4527 τοιαύταις
1603 4465 1798 4535 χρῆται
1825 4465 1920 4519 τοῦ

336 4557 495 4626 λόγου
531 4556 852 4618 διαστολαῖς,
889 4558 951 4608 ἐκ
979 4555 1086 4608 τῶν
1117 4556 1490 4626 ὑποκειμένων
1523 4553 1922 4624 σαφηνισθήσεο

337 4666 446 4703 ται.
474 4648 656 4703 Εἰπὼν
676 4649 784 4717 γὰρ
808 4651 989 4700 ἐκεῖνα
1005 4647 1073 4700 τὰ
1093 4648 1231 4716 σοφά
1250 4665 1308 4700 τε
1330 4650 1423 4702 καὶ
1449 4665 1513 4701 πε
1525 4665 1705 4719 ριεσκε
1716 4647 1916 4718 μμένα,

337 4743 416 4795 ὅτι
451 4740 574 4794 οὔτε
608 4741 680 4805 ὡς
726 4741 902 4810 Πατρὶ
944 4739 1086 4791 έοικε
1129 4739 1338 4810 Πατὴρ,
1370 4739 1487 4792 οὐδὲ
1513 4740 1588 4802 ὡς
1615 4739 1728 4809 Υἰῷ
1755 4739 1882 4800 Υἰός
1902 4756 1915 4769 ο

340 4833 515 4886 καίτοι
570 4849 633 4900 γε
668 4832 892 4901 οὐδεμία
953 4831 1098 4884 ἐστὶν
1147 4833 1360 4903 ἀνάγκη
1413 4833 1649 4886 ἑοικέναι
1699 4834 1918 4895 πάντως

342 4922 516 4991 Πατρὶ
568 4921 806 4992 Πατέρα,
836 4922 927 4974 καὶ
966 4921 1077 4991 Υἱῷ
1107 4922 1266 4974 Υίόν·
1323 4923 1503 4994 πατὴρ
1536 4925 1642 4994 γάρ
1669 4925 1750 4987 τίς
1770 4926 1916 4978 ἐστιν

342 5014 398 5065 ὲν
427 5011 661 5082 Αἰθίοψι,
696 5013 877 5084 πατὴρ
910 5013 1002 5066 καὶ
1027 5015 1084 5065 ὲν
1114 5012 1370 5075 Σκύθαις,
1395 5015 1489 5066 καὶ
1515 5015 1626 5077 υἱὸς
1652 5016 1914 5084 ἐκατέρου

336 5103 561 5167 τούτων,
600 5103 764 5173 μέλας
795 5105 890 5174 μὲν
915 5106 944 5157 ὁ
974 5103 1066 5155 τοῦ
1090 5101 1362 5164 Αἰθίοπος,
1387 5103 1711 5175 λευκόχρους
1743 5107 1797 5158 δὲ
1823 5109 1916 5161 καὶ

338 5195 714 5266 ὑποχρυσίςων
753 5194 894 5247 κατὰ
952 5195 1048 5264 τὴν
1091 5194 1265 5265 κόμην
1300 5195 1328 5245 ὁ
1359 5195 1588 5266 Σκύθης.
1625 5199 1734 5251 Καὶ
1763 5200 1914 5252 οὐδὲν

341 5285 540 5355 μᾶλλον
561 5286 651 5340 διὰ
680 5286 744 5340 τὸ
773 5285 986 5356 πατέρα
1005 5281 1144 5338 εἶναι
1167 5285 1446 5356 ἑκάτερον,
1470 5287 1592 5341 οὔτε
1613 5290 1699 5342 διὰ
1715 5292 1805 5344 τὸν
1821 5295 1913 5345 Λί-

338 5377 499 5430 θίοπα
525 5381 552 5432 ὁ
582 5377 794 5447 Σκύθης
820 5377 1148 5448 μελαίνεται,
1179 5375 1298 5430 οὔτε
1329 5378 1414 5432 διὰ
1445 5379 1537 5434 τὸν
1570 5382 1783 5454 Σκύθην
1827 5387 1914 5438 άλο

337 5467 573 5523 λοιοῦται
603 5471 663 5523 τὸ
709 5471 872 5541 σῶμα.
903 5470 1039 5541 πρὸς
1063 5471 1124 5523 τὸ
1147 5471 1337 5524 λευκὸν
1374 5471 1469 5524 τοῦ
1505 5473 1779 5538 Αἰθίοπος.

1897 3035 2003 3096 QC

2029 1785 2123 1838 mii
2150 1789 2415 1852 studium,
2455 1807 2597 1860 saepe
2627 1794 2847 1863 quidem
2868 1797 2979 1865 jam
3020 1797 3356 1852 declaratum
3406 1808 3524 1868 est;
3560 1809 3627 1854 et.

2029 1894 2176 1932 nunc
2200 1880 2400 1934 iterum
2439 1873 2632 1952 paucis
2665 1885 2901 1942 dicetur.
2949 1888 3084 1942 Cum
3135 1891 3280 1944 enim
3321 1891 3500 1948 Patris
3539 1894 3621 1947 si‘

2029 1974 2311 2043 guiﬁcatio
2344 1977 2548 2030 nullam
2583 1994 2706 2032 cum
2741 1977 2880 2034 Filio
2919 1981 3280 2036 differentiam
3311 1985 3621 2039 secundum

2033 2076 2285 2121 naturam
2325 2070 2686 2138 demonstret,
2745 2074 2787 2128 si
2831 2074 2896 2127 ad
2929 2074 3043 2129 lucc
3078 2092 3251 2145 usque
3298 2093 3620 2131 sermonem.

2034 2160 2391 2226 inhibuisset,
2437 2165 2641 2218 nullam
2674 2166 2783 2219 vim
2827 2167 3108 2222 habuisset
3157 2168 3438 2238 impietas;
3487 2170 3618 2239 quia

2034 2255 2306 2309 naturalis
2359 2254 2556 2309 horum
2611 2258 2896 2312 nominum
2953 2261 3150 2313 notitia
3203 2275 3315 2313 non
3373 2261 3614 2314 admittit

2035 2345 2180 2414 quod
2210 2353 2293 2400 est
2308 2347 2608 2402 secundum
2635 2353 2927 2404 essentiam
2966 2351 3226 2405 alienum.
3251 2351 3404 2406 Nunc
3429 2361 3616 2407 autem

2040 2438 2343 2508 ingenitum
2372 2446 2426 2494 et
2467 2442 2708 2510 genitum
2733 2443 2942 2506 dicens,
2971 2445 3241 2512 siquidem
3280 2445 3471 2498 horum
3515 2460 3614 2499 no-

2043 2533 2255 2585 minuat
2303 2533 2447 2587 inter
2480 2549 2540 2588 se
2579 2535 2893 2590 immediata
2927 2545 3010 2590 est
3054 2541 3436 2603 contrarietas,
3469 2539 3618 2593 sicut

2036 2625 2284 2679 mortalis
2311 2635 2365 2680 et
2414 2626 2764 2689 immortalis,
2815 2637 2867 2682 et
2910 2630 3258 2682 rationalium
3294 2639 3347 2684 et
3395 2631 3617 2686 irratio—

2036 2717 2265 2780 nalium,
2305 2725 2360 2772 et
2386 2719 2630 2772 omnium
2669 2735 2790 2789 qua:
2822 2719 2987 2775 simili
3033 2723 3194 2776 modo
3232 2722 3620 2785 enuntiantur,

2033 2822 2378 2877 quaacuuque
2413 2824 2510 2878 per
2541 2809 2847 2878 signiﬁcata
2877 2814 3155 2865 contraria
3194 2813 3336 2866 inter
3353 2827 3412 2867 se
3443 2828 3628 2883 oppo-.

2035 2897 2347 2964 sucrimus;
2404 2913 2500 2966 per
2533 2897 2650 2953 hac
2707 2901 2931 2952 nomina
2970 2885 3111 2952 viatii
3164 2900 3518 2970 blasphemia:
3561 2911 3621 2957 et

2039 2985 2217 3054 impia:
2241 2986 2442 3056 lingua:
2475 2987 2770 3056 patefecit;
2824 2987 2896 3040 ita
2927 2997 2986 3041 ut
3016 2987 3136 3042 eam
3165 3005 3286 3058 quae
3307 2998 3392 3044 est
3416 2997 3627 3042 morm--

2038 3077 2102 3132 lis
2137 3077 2203 3131 ad
2236 3077 2546 3133 immortale
2585 3078 2954 3135 differentiam
2990 3082 3043 3134 in
3073 3083 3260 3152 genito
3300 3083 3365 3136 ad
3397 3083 3624 3152 ingeni--

2036 3176 2150 3222 tum
2175 3172 2628 3240 contemplemur.
2661 3171 3200 3242 thuemadmodum
3227 3173 3332 3226 alia
3361 3180 3443 3227 est
3465 3188 3623 3226 mor—

2035 3262 2180 3327 talis,
2233 3263 2339 3316 alia
2400 3264 2728 3320 immortalis
2777 3274 2996 3332 natura,
3031 3273 3085 3320 et
3120 3265 3402 3320 rationalis
3446 3272 3626 3334 atquc~

2037 3356 2373 3409 irrationalis
2402 3357 2763 3426 proprietates
2795 3356 3096 3412 secundum
3146 3358 3442 3412 essentiam
3474 3372 3577 3410 covt
3597 3388 3624 3399 --

2032 3463 2230 3517 gruere
2265 3449 2415 3502 nullo
2452 3448 2614 3502 modo
2633 3457 2883 3518 possunt,
2913 3449 3006 3502 sed
3035 3449 3269 3503 maxime
3304 3449 3608 3504 dissident:

2034 3542 2113 3596 sic
2146 3543 2261 3596 vult
2301 3541 2606 3596 Eunomius
2643 3542 2804 3595 aliam
2855 3542 3072 3611 quidem
3123 3541 3350 3611 ingeniti
3399 3544 3626 3597 consti-

2034 3641 2186 3686 tuere
2217 3641 2493 3696 naturam,
2547 3633 2709 3685 aliam
2746 3647 2877 3687 vero
2906 3632 3096 3702 geniti.
3135 3630 3201 3684 Ut
3242 3633 3604 3701 quemadmo-

2032 3723 2160 3776 dum
2216 3724 2470 3777 rationali
2518 3724 2737 3778 subdita
2796 3724 3216 3794 mancipataque
3270 3725 3626 3782 irrationalis.

2031 3823 2228 3870 natura
2263 3824 2448 3870 creata
2479 3824 2596 3871 cst:
2633 3817 2716 3872 sic
2742 3817 2978 3870 naturali
3003 3817 3333 3872 necessitate
3357 3818 3627 3888 ingenito.

2031 3911 2272 3980 genitum
2305 3909 2658 3978 subjugatum
2693 3919 2747 3962 et
2779 3909 3054 3963 addictum
3069 3909 3425 3966 demonstret.
3449 3911 3621 3977 Quo-.

2030 4001 2175 4053 circa
2207 4000 2448 4070 ingenito
2500 4015 2694 4055 nomen
2727 3998 3126 4070 Omnipotentis
3179 4001 3421 4069 copulat,
3458 4003 3616 4072 quod"

2030 4108 2140 4146 non
2188 4095 2255 4147 ad
2316 4092 2633 4162 providendi
2695 4094 3088 4161 operationem,
3144 4081 3289 4147 sicut
3340 4104 3605 4164 prmcepta

2030 4184 2321 4238 occasione
2359 4185 2538 4237 oratio
2586 4183 3014 4251 demonstravit;
3065 4185 3160 4239 sed
3199 4183 3604 4255 Onmipotentis

2029 4278 2535 4348 interpretationem
2576 4277 2631 4330 in
2680 4278 3020 4346 tyrannicam
3059 4284 3381 4348 potestatem
3424 4286 3606 4333 trans~

2031 4367 2152 4421 fert.
2197 4366 2272 4420 Ita
2311 4374 2370 4420 ut
2402 4373 2612 4437 partem
2643 4378 2854 4419 naturae
2889 4366 3151 4435 subjecta:
3179 4373 3233 4421 et
3281 4369 3606 4437 mancipata:

2024 4459 2192 4515 etiam
2221 4456 2416 4512 Filium
2454 4457 2619 4510 faciat
2643 4473 2766 4511 cum
2785 4458 3039 4513 omnibus
3063 4458 3332 4513 creaturis
3359 4459 3606 4522 servien-

2025 4559 2132 4606 tem
2174 4551 2223 4606 ei
2255 4551 2348 4620 qui
2381 4550 2671 4622 tyrannica
2705 4549 2974 4620 potestate
3011 4552 3299 4622 aequaliter
3343 4553 3614 4608 omnibus.

2026 4640 2275 4708 imperat.
2304 4639 2458 4705 Quod
2490 4649 2672 4694 autem
2706 4641 2770 4694 ad
2806 4641 2907 4694 hoc
2935 4641 3235 4711 respiciens
3260 4642 3464 4696 talibus
3498 4645 3616 4696 uti-.

2025 4737 2114 4785 tur
2143 4733 2434 4786 verborum
2468 4733 2941 4794 distinctionibus,
2999 4751 3061 4788 ex
3110 4735 3374 4804 subjectis
3416 4746 3615 4806 postea.

2027 4823 2489 4880 manifestabitur.
2523 4826 2660 4880 Cum
2687 4828 2832 4880 enim
2871 4829 2958 4880 illa
2991 4827 3153 4880 docta
3171 4839 3224 4881 ct
3255 4829 3604 4883 considerata

2027 4918 2276 4986 protulit,
2335 4919 2481 4988 quod
2519 4934 2696 4988 neque
2757 4919 2900 4971 sicut
2949 4917 3097 4972 Patri
3151 4919 3345 4975 similis
3391 4921 3620 4975 videtur-

2026 5010 2222 5077 Pater;
2263 5027 2440 5082 neque
2477 5012 2620 5067 sicut
2659 5010 2803 5066 Filio
2849 5010 3017 5067 Filius
3052 5013 3392 5083 (quanquam
3453 5016 3615 5069 nulla.

2024 5103 2323 5158 necessitas
2356 5104 2504 5173 cogit
2539 5102 2722 5157 dicere
2747 5117 2977 5171 prorsus
3007 5101 3150 5156 Patri
3194 5101 3410 5156 Patrem
3451 5105 3605 5157 simi-

2026 5198 2128 5250 lem
2159 5196 2354 5263 videri,
2385 5205 2438 5251 et
2465 5193 2606 5250 Filio
2635 5193 2856 5250 Filium.
2901 5195 3063 5250 Pater
3089 5199 3234 5251 enim
3282 5200 3480 5270 aliquis
3518 5212 3608 5256 est

2020 5291 2163 5343 inter
2205 5287 2495 5358 Aithiopes
2519 5297 2702 5359 ;pater
2727 5290 2887 5344 etiam
2921 5291 3060 5344 inter
3105 5288 3370 5360 Scythas;
3407 5297 3602 5346 horum

2018 5385 2307 5453 utriusque
2332 5383 2497 5444 ﬁlius,
2523 5382 2676 5452 niger
2701 5382 2919 5452 quidem
2950 5382 3093 5436 ﬁlius
3125 5381 3421 5452 Ethiopis,
3463 5364 3605 5436 albi-

2025 5479 2175 5531 color
2209 5489 2339 5527 vero
2376 5482 2428 5526 ct
2477 5489 2688 5527 comam
2742 5475 3068 5528 subauream
3114 5473 3322 5527 habens
3373 5470 3599 5544 Scytha.

340 5561 404 5615 Et
434 5564 605 5620 nihilo
656 5567 828 5637 magis
881 5567 1012 5635 quia
1073 5576 1222 5637 pater
1263 5567 1336 5622 sit
1397 5575 1650 5639 uterque,
1718 5589 1895 5644 neque
1935 5585 2160 5649 propter
2223 5572 2573 5642 jEtliiopem,
2615 5571 2820 5643 Scytha
2864 5573 3149 5641 nigrescit,
3219 5587 3398 5640 neque
3469 5586 3602 5643 pro-

339 5665 459 5724 pter
487 5655 746 5728 Scytham
776 5674 976 5728 corpus
1011 5657 1288 5729 IEthiopis
1333 5661 1607 5740 albescit),

423 5747 564 5802 Ἀλλ’
595 5751 742 5821 ὅμως
770 5750 940 5804 εἰπὼν
975 5751 1147 5806 ταῦτα
1193 5753 1333 5806 κατὰ
1368 5753 1427 5806 τὸ
1453 5756 1684 5824 ἀρέσκον
1707 5758 1854 5828 αὐτῷ
1884 5760 1912 5811 ὁ

342 5840 627 5912 Εὐνόμιος,
655 5842 955 5913 ἐπήγαγεν,
988 5843 1068 5897 ὅτι
1109 5843 1340 5914 Ὄμοιός
1363 5846 1532 5900 ἐστιν
1559 5849 1638 5912 ὡς
1681 5849 1812 5916 Υἱὸς·
1838 5849 1913 5916 τῷ

2092 5758 2478 5813 Verumtamen
2512 5774 2634 5811 cum
2665 5758 2779 5811 hzec
2816 5757 3048 5812 dixisset
3090 5756 3414 5820 Eunomius,
3452 5756 3597 5814 sicut

2019 5852 2067 5908 ci
2101 5852 2334 5924 placuit,
2365 5851 2671 5921 subjuuxit,
2700 5850 2848 5920 quod
2884 5850 3082 5906 similis
3109 5859 3194 5906 est
3237 5851 3380 5907 sicut
3423 5851 3604 5909 Filius
