4146 6370
578 371 680 424 519

1825 365 1883 420 S.
1923 365 2248 422 GREGOBII
2284 367 2576 424 NYSSENI

3735 371 3842 426 510

577 484 744 537 Patri.
782 481 885 536 Sed
918 497 1040 537 cum
1079 481 1351 552 ejusmodi
1384 480 1524 534 ratio
1549 481 1954 546 similitudinis,
2007 482 2154 551 quod

2264 489 2462 553 Πατρί.
2484 487 2588 540 Τοῦ
2621 487 2678 540 δὲ
2716 486 2954 539 τοιούτου
2998 485 3156 553 λόγου
3184 487 3245 539 τὸ
3281 485 3418 540 κατᾶ
3460 489 3550 556 τὴν
3581 484 3740 554 φύσιν
3763 489 3846 538 οξ-

576 575 876 631 sccundum
907 586 1155 630 naturam
1185 584 1270 630 est
1300 575 1580 644 proprium
1605 577 1971 642 demonstret,
2013 573 2160 629 sicut

577 669 629 720 in
664 667 792 720 Seth
816 675 868 720 et
898 669 950 720 in
973 667 1182 720 Adamo
1213 667 1474 720 divinitus
1497 666 1764 734 inSpirata
1801 675 2038 720 testatur
2062 666 2162 719 do-

577 758 782 823 ctrina;
819 758 970 826 parvi
998 757 1206 812 faciens
1237 767 1291 811 et
1321 773 1420 826 pro
1459 758 1632 812 nihilo
1679 759 1888 813 habens
1939 759 2162 828 dogma-

579 858 704 902 tista
736 849 1098 917 intelligentes
1138 849 1442 911 auditores,
1475 851 1693 902 inanem
1735 849 2032 917 subjunxit
2065 864 2161 917 ap-

581 941 894 1008 pellationis
929 939 1050 992 Filii
1084 937 1616 1008 interpretationem,
1659 940 1834 1008 ipsum
1866 940 2157 1008 imaginem

581 1041 635 1083 et
679 1031 918 1100 sigillum
992 1029 1396 1100 Omnipotentis
1446 1032 1782 1100 operationis
1823 1031 2156 1084 definiendo.

582 1120 758 1174 Filius
789 1123 926 1174 enim
960 1131 1058 1183 est,
1085 1121 1282 1189 inquit,
1301 1123 1474 1188 imago
1503 1131 1550 1174 et
1577 1121 1814 1190 sigillum
1835 1121 2158 1187 operationis

582 1216 689 1266 sire
735 1215 978 1284 efﬁcacia:
1010 1213 1415 1281 Omnipotentis.
1451 1211 1562 1264 lloc
1596 1213 1772 1280 ipsum
1815 1211 2048 1280 primum
2065 1211 2158 1279 qui

582 1322 743 1360 aures
798 1307 1082 1360 audientes
1127 1305 1292 1358 habet
1343 1303 1678 1357 consideret.
1733 1303 2022 1366 Quodnam
2070 1309 2156 1356 est

581 1397 715 1450 illud
774 1398 1114 1466 operationis
1154 1397 1434 1466 sigillum?
1480 1393 1673 1448 Omnis
1714 1395 1862 1448 enim
1909 1397 2159 1464 operatio

583 1489 734 1542 ineo
786 1491 879 1558 qui
934 1490 1198 1552 elaborat,
1245 1489 1298 1542 id
1342 1487 1488 1558 quod
1517 1475 1870 1551 elaboratur,
1921 1495 2156 1557 spectat.

581 1579 716 1630 Cum
757 1587 937 1632 autem
974 1579 1116 1648 quod
1166 1582 1466 1648 peragitur,
1505 1577 1803 1647 perfectum
1841 1587 1934 1631 attt
1969 1586 2158 1634 trans-

583 1679 764 1722 actum
813 1669 995 1734 fuerit,
1033 1685 1129 1738 per
1164 1685 1224 1724 se
1273 1685 1378 1722 non
1420 1669 1640 1723 substat
1689 1671 1920 1737 ipsamet
1962 1685 2159 1738 opera-

581 1763 655 1811 tio
693 1779 705 1813 :
743 1761 892 1813 velut
945 1776 1146 1814 cursus
1207 1761 1454 1830 operatio
1496 1775 1616 1828 quae
1671 1759 1729 1812 lit
1774 1760 2027 1829 pedibus,
2074 1771 2159 1816 est

584 1855 788 1906 motio:
831 1857 1086 1906 Cessante
1131 1853 1372 1905 motione
1423 1867 1532 1904 non
1588 1853 1825 1920 amplius
1871 1854 1926 1906 in
1977 1853 2158 1922 seipsa

584 1943 838 1996 subsistit
863 1943 1132 2011 operatio.
1169 1943 1312 1997 Idem
1339 1943 1447 1997 dici
1474 1951 1653 2012 potest
1687 1944 1742 1997 in
1783 1945 1930 1997 omni
1965 1960 2160 2014 requa:

585 2035 886 2104 suscipitur
908 2036 1140 2106 agenda,
1176 2037 1260 2090 vel
1312 2035 1620 2100 tractanda,
1681 2037 1938 2092 videlicet
1980 2039 2157 2091 aetio-

582 2144 704 2180 nem
742 2129 912 2197 ipsam
942 2143 1162 2184 cessare
1197 2130 1358 2182 simul
1391 2144 1516 2182 cum
1536 2144 1704 2198 opera
1737 2138 1790 2184 et
1822 2131 2005 2184 studio
2039 2132 2159 2201 ejus

583 2223 674 2289 qui
737 2221 882 2274 circa
926 2237 1047 2276 eam
1098 2222 1337 2288 laborat;
1384 2223 1656 2276 actionem
1709 2236 1837 2276 vero
1877 2223 2051 2291 ipsam
2102 2223 2158 2276 iu

583 2315 763 2382 seipsa
798 2329 906 2366 non
939 2314 1260 2378 subsistere,
1309 2315 1354 2369 si
1392 2330 1568 2384 neque
1607 2315 1678 2368 sit
1719 2315 1864 2368 ullus
1896 2315 1988 2384 qui
2031 2329 2162 2384 ope-

583 2415 733 2456 retur
764 2403 820 2456 in
879 2403 1164 2471 proposito
1210 2403 1313 2456 sibi
1359 2418 1524 2472 Opere
1557 2412 1612 2457 et
1643 2402 1850 2464 studio,
1891 2405 1975 2456 vel
2013 2404 2058 2458 si
2111 2404 2160 2458 is

583 2495 676 2563 qui
705 2494 947 2548 elaborat
986 2494 1053 2547 ab
1087 2509 1252 2562 opere
1293 2495 1614 2549 cessaverit.
1657 2493 1798 2558 Quid
1831 2493 1998 2564 igitur
2028 2494 2161 2548 dicit

583 2603 706 2640 esse
739 2602 832 2655 per
867 2587 1100 2654 seipsam
1136 2587 1538 2655 Operationem,
1583 2601 1706 2654 quae
1737 2601 1913 2656 neque
1958 2593 2043 2640 est
2069 2601 2160 2640 es-

585 2679 786 2740 sentia,
811 2692 989 2748 neque
1024 2676 1312 2730 character
1332 2675 1446 2730 sive
1476 2675 1668 2745 ﬁgura,
1699 2691 1874 2745 neque
1908 2676 2161 2730 substan-

587 2770 694 2824 tia?
725 2769 890 2839 Igitur
919 2768 1039 2836 ejus
1069 2769 1212 2836 quod
1261 2783 1370 2820 non
1405 2767 1660 2822 subsistit
1704 2769 1886 2836 ipsum
1919 2767 1994 2819 ait
2037 2782 2161 2820 esse

587 2861 976 2924 simulacrum;
1011 2860 1113 2912 hoc
1143 2867 1325 2912 autem
1361 2858 1503 2926 quod
1532 2873 1641 2912 non
1664 2859 1952 2912 exsistenti
1981 2859 2161 2912 simile

587 2964 692 3016 est,
719 2967 897 3021 neque
955 2951 1132 3019 ipsum
1188 2950 1410 3004 omnino
1464 2957 1548 3004 est
1579 2967 1592 3002 :
1629 2950 1744 3004 haec
1791 2949 2040 3004 inanium
2079 2959 2162 3004 est

585 3047 934 3101 decretorum
966 3051 1285 3112 portentosa
1319 3042 1556 3106 vanitas,
1589 3041 1816 3096 credere
1845 3041 1898 3094 in
1931 3041 1982 3094 id
2017 3040 2159 3109 quod

588 3153 700 3192 non
730 3145 838 3192 est.
872 3135 1028 3201 Quod
1065 3135 1208 3189 enim
1239 3149 1350 3188 non
1394 3135 1506 3188 enti
1557 3135 1736 3188 simile
1770 3143 1874 3196 est,
1927 3149 2034 3187 non
2080 3141 2164 3186 est

2260 580 2407 630 κεῖον
2436 577 2783 646 δεικνυμένου
2803 592 2815 605 ·
2847 577 2921 639 ὡς
2953 578 3046 630 ἐπὶ
3077 577 3169 630 τοῦ
3216 576 3321 648 Σὴο
3352 577 3446 630 καὶ
3473 576 3567 630 τοῦ
3609 577 3779 646 Ἀδὰμ
3807 579 3844 647 ἡ

2260 665 2615 728 θεόπνευστος
2650 669 2915 736 μαρτυρεί
2961 665 3274 720 διδασκαλία
3297 684 3310 697 ·
3347 667 3518 737 μικρὰ
3551 667 3846 736 φροντίσας
3909 699 3916 706 -

2257 760 2284 810 6
2316 757 2680 826 δογματιστὴς
2715 756 2820 810 τῶν
2863 756 3102 818 συνετῶς
3136 754 3521 826 ἀκροωμένων,
3551 758 3650 828 τὴν
3677 754 3844 824 κενὴν

2257 849 2538 916 ἐπήγαγεν
2585 849 2880 918 ἑρμηνείαν
2913 849 3012 916 τῆς
3053 847 3145 910 τοῦ
3182 847 3310 900 Υἱοῦ
3345 847 3732 918 προσηγορίας,
3763 848 3844 898 εί-

2258 939 2388 992 κόνα
2411 940 2502 991 καὶ
2531 940 2802 1008 σφραγῖδα
2827 940 2924 1008 τῆς
2957 939 3050 992 τοῦ
3085 940 3526 1008 Παντοκρὰτορος
3559 938 3843 1007 ἐνεργείας

2257 1029 2418 1080 αὐτὸν
2457 1031 2800 1099 ὁρισάμενος.
2821 1029 2950 1095 Υἱὸς
2995 1028 3104 1098 γάρ
3131 1031 3280 1093 ἐστι,
3307 1029 3488 1097 φησιν,
3539 1027 3712 1081 εἰκὼν
3739 1027 3842 1080 καὶ

2258 1123 2516 1188 σφραγὶς
2539 1121 2648 1189 τῆς
2675 1122 2778 1175 τοῦ
2819 1121 3297 1188 Παντοκράτορος
3334 1121 3646 1189 ἐνεργείας.
3697 1121 3844 1172 Δυτό

2263 1229 2350 1282 μοι
2376 1213 2532 1265 τοῦτο
2565 1214 2777 1280 πρῶτον
2801 1217 2828 1266 ὁ
2858 1213 2995 1282 ἔχων
3037 1207 3148 1265 ὦτα
3178 1215 3396 1266 ἀκούειν
3430 1211 3842 1280 ἐπισκεψὰσῢω.

2259 1307 2353 1367 Τίς
2382 1308 2526 1358 ἐστιν
2552 1309 2582 1375 ἡ
2614 1305 2711 1373 τῆς
2743 1307 3019 1375 ἐνεργείας
3059 1306 3323 1374 σφραγίς
3353 1307 3507 1358 Πᾶσα
3535 1309 3642 1374 γὰρ
3685 1307 3844 1376 ἐνέρ-

2258 1413 2400 1464 γεια,
2429 1399 2485 1447 ὲν
2519 1396 2616 1464 μὲν
2645 1396 2722 1465 τῷ
2753 1396 3068 1449 ἐκπονοῦντι
3120 1397 3176 1448 τὸ
3221 1397 3649 1467 σπουδαζόμενον
3702 1397 3844 1450 θεω-

2261 1491 2453 1558 ρεῖται.
2517 1487 2920 1557 Περαιωθέντος
2965 1487 3020 1540 δὲ
3077 1486 3168 1540 τοῦ
3218 1489 3680 1558 σπουδαζομένου,
3715 1489 3840 1542 καθ’

2259 1582 2454 1650 ἑαυτὴν
2485 1582 2580 1650 οὐχ
2615 1582 2916 1649 ὑφέστηκεν
2952 1597 2964 1610 ·
3002 1576 3110 1632 οἷον
3138 1580 3386 1650 ἐνέργεια
3429 1580 3522 1632 τοῦ
3551 1581 3772 1651 δρόμου,
3805 1584 3839 1652 ἡ

2259 1675 2348 1728 διὰ
2377 1675 2483 1727 τῶν
2529 1675 2704 1726 ποδῶν
2733 1677 2848 1726 ἐστι
2883 1676 3092 1744 κίνησις
3120 1693 3132 1704 ·
3167 1675 3516 1743 παυσαμένης
3547 1673 3604 1726 δὲ
3627 1674 3724 1742 τῆς
3753 1692 3840 1726 κι-

2259 1767 2484 1836 νήσεως,
2536 1765 2718 1817 οὐκέτι
2769 1765 2915 1817 ἐστὶν
2938 1765 3022 1832 ἐφ’
3058 1765 3255 1833 ἑαυτῆς
3285 1766 3318 1834 ἡ
3343 1763 3610 1832 ἐνέργεια.
3647 1764 3836 1828 Οὕτως

2191 1839 2230 1892 Β
2260 1857 2354 1908 καὶ
2399 1857 2486 1907 ἐπὶ
2517 1856 2715 1917 παντὸς
2759 1855 2905 1908 ἐστιν
2947 1854 3378 1924 ἐπιτηδεύματος
3417 1855 3476 1906 τὸ
3507 1850 3619 1906 ἴσον
3641 1855 3832 1915 εἰπεῖν,

2259 1949 2326 2018 τῇ
2357 1946 2558 2016 σπουδῇ
2583 1945 2677 1998 τοῦ
2715 1946 2840 2014 περί
2891 1963 2942 1997 τι
2977 1945 3265 2006 πονοῦντος
3314 1946 3705 2015 συναπολήγειν
3741 1945 3836 1998 καὶ

2259 2039 2356 2108 τὴν
2386 2037 2664 2107 ἐνέργειαν
2691 2052 2702 2064 ·
2755 2037 2838 2103 ἐφ’
2883 2040 3082 2106 ἑαυτῆς
3111 2037 3166 2088 δὲ
3213 2037 3312 2089 οὐκ
3337 2035 3499 2090 οὖσαν
3525 2035 3648 2089 οὔτε
3681 2039 3834 2107 ἐνερ-

2260 2128 2483 2195 γοῦντός
2513 2143 2654 2190 τινος
2685 2127 2782 2197 τὴν
2817 2126 3184 2197 προκειμένην
3208 2126 3382 2196 ἐαυτῷ
3421 2127 3673 2198 σπουδὴν,
3709 2125 3835 2178 οὔτε.

2260 2223 2307 2272 εἰ
2335 2221 2431 2288 τῆς
2457 2218 2687 2288 σπουδῆς
2709 2217 3016 2287 ἀπολήξειε.
3044 2219 3106 2270 Τί
3130 2214 3222 2270 οὖν
3247 2219 3392 2286 λέγει
3409 2214 3546 2271 εἶναι
3568 2218 3686 2271 καθ’
3709 2221 3836 2271 ἐαυ-

2260 2313 2356 2380 τὴν
2389 2311 2486 2381 τὴν
2517 2311 2816 2380 ἐνέργειαν,
2844 2311 2940 2380 τὴν
2975 2309 3096 2364 οὔτε
3136 2311 3322 2365 οὐσίαν
3361 2308 3546 2376 οὖσαν,
3577 2310 3698 2363 οὔτε
3733 2329 3834 2382 χα-

2266 2403 2531 2473 ρακτῆρα,
2566 2399 2689 2452 οὔτε
2739 2401 3066 2466 ὑπόστασιν;
3095 2400 3302 2454 Οὐκοῦν
3347 2400 3441 2453 τοῦ
3467 2402 3832 2454 ἁνυποστάτου

2261 2493 2422 2546 αὑτὸν
2454 2489 2605 2545 εἶπεν
2651 2493 2903 2562 ὁμοίωμα
2927 2509 2939 2523 ·
2987 2493 3048 2544 τὸ
3075 2493 3130 2546 δὲ
3167 2493 3244 2564 τῷ
3275 2495 3606 2565 ἀνυπάρκτῳ
3629 2495 3832 2564 ὅμοιον,

2262 2589 2379 2640 οὐδὲ
2402 2587 2531 2638 αὐτὸ
2563 2586 2780 2647 παντως
2811 2585 2956 2636 ἐστίν
2981 2602 2994 2614 ·
3030 2584 3168 2654 αὕτη
3217 2585 3323 2638 τῶν
3349 2586 3519 2639 κενῶν
3551 2586 3834 2654 δογμάτων

2261 2682 2294 2748 ἡ
2325 2677 2606 2748 τερατεία,
2649 2677 2711 2730 τὸ
2745 2676 3020 2728 πιστεύειν
3070 2679 3148 2739 είς
3199 2677 3260 2729 τὸ
3291 2679 3364 2748 μὴ
3387 2677 3464 2730 δν.
3503 2676 3575 2729 Τὸ
3619 2677 3723 2749 γὰρ
3759 2675 3835 2746 μὴ

2259 2769 2337 2838 τῷ
2387 2769 2500 2820 tam
2545 2770 2749 2836 ὅμοιον,
2809 2769 2908 2820 οὐκ
2963 2767 3078 2822 ἔστι
3129 2771 3361 2832 πάντως.
3397 2765 3466 2820 Ὦ
3505 2768 3707 2824 Παῦλε.
3743 2767 3838 2820 καὶ

2275 2860 2515 2928 Ἰωάννη,
2545 2861 2638 2912 καὶ
2673 2861 2700 2912 ὀ
2727 2858 2910 2921 λοιπὸς
2943 2858 3050 2911 τῶν
3083 2859 3484 2927 εὐαγγελιστῶν
3511 2877 3567 2910 τε
3597 2859 3687 2910 καὶ
3725 2857 3836 2908 τῶν

2264 2953 2576 3004 ἀποστόλων
2615 2951 2773 3021 χορός
2795 2967 2808 2980 ·
2844 2951 2987 3012 τίνες
3017 2953 3083 3020 τῇ
3119 2950 3358 3021 ὑμετέρᾳ
3400 2953 3548 3020 φωνῇ
3579 2949 3673 3010 τὰς
3697 2949 3840 3000 ἰοϐό-

2264 3043 2386 3106 λους
2407 3042 2654 3111 γλώσσας
2687 3041 2892 3094 ἑαυτῶν
2919 3041 3331 3106 ἀνοοπλίςουσι;
3357 3041 3510 3103 Τίνες
3537 3043 3652 3103 ταῖς
3682 3040 3840 3108 οὐρα-

2265 3137 2404 3198 νίαις
2439 3134 2590 3204 ὑμῶν
2625 3135 2872 3204 βρονταῖς
2900 3134 2998 3197 τὰς
3032 3132 3391 3206 βατραχώδεις
3421 3133 3625 3184 ἑαυτῶν
3655 3132 3838 3200 φωνὰς

591 3230 700 3282 ullo
730 3243 954 3296 prorsus
987 3227 1168 3280 modo.
1225 3225 1268 3279 0
1311 3224 1498 3292 Paule,
1555 3241 1588 3277 ο
1629 3225 1891 3288 Joannes,
1927 3243 1958 3278 ο
1998 3241 2163 3278 evan-

2267 3225 2634 3294 ἁντεγείρουσι
2661 3239 2674 3286 ;
2706 3218 2880 3276 Τίοῦν
2913 3223 3059 3290 λέγει
3095 3227 3122 3276 ὁ
3147 3224 3260 3286 υἱὸς
3297 3225 3396 3293 τῆς
3439 3223 3694 3292 βροντῆ;;
3743 3223 3842 3275 Ἐν

591 3323 905 3392 gelistarum
929 3331 981 3374 ct
1013 3319 1385 3389 apostolorum
1423 3319 1621 3387 reliqui
1663 3321 1883 3373 enatus!
1925 3317 2162 3384 Quinam

589 3412 890 3466 virulentas
922 3425 1049 3464 suas
1079 3412 1294 3478 linguas
1326 3417 1518 3462 contra
1539 3418 1774 3463 vestram
1799 3425 1989 3464 vocem
2036 3425 2166 3463 exa-

591 3501 794 3554 cuunt?
853 3500 1086 3565 Quinam
1117 3500 1436 3554 cmlestibus
1477 3501 1675 3554 vestris
1724 3501 2019 3554 tonitribus
2073 3515 2164 3552 ra-

593 3606 753 3644 nosas
783 3603 913 3644 suas
929 3589 1333 3658 voceseStygia
1371 3590 1787 3659 paludeexcitas
1819 3591 2166 3644 obtrudunt?

591 3678 730 3743 Quid
759 3677 926 3748 igitur
957 3679 1088 3732 dicit
1129 3679 1352 3732 lonitrui
1395 3679 1576 3732 lilius?
1649 3680 1714 3730 In
1745 3681 2010 3749 principio
2045 3692 2163 3734 erat

603 3770 847 3836 Verbum,
875 3779 922 3823 et
958 3769 1179 3824 Verbum
1211 3779 1324 3822 erat
1377 3775 1514 3838 apud
1552 3771 1748 3833 Deum,
1799 3779 1846 3823 et
1881 3769 2016 3825 Deus
2054 3784 2170 3825 erat

609 3861 827 3915 Verbum
853 3863 920 3914 ⁷ο.
953 3861 1094 3927 Quid
1125 3863 1212 3914 ille
1231 3864 1322 3931 qui
1347 3870 1469 3931 post
1499 3863 1670 3926 illum,
1695 3863 1774 3914 vel
1806 3863 2052 3918 aliusille
2075 3865 2168 3934 qui

595 3953 740 4007 intra
774 3949 1016 4006 caiiestia
1044 3953 1204 4020 adyta
1230 3960 1283 4006 et
1311 3952 1556 4007 sacraria
1599 3960 1792 4017 raptus
1821 3950 1946 4014 fuit,
1991 3953 2085 4020 qui
2112 3953 2167 4005 in

595 4040 1184 4112 paradisoinitiatus“,
1206 4055 1312 4093 non
1344 4041 1400 4092 in
1429 4040 1628 4108 vulgus
1657 4039 1924 4094 eﬂ‘erenda
1954 4039 2176 4098 didicit?

599 4131 692 4186 Sic
761 4131 962 4198 inquit,
999 4129 1102 4194 Qui
1129 4144 1247 4180 cum
1288 4128 1356 4181 sit
1388 4128 1635 4195 splendor
1682 4127 1868 4196 gloria;
1894 4137 1944 4180 et
1995 4129 2170 4197 ﬁgura

598 4223 703 4275 sive
757 4237 1002 4288 expressa
1051 4222 1226 4290 imago
1265 4221 1378 4289 ejus
1431 4220 1744 4273 substantia:
1763 4219 1831 4271 “.
1867 4219 2008 4283 Quid
2043 4229 2168 4290 post

596 4314 697 4366 llos
726 4312 861 4366 dicit
883 4311 1264 4380 ventriloquus
1296 4311 1441 4366 iste?
1477 4311 1751 4379 Sigillum,
1797 4311 1998 4380 inquit,
2035 4327 2168 4380 ope-

596 4402 829 4456 rationis
864 4400 1294 4469 Omnipotentis:
1318 4401 1539 4454 tertium
1573 4401 1751 4468 ipsum
1797 4409 1922 4469 post
1953 4400 2166 4454 Patrem

599 4493 751 4556 facit,
795 4508 822 4544 a
853 4507 957 4544 non
989 4491 1296 4544 exsistonte
1348 4490 1439 4543 illa
1473 4489 1795 4560 operatione
1845 4489 2164 4556 mediatum,

2266 3317 2422 3384 ἀρχῇ
2453 3311 2572 3384 -ἧνδ
2595 3316 2804 3383 Λόγος,
2853 3317 2947 3368 καὶ
2971 3320 3002 3368 ό
3035 3317 3223 3385 Λόγος
3249 3313 3325 3386 ἦν
3371 3317 3518 3384 πρὸς
3541 3317 3644 3369 τὸν
3667 3317 3840 3380 Θεὸν,

2267 3407 2362 3459 καὶ
2389 3405 2532 3469 Θεὸς
2561 3402 2638 3475 ἦν
2689 3409 2721 3458 ὀ
2761 3406 2971 3474 Λόγος.
3006 3406 3069 3457 Τί
3103 3406 3158 3458 δὲ
3201 3407 3228 3458 6
3277 3409 3393 3476 μετ’
3429 3411 3654 3472 ἐκείνοι),
3684 3408 3842 3470 ἄλλος

2269 3500 2493 3560 ἐκεῖνος,
2519 3497 2547 3549 6
2580 3498 2730 3560 ἐντὸς
2763 3498 2868 3551 τῶν
2916 3499 3180 3570 οὐρανίων
3220 3499 3426 3553 ἀδύτων
3473 3501 3780 3570 γενόμενος,
3813 3503 3844 3553 6

2267 3591 2322 3641 έν
2357 3589 2432 3658 τῷ
2460 3589 2769 3660 παραδείσῳ
2807 3588 3032 3658 μυηθεὶς
3061 3589 3126 3642 τὰ
3155 3590 3620 3661 ἁπόῤῥητα;“Ων,
3654 3593 3839 3660 φησιν,

2272 3683 2637 3750 ἀπαύγασμα
2665 3680 2772 3746 τῆς
2804 3681 3006 3748 δόξης,
3027 3683 3120 3734 καὶ
3139 3681 3439 3751 χαρακτὴρ
3453 3680 3563 3750 τῆς
3579 3683 3844 3736 ὑποστά-

2267 3788 2420 3837 σεως
2441 3769 2646 3824 αὐτοῦ.
2667 3771 2730 3822 Τί
2757 3771 2893 3839 μετὰ
2923 3771 3141 3834 τούτους
3165 3771 3310 3838 λέγει
3335 3771 3364 3822 ὁ
3384 3771 3842 3842 έγγαστρίμυθος;

2273 3869 2535 3938 Σφραγὶς,
2567 3863 2720 3937 φησὶ,
2763 3863 2862 3931 τῆς
2919 3864 3197 3934 ἐνεργείας
3248 3862 3340 3916 τοῦ
3375 3864 3837 3934 Παντοκράτορος-

2273 3953 2448 4022 τρίτον
2475 3953 2635 4006 αὐτὸν
2669 3953 2808 4022 μετὰ
2845 3954 2935 4006 τὸν
2975 3955 3194 4026 Πατέρα
3223 3958 3382 4019 ποιεῖ,
3414 3957 3479 4025 τῇ
3509 3955 3841 4024 ἀνυπάρκτῳ

2268 4047 2452 4116 ἐκείνῃ
2511 4046 2760 4117 ἐνεργείᾳ
2815 4049 3260 4118 μεσιτευόμενον·
3294 4049 3490 4119 μᾶλλον
3517 4049 3571 4101 δὲ
3607 4049 3740 4120 πρὸς
3781 4049 3844 4100 τὸ

2267 4133 2453 4186 δοκοῦν
2493 4137 2557 4204 τῇ
2615 4135 2920 4207 ὰνυπαρξίᾳ
2970 4137 3327 4208 τυπούμενον,
3375 4139 3682 4208 Ἐνεργείας
3723 4139 3842 4191 ἐστὶ

2271 4229 2503 4296 σφραγὶς
2539 4230 2567 4280 6
2587 4229 2642 4280 ἐν
2674 4229 2811 4298 ἀρχῇ
2843 4228 2936 4293 ὢν,
2971 4229 3142 4297 Λόγος
3189 4230 3340 4292 Θεὸς,
3369 4231 3460 4282 καὶ
3491 4233 3552 4300 τῇ
3575 4232 3842 4298 ἁῖδιότητι

2267 4319 2367 4387 τῆς
2421 4319 2596 4389 ἀρχῆς
2641 4319 2750 4372 τῶν
2798 4320 2965 4374 ὅντων
2993 4321 3444 4392 ὲνθεωρούμενος,
3483 4325 3842 4394 ὁΜονο-ίενὴς

2269 4409 2418 4492 Θεὸς,
2466 4413 2498 4464 ό
2539 4409 2624 4462 ὢν
2649 4411 2720 4464 ἑν
2739 4411 2862 4476 τοῖς
2887 4414 3136 4478 κόλποις
3157 4413 3262 4466 τοῦ
3291 4415 3538 4480 Πατρός,
3561 4421 3587 4467 ο
3607 4414 3675 4467 τὰ
3707 4416 3766 4466 σύ
3777 4433 3846 4482 μ-

2272 4517 2446 4553 παντα
2509 4501 2688 4572 φέρων
2737 4501 2813 4572 τῷ
2865 4506 3068 4576 ῥήματι
3121 4505 3218 4575 τῆς
3259 4504 3538 4574 δυνάμεως
3585 4505 3768 4566 αὐτοῦ,
3815 4509 3846 4558 ὁ

599 4585 710 4637 imo
748 4599 878 4636 vero
943 4597 973 4634 a
1023 4597 1130 4634 non
1179 4581 1507 4635 exsistentia
1566 4591 1625 4633 ut
1675 4582 1809 4633 libet
1851 4583 2163 4634 formatum.

2274 4590 2502 4661 ποιητὴς
2562 4591 2669 4642 τῶν
2701 4591 2933 4656 αἰώνων,
2995 4591 3054 4656 ἐξ
3111 4586 3172 4644 οὗ
3205 4592 3271 4644 τὰ
3320 4595 3517 4658 πάντα,
3566 4594 3656 4646 καὶ
3689 4589 3844 4648 διὀὖ

599 4675 944 4746 Operationis
989 4684 1074 4728 est
1107 4673 1345 4741 sigillum
1399 4673 1489 4727 ille
1528 4673 1620 4742 qui
1657 4681 1740 4726 est
1783 4673 1836 4726 in
1875 4673 2167 4741 principio,

601 4765 835 4820 Verbum
867 4764 1028 4825 Deus,
1066 4773 1118 4818 et
1145 4764 1236 4833 qui
1266 4765 1320 4816 in
1351 4765 1656 4817 aeternitate
1689 4764 1944 4833 principii
1975 4779 2169 4818 eorum

599 4871 720 4925 qua:
754 4863 881 4908 sunt
926 4853 1233 4922 inspicitur,
1270 4852 1604 4920 Unigenitus
1647 4851 1810 4915 Deus,
1866 4853 1956 4916 qui
1998 4863 2073 4906 est
2117 4854 2170 4906 in

595 4947 800 5002 sinibus
837 4945 1041 5008 Patris,
1073 4946 1164 5014 qui
1214 4943 1318 4998 fert
1348 4945 1601 4998 universa
1651 4945 1816 4998 verbo
1849 4961 1962 5000 sua:
1993 4947 2170 4998 virtu-

597 5040 692 5099 tis,
730 5038 819 5107 qui
847 5035 1021 5090 factor
1048 5046 1132 5090 est
1159 5037 1506 5098 saeculorum,
1534 5053 1599 5090 ex
1632 5051 1741 5104 quo
1764 5037 1968 5102 omnia,
1998 5045 2166 5106 etper

598 5143 762 5198 quem
793 5128 1002 5187 omnia,
1035 5127 1126 5195 qui
1151 5135 1311 5181 terra:
1341 5129 1585 5182 continet
1615 5127 1903 5193 ambitum,
1937 5129 2029 5196 qui
2053 5145 2172 5182 cte-

599 5223 710 5274 lum
737 5221 918 5288 palmo
944 5220 1380 5288 comprehendit,
1399 5221 1492 5288 qui
1513 5236 1674 5272 manu
1703 5220 1927 5274 metitur
1947 5237 2166 5289 aquam,

598 5312 693 5379 qui
725 5311 903 5363 omnia
937 5325 1058 5380 quae
1086 5321 1212 5364 sunt
1241 5313 1558 5378 complexus
1583 5311 1743 5374 est",
1763 5313 1851 5380 qui
1877 5312 1928 5364 in
1951 5312 2171 5365 excelsis

605 5401 852 5455 habitam
889 5401 1113 5454 humilia
1141 5403 1351 5468 respicit
1375 5400 1443 5462 7”,
1481 5403 1591 5455 imo
1621 5419 1750 5457 vero
1801 5405 2033 5458 intuitus
2065 5416 2168 5467 est,

601 5503 660 5547 ut
690 5509 906 5548 omnem
939 5501 1096 5548 terra:
1130 5493 1316 5548 orbem
1348 5493 1562 5562 sibiipsi
1602 5496 1900 5549 scabellum
1933 5495 2168 5562 faciat”,

666 5687 717 5720 ’θ
746 5687 902 5742 doun.
979 5706 1012 5749 I,
1079 5691 1125 5743 i.

1234 5690 1278 5721 ⁷¹
1323 5689 1360 5742 ΙΙ
1446 5691 1570 5745 Cor.
1639 5705 1718 5756 ιι,
1775 5691 1808 5744 2
1857 5706 2008 5761 seqq.

596 5755 648 5787 ’⁸
699 5761 803 5815 Isti.
833 5775 976 5826 uvt,
1029 5762 1069 5813 l.

2116 5691 2354 5749 "Hebr.
2425 5710 2459 5762 ι,
2528 5697 2578 5748 2.

2274 4681 2342 4734 τὰ
2391 4683 2596 4748 πάντα,
2647 4686 2675 4737 6
2711 4683 2954 4752 κατέχων
2991 4685 3081 4736 τὸν
3108 4681 3274 4754 γῦρον
3307 4687 3403 4755 τῆς
3435 4686 3554 4755 γῆς,
3589 4686 3616 4736 6
3643 4685 3844 4756 διειλη-

2277 4770 2390 4841 φὼς
2417 4773 2506 4824 τὺν
2535 4775 2760 4843 οὐρανὸν
2789 4775 3056 4845 σπιθαμῇ,
3087 4778 3114 4828 6
3141 4775 3485 4846 περεμετρῶν
3513 4778 3577 4846 τῇ
3614 4779 3753 4846 χειρὶ
3785 4777 3848 4829 τὸ

2278 4862 2443 4936 ὕδωρ,
2475 4867 2502 4917 6
2527 4866 3017 4936 περιδεδραγμένος
3061 4866 3276 4919 πάντων
3307 4865 3415 4918 τῶν
3449 4866 3638 4928 ὄντων,
3691 4870 3723 4920 ό
3777 4867 3846 4919 ἐν

2274 4955 2537 5021 ὑψηλοῖς
2564 4955 2852 5010 κατοικῶν
2881 4957 3064 5010 καὶτὰ
3101 4956 3348 5010 ταπεινὰ
3371 4956 3620 5026 ἐφορῶν,
3648 4957 3846 5027 μᾶλλον

2275 5045 2332 5096 δὲ
2369 5045 2587 5112 ἐπιδὼν,
2612 5047 2696 5099 ἵνα
2718 5051 2912 5117 ποιήσῃ
2949 5051 3127 5100 πᾶσαν
3174 5051 3273 5120 τὴν
3306 5051 3626 5120 οἰκουμένην
3670 5049 3846 5119 ἑαυτῷ

2279 5137 2589 5200 ὑποπόδιον,
2629 5137 2704 5208 τῷ
2739 5137 2869 5208 ἴχνει
2899 5139 2992 5191 τοῦ
3031 5139 3202 5207 Λόγου
3233 5142 3632 5194 ὲντυπωθεῐσαν
3653 5159 3665 5170 ·
3695 5143 3850 5212 ἐνερ-

2277 5228 2429 5294 γείας
2467 5229 2578 5282 ἐστὶ
2607 5231 2860 5300 σφραγὶς,
2891 5235 2923 5300 ἡ
2953 5233 3131 5302 μορφὴ
3151 5232 3244 5284 τοῦ
3274 5233 3427 5286 Θεοῦ.
3454 5231 3664 5288 Οὐκοῦν
3696 5233 3850 5303 ἐνέρ-

2277 5321 2400 5385 γειὰ
2423 5323 2567 5373 ἐστιν
2586 5324 2612 5374 ὁ
2635 5323 2785 5386 Θεὸς,
2815 5324 2912 5392 οὐχ
2942 5323 3256 5388 ὑπόστασις.
3281 5327 3390 5379 Καὶ
3409 5325 3512 5397 μὴν
3537 5325 3666 5378 αὐτὸ
3689 5325 3852 5378 τοῦτο

2277 5411 2642 5480 διερμηνεύων
2676 5413 2836 5483 φησὶν
2855 5415 2883 5466 6
2913 5413 3143 5480 Παῦλος,
3167 5409 3262 5466 ὅτι
3289 5415 3576 5486 χαρακτήρ
3608 5415 3753 5467 ἐστιν
3787 5413 3848 5465 οὐ

2277 5504 2374 5571 τῆς
2395 5501 2692 5571 ἐνεργείας,
2728 5503 2861 5556 ἀλλὰ
2879 5504 2976 5574 τῆς
2999 5505 3348 5566 ὑποστάσεως
3366 5522 3379 5535 ·
3415 5505 3448 5576 ἢ
3475 5505 3536 5558 τὸ
3567 5505 3666 5576 τῆς
3693 5503 3851 5574 δόξης

2689 5696 2732 5728 ⁷³
2795 5697 2898 5752 lsu.

2964 5717 3070 5768 ιιι,
3131 5701 3214 5755 1‘2.
3293 5701 3338 5732 τ*
3399 5699 3544 5757 Psal.
3605 5716 3740 5766 ειη,
3791 5699 3845 5754 5.
