4146 6370
341 377 439 437 541

1479 376 1758 434 CONTRA
1787 373 2151 432 EUNOMIUM
2177 413 2190 438 ,
2232 373 2357 428 LIB.
2399 377 2464 426 ll.

3505 369 3608 424 512

337 495 680 568 ἀταύγασμα
731 495 965 565 σφραγίς
1007 497 1154 547 ἐστιν
1215 493 1496 565 ἐνεργείας
1538 495 1696 548 Θεοῦ.
1731 496 1796 547 Ὢ
1831 495 1913 564 τῆς

2032 491 2194 548 Verbi
2241 491 2487 560 vestigiis
2540 489 2888 558 impressum.
2945 486 3292 558 Operationis
3327 492 3413 542 est
3457 488 3608 556 εἱειε-

336 587 566 651 άσεϐοὖς
632 588 872 658 ἀμαθίας
895 605 909 618 ”
965 587 1018 639 τί
1046 587 1206 658 μέσον
1251 588 1367 638 ἐστὶ
1407 587 1500 639 τοῦ
1538 587 1672 640 Θεοῦ
1704 589 1798 640 καὶ
1830 589 1928 655 τῆς

336 680 508 732 ἁῖδίου
530 679 741 750 μορφῆς
765 695 778 742 ;
802 679 906 731 τίνι
923 678 978 730 δὲ
994 677 1340 748 μεσιτεύεται
1354 678 1488 749 πρὸς
1507 678 1596 731 τὸν
1611 679 1930 748 χαρακτῆρα

337 773 536 840 ἑαυτῆς
565 773 596 842 ἠ
631 773 926 834 ὑπόστασις
953 788 967 836 ;
1003 773 1055 823 τί
1085 771 1140 824 δὲ
1187 771 1388 840 μεταξὺ
1412 774 1612 824 νοεῖται
1646 771 1744 840 τῆς
1772 771 1930 841 δόξης

335 866 432 918 καὶ
473 864 568 918 τοῦ
631 865 1094 934 άπαυγάσματος;
1141 865 1302 917 Ἀλλὰ
1345 864 1599 917 τοιούτων
1627 864 1795 916 ὅντων
1827 865 1923 916 καὶ

334 954 624 1017 τοσούτων,
662 955 726 1007 δι’
763 949 840 1008 ὧν
885 954 946 1006 τὸ
1005 954 1287 1024 μεγαλεῖον
1333 955 1772 1024 ἀνακηρύσσεται
1827 953 1922 1006 τοῦ

341 1047 612 1100 Δεσπότου
643 1047 740 1112 τῆς
783 1048 1032 1111 κτίσεως,
1071 1047 1220 1118 παρὰ
1257 1045 1364 1098 τῶν
1396 1045 1840 1114 πεπιστευμένων
1863 1048 1923 1096 τδ

337 1143 600 1210 κήρυγμα
620 1178 635 1200 ,
667 1133 753 1190 οἷα
785 1139 912 1208 napi.
933 1139 1098 1192 αὑτοῦ
1131 1139 1460 1208 διεξέρχεται
1499 1138 1528 1188 6
1549 1137 1646 1206 τῆς
1677 1137 1921 1188 ἀποστα-

337 1231 458 1294 σίας
513 1230 842 1300 πρόδρομος,
893 1231 944 1283 τί
993 1231 1176 1299 λέγεις
1222 1232 1312 1294 Ὡς
1363 1230 1587 1292 εἰκόνα,
1637 1229 1793 1298 φησι,
1823 1226 1922 1280 καὶ

337 1323 638 1390 σφραγῖδα
685 1321 888 1388 πάσης
930 1323 1040 1390 τῆς
1069 1321 1176 1374 τοῦ
1241 1319 1724 1388 Παντοκράτορος
1764 1319 1925 1386 ἐνερ-

337 1414 500 1481 γείας
522 1413 619 1466 καὶ
647 1413 972 1482 δυνάμεως.
1001 1413 1124 1476 Πῶς
1145 1412 1566 1484 παραγράφεται
1591 1411 1687 1472 τὰς
1711 1409 1802 1462 τοῦ
1827 1427 1922 1478 με-

337 1504 502 1572 γάλου
529 1505 736 1556 Παύλου
763 1506 974 1572 φωνάςς
1006 1505 1211 1568 ἐκεῖνός
1230 1521 1414 1574 φησιν,
1445 1502 1674 1556 ὅτιΘεοῦ
1693 1500 1920 1570 δύναμίς

339 1597 487 1648 ἐστιν
529 1597 557 1647 6
599 1595 749 1658 Υἱὸς,
805 1589 955 1657 οὗτος
984 1594 1038 1647 δὲ
1087 1595 1250 1650 αὐτὸν
1291 1594 1556 1664 σφραγῖδα
1581 1594 1728 1660 λέγει
1757 1591 1918 1644 δυνά-

341 1702 504 1754 μεως,
539 1685 659 1755 οὐχὶ
686 1685 932 1754 δύναμιν.

2036 588 2168 650 lmn,
2193 586 2286 640 Dei
2329 585 2522 638 ferina.
2551 581 2721 653 Igitur
2760 581 2902 638 Deus
2930 591 3014 637 est
3043 583 3309 652 operatio,
3338 598 3448 635 non
3472 581 3606 634 sub-

2033 680 2256 732 stantia.
2289 678 2454 746 Atqui
2497 675 2558 730 D.
2590 675 2794 730 Paulus
2833 675 2940 730 hoc
2986 676 3164 744 ipsum
3208 674 3602 744 interpretans,

2029 771 2178 834 ait”,
2196 763 2495 823 Character
2510 777 2615 832 est,
2643 769 2694 821 id
2715 777 2798 822 est
2821 783 3082 837 expressa
3123 768 3321 837 imago,
3343 783 3450 820 non
3475 781 3604 835 ope-

2026 860 2264 912 rationis
2298 857 2394 912 sed
2425 857 2784 920 substantiis;
2817 857 2900 910 vel
2933 855 3122 925 gloriae
3149 855 3408 926 splendor
3447 855 3602 925 sigil-

2025 952 2136 1004 lum
2193 957 2276 1003 est
2338 949 2674 1017 operationis
2730 946 2846 1001 Dei.
2901 945 2945 1001 Ο
3003 947 3227 1014 impiam
3282 945 3598 1002 inscitiam!

2023 1041 2295 1106 Quidnam
2327 1047 2411 1094 est
2443 1039 2682 1092 medium
2713 1037 2856 1092 inter
2891 1037 3058 1091 Deum
3097 1044 3152 1090 et
3191 1045 3448 1092 mternam
3490 1037 3602 1090 for-

2025 1131 2207 1184 mam?
2239 1130 2280 1182 Λ
2312 1146 2424 1198 quo
2450 1137 2630 1182 autem
2673 1128 2942 1182 meiliatur
2971 1127 3036 1180 ad
3085 1127 3455 1181 characterem
3515 1125 3599 1180 sui

2024 1223 2198 1290 ipsius
2229 1220 2590 1276 substantia?
2616 1219 2888 1284 Quidnam
2911 1220 3231 1288 intelligitur
3249 1220 3599 1286 interjectnm

2024 1316 2166 1368 inter
2194 1314 2422 1384 gloriam
2453 1319 2506 1366 et
2541 1310 2936 1380 splendorem?
2967 1309 3072 1364 Sed
3113 1327 3236 1364 cum
3271 1318 3349 1363 tot
3385 1323 3439 1362 et
3472 1309 3602 1362 talia

2025 1406 2154 1466 sint,
2193 1419 2288 1472 per
2320 1417 2440 1471 qua:
2489 1399 2835 1470 magniﬁcum
2868 1397 3082 1452 Domini
3125 1409 3392 1452 creaturae
3422 1398 3600 1451 abhis

2023 1495 2118 1562 qui
2180 1491 2540 1545 crediderunt
2597 1488 2924 1558 prtedicatur
2983 1487 3310 1554 praeconium
3345 1521 3358 1542 ,
3412 1487 3600 1557 qualia

2025 1584 2298 1652 percurrit
2330 1581 2396 1634 de
2433 1596 2498 1633 eo
2525 1577 2854 1632 defectionis
2891 1592 3222 1646 praecursor,
3258 1577 3387 1646 quid
3419 1577 3593 1630 dicit?

2029 1667 2618 1738 Tanquamimaginem,
2647 1669 2846 1738 inquit,
2883 1678 2932 1721 et
2988 1669 3220 1737 sigillum
3259 1669 3429 1722 omnis
3479 1686 3601 1737 ope—

337 1775 560 1828 rationis
592 1784 644 1828 et
681 1776 891 1828 virtutis
926 1773 1331 1841 Omnipotentis.
1380 1771 1663 1839 Quomodo
1719 1767 1898 1838 magni
1940 1763 2090 1817 Pauli
2129 1777 2290 1814 voces
2345 1775 2628 1828 perperam
2706 1761 3058 1812 transcribit?
3115 1760 3208 1813 llle
3281 1762 3378 1824 ait,
3449 1761 3596 1830 quod

337 1868 426 1922 Dei
459 1869 634 1923 virtus
663 1869 778 1922 sive
812 1867 1048 1936 potentia
1080 1875 1164 1920 est
1213 1865 1402 1929 Filius,
1461 1865 1552 1920 hic
1601 1865 1778 1930 ipsum
1819 1859 2056 1929 sigillum
2081 1854 2300 1906 virtutis
2327 1861 2596 1915 autumat,
2633 1868 2742 1904 non
2775 1851 3060 1904 virtutem.

405 1957 517 2010 Καὶ
549 1956 709 2010 πάλιν
749 1953 1106 2008 ἐπαναλαϐὼν
1141 1955 1230 2006 τὸν
1267 1953 1446 2022 λόγον,
1477 1949 1563 2006 οἷα
1600 1953 1711 2014 τοῖς
1743 1953 1897 2022 εἰρη-

2075 1944 2152 1996 Ae
2185 1958 2376 1996 rursus
2402 1943 2634 2010 repetito
2661 1957 2935 2006 sermone,
2975 1941 3156 2010 qualia
3189 1941 3273 1994 his
3299 1957 3420 2010 qua:
3452 1944 3598 2000 dicta

337 2047 522 2116 μένοις
546 2045 933 2117 προστίθησινς
970 2045 1271 2114 Σφραγῐδα
1300 2045 1447 2112 λέγει
1482 2042 1605 2096 τῶν
1642 2043 1748 2096 τοῦ
1782 2046 1906 2094 Πα-

337 2137 474 2204 τρός
511 2137 700 2205 ἔργων
729 2137 825 2190 καὶ
865 2135 1318 2206 βουλευμάτων.
1369 2135 1552 2197 Ποίοις
1591 2134 1772 2204 ἔργοις
1817 2132 1908 2186 τοῦ

339 2229 550 2300 Πατρός
585 2231 730 2282 ἐστιν
767 2230 988 2299 ὅμοιος;
1033 2229 1124 2282 τὸν
1167 2229 1370 2298 κόσμον
1411 2229 1624 2290 πάντως
1653 2229 1786 2298 ἐρεῖ,
1819 2225 1910 2278 καὶ

337 2320 407 2374 τὰ
434 2323 490 2373 ὲν
517 2321 664 2391 αὐτῷ
698 2321 874 2374 πάντα
898 2339 910 2350 ·
947 2319 1082 2374 ἀλλὰ
1115 2320 1219 2390 μὴν
1251 2320 1429 2373 πάντα
1459 2317 1650 2382 ταῦτα,
1675 2317 1766 2370 τοῦ
1801 2318 1911 2370 Μο-

337 2410 585 2479 νογενοῦς
637 2411 771 2482 ἔργα
821 2408 958 2464 εἶναι
1023 2410 1084 2466 τὸ
1141 2411 1474 2478 Εὑαγγέλιον
1533 2409 1909 2480 ἐμαρτύρησε.

339 2499 516 2562 Ποίοις
561 2500 738 2552 τοίνυν
781 2500 960 2570 ἔργοις
1007 2500 1100 2554 τοῦ
1155 2500 1366 2571 Πατρὸς
1408 2499 1695 2568 ώμοιώθη;
1737 2501 1908 2552 Τίνων

337 2588 550 2656 ἐγένετο
589 2589 763 2660 ἔργων
802 2589 1070 2660 σφραγίς
1119 2589 1254 2641 Ποία
1292 2589 1348 2640 δὲ
1389 2587 1582 2659 Γραςὴ
1637 2585 1910 2656 σφραγῖδα

336 2677 443 2730 τῶν
488 2680 770 2749 πατρικῶν
814 2679 989 2748 ἔργων
1039 2679 1200 2732 αὑτὸν
1237 2681 1715 2749 προσηγόρευσεν;
1761 2678 1823 2728 Εἰ
1851 2675 1910 2728 δέ

336 2787 419 2833 τις
461 2768 608 2838 αὐτῷ
661 2772 752 2822 καὶ
786 2770 942 2822 τοῦτο
985 2771 1100 2840 δοίη
1129 2811 1144 2834 ,
1171 2771 1231 2823 τὸ
1271 2771 1532 2824 πλάσσειν
1569 2770 1757 2837 λόγους
1789 2769 1909 2820 κατ’

343 2860 591 2926 ἐξουσίαν
619 2861 694 2922 ὡς
722 2861 966 2930 βούλεται
991 2879 1004 2892 ·
1043 2861 1146 2914 κᾶν
1189 2863 1220 2931 ἡ
1259 2859 1448 2932 Γραφὴ
1474 2859 1545 2930 μὴ
1571 2859 1906 2922 συντίθεται,

337 2952 543 3004 εἰπάτω
574 2953 699 3004 ποῖα
748 2951 840 3004 τοῦ
891 2952 1101 3021 Πατρός
1137 2953 1282 3006 ἐστιν
1321 2951 1454 3022 ἔργα
1484 2951 1591 3003 τῶν
1627 2949 1779 3022 παρὰ
1812 2949 1906 3001 τοῦ

341 3043 468 3097 Υἱοῦ
521 3044 818 3112 γεγονότων
869 3044 1266 3114 κεχωρισμένα,
1318 3041 1392 3096 ῶν
1461 3044 1728 3114 σφραγῖδα
1763 3043 1908 3110 λέγει

337 3133 428 3186 τὸν
485 3135 609 3186 Υἱὸν
647 3133 1002 3203 γεγενῆσθαι;
1046 3136 1220 3204 Ἔργα
1271 3135 1362 3186 τοῦ
1395 3135 1569 3203 Λόγου
1614 3134 1682 3186 τά
1728 3133 1898 3204 ὁρατὰ

339 3222 516 3278 πάντα
539 3223 632 3276 καὶ¹
653 3223 719 3274 τὰ
744 3224 972 3293 ἀόρατα·
1001 3225 1056 3275 ἐν
1082 3227 1192 3286 τοῖς
1213 3225 1504 3296 ὁρωμένοις
1522 3227 1548 3276 ό
1571 3224 1771 3292 κόσμος
1788 3223 1910 3287 ὅλος

339 3316 432 3367 καὶ
443 3313 512 3366 τὰ
531 3316 586 3365 ἐν
610 3313 756 3383 αὐτῷ
783 3313 979 3377 πάντα,
1005 3315 1060 3365 ἐν
1084 3316 1191 3376 τοῖς
1213 3315 1463 3383 ἀοράτοις
1487 3317 1520 3382 ἡ
1545 3313 1911 3384 ὑπερκόσμιος
1937 3291 1980 3350 c

337 3405 530 3468 κτίσις.
565 3407 700 3457 Ποῖα
740 3405 916 3470 τοίνυν
949 3404 1297 3457 ὑπολείπεται
1332 3404 1436 3468 ἔξω
1467 3405 1572 3456 τῶν
1606 3405 1899 3474 ὁρωμένων

336 3513 392 3548 τε
427 3493 518 3547 καὶ
535 3493 1256 3568 ἀοράτωιέργατοῦΠατρὸς
1290 3497 1374 3563 ἐφ’
1420 3495 1625 3548 ἑαυτῶν
1677 3495 1912 3566 Θεωροῦ-

339 3602 498 3656 μενα,
532 3578 606 3638 ὧν
681 3585 954 3656 σφραγῖδα
985 3585 1131 3653 λέγει
1163 3584 1252 3638 τὸν
1285 3585 1410 3638 Υίὸν
1441 3585 1796 3654 γεγενῆσθαι;
1841 3587 1912 3637 ’Ἡ

336 3679 475 3746 τάχα
530 3677 689 3730 πάλιν
732 3678 824 3730 ἐπὶ
867 3678 957 3730 τὸν
1001 3677 1208 3748 δυσώδη
1256 3680 1356 3747 τῆς
1405 3678 1668 3747 αἱρέσεως
1721 3677 1910 3746 ἔμετον

336 3769 592 3839 ἐπανήξει
620 3769 1142 3840 στενοχωρούμενοςν
1171 3770 1266 3822 καὶ
1301 3769 1441 3835 λέξει
1466 3769 1622 3837 ἔργον
1647 3764 1784 3822 εἷναι
1811 3766 1904 3822 τοῦ

337 3860 548 3932 Πατρὸς
565 3862 651 3913 τὸν
675 3860 830 3924 Υίόν;
857 3861 978 3924 Πῶς
1002 3857 1093 3913 οὖν
1120 3861 1353 3930 σφραγὶς
1375 3861 1587 3928 γίνεται
1610 3861 1716 3913 τῶν
1736 3860 1909 3931 ἔργων

337 3951 538 4006 τούτων
565 3953 594 4003 ὁ
625 3952 770 4016 Υἱός;
805 3953 972 4015 Αὐτὸς
1005 3952 1100 4016 ὣν,
1133 3951 1207 4015 ὥς
1234 3970 1396 4023 φησιν
1426 3951 1606 4014 αὐτὸς,
1637 3950 1696 4003 τὸ
1719 3951 1899 4021 ἔργον,

337 4041 370 4112 ἢ
407 4041 499 4094 τὸν
533 4042 695 4095 αὐτὸν
725 4041 870 4110 λέγει
924 4042 1016 4096 καὶ
1055 4043 1234 4113 ἔργον,
1269 4045 1363 4096 καὶ
1410 4042 1570 4113 ἔργου
1624 4041 1905 4112 ὁμοίωμα;

338 4132 580 4186 Δεδόσοω
625 4133 798 4187 ταῦτα
819 4151 831 4163 ·
865 4135 1074 4188 εἰπάτω
1121 4135 1188 4188 τὰ
1221 4136 1383 4189 λοιπὰ
1415 4135 1550 4206 ἔργα
1574 4175 1588 4199 ,
1639 4128 1712 4188 ὧν
1761 4135 1909 4203 λέγει

338 4224 664 4295 δημιουργὸν
689 4225 780 4278 τὸν
823 4227 1064 4297 Πατέρα,
1096 4221 1176 4290 οἷς
1205 4229 1232 4280 ὁ
1265 4226 1391 4289 Υἱὸς
1425 4225 1683 4296 ὡμοιώθη
1703 4242 1715 4254 ·
1751 4227 1908 4296 εἰπερ

337 4316 424 4369 διὰ
457 4317 554 4388 τῆς
589 4317 880 4388 σφραγῖδος
906 4321 1015 4370 νοεῖ
1037 4319 1094 4371 τὸ
1121 4319 1387 4388 ὁμοίωμα.
1422 4319 1613 4381 Ποίους
1639 4319 1694 4371 δὲ
1720 4317 1909 4386 λόγους

337 4409 530 4472 ἄλλους
558 4409 649 4461 τοῦ
676 4409 888 4478 Πατρὸς
909 4395 1050 4463 οἶδεν
1078 4413 1106 4463 6
1127 4410 1408 4480 Εὑνόμιος,
1440 4411 1590 4481 παρὰ
1615 4409 1707 4463 τὸν
1739 4410 1824 4463 ἀεὶ
1849 4411 1908 4462 ἐν

338 4501 412 4570 τῷ
460 4503 633 4574 Πατρὶ
681 4503 808 4555 ὄντα
847 4503 1037 4572 Λόγον,
1086 4503 1145 4556 ὃν
1186 4503 1452 4574 σφραγῖδα
1512 4500 1788 4572 ὀνομάζει,
1815 4501 1907 4553 τὸν

339 4594 545 4664 κυρίως
572 4595 665 4647 καὶ
693 4593 908 4671 άληθῶς
939 4595 1035 4647 καὶ
1065 4594 1294 4666 πρώτως
1327 4595 1456 4649 ὄντα
1485 4612 1544 4647 τε
1586 4596 1681 4647 καὶ
1710 4595 1906 4663 ὁνομα-
1938 4627 1981 4680 D

337 4680 561 4752 ζόμενον
593 4685 760 4753 Λόγον
779 4699 794 4749 ;
813 4685 952 4754 Πρὸς
981 4688 1108 4738 ποῖα
1141 4685 1197 4737 δὲ
1227 4685 1566 4754 βουλεύματα
1600 4683 1783 4754 βλέπει
1807 4685 1908 4754 τῆς

336 4775 429 4828 τοῦ
463 4776 596 4829 Θεοῦ
631 4777 820 4846 σοφίας
867 4779 1279 4848 κεχωρισμένα,
1311 4777 1391 4841 οἷς
1419 4777 1697 4848 ὁμοιοῦται
1735 4780 1766 4848 ή
1809 4779 1903 4832 τοῦ

341 4865 476 4918 Θεοῦ
523 4867 704 4935 σοφία,
756 4869 989 4938 σφραγὶς
1031 4869 1285 4939 γινομένη
1345 4868 1452 4921 τῶν
1503 4869 1902 4938 βουλευμάτων;

347 4959 536 5028 Ὁρᾶτε
561 4957 621 5010 τὸ
646 4959 956 5030 ἀδιάκριτον
979 4963 1072 5013 καὶ
1101 4961 1501 5032 ἀπερίσκεπτον
1523 4962 1617 5013 καὶ
1640 4961 1904 5032 συρφετὸν

333 5049 424 5101 τοῦ
455 5049 637 5118 λόγου,
663 5045 750 5102 οἷα
776 5051 868 5104 τοῦ
897 5053 1193 5122 μυστηρίου
1223 5053 1620 5114 κατασκευάζει
1645 5069 1658 5116 ;
1687 5053 1840 5121 Μήτε
1867 5051 1903 5106 ἃ

334 5141 478 5208 λέγει
517 5143 898 5210 ἐπιστάμενος,
931 5144 1068 5213 μήτε
1105 5145 1233 5214 περὶ
1265 5144 1410 5206 τίνος
1439 5145 1580 5194 ποιεῖ
1604 5142 1694 5195 τὸν
1724 5142 1900 5210 λόγον.

346 5233 402 5280 't)
442 5230 549 5301 γὰρ
576 5232 692 5283 ὅλον
723 5231 860 5300 ἔχων
893 5235 951 5284 ὲν
983 5233 1160 5302 ἐαυτῷ
1197 5234 1287 5286 τὸν
1321 5235 1538 5304 Πατέρα
1563 5274 1578 5298 ,
1625 5235 1716 5286 καὶ
1743 5235 1800 5286 ἐν
1827 5235 1904 5304 τῷ

334 5323 506 5392 Πατρὶ
539 5324 658 5380 ὅλος
701 5322 798 5386 ὢν,
847 5325 920 5386 ὡς
955 5326 1124 5392 Λόγος
1163 5329 1257 5378 καὶ
1294 5326 1459 5395 Σοφία
1501 5328 1596 5379 καὶ
1634 5327 1862 5396 δύναμις
1886 5368 1900 5390 ,

334 5413 426 5463 καὶ
459 5413 688 5482 ἀλήθεια
735 5415 828 5466 καὶ
865 5417 1150 5486 χαρακτὴρ
1193 5418 1286 5469 καὶ
1330 5417 1702 5486 ἀπαύγασμα,
1749 5416 1907 5478 αὐτός

333 5506 478 5556 ἐστιν
527 5505 583 5554 ἐν
622 5504 698 5572 τῷ
745 5507 917 5575 Πατρὶ
957 5507 1024 5558 τὰ
1064 5508 1267 5560 πάντα·
1313 5507 1412 5560 οὑκ
1441 5507 1614 5560 ἄλλων
1657 5507 1816 5559 τινῶν
1852 5509 1906 5557 ἐν

333 5593 410 5662 τῷ
445 5595 616 5664 Πατρὶ
651 5595 756 5665 πρὸ
781 5596 946 5648 αὑτοῦ
981 5597 1400 5668 Θεωρουμένων·
1436 5600 1596 5652 εἰκὼν
1624 5599 1906 5666 γινόμενος

335 5687 428 5740 καί
462 5687 696 5756 σφραγὶς
724 5688 817 5740 καὶ
862 5691 1131 5760 ὁμοίωμα.
1167 5687 1294 5744 Εἶτα
1327 5690 1608 5762 χαρίζεται
1638 5690 1784 5760 αὐτῷ
1816 5689 1906 5742 τὸν

423 5853 466 5889 ⁷⁸
497 5861 662 5920 liebr.
715 5881 756 5934 ι,
789 5867 824 5924 5

2006 2036 2119 2104 jam
2155 2033 2376 2088 fuerunt
2409 2032 2598 2086 addit?
2652 2031 2899 2102 Sigillum
2937 2032 3118 2086 Patris
3149 2049 3362 2101 operum
3402 2047 3448 2088 et
3487 2055 3599 2090 ver-

2009 2126 2192 2178 borum
2237 2133 2286 2176 ει
2331 2125 2697 2178 consiliorum.
2749 2123 2960 2189 Quibus
2993 2127 3253 2193 operibus
3289 2127 3466 2181 Patris
3513 2140 3598 2183 est

2012 2215 2246 2270 similis?
2275 2214 2536 2267 mundum
2567 2215 2754 2283 procul
2788 2215 2956 2268 dubio
2982 2214 3144 2274 dicet.
3169 2225 3222 2268 et
3251 2233 3370 2286 quae
3399 2220 3451 2273 in
3477 2219 3595 2286 ipso

2013 2313 2141 2356 sunt
2167 2303 2370 2356 omnia.
2403 2299 2792 2354 Verumtamen
2820 2301 2933 2353 haec
2957 2303 3141 2354 omnia
3177 2303 3451 2374 Unlgeniti
3474 2324 3598 2360 esse

2011 2409 2178 2464 opera
2231 2393 2586 2462 Evangelium
2639 2399 2896 2446 testatur.
2955 2393 3166 2457 Quibus
3207 2395 3372 2464 igitur
3418 2397 3597 2452 Patris

2012 2486 2270 2554 operibus
2307 2485 2500 2538 similis
2529 2483 2705 2536 factus
2733 2493 2816 2538 est
2838 2485 2861 2536 ?
2883 2501 3115 2553 quorum
3143 2500 3369 2555 operum
3405 2488 3586 2542 factus

2012 2584 2096 2632 est
2143 2576 2378 2645 sigillum
2405 2573 2580 2640 ?Qu:e
2631 2583 2811 2629 autem
2851 2574 3135 2646 Scriptura
3179 2579 3357 2647 ipsum
3407 2591 3590 2650 pater-

2014 2682 2210 2719 norum
2255 2681 2479 2736 operum
2523 2666 2769 2730 sigillum
2819 2669 3160 2723 nominavit?
3189 2669 3342 2735 Quod
3379 2673 3422 2726 si
3471 2674 3595 2742 quis

2014 2758 2118 2812 hoc
2155 2759 2319 2812 etiam
2367 2759 2636 2811 Eunomio
2665 2759 2899 2823 dederit,
2949 2763 3151 2848 lingere
3198 2779 3478 2818 sermones
3527 2765 3592 2818 ad

2013 2849 2223 2904 libitum
2248 2857 2410 2918 prout
2452 2850 2565 2918 ipse
2595 2851 2866 2905 voluerit.
2894 2853 3108 2912 etiamsi
3155 2853 3438 2923 Scriptura
3485 2873 3592 2911 non

2012 2939 2278 2994 concedat
2308 2940 2487 2992 :dieat
2532 2955 2720 3008 quaeso
2757 2956 3002 3010 quamam
3032 2943 3211 2997 Patris
3258 2957 3385 3000 sunt
3430 2963 3594 3017 opera

2014 3033 2081 3085 ab
2115 3032 2198 3086 his
2228 3045 2348 3102 quae
2378 3039 2506 3085 sunt
2545 3047 2574 3084 a
2602 3031 2739 3086 Filio
2772 3032 2912 3087 facta
2946 3043 3215 3102 separata,
3249 3051 3479 3104 quorum
3521 3040 3595 3093 si-

2013 3124 2200 3194 gillum
2236 3123 2368 3177 dicit
2405 3121 2600 3176 Filium
2633 3125 2842 3178 luisse?
2871 3123 3048 3194 Opera
3083 3121 3246 3180 Verbi
3287 3130 3469 3182 omnia
3505 3145 3594 3182 as-

2015 3216 2305 3286 pectaliilia
2323 3224 2376 3269 et
2397 3216 2810 3284 inaspectabilia
2833 3235 2845 3269 :
2869 3217 2920 3270 in
2943 3217 3030 3271 his
3049 3234 3170 3287 qua:
3189 3219 3294 3273 sub
3314 3229 3591 3289 aspectum

2016 3307 2238 3371 cadunt,
2271 3315 2419 3360 totus
2454 3307 2690 3362 mundus
2725 3315 2777 3360 et
2809 3324 2930 3377 (lum
2971 3310 3025 3362 in
3076 3309 3192 3378 ipso
3234 3311 3594 3364 continentur

2016 3399 2234 3452 omnia:
2295 3399 2351 3452 in
2401 3399 2487 3451 his
2525 3414 2647 3466 quae
2703 3415 2924 3452 sensum
2974 3401 3256 3452 oculorum
3305 3401 3590 3470 emugiunt,

2014 3491 2193 3544 omnis
2253 3491 2718 3558 supermundialis
2775 3499 3048 3544 creatura.
3110 3489 3370 3556 Quaenam
3430 3493 3595 3562 igitur

2015 3591 2230 3636 restant
2263 3591 2417 3636 extra
2457 3597 2519 3636 ea
2570 3599 2690 3652 qute
2745 3583 3184 3654 conspiciuntur,
3225 3591 3278 3637 et
3321 3600 3440 3653 qum
3487 3601 3594 3638 non

2012 3675 2189 3729 oculis
2216 3683 2520 3728 cernuntur
2570 3675 2744 3730 Patris
2775 3691 2938 3744 Opera
2989 3676 3042 3728 in
3075 3676 3273 3745 seipsis
3324 3685 3590 3745 spectata,

2012 3781 2242 3836 quorum
2294 3765 2384 3818 Dei
2435 3764 2631 3818 Filium
2665 3775 2914 3819 autumat
2965 3767 3136 3820 fuisse
3184 3767 3582 3835 sigillum?An

2009 3857 2244 3912 fortasse
2273 3858 2464 3911 iterum
2493 3859 2558 3911 ad
2584 3859 2984 3926 graveolentem
3019 3859 3289 3912 hazreseos
3313 3859 3578 3912 vomitum

2011 3949 2209 4002 redibit
2243 3949 2296 4002 in
2327 3957 2538 4002 aretum
2585 3956 2915 4010 coarctatus,
2959 3957 3014 4003 et
3049 3949 3194 4002 dicet
3233 3947 3430 4002 Filium
3466 3964 3590 4005 esse

2011 4055 2149 4108 opus
2170 4038 2394 4094 Patris?
2421 4039 2696 4108 quomodo
2725 4040 2887 4109 igitur
2929 4039 3167 4110 sigillum
3215 4040 3412 4093 horum
3450 4057 3586 4110 ope-

2011 4147 2130 4186 rum
2174 4129 2410 4183 edicitur
2436 4129 2646 4185 Filius?
2677 4132 2795 4200 ipse
2829 4147 2952 4184 cum
2978 4131 3068 4196 sit,
3099 4133 3398 4194 ntasserit,
3427 4147 3587 4202 opus,

2011 4239 2079 4276 an
2112 4223 2361 4277 emndem
2394 4222 2525 4276 dicit
2555 4223 2718 4276 etiam
2751 4238 2892 4292 epus
2916 4230 2968 4278 et
2990 4224 3170 4292 operis
3191 4223 3590 4279 simulacrum?

2011 4315 2124 4368 haec
2157 4316 2354 4368 dentur
2395 4332 2406 4366 :
2449 4314 2596 4367 dicat
2647 4314 2856 4384 reliqua
2905 4330 3067 4383 opera
3130 4331 3362 4384 quorum
3417 4315 3586 4368 labri-

2009 4413 2250 4460 catorem
2286 4411 2339 4456 et
2393 4403 2642 4472 Opificem
2685 4398 2895 4455 Patrem
2931 4402 3179 4464 aliirmat,
3235 4404 3436 4470 quibus
3486 4403 3590 4457 fuit

2009 4493 2182 4552 Filius
2213 4495 2580 4550 assimilatus:
2612 4495 2876 4563 siquidem
2917 4510 3013 4566 per
3040 4497 3278 4564 sigillum
3336 4497 3588 4567 intelligit

2011 4589 2388 4644 simulacrum.
2420 4586 2676 4651 Qucenam
2724 4585 2831 4638 alia
2881 4587 3046 4639 verba
3081 4585 3257 4640 Patris
3289 4588 3442 4640 novit
3471 4588 3581 4642 Eu-

2013 4677 2233 4732 nomius
2269 4683 2466 4745 praeter
2499 4675 2629 4727 illud
2659 4675 2802 4743 ιμιοιΙ
2841 4675 2892 4727 in
2917 4673 3076 4728 Patre
3101 4691 3313 4744 semper
3341 4687 3426 4730 est
3461 4675 3590 4732 Ver-

2011 4770 2164 4830 bum,
2206 4768 2348 4836 quod
2381 4767 2617 4836 sigillum
2655 4765 3149 4833 nomitmt,proprie
3178 4773 3232 4817 et
3254 4779 3381 4818 vere
3399 4765 3588 4834 primi-

2009 4869 2098 4914 tus
2127 4859 2269 4929 quod
2308 4867 2389 4914 est
2416 4867 2470 4913 et
2501 4857 2818 4912 nominatur
2853 4854 3084 4908 Verbum
3107 4854 3222 4909 ?Ad
3253 4873 3372 4926 quae
3403 4867 3590 4911 autem

2011 4953 2244 5007 consilia
2269 4949 2492 5018 respicit
2519 4965 2547 5002 a
2585 4947 2673 5002 Dei
2696 4947 2962 5016 sapientia
2984 4953 3234 5015 separata
3263 4963 3327 5001 ac
3348 4947 3590 5012 divulsa,

2009 5045 2207 5114 quibus
2227 5044 2284 5097 lit
2301 5042 2498 5097 similis
2519 5039 2609 5092 Dei
2640 5039 2930 5107 sapientia,
2949 5037 3086 5090 facta
3112 5036 3196 5092 Dei
3217 5039 3584 5092 consiliorum

2010 5129 2278 5202 sigillum?
2305 5127 2496 5182 Videte
2533 5127 2858 5196 indigestam
2900 5135 3064 5194 atque
3107 5127 3586 5181 inconsideratam

2009 5223 2194 5276 faecem
2227 5232 2278 5274 et
2319 5219 2608 5274 COIlllVlCﬂl
2639 5217 2927 5270 orationis.
2961 5217 3132 5282 Quale
3175 5221 3446 5274 construit
3478 5237 3591 5291 my-

2009 5310 2270 5367 sterium?
2295 5323 2470 5378 neque
2497 5323 2618 5376 qua:
2635 5307 2762 5360 dicit
2787 5307 2988 5373 sciens,
3012 5295 3185 5377 neque
3203 5309 3269 5362 de
3292 5325 3400 5378 quo
3423 5311 3586 5364 verba

2013 5404 2167 5457 facit.
2199 5401 2303 5466 Qui
2337 5401 2480 5455 enim
2515 5409 2688 5450 totum
2743 5399 2908 5452 habet
2953 5400 3004 5452 in
3045 5401 3230 5468 seipso
3264 5398 3498 5461 Patrem,
3533 5411 3590 5454 et

2015 5497 2109 5564 qui
2147 5503 2298 5546 totus
2342 5501 2425 5547 est
2459 5496 2509 5543 in
2543 5490 2724 5552 Patre,
2760 5499 2817 5542 ut
2855 5490 3089 5543 Verbum
3121 5499 3174 5543 et
3208 5489 3486 5558 Sapientia
3533 5499 3588 5545 et
3675 5545 3678 5548 _

2014 5589 2214 5648 virtus,
2263 5593 2316 5638 et
2367 5585 2569 5637 veritas
2613 5590 2666 5636 et
2716 5582 3002 5635 character
3035 5569 3090 5636 et
3133 5581 3428 5651 splendor;
3473 5581 3588 5649 ipse

2012 5693 2095 5737 est
2128 5683 2182 5736 in
2230 5677 2392 5733 Patre
2422 5675 2640 5732 omnia:
2693 5690 2818 5730 cum
2866 5689 2976 5730 non
3012 5675 3119 5729 alia
3163 5675 3216 5728 in
3251 5671 3412 5728 Patre
3459 5679 3592 5728 ante
