  <div class='ocr_page' id='page_1' title='image "/cluster/home/n/w/nwhite01/storage/ocr_20150623/45/nnc1.0046978445/283.png"; bbox 0 0 4146 6370; ppageno 0'>
   <div class='ocr_carea' id='block_1_1' title="bbox 599 387 708 444">
    <p class='ocr_par' dir='ltr' id='par_1_1' title="bbox 599 387 708 444">
     <span class='ocr_line' id='line_1_1' title="bbox 599 387 708 444; baseline -0.018 0"><span class='ocrx_word' id='word_1_1' title='bbox 599 387 708 444; x_wconf 66' lang='grc'><strong>54⁸5</strong></span> 
     </span>
    </p>
   </div>
   <div class='ocr_carea' id='block_1_2' title="bbox 1821 373 2584 432">
    <p class='ocr_par' dir='ltr' id='par_1_2' title="bbox 1821 373 2584 432">
     <span class='ocr_line' id='line_1_2' title="bbox 1821 373 2584 432; baseline -0.004 0"><span class='ocrx_word' id='word_1_2' title='bbox 1821 376 1879 432; x_wconf 86' lang='lat' dir='ltr'><strong>S.</strong></span> <span class='ocrx_word' id='word_1_3' title='bbox 1917 376 2249 432; x_wconf 77' lang='lat' dir='ltr'><strong>GREGOllII</strong></span> <span class='ocrx_word' id='word_1_4' title='bbox 2288 373 2584 431; x_wconf 74' lang='lat' dir='ltr'><strong>NYSSENI</strong></span> 
     </span>
    </p>
   </div>
   <div class='ocr_carea' id='block_1_3' title="bbox 3753 380 3864 435">
    <p class='ocr_par' dir='ltr' id='par_1_3' title="bbox 3753 380 3864 435">
     <span class='ocr_line' id='line_1_3' title="bbox 3753 380 3864 435; baseline 0 0"><span class='ocrx_word' id='word_1_5' title='bbox 3753 380 3864 435; x_wconf 65' lang='grc'><strong>544</strong></span> 
     </span>
    </p>
   </div>
   <div class='ocr_carea' id='block_1_4' title="bbox 589 490 2185 571">
    <p class='ocr_par' dir='ltr' id='par_1_4' title="bbox 589 492 2180 571">
     <span class='ocr_line' id='line_1_4' title="bbox 589 492 2180 571; baseline -0.006 -15"><span class='ocrx_word' id='word_1_6' title='bbox 589 506 768 571; x_wconf 84' lang='lat' dir='ltr'><strong>ipsum</strong></span> <span class='ocrx_word' id='word_1_7' title='bbox 802 513 966 570; x_wconf 99' lang='lat' dir='ltr'><strong>opera</strong></span> <span class='ocrx_word' id='word_1_8' title='bbox 1015 497 1450 566; x_wconf 76' lang='lat' dir='ltr'><strong>conspiciantur,</strong></span> <span class='ocrx_word' id='word_1_9' title='bbox 1505 492 1595 548; x_wconf 91' lang='lat' dir='ltr'><strong>hic</strong></span> <span class='ocrx_word' id='word_1_10' title='bbox 1645 493 1827 561; x_wconf 82' lang='lat' dir='ltr'><strong>imago</strong></span> <span class='ocrx_word' id='word_1_11' title='bbox 1861 502 1946 546; x_wconf 87' lang='lat' dir='ltr'><strong>est</strong></span> <span class='ocrx_word' id='word_1_12' title='bbox 2001 493 2180 546; x_wconf 82' lang='lat' dir='ltr'><strong>l&#39;aclus</strong></span> 
     </span>
    </p>
   </div>
   <div class='ocr_carea' id='block_1_5' title="bbox 2289 490 3864 571">
    <p class='ocr_par' dir='ltr' id='par_1_5' title="bbox 2289 490 3864 562">
     <span class='ocr_line' id='line_1_5' title="bbox 2289 490 3864 562; baseline 0.003 -18"><span class='ocrx_word' id='word_1_13' title='bbox 2289 492 2375 544; x_wconf 80' lang='grc' dir='ltr'><strong>ἐπὶ</strong></span> <span class='ocrx_word' id='word_1_14' title='bbox 2405 492 2528 544; x_wconf 88' lang='grc' dir='ltr'><strong>Νῶε</strong></span> <span class='ocrx_word' id='word_1_15' title='bbox 2555 490 2623 544; x_wconf 84' lang='grc' dir='ltr'>δι’</span> <span class='ocrx_word' id='word_1_16' title='bbox 2665 490 2856 553; x_wconf 79' lang='grc' dir='ltr'>ὓδατος</span> <span class='ocrx_word' id='word_1_17' title='bbox 2891 490 2999 542; x_wconf 83' lang='grc' dir='ltr'><strong>τῶν</strong></span> <span class='ocrx_word' id='word_1_18' title='bbox 3047 490 3350 559; x_wconf 84' lang='grc' dir='ltr'>ἀνθρώπων</span> <span class='ocrx_word' id='word_1_19' title='bbox 3390 491 3718 562; x_wconf 70' lang='grc' dir='ltr'>ἀφανισμὸν,</span> <span class='ocrx_word' id='word_1_20' title='bbox 3764 498 3864 549; x_wconf 69' lang='grc' dir='ltr'>καὶ</span> 
     </span>
    </p>
   </div>
   <div class='ocr_carea' id='block_1_6' title="bbox 591 586 2180 664">
    <p class='ocr_par' dir='ltr' id='par_1_6' title="bbox 591 586 2180 664">
     <span class='ocr_line' id='line_1_6' title="bbox 591 586 2180 664; baseline -0.009 -13"><span class='ocrx_word' id='word_1_21' title='bbox 591 608 643 652; x_wconf 91' lang='lat' dir='ltr'><strong>et</strong></span> <span class='ocrx_word' id='word_1_22' title='bbox 679 593 921 664; x_wconf 88' lang='lat' dir='ltr'><strong>sigillutn</strong></span> <span class='ocrx_word' id='word_1_23' title='bbox 953 600 1005 646; x_wconf 90' lang='lat' dir='ltr'><strong>et</strong></span> <span class='ocrx_word' id='word_1_24' title='bbox 1062 589 1445 645; x_wconf 85' lang='lat' dir='ltr'><strong>simulacrum.</strong></span> <span class='ocrx_word' id='word_1_25' title='bbox 1499 586 1705 640; x_wconf 88' lang='lat' dir='ltr'><strong>Deinde</strong></span> <span class='ocrx_word' id='word_1_26' title='bbox 1751 586 1801 638; x_wconf 84' lang='lat' dir='ltr'><strong>ci</strong></span> <span class='ocrx_word' id='word_1_27' title='bbox 1841 586 2180 654; x_wconf 79' lang='lat' dir='ltr'><strong>gratilicatur</strong></span> 
     </span>
    </p>
   </div>
   <div class='ocr_carea' id='block_1_7' title="bbox 595 675 2182 750">
    <p class='ocr_par' dir='ltr' id='par_1_7' title="bbox 595 675 2182 750">
     <span class='ocr_line' id='line_1_7' title="bbox 595 675 2182 750; baseline -0.008 -10"><span class='ocrx_word' id='word_1_28' title='bbox 595 687 878 740; x_wconf 85' lang='lat' dir='ltr'><strong>hominum</strong></span> <span class='ocrx_word' id='word_1_29' title='bbox 935 683 1290 737; x_wconf 77' lang='lat' dir='ltr'><strong>abolitionem</strong></span> <span class='ocrx_word' id='word_1_30' title='bbox 1322 694 1417 750; x_wconf 90' lang='lat' dir='ltr'><strong>per</strong></span> <span class='ocrx_word' id='word_1_31' title='bbox 1447 693 1643 748; x_wconf 87' lang='lat' dir='ltr'><strong>aquam</strong></span> <span class='ocrx_word' id='word_1_32' title='bbox 1679 693 1798 746; x_wconf 71' lang='lat' dir='ltr'><strong>qua:</strong></span> <span class='ocrx_word' id='word_1_33' title='bbox 1829 675 1940 730; x_wconf 81' lang='lat' dir='ltr'><strong>Noe</strong></span> <span class='ocrx_word' id='word_1_34' title='bbox 1974 684 2182 744; x_wconf 84' lang='lat' dir='ltr'><strong>tempo-</strong></span> 
     </span>
    </p>
   </div>
   <div class='ocr_carea' id='block_1_8' title="bbox 592 767 2182 840">
    <p class='ocr_par' dir='ltr' id='par_1_8' title="bbox 592 767 2182 840">
     <span class='ocr_line' id='line_1_8' title="bbox 592 767 2182 840; baseline -0.008 -10"><span class='ocrx_word' id='word_1_35' title='bbox 592 778 750 830; x_wconf 85' lang='lat' dir='ltr'><strong>ribus</strong></span> <span class='ocrx_word' id='word_1_36' title='bbox 812 774 1056 833; x_wconf 82' lang='lat' dir='ltr'><strong>accidit;</strong></span> <span class='ocrx_word' id='word_1_37' title='bbox 1094 778 1150 824; x_wconf 80' lang='lat' dir='ltr'><strong>et</strong></span> <span class='ocrx_word' id='word_1_38' title='bbox 1215 787 1341 826; x_wconf 85' lang='lat' dir='ltr'><strong>eum</strong></span> <span class='ocrx_word' id='word_1_39' title='bbox 1393 770 1488 840; x_wconf 89' lang='lat' dir='ltr'><strong>qui</strong></span> <span class='ocrx_word' id='word_1_40' title='bbox 1537 770 1592 823; x_wconf 89' lang='lat' dir='ltr'><strong>in</strong></span> <span class='ocrx_word' id='word_1_41' title='bbox 1646 768 1916 822; x_wconf 86' lang='lat' dir='ltr'><strong>Sodomos</strong></span> <span class='ocrx_word' id='word_1_42' title='bbox 1978 767 2182 835; x_wconf 84' lang='lat' dir='ltr'><strong>ingruit</strong></span> 
     </span>
    </p>
   </div>
   <div class='ocr_carea' id='block_1_9' title="bbox 594 860 2176 937">
    <p class='ocr_par' dir='ltr' id='par_1_9' title="bbox 594 860 2176 937">
     <span class='ocr_line' id='line_1_9' title="bbox 594 860 2176 937; baseline -0.008 -14"><span class='ocrx_word' id='word_1_43' title='bbox 594 871 813 937; x_wconf 83' lang='lat' dir='ltr'><strong>igneum</strong></span> <span class='ocrx_word' id='word_1_44' title='bbox 838 867 1091 927; x_wconf 86' lang='lat' dir='ltr'><strong>imbrem,</strong></span> <span class='ocrx_word' id='word_1_45' title='bbox 1114 871 1280 934; x_wconf 90' lang='lat' dir='ltr'><strong>atque</strong></span> <span class='ocrx_word' id='word_1_46' title='bbox 1311 861 1697 933; x_wconf 63' lang='lat' dir='ltr'><strong>Egyptiorum</strong></span> <span class='ocrx_word' id='word_1_47' title='bbox 1725 860 1927 929; x_wconf 87' lang='lat' dir='ltr'><strong>justam</strong></span> <span class='ocrx_word' id='word_1_48' title='bbox 1959 872 2176 926; x_wconf 58' lang='lat' dir='ltr'><strong>poenam</strong></span> 
     </span>
    </p>
   </div>
   <div class='ocr_carea' id='block_1_10' title="bbox 593 947 2178 1026">
    <p class='ocr_par' dir='ltr' id='par_1_10' title="bbox 593 947 2178 1026">
     <span class='ocr_line' id='line_1_10' title="bbox 593 947 2178 1026; baseline -0.007 -16"><span class='ocrx_word' id='word_1_49' title='bbox 593 969 647 1010; x_wconf 76' lang='lat' dir='ltr'><strong>ct</strong></span> <span class='ocrx_word' id='word_1_50' title='bbox 691 957 1048 1026; x_wconf 83' lang='lat' dir='ltr'><strong>supplicium,</strong></span> <span class='ocrx_word' id='word_1_51' title='bbox 1089 961 1150 1008; x_wconf 86' lang='lat' dir='ltr'><strong>ut</strong></span> <span class='ocrx_word' id='word_1_52' title='bbox 1189 967 1386 1023; x_wconf 83' lang='lat' dir='ltr'><strong>magna</strong></span> <span class='ocrx_word' id='word_1_53' title='bbox 1417 951 1666 1022; x_wconf 66' lang='lat' dir='ltr'><strong>quaedam</strong></span> <span class='ocrx_word' id='word_1_54' title='bbox 1714 950 1969 1003; x_wconf 89' lang='lat' dir='ltr'><strong>attribuit</strong></span> <span class='ocrx_word' id='word_1_55' title='bbox 2005 947 2051 1001; x_wconf 92' lang='lat' dir='ltr'><strong>ei</strong></span> <span class='ocrx_word' id='word_1_56' title='bbox 2087 947 2178 1016; x_wconf 85' lang='lat' dir='ltr'><strong>qui</strong></span> 
     </span>
    </p>
   </div>
   <div class='ocr_carea' id='block_1_11' title="bbox 598 1040 2178 1111">
    <p class='ocr_par' dir='ltr' id='par_1_11' title="bbox 598 1040 2178 1111">
     <span class='ocr_line' id='line_1_11' title="bbox 598 1040 2178 1111; baseline -0.008 -9"><span class='ocrx_word' id='word_1_57' title='bbox 598 1066 761 1102; x_wconf 85' lang='lat' dir='ltr'><strong>tnanu</strong></span> <span class='ocrx_word' id='word_1_58' title='bbox 795 1058 955 1101; x_wconf 66' lang='grc' dir='ltr'>ιυιϊιιι</span> <span class='ocrx_word' id='word_1_59' title='bbox 986 1045 1122 1101; x_wconf 77' lang='lat' dir='ltr'><strong>lines</strong></span> <span class='ocrx_word' id='word_1_60' title='bbox 1154 1046 1428 1106; x_wconf 76' lang='lat' dir='ltr'><strong>continet,</strong></span> <span class='ocrx_word' id='word_1_61' title='bbox 1464 1045 1516 1096; x_wconf 90' lang='lat' dir='ltr'><strong>in</strong></span> <span class='ocrx_word' id='word_1_62' title='bbox 1544 1059 1654 1111; x_wconf 86' lang='lat' dir='ltr'><strong>quo</strong></span> <span class='ocrx_word' id='word_1_63' title='bbox 1677 1040 1863 1094; x_wconf 84' lang='lat' dir='ltr'><strong>omnia</strong></span> <span class='ocrx_word' id='word_1_64' title='bbox 1893 1047 2178 1100; x_wconf 88' lang='lat' dir='ltr'><strong>constant,</strong></span> 
     </span>
    </p>
   </div>
   <div class='ocr_carea' id='block_1_12' title="bbox 595 1130 2176 1206">
    <p class='ocr_par' dir='ltr' id='par_1_12' title="bbox 595 1130 2176 1206">
     <span class='ocr_line' id='line_1_12' title="bbox 595 1130 2176 1206; baseline -0.004 -16"><span class='ocrx_word' id='word_1_65' title='bbox 595 1138 1058 1206; x_wconf 76' lang='lat' dir='ltr'><strong>quemadmodum</strong></span> <span class='ocrx_word' id='word_1_66' title='bbox 1113 1135 1343 1189; x_wconf 79' lang='lat' dir='ltr'><strong>aﬂirmat</strong></span> <span class='ocrx_word' id='word_1_67' title='bbox 1381 1134 1704 1203; x_wconf 88' lang='lat' dir='ltr'><strong>Apostolus,</strong></span> <span class='ocrx_word' id='word_1_68' title='bbox 1736 1130 1886 1185; x_wconf 88' lang='lat' dir='ltr'><strong>velut</strong></span> <span class='ocrx_word' id='word_1_69' title='bbox 1917 1132 2176 1184; x_wconf 87' lang='lat' dir='ltr'><strong>nesciens</strong></span> 
     </span>
    </p>
   </div>
   <div class='ocr_carea' id='block_1_13' title="bbox 595 1221 2179 1300">
    <p class='ocr_par' dir='ltr' id='par_1_13' title="bbox 595 1221 2179 1300">
     <span class='ocr_line' id='line_1_13' title="bbox 595 1221 2179 1300; baseline -0.006 -17"><span class='ocrx_word' id='word_1_70' title='bbox 595 1231 739 1300; x_wconf 91' lang='lat' dir='ltr'><strong>quod</strong></span> <span class='ocrx_word' id='word_1_71' title='bbox 789 1229 838 1285; x_wconf 91' lang='lat' dir='ltr'><strong>ei</strong></span> <span class='ocrx_word' id='word_1_72' title='bbox 876 1230 969 1300; x_wconf 92' lang='lat' dir='ltr'><strong>qui</strong></span> <span class='ocrx_word' id='word_1_73' title='bbox 1005 1228 1187 1281; x_wconf 84' lang='lat' dir='ltr'><strong>omnia</strong></span> <span class='ocrx_word' id='word_1_74' title='bbox 1227 1227 1630 1295; x_wconf 79' lang='lat' dir='ltr'><strong>complectitur,</strong></span> <span class='ocrx_word' id='word_1_75' title='bbox 1681 1231 1737 1278; x_wconf 83' lang='lat' dir='ltr'><strong>et</strong></span> <span class='ocrx_word' id='word_1_76' title='bbox 1787 1223 1840 1276; x_wconf 88' lang='lat' dir='ltr'><strong>id</strong></span> <span class='ocrx_word' id='word_1_77' title='bbox 1877 1222 2021 1292; x_wconf 90' lang='lat' dir='ltr'><strong>quod</strong></span> <span class='ocrx_word' id='word_1_78' title='bbox 2075 1221 2179 1276; x_wconf 83' lang='lat' dir='ltr'><strong>sibi</strong></span> 
     </span>
    </p>
   </div>
   <div class='ocr_carea' id='block_1_14' title="bbox 594 1314 2182 1392">
    <p class='ocr_par' dir='ltr' id='par_1_14' title="bbox 594 1314 2182 1392">
     <span class='ocr_line' id='line_1_14' title="bbox 594 1314 2182 1392; baseline -0.006 -16"><span class='ocrx_word' id='word_1_79' title='bbox 594 1327 772 1392; x_wconf 65' lang='lat' dir='ltr'><strong>placet</strong></span> <span class='ocrx_word' id='word_1_80' title='bbox 803 1323 932 1390; x_wconf 79' lang='lat' dir='ltr'><strong>agit,</strong></span> <span class='ocrx_word' id='word_1_81' title='bbox 963 1329 1016 1373; x_wconf 89' lang='lat' dir='ltr'><strong>et</strong></span> <span class='ocrx_word' id='word_1_82' title='bbox 1050 1321 1179 1381; x_wconf 80' lang='lat' dir='ltr'><strong>fert,</strong></span> <span class='ocrx_word' id='word_1_83' title='bbox 1221 1325 1276 1373; x_wconf 87' lang='lat' dir='ltr'><strong>et</strong></span> <span class='ocrx_word' id='word_1_84' title='bbox 1316 1331 1436 1386; x_wconf 64' lang='lat' dir='ltr'><strong>qua:</strong></span> <span class='ocrx_word' id='word_1_85' title='bbox 1460 1317 1571 1385; x_wconf 89' lang='lat' dir='ltr'><strong>jam</strong></span> <span class='ocrx_word' id='word_1_86' title='bbox 1610 1314 1772 1378; x_wconf 80' lang='lat' dir='ltr'><strong>facta,</strong></span> <span class='ocrx_word' id='word_1_87' title='bbox 1810 1321 1863 1368; x_wconf 87' lang='lat' dir='ltr'><strong>et</strong></span> <span class='ocrx_word' id='word_1_88' title='bbox 1892 1328 2013 1384; x_wconf 64' lang='lat' dir='ltr'><strong>quae</strong></span> <span class='ocrx_word' id='word_1_89' title='bbox 2051 1320 2182 1367; x_wconf 86' lang='lat' dir='ltr'><strong>sunt</strong></span> 
     </span>
    </p>
   </div>
   <div class='ocr_carea' id='block_1_15' title="bbox 592 1404 2174 1473">
    <p class='ocr_par' dir='ltr' id='par_1_15' title="bbox 592 1404 2174 1473">
     <span class='ocr_line' id='line_1_15' title="bbox 592 1404 2174 1473; baseline -0.006 -8"><span class='ocrx_word' id='word_1_90' title='bbox 592 1417 804 1471; x_wconf 72' lang='lat' dir='ltr'><strong>futura.</strong></span> <span class='ocrx_word' id='word_1_91' title='bbox 845 1427 954 1464; x_wconf 91' lang='lat' dir='ltr'><strong>nou</strong></span> <span class='ocrx_word' id='word_1_92' title='bbox 992 1419 1204 1463; x_wconf 89' lang='lat' dir='ltr'><strong>tantum</strong></span> <span class='ocrx_word' id='word_1_93' title='bbox 1240 1407 1448 1461; x_wconf 84' lang='lat' dir='ltr'><strong>faetunt</strong></span> <span class='ocrx_word' id='word_1_94' title='bbox 1478 1405 1915 1459; x_wconf 86' lang='lat' dir='ltr'><strong>additamentum</strong></span> <span class='ocrx_word' id='word_1_95' title='bbox 1967 1404 2174 1473; x_wconf 59' lang='lat' dir='ltr'><strong>gloria,</strong></span> 
     </span>
    </p>
   </div>
   <div class='ocr_carea' id='block_1_16' title="bbox 592 1495 2179 1566">
    <p class='ocr_par' dir='ltr' id='par_1_16' title="bbox 592 1495 2179 1566">
     <span class='ocr_line' id='line_1_16' title="bbox 592 1495 2179 1566; baseline -0.005 -10"><span class='ocrx_word' id='word_1_96' title='bbox 592 1506 701 1557; x_wconf 91' lang='lat' dir='ltr'><strong>duo</strong></span> <span class='ocrx_word' id='word_1_97' title='bbox 729 1506 810 1558; x_wconf 84' lang='lat' dir='ltr'><strong>vel</strong></span> <span class='ocrx_word' id='word_1_98' title='bbox 843 1503 950 1556; x_wconf 82' lang='lat' dir='ltr'><strong>tria</strong></span> <span class='ocrx_word' id='word_1_99' title='bbox 979 1508 1417 1555; x_wconf 88' lang='lat' dir='ltr'><strong>commemorata</strong></span> <span class='ocrx_word' id='word_1_100' title='bbox 1456 1498 1744 1559; x_wconf 86' lang='lat' dir='ltr'><strong>miracula,</strong></span> <span class='ocrx_word' id='word_1_101' title='bbox 1775 1507 2044 1566; x_wconf 86' lang='lat' dir='ltr'><strong>quantum</strong></span> <span class='ocrx_word' id='word_1_102' title='bbox 2083 1495 2179 1549; x_wconf 88' lang='lat' dir='ltr'><strong>de—</strong></span> 
     </span>
    </p>
   </div>
   <div class='ocr_carea' id='block_1_17' title="bbox 592 1589 2178 1660">
    <p class='ocr_par' dir='ltr' id='par_1_17' title="bbox 592 1589 2178 1660">
     <span class='ocr_line' id='line_1_17' title="bbox 592 1589 2178 1660; baseline -0.004 -10"><span class='ocrx_word' id='word_1_103' title='bbox 592 1601 912 1652; x_wconf 83' lang='lat' dir='ltr'><strong>trimentum</strong></span> <span class='ocrx_word' id='word_1_104' title='bbox 950 1603 1003 1649; x_wconf 87' lang='lat' dir='ltr'><strong>ct</strong></span> <span class='ocrx_word' id='word_1_105' title='bbox 1054 1593 1312 1647; x_wconf 87' lang='lat' dir='ltr'><strong>damnutn</strong></span> <span class='ocrx_word' id='word_1_106' title='bbox 1349 1593 1689 1660; x_wconf 88' lang='lat' dir='ltr'><strong>reliquorum</strong></span> <span class='ocrx_word' id='word_1_107' title='bbox 1723 1589 2031 1644; x_wconf 89' lang='lat' dir='ltr'><strong>silentium.</strong></span> <span class='ocrx_word' id='word_1_108' title='bbox 2069 1589 2178 1644; x_wconf 83' lang='lat' dir='ltr'><strong>Sed</strong></span> 
     </span>
    </p>
   </div>
   <div class='ocr_carea' id='block_1_18' title="bbox 592 1677 2169 1754">
    <p class='ocr_par' dir='ltr' id='par_1_18' title="bbox 592 1677 2169 1754">
     <span class='ocr_line' id='line_1_18' title="bbox 592 1677 2169 1754; baseline -0.006 -11"><span class='ocrx_word' id='word_1_109' title='bbox 592 1701 652 1743; x_wconf 88' lang='lat' dir='ltr'><strong>ut</strong></span> <span class='ocrx_word' id='word_1_110' title='bbox 708 1691 822 1743; x_wconf 70' lang='lat' dir='ltr'><strong>haec</strong></span> <span class='ocrx_word' id='word_1_111' title='bbox 873 1677 1094 1742; x_wconf 83' lang='lat' dir='ltr'><strong>silentio</strong></span> <span class='ocrx_word' id='word_1_112' title='bbox 1150 1692 1570 1754; x_wconf 68' lang='lat' dir='ltr'><strong>praetereantur,</strong></span> <span class='ocrx_word' id='word_1_113' title='bbox 1609 1698 1710 1736; x_wconf 74' lang='lat' dir='ltr'><strong>vox</strong></span> <span class='ocrx_word' id='word_1_114' title='bbox 1746 1698 1854 1735; x_wconf 90' lang='lat' dir='ltr'><strong>una</strong></span> <span class='ocrx_word' id='word_1_115' title='bbox 1906 1680 1966 1735; x_wconf 92' lang='lat' dir='ltr'><strong>D.</strong></span> <span class='ocrx_word' id='word_1_116' title='bbox 2016 1679 2169 1734; x_wconf 86' lang='lat' dir='ltr'><strong>Pauli</strong></span> 
     </span>
    </p>
   </div>
   <div class='ocr_carea' id='block_1_19' title="bbox 2288 581 3863 654">
    <p class='ocr_par' dir='ltr' id='par_1_19' title="bbox 2288 581 3863 654">
     <span class='ocr_line' id='line_1_19' title="bbox 2288 581 3863 654; baseline 0.001 -19"><span class='ocrx_word' id='word_1_117' title='bbox 2288 583 2386 654; x_wconf 82' lang='grc' dir='ltr'>τὴν</span> <span class='ocrx_word' id='word_1_118' title='bbox 2422 586 2479 636; x_wconf 90' lang='grc' dir='ltr'><strong>ἐν</strong></span> <span class='ocrx_word' id='word_1_119' title='bbox 2513 583 2768 653; x_wconf 84' lang='grc' dir='ltr'>Σοδόμοις</span> <span class='ocrx_word' id='word_1_120' title='bbox 2790 582 2885 634; x_wconf 81' lang='grc' dir='ltr'>τοῦ</span> <span class='ocrx_word' id='word_1_121' title='bbox 2914 581 3087 652; x_wconf 89' lang='grc' dir='ltr'>πυρὸς</span> <span class='ocrx_word' id='word_1_122' title='bbox 3129 582 3435 653; x_wconf 78' lang='grc' dir='ltr'>ἐπομϐρίαν</span> <span class='ocrx_word' id='word_1_123' title='bbox 3455 623 3470 646; x_wconf 95' lang='grc'><strong>,</strong></span> <span class='ocrx_word' id='word_1_124' title='bbox 3503 582 3728 636; x_wconf 76' lang='grc' dir='ltr'>καὶτῶν</span> <span class='ocrx_word' id='word_1_125' title='bbox 3765 586 3863 636; x_wconf 81' lang='grc' dir='ltr'><strong>Αἰ-</strong></span> 
     </span>
    </p>
   </div>
   <div class='ocr_carea' id='block_1_20' title="bbox 2286 677 3862 749">
    <p class='ocr_par' dir='ltr' id='par_1_20' title="bbox 2286 677 3862 749">
     <span class='ocr_line' id='line_1_20' title="bbox 2286 677 3862 749; baseline 0 -19"><span class='ocrx_word' id='word_1_126' title='bbox 2286 679 2534 748; x_wconf 87' lang='grc' dir='ltr'>γυπτίων</span> <span class='ocrx_word' id='word_1_127' title='bbox 2588 678 2686 749; x_wconf 81' lang='grc' dir='ltr'>τὴν</span> <span class='ocrx_word' id='word_1_128' title='bbox 2737 678 2948 730; x_wconf 80' lang='grc' dir='ltr'>ἔνδικον</span> <span class='ocrx_word' id='word_1_129' title='bbox 3003 678 3312 749; x_wconf 79' lang='grc' dir='ltr'><strong>τιμωρίαν,</strong></span> <span class='ocrx_word' id='word_1_130' title='bbox 3359 677 3434 742; x_wconf 84' lang='grc' dir='ltr'>ὥς</span> <span class='ocrx_word' id='word_1_131' title='bbox 3483 696 3606 731; x_wconf 90' lang='grc' dir='ltr'>τινα</span> <span class='ocrx_word' id='word_1_132' title='bbox 3647 679 3862 749; x_wconf 76' lang='grc' dir='ltr'>μεγάλα</span> 
     </span>
    </p>
   </div>
   <div class='ocr_carea' id='block_1_21' title="bbox 2287 768 3860 841">
    <p class='ocr_par' dir='ltr' id='par_1_21' title="bbox 2287 768 3860 841">
     <span class='ocr_line' id='line_1_21' title="bbox 2287 768 3860 841; baseline 0 -19"><span class='ocrx_word' id='word_1_133' title='bbox 2287 770 2728 841; x_wconf 82' lang='grc' dir='ltr'><strong>προσμαρτυρῶν</strong></span> <span class='ocrx_word' id='word_1_134' title='bbox 2761 768 2838 839; x_wconf 82' lang='grc' dir='ltr'>τῷ</span> <span class='ocrx_word' id='word_1_135' title='bbox 2869 772 2927 822; x_wconf 88' lang='grc' dir='ltr'><strong>ἐν</strong></span> <span class='ocrx_word' id='word_1_136' title='bbox 2955 774 3020 840; x_wconf 80' lang='grc' dir='ltr'>τῇ</span> <span class='ocrx_word' id='word_1_137' title='bbox 3053 771 3198 840; x_wconf 73' lang='grc' dir='ltr'>χειρὶ</span> <span class='ocrx_word' id='word_1_138' title='bbox 3220 770 3396 839; x_wconf 79' lang='grc' dir='ltr'>ἔχοντι</span> <span class='ocrx_word' id='word_1_139' title='bbox 3423 768 3492 822; x_wconf 80' lang='grc' dir='ltr'><strong>τὰ</strong></span> <span class='ocrx_word' id='word_1_140' title='bbox 3525 771 3734 839; x_wconf 82' lang='grc' dir='ltr'>πέρατα</span> <span class='ocrx_word' id='word_1_141' title='bbox 3759 770 3860 838; x_wconf 85' lang='grc' dir='ltr'>τῆς</span> 
     </span>
    </p>
   </div>
   <div class='ocr_carea' id='block_1_22' title="bbox 2287 854 3860 932">
    <p class='ocr_par' dir='ltr' id='par_1_22' title="bbox 2287 854 3860 932">
     <span class='ocr_line' id='line_1_22' title="bbox 2287 854 3860 932; baseline -0.003 -19"><span class='ocrx_word' id='word_1_142' title='bbox 2287 859 2613 930; x_wconf 72' lang='grc' dir='ltr'><strong>οἰκουμένης</strong></span> <span class='ocrx_word' id='word_1_143' title='bbox 2633 901 2646 924; x_wconf 91' lang='grc'><strong>,</strong></span> <span class='ocrx_word' id='word_1_144' title='bbox 2677 862 2734 913; x_wconf 89' lang='grc' dir='ltr'><strong>ἐν</strong></span> <span class='ocrx_word' id='word_1_145' title='bbox 2758 854 2802 927; x_wconf 82' lang='grc' dir='ltr'><strong>ᾧ</strong></span> <span class='ocrx_word' id='word_1_146' title='bbox 2835 862 2902 914; x_wconf 86' lang='grc' dir='ltr'>τὰ</span> <span class='ocrx_word' id='word_1_147' title='bbox 2936 861 3114 914; x_wconf 81' lang='grc' dir='ltr'>πάντα</span> <span class='ocrx_word' id='word_1_148' title='bbox 3148 861 3464 932; x_wconf 78' lang='grc' dir='ltr'><strong>συνέστηκε,</strong></span> <span class='ocrx_word' id='word_1_149' title='bbox 3489 859 3672 922; x_wconf 88' lang='grc' dir='ltr'>καθώς</span> <span class='ocrx_word' id='word_1_150' title='bbox 3695 876 3860 930; x_wconf 82' lang='grc' dir='ltr'>φησιν</span> 
     </span>
    </p>
   </div>
   <div class='ocr_carea' id='block_1_23' title="bbox 2279 951 3860 1022">
    <p class='ocr_par' dir='ltr' id='par_1_23' title="bbox 2279 951 3860 1022">
     <span class='ocr_line' id='line_1_23' title="bbox 2279 951 3860 1022; baseline -0.001 -18"><span class='ocrx_word' id='word_1_151' title='bbox 2279 953 2308 1004; x_wconf 95' lang='lat'><strong>6</strong></span> <span class='ocrx_word' id='word_1_152' title='bbox 2355 952 2702 1014; x_wconf 82' lang='grc' dir='ltr'>Ἀπόστολο;·</span> <span class='ocrx_word' id='word_1_153' title='bbox 2760 952 2950 1022; x_wconf 80' lang='grc' dir='ltr'>ὥσπερ</span> <span class='ocrx_word' id='word_1_154' title='bbox 2992 953 3090 1004; x_wconf 88' lang='grc' dir='ltr'><strong>ούκ</strong></span> <span class='ocrx_word' id='word_1_155' title='bbox 3122 951 3277 1015; x_wconf 85' lang='grc' dir='ltr'>εἰδὼς</span> <span class='ocrx_word' id='word_1_156' title='bbox 3309 953 3392 1005; x_wconf 85' lang='grc' dir='ltr'>ὅτι</span> <span class='ocrx_word' id='word_1_157' title='bbox 3438 953 3517 1022; x_wconf 82' lang='grc' dir='ltr'>τῷ</span> <span class='ocrx_word' id='word_1_158' title='bbox 3550 952 3860 1021; x_wconf 81' lang='grc' dir='ltr'>περιέχοντι</span> 
     </span>
    </p>
   </div>
   <div class='ocr_carea' id='block_1_24' title="bbox 2279 1043 3856 1115">
    <p class='ocr_par' dir='ltr' id='par_1_24' title="bbox 2279 1043 3856 1115">
     <span class='ocr_line' id='line_1_24' title="bbox 2279 1043 3856 1115; baseline -0.003 -18"><span class='ocrx_word' id='word_1_159' title='bbox 2279 1043 2348 1097; x_wconf 82' lang='grc' dir='ltr'>τὰ</span> <span class='ocrx_word' id='word_1_160' title='bbox 2381 1045 2578 1109; x_wconf 86' lang='grc' dir='ltr'>πάντα,</span> <span class='ocrx_word' id='word_1_161' title='bbox 2605 1044 2698 1097; x_wconf 74' lang='grc' dir='ltr'><strong>καὶ</strong></span> <span class='ocrx_word' id='word_1_162' title='bbox 2731 1044 2868 1115; x_wconf 88' lang='grc' dir='ltr'>πρὸς</span> <span class='ocrx_word' id='word_1_163' title='bbox 2888 1045 2948 1097; x_wconf 91' lang='grc' dir='ltr'><strong>τὸ</strong></span> <span class='ocrx_word' id='word_1_164' title='bbox 2975 1043 3165 1097; x_wconf 76' lang='grc' dir='ltr'>δοκοῦν</span> <span class='ocrx_word' id='word_1_165' title='bbox 3189 1044 3373 1112; x_wconf 81' lang='grc' dir='ltr'>άγοντί</span> <span class='ocrx_word' id='word_1_166' title='bbox 3400 1061 3459 1096; x_wconf 90' lang='grc' dir='ltr'><strong>τε</strong></span> <span class='ocrx_word' id='word_1_167' title='bbox 3488 1045 3582 1096; x_wconf 77' lang='grc' dir='ltr'>καὶ</span> <span class='ocrx_word' id='word_1_168' title='bbox 3612 1044 3856 1113; x_wconf 79' lang='grc' dir='ltr'>φέροντι,</span> 
     </span>
    </p>
   </div>
   <div class='ocr_carea' id='block_1_25' title="bbox 2279 1134 3862 1207">
    <p class='ocr_par' dir='ltr' id='par_1_25' title="bbox 2279 1134 3862 1207">
     <span class='ocr_line' id='line_1_25' title="bbox 2279 1134 3862 1207; baseline -0.001 -19"><span class='ocrx_word' id='word_1_169' title='bbox 2279 1136 2350 1189; x_wconf 90' lang='grc' dir='ltr'><strong>τά</strong></span> <span class='ocrx_word' id='word_1_170' title='bbox 2375 1154 2434 1189; x_wconf 85' lang='grc' dir='ltr'><strong>τε</strong></span> <span class='ocrx_word' id='word_1_171' title='bbox 2465 1137 2568 1206; x_wconf 69' lang='grc' dir='ltr'>ἤδη</span> <span class='ocrx_word' id='word_1_172' title='bbox 2597 1138 2938 1207; x_wconf 85' lang='grc' dir='ltr'>γεγενημένα</span> <span class='ocrx_word' id='word_1_173' title='bbox 2965 1175 2980 1200; x_wconf 88' lang='grc'><strong>,</strong></span> <span class='ocrx_word' id='word_1_174' title='bbox 3003 1139 3097 1190; x_wconf 77' lang='grc' dir='ltr'>καὶ</span> <span class='ocrx_word' id='word_1_175' title='bbox 3126 1137 3196 1190; x_wconf 85' lang='grc' dir='ltr'><strong>τά</strong></span> <span class='ocrx_word' id='word_1_176' title='bbox 3227 1138 3480 1207; x_wconf 87' lang='grc' dir='ltr'>ἐσόμενα,</span> <span class='ocrx_word' id='word_1_177' title='bbox 3519 1137 3579 1189; x_wconf 85' lang='grc' dir='ltr'><strong>ού</strong></span> <span class='ocrx_word' id='word_1_178' title='bbox 3603 1134 3862 1188; x_wconf 79' lang='grc' dir='ltr'>τοσοῦτον</span> 
     </span>
    </p>
   </div>
   <div class='ocr_carea' id='block_1_26' title="bbox 2282 1227 3859 1300">
    <p class='ocr_par' dir='ltr' id='par_1_26' title="bbox 2282 1227 3859 1300">
     <span class='ocr_line' id='line_1_26' title="bbox 2282 1227 3859 1300; baseline -0.001 -20"><span class='ocrx_word' id='word_1_179' title='bbox 2282 1227 2604 1299; x_wconf 83' lang='grc' dir='ltr'>προσθήκην</span> <span class='ocrx_word' id='word_1_180' title='bbox 2652 1231 2798 1281; x_wconf 82' lang='grc' dir='ltr'>ποιεῖ</span> <span class='ocrx_word' id='word_1_181' title='bbox 2830 1228 2930 1298; x_wconf 78' lang='grc' dir='ltr'><strong>τῆς</strong></span> <span class='ocrx_word' id='word_1_182' title='bbox 2957 1227 3143 1298; x_wconf 80' lang='grc' dir='ltr'>δόξης,</span> <span class='ocrx_word' id='word_1_183' title='bbox 3177 1229 3290 1293; x_wconf 88' lang='grc' dir='ltr'>δύο,</span> <span class='ocrx_word' id='word_1_184' title='bbox 3321 1228 3354 1300; x_wconf 79' lang='grc' dir='ltr'><strong>ἢ</strong></span> <span class='ocrx_word' id='word_1_185' title='bbox 3395 1228 3522 1300; x_wconf 88' lang='grc' dir='ltr'>τρία</span> <span class='ocrx_word' id='word_1_186' title='bbox 3552 1244 3859 1298; x_wconf 85' lang='grc' dir='ltr'>μνημονευ-</span> 
     </span>
    </p>
   </div>
   <div class='ocr_carea' id='block_1_27' title="bbox 2279 1318 3857 1391">
    <p class='ocr_par' dir='ltr' id='par_1_27' title="bbox 2279 1318 3857 1391">
     <span class='ocr_line' id='line_1_27' title="bbox 2279 1318 3857 1391; baseline -0.002 -19"><span class='ocrx_word' id='word_1_187' title='bbox 2279 1319 2440 1373; x_wconf 89' lang='grc' dir='ltr'>θέντα</span> <span class='ocrx_word' id='word_1_188' title='bbox 2487 1319 2774 1391; x_wconf 87' lang='grc' dir='ltr'>θαύματα,</span> <span class='ocrx_word' id='word_1_189' title='bbox 2824 1321 2947 1373; x_wconf 84' lang='grc' dir='ltr'>ὅσον</span> <span class='ocrx_word' id='word_1_190' title='bbox 2990 1321 3279 1391; x_wconf 79' lang='grc' dir='ltr'>ἀφαίρεσιν</span> <span class='ocrx_word' id='word_1_191' title='bbox 3310 1320 3405 1374; x_wconf 72' lang='grc' dir='ltr'>καὶ</span> <span class='ocrx_word' id='word_1_192' title='bbox 3431 1321 3699 1391; x_wconf 79' lang='grc' dir='ltr'>ζημίανὴ</span> <span class='ocrx_word' id='word_1_193' title='bbox 3744 1318 3857 1371; x_wconf 88' lang='grc' dir='ltr'><strong>τῶν</strong></span> 
     </span>
    </p>
   </div>
   <div class='ocr_carea' id='block_1_28' title="bbox 2279 1411 3860 1483">
    <p class='ocr_par' dir='ltr' id='par_1_28' title="bbox 2279 1411 3860 1483">
     <span class='ocr_line' id='line_1_28' title="bbox 2279 1411 3860 1483; baseline -0.001 -19"><span class='ocrx_word' id='word_1_194' title='bbox 2279 1412 2482 1465; x_wconf 83' lang='grc' dir='ltr'>λοιπῶν</span> <span class='ocrx_word' id='word_1_195' title='bbox 2517 1413 2718 1483; x_wconf 84' lang='grc' dir='ltr'>σιωπή.</span> <span class='ocrx_word' id='word_1_196' title='bbox 2764 1411 2926 1464; x_wconf 79' lang='grc' dir='ltr'>Ἀλλά</span> <span class='ocrx_word' id='word_1_197' title='bbox 2964 1413 3064 1465; x_wconf 75' lang='grc' dir='ltr'>καὶ</span> <span class='ocrx_word' id='word_1_198' title='bbox 3093 1413 3298 1466; x_wconf 87' lang='grc' dir='ltr'>τούτων</span> <span class='ocrx_word' id='word_1_199' title='bbox 3332 1413 3724 1483; x_wconf 87' lang='grc' dir='ltr'>σιωπωμένων.</span> <span class='ocrx_word' id='word_1_200' title='bbox 3758 1414 3860 1482; x_wconf 72' lang='lat' dir='ltr'><strong>(ip-</strong></span> 
     </span>
    </p>
   </div>
   <div class='ocr_carea' id='block_1_29' title="bbox 2281 1501 3860 1577">
    <p class='ocr_par' dir='ltr' id='par_1_29' title="bbox 2281 1501 3860 1577">
     <span class='ocr_line' id='line_1_29' title="bbox 2281 1501 3860 1577; baseline -0.001 -22"><span class='ocrx_word' id='word_1_201' title='bbox 2281 1505 2368 1555; x_wconf 88' lang='grc' dir='ltr'><strong>κεῖ</strong></span> <span class='ocrx_word' id='word_1_202' title='bbox 2395 1505 2428 1574; x_wconf 86' lang='grc' dir='ltr'>ἡ</span> <span class='ocrx_word' id='word_1_203' title='bbox 2460 1503 2557 1574; x_wconf 86' lang='grc' dir='ltr'><strong>μία</strong></span> <span class='ocrx_word' id='word_1_204' title='bbox 2578 1501 2672 1556; x_wconf 78' lang='grc' dir='ltr'>τοῦ</span> <span class='ocrx_word' id='word_1_205' title='bbox 2702 1503 2915 1556; x_wconf 88' lang='grc' dir='ltr'>Παύλου</span> <span class='ocrx_word' id='word_1_206' title='bbox 2947 1503 3098 1574; x_wconf 81' lang='grc' dir='ltr'>φωνὴ</span> <span class='ocrx_word' id='word_1_207' title='bbox 3144 1503 3552 1577; x_wconf 77' lang='grc' dir='ltr'>περιληπτικῶς</span> <span class='ocrx_word' id='word_1_208' title='bbox 3583 1504 3652 1556; x_wconf 80' lang='grc' dir='ltr'><strong>τά</strong></span> <span class='ocrx_word' id='word_1_209' title='bbox 3679 1503 3860 1555; x_wconf 71' lang='grc' dir='ltr'>πάντα.</span> 
     </span>
    </p>
   </div>
   <div class='ocr_carea' id='block_1_30' title="bbox 2281 1592 3855 1664">
    <p class='ocr_par' dir='ltr' id='par_1_30' title="bbox 2281 1592 3855 1664">
     <span class='ocr_line' id='line_1_30' title="bbox 2281 1592 3855 1664; baseline 0.001 -20"><span class='ocrx_word' id='word_1_210' title='bbox 2281 1592 2348 1645; x_wconf 87' lang='grc' dir='ltr'>δι’</span> <span class='ocrx_word' id='word_1_211' title='bbox 2381 1593 2581 1664; x_wconf 83' lang='grc' dir='ltr'>ἑαυτῆς</span> <span class='ocrx_word' id='word_1_212' title='bbox 2607 1592 2961 1659; x_wconf 79' lang='grc' dir='ltr'>ἐνδείξασθαι,</span> <span class='ocrx_word' id='word_1_213' title='bbox 2990 1593 3024 1662; x_wconf 79' lang='grc' dir='ltr'>ἡ</span> <span class='ocrx_word' id='word_1_214' title='bbox 3053 1593 3146 1647; x_wconf 73' lang='grc' dir='ltr'>ἐπὶ</span> <span class='ocrx_word' id='word_1_215' title='bbox 3170 1599 3384 1649; x_wconf 83' lang='grc' dir='ltr'>πάντων</span> <span class='ocrx_word' id='word_1_216' title='bbox 3415 1595 3578 1648; x_wconf 85' lang='grc' dir='ltr'>αὐτὸν</span> <span class='ocrx_word' id='word_1_217' title='bbox 3599 1595 3855 1661; x_wconf 79' lang='grc' dir='ltr'>λέγουσα,</span> 
     </span>
    </p>
   </div>
   <div class='ocr_carea' id='block_1_31' title="bbox 2281 1683 3154 1741">
    <p class='ocr_par' dir='ltr' id='par_1_31' title="bbox 2281 1683 3154 1741">
     <span class='ocr_line' id='line_1_31' title="bbox 2281 1683 3154 1741; baseline 0.006 -5"><span class='ocrx_word' id='word_1_218' title='bbox 2281 1683 2374 1736; x_wconf 77' lang='grc' dir='ltr'><strong>καὶ</strong></span> <span class='ocrx_word' id='word_1_219' title='bbox 2399 1683 2488 1737; x_wconf 88' lang='grc' dir='ltr'>διὰ</span> <span class='ocrx_word' id='word_1_220' title='bbox 2518 1685 2735 1738; x_wconf 84' lang='grc' dir='ltr'>πάντων</span> <span class='ocrx_word' id='word_1_221' title='bbox 2766 1687 2860 1738; x_wconf 75' lang='grc' dir='ltr'>καὶ</span> <span class='ocrx_word' id='word_1_222' title='bbox 2883 1688 2940 1738; x_wconf 86' lang='grc' dir='ltr'><strong>ἐν</strong></span> <span class='ocrx_word' id='word_1_223' title='bbox 2970 1688 3154 1741; x_wconf 82' lang='grc' dir='ltr'>πᾶσιν.</span> 
     </span>
    </p>
   </div>
   <div class='ocr_carea' id='block_1_32' title="bbox 590 1776 3856 1855">
    <p class='ocr_par' dir='ltr' id='par_1_32' title="bbox 590 1776 3856 1855">
     <span class='ocr_line' id='line_1_32' title="bbox 590 1776 3856 1855; baseline -0.002 -17"><span class='ocrx_word' id='word_1_224' title='bbox 590 1783 1038 1855; x_wconf 75' lang='lat' dir='ltr'><strong>comprehensive</strong></span> <span class='ocrx_word' id='word_1_225' title='bbox 1069 1796 1164 1850; x_wconf 89' lang='lat' dir='ltr'><strong>per</strong></span> <span class='ocrx_word' id='word_1_226' title='bbox 1199 1795 1257 1834; x_wconf 88' lang='lat' dir='ltr'><strong>se</strong></span> <span class='ocrx_word' id='word_1_227' title='bbox 1301 1780 1439 1834; x_wconf 82' lang='lat' dir='ltr'><strong>satis</strong></span> <span class='ocrx_word' id='word_1_228' title='bbox 1470 1778 1672 1848; x_wconf 86' lang='lat' dir='ltr'><strong>poterit</strong></span> <span class='ocrx_word' id='word_1_229' title='bbox 1717 1777 1902 1830; x_wconf 87' lang='lat' dir='ltr'><strong>omnia</strong></span> <span class='ocrx_word' id='word_1_230' title='bbox 1959 1776 2346 1834; x_wconf 90' lang='lat' dir='ltr'><strong>demonstrare</strong></span> <span class='ocrx_word' id='word_1_231' title='bbox 2385 1795 2507 1849; x_wconf 74' lang='lat' dir='ltr'><strong>qua:</strong></span> <span class='ocrx_word' id='word_1_232' title='bbox 2541 1781 2718 1849; x_wconf 87' lang='lat' dir='ltr'><strong>ipsum</strong></span> <span class='ocrx_word' id='word_1_233' title='bbox 2747 1782 2971 1845; x_wconf 85' lang='lat' dir='ltr'><strong>asserit,</strong></span> <span class='ocrx_word' id='word_1_234' title='bbox 3021 1793 3076 1836; x_wconf 84' lang='lat' dir='ltr'><strong>et</strong></span> <span class='ocrx_word' id='word_1_235' title='bbox 3121 1795 3214 1853; x_wconf 85' lang='lat' dir='ltr'><strong>per</strong></span> <span class='ocrx_word' id='word_1_236' title='bbox 3277 1783 3458 1837; x_wconf 87' lang='lat' dir='ltr'><strong>omnia</strong></span> <span class='ocrx_word' id='word_1_237' title='bbox 3529 1795 3581 1838; x_wconf 87' lang='lat' dir='ltr'><strong>et</strong></span> <span class='ocrx_word' id='word_1_238' title='bbox 3625 1784 3678 1836; x_wconf 93' lang='lat' dir='ltr'><strong>in</strong></span> <span class='ocrx_word' id='word_1_239' title='bbox 3729 1796 3856 1835; x_wconf 89' lang='lat' dir='ltr'><strong>om-</strong></span> 
     </span>
    </p>
   </div>
   <div class='ocr_carea' id='block_1_33' title="bbox 591 1877 775 1930">
    <p class='ocr_par' dir='ltr' id='par_1_33' title="bbox 591 1877 775 1930">
     <span class='ocr_line' id='line_1_33' title="bbox 591 1877 775 1930; baseline -0.011 0"><span class='ocrx_word' id='word_1_240' title='bbox 591 1877 775 1930; x_wconf 89' lang='lat' dir='ltr'><strong>nibus.</strong></span> 
     </span>
    </p>
   </div>
   <div class='ocr_carea' id='block_1_34' title="bbox 666 1961 2185 2040">
    <p class='ocr_par' dir='ltr' id='par_1_34' title="bbox 666 1961 2176 2035">
     <span class='ocr_line' id='line_1_34' title="bbox 666 1961 2176 2035; baseline -0.005 -14"><span class='ocrx_word' id='word_1_241' title='bbox 666 1968 870 2022; x_wconf 81' lang='lat' dir='ltr'><strong>Deinde</strong></span> <span class='ocrx_word' id='word_1_242' title='bbox 932 1966 1130 2034; x_wconf 85' lang='lat' dir='ltr'><strong>inquit,</strong></span> <span class='ocrx_word' id='word_1_243' title='bbox 1172 1963 1354 2035; x_wconf 72' lang='lat' dir='ltr'><strong>Legem</strong></span> <span class='ocrx_word' id='word_1_244' title='bbox 1390 1965 1491 2032; x_wconf 76' lang='lat' dir='ltr'><strong>{ert</strong></span> <span class='ocrx_word' id='word_1_245' title='bbox 1531 1965 1814 2017; x_wconf 73' lang='lat' dir='ltr'><strong>secundum</strong></span> <span class='ocrx_word' id='word_1_246' title='bbox 1867 1961 1958 2016; x_wconf 83' lang='lat' dir='ltr'><strong>Dei</strong></span> <span class='ocrx_word' id='word_1_247' title='bbox 1994 1963 2176 2016; x_wconf 80' lang='lat' dir='ltr'><strong>u-terni</strong></span> 
     </span>
    </p>
   </div>
   <div class='ocr_carea' id='block_1_35' title="bbox 2289 1961 3856 2040">
    <p class='ocr_par' dir='ltr' id='par_1_35' title="bbox 2351 1963 3856 2040">
     <span class='ocr_line' id='line_1_35' title="bbox 2351 1963 3856 2040; baseline 0.005 -22"><span class='ocrx_word' id='word_1_248' title='bbox 2351 1963 2501 2027; x_wconf 73' lang='grc' dir='ltr'>Εἶτα,</span> <span class='ocrx_word' id='word_1_249' title='bbox 2531 1964 3056 2039; x_wconf 71' lang='grc' dir='ltr'>Νομοθετεῖ,φησὶ,</span> <span class='ocrx_word' id='word_1_250' title='bbox 3091 1971 3217 2022; x_wconf 77' lang='grc' dir='ltr'>κατ’</span> <span class='ocrx_word' id='word_1_251' title='bbox 3252 1969 3542 2040; x_wconf 79' lang='grc' dir='ltr'>ἐπιταγὴν</span> <span class='ocrx_word' id='word_1_252' title='bbox 3580 1970 3688 2025; x_wconf 83' lang='grc' dir='ltr'>τοῦ</span> <span class='ocrx_word' id='word_1_253' title='bbox 3719 1974 3856 2026; x_wconf 78' lang='grc' dir='ltr'>αἰω-</span> 
     </span>
    </p>
   </div>
   <div class='ocr_carea' id='block_1_36' title="bbox 593 2053 2177 2122">
    <p class='ocr_par' dir='ltr' id='par_1_36' title="bbox 593 2053 2177 2122">
     <span class='ocr_line' id='line_1_36' title="bbox 593 2053 2177 2122; baseline -0.006 -8"><span class='ocrx_word' id='word_1_254' title='bbox 593 2059 924 2114; x_wconf 85' lang='lat' dir='ltr'><strong>mandatum.</strong></span> <span class='ocrx_word' id='word_1_255' title='bbox 958 2058 1224 2122; x_wconf 76' lang='lat' dir='ltr'><strong>Quisnam</strong></span> <span class='ocrx_word' id='word_1_256' title='bbox 1263 2066 1504 2109; x_wconf 76' lang='lat' dir='ltr'><strong>aeternus</strong></span> <span class='ocrx_word' id='word_1_257' title='bbox 1551 2065 1634 2108; x_wconf 86' lang='lat' dir='ltr'><strong>est</strong></span> <span class='ocrx_word' id='word_1_258' title='bbox 1669 2053 1853 2108; x_wconf 88' lang='lat' dir='ltr'><strong>Dens?</strong></span> <span class='ocrx_word' id='word_1_259' title='bbox 1889 2061 1941 2107; x_wconf 73' lang='lat' dir='ltr'><strong>ei.</strong></span> <span class='ocrx_word' id='word_1_260' title='bbox 1973 2054 2096 2121; x_wconf 89' lang='lat' dir='ltr'><strong>quis</strong></span> <span class='ocrx_word' id='word_1_261' title='bbox 2127 2054 2177 2105; x_wconf 79' lang='lat' dir='ltr'><strong>ei</strong></span> 
     </span>
    </p>
   </div>
   <div class='ocr_carea' id='block_1_37' title="bbox 595 2145 2180 2220">
    <p class='ocr_par' dir='ltr' id='par_1_37' title="bbox 595 2145 2180 2220">
     <span class='ocr_line' id='line_1_37' title="bbox 595 2145 2180 2220; baseline -0.006 -12"><span class='ocrx_word' id='word_1_262' title='bbox 595 2155 979 2208; x_wconf 83' lang='lat' dir='ltr'><strong>subministrat</strong></span> <span class='ocrx_word' id='word_1_263' title='bbox 1011 2153 1064 2204; x_wconf 90' lang='lat' dir='ltr'><strong>iu</strong></span> <span class='ocrx_word' id='word_1_264' title='bbox 1123 2149 1518 2220; x_wconf 84' lang='lat' dir='ltr'><strong>legislatione?</strong></span> <span class='ocrx_word' id='word_1_265' title='bbox 1578 2145 1682 2202; x_wconf 87' lang='lat' dir='ltr'><strong>Sed</strong></span> <span class='ocrx_word' id='word_1_266' title='bbox 1724 2147 1899 2202; x_wconf 81' lang='lat' dir='ltr'><strong>cuivis</strong></span> <span class='ocrx_word' id='word_1_267' title='bbox 1934 2156 2018 2202; x_wconf 88' lang='lat' dir='ltr'><strong>cst</strong></span> <span class='ocrx_word' id='word_1_268' title='bbox 2063 2161 2180 2215; x_wconf 84' lang='lat' dir='ltr'><strong>per-</strong></span> 
     </span>
    </p>
   </div>
   <div class='ocr_carea' id='block_1_38' title="bbox 597 2237 2179 2315">
    <p class='ocr_par' dir='ltr' id='par_1_38' title="bbox 597 2237 2179 2315">
     <span class='ocr_line' id='line_1_38' title="bbox 597 2237 2179 2315; baseline -0.005 -15"><span class='ocrx_word' id='word_1_269' title='bbox 597 2247 869 2315; x_wconf 82' lang='lat' dir='ltr'><strong>spicuum,</strong></span> <span class='ocrx_word' id='word_1_270' title='bbox 898 2243 1044 2312; x_wconf 89' lang='lat' dir='ltr'><strong>quod</strong></span> <span class='ocrx_word' id='word_1_271' title='bbox 1081 2258 1177 2312; x_wconf 90' lang='lat' dir='ltr'><strong>per</strong></span> <span class='ocrx_word' id='word_1_272' title='bbox 1209 2239 1412 2295; x_wconf 80' lang='lat' dir='ltr'><strong>MOsem</strong></span> <span class='ocrx_word' id='word_1_273' title='bbox 1451 2239 1622 2309; x_wconf 85' lang='lat' dir='ltr'><strong>legem</strong></span> <span class='ocrx_word' id='word_1_274' title='bbox 1655 2237 1758 2293; x_wconf 77' lang='lat' dir='ltr'><strong>fert</strong></span> <span class='ocrx_word' id='word_1_275' title='bbox 1795 2237 1939 2292; x_wconf 86' lang='lat' dir='ltr'><strong>Deus</strong></span> <span class='ocrx_word' id='word_1_276' title='bbox 1977 2240 2044 2293; x_wconf 92' lang='lat' dir='ltr'><strong>iis</strong></span> <span class='ocrx_word' id='word_1_277' title='bbox 2085 2239 2179 2306; x_wconf 88' lang='lat' dir='ltr'><strong>qui</strong></span> 
     </span>
    </p>
   </div>
   <div class='ocr_carea' id='block_1_39' title="bbox 597 2329 2180 2409">
    <p class='ocr_par' dir='ltr' id='par_1_39' title="bbox 597 2329 2180 2409">
     <span class='ocr_line' id='line_1_39' title="bbox 597 2329 2180 2409; baseline -0.007 -16"><span class='ocrx_word' id='word_1_278' title='bbox 597 2344 768 2409; x_wconf 77' lang='lat' dir='ltr'><strong>legem</strong></span> <span class='ocrx_word' id='word_1_279' title='bbox 801 2337 1103 2406; x_wconf 88' lang='lat' dir='ltr'><strong>accipiunt.</strong></span> <span class='ocrx_word' id='word_1_280' title='bbox 1137 2335 1276 2388; x_wconf 87' lang='lat' dir='ltr'><strong>Cum</strong></span> <span class='ocrx_word' id='word_1_281' title='bbox 1303 2344 1488 2387; x_wconf 90' lang='lat' dir='ltr'><strong>autem</strong></span> <span class='ocrx_word' id='word_1_282' title='bbox 1523 2341 1682 2386; x_wconf 84' lang='lat' dir='ltr'><strong>antea</strong></span> <span class='ocrx_word' id='word_1_283' title='bbox 1746 2331 2048 2385; x_wconf 85' lang='lat' dir='ltr'><strong>Eunomius</strong></span> <span class='ocrx_word' id='word_1_284' title='bbox 2100 2329 2180 2382; x_wconf 76' lang='lat' dir='ltr'><strong>fa-</strong></span> 
     </span>
    </p>
   </div>
   <div class='ocr_carea' id='block_1_40' title="bbox 594 2422 2181 2495">
    <p class='ocr_par' dir='ltr' id='par_1_40' title="bbox 594 2422 2181 2495">
     <span class='ocr_line' id='line_1_40' title="bbox 594 2422 2181 2495; baseline -0.006 -11"><span class='ocrx_word' id='word_1_285' title='bbox 594 2440 778 2486; x_wconf 84' lang='lat' dir='ltr'><strong>teatur</strong></span> <span class='ocrx_word' id='word_1_286' title='bbox 803 2445 926 2484; x_wconf 91' lang='lat' dir='ltr'><strong>esse</strong></span> <span class='ocrx_word' id='word_1_287' title='bbox 961 2427 1322 2495; x_wconf 77' lang='lat' dir='ltr'><strong>Unigcnitum</strong></span> <span class='ocrx_word' id='word_1_288' title='bbox 1359 2425 1527 2480; x_wconf 90' lang='lat' dir='ltr'><strong>Deum</strong></span> <span class='ocrx_word' id='word_1_289' title='bbox 1557 2425 1650 2493; x_wconf 91' lang='lat' dir='ltr'><strong>qui</strong></span> <span class='ocrx_word' id='word_1_290' title='bbox 1684 2425 1736 2477; x_wconf 92' lang='lat' dir='ltr'><strong>in</strong></span> <span class='ocrx_word' id='word_1_291' title='bbox 1776 2422 1961 2493; x_wconf 74' lang='lat' dir='ltr'><strong>Moyse</strong></span> <span class='ocrx_word' id='word_1_292' title='bbox 1984 2436 2181 2492; x_wconf 80' lang='lat' dir='ltr'><strong>opera-</strong></span> 
     </span>
    </p>
   </div>
   <div class='ocr_carea' id='block_1_41' title="bbox 599 2514 2181 2586">
    <p class='ocr_par' dir='ltr' id='par_1_41' title="bbox 599 2514 2181 2586">
     <span class='ocr_line' id='line_1_41' title="bbox 599 2514 2181 2586; baseline -0.007 -10"><span class='ocrx_word' id='word_1_293' title='bbox 599 2524 757 2577; x_wconf 86' lang='lat' dir='ltr'><strong>batur</strong></span> <span class='ocrx_word' id='word_1_294' title='bbox 787 2520 1055 2574; x_wconf 81' lang='lat' dir='ltr'><strong>miracula</strong></span> <span class='ocrx_word' id='word_1_295' title='bbox 1082 2537 1096 2572; x_wconf 90' lang='lat'><strong>:</strong></span> <span class='ocrx_word' id='word_1_296' title='bbox 1135 2517 1415 2586; x_wconf 90' lang='lat' dir='ltr'><strong>quomodo</strong></span> <span class='ocrx_word' id='word_1_297' title='bbox 1445 2516 1568 2585; x_wconf 88' lang='lat' dir='ltr'><strong>ejus</strong></span> <span class='ocrx_word' id='word_1_298' title='bbox 1600 2529 1844 2586; x_wconf 65' lang='lat' dir='ltr'><strong>praesens</strong></span> <span class='ocrx_word' id='word_1_299' title='bbox 1884 2528 2070 2568; x_wconf 89' lang='lat' dir='ltr'><strong>sermo</strong></span> <span class='ocrx_word' id='word_1_300' title='bbox 2127 2514 2181 2566; x_wconf 91' lang='lat' dir='ltr'><strong>in</strong></span> 
     </span>
    </p>
   </div>
   <div class='ocr_carea' id='block_1_42' title="bbox 599 2604 2184 2673">
    <p class='ocr_par' dir='ltr' id='par_1_42' title="bbox 599 2604 2184 2673">
     <span class='ocr_line' id='line_1_42' title="bbox 599 2604 2184 2673; baseline -0.006 -7"><span class='ocrx_word' id='word_1_301' title='bbox 599 2613 765 2668; x_wconf 79' lang='lat' dir='ltr'><strong>Mosis</strong></span> <span class='ocrx_word' id='word_1_302' title='bbox 797 2613 1049 2668; x_wconf 82' lang='lat' dir='ltr'><strong>ordinent</strong></span> <span class='ocrx_word' id='word_1_303' title='bbox 1085 2608 1328 2663; x_wconf 89' lang='lat' dir='ltr'><strong>universi</strong></span> <span class='ocrx_word' id='word_1_304' title='bbox 1363 2607 1654 2661; x_wconf 87' lang='lat' dir='ltr'><strong>Dominum</strong></span> <span class='ocrx_word' id='word_1_305' title='bbox 1682 2607 1883 2659; x_wconf 78' lang='lat' dir='ltr'><strong>obnixe</strong></span> <span class='ocrx_word' id='word_1_306' title='bbox 1943 2604 2184 2673; x_wconf 79' lang='lat' dir='ltr'><strong>redigit?</strong></span> 
     </span>
    </p>
   </div>
   <div class='ocr_carea' id='block_1_43' title="bbox 598 2696 2179 2768">
    <p class='ocr_par' dir='ltr' id='par_1_43' title="bbox 598 2696 2179 2768">
     <span class='ocr_line' id='line_1_43' title="bbox 598 2696 2179 2768; baseline -0.007 -11"><span class='ocrx_word' id='word_1_307' title='bbox 598 2706 789 2758; x_wconf 70' lang='lat' dir='ltr'><strong>mterni</strong></span> <span class='ocrx_word' id='word_1_308' title='bbox 825 2718 950 2758; x_wconf 88' lang='lat' dir='ltr'><strong>vero</strong></span> <span class='ocrx_word' id='word_1_309' title='bbox 990 2700 1082 2755; x_wconf 90' lang='lat' dir='ltr'><strong>Dei</strong></span> <span class='ocrx_word' id='word_1_310' title='bbox 1119 2697 1486 2768; x_wconf 76' lang='lat' dir='ltr'><strong>significatum</strong></span> <span class='ocrx_word' id='word_1_311' title='bbox 1550 2699 1651 2752; x_wconf 91' lang='lat' dir='ltr'><strong>soli</strong></span> <span class='ocrx_word' id='word_1_312' title='bbox 1708 2696 1854 2750; x_wconf 88' lang='lat' dir='ltr'><strong>Patri</strong></span> <span class='ocrx_word' id='word_1_313' title='bbox 1914 2697 2179 2764; x_wconf 81' lang='lat' dir='ltr'><strong>assignat.</strong></span> 
     </span>
    </p>
   </div>
   <div class='ocr_carea' id='block_1_44' title="bbox 599 2789 2184 2864">
    <p class='ocr_par' dir='ltr' id='par_1_44' title="bbox 599 2789 2184 2864">
     <span class='ocr_line' id='line_1_44' title="bbox 599 2789 2184 2864; baseline -0.009 -11"><span class='ocrx_word' id='word_1_314' title='bbox 599 2801 677 2854; x_wconf 80' lang='lat' dir='ltr'><strong>Ita</strong></span> <span class='ocrx_word' id='word_1_315' title='bbox 705 2807 763 2851; x_wconf 93' lang='lat' dir='ltr'><strong>ut</strong></span> <span class='ocrx_word' id='word_1_316' title='bbox 797 2812 860 2851; x_wconf 89' lang='lat' dir='ltr'><strong>ea</strong></span> <span class='ocrx_word' id='word_1_317' title='bbox 890 2811 1011 2864; x_wconf 69' lang='lat' dir='ltr'><strong>quae</strong></span> <span class='ocrx_word' id='word_1_318' title='bbox 1042 2807 1124 2849; x_wconf 85' lang='lat' dir='ltr'><strong>est</strong></span> <span class='ocrx_word' id='word_1_319' title='bbox 1152 2795 1216 2847; x_wconf 79' lang='lat' dir='ltr'><strong>ad</strong></span> <span class='ocrx_word' id='word_1_320' title='bbox 1255 2801 1522 2847; x_wconf 61' lang='lat' dir='ltr'><strong>aeternum</strong></span> <span class='ocrx_word' id='word_1_321' title='bbox 1556 2789 1887 2854; x_wconf 67' lang='lat' dir='ltr'><strong>differentia,</strong></span> <span class='ocrx_word' id='word_1_322' title='bbox 1947 2803 2056 2841; x_wconf 89' lang='lat' dir='ltr'><strong>non</strong></span> <span class='ocrx_word' id='word_1_323' title='bbox 2112 2802 2184 2840; x_wconf 75' lang='lat'><strong>:13-</strong></span> 
     </span>
    </p>
   </div>
   <div class='ocr_carea' id='block_1_45' title="bbox 600 2879 2185 2953">
    <p class='ocr_par' dir='ltr' id='par_1_45' title="bbox 600 2879 2185 2953">
     <span class='ocr_line' id='line_1_45' title="bbox 600 2879 2185 2953; baseline -0.009 -9"><span class='ocrx_word' id='word_1_324' title='bbox 600 2904 838 2953; x_wconf 88' lang='lat' dir='ltr'><strong>Icrnum,</strong></span> <span class='ocrx_word' id='word_1_325' title='bbox 874 2887 966 2941; x_wconf 92' lang='lat' dir='ltr'><strong>sed</strong></span> <span class='ocrx_word' id='word_1_326' title='bbox 1001 2896 1275 2941; x_wconf 86' lang='lat' dir='ltr'><strong>recentem</strong></span> <span class='ocrx_word' id='word_1_327' title='bbox 1335 2883 1690 2953; x_wconf 78' lang='lat' dir='ltr'><strong>Unigcnitum</strong></span> <span class='ocrx_word' id='word_1_328' title='bbox 1751 2880 1919 2935; x_wconf 90' lang='lat' dir='ltr'><strong>Deum</strong></span> <span class='ocrx_word' id='word_1_329' title='bbox 1956 2879 2185 2933; x_wconf 89' lang='lat' dir='ltr'><strong>demon-</strong></span> 
     </span>
    </p>
   </div>
   <div class='ocr_carea' id='block_1_46' title="bbox 601 2970 2183 3044">
    <p class='ocr_par' dir='ltr' id='par_1_46' title="bbox 601 2970 2183 3044">
     <span class='ocr_line' id='line_1_46' title="bbox 601 2970 2183 3044; baseline -0.01 -7"><span class='ocrx_word' id='word_1_330' title='bbox 601 2991 769 3044; x_wconf 85' lang='lat' dir='ltr'><strong>stret,</strong></span> <span class='ocrx_word' id='word_1_331' title='bbox 802 2979 1124 3034; x_wconf 61' lang='lat' dir='ltr'><strong>saeculorum</strong></span> <span class='ocrx_word' id='word_1_332' title='bbox 1168 2979 1451 3030; x_wconf 79' lang='lat' dir='ltr'><strong>factorem.</strong></span> <span class='ocrx_word' id='word_1_333' title='bbox 1493 2973 1695 3028; x_wconf 85' lang='lat' dir='ltr'><strong>Verum</strong></span> <span class='ocrx_word' id='word_1_334' title='bbox 1735 2973 2016 3027; x_wconf 87' lang='lat' dir='ltr'><strong>enimvero</strong></span> <span class='ocrx_word' id='word_1_335' title='bbox 2049 2970 2183 3023; x_wconf 90' lang='lat' dir='ltr'><strong>mihi</strong></span> 
     </span>
    </p>
   </div>
   <div class='ocr_carea' id='block_1_47' title="bbox 603 3062 2181 3132">
    <p class='ocr_par' dir='ltr' id='par_1_47' title="bbox 603 3062 2181 3132">
     <span class='ocr_line' id='line_1_47' title="bbox 603 3062 2181 3132; baseline -0.008 -9"><span class='ocrx_word' id='word_1_336' title='bbox 603 3073 817 3125; x_wconf 83' lang='lat' dir='ltr'><strong>videtur</strong></span> <span class='ocrx_word' id='word_1_337' title='bbox 844 3070 1048 3122; x_wconf 90' lang='lat' dir='ltr'><strong>oblitus</strong></span> <span class='ocrx_word' id='word_1_338' title='bbox 1079 3083 1202 3121; x_wconf 87' lang='lat' dir='ltr'><strong>esse</strong></span> <span class='ocrx_word' id='word_1_339' title='bbox 1231 3067 1320 3118; x_wconf 88' lang='lat' dir='ltr'><strong>ille</strong></span> <span class='ocrx_word' id='word_1_340' title='bbox 1346 3064 1592 3118; x_wconf 82' lang='lat' dir='ltr'><strong>discendi</strong></span> <span class='ocrx_word' id='word_1_341' title='bbox 1618 3062 1852 3132; x_wconf 87' lang='lat' dir='ltr'><strong>cupidus</strong></span> <span class='ocrx_word' id='word_1_342' title='bbox 1876 3069 1929 3114; x_wconf 89' lang='lat' dir='ltr'><strong>et</strong></span> <span class='ocrx_word' id='word_1_343' title='bbox 1953 3075 2181 3124; x_wconf 88' lang='lat' dir='ltr'><strong>memor,</strong></span> 
     </span>
    </p>
   </div>
   <div class='ocr_carea' id='block_1_48' title="bbox 601 3151 2184 3232">
    <p class='ocr_par' dir='ltr' id='par_1_48' title="bbox 601 3151 2184 3232">
     <span class='ocr_line' id='line_1_48' title="bbox 601 3151 2184 3232; baseline -0.004 -20"><span class='ocrx_word' id='word_1_344' title='bbox 601 3161 748 3232; x_wconf 87' lang='lat' dir='ltr'><strong>quod</strong></span> <span class='ocrx_word' id='word_1_345' title='bbox 782 3161 893 3212; x_wconf 76' lang='lat' dir='ltr'><strong>haec</strong></span> <span class='ocrx_word' id='word_1_346' title='bbox 929 3159 1113 3210; x_wconf 91' lang='lat' dir='ltr'><strong>omnia</strong></span> <span class='ocrx_word' id='word_1_347' title='bbox 1149 3157 1215 3208; x_wconf 84' lang='lat' dir='ltr'><strong>de</strong></span> <span class='ocrx_word' id='word_1_348' title='bbox 1247 3156 1429 3225; x_wconf 82' lang='lat' dir='ltr'><strong>seipse</strong></span> <span class='ocrx_word' id='word_1_349' title='bbox 1461 3153 1666 3208; x_wconf 86' lang='lat' dir='ltr'><strong>Paulus</strong></span> <span class='ocrx_word' id='word_1_350' title='bbox 1692 3153 1788 3213; x_wconf 86' lang='lat' dir='ltr'><strong>ait,</strong></span> <span class='ocrx_word' id='word_1_351' title='bbox 1849 3151 2184 3206; x_wconf 86' lang='lat' dir='ltr'><strong>annuntians</strong></span> 
     </span>
    </p>
   </div>
   <div class='ocr_carea' id='block_1_49' title="bbox 603 3239 2182 3314">
    <p class='ocr_par' dir='ltr' id='par_1_49' title="bbox 603 3239 2182 3314">
     <span class='ocr_line' id='line_1_49' title="bbox 603 3239 2182 3314; baseline -0.004 -13"><span class='ocrx_word' id='word_1_352' title='bbox 603 3247 918 3301; x_wconf 87' lang='lat' dir='ltr'><strong>hominibus</strong></span> <span class='ocrx_word' id='word_1_353' title='bbox 979 3245 1255 3314; x_wconf 79' lang='lat' dir='ltr'><strong>Evangelii</strong></span> <span class='ocrx_word' id='word_1_354' title='bbox 1316 3245 1649 3313; x_wconf 71' lang='lat' dir='ltr'><strong>prmconium</strong></span> <span class='ocrx_word' id='word_1_355' title='bbox 1719 3240 2024 3296; x_wconf 89' lang='lat' dir='ltr'><strong>secundum</strong></span> <span class='ocrx_word' id='word_1_356' title='bbox 2090 3239 2182 3294; x_wconf 86' lang='lat' dir='ltr'><strong>Dei</strong></span> 
     </span>
    </p>
   </div>
   <div class='ocr_carea' id='block_1_50' title="bbox 2281 2057 3857 2134">
    <p class='ocr_par' dir='ltr' id='par_1_50' title="bbox 2281 2057 3857 2134">
     <span class='ocr_line' id='line_1_50' title="bbox 2281 2057 3857 2134; baseline 0.003 -24"><span class='ocrx_word' id='word_1_357' title='bbox 2281 2059 2414 2111; x_wconf 71' lang='grc' dir='ltr'>νίου</span> <span class='ocrx_word' id='word_1_358' title='bbox 2439 2057 2604 2111; x_wconf 81' lang='grc' dir='ltr'>Θεοῦ.</span> <span class='ocrx_word' id='word_1_359' title='bbox 2631 2060 2725 2122; x_wconf 88' lang='grc' dir='ltr'><strong>Τίς</strong></span> <span class='ocrx_word' id='word_1_360' title='bbox 2746 2063 2774 2112; x_wconf 82' lang='grc' dir='ltr'>ὁ</span> <span class='ocrx_word' id='word_1_361' title='bbox 2794 2058 3008 2123; x_wconf 87' lang='grc' dir='ltr'>αἰώνιός</span> <span class='ocrx_word' id='word_1_362' title='bbox 3036 2063 3151 2113; x_wconf 85' lang='grc' dir='ltr'>ἐστι</span> <span class='ocrx_word' id='word_1_363' title='bbox 3175 2061 3332 2126; x_wconf 76' lang='grc' dir='ltr'>Θεόςς</span> <span class='ocrx_word' id='word_1_364' title='bbox 3363 2063 3472 2115; x_wconf 77' lang='grc' dir='ltr'>Καὶ</span> <span class='ocrx_word' id='word_1_365' title='bbox 3497 2062 3580 2126; x_wconf 85' lang='grc' dir='ltr'><strong>τίς</strong></span> <span class='ocrx_word' id='word_1_366' title='bbox 3602 2064 3630 2113; x_wconf 97' lang='lat'><strong>6</strong></span> <span class='ocrx_word' id='word_1_367' title='bbox 3652 2064 3857 2134; x_wconf 72' lang='grc' dir='ltr'>ὑπουρο</span> 
     </span>
    </p>
   </div>
   <div class='ocr_carea' id='block_1_51' title="bbox 2283 2146 3858 2220">
    <p class='ocr_par' dir='ltr' id='par_1_51' title="bbox 2283 2146 3858 2220">
     <span class='ocr_line' id='line_1_51' title="bbox 2283 2146 3858 2220; baseline 0.006 -25"><span class='ocrx_word' id='word_1_368' title='bbox 2283 2146 2392 2212; x_wconf 84' lang='grc' dir='ltr'><strong>γῶν</strong></span> <span class='ocrx_word' id='word_1_369' title='bbox 2433 2147 2582 2217; x_wconf 85' lang='grc' dir='ltr'>αὑτῷ</span> <span class='ocrx_word' id='word_1_370' title='bbox 2620 2149 2747 2218; x_wconf 80' lang='grc' dir='ltr'>περὶ</span> <span class='ocrx_word' id='word_1_371' title='bbox 2778 2149 2875 2220; x_wconf 87' lang='grc' dir='ltr'>τὴν</span> <span class='ocrx_word' id='word_1_372' title='bbox 2918 2149 3010 2202; x_wconf 82' lang='grc' dir='ltr'>τοῦ</span> <span class='ocrx_word' id='word_1_373' title='bbox 3040 2151 3204 2220; x_wconf 89' lang='grc' dir='ltr'>νόμου</span> <span class='ocrx_word' id='word_1_374' title='bbox 3261 2151 3442 2215; x_wconf 89' lang='grc' dir='ltr'>θέσιν;</span> <span class='ocrx_word' id='word_1_375' title='bbox 3503 2151 3662 2205; x_wconf 79' lang='grc' dir='ltr'>Ἀλλά</span> <span class='ocrx_word' id='word_1_376' title='bbox 3694 2154 3858 2205; x_wconf 71' lang='grc' dir='ltr'>παντὶ</span> 
     </span>
    </p>
   </div>
   <div class='ocr_carea' id='block_1_52' title="bbox 2281 2237 3856 2312">
    <p class='ocr_par' dir='ltr' id='par_1_52' title="bbox 2281 2237 3856 2312">
     <span class='ocr_line' id='line_1_52' title="bbox 2281 2237 3856 2312; baseline 0.004 -22"><span class='ocrx_word' id='word_1_377' title='bbox 2281 2237 2437 2305; x_wconf 78' lang='grc' dir='ltr'>δῆλον</span> <span class='ocrx_word' id='word_1_378' title='bbox 2467 2238 2621 2291; x_wconf 79' lang='grc' dir='ltr'>τοῦτό</span> <span class='ocrx_word' id='word_1_379' title='bbox 2652 2243 2796 2292; x_wconf 84' lang='grc' dir='ltr'>ἐστιν</span> <span class='ocrx_word' id='word_1_380' title='bbox 2821 2283 2836 2305; x_wconf 87' lang='grc'><strong>,</strong></span> <span class='ocrx_word' id='word_1_381' title='bbox 2865 2240 2946 2293; x_wconf 65' lang='grc' dir='ltr'><strong>ὅτι</strong></span> <span class='ocrx_word' id='word_1_382' title='bbox 2973 2241 3062 2294; x_wconf 82' lang='grc' dir='ltr'>διὰ</span> <span class='ocrx_word' id='word_1_383' title='bbox 3089 2241 3330 2305; x_wconf 80' lang='grc' dir='ltr'><strong>Μωσέως</strong></span> <span class='ocrx_word' id='word_1_384' title='bbox 3355 2242 3637 2312; x_wconf 87' lang='grc' dir='ltr'>νομοθετεῖ</span> <span class='ocrx_word' id='word_1_385' title='bbox 3658 2246 3685 2297; x_wconf 91' lang='lat'><strong>6</strong></span> <span class='ocrx_word' id='word_1_386' title='bbox 3721 2244 3856 2306; x_wconf 87' lang='grc' dir='ltr'>Θεὸς</span> 
     </span>
    </p>
   </div>
   <div class='ocr_carea' id='block_1_53' title="bbox 2280 2329 3862 2406">
    <p class='ocr_par' dir='ltr' id='par_1_53' title="bbox 2280 2329 3862 2406">
     <span class='ocr_line' id='line_1_53' title="bbox 2280 2329 3862 2406; baseline 0.006 -28"><span class='ocrx_word' id='word_1_387' title='bbox 2280 2332 2392 2391; x_wconf 80' lang='grc' dir='ltr'>τοῖς</span> <span class='ocrx_word' id='word_1_388' title='bbox 2439 2329 2747 2399; x_wconf 81' lang='grc' dir='ltr'>δεχομένοις</span> <span class='ocrx_word' id='word_1_389' title='bbox 2790 2332 2880 2384; x_wconf 87' lang='grc' dir='ltr'><strong>τὸν</strong></span> <span class='ocrx_word' id='word_1_390' title='bbox 2918 2332 3100 2404; x_wconf 85' lang='grc' dir='ltr'>νόμον.</span> <span class='ocrx_word' id='word_1_391' title='bbox 3134 2334 3308 2387; x_wconf 75' lang='grc' dir='ltr'>Αὑτοῦ</span> <span class='ocrx_word' id='word_1_392' title='bbox 3350 2333 3408 2386; x_wconf 85' lang='grc' dir='ltr'><strong>δέ</strong></span> <span class='ocrx_word' id='word_1_393' title='bbox 3445 2334 3538 2387; x_wconf 79' lang='grc' dir='ltr'>τοῦ</span> <span class='ocrx_word' id='word_1_394' title='bbox 3591 2336 3862 2406; x_wconf 76' lang='grc' dir='ltr'>Εὑνομίου</span> 
     </span>
    </p>
   </div>
   <div class='ocr_carea' id='block_1_54' title="bbox 2284 2420 3853 2496">
    <p class='ocr_par' dir='ltr' id='par_1_54' title="bbox 2284 2420 3853 2496">
     <span class='ocr_line' id='line_1_54' title="bbox 2284 2420 3853 2496; baseline 0.004 -23"><span class='ocrx_word' id='word_1_395' title='bbox 2284 2421 2374 2473; x_wconf 84' lang='grc' dir='ltr'><strong>τὸν</strong></span> <span class='ocrx_word' id='word_1_396' title='bbox 2406 2423 2687 2494; x_wconf 82' lang='grc' dir='ltr'>Μονογενῆ</span> <span class='ocrx_word' id='word_1_397' title='bbox 2726 2423 2857 2476; x_wconf 86' lang='grc' dir='ltr'>Θεὸν</span> <span class='ocrx_word' id='word_1_398' title='bbox 2908 2420 3047 2478; x_wconf 76' lang='grc' dir='ltr'>εἶναι</span> <span class='ocrx_word' id='word_1_399' title='bbox 3091 2426 3500 2496; x_wconf 77' lang='grc' dir='ltr'>ὁμολογοῦντος,</span> <span class='ocrx_word' id='word_1_400' title='bbox 3547 2427 3636 2480; x_wconf 86' lang='grc' dir='ltr'><strong>τὸν</strong></span> <span class='ocrx_word' id='word_1_401' title='bbox 3683 2428 3853 2496; x_wconf 84' lang='grc' dir='ltr'>Μωσῇ</span> 
     </span>
    </p>
   </div>
   <div class='ocr_carea' id='block_1_55' title="bbox 2283 2512 3857 2588">
    <p class='ocr_par' dir='ltr' id='par_1_55' title="bbox 2283 2512 3857 2588">
     <span class='ocr_line' id='line_1_55' title="bbox 2283 2512 3857 2588; baseline 0.004 -25"><span class='ocrx_word' id='word_1_402' title='bbox 2283 2512 2690 2582; x_wconf 76' lang='grc' dir='ltr'>χρηματίζοντα</span> <span class='ocrx_word' id='word_1_403' title='bbox 2713 2529 2728 2544; x_wconf 77' lang='grc' dir='ltr'><strong><em>ο</em></strong></span> <span class='ocrx_word' id='word_1_404' title='bbox 2757 2513 2875 2577; x_wconf 89' lang='grc' dir='ltr'><strong>πῶς</strong></span> <span class='ocrx_word' id='word_1_405' title='bbox 2897 2517 2925 2567; x_wconf 88' lang='lat'><strong>6</strong></span> <span class='ocrx_word' id='word_1_406' title='bbox 2951 2514 3141 2586; x_wconf 85' lang='grc' dir='ltr'>παρὼν</span> <span class='ocrx_word' id='word_1_407' title='bbox 3173 2517 3338 2570; x_wconf 82' lang='grc' dir='ltr'>αὑτοῦ</span> <span class='ocrx_word' id='word_1_408' title='bbox 3361 2517 3512 2586; x_wconf 74' lang='grc' dir='ltr'>λόγος</span> <span class='ocrx_word' id='word_1_409' title='bbox 3537 2519 3613 2580; x_wconf 86' lang='grc' dir='ltr'>εἰς</span> <span class='ocrx_word' id='word_1_410' title='bbox 3641 2520 3740 2588; x_wconf 86' lang='grc' dir='ltr'>τὴν</span> <span class='ocrx_word' id='word_1_411' title='bbox 3760 2519 3857 2572; x_wconf 81' lang='grc' dir='ltr'>τοῦ</span> 
     </span>
    </p>
   </div>
   <div class='ocr_carea' id='block_1_56' title="bbox 2284 2601 3860 2678">
    <p class='ocr_par' dir='ltr' id='par_1_56' title="bbox 2284 2601 3860 2678">
     <span class='ocr_line' id='line_1_56' title="bbox 2284 2601 3860 2678; baseline 0.003 -22"><span class='ocrx_word' id='word_1_412' title='bbox 2284 2605 2526 2666; x_wconf 86' lang='grc' dir='ltr'>Μωσέως</span> <span class='ocrx_word' id='word_1_413' title='bbox 2551 2601 2704 2668; x_wconf 81' lang='grc' dir='ltr'>τάξιν</span> <span class='ocrx_word' id='word_1_414' title='bbox 2721 2605 2813 2657; x_wconf 85' lang='grc' dir='ltr'><strong>τὸν</strong></span> <span class='ocrx_word' id='word_1_415' title='bbox 2834 2605 2928 2657; x_wconf 80' lang='grc' dir='ltr'><strong>τοῦ</strong></span> <span class='ocrx_word' id='word_1_416' title='bbox 2957 2607 3156 2671; x_wconf 81' lang='grc' dir='ltr'>παντὸς</span> <span class='ocrx_word' id='word_1_417' title='bbox 3178 2609 3453 2677; x_wconf 79' lang='grc' dir='ltr'>Δεσπότην</span> <span class='ocrx_word' id='word_1_418' title='bbox 3475 2609 3860 2678; x_wconf 82' lang='grc' dir='ltr'>ἀντικαθίστη-</span> 
     </span>
    </p>
   </div>
   <div class='ocr_carea' id='block_1_57' title="bbox 2286 2695 3861 2771">
    <p class='ocr_par' dir='ltr' id='par_1_57' title="bbox 2286 2695 3861 2771">
     <span class='ocr_line' id='line_1_57' title="bbox 2286 2695 3861 2771; baseline 0.002 -24"><span class='ocrx_word' id='word_1_419' title='bbox 2286 2713 2370 2748; x_wconf 89' lang='grc' dir='ltr'><strong>σιν</strong></span> <span class='ocrx_word' id='word_1_420' title='bbox 2395 2712 2409 2759; x_wconf 91' lang='grc'>;</span> <span class='ocrx_word' id='word_1_421' title='bbox 2437 2696 2510 2747; x_wconf 89' lang='grc' dir='ltr'><strong>Τὸ</strong></span> <span class='ocrx_word' id='word_1_422' title='bbox 2537 2696 2593 2748; x_wconf 87' lang='grc' dir='ltr'><strong>δέ</strong></span> <span class='ocrx_word' id='word_1_423' title='bbox 2613 2695 2708 2749; x_wconf 80' lang='grc' dir='ltr'>τοῦ</span> <span class='ocrx_word' id='word_1_424' title='bbox 2731 2698 2950 2751; x_wconf 75' lang='grc' dir='ltr'>αἰωνίου</span> <span class='ocrx_word' id='word_1_425' title='bbox 2977 2698 3111 2751; x_wconf 76' lang='grc' dir='ltr'>Θεοῦ</span> <span class='ocrx_word' id='word_1_426' title='bbox 3137 2700 3551 2768; x_wconf 84' lang='grc' dir='ltr'>σημαινόμενον,</span> <span class='ocrx_word' id='word_1_427' title='bbox 3582 2699 3659 2771; x_wconf 81' lang='grc' dir='ltr'><strong>τῷ</strong></span> <span class='ocrx_word' id='word_1_428' title='bbox 3683 2701 3861 2770; x_wconf 84' lang='grc' dir='ltr'>Πατρ“ι</span> 
     </span>
    </p>
   </div>
   <div class='ocr_carea' id='block_1_58' title="bbox 2285 2783 3857 2861">
    <p class='ocr_par' dir='ltr' id='par_1_58' title="bbox 2285 2783 3857 2861">
     <span class='ocr_line' id='line_1_58' title="bbox 2285 2783 3857 2861; baseline 0.003 -23"><span class='ocrx_word' id='word_1_429' title='bbox 2285 2783 2576 2854; x_wconf 77' lang='grc' dir='ltr'>ἀνατίθησι</span> <span class='ocrx_word' id='word_1_430' title='bbox 2604 2786 2770 2857; x_wconf 81' lang='grc' dir='ltr'>μόνῳ.</span> <span class='ocrx_word' id='word_1_431' title='bbox 2821 2786 2907 2849; x_wconf 79' lang='grc' dir='ltr'>Ὠς</span> <span class='ocrx_word' id='word_1_432' title='bbox 2945 2790 3010 2859; x_wconf 80' lang='grc' dir='ltr'>τῇ</span> <span class='ocrx_word' id='word_1_433' title='bbox 3053 2789 3188 2858; x_wconf 80' lang='grc' dir='ltr'>πρὸς</span> <span class='ocrx_word' id='word_1_434' title='bbox 3219 2789 3307 2842; x_wconf 88' lang='grc' dir='ltr'><strong>τὸν</strong></span> <span class='ocrx_word' id='word_1_435' title='bbox 3345 2789 3558 2843; x_wconf 80' lang='grc' dir='ltr'>αἰώνιον</span> <span class='ocrx_word' id='word_1_436' title='bbox 3584 2790 3857 2861; x_wconf 80' lang='grc' dir='ltr'>διαστολῇ,</span> 
     </span>
    </p>
   </div>
   <div class='ocr_carea' id='block_1_59' title="bbox 2291 2876 3864 2951">
    <p class='ocr_par' dir='ltr' id='par_1_59' title="bbox 2291 2876 3864 2951">
     <span class='ocr_line' id='line_1_59' title="bbox 2291 2876 3864 2951; baseline 0.004 -21"><span class='ocrx_word' id='word_1_437' title='bbox 2291 2876 2363 2946; x_wconf 83' lang='grc' dir='ltr'>μὴ</span> <span class='ocrx_word' id='word_1_438' title='bbox 2395 2876 2780 2940; x_wconf 86' lang='grc' dir='ltr'>αἰώνιον,ἀλλὰ</span> <span class='ocrx_word' id='word_1_439' title='bbox 2814 2879 3128 2948; x_wconf 79' lang='grc' dir='ltr'>πρόσφατον</span> <span class='ocrx_word' id='word_1_440' title='bbox 3169 2879 3444 2951; x_wconf 83' lang='grc' dir='ltr'>Μονογενῆ</span> <span class='ocrx_word' id='word_1_441' title='bbox 3479 2883 3610 2936; x_wconf 87' lang='grc' dir='ltr'>Θεὸν</span> <span class='ocrx_word' id='word_1_442' title='bbox 3645 2883 3864 2936; x_wconf 85' lang='grc' dir='ltr'>ἀποδεί-</span> 
     </span>
    </p>
   </div>
   <div class='ocr_carea' id='block_1_60' title="bbox 2288 2968 3859 3046">
    <p class='ocr_par' dir='ltr' id='par_1_60' title="bbox 2288 2968 3859 3046">
     <span class='ocr_line' id='line_1_60' title="bbox 2288 2968 3859 3046; baseline 0.006 -26"><span class='ocrx_word' id='word_1_443' title='bbox 2288 2968 2532 3032; x_wconf 82' lang='grc' dir='ltr'>κνυσθαι,</span> <span class='ocrx_word' id='word_1_444' title='bbox 2560 2970 2652 3022; x_wconf 89' lang='grc' dir='ltr'><strong>τὸν</strong></span> <span class='ocrx_word' id='word_1_445' title='bbox 2676 2972 2904 3041; x_wconf 83' lang='grc' dir='ltr'>ποιητὴν</span> <span class='ocrx_word' id='word_1_446' title='bbox 2929 2972 3037 3024; x_wconf 89' lang='grc' dir='ltr'><strong>τῶν</strong></span> <span class='ocrx_word' id='word_1_447' title='bbox 3053 2972 3282 3027; x_wconf 81' lang='grc' dir='ltr'>αἰώνων.</span> <span class='ocrx_word' id='word_1_448' title='bbox 3312 2975 3471 3029; x_wconf 85' lang='grc' dir='ltr'>Ἀλλά</span> <span class='ocrx_word' id='word_1_449' title='bbox 3495 2977 3585 3029; x_wconf 73' lang='grc' dir='ltr'><strong>καὶ</strong></span> <span class='ocrx_word' id='word_1_450' title='bbox 3609 2975 3859 3046; x_wconf 74' lang='grc' dir='ltr'>ἐπιλελῆο</span> 
     </span>
    </p>
   </div>
   <div class='ocr_carea' id='block_1_61' title="bbox 2287 3056 3863 3132">
    <p class='ocr_par' dir='ltr' id='par_1_61' title="bbox 2287 3056 3863 3132">
     <span class='ocr_line' id='line_1_61' title="bbox 2287 3056 3863 3132; baseline 0.005 -23"><span class='ocrx_word' id='word_1_451' title='bbox 2287 3056 2412 3112; x_wconf 85' lang='grc' dir='ltr'>σθαί</span> <span class='ocrx_word' id='word_1_452' title='bbox 2445 3076 2536 3128; x_wconf 86' lang='grc' dir='ltr'><strong>μοι</strong></span> <span class='ocrx_word' id='word_1_453' title='bbox 2561 3059 2708 3112; x_wconf 78' lang='grc' dir='ltr'>δοκεῖ</span> <span class='ocrx_word' id='word_1_454' title='bbox 2725 3060 2753 3113; x_wconf 91' lang='lat'><strong>6</strong></span> <span class='ocrx_word' id='word_1_455' title='bbox 2776 3059 3078 3130; x_wconf 80' lang='grc' dir='ltr'>φιλομαθής</span> <span class='ocrx_word' id='word_1_456' title='bbox 3104 3078 3163 3114; x_wconf 91' lang='grc' dir='ltr'><strong>τε</strong></span> <span class='ocrx_word' id='word_1_457' title='bbox 3188 3063 3279 3114; x_wconf 74' lang='grc' dir='ltr'><strong>καὶ</strong></span> <span class='ocrx_word' id='word_1_458' title='bbox 3304 3065 3551 3132; x_wconf 84' lang='grc' dir='ltr'>μνήμων,</span> <span class='ocrx_word' id='word_1_459' title='bbox 3576 3064 3656 3116; x_wconf 82' lang='grc' dir='ltr'>ὅτι</span> <span class='ocrx_word' id='word_1_460' title='bbox 3683 3063 3863 3117; x_wconf 71' lang='grc' dir='ltr'>πάντα</span> 
     </span>
    </p>
   </div>
   <div class='ocr_carea' id='block_1_62' title="bbox 2285 3148 3864 3222">
    <p class='ocr_par' dir='ltr' id='par_1_62' title="bbox 2285 3148 3864 3222">
     <span class='ocr_line' id='line_1_62' title="bbox 2285 3148 3864 3222; baseline 0.003 -20"><span class='ocrx_word' id='word_1_461' title='bbox 2285 3148 2457 3202; x_wconf 80' lang='grc' dir='ltr'>ταῦτα</span> <span class='ocrx_word' id='word_1_462' title='bbox 2479 3149 2607 3221; x_wconf 76' lang='grc' dir='ltr'>περὶ</span> <span class='ocrx_word' id='word_1_463' title='bbox 2634 3151 2825 3204; x_wconf 85' lang='grc' dir='ltr'>ἐαυτοῦ</span> <span class='ocrx_word' id='word_1_464' title='bbox 2844 3153 2872 3203; x_wconf 91' lang='lat'><strong>6</strong></span> <span class='ocrx_word' id='word_1_465' title='bbox 2899 3151 3109 3214; x_wconf 85' lang='grc' dir='ltr'>Παῦλός</span> <span class='ocrx_word' id='word_1_466' title='bbox 3133 3168 3286 3222; x_wconf 86' lang='grc' dir='ltr'>φησι,</span> <span class='ocrx_word' id='word_1_467' title='bbox 3315 3152 3642 3221; x_wconf 83' lang='grc' dir='ltr'>διαγγέλλων</span> <span class='ocrx_word' id='word_1_468' title='bbox 3670 3155 3728 3206; x_wconf 88' lang='grc' dir='ltr'><strong>ἐν</strong></span> <span class='ocrx_word' id='word_1_469' title='bbox 3747 3157 3864 3219; x_wconf 85' lang='grc' dir='ltr'>τοῖς</span> 
     </span>
    </p>
   </div>
   <div class='ocr_carea' id='block_1_63' title="bbox 2287 3240 3865 3314">
    <p class='ocr_par' dir='ltr' id='par_1_63' title="bbox 2287 3240 3865 3314">
     <span class='ocr_line' id='line_1_63' title="bbox 2287 3240 3865 3314; baseline 0.002 -20"><span class='ocrx_word' id='word_1_470' title='bbox 2287 3242 2594 3312; x_wconf 84' lang='grc' dir='ltr'>ἀνθρώποις</span> <span class='ocrx_word' id='word_1_471' title='bbox 2618 3240 2712 3295; x_wconf 78' lang='grc' dir='ltr'>τοῦ</span> <span class='ocrx_word' id='word_1_472' title='bbox 2745 3240 3078 3310; x_wconf 81' lang='grc' dir='ltr'>Εὑαγγελίου</span> <span class='ocrx_word' id='word_1_473' title='bbox 3109 3243 3170 3295; x_wconf 87' lang='grc' dir='ltr'><strong>τὸ</strong></span> <span class='ocrx_word' id='word_1_474' title='bbox 3202 3245 3494 3314; x_wconf 79' lang='grc' dir='ltr'>κήρυγμα,</span> <span class='ocrx_word' id='word_1_475' title='bbox 3523 3245 3642 3297; x_wconf 79' lang='grc' dir='ltr'>κατ’</span> <span class='ocrx_word' id='word_1_476' title='bbox 3673 3247 3865 3299; x_wconf 80' lang='grc' dir='ltr'>ἐπιτα-</span> 
     </span>
    </p>
   </div>
   <div class='ocr_carea' id='block_1_64' title="bbox 603 3315 2185 3409">
    <p class='ocr_par' dir='ltr' id='par_1_64' title="bbox 603 3333 2181 3409">
     <span class='ocr_line' id='line_1_64' title="bbox 603 3333 2181 3409; baseline -0.004 -16"><span class='ocrx_word' id='word_1_477' title='bbox 603 3340 917 3409; x_wconf 91' lang='lat' dir='ltr'><strong>imperium.</strong></span> <span class='ocrx_word' id='word_1_478' title='bbox 958 3336 1089 3402; x_wconf 78' lang='lat' dir='ltr'><strong>Qua:</strong></span> <span class='ocrx_word' id='word_1_479' title='bbox 1120 3351 1252 3406; x_wconf 85' lang='lat' dir='ltr'><strong>ergo</strong></span> <span class='ocrx_word' id='word_1_480' title='bbox 1306 3335 1373 3388; x_wconf 88' lang='lat' dir='ltr'><strong>de</strong></span> <span class='ocrx_word' id='word_1_481' title='bbox 1403 3334 1586 3404; x_wconf 87' lang='lat' dir='ltr'><strong>seipso</strong></span> <span class='ocrx_word' id='word_1_482' title='bbox 1618 3341 1808 3387; x_wconf 87' lang='lat' dir='ltr'><strong>narrat</strong></span> <span class='ocrx_word' id='word_1_483' title='bbox 1860 3333 2181 3401; x_wconf 85' lang='lat' dir='ltr'><strong>Apostolus,</strong></span> 
     </span>
    </p>
   </div>
   <div class='ocr_carea' id='block_1_65' title="bbox 2289 3315 3864 3409">
    <p class='ocr_par' dir='ltr' id='par_1_65' title="bbox 2289 3332 3864 3406">
     <span class='ocr_line' id='line_1_65' title="bbox 2289 3332 3864 3406; baseline 0.004 -23"><span class='ocrx_word' id='word_1_484' title='bbox 2289 3333 2390 3402; x_wconf 82' lang='grc' dir='ltr'>γὴν</span> <span class='ocrx_word' id='word_1_485' title='bbox 2433 3332 2527 3384; x_wconf 80' lang='grc' dir='ltr'>τοῦ</span> <span class='ocrx_word' id='word_1_486' title='bbox 2566 3333 2723 3386; x_wconf 79' lang='grc' dir='ltr'>Θεοῦ.</span> <span class='ocrx_word' id='word_1_487' title='bbox 2763 3333 2829 3384; x_wconf 85' lang='lat' dir='ltr'><strong>&quot;A</strong></span> <span class='ocrx_word' id='word_1_488' title='bbox 2860 3333 3040 3385; x_wconf 79' lang='grc' dir='ltr'>τοίνυν</span> <span class='ocrx_word' id='word_1_489' title='bbox 3069 3334 3199 3404; x_wconf 76' lang='grc' dir='ltr'>περὶ</span> <span class='ocrx_word' id='word_1_490' title='bbox 3231 3334 3422 3386; x_wconf 74' lang='grc' dir='ltr'>ἑαυτοῦ</span> <span class='ocrx_word' id='word_1_491' title='bbox 3464 3335 3794 3406; x_wconf 81' lang='grc' dir='ltr'>διεξέρχεται</span> <span class='ocrx_word' id='word_1_492' title='bbox 3836 3340 3864 3392; x_wconf 74' lang='lat'><strong>6</strong></span> 
     </span>
    </p>
   </div>
   <div class='ocr_carea' id='block_1_66' title="bbox 603 3421 2187 3494">
    <p class='ocr_par' dir='ltr' id='par_1_66' title="bbox 603 3421 2187 3494">
     <span class='ocr_line' id='line_1_66' title="bbox 603 3421 2187 3494; baseline -0.004 -13"><span class='ocrx_word' id='word_1_493' title='bbox 603 3432 716 3482; x_wconf 72' lang='lat' dir='ltr'><strong>lucc</strong></span> <span class='ocrx_word' id='word_1_494' title='bbox 758 3427 1062 3480; x_wconf 77' lang='lat' dir='ltr'><strong>Eunomius</strong></span> <span class='ocrx_word' id='word_1_495' title='bbox 1102 3426 1496 3494; x_wconf 88' lang='lat' dir='ltr'><strong>prophetarum</strong></span> <span class='ocrx_word' id='word_1_496' title='bbox 1539 3430 1593 3477; x_wconf 89' lang='lat' dir='ltr'><strong>et</strong></span> <span class='ocrx_word' id='word_1_497' title='bbox 1648 3421 2024 3491; x_wconf 87' lang='lat' dir='ltr'><strong>apostolorum</strong></span> <span class='ocrx_word' id='word_1_498' title='bbox 2076 3421 2187 3474; x_wconf 87' lang='lat' dir='ltr'><strong>Do-</strong></span> 
     </span>
    </p>
   </div>
   <div class='ocr_carea' id='block_1_67' title="bbox 605 3513 2186 3580">
    <p class='ocr_par' dir='ltr' id='par_1_67' title="bbox 605 3513 2186 3580">
     <span class='ocr_line' id='line_1_67' title="bbox 605 3513 2186 3580; baseline -0.004 -7"><span class='ocrx_word' id='word_1_499' title='bbox 605 3521 754 3574; x_wconf 87' lang='lat' dir='ltr'><strong>Iuino</strong></span> <span class='ocrx_word' id='word_1_500' title='bbox 779 3519 1083 3572; x_wconf 87' lang='lat' dir='ltr'><strong>attribuere</strong></span> <span class='ocrx_word' id='word_1_501' title='bbox 1113 3534 1221 3571; x_wconf 88' lang='lat' dir='ltr'><strong>non</strong></span> <span class='ocrx_word' id='word_1_502' title='bbox 1267 3526 1505 3580; x_wconf 78' lang='lat' dir='ltr'><strong>vetetur,</strong></span> <span class='ocrx_word' id='word_1_503' title='bbox 1563 3525 1621 3567; x_wconf 89' lang='lat' dir='ltr'><strong>ut</strong></span> <span class='ocrx_word' id='word_1_504' title='bbox 1669 3513 1959 3568; x_wconf 86' lang='lat' dir='ltr'><strong>Dominum</strong></span> <span class='ocrx_word' id='word_1_505' title='bbox 2014 3513 2186 3566; x_wconf 87' lang='lat' dir='ltr'><strong>Paulo</strong></span> 
     </span>
    </p>
   </div>
   <div class='ocr_carea' id='block_1_68' title="bbox 605 3603 2189 3678">
    <p class='ocr_par' dir='ltr' id='par_1_68' title="bbox 605 3603 2189 3678">
     <span class='ocr_line' id='line_1_68' title="bbox 605 3603 2189 3678; baseline -0.004 -12"><span class='ocrx_word' id='word_1_506' title='bbox 605 3626 708 3666; x_wconf 88' lang='lat' dir='ltr'><strong>suo</strong></span> <span class='ocrx_word' id='word_1_507' title='bbox 767 3626 926 3665; x_wconf 86' lang='lat' dir='ltr'><strong>servo</strong></span> <span class='ocrx_word' id='word_1_508' title='bbox 961 3611 1168 3664; x_wconf 86' lang='lat' dir='ltr'><strong>honore</strong></span> <span class='ocrx_word' id='word_1_509' title='bbox 1208 3623 1392 3678; x_wconf 79' lang='lat' dir='ltr'><strong>parem</strong></span> <span class='ocrx_word' id='word_1_510' title='bbox 1451 3607 1769 3660; x_wconf 89' lang='lat' dir='ltr'><strong>constituat.</strong></span> <span class='ocrx_word' id='word_1_511' title='bbox 1830 3603 2037 3675; x_wconf 88' lang='lat' dir='ltr'><strong>Ecquid</strong></span> <span class='ocrx_word' id='word_1_512' title='bbox 2092 3620 2189 3660; x_wconf 87' lang='lat' dir='ltr'><strong>ne-</strong></span> 
     </span>
    </p>
   </div>
   <div class='ocr_carea' id='block_1_69' title="bbox 604 3699 2188 3770">
    <p class='ocr_par' dir='ltr' id='par_1_69' title="bbox 604 3699 2188 3770">
     <span class='ocr_line' id='line_1_69' title="bbox 604 3699 2188 3770; baseline -0.005 -13"><span class='ocrx_word' id='word_1_513' title='bbox 604 3719 762 3757; x_wconf 82' lang='lat' dir='ltr'><strong>cesse</strong></span> <span class='ocrx_word' id='word_1_514' title='bbox 788 3709 872 3757; x_wconf 87' lang='lat' dir='ltr'><strong>est</strong></span> <span class='ocrx_word' id='word_1_515' title='bbox 903 3717 989 3756; x_wconf 91' lang='lat' dir='ltr'><strong>me</strong></span> <span class='ocrx_word' id='word_1_516' title='bbox 1019 3703 1237 3770; x_wconf 81' lang='lat' dir='ltr'><strong>singula</strong></span> <span class='ocrx_word' id='word_1_517' title='bbox 1284 3700 1772 3768; x_wconf 76' lang='lat' dir='ltr'><strong>rcpreIn-ndenten&#39;t</strong></span> <span class='ocrx_word' id='word_1_518' title='bbox 1809 3699 2025 3751; x_wconf 87' lang='lat' dir='ltr'><strong>turbam</strong></span> <span class='ocrx_word' id='word_1_519' title='bbox 2061 3712 2188 3750; x_wconf 87' lang='lat' dir='ltr'><strong>ora-</strong></span> 
     </span>
    </p>
   </div>
   <div class='ocr_carea' id='block_1_70' title="bbox 607 3788 2189 3862">
    <p class='ocr_par' dir='ltr' id='par_1_70' title="bbox 607 3788 2189 3862">
     <span class='ocr_line' id='line_1_70' title="bbox 607 3788 2189 3862; baseline -0.005 -13"><span class='ocrx_word' id='word_1_520' title='bbox 607 3797 756 3849; x_wconf 84' lang='lat' dir='ltr'><strong>tione</strong></span> <span class='ocrx_word' id='word_1_521' title='bbox 792 3790 1093 3848; x_wconf 82' lang='lat' dir='ltr'><strong>inducere?</strong></span> <span class='ocrx_word' id='word_1_522' title='bbox 1125 3794 1180 3847; x_wconf 91' lang='lat' dir='ltr'><strong>ln</strong></span> <span class='ocrx_word' id='word_1_523' title='bbox 1213 3792 1415 3862; x_wconf 91' lang='lat' dir='ltr'><strong>quibus</strong></span> <span class='ocrx_word' id='word_1_524' title='bbox 1471 3793 1562 3861; x_wconf 90' lang='lat' dir='ltr'><strong>qui</strong></span> <span class='ocrx_word' id='word_1_525' title='bbox 1597 3788 1903 3859; x_wconf 89' lang='lat' dir='ltr'><strong>simplicius</strong></span> <span class='ocrx_word' id='word_1_526' title='bbox 1935 3796 1989 3843; x_wconf 86' lang='lat' dir='ltr'><strong>et</strong></span> <span class='ocrx_word' id='word_1_527' title='bbox 2040 3789 2189 3844; x_wconf 87' lang='lat' dir='ltr'><strong>osci-</strong></span> 
     </span>
    </p>
   </div>
   <div class='ocr_carea' id='block_1_71' title="bbox 609 3880 2190 3952">
    <p class='ocr_par' dir='ltr' id='par_1_71' title="bbox 609 3880 2190 3952">
     <span class='ocr_line' id='line_1_71' title="bbox 609 3880 2190 3952; baseline -0.006 -8"><span class='ocrx_word' id='word_1_528' title='bbox 609 3887 817 3944; x_wconf 82' lang='lat' dir='ltr'><strong>tantius</strong></span> <span class='ocrx_word' id='word_1_529' title='bbox 876 3885 932 3938; x_wconf 92' lang='lat' dir='ltr'><strong>in</strong></span> <span class='ocrx_word' id='word_1_530' title='bbox 987 3885 1108 3952; x_wconf 89' lang='lat' dir='ltr'><strong>ejus</strong></span> <span class='ocrx_word' id='word_1_531' title='bbox 1150 3884 1350 3950; x_wconf 89' lang='lat' dir='ltr'><strong>scripta</strong></span> <span class='ocrx_word' id='word_1_532' title='bbox 1405 3881 1629 3944; x_wconf 84' lang='lat' dir='ltr'><strong>incidet,</strong></span> <span class='ocrx_word' id='word_1_533' title='bbox 1687 3880 1864 3949; x_wconf 90' lang='lat' dir='ltr'><strong>ipsum</strong></span> <span class='ocrx_word' id='word_1_534' title='bbox 1919 3880 1976 3932; x_wconf 91' lang='lat' dir='ltr'><strong>in</strong></span> <span class='ocrx_word' id='word_1_535' title='bbox 2032 3894 2190 3934; x_wconf 83' lang='lat' dir='ltr'><strong>sacra</strong></span> 
     </span>
    </p>
   </div>
   <div class='ocr_carea' id='block_1_72' title="bbox 611 3971 2188 4045">
    <p class='ocr_par' dir='ltr' id='par_1_72' title="bbox 611 3971 2188 4045">
     <span class='ocr_line' id='line_1_72' title="bbox 611 3971 2188 4045; baseline -0.004 -13"><span class='ocrx_word' id='word_1_536' title='bbox 611 3977 900 4045; x_wconf 82' lang='lat' dir='ltr'><strong>Scriptura</strong></span> <span class='ocrx_word' id='word_1_537' title='bbox 935 3976 1119 4031; x_wconf 89' lang='lat' dir='ltr'><strong>dicere</strong></span> <span class='ocrx_word' id='word_1_538' title='bbox 1153 3989 1421 4030; x_wconf 89' lang='lat' dir='ltr'><strong>concessa</strong></span> <span class='ocrx_word' id='word_1_539' title='bbox 1451 3971 1832 4036; x_wconf 74' lang='lat' dir='ltr'><strong>existimabit;</strong></span> <span class='ocrx_word' id='word_1_540' title='bbox 1885 3981 1941 4025; x_wconf 85' lang='lat' dir='ltr'><strong>at</strong></span> <span class='ocrx_word' id='word_1_541' title='bbox 1968 3972 2062 4042; x_wconf 94' lang='lat' dir='ltr'><strong>qui</strong></span> <span class='ocrx_word' id='word_1_542' title='bbox 2103 3973 2188 4026; x_wconf 90' lang='lat' dir='ltr'><strong>di-</strong></span> 
     </span>
    </p>
   </div>
   <div class='ocr_carea' id='block_1_73' title="bbox 611 4062 2186 4138">
    <p class='ocr_par' dir='ltr' id='par_1_73' title="bbox 611 4062 2186 4138">
     <span class='ocr_line' id='line_1_73' title="bbox 611 4062 2186 4138; baseline -0.005 -15"><span class='ocrx_word' id='word_1_543' title='bbox 611 4068 798 4138; x_wconf 75' lang='lat' dir='ltr'><strong>ligeuti</strong></span> <span class='ocrx_word' id='word_1_544' title='bbox 828 4067 1079 4121; x_wconf 78' lang='lat' dir='ltr'><strong>examine</strong></span> <span class='ocrx_word' id='word_1_545' title='bbox 1109 4065 1256 4118; x_wconf 82' lang='lat' dir='ltr'><strong>facto</strong></span> <span class='ocrx_word' id='word_1_546' title='bbox 1313 4063 1526 4133; x_wconf 85' lang='lat' dir='ltr'><strong>singula</strong></span> <span class='ocrx_word' id='word_1_547' title='bbox 1585 4069 1766 4132; x_wconf 87' lang='lat' dir='ltr'><strong>potest</strong></span> <span class='ocrx_word' id='word_1_548' title='bbox 1827 4062 2186 4132; x_wconf 81' lang='lat' dir='ltr'><strong>perpendere,</strong></span> 
     </span>
    </p>
   </div>
   <div class='ocr_carea' id='block_1_74' title="bbox 610 4155 2191 4222">
    <p class='ocr_par' dir='ltr' id='par_1_74' title="bbox 610 4155 2191 4222">
     <span class='ocr_line' id='line_1_74' title="bbox 610 4155 2191 4222; baseline -0.004 -8"><span class='ocrx_word' id='word_1_549' title='bbox 610 4161 759 4214; x_wconf 85' lang='lat' dir='ltr'><strong>nulla</strong></span> <span class='ocrx_word' id='word_1_550' title='bbox 790 4159 843 4212; x_wconf 93' lang='lat' dir='ltr'><strong>in</strong></span> <span class='ocrx_word' id='word_1_551' title='bbox 872 4175 930 4212; x_wconf 88' lang='lat' dir='ltr'><strong>re</strong></span> <span class='ocrx_word' id='word_1_552' title='bbox 970 4157 1038 4210; x_wconf 88' lang='lat' dir='ltr'><strong>ab</strong></span> <span class='ocrx_word' id='word_1_553' title='bbox 1071 4157 1322 4213; x_wconf 68' lang='lat' dir='ltr'><strong>haeretica</strong></span> <span class='ocrx_word' id='word_1_554' title='bbox 1366 4155 1570 4207; x_wconf 88' lang='lat' dir='ltr'><strong>malitia</strong></span> <span class='ocrx_word' id='word_1_555' title='bbox 1607 4161 1662 4207; x_wconf 86' lang='lat' dir='ltr'><strong>et</strong></span> <span class='ocrx_word' id='word_1_556' title='bbox 1710 4155 2070 4222; x_wconf 84' lang='lat' dir='ltr'><strong>perversitate</strong></span> <span class='ocrx_word' id='word_1_557' title='bbox 2107 4170 2191 4207; x_wconf 90' lang='lat' dir='ltr'><strong>se-</strong></span> 
     </span>
    </p>
   </div>
   <div class='ocr_carea' id='block_1_75' title="bbox 613 4243 2193 4320">
    <p class='ocr_par' dir='ltr' id='par_1_75' title="bbox 613 4243 2193 4320">
     <span class='ocr_line' id='line_1_75' title="bbox 613 4243 2193 4320; baseline -0.004 -18"><span class='ocrx_word' id='word_1_558' title='bbox 613 4256 802 4320; x_wconf 88' lang='lat' dir='ltr'><strong>parata</strong></span> <span class='ocrx_word' id='word_1_559' title='bbox 837 4264 960 4302; x_wconf 90' lang='lat' dir='ltr'><strong>esse</strong></span> <span class='ocrx_word' id='word_1_560' title='bbox 995 4257 1053 4302; x_wconf 87' lang='lat' dir='ltr'><strong>et</strong></span> <span class='ocrx_word' id='word_1_561' title='bbox 1093 4245 1317 4301; x_wconf 75' lang='lat' dir='ltr'><strong>dill&#39;erre</strong></span> <span class='ocrx_word' id='word_1_562' title='bbox 1356 4245 1675 4313; x_wconf 85' lang='lat' dir='ltr'><strong>comperiet.</strong></span> <span class='ocrx_word' id='word_1_563' title='bbox 1710 4243 1852 4296; x_wconf 88' lang='lat' dir='ltr'><strong>Dicit</strong></span> <span class='ocrx_word' id='word_1_564' title='bbox 1883 4245 2027 4297; x_wconf 89' lang='lat' dir='ltr'><strong>enim</strong></span> <span class='ocrx_word' id='word_1_565' title='bbox 2103 4258 2193 4296; x_wconf 85' lang='lat' dir='ltr'><strong>ec-</strong></span> 
     </span>
    </p>
   </div>
   <div class='ocr_carea' id='block_1_76' title="bbox 611 4335 2192 4405">
    <p class='ocr_par' dir='ltr' id='par_1_76' title="bbox 611 4335 2192 4405">
     <span class='ocr_line' id='line_1_76' title="bbox 611 4335 2192 4405; baseline -0.004 -11"><span class='ocrx_word' id='word_1_566' title='bbox 611 4339 960 4394; x_wconf 84' lang='lat' dir='ltr'><strong>clesiasticus</strong></span> <span class='ocrx_word' id='word_1_567' title='bbox 1002 4350 1058 4392; x_wconf 87' lang='lat' dir='ltr'><strong>et</strong></span> <span class='ocrx_word' id='word_1_568' title='bbox 1097 4338 1411 4394; x_wconf 72' lang='lat' dir='ltr'><strong>haereticus.</strong></span> <span class='ocrx_word' id='word_1_569' title='bbox 1447 4335 1595 4405; x_wconf 86' lang='lat' dir='ltr'><strong>quod</strong></span> <span class='ocrx_word' id='word_1_570' title='bbox 1628 4335 1790 4388; x_wconf 82' lang='lat' dir='ltr'><strong>Pater</strong></span> <span class='ocrx_word' id='word_1_571' title='bbox 1823 4336 2079 4389; x_wconf 77' lang='lat' dir='ltr'><strong>neminem</strong></span> <span class='ocrx_word' id='word_1_572' title='bbox 2099 4335 2192 4404; x_wconf 88' lang='lat' dir='ltr'><strong>ju-</strong></span> 
     </span>
    </p>
   </div>
   <div class='ocr_carea' id='block_1_77' title="bbox 612 4421 2191 4496">
    <p class='ocr_par' dir='ltr' id='par_1_77' title="bbox 612 4421 2191 4496">
     <span class='ocr_line' id='line_1_77' title="bbox 612 4421 2191 4496; baseline -0.005 -10"><span class='ocrx_word' id='word_1_573' title='bbox 612 4429 779 4492; x_wconf 70' lang='lat' dir='ltr'><strong>dicat,</strong></span> <span class='ocrx_word' id='word_1_574' title='bbox 813 4428 900 4482; x_wconf 73' lang='lat' dir='ltr'><strong>sed</strong></span> <span class='ocrx_word' id='word_1_575' title='bbox 937 4443 1085 4480; x_wconf 86' lang='lat' dir='ltr'><strong>omne</strong></span> <span class='ocrx_word' id='word_1_576' title='bbox 1106 4425 1371 4496; x_wconf 82' lang='lat' dir='ltr'><strong>judicium</strong></span> <span class='ocrx_word' id='word_1_577' title='bbox 1398 4424 1540 4478; x_wconf 82' lang='lat' dir='ltr'><strong>dedit</strong></span> <span class='ocrx_word' id='word_1_578' title='bbox 1571 4421 1714 4478; x_wconf 79' lang='lat' dir='ltr'><strong>Filio</strong></span> <span class='ocrx_word' id='word_1_579' title='bbox 1737 4424 1876 4479; x_wconf 69' lang='grc' dir='ltr'><strong>ποτε.</strong></span> <span class='ocrx_word' id='word_1_580' title='bbox 1900 4425 1968 4478; x_wconf 85' lang='lat' dir='ltr'><strong>At</strong></span> <span class='ocrx_word' id='word_1_581' title='bbox 1987 4424 2191 4478; x_wconf 91' lang='lat' dir='ltr'><strong>dictum</strong></span> 
     </span>
    </p>
   </div>
   <div class='ocr_carea' id='block_1_78' title="bbox 617 4512 2190 4588">
    <p class='ocr_par' dir='ltr' id='par_1_78' title="bbox 617 4512 2190 4588">
     <span class='ocr_line' id='line_1_78' title="bbox 617 4512 2190 4588; baseline -0.005 -12"><span class='ocrx_word' id='word_1_582' title='bbox 617 4525 721 4576; x_wconf 83' lang='lat' dir='ltr'><strong>hoc</strong></span> <span class='ocrx_word' id='word_1_583' title='bbox 753 4529 988 4588; x_wconf 86' lang='lat' dir='ltr'><strong>uterque</strong></span> <span class='ocrx_word' id='word_1_584' title='bbox 1052 4532 1160 4572; x_wconf 91' lang='lat' dir='ltr'><strong>non</strong></span> <span class='ocrx_word' id='word_1_585' title='bbox 1201 4517 1456 4572; x_wconf 89' lang='lat' dir='ltr'><strong>similiter</strong></span> <span class='ocrx_word' id='word_1_586' title='bbox 1522 4515 1798 4584; x_wconf 79' lang='lat' dir='ltr'><strong>intelligit.</strong></span> <span class='ocrx_word' id='word_1_587' title='bbox 1843 4512 1946 4570; x_wconf 88' lang='lat' dir='ltr'><strong>Per</strong></span> <span class='ocrx_word' id='word_1_588' title='bbox 2005 4516 2190 4570; x_wconf 88' lang='lat' dir='ltr'><strong>eadem</strong></span> 
     </span>
    </p>
   </div>
   <div class='ocr_carea' id='block_1_79' title="bbox 2301 3425 3865 3501">
    <p class='ocr_par' dir='ltr' id='par_1_79' title="bbox 2301 3425 3865 3501">
     <span class='ocr_line' id='line_1_79' title="bbox 2301 3425 3865 3501; baseline 0.003 -24"><span class='ocrx_word' id='word_1_589' title='bbox 2301 3425 2639 3489; x_wconf 79' lang='grc' dir='ltr'>’Λπόστολος,</span> <span class='ocrx_word' id='word_1_590' title='bbox 2669 3425 2842 3479; x_wconf 83' lang='grc' dir='ltr'>ταῦτα</span> <span class='ocrx_word' id='word_1_591' title='bbox 2869 3427 2896 3478; x_wconf 81' lang='grc' dir='ltr'><strong>ό</strong></span> <span class='ocrx_word' id='word_1_592' title='bbox 2925 3427 3184 3496; x_wconf 88' lang='grc' dir='ltr'>Εύνόμιος</span> <span class='ocrx_word' id='word_1_593' title='bbox 3206 3426 3284 3496; x_wconf 82' lang='grc' dir='ltr'>τῷ</span> <span class='ocrx_word' id='word_1_594' title='bbox 3311 3428 3552 3498; x_wconf 80' lang='grc' dir='ltr'>Δεσπότῃ</span> <span class='ocrx_word' id='word_1_595' title='bbox 3581 3428 3689 3481; x_wconf 87' lang='grc' dir='ltr'><strong>τῶν</strong></span> <span class='ocrx_word' id='word_1_596' title='bbox 3725 3445 3865 3501; x_wconf 81' lang='grc' dir='ltr'>προ-</span> 
     </span>
    </p>
   </div>
   <div class='ocr_carea' id='block_1_80' title="bbox 2291 3517 3862 3589">
    <p class='ocr_par' dir='ltr' id='par_1_80' title="bbox 2291 3517 3862 3589">
     <span class='ocr_line' id='line_1_80' title="bbox 2291 3517 3862 3589; baseline 0 -19"><span class='ocrx_word' id='word_1_597' title='bbox 2291 3520 2478 3589; x_wconf 85' lang='grc' dir='ltr'>φητῶν</span> <span class='ocrx_word' id='word_1_598' title='bbox 2510 3537 2570 3572; x_wconf 87' lang='grc' dir='ltr'><strong>τε</strong></span> <span class='ocrx_word' id='word_1_599' title='bbox 2599 3520 2692 3572; x_wconf 73' lang='grc' dir='ltr'>καὶ</span> <span class='ocrx_word' id='word_1_600' title='bbox 2730 3517 3042 3571; x_wconf 83' lang='grc' dir='ltr'>ἀποστόλων</span> <span class='ocrx_word' id='word_1_601' title='bbox 3083 3517 3354 3581; x_wconf 68' lang='grc' dir='ltr'>ἀνατιθεὶς</span> <span class='ocrx_word' id='word_1_602' title='bbox 3384 3518 3484 3570; x_wconf 84' lang='grc' dir='ltr'><strong>οὐκ</strong></span> <span class='ocrx_word' id='word_1_603' title='bbox 3515 3518 3862 3588; x_wconf 73' lang='grc' dir='ltr'>αἰσχύνεται,</span> 
     </span>
    </p>
   </div>
   <div class='ocr_carea' id='block_1_81' title="bbox 2295 3609 3863 3683">
    <p class='ocr_par' dir='ltr' id='par_1_81' title="bbox 2295 3609 3863 3683">
     <span class='ocr_line' id='line_1_81' title="bbox 2295 3609 3863 3683; baseline -0.001 -19"><span class='ocrx_word' id='word_1_604' title='bbox 2295 3613 2382 3664; x_wconf 78' lang='grc' dir='ltr'><strong>ἵνα</strong></span> <span class='ocrx_word' id='word_1_605' title='bbox 2411 3613 2674 3683; x_wconf 84' lang='grc' dir='ltr'>ὁμότιμον</span> <span class='ocrx_word' id='word_1_606' title='bbox 2703 3611 3023 3680; x_wconf 80' lang='grc' dir='ltr'>καταστήσῃ</span> <span class='ocrx_word' id='word_1_607' title='bbox 3055 3609 3132 3679; x_wconf 81' lang='grc' dir='ltr'>τῷ</span> <span class='ocrx_word' id='word_1_608' title='bbox 3161 3611 3358 3679; x_wconf 84' lang='grc' dir='ltr'>Παύλῳ</span> <span class='ocrx_word' id='word_1_609' title='bbox 3396 3611 3472 3681; x_wconf 82' lang='grc' dir='ltr'>τῷ</span> <span class='ocrx_word' id='word_1_610' title='bbox 3509 3612 3622 3681; x_wconf 82' lang='grc' dir='ltr'>ἰδίῳ</span> <span class='ocrx_word' id='word_1_611' title='bbox 3650 3611 3822 3681; x_wconf 81' lang='grc' dir='ltr'>δούλῳ</span> <span class='ocrx_word' id='word_1_612' title='bbox 3845 3654 3863 3677; x_wconf 86' lang='grc'><strong>,</strong></span> 
     </span>
    </p>
   </div>
   <div class='ocr_carea' id='block_1_82' title="bbox 2290 3701 3865 3776">
    <p class='ocr_par' dir='ltr' id='par_1_82' title="bbox 2290 3701 3865 3776">
     <span class='ocr_line' id='line_1_82' title="bbox 2290 3701 3865 3776; baseline 0 -20"><span class='ocrx_word' id='word_1_613' title='bbox 2290 3704 2381 3756; x_wconf 88' lang='grc' dir='ltr'><strong>τὸν</strong></span> <span class='ocrx_word' id='word_1_614' title='bbox 2418 3701 2640 3776; x_wconf 85' lang='grc' dir='ltr'>Κύριον.</span> <span class='ocrx_word' id='word_1_615' title='bbox 2679 3702 2790 3755; x_wconf 77' lang='grc' dir='ltr'>Καὶ</span> <span class='ocrx_word' id='word_1_616' title='bbox 2813 3702 2864 3753; x_wconf 88' lang='grc' dir='ltr'><strong>τί</strong></span> <span class='ocrx_word' id='word_1_617' title='bbox 2905 3718 2970 3772; x_wconf 90' lang='grc' dir='ltr'><strong>με</strong></span> <span class='ocrx_word' id='word_1_618' title='bbox 3011 3701 3115 3772; x_wconf 81' lang='grc' dir='ltr'>χρὴ</span> <span class='ocrx_word' id='word_1_619' title='bbox 3141 3702 3209 3755; x_wconf 81' lang='grc' dir='ltr'><strong>τά</strong></span> <span class='ocrx_word' id='word_1_620' title='bbox 3242 3701 3363 3754; x_wconf 86' lang='grc' dir='ltr'>καθ’</span> <span class='ocrx_word' id='word_1_621' title='bbox 3396 3702 3626 3756; x_wconf 86' lang='grc' dir='ltr'>’ἑκαστον</span> <span class='ocrx_word' id='word_1_622' title='bbox 3652 3703 3865 3774; x_wconf 75' lang='grc' dir='ltr'>διελέγ-</span> 
     </span>
    </p>
   </div>
   <div class='ocr_carea' id='block_1_83' title="bbox 2291 3789 3867 3866">
    <p class='ocr_par' dir='ltr' id='par_1_83' title="bbox 2291 3789 3867 3866">
     <span class='ocr_line' id='line_1_83' title="bbox 2291 3789 3867 3866; baseline 0.001 -20"><span class='ocrx_word' id='word_1_623' title='bbox 2291 3811 2451 3864; x_wconf 87' lang='grc' dir='ltr'>χοντα</span> <span class='ocrx_word' id='word_1_624' title='bbox 2471 3833 2486 3858; x_wconf 87' lang='grc'><strong>,</strong></span> <span class='ocrx_word' id='word_1_625' title='bbox 2519 3793 2720 3863; x_wconf 83' lang='grc' dir='ltr'>πλῆθος</span> <span class='ocrx_word' id='word_1_626' title='bbox 2748 3791 3060 3860; x_wconf 78' lang='grc' dir='ltr'>ἐπεισάγειν</span> <span class='ocrx_word' id='word_1_627' title='bbox 3105 3791 3182 3864; x_wconf 81' lang='grc' dir='ltr'>τῷ</span> <span class='ocrx_word' id='word_1_628' title='bbox 3229 3792 3403 3863; x_wconf 86' lang='grc' dir='ltr'>λόγῳ;</span> <span class='ocrx_word' id='word_1_629' title='bbox 3451 3794 3538 3846; x_wconf 87' lang='grc' dir='ltr'>Ἐν</span> <span class='ocrx_word' id='word_1_630' title='bbox 3585 3789 3668 3858; x_wconf 79' lang='grc' dir='ltr'>οἷς</span> <span class='ocrx_word' id='word_1_631' title='bbox 3698 3796 3726 3847; x_wconf 91' lang='lat'><strong>6</strong></span> <span class='ocrx_word' id='word_1_632' title='bbox 3759 3797 3867 3866; x_wconf 87' lang='grc' dir='ltr'><strong>μὲν</strong></span> 
     </span>
    </p>
   </div>
   <div class='ocr_carea' id='block_1_84' title="bbox 2295 3883 3867 3956">
    <p class='ocr_par' dir='ltr' id='par_1_84' title="bbox 2295 3883 3867 3956">
     <span class='ocr_line' id='line_1_84' title="bbox 2295 3883 3867 3956; baseline 0 -18"><span class='ocrx_word' id='word_1_633' title='bbox 2295 3885 2658 3956; x_wconf 80' lang='grc' dir='ltr'>ἁπλούστερον</span> <span class='ocrx_word' id='word_1_634' title='bbox 2686 3884 3028 3954; x_wconf 76' lang='grc' dir='ltr'>ἐντυγχάνων</span> <span class='ocrx_word' id='word_1_635' title='bbox 3062 3886 3172 3947; x_wconf 83' lang='grc' dir='ltr'>τοῖς</span> <span class='ocrx_word' id='word_1_636' title='bbox 3197 3885 3327 3954; x_wconf 83' lang='grc' dir='ltr'>παρ’</span> <span class='ocrx_word' id='word_1_637' title='bbox 3358 3883 3520 3936; x_wconf 78' lang='grc' dir='ltr'>αὐτοῦ</span> <span class='ocrx_word' id='word_1_638' title='bbox 3543 3887 3867 3956; x_wconf 81' lang='grc' dir='ltr'>γεγραμμέ-</span> 
     </span>
    </p>
   </div>
   <div class='ocr_carea' id='block_1_85' title="bbox 2292 3972 3865 4046">
    <p class='ocr_par' dir='ltr' id='par_1_85' title="bbox 2292 3972 3865 4046">
     <span class='ocr_line' id='line_1_85' title="bbox 2292 3972 3865 4046; baseline 0.001 -20"><span class='ocrx_word' id='word_1_639' title='bbox 2292 3992 2427 4038; x_wconf 82' lang='grc' dir='ltr'>νοις,</span> <span class='ocrx_word' id='word_1_640' title='bbox 2464 3977 2704 4046; x_wconf 82' lang='grc' dir='ltr'>οἰήσεται</span> <span class='ocrx_word' id='word_1_641' title='bbox 2742 3972 2810 4026; x_wconf 79' lang='grc' dir='ltr'><strong>τά</strong></span> <span class='ocrx_word' id='word_1_642' title='bbox 2840 3973 3305 4044; x_wconf 83' lang='grc' dir='ltr'>συγκεχωρημένα</span> <span class='ocrx_word' id='word_1_643' title='bbox 3343 3973 3493 4044; x_wconf 86' lang='grc' dir='ltr'><strong>παρά</strong></span> <span class='ocrx_word' id='word_1_644' title='bbox 3515 3975 3613 4044; x_wconf 82' lang='grc' dir='ltr'>τῆς</span> <span class='ocrx_word' id='word_1_645' title='bbox 3639 3974 3865 4046; x_wconf 76' lang='grc' dir='ltr'>Γραφῆς</span> 
     </span>
    </p>
   </div>
   <div class='ocr_carea' id='block_1_86' title="bbox 2293 4066 3865 4136">
    <p class='ocr_par' dir='ltr' id='par_1_86' title="bbox 2293 4066 3865 4136">
     <span class='ocr_line' id='line_1_86' title="bbox 2293 4066 3865 4136; baseline -0.001 -15"><span class='ocrx_word' id='word_1_646' title='bbox 2293 4068 2453 4121; x_wconf 78' lang='grc' dir='ltr'>αὑτὸν</span> <span class='ocrx_word' id='word_1_647' title='bbox 2483 4067 2660 4136; x_wconf 82' lang='grc' dir='ltr'>λέγειν</span> <span class='ocrx_word' id='word_1_648' title='bbox 2686 4085 2698 4097; x_wconf 76' lang='grc' dir='ltr'><strong><em>ο</em></strong></span> <span class='ocrx_word' id='word_1_649' title='bbox 2724 4068 2752 4119; x_wconf 91' lang='lat'><strong>6</strong></span> <span class='ocrx_word' id='word_1_650' title='bbox 2777 4067 2832 4120; x_wconf 80' lang='grc' dir='ltr'><strong>δὲ</strong></span> <span class='ocrx_word' id='word_1_651' title='bbox 2856 4066 3212 4133; x_wconf 80' lang='grc' dir='ltr'>ἐξεταστικῶς</span> <span class='ocrx_word' id='word_1_652' title='bbox 3238 4067 3466 4121; x_wconf 75' lang='grc' dir='ltr'>ἕκαστον</span> <span class='ocrx_word' id='word_1_653' title='bbox 3497 4067 3865 4121; x_wconf 84' lang='grc' dir='ltr'>ἀναπτύσσειν</span> 
     </span>
    </p>
   </div>
   <div class='ocr_carea' id='block_1_87' title="bbox 2291 4158 3866 4230">
    <p class='ocr_par' dir='ltr' id='par_1_87' title="bbox 2291 4158 3866 4230">
     <span class='ocr_line' id='line_1_87' title="bbox 2291 4158 3866 4230; baseline -0.001 -19"><span class='ocrx_word' id='word_1_654' title='bbox 2291 4159 2606 4227; x_wconf 79' lang='grc' dir='ltr'>δυνάμενος,</span> <span class='ocrx_word' id='word_1_655' title='bbox 2631 4159 2903 4224; x_wconf 82' lang='grc' dir='ltr'>ἀποδείξει</span> <span class='ocrx_word' id='word_1_656' title='bbox 2926 4159 3090 4230; x_wconf 82' lang='grc' dir='ltr'>μηδὲν</span> <span class='ocrx_word' id='word_1_657' title='bbox 3111 4160 3208 4229; x_wconf 84' lang='grc' dir='ltr'><strong>τῆς</strong></span> <span class='ocrx_word' id='word_1_658' title='bbox 3229 4158 3510 4228; x_wconf 79' lang='grc' dir='ltr'>αἰρετικῆς</span> <span class='ocrx_word' id='word_1_659' title='bbox 3529 4160 3866 4228; x_wconf 84' lang='grc' dir='ltr'>κακουργίας</span> 
     </span>
    </p>
   </div>
   <div class='ocr_carea' id='block_1_88' title="bbox 2295 4249 3866 4320">
    <p class='ocr_par' dir='ltr' id='par_1_88' title="bbox 2295 4249 3866 4320">
     <span class='ocr_line' id='line_1_88' title="bbox 2295 4249 3866 4320; baseline 0.001 -20"><span class='ocrx_word' id='word_1_660' title='bbox 2295 4249 2691 4319; x_wconf 77' lang='grc' dir='ltr'>κεχωρισμένα.</span> <span class='ocrx_word' id='word_1_661' title='bbox 2721 4250 2883 4317; x_wconf 88' lang='grc' dir='ltr'>Λέγει</span> <span class='ocrx_word' id='word_1_662' title='bbox 2917 4249 3025 4320; x_wconf 82' lang='grc' dir='ltr'><strong>γάρ</strong></span> <span class='ocrx_word' id='word_1_663' title='bbox 3053 4249 3146 4302; x_wconf 75' lang='grc' dir='ltr'><strong>καὶ</strong></span> <span class='ocrx_word' id='word_1_664' title='bbox 3201 4252 3228 4302; x_wconf 85' lang='lat'><strong>6</strong></span> <span class='ocrx_word' id='word_1_665' title='bbox 3278 4249 3726 4318; x_wconf 83' lang='grc' dir='ltr'>ἐκκλησιαστικὸς</span> <span class='ocrx_word' id='word_1_666' title='bbox 3766 4251 3866 4302; x_wconf 71' lang='grc' dir='ltr'>καὶ</span> 
     </span>
    </p>
   </div>
   <div class='ocr_carea' id='block_1_89' title="bbox 2292 4339 3871 4410">
    <p class='ocr_par' dir='ltr' id='par_1_89' title="bbox 2292 4339 3871 4410">
     <span class='ocr_line' id='line_1_89' title="bbox 2292 4339 3871 4410; baseline 0.001 -18"><span class='ocrx_word' id='word_1_667' title='bbox 2292 4342 2320 4392; x_wconf 89' lang='lat'><strong>6</strong></span> <span class='ocrx_word' id='word_1_668' title='bbox 2366 4341 2743 4410; x_wconf 74' lang='grc' dir='ltr'>αἱρετικὸς,δτι</span> <span class='ocrx_word' id='word_1_669' title='bbox 2773 4345 2826 4400; x_wconf 87' lang='lat'><strong>&#39;0</strong></span> <span class='ocrx_word' id='word_1_670' title='bbox 2844 4341 3042 4410; x_wconf 81' lang='grc' dir='ltr'>Πατὴρ</span> <span class='ocrx_word' id='word_1_671' title='bbox 3067 4342 3252 4410; x_wconf 72' lang='grc' dir='ltr'>κρίνει</span> <span class='ocrx_word' id='word_1_672' title='bbox 3289 4339 3527 4402; x_wconf 73' lang='grc' dir='ltr'>οὐδένα,</span> <span class='ocrx_word' id='word_1_673' title='bbox 3558 4340 3720 4394; x_wconf 76' lang='grc' dir='ltr'><strong>ἀλλὰ</strong></span> <span class='ocrx_word' id='word_1_674' title='bbox 3746 4340 3871 4408; x_wconf 78' lang='grc' dir='ltr'><strong>τὴν</strong></span> 
     </span>
    </p>
   </div>
   <div class='ocr_carea' id='block_1_90' title="bbox 2294 4429 3870 4502">
    <p class='ocr_par' dir='ltr' id='par_1_90' title="bbox 2294 4429 3870 4502">
     <span class='ocr_line' id='line_1_90' title="bbox 2294 4429 3870 4502; baseline 0.001 -19"><span class='ocrx_word' id='word_1_675' title='bbox 2294 4433 2497 4498; x_wconf 69' lang='grc' dir='ltr'>κρίσιν</span> <span class='ocrx_word' id='word_1_676' title='bbox 2525 4430 2730 4486; x_wconf 81' lang='grc' dir='ltr'>πᾶσαν</span> <span class='ocrx_word' id='word_1_677' title='bbox 2745 4430 2962 4485; x_wconf 83' lang='grc' dir='ltr'>δέδωκε</span> <span class='ocrx_word' id='word_1_678' title='bbox 2982 4431 3062 4496; x_wconf 80' lang='grc' dir='ltr'>τῷ</span> <span class='ocrx_word' id='word_1_679' title='bbox 3087 4429 3217 4497; x_wconf 83' lang='grc' dir='ltr'><strong>Υιῷ.</strong></span> <span class='ocrx_word' id='word_1_680' title='bbox 3236 4431 3364 4484; x_wconf 82' lang='grc' dir='ltr'>Νοεϊ</span> <span class='ocrx_word' id='word_1_681' title='bbox 3387 4431 3441 4483; x_wconf 81' lang='grc' dir='ltr'>δὲ</span> <span class='ocrx_word' id='word_1_682' title='bbox 3468 4432 3565 4501; x_wconf 77' lang='grc' dir='ltr'><strong>οὐχ</strong></span> <span class='ocrx_word' id='word_1_683' title='bbox 3587 4431 3784 4502; x_wconf 88' lang='grc' dir='ltr'>ὁμοίως</span> <span class='ocrx_word' id='word_1_684' title='bbox 3803 4432 3870 4485; x_wconf 86' lang='grc' dir='ltr'><strong>τὸ</strong></span> 
     </span>
    </p>
   </div>
   <div class='ocr_carea' id='block_1_91' title="bbox 2295 4508 3866 4594">
    <p class='ocr_par' dir='ltr' id='par_1_91' title="bbox 2295 4508 3866 4594">
     <span class='ocr_line' id='line_1_91' title="bbox 2295 4508 3866 4594; baseline -0.001 -18"><span class='ocrx_word' id='word_1_685' title='bbox 2295 4508 2582 4594; x_wconf 81' lang='grc' dir='ltr'>εἰρημένον</span> <span class='ocrx_word' id='word_1_686' title='bbox 2628 4524 2905 4593; x_wconf 80' lang='grc' dir='ltr'>ἑκάτερος.</span> <span class='ocrx_word' id='word_1_687' title='bbox 2938 4523 3036 4575; x_wconf 83' lang='grc' dir='ltr'><strong>Διὰ</strong></span> <span class='ocrx_word' id='word_1_688' title='bbox 3071 4522 3178 4592; x_wconf 83' lang='grc' dir='ltr'><strong>γὰρ</strong></span> <span class='ocrx_word' id='word_1_689' title='bbox 3209 4521 3317 4574; x_wconf 87' lang='grc' dir='ltr'><strong>τῶν</strong></span> <span class='ocrx_word' id='word_1_690' title='bbox 3360 4521 3540 4576; x_wconf 75' lang='grc' dir='ltr'>αὐτῶν</span> <span class='ocrx_word' id='word_1_691' title='bbox 3579 4523 3866 4593; x_wconf 80' lang='grc' dir='ltr'>ῥημάτων,</span> 
     </span>
    </p>
   </div>
   <div class='ocr_carea' id='block_1_92' title="bbox 615 4607 2185 4700">
    <p class='ocr_par' dir='ltr' id='par_1_92' title="bbox 615 4607 2185 4676">
     <span class='ocr_line' id='line_1_92' title="bbox 615 4607 2185 4676; baseline -0.003 -12"><span class='ocrx_word' id='word_1_692' title='bbox 615 4612 784 4666; x_wconf 84' lang='lat' dir='ltr'><strong>verba</strong></span> <span class='ocrx_word' id='word_1_693' title='bbox 827 4609 1242 4664; x_wconf 88' lang='lat' dir='ltr'><strong>ecclesiasticus</strong></span> <span class='ocrx_word' id='word_1_694' title='bbox 1274 4611 1328 4662; x_wconf 93' lang='lat' dir='ltr'><strong>in</strong></span> <span class='ocrx_word' id='word_1_695' title='bbox 1361 4607 1620 4662; x_wconf 87' lang='lat' dir='ltr'><strong>omnibus</strong></span> <span class='ocrx_word' id='word_1_696' title='bbox 1642 4615 1962 4676; x_wconf 86' lang='lat' dir='ltr'><strong>potestatem</strong></span> <span class='ocrx_word' id='word_1_697' title='bbox 1992 4609 2185 4662; x_wconf 87' lang='lat' dir='ltr'><strong>intelli-</strong></span> 
     </span>
    </p>
   </div>
   <div class='ocr_carea' id='block_1_93' title="bbox 2289 4607 3864 4700">
    <p class='ocr_par' dir='ltr' id='par_1_93' title="bbox 2296 4611 3864 4684">
     <span class='ocr_line' id='line_1_93' title="bbox 2296 4611 3864 4684; baseline 0.001 -18"><span class='ocrx_word' id='word_1_698' title='bbox 2296 4615 2323 4666; x_wconf 85' lang='lat'><strong>6</strong></span> <span class='ocrx_word' id='word_1_699' title='bbox 2345 4615 2444 4684; x_wconf 81' lang='grc' dir='ltr'>μὲν</span> <span class='ocrx_word' id='word_1_700' title='bbox 2501 4612 2950 4684; x_wconf 86' lang='grc' dir='ltr'>ἐκκλησιαστικὸς</span> <span class='ocrx_word' id='word_1_701' title='bbox 2976 4611 3074 4684; x_wconf 79' lang='grc' dir='ltr'>τὴν</span> <span class='ocrx_word' id='word_1_702' title='bbox 3094 4613 3186 4666; x_wconf 52' lang='grc' dir='ltr'><strong>ἐπὶ⁸</strong></span> <span class='ocrx_word' id='word_1_703' title='bbox 3201 4614 3416 4666; x_wconf 84' lang='grc' dir='ltr'>πάντων</span> <span class='ocrx_word' id='word_1_704' title='bbox 3443 4613 3688 4678; x_wconf 81' lang='grc' dir='ltr'>ἐξουσίαν</span> <span class='ocrx_word' id='word_1_705' title='bbox 3717 4618 3829 4668; x_wconf 84' lang='grc' dir='ltr'>νοεῖ</span> <span class='ocrx_word' id='word_1_706' title='bbox 3849 4632 3864 4647; x_wconf 72' lang='grc' dir='ltr'><strong>ο</strong></span> 
     </span>
    </p>
   </div>
   <div class='ocr_carea' id='block_1_94' title="bbox 615 4695 2193 4772">
    <p class='ocr_par' dir='ltr' id='par_1_94' title="bbox 615 4695 2193 4772">
     <span class='ocr_line' id='line_1_94' title="bbox 615 4695 2193 4772; baseline -0.003 -18"><span class='ocrx_word' id='word_1_707' title='bbox 615 4701 728 4772; x_wconf 76' lang='lat' dir='ltr'><strong>git:</strong></span> <span class='ocrx_word' id='word_1_708' title='bbox 764 4700 1053 4753; x_wconf 81' lang='lat' dir='ltr'><strong>haereticus</strong></span> <span class='ocrx_word' id='word_1_709' title='bbox 1089 4712 1220 4752; x_wconf 84' lang='lat' dir='ltr'><strong>vero</strong></span> <span class='ocrx_word' id='word_1_710' title='bbox 1255 4696 1463 4766; x_wconf 89' lang='lat' dir='ltr'><strong>aliquid</strong></span> <span class='ocrx_word' id='word_1_711' title='bbox 1523 4695 1787 4750; x_wconf 81' lang='lat' dir='ltr'><strong>deﬁciens</strong></span> <span class='ocrx_word' id='word_1_712' title='bbox 1823 4705 1878 4750; x_wconf 91' lang='lat' dir='ltr'><strong>et</strong></span> <span class='ocrx_word' id='word_1_713' title='bbox 1916 4698 2193 4767; x_wconf 85' lang='lat' dir='ltr'><strong>mancipa-</strong></span> 
     </span>
    </p>
   </div>
   <div class='ocr_carea' id='block_1_95' title="bbox 617 4787 1519 4848">
    <p class='ocr_par' dir='ltr' id='par_1_95' title="bbox 617 4787 1519 4848">
     <span class='ocr_line' id='line_1_95' title="bbox 617 4787 1519 4848; baseline -0.007 0"><span class='ocrx_word' id='word_1_714' title='bbox 617 4803 730 4848; x_wconf 83' lang='lat' dir='ltr'><strong>tum</strong></span> <span class='ocrx_word' id='word_1_715' title='bbox 764 4793 878 4845; x_wconf 88' lang='lat' dir='ltr'><strong>sive</strong></span> <span class='ocrx_word' id='word_1_716' title='bbox 909 4788 1191 4845; x_wconf 89' lang='lat' dir='ltr'><strong>subditum</strong></span> <span class='ocrx_word' id='word_1_717' title='bbox 1224 4787 1519 4842; x_wconf 88' lang='lat' dir='ltr'><strong>construit.</strong></span> 
     </span>
    </p>
   </div>
   <div class='ocr_carea' id='block_1_96' title="bbox 690 4877 2193 4948">
    <p class='ocr_par' dir='ltr' id='par_1_96' title="bbox 690 4877 2193 4948">
     <span class='ocr_line' id='line_1_96' title="bbox 690 4877 2193 4948; baseline -0.004 -12"><span class='ocrx_word' id='word_1_718' title='bbox 690 4884 796 4936; x_wconf 78' lang='lat' dir='ltr'><strong>Sed</strong></span> <span class='ocrx_word' id='word_1_719' title='bbox 833 4882 966 4936; x_wconf 87' lang='lat' dir='ltr'><strong>illud</strong></span> <span class='ocrx_word' id='word_1_720' title='bbox 998 4881 1160 4936; x_wconf 88' lang='lat' dir='ltr'><strong>dictis</strong></span> <span class='ocrx_word' id='word_1_721' title='bbox 1190 4880 1557 4948; x_wconf 85' lang='lat' dir='ltr'><strong>adjiciendum</strong></span> <span class='ocrx_word' id='word_1_722' title='bbox 1584 4889 1690 4942; x_wconf 89' lang='lat' dir='ltr'><strong>est,</strong></span> <span class='ocrx_word' id='word_1_723' title='bbox 1715 4878 1860 4948; x_wconf 89' lang='lat' dir='ltr'><strong>quod</strong></span> <span class='ocrx_word' id='word_1_724' title='bbox 1892 4879 2040 4933; x_wconf 79' lang='lat' dir='ltr'><strong>velut</strong></span> <span class='ocrx_word' id='word_1_725' title='bbox 2066 4877 2193 4932; x_wconf 75' lang='lat' dir='ltr'><strong>iun-</strong></span> 
     </span>
    </p>
   </div>
   <div class='ocr_carea' id='block_1_97' title="bbox 617 4970 2196 5041">
    <p class='ocr_par' dir='ltr' id='par_1_97' title="bbox 617 4970 2196 5041">
     <span class='ocr_line' id='line_1_97' title="bbox 617 4970 2196 5041; baseline -0.003 -12"><span class='ocrx_word' id='word_1_726' title='bbox 617 4978 933 5029; x_wconf 82' lang='lat' dir='ltr'><strong>damentum</strong></span> <span class='ocrx_word' id='word_1_727' title='bbox 967 4970 1185 5041; x_wconf 87' lang='lat' dir='ltr'><strong>aliquod</strong></span> <span class='ocrx_word' id='word_1_728' title='bbox 1226 4971 1524 5040; x_wconf 88' lang='lat' dir='ltr'><strong>impietatis</strong></span> <span class='ocrx_word' id='word_1_729' title='bbox 1584 4971 1638 5024; x_wconf 91' lang='lat' dir='ltr'><strong>in</strong></span> <span class='ocrx_word' id='word_1_730' title='bbox 1676 4987 1929 5025; x_wconf 88' lang='lat' dir='ltr'><strong>sermone</strong></span> <span class='ocrx_word' id='word_1_731' title='bbox 1961 4971 2028 5026; x_wconf 89' lang='lat' dir='ltr'><strong>de</strong></span> <span class='ocrx_word' id='word_1_732' title='bbox 2083 4971 2196 5025; x_wconf 88' lang='lat' dir='ltr'><strong>dis-</strong></span> 
     </span>
    </p>
   </div>
   <div class='ocr_carea' id='block_1_98' title="bbox 618 5063 2194 5137">
    <p class='ocr_par' dir='ltr' id='par_1_98' title="bbox 618 5063 2194 5137">
     <span class='ocr_line' id='line_1_98' title="bbox 618 5063 2194 5137; baseline -0.003 -15"><span class='ocrx_word' id='word_1_733' title='bbox 618 5068 940 5137; x_wconf 83' lang='lat' dir='ltr'><strong>pensatione</strong></span> <span class='ocrx_word' id='word_1_734' title='bbox 971 5075 1205 5134; x_wconf 88' lang='lat' dir='ltr'><strong>ponunt,</strong></span> <span class='ocrx_word' id='word_1_735' title='bbox 1253 5078 1362 5117; x_wconf 90' lang='lat' dir='ltr'><strong>non</strong></span> <span class='ocrx_word' id='word_1_736' title='bbox 1421 5071 1594 5117; x_wconf 86' lang='lat' dir='ltr'><strong>totum</strong></span> <span class='ocrx_word' id='word_1_737' title='bbox 1639 5064 1913 5118; x_wconf 55' lang='lat' dir='ltr'><strong>hon‘iinem</strong></span> <span class='ocrx_word' id='word_1_738' title='bbox 1972 5063 2042 5117; x_wconf 89' lang='lat' dir='ltr'><strong>ab</strong></span> <span class='ocrx_word' id='word_1_739' title='bbox 2077 5064 2194 5133; x_wconf 88' lang='lat' dir='ltr'><strong>ipso</strong></span> 
     </span>
    </p>
   </div>
   <div class='ocr_carea' id='block_1_99' title="bbox 617 5151 2196 5220">
    <p class='ocr_par' dir='ltr' id='par_1_99' title="bbox 617 5151 2196 5220">
     <span class='ocr_line' id='line_1_99' title="bbox 617 5151 2196 5220; baseline -0.003 -5"><span class='ocrx_word' id='word_1_740' title='bbox 617 5171 896 5215; x_wconf 87' lang='lat' dir='ltr'><strong>servatum</strong></span> <span class='ocrx_word' id='word_1_741' title='bbox 927 5174 1051 5214; x_wconf 89' lang='lat' dir='ltr'><strong>esse</strong></span> <span class='ocrx_word' id='word_1_742' title='bbox 1083 5159 1541 5220; x_wconf 84' lang='lat' dir='ltr'><strong>determinantes,</strong></span> <span class='ocrx_word' id='word_1_743' title='bbox 1601 5151 1699 5212; x_wconf 86' lang='lat' dir='ltr'><strong>sed</strong></span> <span class='ocrx_word' id='word_1_744' title='bbox 1761 5159 2004 5213; x_wconf 88' lang='lat' dir='ltr'><strong>hominis</strong></span> <span class='ocrx_word' id='word_1_745' title='bbox 2035 5159 2196 5212; x_wconf 91' lang='lat' dir='ltr'><strong>dimi-</strong></span> 
     </span>
    </p>
   </div>
   <div class='ocr_carea' id='block_1_100' title="bbox 617 5247 2196 5320">
    <p class='ocr_par' dir='ltr' id='par_1_100' title="bbox 617 5247 2196 5320">
     <span class='ocr_line' id='line_1_100' title="bbox 617 5247 2196 5320; baseline -0.001 -16"><span class='ocrx_word' id='word_1_746' title='bbox 617 5254 792 5312; x_wconf 85' lang='lat' dir='ltr'><strong>dium,</strong></span> <span class='ocrx_word' id='word_1_747' title='bbox 825 5264 1028 5320; x_wconf 90' lang='lat' dir='ltr'><strong>corpus</strong></span> <span class='ocrx_word' id='word_1_748' title='bbox 1063 5248 1330 5318; x_wconf 84' lang='lat' dir='ltr'><strong>intelligo.</strong></span> <span class='ocrx_word' id='word_1_749' title='bbox 1366 5247 1467 5302; x_wconf 86' lang='lat' dir='ltr'><strong>Hic</strong></span> <span class='ocrx_word' id='word_1_750' title='bbox 1495 5249 1640 5303; x_wconf 89' lang='lat' dir='ltr'><strong>enim</strong></span> <span class='ocrx_word' id='word_1_751' title='bbox 1673 5247 1897 5302; x_wconf 83' lang='lat' dir='ltr'><strong>malitiae</strong></span> <span class='ocrx_word' id='word_1_752' title='bbox 1927 5250 2049 5303; x_wconf 86' lang='lat' dir='ltr'><strong>talis</strong></span> <span class='ocrx_word' id='word_1_753' title='bbox 2075 5265 2196 5303; x_wconf 83' lang='lat' dir='ltr'><strong>sco-</strong></span> 
     </span>
    </p>
   </div>
   <div class='ocr_carea' id='block_1_101' title="bbox 621 5336 2197 5410">
    <p class='ocr_par' dir='ltr' id='par_1_101' title="bbox 621 5336 2197 5410">
     <span class='ocr_line' id='line_1_101' title="bbox 621 5336 2197 5410; baseline -0.003 -16"><span class='ocrx_word' id='word_1_754' title='bbox 621 5356 721 5410; x_wconf 84' lang='lat' dir='ltr'><strong>pus</strong></span> <span class='ocrx_word' id='word_1_755' title='bbox 755 5341 809 5393; x_wconf 92' lang='lat' dir='ltr'><strong>in</strong></span> <span class='ocrx_word' id='word_1_756' title='bbox 843 5340 946 5392; x_wconf 92' lang='lat' dir='ltr'><strong>hoc</strong></span> <span class='ocrx_word' id='word_1_757' title='bbox 977 5337 1308 5393; x_wconf 89' lang='lat' dir='ltr'><strong>documento</strong></span> <span class='ocrx_word' id='word_1_758' title='bbox 1344 5336 1482 5407; x_wconf 90' lang='lat' dir='ltr'><strong>ipsis</strong></span> <span class='ocrx_word' id='word_1_759' title='bbox 1514 5344 1602 5391; x_wconf 88' lang='lat' dir='ltr'><strong>est</strong></span> <span class='ocrx_word' id='word_1_760' title='bbox 1634 5337 1972 5406; x_wconf 88' lang='lat' dir='ltr'><strong>propositus,</strong></span> <span class='ocrx_word' id='word_1_761' title='bbox 2009 5345 2066 5390; x_wconf 87' lang='lat' dir='ltr'><strong>ut</strong></span> <span class='ocrx_word' id='word_1_762' title='bbox 2101 5354 2197 5390; x_wconf 86' lang='lat' dir='ltr'><strong>vo-</strong></span> 
     </span>
    </p>
   </div>
   <div class='ocr_carea' id='block_1_102' title="bbox 620 5429 2195 5498">
    <p class='ocr_par' dir='ltr' id='par_1_102' title="bbox 620 5429 2195 5498">
     <span class='ocr_line' id='line_1_102' title="bbox 620 5429 2195 5498; baseline -0.002 -13"><span class='ocrx_word' id='word_1_763' title='bbox 620 5450 714 5488; x_wconf 74' lang='lat' dir='ltr'><strong>ces</strong></span> <span class='ocrx_word' id='word_1_764' title='bbox 747 5431 1071 5486; x_wconf 78' lang='lat' dir='ltr'><strong>humiliores</strong></span> <span class='ocrx_word' id='word_1_765' title='bbox 1109 5429 1426 5490; x_wconf 85' lang='lat' dir='ltr'><strong>ostendant,</strong></span> <span class='ocrx_word' id='word_1_766' title='bbox 1461 5444 1600 5498; x_wconf 87' lang='lat' dir='ltr'><strong>quas</strong></span> <span class='ocrx_word' id='word_1_767' title='bbox 1632 5443 1697 5482; x_wconf 84' lang='lat' dir='ltr'><strong>ex</strong></span> <span class='ocrx_word' id='word_1_768' title='bbox 1734 5429 1970 5481; x_wconf 89' lang='lat' dir='ltr'><strong>humana</strong></span> <span class='ocrx_word' id='word_1_769' title='bbox 2000 5437 2195 5482; x_wconf 83' lang='lat' dir='ltr'><strong>natura</strong></span> 
     </span>
    </p>
   </div>
   <div class='ocr_carea' id='block_1_103' title="bbox 623 5520 2197 5594">
    <p class='ocr_par' dir='ltr' id='par_1_103' title="bbox 623 5520 2197 5594">
     <span class='ocr_line' id='line_1_103' title="bbox 623 5520 2197 5594; baseline 0 -20"><span class='ocrx_word' id='word_1_770' title='bbox 623 5524 832 5594; x_wconf 76' lang='lat' dir='ltr'><strong>profert</strong></span> <span class='ocrx_word' id='word_1_771' title='bbox 859 5521 1144 5581; x_wconf 88' lang='lat' dir='ltr'><strong>Dominus.</strong></span> <span class='ocrx_word' id='word_1_772' title='bbox 1184 5531 1243 5575; x_wconf 90' lang='grc' dir='ltr'><strong>ιιι</strong></span> <span class='ocrx_word' id='word_1_773' title='bbox 1298 5521 1365 5573; x_wconf 89' lang='lat' dir='ltr'><strong>ab</strong></span> <span class='ocrx_word' id='word_1_774' title='bbox 1396 5521 1516 5589; x_wconf 88' lang='lat' dir='ltr'><strong>ipsa</strong></span> <span class='ocrx_word' id='word_1_775' title='bbox 1561 5520 1849 5574; x_wconf 88' lang='lat' dir='ltr'><strong>divinitate</strong></span> <span class='ocrx_word' id='word_1_776' title='bbox 1906 5520 2197 5574; x_wconf 87' lang='lat' dir='ltr'><strong>videantur</strong></span> 
     </span>
    </p>
   </div>
   <div class='ocr_carea' id='block_1_104' title="bbox 619 5611 2198 5683">
    <p class='ocr_par' dir='ltr' id='par_1_104' title="bbox 619 5611 2198 5683">
     <span class='ocr_line' id='line_1_104' title="bbox 619 5611 2198 5683; baseline -0.004 -9"><span class='ocrx_word' id='word_1_777' title='bbox 619 5634 742 5674; x_wconf 59' lang='lat' dir='ltr'><strong>esse</strong></span> <span class='ocrx_word' id='word_1_778' title='bbox 775 5616 952 5678; x_wconf 70' lang='lat' dir='ltr'><strong>fat-tre,</strong></span> <span class='ocrx_word' id='word_1_779' title='bbox 990 5621 1049 5666; x_wconf 86' lang='lat' dir='ltr'><strong>ut</strong></span> <span class='ocrx_word' id='word_1_780' title='bbox 1081 5628 1177 5683; x_wconf 87' lang='lat' dir='ltr'><strong>per</strong></span> <span class='ocrx_word' id='word_1_781' title='bbox 1213 5613 1314 5668; x_wconf 86' lang='lat' dir='ltr'><strong>has</strong></span> <span class='ocrx_word' id='word_1_782' title='bbox 1357 5611 1678 5667; x_wconf 86' lang='lat' dir='ltr'><strong>validiorem</strong></span> <span class='ocrx_word' id='word_1_783' title='bbox 1706 5611 1997 5667; x_wconf 78' lang='lat' dir='ltr'><strong>ostendant</strong></span> <span class='ocrx_word' id='word_1_784' title='bbox 2056 5613 2198 5667; x_wconf 88' lang='lat' dir='ltr'><strong>blas-</strong></span> 
     </span>
    </p>
   </div>
   <div class='ocr_carea' id='block_1_105' title="bbox 691 5788 1199 5857">
    <p class='ocr_par' dir='ltr' id='par_1_105' title="bbox 691 5788 1199 5857">
     <span class='ocr_line' id='line_1_105' title="bbox 691 5788 1199 5857; baseline -0.014 -10"><span class='ocrx_word' id='word_1_785' title='bbox 691 5793 810 5824; x_wconf 77' lang='lat'><strong>”&quot;&quot;</strong></span> <span class='ocrx_word' id='word_1_786' title='bbox 832 5790 990 5845; x_wconf 80' lang='lat' dir='ltr'><strong>Joau.</strong></span> <span class='ocrx_word' id='word_1_787' title='bbox 1025 5808 1074 5857; x_wconf 61' lang='grc' dir='ltr'>ι’,</span> <span class='ocrx_word' id='word_1_788' title='bbox 1111 5788 1199 5844; x_wconf 69' lang='lat'><strong>9.2.</strong></span> 
     </span>
    </p>
   </div>
   <div class='ocr_carea' id='block_1_106' title="bbox 2300 4697 3865 4776">
    <p class='ocr_par' dir='ltr' id='par_1_106' title="bbox 2300 4697 3865 4776">
     <span class='ocr_line' id='line_1_106' title="bbox 2300 4697 3865 4776; baseline 0.002 -21"><span class='ocrx_word' id='word_1_789' title='bbox 2300 4697 2453 4765; x_wconf 71' lang='grc' dir='ltr'>οὗτος</span> <span class='ocrx_word' id='word_1_790' title='bbox 2481 4701 2536 4754; x_wconf 85' lang='grc' dir='ltr'>δὲ</span> <span class='ocrx_word' id='word_1_791' title='bbox 2558 4702 2960 4766; x_wconf 79' lang='grc' dir='ltr'>κατασκευάζει</span> <span class='ocrx_word' id='word_1_792' title='bbox 2990 4701 3050 4754; x_wconf 89' lang='grc' dir='ltr'><strong>τὸ</strong></span> <span class='ocrx_word' id='word_1_793' title='bbox 3075 4702 3296 4766; x_wconf 84' lang='grc' dir='ltr'>ὑποδεές</span> <span class='ocrx_word' id='word_1_794' title='bbox 3323 4719 3382 4755; x_wconf 89' lang='grc' dir='ltr'><strong>τε</strong></span> <span class='ocrx_word' id='word_1_795' title='bbox 3414 4703 3502 4755; x_wconf 78' lang='grc' dir='ltr'><strong>καὶ</strong></span> <span class='ocrx_word' id='word_1_796' title='bbox 3533 4703 3865 4776; x_wconf 79' lang='grc' dir='ltr'>ὑποχείριον.</span> 
     </span>
    </p>
   </div>
   <div class='ocr_carea' id='block_1_107' title="bbox 2379 4877 3870 4955">
    <p class='ocr_par' dir='ltr' id='par_1_107' title="bbox 2379 4877 3870 4955">
     <span class='ocr_line' id='line_1_107' title="bbox 2379 4877 3870 4955; baseline 0.003 -23"><span class='ocrx_word' id='word_1_797' title='bbox 2379 4878 2520 4932; x_wconf 78' lang='grc' dir='ltr'>Ἀλλ’</span> <span class='ocrx_word' id='word_1_798' title='bbox 2555 4877 2730 4931; x_wconf 83' lang='grc' dir='ltr'>ἐκεῖνο</span> <span class='ocrx_word' id='word_1_799' title='bbox 2757 4878 2862 4949; x_wconf 83' lang='grc' dir='ltr'><strong>χρὴ</strong></span> <span class='ocrx_word' id='word_1_800' title='bbox 2893 4877 3204 4950; x_wconf 85' lang='grc' dir='ltr'>προσθεῖναι</span> <span class='ocrx_word' id='word_1_801' title='bbox 3232 4881 3344 4941; x_wconf 86' lang='grc' dir='ltr'>τοῖς</span> <span class='ocrx_word' id='word_1_802' title='bbox 3372 4880 3698 4950; x_wconf 82' lang='grc' dir='ltr'>εἰρημένοις,</span> <span class='ocrx_word' id='word_1_803' title='bbox 3728 4882 3870 4955; x_wconf 83' lang='grc' dir='ltr'>ὅπερ</span> 
     </span>
    </p>
   </div>
   <div class='ocr_carea' id='block_1_108' title="bbox 2299 4969 3869 5044">
    <p class='ocr_par' dir='ltr' id='par_1_108' title="bbox 2299 4969 3869 5044">
     <span class='ocr_line' id='line_1_108' title="bbox 2299 4969 3869 5044; baseline 0.001 -19"><span class='ocrx_word' id='word_1_804' title='bbox 2299 4971 2539 5044; x_wconf 81' lang='grc' dir='ltr'>κρηπίδα</span> <span class='ocrx_word' id='word_1_805' title='bbox 2569 4970 2692 5023; x_wconf 78' lang='grc' dir='ltr'>τινὰ</span> <span class='ocrx_word' id='word_1_806' title='bbox 2731 4969 3005 5022; x_wconf 81' lang='grc' dir='ltr'>ποιοῦνται</span> <span class='ocrx_word' id='word_1_807' title='bbox 3045 4969 3143 5039; x_wconf 83' lang='grc' dir='ltr'>τῆς</span> <span class='ocrx_word' id='word_1_808' title='bbox 3179 4970 3434 5034; x_wconf 79' lang='grc' dir='ltr'>ἀσεϐείας</span> <span class='ocrx_word' id='word_1_809' title='bbox 3460 5012 3474 5034; x_wconf 87' lang='grc'><strong>,</strong></span> <span class='ocrx_word' id='word_1_810' title='bbox 3522 4974 3579 5024; x_wconf 79' lang='grc' dir='ltr'><strong>ἐν</strong></span> <span class='ocrx_word' id='word_1_811' title='bbox 3610 4973 3688 5042; x_wconf 85' lang='grc' dir='ltr'><strong>τῷ</strong></span> <span class='ocrx_word' id='word_1_812' title='bbox 3735 4975 3869 5044; x_wconf 74' lang='grc' dir='ltr'>περὶ</span> 
     </span>
    </p>
   </div>
   <div class='ocr_carea' id='block_1_109' title="bbox 2298 5063 3871 5136">
    <p class='ocr_par' dir='ltr' id='par_1_109' title="bbox 2298 5063 3871 5136">
     <span class='ocr_line' id='line_1_109' title="bbox 2298 5063 3871 5136; baseline 0.001 -18"><span class='ocrx_word' id='word_1_813' title='bbox 2298 5065 2397 5135; x_wconf 81' lang='grc' dir='ltr'>τῆς</span> <span class='ocrx_word' id='word_1_814' title='bbox 2425 5063 2733 5133; x_wconf 86' lang='grc' dir='ltr'>οἰκονομίας</span> <span class='ocrx_word' id='word_1_815' title='bbox 2762 5063 2904 5133; x_wconf 85' lang='grc' dir='ltr'>λόγῳ</span> <span class='ocrx_word' id='word_1_816' title='bbox 2923 5079 2938 5092; x_wconf 90' lang='grc'><strong>·</strong></span> <span class='ocrx_word' id='word_1_817' title='bbox 2969 5063 3066 5132; x_wconf 86' lang='grc' dir='ltr'><strong>οὐχ</strong></span> <span class='ocrx_word' id='word_1_818' title='bbox 3089 5063 3208 5116; x_wconf 81' lang='grc' dir='ltr'>ὅλον</span> <span class='ocrx_word' id='word_1_819' title='bbox 3236 5063 3517 5135; x_wconf 80' lang='grc' dir='ltr'>ἄνθρωπον</span> <span class='ocrx_word' id='word_1_820' title='bbox 3544 5069 3670 5136; x_wconf 78' lang='grc' dir='ltr'>παρ’</span> <span class='ocrx_word' id='word_1_821' title='bbox 3700 5067 3871 5121; x_wconf 74' lang='grc' dir='ltr'>αὐτοῦ</span> 
     </span>
    </p>
   </div>
   <div class='ocr_carea' id='block_1_110' title="bbox 2300 5155 3873 5226">
    <p class='ocr_par' dir='ltr' id='par_1_110' title="bbox 2300 5155 3873 5226">
     <span class='ocr_line' id='line_1_110' title="bbox 2300 5155 3873 5226; baseline 0 -17"><span class='ocrx_word' id='word_1_822' title='bbox 2300 5155 2570 5209; x_wconf 86' lang='grc' dir='ltr'>σεσῶσθαι</span> <span class='ocrx_word' id='word_1_823' title='bbox 2601 5155 2974 5226; x_wconf 79' lang='grc' dir='ltr'>διοριζόμενοι,</span> <span class='ocrx_word' id='word_1_824' title='bbox 3003 5156 3139 5209; x_wconf 87' lang='grc' dir='ltr'><strong>ἀλλά</strong></span> <span class='ocrx_word' id='word_1_825' title='bbox 3162 5155 3220 5208; x_wconf 89' lang='grc' dir='ltr'><strong>τὸ</strong></span> <span class='ocrx_word' id='word_1_826' title='bbox 3242 5155 3336 5208; x_wconf 81' lang='grc' dir='ltr'>τοῦ</span> <span class='ocrx_word' id='word_1_827' title='bbox 3363 5155 3648 5225; x_wconf 82' lang='grc' dir='ltr'>ἀνθρώπου</span> <span class='ocrx_word' id='word_1_828' title='bbox 3677 5158 3873 5226; x_wconf 80' lang='grc' dir='ltr'>ἡμίτο-</span> 
     </span>
    </p>
   </div>
   <div class='ocr_carea' id='block_1_111' title="bbox 2302 5245 3873 5317">
    <p class='ocr_par' dir='ltr' id='par_1_111' title="bbox 2302 5245 3873 5317">
     <span class='ocr_line' id='line_1_111' title="bbox 2302 5245 3873 5317; baseline -0.001 -17"><span class='ocrx_word' id='word_1_829' title='bbox 2302 5265 2399 5317; x_wconf 88' lang='grc' dir='ltr'><strong>μον</strong></span> <span class='ocrx_word' id='word_1_830' title='bbox 2418 5287 2433 5310; x_wconf 83' lang='grc'><strong>,</strong></span> <span class='ocrx_word' id='word_1_831' title='bbox 2463 5247 2523 5300; x_wconf 90' lang='grc' dir='ltr'><strong>τὸ</strong></span> <span class='ocrx_word' id='word_1_832' title='bbox 2565 5245 2722 5316; x_wconf 84' lang='grc' dir='ltr'>σῶμα</span> <span class='ocrx_word' id='word_1_833' title='bbox 2749 5247 2910 5314; x_wconf 81' lang='grc' dir='ltr'>λέγω.</span> <span class='ocrx_word' id='word_1_834' title='bbox 2964 5249 3022 5299; x_wconf 81' lang='lat'><strong>&#39;0</strong></span> <span class='ocrx_word' id='word_1_835' title='bbox 3051 5247 3106 5299; x_wconf 81' lang='grc' dir='ltr'><strong>δέ</strong></span> <span class='ocrx_word' id='word_1_836' title='bbox 3139 5248 3338 5310; x_wconf 85' lang='grc' dir='ltr'>σκοπός</span> <span class='ocrx_word' id='word_1_837' title='bbox 3375 5249 3520 5299; x_wconf 85' lang='grc' dir='ltr'>ἐστιν</span> <span class='ocrx_word' id='word_1_838' title='bbox 3546 5247 3729 5310; x_wconf 80' lang='grc' dir='ltr'>αὐτοῖς</span> <span class='ocrx_word' id='word_1_839' title='bbox 3766 5248 3873 5315; x_wconf 64' lang='grc' dir='ltr'>τῆς</span> 
     </span>
    </p>
   </div>
   <div class='ocr_carea' id='block_1_112' title="bbox 2298 5335 3874 5408">
    <p class='ocr_par' dir='ltr' id='par_1_112' title="bbox 2298 5335 3874 5408">
     <span class='ocr_line' id='line_1_112' title="bbox 2298 5335 3874 5408; baseline -0.001 -19"><span class='ocrx_word' id='word_1_840' title='bbox 2298 5336 2549 5405; x_wconf 80' lang='grc' dir='ltr'>τοιαύτης</span> <span class='ocrx_word' id='word_1_841' title='bbox 2598 5336 2725 5408; x_wconf 79' lang='grc' dir='ltr'>περὶ</span> <span class='ocrx_word' id='word_1_842' title='bbox 2764 5335 2822 5388; x_wconf 93' lang='grc' dir='ltr'><strong>τὸ</strong></span> <span class='ocrx_word' id='word_1_843' title='bbox 2850 5337 3025 5407; x_wconf 88' lang='grc' dir='ltr'>δόγμα</span> <span class='ocrx_word' id='word_1_844' title='bbox 3070 5337 3436 5407; x_wconf 87' lang='grc' dir='ltr'>κακουργίας,</span> <span class='ocrx_word' id='word_1_845' title='bbox 3472 5336 3533 5388; x_wconf 90' lang='grc' dir='ltr'><strong>τὸ</strong></span> <span class='ocrx_word' id='word_1_846' title='bbox 3564 5336 3732 5401; x_wconf 76' lang='grc' dir='ltr'>δεῖξαι</span> <span class='ocrx_word' id='word_1_847' title='bbox 3769 5338 3874 5399; x_wconf 74' lang='grc' dir='ltr'><strong>τὰς</strong></span> 
     </span>
    </p>
   </div>
   <div class='ocr_carea' id='block_1_113' title="bbox 2297 5426 3874 5498">
    <p class='ocr_par' dir='ltr' id='par_1_113' title="bbox 2297 5426 3874 5498">
     <span class='ocr_line' id='line_1_113' title="bbox 2297 5426 3874 5498; baseline 0.001 -18"><span class='ocrx_word' id='word_1_848' title='bbox 2297 5427 2685 5498; x_wconf 84' lang='grc' dir='ltr'>ταπεινοτέρας</span> <span class='ocrx_word' id='word_1_849' title='bbox 2715 5426 2917 5494; x_wconf 77' lang='grc' dir='ltr'>φωνὰς,</span> <span class='ocrx_word' id='word_1_850' title='bbox 2941 5427 3007 5490; x_wconf 74' lang='grc' dir='ltr'>ἃς</span> <span class='ocrx_word' id='word_1_851' title='bbox 3045 5430 3109 5481; x_wconf 86' lang='grc' dir='ltr'><strong>ἐκ</strong></span> <span class='ocrx_word' id='word_1_852' title='bbox 3136 5427 3232 5480; x_wconf 81' lang='grc' dir='ltr'><strong>τού</strong></span> <span class='ocrx_word' id='word_1_853' title='bbox 3259 5428 3600 5498; x_wconf 80' lang='grc' dir='ltr'>ἀνθρωπίνου</span> <span class='ocrx_word' id='word_1_854' title='bbox 3638 5430 3874 5482; x_wconf 79' lang='grc' dir='ltr'>ποιεῖται</span> 
     </span>
    </p>
   </div>
   <div class='ocr_carea' id='block_1_114' title="bbox 2302 5517 3874 5591">
    <p class='ocr_par' dir='ltr' id='par_1_114' title="bbox 2302 5517 3874 5591">
     <span class='ocr_line' id='line_1_114' title="bbox 2302 5517 3874 5591; baseline -0.002 -18"><span class='ocrx_word' id='word_1_855' title='bbox 2302 5523 2330 5573; x_wconf 89' lang='lat'><strong>6</strong></span> <span class='ocrx_word' id='word_1_856' title='bbox 2369 5519 2592 5591; x_wconf 85' lang='grc' dir='ltr'>Κύριος,</span> <span class='ocrx_word' id='word_1_857' title='bbox 2623 5520 2753 5590; x_wconf 84' lang='grc' dir='ltr'>παρ’</span> <span class='ocrx_word' id='word_1_858' title='bbox 2788 5519 2956 5589; x_wconf 80' lang='grc' dir='ltr'>αὐτῆς</span> <span class='ocrx_word' id='word_1_859' title='bbox 2995 5519 3094 5588; x_wconf 84' lang='grc' dir='ltr'>τῆς</span> <span class='ocrx_word' id='word_1_860' title='bbox 3139 5519 3390 5589; x_wconf 87' lang='grc' dir='ltr'>θεότητος</span> <span class='ocrx_word' id='word_1_861' title='bbox 3420 5517 3746 5588; x_wconf 83' lang='grc' dir='ltr'>γεγενῆσθαι</span> <span class='ocrx_word' id='word_1_862' title='bbox 3781 5518 3874 5571; x_wconf 88' lang='grc' dir='ltr'>δο-</span> 
     </span>
    </p>
   </div>
   <div class='ocr_carea' id='block_1_115' title="bbox 2307 5607 3876 5680">
    <p class='ocr_par' dir='ltr' id='par_1_115' title="bbox 2307 5607 3876 5680">
     <span class='ocr_line' id='line_1_115' title="bbox 2307 5607 3876 5680; baseline 0.009 -14"><span class='ocrx_word' id='word_1_863' title='bbox 2307 5615 2443 5678; x_wconf 80' lang='grc' dir='ltr'>κεῖν,</span> <span class='ocrx_word' id='word_1_864' title='bbox 2493 5612 2578 5664; x_wconf 79' lang='grc' dir='ltr'><strong>ἵνα</strong></span> <span class='ocrx_word' id='word_1_865' title='bbox 2629 5611 2716 5662; x_wconf 75' lang='grc' dir='ltr'><strong>διὰ</strong></span> <span class='ocrx_word' id='word_1_866' title='bbox 2752 5609 2954 5662; x_wconf 85' lang='grc' dir='ltr'>τούτων</span> <span class='ocrx_word' id='word_1_867' title='bbox 3012 5610 3361 5680; x_wconf 78' lang='grc' dir='ltr'>ἰσχυροτέραν</span> <span class='ocrx_word' id='word_1_868' title='bbox 3409 5608 3731 5671; x_wconf 75' lang='grc' dir='ltr'>ἀποδείξωσι</span> <span class='ocrx_word' id='word_1_869' title='bbox 3771 5607 3876 5678; x_wconf 58' lang='grc' dir='ltr'><strong>τὴν</strong></span> 
     </span>
    </p>
   </div>
  </div>
