4146 6370
1436 394 1714 451 CONTRA
1752 390 2138 459 EUNOMIUM,
2173 391 2300 449 LIB.
2343 393 2403 449 ll.

3436 400 3543 454 546

287 511 668 584 βλασφημίαν,
705 512 771 566 δι’
816 509 982 580 αὐτῆς
1032 510 1128 580 τῆς
1171 508 1265 562 τοῦ
1318 510 1523 581 Κυρίου
1573 507 1863 579 ὁμολογίας

1973 509 2260 578 phemiam,
2314 523 2410 577 per
2458 506 2597 559 hanc
2657 506 2828 576 ipsam
2861 506 3076 560 Domini
3139 508 3538 565 confessionem

285 601 724 674 κρατυνομένην⁹
743 601 929 655 τούτου
960 601 1118 672 χάριν
1139 602 1292 670 φησι,
1323 601 1434 655 Τὸν
1464 600 1557 653 ἐπ’
1589 599 1864 667 ἐσχάτων

285 694 406 747 τῶν
458 691 695 762 ἡμερῶν
736 693 1064 760 γενόμενον
1095 691 1432 759 ἄνθρωπον,
1478 693 1588 744 οὐκ
1639 691 1864 744 ἀναλα-

286 786 471 838 ϐόντα
521 787 629 839 τὸν
681 785 749 838 ἐκ
803 781 1014 852 ψυχῆς
1050 784 1146 836 καὶ
1198 782 1465 852 σώματος
1527 782 1860 850 ἄνθρωπον.

303 877 443 946 Ἐγὼ
470 878 527 930 δὲ
552 879 733 930 πᾶσαν
771 876 1263 948 διερευνησάμενος
1296 875 1395 944 τὴν
1424 875 1778 928 θεόπνευστόν
1805 891 1864 927 τε

291 971 385 1023 καὶ
423 970 582 1037 ἁγίαν
627 969 868 1040 Γραφὴν,
909 969 1004 1037 οὐχ
1033 970 1148 1036 ὁρῶ
1187 965 1391 1037 ταύτην
1419 966 1517 1036 τὴν
1557 965 1738 1037 φωνὴν
1769 967 1864 1033 ἐγ-

293 1060 709 1131 γεγραμμένην,
756 1060 838 1112 ὅτι
875 1058 1042 1128 μόνην
1071 1059 1171 1128 τὴν
1209 1059 1387 1130 σάρκα
1415 1057 1537 1128 δίχα
1565 1059 1740 1128 ψυχῆς
1761 1097 1774 1118 ,
1807 1058 1865 1109 ὲν

289 1149 371 1219 τῷ
398 1148 573 1219 καιρῷ
599 1147 699 1218 τῆς
720 1147 860 1201 κατά
886 1147 1170 1217 ἄνθρωπον
1187 1147 1519 1217 οἰκονομίας,
1541 1150 1568 1200 6
1593 1149 1660 1200 τὰ
1689 1148 1867 1201 πάντα

291 1221 524 1310 ποιήσας
556 1241 635 1302 είς
668 1239 858 1292 ἑαυτὸν
887 1239 1190 1303 ἀνεδέξατο.
1233 1239 1574 1307 Ἀναγκαίως
1599 1235 1691 1293 οῦν
1731 1240 1866 1310 πρός

291 1347 350 1382 τε
376 1329 468 1383 τὸν
499 1328 696 1381 σκοπὸν
720 1328 818 1397 τῆς
851 1329 1123 1400 σωτηρίας
1146 1331 1177 1399 ἠ
1188 1328 1303 1398 μῶν
1331 1328 1570 1400 βλέπων,
1603 1330 1697 1383 καὶ
1731 1329 1865 1399 πρὸς

290 1423 360 1476 τά
387 1421 631 1492 δόγματα
659 1422 764 1474 τῶν
787 1423 1066 1492 Πατέρων,
1085 1424 1178 1475 καὶ
1202 1421 1337 1493 πρὸς
1362 1421 1460 1483 τὰς
1481 1421 1866 1483 θεοπνεύστους

293 1513 508 1581 φωνάς,
543 1513 639 1582 τὴν
675 1514 732 1565 ἐν
779 1512 856 1584 τῷ
905 1514 1058 1583 μέρει
1103 1511 1276 1583 τούτῳ
1321 1512 1866 1580 κατασκευαζομένην

290 1602 547 1655 ἀσέϐειαν
597 1601 868 1670 διελέγξαι
935 1602 1285 1672 πειράσομαι.
1331 1596 1532 1653 Ἦλθεν
1584 1602 1612 1652 ὁ
1666 1599 1890 1670 Κύριος,

291 1694 528 1763 ζητῆσαι
577 1693 672 1746 καὶ
721 1693 891 1745 σώσαι
940 1693 1000 1744 τὸ
1051 1692 1365 1754 ἀπολωλός·
1416 1689 1664 1744 ἀπώλετο
1703 1691 1760 1743 δὲ
1805 1691 1866 1742 ού

292 1785 488 1854 σῶμα,
523 1783 637 1837 ἀλλ’
671 1783 790 1847 ὅλος
821 1783 852 1836 ὁ
883 1783 1170 1853 ἄνθρωπος
1213 1783 1322 1835 ἀπὸ
1350 1782 1527 1852 ψυχῆς
1559 1797 1868 1850 συγκεκρα-

1966 597 2347 652 conﬁrmatam
2377 616 2390 652 :
2419 595 2581 664 hujus
2613 597 2689 650 rei
2746 598 2918 664 gratia
2953 598 3108 660 dicit,
3175 614 3292 651 eum
3345 602 3435 670 qui
3483 602 3540 654 in

1965 689 2263 742 novissimis
2292 687 2472 738 diebus
2507 687 2679 754 factus
2709 698 2786 741 est
2819 688 3004 752 homo,
3041 707 3146 742 non
3192 693 3542 759 assumpsisse

1966 781 2224 834 hominem
2259 779 2439 833 anima
2482 787 2530 831 et
2577 794 2792 846 corpore
2843 789 3193 834 constantem.
3239 780 3349 852 Ego
3413 798 3541 836 vero

1967 887 2188 925 omnem
2223 870 2489 923 divinitus
2520 870 2839 938 inspiratam
2869 879 2925 924 et
2953 885 3166 925 sacram
3201 871 3539 942 Scripturam

1966 970 2368 1032 perscrutatus,
2407 963 2548 1015 hanc
2601 976 2790 1016 vocem
2851 962 3114 1032 scriptam
3185 979 3293 1018 non
3349 965 3537 1028 video,

1966 1055 2110 1124 quod
2159 1055 2330 1108 solam
2383 1067 2606 1108 carnem
2660 1053 2866 1123 absque
2922 1054 3126 1117 anima,
3186 1055 3238 1108 in
3298 1063 3543 1126 tempore

1969 1143 2268 1197 secundmn
2305 1143 2578 1197 hominem
2615 1142 3042 1213 dispensationis
3070 1145 3161 1212 qui
3193 1147 3374 1197 Olllllia
3414 1145 3541 1200 fect

1970 1234 2023 1286 in
2062 1233 2302 1302 seipsum
2331 1232 2672 1300 assumpsit;
2722 1235 3040 1287 necessario
3090 1235 3257 1305 igitur
3301 1237 3365 1289 ad
3423 1252 3545 1292 sco-

1968 1340 2094 1393 pum
2144 1324 2338 1379 salutis
2379 1335 2579 1378 nostra:
2625 1325 2947 1394 respiciens,
2975 1334 3032 1380 et
3061 1329 3125 1380 ad
3160 1326 3380 1383 Patrum
3445 1330 3513 1385 de

1968 1424 2138 1476 creta,
2176 1424 2230 1470 et
2284 1417 2350 1468 ad
2386 1416 2648 1472 divinitus
2709 1416 2920 1471 amatas
2958 1432 3121 1473 voces
3170 1429 3542 1476 constructam

1970 1505 2022 1559 in
2063 1508 2162 1559 hac
2200 1515 2352 1576 parte
2394 1506 2723 1576 impietatem
2771 1510 3099 1578 redarguere
3144 1513 3407 1566 conabor.
3440 1511 3545 1567 Vc-

1975 1598 2054 1650 nit
2095 1597 2356 1653 Dominus
2409 1608 2465 1653 ut
2497 1608 2764 1668 quareret
2793 1610 2848 1654 et
2897 1603 3108 1656 salvum
3161 1601 3365 1658 faceret
3399 1606 3543 1675 quod

1971 1688 2226 1756 perierat.
2282 1687 2522 1741 Perierat
2565 1699 2744 1744 autem
2793 1705 2900 1743 non
2952 1707 3187 1761 corpus,
3241 1693 3335 1747 sed
3397 1703 3546 1749 totus

1970 1781 2134 1834 homo
2162 1798 2226 1836 ex
2261 1787 2443 1838 anima
2475 1792 2944 1854 contemperatus.
3007 1787 3071 1840 Et
3131 1790 3176 1842 si
3250 1790 3428 1844 verius
3461 1790 3544 1845 lo-

295 1878 473 1946 μένος.
511 1878 622 1930 Καὶ
651 1878 698 1929 εί
721 1877 827 1948 χρὴ
868 1878 956 1930 τὸν
990 1876 1350 1946 ἀληθέστερον
1371 1877 1542 1927 εἰπεῖν
1575 1873 1750 1940 λόγον,
1775 1872 1869 1926 τοῦ

1973 1874 2247 1942 quendum
2279 1883 2383 1938 est,
2419 1885 2544 1929 ante
2601 1891 2805 1946 corpus
2863 1880 3043 1932 anima
3087 1882 3344 1944 perierat.
3408 1880 3544 1935 Nam

293 1969 543 2038 σώματος
566 1971 598 2038 ἡ
624 1969 770 2038 ψυχὴ
800 1967 1172 2039 προαπώλετο.
1217 1968 1282 2019 Ἡ
1305 1967 1411 2036 γάρ
1443 1964 1715 2036 παρακοὴ,
1738 1981 1864 2034 προ-

292 2063 575 2132 αιρέσεως,
601 2062 660 2113 ού
691 2062 961 2131 σώματος,
991 2060 1232 2130 ἁμαρτία
1253 2060 1401 2112 ἐστίν
1426 2077 1436 2088 ·
1467 2059 1593 2110 ἴδιον
1615 2058 1670 2111 δὲ
1692 2057 1869 2127 ψυχῆς

293 2155 327 2223 ὴ
362 2154 674 2223 προαίρεσις
699 2193 714 2213 ,
747 2153 838 2220 ἀφ’
880 2150 947 2224 ἧς
982 2153 1132 2204 πᾶσα
1161 2155 1194 2222 ἡ
1236 2151 1332 2221 τῆς
1367 2150 1582 2219 φύσεως
1613 2149 1869 2221 συμφορά

292 2244 393 2316 τὴν
431 2245 602 2314 ἀρχὴν
634 2245 788 2313 ἔσχεν
808 2261 821 2272 ·
884 2244 958 2305 ώς
994 2247 1264 2316 μαρτυρεῖ
1299 2247 1411 2307 τοῖς
1436 2244 1615 2312 λόγοις
1643 2245 1676 2314 ἡ
1701 2245 1872 2314 ἀψευ-

290 2335 389 2406 δὴς
418 2337 509 2388 τοῦ
555 2333 688 2387 Θεοῦ
723 2335 918 2405 ἀπειλή
939 2345 954 2360 ’
989 2333 1072 2387 ὅτι
1125 2337 1182 2387 ὲν
1285 2335 1350 2388 ἂν
1383 2335 1569 2405 ἡμέρᾳ
1620 2334 1729 2388 τῶν
1760 2337 1871 2387 ἁπ-

294 2426 681 2498 ηγορευμένων
704 2427 968 2496 ἅψωνται,
993 2426 1367 2496 ἁνυπερθέτως
1382 2426 1782 2498 συναφθήσεται
1803 2428 1871 2496 τῇ

291 2517 496 2590 βρώσει
521 2521 550 2571 6
579 2518 827 2580 θάνατος.
880 2517 1076 2570 Διπλοῦ
1098 2519 1154 2572 δὲ
1182 2519 1332 2582 ὄντος
1366 2518 1458 2572 τοῦ
1485 2517 1872 2590 ἀνθρωπιίν]ου

296 2611 708 2680 συγκράματος,
740 2608 1088 2679 καταλλήλως
1123 2608 1244 2662 καθ’
1277 2611 1533 2680 ἑκάτερον
1567 2610 1873 2677 ἐνεργεῖται

291 2703 326 2753 6
354 2701 602 2766 θάνατος,
650 2701 748 2769 τῆς
775 2699 969 2769 διπλῆς
1001 2700 1146 2770 ζωῆς
1176 2699 1501 2768 ἐνεργούσης
1543 2699 1623 2769 τῷ
1655 2715 1876 2770 νεκρου-

299 2790 446 2861 μένῳ
473 2790 571 2860 τὴν
611 2789 882 2861 στέρησιν.
913 2788 1173 2858 Σώματος
1211 2788 1309 2856 μὲν
1337 2792 1445 2858 γάρ
1473 2789 1589 2840 ἐστι
1626 2787 1872 2850 Θάνατος,

295 2883 334 2950 ἡ
363 2883 471 2934 τῶν
505 2880 872 2950 αἰσθητηρίων
909 2879 1092 2943 σϐέσις
1117 2919 1132 2942 ,
1165 2881 1260 2932 καὶ
1294 2881 1327 2950 ή
1363 2880 1500 2948 πρὸς
1525 2881 1592 2932 τά
1631 2881 1868 2950 συγγενῆ

302 2973 404 3028 τῶν
447 2974 724 3043 στοιχείων
756 2972 1014 3034 διάλυσις.
1069 2970 1243 3040 Ψυχὴ
1276 2970 1350 3034 δὲ,
1396 2973 1580 3040 φησιν,
1611 2973 1647 3038 ἡ
1689 2973 1874 3040 ἀμαρ-

296 3065 589 3129 τιίνουσα,
626 3064 778 3132 αὑτὴ
812 3062 1216 3117 ἀποθανεῖται.
1265 3062 1534 3132 Ἀμαρτία
1561 3063 1620 3116 δέ
1659 3065 1808 3116 ἐστιν
1843 3065 1876 3132 ἡ

295 3157 392 3211 τοῦ
433 3156 567 3210 Θεοῦ
601 3156 985 3226 ἀλλοτρίωσις,
1030 3155 1088 3217 ὃς
1128 3156 1275 3205 ἐστιν
1324 3154 1358 3224 ἡ
1402 3153 1628 3225 ἀληθινή
1672 3171 1732 3206 τε
1782 3156 1876 3206 καί

1970 1965 2361 2026 inobedientia,
2404 1968 2690 2023 electionis
2730 1970 2844 2024 sive
2883 1972 3204 2034 voluntatis,
3260 1988 3367 2027 non
3429 1989 3543 2026 cor-

1967 2058 2118 2126 poris
2154 2070 2438 2127 peccatum
2471 2070 2575 2114 est.
2606 2059 2829 2130 Pr0pria
2875 2072 2960 2116 est
2997 2073 3178 2118 autem
3209 2064 3405 2119 animae
3435 2065 3548 2120 cle-

1970 2150 2100 2209 ctio,
2141 2164 2173 2202 a
2211 2165 2314 2218 qua
2367 2154 2546 2206 omnis
2603 2162 2814 2207 natura:
2860 2155 3146 2210 calamitas
3209 2157 3537 2226 principium

1971 2239 2182 2303 habuit,
2234 2249 2290 2292 ut
2348 2242 2533 2297 verbis
2566 2251 2798 2298 testatur
2837 2243 3259 2315 haudquaquam
3313 2247 3546 2302 mendax

1972 2327 2065 2383 Dei
2106 2331 2408 2395 minitatio,
2451 2333 2596 2401 quod
2645 2336 2699 2388 in
2734 2351 2843 2404 quo
2867 2335 2953 2389 die
2994 2338 3296 2405 prohibitos
3337 2339 3547 2393 fructus

1973 2423 2266 2492 tetigerint,
2305 2427 2424 2480 sine
2453 2429 2807 2483 cunctatione
2847 2430 2966 2481 esui
3019 2445 3169 2483 mors
3223 2431 3544 2485 coluerchit.

1971 2513 2107 2568 Cum
2137 2527 2318 2572 autem
2349 2522 2420 2573 sit
2467 2519 2670 2589 duplex
2720 2520 2956 2574 hominis
2995 2523 3381 2592 compositum,
3416 2540 3548 2576 eon-

1973 2616 2229 2675 gruenter
2262 2609 2314 2661 in
2345 2618 2638 2680 utrumque
2681 2628 2830 2666 mors
2860 2613 3096 2681 duplicis
3163 2615 3284 2667 vitae
3320 2631 3548 2671 munere

1976 2699 2255 2767 iungentis
2287 2717 2390 2755 suo
2420 2702 2470 2755 ei
2502 2703 2595 2772 qui
2622 2704 2856 2758 moritur
2880 2705 3241 2775 privationem
3267 2717 3553 2775 Opi-ratur:

1975 2791 2226 2859 corporis
2258 2792 2477 2860 quidem
2532 2809 2682 2849 mors
2735 2804 2842 2858 est,
2902 2811 3165 2850 sensuum
3217 2801 3550 2853 instrumen-

1978 2889 2154 2934 torum
2187 2884 2504 2946 exstinctiu,
2535 2894 2588 2938 et
2625 2887 2678 2939 in
2714 2897 2941 2957 cognata
2989 2890 3257 2943 eiemmita
3312 2892 3546 2944 dissolu-

1977 2975 2071 3026 lio.
2105 2975 2297 3028 Anima
2331 2986 2537 3038 autem,
2574 2977 2768 3046 inquit,
2810 2997 2925 3049 qua:
2945 2985 3262 3048 peccaverit,
3293 2984 3406 3051 ipsa
3439 3001 3550 3037 mo-

1978 3067 2142 3118 rietur
2176 3067 2244 3118 ⁷³.
2274 3066 2561 3122 Peccatum
2599 3078 2778 3124 autem
2812 3083 2897 3127 est
2946 3088 2974 3124 a
3010 3073 3118 3126 Deo
3147 3076 3420 3138 alienatio,
3455 3077 3546 3144 qui

1977 3166 2061 3210 est
2097 3174 2220 3209 vera
2251 3159 2478 3227 solaque
2509 3161 2638 3214 vita.
2670 3159 2864 3216 Multas
2900 3162 3068 3232 igitur
3096 3179 3365 3218 annorum
3421 3182 3550 3219 cen-

302 3251 440 3321 μόνη
471 3248 601 3318 ζωή.
637 3248 846 3302 Οὐκοῦν
879 3247 1079 3309 πολλὰς
1111 3246 1248 3298 ἐτῶν
1283 3249 1647 3310 ἑκατοντάδας
1669 3247 1870 3299 ἐπεϐίω

1977 3250 2151 3302 turias
2184 3258 2308 3317 post
2341 3252 2850 3318 praevaricationem
2896 3252 3123 3323 insuper
3175 3255 3309 3308 vixit
3370 3267 3551 3324 proto-

302 3341 441 3411 μετὰ
465 3340 562 3412 τὴν
603 3339 886 3409 παρακοήν
915 3339 943 3389 ὁ
977 3337 1418 3408 πρωτόπλαστος,
1439 3339 1551 3390 ἀλλ’
1572 3341 1599 3391 6
1620 3337 1751 3400 Θεὸς
1774 3337 1874 3389 οὐκ

297 3432 562 3502 ἐψεύσατο
606 3431 771 3484 εἰπών
796 3450 808 3461 ’
846 3432 944 3482 Ἐν
970 3425 1010 3501 ᾖ
1043 3430 1119 3482 ἂν
1150 3429 1336 3498 ἡμέρᾳ
1365 3430 1609 3499 φάγητε,
1643 3430 1874 3492 θανάτῳ

297 3523 716 3578 ἀποθανεῖσθε.
755 3522 852 3574 Διὰ
881 3521 989 3591 γάρ
1018 3520 1110 3574 τοῦ
1147 3521 1570 3592 ἀλλοτριωθῆναι
1595 3522 1753 3574 αὑτὸν
1777 3523 1874 3592 τῆς

298 3616 470 3677 ὖντως
499 3613 642 3684 ζωῆς
663 3653 680 3678 ,
725 3613 1034 3684 αὐθημερὸν
1079 3611 1329 3682 ἐκυρώθη
1361 3613 1479 3664 κατ’
1526 3612 1688 3665 αὑτοῦ
1713 3614 1746 3681 ἡ
1781 3612 1872 3664 τοῦ

300 3709 527 3761 θανάτου
561 3707 853 3775 ἀπόφασις.
898 3705 1048 3758 Μετὰ
1094 3705 1267 3757 ταῦτα
1311 3705 1368 3756 δὲ
1403 3704 1613 3775 χρόνοις
1647 3704 1872 3774 ὕστερον

299 3797 396 3850 καὶ
418 3799 448 3851 ὁ
472 3796 780 3867 σωματικὸς
799 3794 878 3864 τῷ
913 3794 1082 3864 Ἀδὰμ
1106 3793 1508 3864 ἐπηκολούθησε
1533 3794 1779 3858 θάνατος.
1813 3795 1872 3846 Ὀ

297 3887 477 3942 τοίνυν
525 3888 612 3941 διὰ
657 3887 813 3941 τοῦτο
860 3887 1050 3951 ἐλθὼν,
1087 3888 1174 3939 ἵνα
1212 3886 1423 3960 ζητήσῃ
1476 3889 1572 3940 καὶ
1620 3887 1765 3956 σώσῃ
1814 3886 1874 3938 τὸ

301 3977 596 4042 ἀπολωλὸς,
628 3979 762 4048 ὅπερ
795 3978 853 4029 ὲν
889 3981 954 4048 τῇ
987 3977 1272 4048 παραϐολῇ
1304 3980 1332 4030 6
1364 3979 1565 4048 ποιμὴν
1603 3977 1873 4047 πρόϐατον

298 4068 595 4138 ὀνομάζει·
630 4069 722 4121 καὶ
759 4068 1003 4138 εὑρίσκει
1036 4068 1096 4121 τὸ
1145 4067 1424 4131 ἀπολωλὸς
1452 4109 1467 4132 ,
1503 4070 1595 4121 καὶ
1630 4067 1874 4136 ἀναλαμ-

298 4158 456 4212 ϐάνει
486 4159 579 4212 ἐπὶ
611 4159 720 4212 τῶν
754 4159 896 4212 ἰδίων
924 4158 1088 4228 ὤμων
1117 4160 1235 4212 ὅλον
1266 4159 1326 4212 τὸ
1353 4160 1643 4230 πρόϐατον,
1679 4161 1736 4212 ού
1775 4161 1871 4231 μό-

299 4269 400 4322 νην
426 4251 524 4323 τὴν
554 4250 647 4304 τοῦ
685 4251 956 4321 προϐάτου
988 4251 1180 4322 δοράν·
1224 4254 1309 4305 ἵνα
1339 4253 1523 4322 ἄρτιον
1550 4255 1754 4326 ποιήσῃ
1781 4254 1872 4306 τὸν

297 4342 395 4395 τοῦ
425 4342 558 4394 Θεοῦ
585 4342 895 4413 ἄνθρωπον,
929 4343 1016 4395 διὰ
1043 4342 1220 4413 ψυχῆς
1244 4361 1302 4394 τε
1333 4345 1425 4395 καὶ
1463 4343 1712 4414 σώματος
1742 4347 1872 4396 ἁνα-

301 4434 572 4504 κραθέντα
603 4435 737 4505 πρὸς
767 4435 865 4506 τὴν
891 4433 1138 4502 θεότητα.
1173 4436 1282 4487 Καὶ
1309 4434 1482 4497 οὕτως
1509 4435 1658 4488 οὐδὲν
1689 4436 1870 4505 ἀφῆκε

301 4526 404 4593 τῆς
427 4525 640 4594 φύσεως
673 4525 828 4595 ἡμῶν
855 4525 883 4577 ὃ
913 4526 1011 4577 οὐκ
1041 4526 1301 4578 ἀνέλαϐεν
1337 4528 1365 4578 6
1399 4526 1538 4579 κατὰ
1567 4527 1746 4580 πάντα
1776 4544 1872 4578 πε-

302 4616 630 4686 πειραμένος
663 4615 781 4668 καθ’
816 4616 1107 4686 ὁμοιότητα
1131 4657 1142 4673 .
1178 4617 1346 4685 χωρὶς
1381 4618 1673 4687 ἁμαρτίας.
1723 4619 1784 4670 Ἦ
1813 4618 1870 4670 δὲ

300 4707 444 4777 ψυχὴ
478 4707 723 4777 ἁμαρτία
755 4707 854 4759 οὐκ
892 4707 1059 4770 ἐστιν,
1087 4706 1221 4760 ἀλλὰ
1259 4706 1478 4778 δεκτικὴ
1504 4709 1776 4781 ἁμαρτίας
1814 4709 1874 4773 ἐξ

301 4801 559 4862 ἀϐουλίας
580 4799 798 4868 ἐγένετο
817 4838 830 4860 ,
856 4799 923 4869 ἣν
949 4799 1036 4851 διὰ
1063 4797 1221 4851 τοῦτο
1254 4799 1472 4866 ἁγιάζει
1511 4801 1598 4852 διὰ
1621 4801 1717 4869 τῆς
1741 4800 1874 4871 πρὸς

303 4891 493 4944 ἑαυτὸν
539 4891 894 4961 ἀνακράσεως
914 4909 926 4922 ο
958 4889 1043 4942 ἵνα
1069 4893 1136 4960 τῇ
1166 4891 1386 4960 ἁπαρχῇ
1425 4890 1544 4942 ὅλον
1569 4891 1874 4964 συναγιάσῃ

300 4984 362 5036 τὸ
386 4981 631 5052 φύραμα.
669 4977 744 5037 υῦ
778 4982 933 5052 χάριν
968 4982 1060 5034 καὶ
1085 4984 1113 5034 6
1144 4981 1374 5049 ἄγγελος
1404 4981 1620 5052 μηνύων
1643 4982 1719 5051 τῷ
1761 4983 1874 5034 Ἰω-

304 5075 413 5146 σὴφ
436 5075 534 5145 τὴν
571 5075 676 5128 τῶν
709 5074 916 5144 ἐχθρῶν
962 5073 1054 5126 τοῦ
1101 5074 1305 5144 Κυρίου
1343 5073 1651 5139 ἀπώλειαν,
1681 5075 1869 5144 φησὶν,

302 5166 384 5218 ὅτι
415 5164 784 5231 Τεθνήκασιν
805 5168 858 5217 οἱ
883 5163 1195 5230 ζητοῦντες
1225 5163 1338 5230 τὴν
1368 5163 1580 5233 ψυχὴν
1607 5164 1712 5217 τοῦ
1738 5179 1873 5216 παι-

302 5256 456 5308 δίου.
484 5255 593 5307 Καὶ
631 5257 660 5306 6
693 5253 896 5324 Κύριος
929 5253 1065 5324 πρὸς
1098 5253 1224 5316 τοὺς
1260 5253 1542 5316 Ἰουδαίους
1585 5252 1752 5321 λέγει,
1789 5253 1871 5305 ὃτι

302 5351 349 5400 Ζ
352 5347 538 5414 ητεῒτέ
556 5363 629 5416 με
649 5345 1014 5407 ἀποκτεῖναι,
1040 5344 1356 5413 ἄνθρωπον
1375 5343 1441 5409 ὃς
1462 5343 1574 5412 τὴν
1585 5343 1875 5410 ἀλήθειαν

299 5437 445 5506 ὑμῖν
484 5435 824 5504 λελάληκα;
878 5436 1196 5506 Ἀνθρωπος
1235 5436 1292 5488 δὲ
1339 5437 1401 5489 τὸ
1444 5437 1537 5489 τοῦ
1581 5435 1866 5508 ἀνθρώπου

307 5526 466 5594 σῶμα
485 5526 545 5577 οὐ
567 5525 802 5592 λέγεται,
827 5525 963 5579 ἀλλά
981 5526 1040 5577 τὸ
1059 5525 1117 5592 ἐξ
1140 5525 1462 5596 ἀμφοτέρων
1494 5527 1870 5597 συγκείμενον.

303 5621 414 5672 Καὶ
444 5619 602 5671 πάλιν
638 5619 769 5689 φησί
797 5619 932 5690 πρὸς
964 5620 1183 5681 αὐτοὺς,
1213 5619 1294 5670 ὃτι
1331 5617 1485 5687 Ἐμοὶ
1506 5616 1746 5686 χολᾶτε,
1783 5618 1873 5673 ὅτι

376 5801 420 5832 ’³
461 5799 656 5856 Ezech.
688 5800 954 5865 xvm,20.
1031 5804 1076 5834 “
1117 5800 1280 5855 Hebr.
1324 5819 1394 5866 ιν,
1442 5801 1528 5855 15.

1605 5802 1644 5832 δ’
1693 5800 1876 5854 Matth.
1906 5817 1966 5859 η.
2006 5802 2095 5856 9.0.

1977 3340 2184 3408 plastus
2216 3342 2398 3404 homo,
2443 3343 2537 3395 sed
2568 3341 2711 3396 Deus
2737 3359 2844 3398 non
2883 3354 2968 3399 est
3003 3347 3263 3402 mentitus
3295 3365 3418 3401 cum
3466 3349 3549 3403 di-

1977 3430 2058 3480 xit
2093 3445 2106 3480 :
2141 3428 2206 3482 In
2237 3447 2340 3498 qua
2367 3432 2450 3484 die
2478 3433 2830 3500 comederitis,
2869 3446 3032 3490 morte
3059 3441 3371 3492 moriemini.
3412 3440 3549 3494 Pro-

1977 3533 2158 3589 pterea
2187 3525 2336 3577 cnim
2373 3528 2520 3594 quod
2553 3528 2824 3582 alienatus
2853 3527 2954 3581 fuit
3005 3538 3058 3582 et
3091 3546 3316 3585 aversus
3356 3535 3470 3601 ipse
3519 3549 3549 3587 a

1976 3629 2104 3667 vera
2138 3616 2247 3666 vita
2275 3657 2289 3676 ,
2321 3616 2439 3684 ipso
2483 3617 2570 3670 die
2617 3621 2829 3671 lii-mata
2882 3627 2937 3673 et
2982 3630 3095 3673 rata
3158 3620 3255 3676 fuit
3287 3627 3547 3678 adversus:

1974 3722 2098 3759 cum
2130 3708 2324 3761 mortis
2347 3709 2642 3762 sententia.
2667 3707 2864 3763 Postea
2901 3726 3031 3764 vero
3055 3712 3362 3767 labentibus
3391 3719 3550 3771 annis

1977 3812 2123 3849 u.ors
2145 3799 2447 3865 corporalis
2481 3798 2748 3852 Adamum
2777 3813 3072 3855 consecuta
3103 3811 3207 3857 est.
3241 3803 3343 3870 Qui
3384 3807 3550 3874 igitur

1975 3898 2202 3956 propter
2243 3891 2348 3942 hoc
2381 3891 2549 3951 venit,
2585 3898 2642 3942 ut
2673 3902 2945 3960 quareret
3001 3904 3056 3947 et
3105 3906 3348 3948 servaret
3402 3897 3548 3967 quod

1977 3981 2237 4048 perierat,
2284 3980 2336 4034 id
2372 3985 2518 4049 quod
2555 3983 2610 4035 in
2643 3982 2903 4049 parabola
2955 3994 3144 4052 pastor
3174 3999 3326 4038 ovem
3369 3991 3547 4042 uomi-

1978 4078 2074 4124 nat
2126 4080 2226 4125 :et
2262 4072 2467 4126 invenit
2499 4071 2643 4142 quod
2691 4073 2962 4142 perierat,
3006 4084 3061 4130 et
3112 4091 3276 4146 super
3309 4078 3550 4135 humeris

1975 4161 2090 4213 suis
2121 4168 2285 4213 totam
2317 4163 2550 4216 assumit
2583 4179 2762 4227 ovem,
2794 4180 2904 4219 non
2938 4167 3110 4220 solam
3158 4170 3276 4222 ovis
3315 4172 3544 4238 pellem.

1977 4261 2034 4303 ut
2062 4251 2329 4321 integrum
2370 4252 2460 4305 Dei
2499 4252 2777 4308 hominem
2813 4255 3063 4309 redderet
3097 4259 3281 4312 animo
3325 4267 3379 4312 ct
3425 4275 3543 4314 cor-

1976 4355 2106 4409 pore
2137 4341 2201 4394 ad
2229 4342 2568 4395 divinitatem
2606 4351 3046 4412 retemperatum,
3078 4357 3131 4400 et
3164 4349 3236 4400 ita
3285 4350 3417 4402 nihil
3452 4367 3550 4404 na-

1975 4441 2109 4484 tura:
2157 4439 2360 4485 nostra:
2391 4432 2620 4494 dimisit,
2658 4435 2805 4503 quod
2845 4450 2951 4487 non
3011 4436 3101 4490 ille
3161 4445 3548 4508 assumpserit,

1975 4520 2066 4590 qui
2100 4536 2195 4589 per
2219 4523 2400 4575 omnia
2441 4530 2683 4578 tentatus
2721 4533 2805 4578 est
2837 4541 2932 4595 per
2969 4526 3377 4581 similitudinem
3425 4533 3542 4586 abs

1976 4629 2082 4680 que
2107 4615 2420 4682 peccato“.
2463 4617 2656 4669 Anima
2716 4627 2895 4670 autem
2958 4634 3068 4672 non
3124 4629 3202 4674 est
3242 4631 3548 4689 peccatum,

1976 4703 2070 4757 sed
2107 4706 2312 4773 peccati
2360 4722 2454 4775 per
2487 4707 2910 4776 imprudentiam
2969 4719 3022 4762 et
3056 4711 3270 4765 consilii
3312 4714 3547 4782 inopiam

1975 4808 2146 4863 caan
2194 4795 2334 4848 facta
2362 4804 2466 4860 est,
2513 4812 2676 4864 quam
2713 4807 3000 4864 propterea
3046 4812 3144 4866 per
3201 4802 3548 4869 temperatio-

1977 4901 2101 4939 nem
2135 4887 2250 4939 sive
2283 4886 2348 4940 ad
2387 4888 2628 4956 scipsum
2663 4889 3096 4958 assumptionem
3133 4892 3458 4952 sanctilical,
3491 4901 3550 4946 ut

1977 4993 2074 5048 per
2102 4979 2372 5047 primitias
2401 4989 2566 5033 totam
2603 4981 2907 5034 Salllt'liiiccl
2944 4998 3199 5036 massam.
3225 4983 3396 5052 Cujus
3425 5001 3548 5054 gra-

1975 5071 2046 5122 tia
2109 5071 2270 5123 etiam
2333 5073 2558 5140 angelus
2613 5071 2854 5142 Josepho
2917 5073 3264 5128 inimicorum
3336 5076 3548 5132 Domini

1974 5160 2240 5213 nuntians
2272 5161 2570 5225 interitum,
2605 5166 2702 5226 ait,
2735 5168 2879 5234 quod
2913 5165 3113 5219 Mortui
3137 5178 3258 5221 sunt
3291 5171 3381 5240 qui
3404 5186 3547 5239 qua-

1976 5251 2159 5304 rebant
2197 5253 2431 5305 animam
2457 5256 2604 5321 pueri
2625 5256 2691 5310 3'.
2731 5255 2794 5309 Et
2823 5257 3085 5312 Dominus
3116 5259 3182 5312 ad
3211 5259 3430 5316 Jud:eos
3463 5263 3548 5314 dt-

1977 5345 2091 5398 cit:
2125 5345 2374 5411 Quwritis
2412 5364 2490 5399 me
2524 5349 2834 5417 interﬁcere,
2861 5351 3119 5404 hominem
3155 5354 3244 5422 qui
3277 5358 3548 5408 ceritatem

1973 5438 2177 5492 locutus
2207 5457 2323 5492 sum
2354 5439 2496 5492 vobis
2517 5440 2599 5493 ⁸⁸⁸2
2629 5441 2790 5495 homo
2827 5454 3006 5496 autem
3060 5444 3296 5498 hominis
3347 5460 3550 5514 c0rpus

1977 5545 2085 5584 non
2123 5531 2343 5596 dicitur,
2371 5531 2462 5586 sed
2494 5532 2640 5601 quod
2667 5549 2729 5588 ex
2763 5536 3028 5591 ainbobus
3061 5545 3298 5591 constat.
3332 5535 3397 5589 Et
3451 5539 3550 5591 ite-

1978 5635 2099 5674 rum
2143 5621 2210 5674 ad
2241 5637 2337 5676 eos
2369 5621 2713 5677 dicitzﬂlilii
2743 5629 3054 5681 succensetis
3095 5629 3218 5696 quia
3261 5636 3426 5681 totout
3452 5627 3548 5682 ho-

2173 5803 2216 5834 "
2249 5801 2407 5858 Joan.
2431 5820 2544 5867 \‘lll,
2571 5806 2661 5859 40.
