4146 6370
544 421 645 476 σιτ

1817 413 1874 469 S.
1917 413 2244 470 GREGORH
2281 411 2572 470 NYSSENI

3697 413 3804 466 548

544 535 737 584 minem
787 547 974 584 sanum
1009 531 1157 600 e/feci
1190 532 1242 584 in
1266 531 1491 586 sabbato
1515 531 1582 586 ⁸³.
1627 531 1994 586 Manifestavit
2026 549 2119 586 au-

2227 533 2376 586 ἰῖλον
2402 533 2717 600 ἄνθρωπον
2745 531 2884 600 ὑγιῆ
2907 531 3168 599 ἐποίησα
3189 531 3260 584 ἐν
3285 527 3556 593 σαϐϐάτῳ
3581 570 3594 584 .
3639 529 3807 599 Ἐφα-

545 632 654 674 lem
715 622 884 676 totius
948 623 1186 677 hominis
1251 625 1556 687 notionem,
1623 626 1678 678 in
1716 624 1839 680 aliis
1901 624 2118 694 quidem

544 712 855 783 Evangeliis
912 715 979 767 ad
1037 731 1162 768 eum
1216 717 1310 784 qui
1350 731 1447 784 per
1485 717 1742 770 lectulum
1778 717 1832 770 in
1881 717 2120 771 medium

545 805 758 860 laxatus
789 813 874 859 est
903 805 1019 860 sive
1057 807 1354 871 demissus,
1390 823 1514 861 eum
1559 807 1732 860 dixit:
1767 807 2122 860 Dimittuntur

544 895 640 948 tibi
676 897 976 960 peccata“,
1017 913 1139 965 quae
1199 899 1392 950 anima:
1423 911 1506 951 est
1566 899 1798 952 sanatio.
1855 897 1918 950 Et
1967 897 2120 959 illud,

545 989 712 1056 Surge
763 997 814 1040 et
861 989 1074 1040 ambula
1114 989 1179 1053 ⁸⁸,
1238 991 1382 1058 quod
1419 989 1485 1042 ad
1521 1005 1740 1043 carnem
1778 990 2021 1060 respicit.
2061 989 2123 1042 Et

543 1079 594 1130 in
639 1079 936 1149 Evangelio
969 1083 1270 1134 secundum
1298 1079 1588 1146 Joannem,
1617 1091 1972 1151 posteaquam
2003 1099 2124 1136 cor-

543 1173 660 1239 pori
707 1173 997 1225 sanitatem
1061 1172 1231 1235 dedit,
1287 1175 1526 1226 animam
1590 1173 1752 1228 etiam
1811 1189 1842 1226 a
1902 1175 2123 1244 preprio

547 1263 733 1316 morbo
757 1263 1025 1324 liberavit,
1060 1264 1114 1316 in
1161 1264 1362 1333 quibus
1398 1263 1528 1316 dicit
1561 1284 1572 1318 :
1627 1265 1805 1319 Sanus
1829 1266 2003 1334 factus
2045 1283 2120 1334 es,

544 1357 654 1408 nali
682 1355 906 1422 amplius
937 1373 1173 1423 peccare,
1205 1373 1268 1408 ne
1293 1357 1420 1425 quid
1452 1357 1544 1408 tibi
1569 1357 1798 1411 deterius
1823 1359 2120 1412 accidat":

545 1449 670 1502 inde
707 1451 792 1502 ille
821 1457 1052 1517 utraque
1081 1457 1234 1516 parte
1269 1457 1493 1504 curatus
1523 1449 1652 1512 fuit,
1699 1451 1881 1502 animo
1918 1459 1972 1504 et
1997 1465 2124 1504 cor-

545 1555 694 1607 pore.
728 1538 818 1592 Sic
847 1540 1010 1592 etiam
1051 1539 1114 1593 Ι).
1151 1538 1352 1593 Paulus
1385 1542 1480 1604 ait,
1524 1547 1587 1593 ut
1634 1539 1772 1592 duos
1813 1549 2024 1595 crearet
2068 1541 2122 1594 in

545 1633 726 1700 διείρεο
759 1631 810 1683 in
840 1646 1042 1684 novum
1079 1631 1374 1685 hominem.
1415 1629 1480 1682 Et
1517 1629 1598 1683 sic
1639 1631 1692 1682 in
1726 1639 1972 1700 tempore
1998 1645 2125 1700 pas-

544 1721 718 1776 sionis
758 1721 1025 1790 praedicit,
1061 1735 1216 1774 suam
1268 1723 1506 1774 animam
1561 1721 1868 1776 voluntarie
1920 1738 1948 1774 a
2005 1737 2126 1776 cor-

545 1826 674 1880 pore
705 1814 926 1880 pi-Oprio
951 1811 1254 1874 discedere,
1274 1812 1460 1864 dicens
1484 1829 1496 1864 :
1515 1809 1710 1864 Nullus
1735 1813 1872 1866 tollit
1891 1815 2123 1865 animam

2224 625 2428 695 νέρωσε
2457 625 2512 676 δὲ
2547 624 2608 676 τὸ
2653 622 2748 675 τοῦ
2795 623 2916 675 ὅλου
2951 623 3130 693 νόημα
3154 661 3169 686 ,
3222 624 3279 674 ἐν
3331 621 3430 690 μὲν
3463 623 3576 683 τοῖς
3624 619 3806 680 ἄλλοις

2223 714 2614 783 Εὑαγγελίοις,
2652 715 2788 786 πρὸς
2819 715 2908 768 τὸν
2936 715 3024 767 διά
3074 715 3175 784 τῆς
3215 713 3404 783 κλίνης
3443 713 3503 766 ὲν
3533 711 3612 782 τῷ
3656 711 3808 782 μέσῳ

2225 807 2631 876 κεχαλασμένον
2660 806 2848 870 εἰπὼν,
2881 806 3204 875 Ἀφέωνταί
3245 821 3362 859 σου
3395 807 3454 858 αἱ
3482 804 3760 874 ἁμαρτίαι
3787 818 3800 830 ·

2226 902 2360 971 ὅπερ
2395 899 2578 970 ψυχῆς
2604 902 2749 951 ἐστιν
2777 900 2917 960 ίασις
2938 916 2950 928 ·
2987 898 3078 950 καὶ
3103 898 3184 949 ὅτι
3221 900 3482 965 Ἔγειραι
3520 894 3616 948 καὶ
3643 909 3808 959 περι-

2225 990 2424 1043 πάτει·
2480 991 2617 1060 ὅπερ
2639 991 2716 1052 εἰς
2749 989 2846 1060 τὴν
2883 989 3057 1057 σάρκα
3104 987 3311 1056 βλέπει.
3367 987 3454 1037 Ἐν
3479 985 3534 1036 δὲ
3563 983 3638 1054 τῷ
3661 980 3806 1036 κατά

2237 1083 2526 1151 Ἰωάννην,
2560 1081 2698 1152 μετά
2742 1082 2802 1134 τὸ
2849 1081 3029 1134 δοῦναι
3076 1079 3174 1150 τὴν
3219 1079 3432 1145 ὑγίειαν
3471 1076 3547 1148 τῷ
3591 1075 3806 1146 σώματι

2225 1175 2320 1225 καὶ
2352 1175 2446 1243 τὴν
2479 1173 2655 1243 ψυχὴν
2689 1172 3056 1243 ἐλευθερώσας
3091 1173 3187 1242 τῆς
3235 1171 3371 1232 ἰδίας
3409 1170 3586 1232 νόσου,
3621 1171 3680 1220 ὲν
3719 1165 3804 1230 οἷς

2227 1281 2412 1332 φησιν,
2442 1265 2521 1315 ὅτι
2557 1262 2756 1331 ’Υγιὴς
2789 1261 3058 1331 γέγονας,
3081 1259 3293 1329 μηκέτι
3325 1259 3622 1326 ἁμάρτανε
3647 1273 3661 1286 ·
3717 1257 3806 1306 ὲν-

2229 1355 2417 1406 τεῦθεν
2443 1357 2470 1406 ὁ
2495 1356 2561 1408 δι’
2597 1354 2920 1424 ἀμφοτέρων
2949 1350 3437 1422 τεθεραπευμένος·
3465 1349 3522 1400 ἐν
3556 1347 3700 1416 ψυχῇ
3741 1363 3806 1397 τε

2225 1445 2368 1514 λέγω
2402 1449 2494 1499 καὶ
2529 1445 2762 1516 σώματι.
2803 1444 2960 1498 Οὕτω
2991 1445 3097 1514 γάρ
3129 1460 3261 1512 φησι
3311 1441 3403 1494 καὶ
3437 1439 3678 1503 Παῦλος,
3715 1439 3804 1490 ἵνα

2225 1542 2352 1603 τοὺς
2388 1539 2479 1592 δύο
2525 1539 2684 1612 κτίσῃ
2722 1541 2780 1592 ὲν
2821 1537 2999 1608 ἑαυτῷ
3033 1540 3112 1598 είς
3150 1537 3246 1588 ἕνα
3278 1533 3462 1587 καινὸν
3493 1531 3798 1601 ἄνθρωπον.

2228 1633 2336 1683 Καὶ
2377 1631 2548 1694 οὕτως
2576 1633 2634 1684 ἐν
2679 1631 2756 1700 τῷ
2805 1629 2983 1700 καιρῷ
3021 1628 3113 1682 τοῦ
3165 1628 3370 1690 πάθους
3411 1625 3698 1697 προλέγει,
3743 1623 3804 1676 τὸ

2228 1723 2487 1786 ἑκουσίως
2519 1723 2817 1793 ἀποστῆναι
2850 1723 2948 1791 τὴν
2977 1719 3170 1773 ἑαυτοῦ
3201 1719 3379 1790 ψυχὴν
3409 1717 3516 1769 ἀπὸ
3537 1716 3629 1768 τοῦ
3667 1715 3799 1768 ίδίου

2230 1813 2498 1884 σώματος,
2532 1813 2706 1882 λέγων
2727 1829 2739 1841 ·
2767 1812 2977 1876 Οὐδεὶς
2996 1813 3146 1878 αἶρε(
3175 1809 3289 1876 τὴν
3312 1807 3526 1876 ψυχήν
3547 1823 3666 1874 μου
3695 1805 3800 1858 ἀπ’

547 1919 716 1954 meam
757 1919 789 1955 a
811 1919 890 1956 me
916 1917 934 1954 :
957 1904 1046 1957 sed
1071 1919 1160 1971 ego
1191 1920 1326 1972 pono
1357 1903 1526 1971 ipsam
1554 1921 1585 1956 a
1617 1905 1807 1972 nteipso
1833 1921 1852 1958 :
1887 1916 2119 1972 potesta-

2226 1881 2392 1974 ἐμοῦ·
2421 1907 2556 1959 ἀλλ’
2579 1881 2692 1974 ἐγὼ
2715 1907 2908 1974 τίθημι
2931 1903 3126 1970 αὐτὴν
3149 1903 3249 1956 ἀπ’
3283 1897 3566 1970 ἐμαυτοῦ.
3605 1897 3802 1960 Ἐξου-

545 2006 646 2048 tem
668 1994 830 2048 habeo
851 1995 1076 2063 ponendi
1094 1997 1328 2048 animam
1361 2011 1530 2048 meam
1560 2007 1606 2049 et
1629 2005 1940 2064 potestatem
1960 2000 2123 2051 habeo

546 2099 731 2139 iterum
766 2105 881 2140 eam
913 2087 1153 2140 sumendi
1175 2088 1242 2140 ⁸⁷.
1267 2090 1443 2157 Atque
1470 2091 1634 2142 etiam
1667 2089 1927 2158 propheta
1957 2089 2122 2144 David

542 2179 844 2234 secundum
887 2182 1066 2249 magni
1105 2179 1248 2233 Petri
1295 2182 1796 2251 interpretationem
1843 2181 1896 2234 in
1945 2183 2122 2251 ipsum

549 2271 887 2340 prospiciens
922 2272 1098 2324 dixit:
1144 2271 1266 2323 Non
1303 2272 1626 2340 derelinquas
1677 2274 1911 2325 animant
1955 2290 2124 2326 meam

541 2375 596 2411 in
633 2359 874 2427 inferno,
929 2375 1088 2427 neque
1125 2357 1277 2412 dabis
1319 2369 1560 2412 sanctum
1594 2369 1744 2412 tuum
1797 2359 1970 2413 videre
2014 2377 2127 2414 cor-

543 2453 834 2518 ruptionem
859 2452 926 2504 ⁸⁸.
985 2451 1076 2503 Sic
1113 2452 1360 2520 apostolo
1399 2451 1557 2504 Petro
1597 2451 1816 2505 ellatum
1860 2451 2125 2520 interpre-

543 2552 748 2596 tantem
773 2543 842 2602 ⁸³.
897 2543 1042 2612 quod
1081 2558 1256 2611 neque
1291 2543 1472 2595 anima
1527 2543 1648 2611 ejus
1693 2543 1886 2596 relicta
1937 2551 2018 2596 est
2069 2543 2120 2595 in

543 2635 796 2687 inferno:
853 2649 1029 2702 neque
1085 2647 1213 2685 caro
1269 2633 1442 2701 ipsius
1499 2631 1632 2686 vidit
1693 2633 2119 2702 corruptionem.

543 2725 674 2776 Nam
717 2723 974 2776 divinitas
1011 2731 1064 2775 ct
1123 2732 1248 2776 ante
1303 2737 1549 2788 carnem,
1593 2731 1646 2777 et
1705 2724 1757 2776 in
1821 2739 2004 2788 carne,
2065 2730 2119 2776 et

545 2827 666 2888 post
710 2817 1020 2887 passionem
1071 2814 1260 2870 eodem
1320 2821 1481 2868 niodo
1535 2831 1592 2870 se
1629 2815 1810 2878 habet,
1870 2824 1924 2869 et
1977 2815 2121 2884 quod

539 2918 658 2964 erat
691 2919 886 2963 natura
923 2923 1136 2976 semper
1162 2915 1267 2970 est,
1316 2915 1370 2959 et
1395 2907 1456 2958 in
1513 2915 1777 2960 aeternum
1821 2915 2117 2975 permanet.

541 3001 602 3056 ln
661 3003 915 3072 passione
975 3011 1153 3053 autem
1199 3001 1452 3052 humanae
1493 3008 1738 3062 naturai,
1807 3015 1902 3068 pro
1961 3001 2121 3054 nobis

541 3095 1005 3163 dispensationem
1067 3091 1323 3160 explevit,
1390 3091 1626 3143 animam
1683 3091 1748 3144 ad
1812 3101 2026 3160 tempus
2091 3107 2120 3143 a

2225 1999 2370 2052 σίαν
2406 1997 2527 2066 ἔχω
2569 1999 2756 2050 θεῖναι
2789 1997 2904 2064 τὴν·
2949 1995 3162 2064 ψυχήν
3189 2011 3339 2063 μου,
3375 1991 3470 2045 καὶ
3513 1989 3804 2054 ἐξουσίαν

2223 2091 2340 2158 ἔχω
2378 2089 2566 2142 πάλιν
2604 2089 2813 2143 λαϐεῖν
2849 2087 3066 2154 αὐτὴν.
3119 2086 3279 2138 Ἀλλά
3322 2085 3416 2139 καὶ
3457 2087 3485 2137 ὁ
3517 2081 3802 2152 προφήτης

2223 2179 2386 2233 Δαὸὶδ
2411 2181 2552 2233 κατὰ
2579 2180 2677 2250 τὴν
2720 2179 3015 2250 ἑρμηνείαν
3051 2177 3143 2230 τοῦ
3181 2177 3418 2248 μεγάλου
3461 2176 3691 2246 Πέτρου,
3719 2175 3802 2235 εἰς

2224 2271 2386 2324 αὐτὸν
2429 2271 2813 2342 προορώμενος
2845 2265 3016 2333 εἶπεν,
3061 2270 3140 2321 ὅτι
3189 2269 3306 2321 Οὐκ
3346 2267 3804 2336 ἐγκαταίείψεις

2222 2362 2338 2430 τὴν
2366 2362 2577 2431 ψυχήν
2615 2379 2727 2430 μου
2753 2363 2839 2426 είς
2872 2359 3056 2426 ᾅδην,
3084 2358 3226 2412 οὐδὲ
3255 2357 3470 2422 δώσεις
3497 2357 3602 2410 τὸν
3629 2357 3802 2409 ὅσιόν

2223 2471 2338 2508 σου
2377 2455 2523 2508 ἰδεῖν
2556 2452 2882 2522 διαφθοράν
2905 2469 2920 2482 ’
2963 2451 3104 2504 οὕτω
3132 2449 3224 2504 τοῦ
3257 2449 3552 2502 ἀποστόλου
3586 2449 3800 2517 Πέτρου

2223 2548 2282 2600 τὸ
2311 2547 2472 2617 ῥητὸν
2507 2545 2972 2617 ὲρμηνεύσαντος,
3007 2545 3086 2596 ὅτι
3121 2541 3242 2595 οὔτε
3277 2543 3310 2611 ἡ
3339 2541 3484 2612 ψυχὴ
3520 2541 3684 2592 αὑτοῦ
3717 2541 3802 2606 ὲγο

2223 2638 2551 2708 κατελείφθη
2589 2639 2668 2698 εἰς
2709 2635 2799 2687 τὸν
2835 2635 2989 2705 ᾅδην,
3049 2633 3171 2686 οὔτε
3215 2635 3247 2701 ἠ
3285 2631 3420 2702 σὰρξ
3471 2631 3635 2684 αὑτοῦ
3691 2625 3798 2682 εἶδε

2227 2730 2622 2800 διαφθοράν.”11
2655 2728 2761 2798 γὰρ
2789 2727 2976 2796 θεότης
3025 2729 3112 2780 καὶ
3150 2726 3254 2796 πρὸ
3283 2725 3382 2793 τῆς
3419 2723 3621 2793 σαρκὸς
3646 2762 3659 2784 ,
3705 2723 3802 2774 καὶ

2223 2824 2280 2875 ἐν
2317 2825 2382 2892 τῇ
2421 2821 2584 2890 σαρκὶ
2609 2861 2624 2882 ,
2657 2821 2748 2872 καὶ
2783 2820 2921 2889 μετά
2949 2819 3010 2872 τὸ
3043 2818 3214 2880 πάθος
3252 2817 3338 2870 ἀεὶ
3378 2815 3640 2877 ὡσαύτως
3665 2813 3798 2884 ἔχει,

2222 2915 2250 2966 ὃ
2274 2909 2340 2986 ἦν
2363 2917 2426 2984 τῇ
2454 2914 2613 2982 φύσει
2645 2913 2874 2965 πάντοτε
2903 2908 3036 2964 οὖσα
3089 2911 3182 2963 καὶ
3217 2912 3292 2973 εἰς
3331 2911 3416 2962 ἀεὶ
3449 2909 3796 2976 διαμένουσα.

2237 3007 2322 3057 Ἐν
2355 3005 2409 3058 δὲ
2435 3004 2512 3073 τῷ
2551 3004 2705 3056 πάθει
2743 3003 2844 3070 τῆς
2877 3001 3224 3073 ἀνθρωπίνης
3254 3000 3491 3068 φύσεως,
3529 2997 3626 3069 τὴν
3659 2995 3802 3064 ὑπὲρ

2221 3099 2379 3169 ἡμῶν
2418 3097 2728 3166 οἰκονομίαν
2771 3094 3057 3163 ἐπλήρωσε
3083 3133 3098 3155 ,
3136 3091 3461 3157 διαζεύξασα
3489 3088 3586 3160 τὴν
3623 3086 3802 3156 ψυχὴν

541 3203 772 3257 corpore
817 3187 1138 3255 disjungens
1180 3203 1192 3238 :
1231 3185 1323 3238 sed
1367 3199 1394 3236 a
1435 3193 1632 3238 neutro
1693 3195 1942 3252 separata
2005 3193 2115 3246 est,

2225 3191 2357 3261 πρὸς
2384 3189 2571 3259 καιρὸν
2605 3191 2668 3240 ὲκ
2695 3187 2787 3240 τοῦ
2822 3187 3070 3256 σώματος
3093 3225 3108 3248 ,
3137 3180 3470 3254 χωρισθεῖσα
3505 3177 3560 3230 δὲ
3583 3177 3800 3230 οὐδετέ-

541 3280 630 3332 cui
665 3278 830 3334 semel
871 3285 1280 3345 coutempcrata
1311 3285 1415 3330 est.
1460 3275 1524 3327 Et
1554 3277 1748 3328 iterum
1799 3275 1992 3328 dissita
2028 3291 2120 3326 co-

545 3373 770 3442 pulavit.
805 3371 880 3423 lta
922 3379 979 3422 ut
1011 3369 1460 3435 consequentiam
1496 3377 1548 3420 et
1583 3368 1909 3434 principium
1959 3368 2120 3418 dede—

547 3465 617 3515 rit
648 3463 797 3514 omni
838 3461 1088 3512 humana:
1113 3465 1325 3510 natura:
1353 3459 1776 3510 resurrectionis
1809 3474 1836 3509 a
1869 3459 2118 3520 mortuis,

546 3565 603 3609 ut
639 3563 812 3608 totum
847 3553 990 3620 quod
1029 3559 1113 3604 est
1150 3549 1509 3616 corruptibile
1537 3549 1725 3601 induat
1757 3551 2122 3617 incorruptio-

544 3663 689 3708 nem,
719 3652 772 3699 et
826 3643 970 3713 quod
1015 3642 1245 3695 mortale
1305 3649 1390 3694 est
1432 3641 1895 3693 immortalitatem
1918 3641 1985 3693 νο.
2015 3640 2120 3692 Pri-

547 3739 713 3792 initiis
751 3737 958 3790 nostris
994 3751 1089 3804 per
1125 3733 1575 3802 temperationem
1611 3749 1734 3784 cum
1762 3731 1868 3784 Deo
1901 3733 1953 3784 in
1985 3733 2122 3784 divi-

543 3845 670 3885 nam
732 3840 980 3881 naturam
1040 3823 1487 3879 translermatis:
1530 3823 1672 3876 sicut
1731 3823 1866 3876 dixit
1927 3820 2120 3875 Petrus

533 3925 677 3993 «μιοά
711 3918 988 3971 hominum
1025 3917 1268 3981 ipsumet
1301 3913 1570 3966 Christum
1622 3913 1742 3981 fecit
1805 3913 1944 3966 Deus
1985 3913 2121 3964 hunc

545 4018 714 4082 ipsum
733 4011 935 4072 Iesum,
967 4026 1114 4079 quem
1153 4025 1237 4062 vos
1271 4007 1414 4060 cruci
1445 4007 1714 4076 stt/ﬁxistis
1735 4008 1804 4070 9‘;
1845 4007 2121 4074 multaque

541 4123 610 4160 ex
639 4105 949 4174 Evangeliis
996 4103 1060 4154 ad
1093 4099 1461 4154 defensionem
1522 4099 1684 4166 hujus
1728 4099 2002 4168 opinionis
2069 4107 2122 4151 et

545 4197 829 4252 sententia:
877 4209 1091 4249 sumere
1151 4207 1464 4262 possumus.
1525 4191 1808 4256 Qumnodo
1861 4189 2121 4244 Dominus

545 4307 640 4360 per
672 4287 876 4341 Christi
909 4285 1300 4339 humanitatem
1335 4283 1595 4336 mundum
1641 4281 1741 4335 sibi
1781 4281 1883 4349 ipsi
1925 4297 2120 4334 recon-

541 4383 757 4442 cilians,
794 4383 985 4432 anima}
1020 4387 1072 4432 et
1111 4378 1326 4444 corpori
1365 4375 1684 4428 beneﬁcium
1728 4389 1788 4426 ex
1827 4389 1884 4426 se
1943 4371 2120 4444 profe-

543 4485 688 4524 ctum
733 4471 1042 4524 hominibus
1082 4467 1455 4536 dispertiendo
1489 4467 1698 4529 tribuit,
1769 4465 1958 4518 volens
1994 4465 2116 4534 qui-

542 4565 662 4616 dem
696 4577 788 4630 per
820 4563 1078 4620 animam,
1117 4560 1393 4626 attingens
1415 4573 1544 4608 vero
1577 4571 1671 4623 per
1723 4569 1916 4623 corpus
1953 4575 1964 4608 :

541 4661 686 4708 esset
717 4663 1183 4718 supervacaneum
1225 4649 1404 4701 omnia
1445 4656 1860 4714 pcrsctptentem
1898 4647 2115 4700 confer-

543 4755 653 4798 tam
691 4741 904 4793 turbam
933 4742 1182 4792 oratione
1212 4754 1526 4807 Congert-re.

615 4833 748 4886 Illud
789 4823 967 4885 autem
1012 4847 1135 4883 eum
1197 4831 1360 4884 dictis
1417 4829 1690 4896 adjecero,
1763 4829 1828 4882 ad
1892 4845 1954 4882 ea
1995 4843 2116 4898 quae

540 4925 796 4993 deinceps
855 4931 1156 4990 sequuntur
1205 4936 1464 4990 pergam:
1519 4919 1799 4974 Dissolvite
1859 4921 2110 4988 templum

538 5012 633 5063 hoc
657 5021 705 5064 et
743 4997 892 5062 intra
917 5021 1018 5062 tres
1045 5009 1154 5062 dies
1179 5007 1419 5062 excitabo
1453 5009 1706 5074 ipsum“.
1744 5007 2113 5075 Quemadmo-

539 5103 669 5156 dum
710 5117 807 5156 nos
833 5117 930 5170 per
966 5103 1203 5154 animam
1234 5108 1288 5155 et
1319 5115 1536 5168 corpus,
1564 5103 1822 5169 templum
1850 5102 2115 5156 efficimur

541 5195 632 5248 liei
677 5195 728 5247 in
761 5195 917 5246 nobis
947 5194 1244 5247 habitantis
1277 5205 1328 5248 et
1359 5195 1787 5248 inambulantis:
1826 5197 1904 5249 sic
1949 5196 2109 5250 etiam

543 5285 802 5338 Dominus
829 5284 1088 5350 templum
1125 5284 1388 5346 nominat,
1445 5285 1586 5353 quod
1615 5301 1678 5338 es
1713 5294 1942 5353 utroque
1974 5301 2110 5338 con-

479 5403 484 5410 -
539 5379 724 5430 ﬂatum
757 5389 859 5436 est,
895 5377 1052 5443 cujus
1080 5379 1277 5430 soiutio
1311 5379 1503 5430 animm
1531 5395 1558 5430 a
1607 5394 1838 5446 corpore
1868 5379 2110 5431 dissolu—

543 5475 742 5522 tionem
771 5466 1062 5535 significat.
1097 5469 1250 5533 Quod
1281 5473 1324 5522 si
1359 5469 1634 5538 Evangelii
1683 5485 1872 5523 vocem
1935 5469 2112 5539 profe—

539 5571 682 5624 rant,
729 5561 792 5614 [ft
840 5563 1058 5615 Verbum
1116 5577 1238 5612 caro
1295 5563 1492 5629 factum
1533 5563 1703 5630 est”,
1747 5561 1902 5634 quasi
1963 5562 2110 5614 nulla

610 5764 655 5792 ⁸³
684 5761 841 5814 Joan.
879 5777 970 5820 vn,
998 5761 1070 5811 9.0
1102 5777 1220 5830 sqq.
1297 5759 1340 5790 ⁸⁸⁵
1371 5759 1556 5811 .ilalth.
1589 5775 1662 5812 ις.
1688 5759 1742 5812 ‘2.

541 5831 628 5887 lt}.
703 5833 748 5864 διδ
780 5835 901 5884 Act.
939 5847 998 5894 ιι,
1037 5831 1124 5886 '27.
1205 5835 1248 5862 ⁹⁰
1291 5833 1464 5886 lCor.
1496 5847 1578 5893 xv,
1621 5830 1706 5882 λδ.

1819 5759 1863 5788 ⁸³
1899 5757 2028 5810 Luc.
2056 5773 2107 5816 ν,
2141 5757 2204 5810 18
2233 5773 2353 5825 si”.

1783 5829 1825 5860 ⁹¹
1858 5829 1979 5881 Act.
2013 5843 2072 5892 tt,
2101 5827 2188 5881 56.

2226 3301 2318 3353 pou
2439 3279 2588 3344 ἅπαξ
2625 3277 3035 3349 συνανεκρὰθη,
3088 3275 3180 3328 καὶ
3217 3273 3376 3327 πάλιν
3424 3271 3492 3323 τὰ
3537 3269 3800 3323 διεστῶτει

2227 3373 2511 3442 συνάψασα
2531 3413 2545 3434 ,
2588 3371 2728 3424 ὥστε
2759 3369 3078 3424 ἀκολουθίαν
3111 3367 3202 3420 καὶ
3237 3366 3408 3437 ἀρχὴν
3437 3363 3619 3418 δοῦναι
3649 3363 3801 3432 πάσῃ

2225 3469 2290 3535 τῇ
2317 3465 2634 3535 ἀνθρωπίνῃ
2669 3464 2827 3532 φύσει
2857 3464 2951 3532 τῆς
2977 3465 3038 3514 ἐκ
3063 3459 3269 3532 νεκρῶν
3301 3458 3685 3518 ἀναστάσεως·
3713 3457 3802 3507 ἵνα

2220 3558 2282 3609 τὸ
2310 3557 2546 3628 φθαρτὸν
2571 3555 2716 3609 ἆπαν
2744 3554 3028 3624 ἐνδύσηται
3056 3551 3381 3622 ἀφθαρσίαν,
3411 3551 3502 3603 καὶ
3530 3550 3589 3602 τὸ
3609 3547 3802 3619 θνητὸν

2223 3648 2320 3716 τὴν
2351 3647 2650 3700 ἀθανασίαν
2674 3664 2689 3676 ·
2717 3649 2814 3716 τῆς
2847 3645 3102 3714 ἀπαρχῆς
3127 3643 3282 3712 ἡμῶν
3307 3641 3392 3694 διὰ
3427 3642 3524 3711 τῆς
3553 3641 3684 3711 πρὸς
3709 3641 3801 3691 τὸν

2223 3742 2354 3795 Θεὸν
2395 3743 2750 3812 ἀνακράσεως
2819 3741 2899 3803 εἰς
2937 3740 3084 3791 θείαν
3115 3737 3275 3805 φύσιν
3309 3735 3796 3805 μεταποιηθείσηςο

2225 3833 2405 3896 καθὼς
2433 3829 2583 3886 εἶπεν
2617 3835 2644 3885 ὁ
2681 3833 2885 3904 Πέτρος
2905 3873 2919 3896 ,
2953 3831 3034 3883 ὅτι
3066 3831 3282 3898 Κύριον
3312 3827 3496 3880 αὐτὸν
3528 3826 3626 3879 καὶ
3659 3827 3761 3894 Χρι
3785 3855 3798 3864 -

2223 3925 2374 3978 στὸν
2423 3925 2714 3992 ἐποίησεν
2743 3927 2776 3976 ὁ
2833 3923 3010 3988 Θεὸς,
3049 3922 3266 3974 τοῦτον
3296 3921 3401 3972 τὸν
3465 3917 3698 3985 Ἰησοῦν
3723 3915 3797 3970 ὃν

2221 4015 2389 4084 ὑμεῖς
2413 4017 2834 4083 ἐσταυρώσατε
2854 4031 2868 4044 ·
2897 4014 2992 4067 καὶ
3017 4013 3184 4066 πολλά
3217 4012 3312 4064 τοῦ
3333 4011 3572 4064 τοιούτου
3594 4009 3798 4079 δόγμα-

2221 4126 2312 4172 τος
2371 4111 2435 4161 ἐκ
2461 4108 2569 4161 τῶν
2606 4108 2776 4176 ἁγίων
2812 4105 3162 4174 Εὐαγγελίων
3199 4105 3342 4157 ἔστιν
3371 4105 3449 4166 είς
3483 4101 3796 4172 συμμαχίαν

2221 4199 2428 4252 λαϐεῖν·
2463 4199 2577 4262 πῶς
2603 4201 2630 4251 ὁ
2663 4197 2866 4269 Κύριος
2893 4198 2969 4268 τῷ
3005 4199 3146 4251 κατά
3173 4197 3406 4268 Χριστὸν
3441 4195 3788 4266 ἀνθρωπίνῳ.

2220 4289 2308 4340 τὸν
2339 4289 2538 4358 κόσμον
2577 4285 2748 4356 ἑαυτῷ
2781 4286 3170 4339 καταλλάσσων
3191 4327 3204 4348 ,
3234 4285 3528 4356 ἑπεμέρισε
3559 4288 3624 4354 τῇ
3648 4283 3792 4352 ψυχῇ

2219 4397 2276 4430 τε
2309 4379 2400 4430 καὶ
2433 4377 2509 4448 τῷ
2531 4377 2736 4448 σώματι
2769 4377 2865 4447 τὴν
2906 4379 3034 4446 παρ’
3054 4377 3217 4428 αὑτοῦ
3240 4377 3529 4446 γινομένην
3571 4377 3682 4438 τοῖς
3702 4377 3795 4427 ἀν’

2223 4467 2462 4537 θρώποις
2491 4467 2838 4538 εὐεργεσίαν·
2877 4465 3048 4518 θέλων
3085 4466 3183 4534 μὲν
3212 4465 3302 4517 διὰ
3326 4465 3426 4533 τῆς
3467 4464 3664 4533 ψυχῆς,
3706 4465 3796 4530 ἐφ·

2021 4556 2113 4607 Scd
2153 4560 2191 4611 D
2222 4561 2524 4628 απτόμενος
2555 4560 2611 4612 δὲ
2632 4559 2720 4611 διὰ
2744 4558 2836 4611 τοῦ
2866 4559 3141 4628 σώματος·
3175 4557 3306 4610 ἀλλά
3333 4556 3582 4628 περιττὸν
3613 4555 3678 4607 ἂν
3707 4553 3790 4624 εἴη

2227 4653 2402 4705 πάντα
2430 4651 2692 4715 διεξιόντα
2717 4692 2731 4714 ,
2768 4651 2922 4721 ὄχλον
2945 4652 3259 4719 ἐπεισάγειν
3283 4649 3359 4720 τῷ
3383 4649 3546 4719 λόγῳ.

2305 4827 2508 4880 Ἐκεῖνο
2540 4827 2596 4880 δὲ
2635 4831 2744 4890 τοῖς
2775 4826 3084 4898 εἰρημένοις
3115 4825 3194 4878 ἔτι
3229 4823 3492 4896 προσθεὶς
3513 4864 3526 4888 ,
3559 4823 3694 4894 πρὸς
3728 4821 3794 4874 τὰ

2220 4921 2415 4991 ἐφεξῆς
2448 4919 2844 4990 μεταδήσομαι’
2872 4918 3108 4971 Λύσατε
3127 4918 3234 4970 τὸν
3257 4915 3408 4970 ναὸν
3426 4915 3660 4976 τοῦτον,
3697 4913 3794 4967 καί

2221 5013 2289 5065 ἐν
2316 5014 2514 5078 τρισὶν
2551 5011 2794 5080 ἡμέραις
2825 5010 3006 5081 ἐγερῶ
3034 5011 3237 5063 αὐτόν.
3284 5009 3494 5078 Ὥσπερ
3519 5009 3676 5078 ἡμεῖς
3709 5005 3794 5058 διὰ

2219 5105 2393 5174 ψυχῆς
2435 5105 2530 5156 καὶ
2578 5103 2825 5172 σώματος
2882 5104 3008 5165 ναὸς
3042 5100 3306 5171 γινόμεθα
3334 5099 3426 5152 τοῦ
3463 5097 3794 5160 ἐνοικοῦντος

2223 5198 2278 5246 ἐν
2317 5197 2450 5264 ἡμῖν
2481 5195 2571 5246 καὶ
2617 5183 3118 5266 ἐμπεριπατοῦντος
3146 5231 3160 5254 ,
3193 5190 3364 5253 οὕτως
3403 5191 3496 5242 καὶ
3531 5191 3559 5242 ὁ
3593 5189 3793 5260 Κύριος

2219 5287 2342 5340 ναὸν
2375 5287 2628 5356 ὀνομάζει
2658 5287 2718 5338 τὸ
2752 5285 3178 5356 συναμφότερον,
3213 5277 3273 5335 οὗ
3314 5285 3346 5352 ἡ
3385 5283 3536 5346 λύσις
3570 5285 3666 5352 τὴν
3695 5283 3793 5352 τῆς

2217 5379 2396 5448 ψυχῆς
2423 5381 2486 5430 ἐκ
2513 5379 2603 5432 τοῦ
2636 5377 2885 5449 σώματος
2919 5377 3172 5447 σημαίνει
3197 5374 3457 5428 διάλυσιν.
3489 5375 3552 5428 Εἰ
3578 5373 3632 5428 δὲ
3659 5391 3791 5444 προ-

2217 5468 2436 5538 φέρουσι
2470 5469 2567 5537 τὴν
2612 5469 2704 5521 τοῦ
2745 5466 3078 5535 Εὑαγγελίου
3130 5465 3334 5535 φωνὴν,
3382 5467 3464 5517 ὅτι
3505 5467 3568 5518 '0
3601 5467 3792 5534 Λόγος

2215 5559 2370 5626 σὰρξ
2414 5561 2684 5630 ἐγένετο,
2725 5561 2799 5624 ὡς
2847 5561 2934 5613 διὰ
2975 5560 3064 5612 τοῦ
3113 5560 3187 5632 μὴ
3241 5558 3789 5630 συμμνημονευθῆναι

2433 5754 2654 5809 ⁸⁵]οίιιι.
2683 5773 2734 5820 v,
2769 5757 2849 5809 lxi.
2928 5759 2970 5787 ⁸⁷
3010 5756 3167 5810 Joan.
3195 5774 3251 5820 χ,
3277 5755 3360 5812 18.

2433 5843 2496 5880 ιιι.
2527 5842 2588 5880 ll.
2623 5829 2703 5880 l9.
2781 5829 2824 5858 ⁸³³
2859 5827 3016 5880 .loan.
3057 5845 3094 5880 ι.
3137 5827 3222 5880 Η.

2895 5844 3016 5882 nan.
3057 5845 3094 5892 ι,
3137 5844 3222 5882 n.

3439 5757 3484 5788 ⁸⁸
3519 5755 3664 5810 Psal.
3697 5770 3785 5818 λιν,

2267 5831 2310 5859 ³³
2342 5825 2496 5882 Joau.
2527 5842 2588 5890 ιι,
2623 5829 2703 5882 l9.
