4146 6370
347 399 449 454 549

1489 401 1765 458 CONTRA
1796 403 2180 471 EUNOMIUM,
2221 406 2346 460 LIB.
2392 406 2452 461 ll.

3506 406 3610 462 550

346 514 439 564 καὶ
459 509 555 583 τὴν
575 511 776 582 ψυχὴν,
796 515 1293 579 κατασκευάζεσθαι
1311 515 1370 567 τὸ
1388 517 1590 588 ἄψυχον
1609 519 1914 590 ἀνειλῆφθαι

2032 525 2228 578 animae
2258 524 2398 577 facta
2438 525 2976 589 commemoratione,
3002 538 3132 578 caro
3161 525 3356 578 animae
3409 537 3606 593 erpers

343 603 440 673 τὴν
485 604 666 675 σάρκα
694 624 705 634 ·
757 606 1075 676 μαθέτωσαν
1113 609 1193 660 ὅτι
1246 607 1472 678 σύνηθές
1519 612 1635 663 ἐστι
1683 614 1750 682 τῇ
1799 614 1927 684 ἁγίᾳ

344 697 534 768 Γραφῇ
615 697 692 768 τῷ
722 699 876 768 μέρει
904 701 1440 772 συμπεριλαμϐάνειν
1467 703 1527 755 τὸ
1551 703 1689 756 ὅλον.
1732 707 1790 757 Ὀ
1818 707 1926 777 γὰρ

343 793 532 852 εἰπὼν,
573 792 655 844 ὅτι
686 792 840 858 Πρὸς
878 793 953 844 σὲ
985 792 1150 846 πᾶσα
1197 794 1354 861 σὰρξ
1390 794 1519 862 ἥξει
1545 837 1560 859 ,
1601 798 1660 848 ού
1700 815 1926 867 κεχωρι-

345 882 552 952 σμένην
580 883 688 935 τῶν
723 884 911 953 ψυχῶν
951 885 1049 956 τὴν
1101 887 1280 954 σάρκα
1329 887 1477 954 λέγει
1511 887 1588 956 τῷ
1617 887 1782 959 Κριτῇ
1819 906 1924 942 πα-

345 974 726 1042 ραστήσεσθαι.
772 976 880 1026 Καὶ
917 975 1008 1027 τὸν
1049 975 1240 1028 Ἰακὼϐ
1273 979 1329 1028 ἐν
1356 978 1727 1049 ἐϐδομήκοντα
1762 979 1921 1032 πέντε

340 1064 538 1133 ψυχαῖς
567 1067 660 1117 ἐπὶ
700 1068 798 1134 τὴν
820 1069 1092 1134 Αἴγυπτον
1128 1071 1439 1123 καταϐάντα
1475 1071 1625 1142 παρὰ
1645 1071 1744 1140 τῆς
1781 1073 1922 1124 ἱστο-

343 1158 463 1226 ρίας
500 1156 852 1220 ἀκούσαντες,
897 1157 992 1210 καὶ
1041 1160 1138 1228 τὴν
1181 1161 1357 1230 σάρκα
1411 1163 1548 1230 μετὰ
1577 1162 1685 1214 τῶν
1733 1163 1921 1232 ψυχῶν

340 1249 660 1317 ὲνοήσαμεν.
699 1248 884 1312 Οὖτως
915 1246 1006 1302 οὖν
1042 1252 1134 1302 καὶ
1157 1253 1184 1302 ὁ
1213 1253 1384 1318 Λόγος
1414 1252 1549 1322 σὰρξ
1590 1253 1878 1322 γενόμενος
1901 1294 1915 1316 ,

337 1340 465 1407 ὅλην
498 1340 636 1408 μετὰ
665 1341 760 1408 τῆς
799 1341 1000 1409 σαρκὸς
1035 1342 1132 1410 τὴν
1164 1343 1512 1414 ἀνθρωπίνην
1553 1345 1782 1397 ἀνέλαϐε
1818 1345 1918 1412 φύ-

340 1445 441 1480 σιν.
478 1428 638 1480 Ὅθεν
666 1430 758 1481 καὶ
786 1430 842 1481 τὸ
873 1433 1060 1500 πεινῇν
1088 1433 1181 1483 καὶ
1201 1433 1260 1484 τὸ
1284 1433 1462 1504 stem,
1491 1435 1588 1487 καὶ
1637 1435 1696 1487 τὸ
1717 1436 1916 1507 δειλιᾷν

337 1518 431 1570 καὶ
463 1518 524 1570 τὸ
546 1518 850 1587 φοϐεῖσθαι,
882 1521 975 1572 καὶ
1003 1520 1062 1572 τὸ
1085 1520 1393 1590 ἐπιθυμεῖν,
1418 1523 1508 1574 καὶ
1528 1522 1588 1574 τὸ
1613 1523 1913 1588 καθεύδειν,

337 1611 431 1662 καὶ
461 1609 523 1663 τὸ
566 1611 946 1680 ταράττεσθαι,
979 1611 1073 1662 καὶ
1111 1613 1170 1664 τὸ
1198 1613 1474 1683 δακρύειν,
1512 1615 1602 1666 καὶ
1635 1615 1812 1669 πάντα
1847 1617 1915 1668 τὰ.

336 1703 561 1756 τοιαῦτα
587 1702 850 1770 γίνεσθαι,
884 1703 942 1754 ὲν
977 1702 1126 1772 αὐτῷ
1151 1703 1334 1773 χώραν
1365 1703 1544 1773 ἔσχεν,
1593 1704 1715 1757 οὔτε
1744 1705 1853 1778 γὰρ
1879 1709 1910 1779 ἡ

337 1792 526 1860 θεότης
559 1796 702 1844 κατά
737 1792 836 1861 τὴν
870 1791 1004 1844 ἰδίαν
1039 1791 1198 1860 φύσιν
1247 1810 1298 1844 τι
1329 1793 1567 1846 τοιοῦτον
1595 1796 1909 1864 ἀναδέχεται

338 1881 528 1943 πάθος,
568 1881 690 1934 οὔτε
731 1881 850 1934 καθ’
884 1882 1083 1952 ἑαυτὴν
1107 1883 1140 1952 ἡ
1167 1880 1303 1951 σὰρξ
1336 1884 1392 1934 ὲν
1424 1883 1654 1946 ἐκείνοις
1678 1885 1908 1952 γίνεται,
1945 1871 1985 1924 Β

339 1973 413 2040 μὴ
441 1971 619 2040 ψυχῆς
655 1969 1130 2040 συνδιατιθεμένης
1152 1970 1228 2041 τῷ
1252 1971 1484 2041 σώματι,

408 2065 515 2114 Καὶ
550 2063 674 2133 περὶ
706 2064 803 2132 μὲν
847 2063 943 2132 τῆς
976 2064 1054 2124 είς
1101 2064 1192 2115 τὸν
1241 2064 1366 2116 Υίὸν
1414 2064 1760 2134 βλασφημίας
1788 2081 1912 2116 τοσ-

335 2155 506 2207 αῦταο
546 2154 740 2223 ἴδωμεν
775 2153 830 2206 δὲ
858 2155 952 2206 καὶ
981 2155 1082 2207 ὅσα
1109 2155 1238 2226 περὶ
1275 2155 1368 2208 τοῦ
1411 2154 1567 2223 ἁγίου
1599 2155 1914 2224 Πνεύματος

333 2247 688 2316 ειεξέρχεται.
745 2246 899 2299 Μετὰ
949 2247 1125 2310 τοῦτο,
1167 2247 1556 2316 Πιστεύομεν,
1605 2249 1787 2316 φησὶν,
1828 2251 1916 2312 εὶς

333 2340 442 2391 τὸν
479 2338 874 2406 Παράλλητον
915 2337 981 2391 τὸ
1026 2339 1269 2408 Πνεῦμα
1303 2338 1413 2406 τῆς
1450 2339 1915 2407 ἀληθείας.Ἐγὼ

333 2431 391 2482 δὲ
418 2430 574 2499 δῆλον
604 2425 759 2500 οἶμαι
795 2430 959 2482 πᾶσιν
987 2424 1128 2482 εἶναι
1165 2433 1278 2490 τοῖς
1310 2431 1747 2498 ἐντυγχάνουσιν,
1780 2431 1914 2501 πρὸς

338 2524 367 2572 ὃ
413 2539 466 2573 τι
502 2521 716 2591 βλέπων
752 2521 1092 2592 παρατρέπει
1117 2521 1216 2592 τὴν
1245 2520 1348 2573 ὑπὸ
1379 2521 1471 2573 τοῦ
1503 2523 1706 2592 Κυρίου
1741 2539 1915 2592 παρα-

335 2615 578 2666 δοθεῖσαν
606 2614 701 2684 τῆς
730 2615 966 2676 πίστεως
1001 2613 1214 2667 ἔκθεσιν
1249 2614 1305 2665 ὲν
1335 2615 1445 2675 τοῖς
1480 2615 1608 2684 περὶ
1665 2615 1753 2666 τοῦ
1785 2615 1912 2668 Υἰοῦ

337 2707 432 2758 καὶ
479 2707 690 2776 Πατρὸς
738 2705 936 2772 λόγοις.
993 2703 1104 2774 Τῆς
1157 2705 1383 2767 ἀτοπίας
1432 2706 1633 2774 ταύτης
1679 2706 1912 2774 ἀπελεγ-

334 2797 578 2867 χθείσης,
604 2798 753 2867 ὅμως
775 2797 830 2850 δὲ
860 2796 952 2849 καὶ
981 2796 1074 2849 νῦν
1101 2795 1168 2849 δι’
1190 2795 1382 2864 ὀλίγων
1402 2797 1490 2849 τὸν
1521 2797 1718 2849 σκοπὸν
1747 2797 1912 2850 αὑτοῦ

332 2888 434 2958 τῆς
486 2889 822 2958 κακουργίας
881 2887 1110 2958 φανερὸν
1165 2889 1498 2957 καταστῆσαι
1561 2889 1910 2958 πειράσομαι.

345 2978 434 3041 Ὠς
463 2980 572 3049 γάρ
605 2981 721 3032 ἐκεῖ
753 2980 971 3048 Πατέρα
1002 2980 1102 3030 ουκ
1135 2975 1307 3043 εἶπεν,
1340 2980 1424 3032 ἵνα
1457 2978 1530 3048 μὴ
1563 2983 1628 3050 τῇ
1657 2979 1911 3048 ἁῖδιὸτητι

331 3069 428 3123 τοῦ
479 3071 692 3141 Πατρὸς
732 3071 821 3124 τὸν
861 3071 987 3123 Υἱὸν
1030 3070 1450 3141 συνενδεῖξηται,
1485 3072 1606 3124 οὐδὲ
1651 3071 1738 3124 τὸν
1786 3073 1912 3124 Υἱὸν

332 3161 636 3228 ὠνόμασεν,
690 3161 778 3215 ἵνα
823 3163 899 3231 μὴ
941 3163 1037 3234 τὴν
1079 3164 1219 3216 κατά
1263 3165 1360 3232 τὴν
1400 3162 1558 3231 φύσιν
1609 3163 1912 3230 οἰκειότητα
1940 3207 1978 3234 ρ

331 3256 585 3324 τῇξφωνῇ
616 3252 786 3324 ταύτῃ
816 3257 1251 3326 συμπαραστήσῃ
1272 3271 1286 3284 ⁸
1313 3255 1453 3306 οὓτω
1487 3256 1578 3306 καὶ
1605 3253 1696 3306 νῦν
1724 3255 1783 3306 οὐ
1823 3254 1910 3306 λέ-

332 3363 420 3413 γει
450 3346 676 3414 Πνεῦμα
721 3345 893 3413 ἅγιον,
947 3347 1033 3398 ἵνα
1081 3346 1154 3416 μὴ
1183 3346 1243 3398 τὸ
1289 3346 1572 3416 μεγαλεῖον
1615 3346 1712 3414 τῆς
1755 3343 1911 3414 δόξης

333 3437 496 3490 αὑτοῦ
544 3438 724 3490 καὶτὸ
775 3438 916 3491 κατὰ
967 3438 1142 3492 πάντα
1193 3439 1470 3508 ἡνωμένον
1516 3438 1688 3507 Πατρί
1723 3454 1780 3488 τε
1819 3438 1912 3488 καὶ

333 3528 448 3598 Υἱῷ
475 3528 561 3582 διὰ
586 3528 679 3581 τοῦ
709 3529 969 3598 ὀνόματος
1000 3529 1188 3583 τούτου
1221 3529 1646 3600 συνομολογήσῃ.
1696 3530 1910 3600 Ἐπειδὴ

330 3623 441 3693 γὰρ
464 3621 542 3692 τῷ
558 3626 671 3676 Πατ
681 3625 731 3692 pl.
751 3624 842 3676 καὶ
861 3623 938 3692 τῷ
961 3623 1088 3692 Υίῷ,
1108 3623 1249 3677 κατά
1272 3623 1331 3675 τὸ
1349 3619 1463 3674 ἴσον
1485 3625 1518 3692 ἦ
1543 3641 1602 3675 τε
1630 3623 1722 3676 τοῦ
1736 3626 1913 3677 Ila-eti-

328 3729 517 3780 ματος
558 3715 649 3766 καὶ
698 3715 730 3784 ἡ
781 3714 872 3766 τοῦ
919 3715 1090 3783 ἁγίου
1131 3713 1322 3784 κλῆσις
1357 3715 1506 3785 παρά
1551 3716 1650 3784 τῆς
1693 3717 1912 3786 Γραφῆς

335 3805 705 3875 ἑφαρμόζεται
747 3806 1001 3876 (πνεῦμα
1043 3807 1152 3877 γὰρ
1179 3809 1206 3859 ὁ
1245 3808 1394 3869 Θεὸς,
1427 3808 1521 3859 καὶ
1561 3808 1777 3876 πνεῦμα
1809 3809 1914 3879 πρὸ

334 3897 626 3966 προσώπου
678 3897 832 3967 ἡμῶν
871 3896 1102 3968 Χριστὸς
1145 3898 1367 3969 Κύριος,
1405 3900 1495 3951 καὶ
1526 3897 1678 3964 ἅγιος
1711 3899 1912 3968 Κύριος

333 3991 362 4040 ὁ
395 3989 544 4053 Θεὸς,
593 3990 686 4042 καὶ
715 3983 792 4052 εἷς
829 3989 1001 4056 ἅγιος,
1036 3985 1114 4052 εἷς
1145 3990 1346 4060 Κύριος
1385 3989 1591 4060 Ἰησοῦς
1623 3989 1910 4060 Χριστὸς),

335 4082 421 4134 ἵνα
456 4083 528 4152 μή
561 4099 644 4144 τις
673 4082 898 4151 γένηται
941 4085 1052 4145 τοῖς
1094 4082 1381 4135 ἀκούουσιν
1405 4083 1560 4149 ἁγίου
1597 4081 1911 4151 Πνεύματος

333 4175 562 4244 εὐσεϐὴς
587 4174 674 4225 διὰ
702 4173 904 4226 τούτων
941 4174 1226 4244 ὑπόληψις,
1261 4176 1292 4242 ἡ
1326 4173 1413 4226 διὰ
1455 4174 1514 4225 τὸ
1556 4177 1828 4226 κοινωνεῖν
1852 4191 1908 4226 τε

332 4265 410 4334 τῷ
441 4266 614 4335 Πατρὶ
643 4266 731 4317 καὶ
770 4265 848 4334 τῷ
890 4266 1002 4336 Υίῴ
1048 4265 1149 4334 τῆς
1181 4265 1394 4331 ἐνδόξου
1428 4265 1672 4336 κλήσεως
1704 4266 1913 4333 ἐγγινο-

339 4357 470 4426 μένη
492 4373 503 4384 ·
535 4357 725 4409 τούτου
755 4358 912 4428 χάριν
939 4357 1460 4428 παρακρουσάμενος
1489 4357 1585 4427 τὴν
1615 4357 1782 4426 ἀκοὴν
1804 4355 1911 4407 τῶν

333 4449 593 4518 ἀνοήτων,
633 4449 729 4516 τῆς
765 4449 911 4518 παρὰ
961 4448 1094 4501 Θεοῦ
1139 4449 1558 4520 προεκτεθείσης
1591 4449 1824 4511 πίστεως
1853 4449 1911 4502 ἐν

2030 623 2308 682 assumpta
2338 614 2523 680 fuerit,
2559 615 2776 668 discant
2808 615 2858 669 id
2909 629 3080 670 sacrae
3116 614 3414 684 Scriptura:
3446 617 3608 671 fami-

2027 705 2162 760 liare
2183 721 2326 770 esse,
2363 715 2518 776 parte
2557 707 2738 776 aliqua
2777 715 2950 760 totum
2984 708 3292 776 complecti.
3325 706 3429 773 Qui
3457 710 3603 763 enim

2027 798 2182 860 dixit,
2213 797 2295 851 Ad
2332 808 2379 852 te
2405 800 2572 852 omnis
2607 816 2730 852 caro
2759 799 3002 862 veniet“,
3037 814 3142 852 non
3193 808 3500 869 separatam
3537 801 3607 853 ah

2025 889 2224 944 animis
2257 906 2500 957 carnem,
2535 892 2599 945 ad
2631 892 2872 962 judicem
2921 900 3211 947 venturam
3266 909 3390 947 esse
3448 894 3600 946 dicit.

2025 977 2089 1031 Et
2118 977 2288 1032 Jacob
2317 994 2439 1033 cum
2483 981 2829 1050 septuaginta
2859 982 3062 1035 animis
3093 982 3147 1035 in
3181 981 3476 1052 Egyptum
3508 981 3604 1036 de-

2025 1065 2348 1130 scendisse,
2389 1083 2453 1122 ex
2496 1068 2742 1122 historiis
2789 1086 2890 1124 nos
2922 1071 3013 1140 qui
3057 1071 3398 1131 audimus”,
3436 1073 3602 1126 etiam

2023 1169 2242 1208 carnem
2274 1170 2395 1209 cum
2426 1157 2623 1211 animis
2655 1159 3025 1227 intelligimus.
3057 1157 3146 1213 Sic
3179 1163 3339 1214 etiam
3363 1159 3600 1216 Verbum

2022 1261 2152 1299 caro
2191 1248 2395 1300 factum
2438 1256 2609 1302 totam
2641 1265 2764 1303 eum
2801 1267 2967 1304 carne
3020 1253 3312 1324 humanam
3349 1263 3600 1307 naturam

2020 1339 2340 1406 assumpsit.
2381 1337 2532 1392 [Inde
2597 1347 2654 1392 et
2698 1341 2913 1394 esurire
2965 1351 3019 1394 et
3074 1344 3246 1407 sitire,
3285 1342 3600 1404 formidare.

2018 1431 2393 1494 extimescere,
2418 1433 2826 1502 concupiscere,
2851 1435 3279 1502 obdormiscere,
3309 1437 3516 1490 turbari
3548 1447 3604 1492 et

2017 1522 2368 1594 illacrymari,
2414 1533 2465 1578 et
2502 1541 2622 1595 qua:
2685 1535 2813 1580 sunt
2865 1527 3134 1594 ejusmodi
3194 1529 3247 1582 in
3303 1544 3369 1582 eo
3419 1530 3596 1583 locum

2017 1613 2322 1668 habuerunt
2379 1634 2392 1670 :
2454 1631 2631 1685 neque
2659 1618 2803 1670 enim
2840 1616 3101 1672 divinitas
3145 1620 3363 1690 propria
3405 1631 3600 1676 natura

2015 1705 2150 1759 tales
2199 1704 2426 1759 affectus
2477 1709 2738 1776 suscipit;
2789 1724 2964 1778 neque
3019 1725 3149 1763 caro
3178 1726 3276 1780 per
3309 1725 3369 1766 se
3398 1711 3454 1766 in
3490 1712 3600 1767 illis

2011 1803 2114 1858 est,
2144 1795 2188 1848 si
2221 1797 2400 1849 anima
2432 1813 2556 1852 cum
2596 1813 2824 1868 corpore
2857 1815 2968 1853 non
2995 1808 3080 1855 est
3106 1801 3418 1872 conjuncta.

2086 2060 2164 2112 Ac
2192 2061 2408 2129 quidem
2435 2060 2502 2114 de
2536 2061 2895 2130 blasphemia,
2927 2061 2978 2115 id
3020 2070 3126 2124 est,
3155 2061 3321 2132 impio
3345 2062 3600 2118 convicio

2014 2152 2068 2204 in
2104 2150 2298 2204 Filium
2347 2153 2435 2207 Dei
2479 2154 2592 2207 haec
2628 2156 2736 2207 sint
2772 2154 3038 2208 hactenus
3072 2156 3238 2209 dicta.
3263 2154 3382 2208 Jam
3417 2155 3601 2209 videa-

2016 2259 2137 2298 mus
2168 2260 2286 2312 quae
2320 2243 2387 2299 de
2440 2254 2632 2300 sancto
2677 2245 2882 2314 Spiritu
2933 2253 3233 2316 percenset.
3291 2245 3422 2302 Post
3470 2247 3596 2312 hoc,

2016 2333 2310 2399 Credimus,
2347 2337 2544 2406 inquit,
2572 2339 2624 2390 in
2660 2335 2996 2391 Paracleluai
3045 2337 3300 2405 Spiritum
3335 2339 3594 2394 veritatis.

2015 2427 2126 2498 Ego
2153 2439 2332 2482 autem
2374 2431 2584 2482 ciarum
2625 2445 2746 2484 esse
2770 2431 3026 2484 omnibus
3055 2431 3293 2484 arbitror
3331 2431 3426 2500 qui
3480 2431 3596 2486 haec

2016 2521 2222 2590 legunt,
2255 2523 2321 2576 ad
2355 2523 2486 2590 quid
2520 2523 2823 2592 respiciens
2853 2539 2884 2576 a
2913 2522 3141 2576 Domino
3179 2521 3299 2577 ﬁdei
3337 2523 3594 2578 traditam

2015 2615 2429 2683 expositionem,
2483 2616 2536 2668 in
2599 2616 2944 2670 sermonibus
2994 2615 3062 2667 de
3116 2613 3252 2669 Filio
3311 2623 3366 2670 et
3436 2615 3597 2671 Patre

2016 2709 2294 2777 pervertit.
2354 2708 2614 2774 Quamvis
2673 2709 2837 2777 hujus
2905 2707 3218 2762 ahsurditas
3293 2707 3428 2764 satis
3479 2709 3591 2778 jam

2017 2799 2179 2851 fuerit
2229 2795 2484 2863 refutata,
2520 2813 2669 2851 nunc
2702 2807 2884 2851 tamen
2940 2799 3130 2867 paucis
3192 2798 3374 2854 verbis
3429 2798 3596 2868 hujus

2015 2887 2228 2942 fallacis
2260 2889 2476 2941 astutia:
2533 2903 2756 2957 scopum
2795 2888 3099 2957 patefacere
3146 2906 3369 2960 operam
3425 2895 3589 2949 dabo.

2017 2979 2087 3034 Ut
2133 2980 2278 3033 enim
2316 2981 2428 3033 illic
2465 2978 2682 3032 Patrem
2724 2995 2832 3032 non
2898 2980 3058 3044 dixit,
3112 2998 3181 3037 ne
3240 2999 3362 3037 cum
3417 2983 3596 3041 Patris

2013 3070 2315 3124 aeternitate
2345 3068 2539 3123 Filium
2577 3070 2783 3138 pariter
2817 3070 3151 3137 ostenderet,
3187 3089 3361 3144 neque
3397 3075 3593 3130 Filium

2017 3163 2340 3224 nominavit,
2399 3176 2466 3214 ne
2501 3176 2618 3214 eam
2671 3175 2791 3229 qua:
2847 3161 3146 3214 secundum
3211 3175 3461 3219 naturam
3489 3178 3594 3233 est,

2017 3255 2439 3308 familiaritatem
2490 3263 2544 3306 et
2610 3253 3076 3308 necessitudinem
3131 3255 3232 3309 hac
3271 3273 3402 3310 voce
3432 3260 3595 3312 simul

2015 3354 2455 3416 repra'sentaret,
2513 3347 2594 3400 sic
2655 3353 2710 3400 et
2774 3363 2921 3399 nunc
2977 3363 3085 3400 non
3143 3347 3276 3402 dicit
3331 3348 3593 3419 Spiritum

2015 3451 2289 3503 sanctum,
2324 3455 2390 3493 ne
2415 3438 2758 3506 maiestatem
2791 3439 2976 3507 gloria:
3021 3439 3196 3508 ipsius
3228 3448 3280 3494 et
3320 3442 3463 3510 quod
3500 3458 3598 3511 per

2013 3533 2194 3584 omnia
2225 3531 2372 3584 Patri
2404 3538 2460 3583 et
2491 3527 2630 3582 Filio
2681 3531 2890 3582 unitum
2936 3537 3040 3588 est,
3080 3529 3183 3584 hoc
3228 3531 3349 3599 ipso
3376 3533 3596 3587 nomine

2014 3623 2266 3677 confiteri
2319 3629 2625 3691 cogeretur.
2658 3620 3106 3689 Quandoquidem
3163 3625 3306 3676 enim
3363 3624 3509 3679 Patri
3541 3633 3597 3680 e:

2014 3713 2152 3766 Filio
2183 3728 2249 3766 ex
2281 3725 2438 3778 aequo
2461 3725 2585 3764 cum
2624 3707 2856 3778 Spirilus
2891 3719 3004 3763 tum
3032 3712 3193 3764 etiam
3225 3724 3404 3776 sancti
3451 3732 3596 3769 nun-

2013 3805 2233 3873 cupatio
2297 3804 2350 3856 in
2405 3817 2561 3855 sacra
2602 3799 2885 3870 Scriptura
2939 3803 3387 3856 accommodatur
3428 3805 3594 3872 (Deus

2012 3896 2157 3951 enim
2190 3902 2275 3948 est
2325 3894 2574 3962 spiritus,
2614 3901 2667 3945 et
2717 3892 2941 3961 spiritus
2987 3902 3111 3946 ante
3159 3911 3448 3961 personam
3490 3915 3594 3951 no~

2013 3995 2181 4041 stram
2235 3985 2490 4039 Christus
2541 3983 2803 4036 Dominus
2859 4002 2870 4035 :
2944 3992 2996 4035 et
3055 3994 3280 4038 sanctus
3332 3986 3593 4044 Dominus

2017 4080 2180 4143 Deus,
2251 4087 2304 4131 et
2361 4094 2505 4131 unus
2575 4084 2836 4137 sanctus,
2901 4092 3044 4129 unus
3101 4076 3367 4133 Dominus
3425 4080 3590 4149 Jesus

2013 4172 2311 4240 Christus).
2332 4188 2400 4225 ne
2429 4187 2536 4241 qua
2568 4171 2916 4224 audientibus
2951 4187 3045 4239 per
3077 4171 3189 4224 hzrc
3212 4174 3394 4236 verba,
3417 4172 3592 4242 Spiri-

2013 4275 2102 4320 tus
2134 4263 2312 4319 sancti
2342 4263 2430 4332 pia
2457 4270 2511 4316 et
2538 4262 2792 4330 religiosa
2845 4261 3260 4331 ingeneraretur
3285 4266 3490 4332 opinio,
3527 4281 3589 4318 ex

2012 4371 2078 4411 eo
2123 4356 2287 4409 insita
2311 4353 2456 4422 quod
2481 4352 2717 4422 Spiritus
2745 4360 2968 4406 sanctus
3014 4368 3363 4408 communem
3397 4355 3592 4410 habeat

2013 4461 2138 4500 cum
2170 4445 2330 4498 Patre
2363 4452 2417 4497 et
2440 4441 2577 4496 Filio
2600 4443 2866 4496 illustrem
2899 4445 3343 4512 appellationem,
3389 4445 3593 4501 idcirco

331 4542 396 4609 τῇ
425 4539 719 4608 παραδόσει
752 4539 844 4591 τοῦ
879 4539 1175 4609 μυστηρίου
1209 4540 1540 4592 ὑπαλλάσσει
1570 4539 1634 4592 τὰ
1663 4541 1728 4609 ρή
1740 4557 1903 4608 ματα·

2016 4541 2352 4593 indoctorum
2377 4546 2429 4590 ct
2457 4536 2754 4589 amentium
2774 4535 3016 4588 auditum
3039 4535 3228 4590 fallens
3257 4548 3307 4590 et
3340 4538 3590 4603 eludens,

331 4627 521 4698 ὥσπερ
571 4629 892 4698 ὁδοποιήσας
943 4629 1030 4682 διὰ
1078 4629 1178 4698 τῆς
1211 4629 1527 4692 ἀκολουθίας
1565 4630 1767 4699 ταύτης
1811 4630 1905 4700 τὴν

333 4719 472 4770 κατά
513 4718 607 4770 τοῦ
657 4718 970 4790 Πνεύματος
1015 4719 1110 4772 τοῦ
1161 4721 1314 4788 ἁγίου
1369 4722 1638 4775 άσέὅειαν.
1688 4723 1748 4773 Ei
1799 4724 1906 4792 γὰρ

331 4810 482 4865 εἶπεν
507 4822 588 4874 ὅτι
610 4812 941 4882 Πιστεύομεν
970 4815 1047 4875 είς
1069 4814 1129 4866 τὸ
1157 4814 1377 4884 Πνεῦμα
1405 4815 1463 4866 τὸ
1485 4815 1658 4881 ἆγιον,
1684 4814 1907 4884 Πνεῦμα

330 4905 387 4958 δὲ
423 4907 450 4956 ὁ
482 4906 634 4968 Θεὸς,
673 4905 1007 4974 ὑπέκρουσεν
1048 4906 1112 4958 ἂν
1146 4909 1174 4959 ὁ
1206 4907 1272 4958 τά
1303 4906 1420 4958 θεῖα
1453 4907 1903 4976 πεπαιδευμένος,

329 4998 411 5052 ὅτι
453 4997 520 5052 Εἰ
560 4999 666 5069 χρὴ
717 4997 990 5051 πιστεύειν
1048 4999 1127 5060 είς
1192 4998 1252 5049 τὸ
1307 4996 1531 5066 Πνεῦμα
1584 4998 1646 5049 τὸ
1713 4997 1903 5064 ἆγιονο

333 5091 548 5161 πνεῦμα
585 5091 640 5143 δὲ
674 5092 702 5143 ὁ
731 5091 863 5152 Θεὸς
897 5088 1252 5160 ὀνομάζεται·
1286 5089 1386 5140 οὐκ
1420 5089 1546 5142 ἄλλο
1564 5106 1616 5140 τι
1652 5089 1794 5141 κατὰ
1809 5088 1906 5159 τὴν

331 5183 490 5251 φύσιν
537 5183 703 5244 ἐστὶν,
735 5181 768 5252 ἢ
810 5183 983 5233 ἐκεῖνο
1017 5180 1233 5242 πάντως
1261 5181 1288 5232 ὂ
1321 5179 1408 5231 διὰ
1439 5180 1545 5231 τῶν
1580 5180 1759 5232 αὐτῶν
1793 5181 1908 5231 ὀνο-

334 5274 519 5342 μάτων
551 5272 753 5343 κυρίως
798 5269 1246 5341 κατονομάζεται.
1284 5271 1421 5322 Ὅσα
1447 5271 1554 5340 γὰρ
1589 5271 1646 5321 οὐ
1676 5270 1907 5340 ψευδῶς,

330 5365 450 5417 οὐδὲ
500 5366 563 5416 ὲκ
599 5363 1012 5432 καταχρήσεως,
1041 5362 1176 5414 ἀλλά
1207 5361 1407 5433 κυρίως
1453 5363 1556 5413 ὑπὸ
1591 5362 1698 5412 τῶν
1727 5361 1904 5413 αὐτῶν

331 5458 607 5525 ὀνομάτων
641 5455 912 5524 δηλοῦται,
963 5455 1167 5506 τούτων
1207 5454 1420 5523 ἀνάγκη
1453 5454 1598 5504 πᾶσα
1647 5452 1773 5521 μίαν
1813 5452 1906 5505 καὶ

331 5543 429 5612 τὴν
459 5542 628 5614 αὐτὴν
657 5542 1030 5613 ὁμολογεῖσθαι
1059 5541 1240 5611 φύσιν,
1287 5543 1386 5612 τὴν
1433 5546 1542 5604 τοῖς
1593 5542 1775 5604 αὐτοῖς
1811 5559 1906 5610 ση-

335 5635 666 5704 μαινομένην
696 5635 938 5705 ὀνόμασι.
971 5634 1069 5688 Διά
1097 5635 1268 5688 ταῦτα
1303 5634 1583 5703 σιωπήσας
1618 5632 1713 5703 τὴν
1754 5633 1905 5704 παρὰ

399 5812 448 5846 ³⁸
478 5813 624 5870 Ρδίιι.
653 5831 800 5881 utv,
831 5817 883 5872 5.
959 5817 1002 5848 ³⁵
1037 5815 1171 5871 Gen.
1216 5831 1360 5881 XLVI,
1383 5815 1488 5883 ειη
1515 5815 1634 5869 Act.
1667 5830 1761 5882 vn,
1798 5813 1884 5868 14.

2015 4646 2045 4684 a
2076 4631 2183 4685 Deo
2205 4630 2468 4699 exposita:
2517 4627 2639 4682 fidei
2678 4628 2732 4680 in
2794 4628 3091 4681 traditione
3126 4630 3372 4698 mysterii
3425 4632 3591 4686 verba

2013 4723 2265 4775 immutat
2315 4728 2370 4775 et
2411 4720 2653 4779 invertit,
2712 4731 2970 4788 tanquam
3012 4718 3101 4772 hic
3135 4719 3277 4772 viam
3338 4728 3592 4776 sternens

2013 4830 2110 4884 per
2142 4814 2283 4867 hanc
2303 4811 2752 4880 consequentiam
2780 4811 2848 4863 ad
2881 4811 3212 4879 impietatem
3238 4821 3429 4868 contra
3465 4815 3592 4886 Spi-

2014 4909 2178 4960 ritum
2211 4916 2482 4960 sanctutn.
2511 4903 2569 4956 Si
2601 4904 2746 4957 enim
2791 4903 3028 4957 dixisset
3055 4903 3343 4960 Credimus
3370 4905 3424 4959 in
3467 4905 3593 4975 Spi-

2013 4999 2182 5052 ritum
2218 5004 2490 5057 Sanctum,
2536 4993 2777 5062 Spiritus
2825 5004 3004 5048 autem
3052 4995 3190 5049 Deus
3228 5005 3341 5058 est;
3392 4997 3485 5066 qui
3534 4999 3588 5052 iu

2011 5091 2212 5144 divinis
2238 5088 2490 5142 eruditus
2529 5093 2642 5151 est,
2677 5087 3110 5155 subcrepuisset,
3142 5086 3201 5138 Si
3237 5088 3289 5140 in
3324 5087 3586 5156 Spiritum

2011 5190 2260 5237 sanctum
2303 5178 2630 5233 credendum
2677 5186 2758 5231 est
2783 5220 2797 5244 ,
2830 5178 3053 5246 spiritus
3092 5185 3271 5230 autem
3315 5177 3455 5233 l)eus
3489 5195 3590 5234 no-
3622 5162 3625 5164 I

2012 5270 2272 5330 minatur,
2335 5283 2445 5321 non
2475 5267 2624 5320 aliud
2679 5267 2807 5335 quid
2847 5265 3145 5319 secundum
3185 5275 3434 5320 naturam
3507 5279 3587 5321 est

2012 5360 2103 5413 ille
2141 5359 2367 5413 omnino
2397 5359 2492 5427 qui
2529 5373 2624 5426 per
2656 5357 2844 5411 eadem
2882 5357 3102 5410 nomina
3147 5359 3584 5426 cognominatur.

2011 5449 2146 5504 Nam
2201 5465 2545 5520 quaecunque
2591 5464 2701 5502 non
2754 5448 2911 5513 falso,
2969 5464 3066 5502 nec
3114 5466 3178 5501 ev
3235 5451 3433 5512 abusu,
3497 5456 3588 5503 scd

2014 5542 2233 5612 proprie
2283 5557 2380 5612 per
2444 5540 2631 5595 eadem
2677 5541 2896 5594 nomina
2947 5540 3336 5604 declarantur,
3393 5540 3586 5592 horum

2014 5649 2177 5689 unam
2205 5633 2562 5703 eamdemque
2582 5641 2830 5688 naturam
2865 5648 3090 5688 necesse
3129 5640 3213 5684 est
3255 5632 3481 5685 omnino
3513 5631 3594 5685 fa—
