4146 6370
503 403 604 459 551

1715 399 1780 454 S.
1821 397 2148 454 GREGOR"
2206 394 2499 453 NYSSENI

3677 392 3783 446 552

503 526 636 585 teri,
663 538 784 593 quae
804 509 996 577 iisdem
1011 521 1333 577 nominibus
1361 521 1726 591 significatur.
1755 519 2099 589 Quapmptor

2205 518 2292 570 τοῦ
2333 516 2534 588 Κυρίου
2590 513 3041 585 νομοθετηθεῖσαν
3110 515 3168 567 ἐν
3209 517 3274 586 τῇ
3333 513 3514 567 πίστει
3574 517 3778 583 φωνην,

514 615 733 671 silentio
757 615 955 666 tacitus
983 614 1266 667 involvens
1292 629 1321 666 a
1353 612 1582 665 Domino
1613 613 1666 664 in
1697 610 1799 665 lide
1831 612 2095 679 prolatam

511 715 568 763 et
591 707 945 761 constitutam
973 720 1185 767 vocem,
1209 704 1507 768 Credimus,
1539 704 1738 772 inquit,
1765 703 1821 757 in
1845 701 2090 754 Pararle-

511 811 643 863 tum,
678 798 732 852 id
761 805 865 861 est,
920 798 1323 851 consolatorem
1378 805 1432 850 et
1466 796 1931 848 conlirmatorem.
1987 791 2099 862 Ego

511 898 695 946 autem
731 891 788 944 in
810 887 1078 943 divinitus
1099 887 1366 956 inspirata
1397 886 1706 954 Scriptura,
1743 883 1846 937 hoc
1901 897 2097 938 nomen

510 997 636 1037 esse
665 995 956 1036 commune
988 978 1168 1034 Patris
1197 985 1251 1033 et
1284 977 1406 1032 Filii
1435 975 1832 1031 didici.‘Filius
1858 976 2002 1029 enim
2031 989 2098 1028 ex

511 1087 669 1142 alque
697 1083 751 1126 et
771 1073 1012 1141 seipsum
1047 1078 1214 1139 atque
1244 1069 1408 1122 etiam
1444 1069 1707 1137 Spiritum
1732 1076 1980 1124 sanctum
2007 1081 2102 1120 no-

514 1165 688 1217 minat
717 1165 1082 1226 Paracletum,
1110 1165 1163 1218 id
1204 1172 1312 1228 est,
1358 1164 1784 1218 consolatorem.
1827 1159 1985 1215 Pater
2009 1176 2100 1214 ve-

516 1272 580 1309 ro
602 1272 698 1326 per
732 1271 854 1326 qua:
874 1264 1133 1326 operatur
1169 1256 1513 1326 paraclesim,
1547 1255 1600 1308 id
1645 1265 1728 1308 est
1774 1253 2097 1307 consolatio-

515 1366 653 1412 nem,
711 1365 906 1403 nomen
971 1352 1256 1419 paracleti,
1307 1351 1358 1405 id
1430 1361 1514 1407 est
1556 1349 1932 1409 consolatoris,
1996 1349 2098 1403 sibi

514 1454 743 1509 prorsus
781 1441 1041 1495 vindicat.
1085 1441 1204 1494 Non
1257 1443 1400 1496 enim
1461 1442 1556 1510 qui
1602 1457 1741 1511 opus
1769 1441 2099 1508 paraclt-tiet

514 1530 881 1585 consolatoris
913 1530 1092 1589 facit,
1137 1543 1332 1585 nomen
1389 1533 1574 1599 operis
1631 1530 1974 1603 dtdlgllallﬂ'.
2037 1530 2100 1584 Et

515 1619 664 1673 enim
693 1618 860 1673 David
890 1620 956 1673 ad
990 1619 1351 1673 Patrentdicit
1379 1637 1396 1672 :
1427 1618 1525 1684 Tu,
1551 1636 1578 1672 ο
1609 1618 1844 1683 Domine,
1877 1619 2104 1672 auxilia-

516 1719 601 1764 tus
649 1726 704 1763 es
745 1709 876 1764 mihi
922 1719 970 1763 et
1019 1710 1326 1764 consolatus
1377 1726 1432 1763 es
1494 1727 1572 1762 me
1596 1711 1734 1772 "-97,
1769 1719 1822 1764 et
1873 1725 2101 1780 magnus

513 1802 811 1870 Apostolus
844 1802 1030 1855 eadem
1060 1801 1128 1855 de
1157 1799 1318 1855 Patre
1357 1808 1626 1866 recenset,
1650 1801 1775 1852 dum
1804 1801 1958 1865 dicit,
2001 1800 2101 1854 Be-

514 1891 753 1946 nedictus
788 1891 928 1945 Deus
972 1901 1020 1945 et
1071 1891 1235 1946 Pater
1263 1892 1478 1947 Domini
1524 1894 1692 1947 nostri
1721 1892 1850 1946 Jesu
1879 1892 2098 1955 Christi,

510 1984 604 2053 qui
648 1983 954 2038 consolatur
1003 2000 1097 2037 nos
1150 1985 1207 2037 in
1260 1987 1401 2038 omni
1431 1985 1772 2044 tribulatione
1801 1999 1984 2039 nostra
2006 1985 2098 2038 9':

517 2072 716 2126 Filium
757 2085 936 2128 autem
967 2073 1208 2130 Joannes
1240 2075 1292 2127 in
1326 2091 1431 2129 una
1453 2076 1858 2129 Catholicarum
1890 2074 2102 2144 Episto-

517 2168 690 2219 larum
722 2175 910 2236 aperte
944 2170 1185 2220 nominat
1211 2169 1544 2236 paraelelum
1572 2168 1640 2233 ’9,
1679 2167 1731 2220 id
1778 2176 1864 2221 est
1912 2184 2100 2220 conso-

515 2259 756 2312 latorem.
787 2260 962 2328 Atque
1005 2260 1124 2328 ipse.
1169 2257 1429 2314 Dominus
1464 2275 1556 2328 per
1591 2274 1654 2313 ea
1703 2261 1863 2314 \erba
1904 2260 2102 2330 quibus

515 2351 673 2415 dixit,
707 2369 766 2405 sc
793 2351 958 2404 alium
1000 2350 1158 2405 nobis
1189 2351 1484 2404 missurum
1528 2367 1654 2405 esse
1698 2351 2029 2420 paracletum
2063 2352 2100 2415 ¹,

518 2445 568 2498 id
591 2453 696 2510 est,
729 2444 1140 2505 consolatorem,
1175 2443 1241 2498 de
1300 2443 1507 2514 Spiritu
1549 2446 1798 2513 loquens,
1833 2445 1887 2498 in
1923 2445 2104 2514 seipso

521 2538 749 2603 prorsus
775 2533 876 2588 hoc
905 2551 1104 2588 nomen
1146 2546 1271 2590 ante
1307 2534 1597 2590 confessus
1628 2543 1730 2590 est.
1760 2535 1894 2588 Cum
1924 2544 2103 2590 autem

523 2625 687 2692 liuius
705 2625 853 2679 verbi
882 2626 1220 2694 παρακαλεῖν
1246 2626 1556 2696 (consolari)
1588 2625 1659 2682 sit
1682 2627 1877 2695 duplex
1907 2626 2104 2697 signifi-

517 2719 683 2781 catio,
705 2733 810 2770 una
830 2719 1049 2786 quidem
1078 2734 1170 2787 per
1189 2719 1486 2772 honorilica
1516 2719 1675 2771 verba
1697 2727 1748 2772 et
1772 2719 1970 2788 ligni-as
1992 2719 2108 2787 qui-

519 2811 622 2863 bus
641 2826 764 2863 eum
783 2826 890 2878 quo
915 2809 1219 2878 indigemus
1249 2810 1313 2861 ad
1334 2811 1865 2864 eotttmiseratinnetn
1890 2809 2108 2862 adduci-

519 2918 642 2957 mus
667 2912 719 2956 et
752 2903 1022 2956 ﬂectimus
1048 2920 1062 2957 :
1092 2904 1260 2956 altera
1287 2918 1416 2954 vero
1444 2903 1636 2956 notitia
1672 2905 1914 2956 curati-ix
1940 2913 2022 2956 est
2055 2911 2108 2956 et

517 2996 760 3048 s:matrix
799 2994 1154 3048 alllictionum
1202 2995 1368 3047 animi
1398 3003 1451 3047 et
1481 2996 1765 3063 corporis;
1822 2994 2107 3063 utriusque

516 3087 808 3157 signilieati
839 3103 902 3140 ex
930 3102 1088 3157 mquo
1125 3097 1316 3139 sancta
1354 3088 1634 3155 Scriptura
1671 3099 1877 3141 natura:
1911 3087 2108 3142 divinae

2199 609 2587 676 Πιστεύομεν,
2621 608 2806 675 φησιν,
2842 609 2929 671 εὶς
2958 609 3064 659 τὸν
3093 606 3499 674 παράκλητον.
3548 607 3688 674 Ἐγω
3722 607 3781 658 δὲ

2199 701 2292 754 καὶ
2321 700 2453 754 αὐτὸ
2478 699 2636 753 τοῦτο
2659 700 2720 752 τὸ
2733 699 2903 766 ὄνομα
2928 699 3107 752 κοινὸν
3135 700 3336 769 ἔμαθον
3365 696 3501 752 εἶναι
3520 700 3665 770 παρὰ
3680 701 3784 768 τῆς

2200 790 2554 844 θεοπνεύστου
2587 791 2830 862 Γραφῆς,
2862 791 3071 861 Πατρός
3099 808 3159 842 τε
3190 791 3283 844 καὶ
3321 789 3451 842 Υἱοῦ
3485 791 3579 844 καὶ
3611 791 3778 842 Πνεῦ-

2205 897 2374 950 ματος
2417 880 2592 949 ἁγίου.
2638 880 2696 933 Ὀ
2737 881 2845 949 γὰρ
2893 879 3019 942 Υἱὸς
3048 880 3244 950 ἐπίσης
3283 881 3473 934 ἑαυτόν
3506 899 3564 933 τε
3595 883 3688 934 καὶ
3719 881 3782 934 τὸ

2201 971 2427 1043 Πνεῦμα
2463 972 2524 1025 τὸ
2558 963 2711 1040 ἅγιον
2753 970 3006 1041 ὀνομάζει
3047 971 3417 1042 Παράκλητον.
3457 973 3516 1026 '0
3558 974 3615 1026 δὲ
3663 975 3780 1027 Πα-

2201 1067 2304 1139 τὴρ
2335 1067 2402 1119 δι’
2431 1058 2507 1119 ὧν
2545 1066 2757 1136 ἐνεργεῖ
2777 1063 2875 1135 τὴν
2914 1062 3277 1136 παράκλησιν,
3325 1066 3616 1119 οἰκειοῦται
3645 1067 3781 1121 πάνθ

2199 1176 2308 1222 τως
2339 1156 2434 1210 τοῦ
2463 1155 2812 1228 παρακλήτου
2852 1155 2914 1208 τὸ
2942 1156 3130 1226 ὄνομα.
3179 1157 3252 1210 Οὐ
3282 1156 3391 1228 γὰρ
3421 1157 3485 1228 δὴ
3513 1158 3574 1211 τὸ
3619 1158 3782 1228 ἔργον

2202 1251 2368 1304 ποιῶν
2399 1249 2492 1301 τοῦ
2525 1247 3136 1319 παρακλήτου,ἀπαξιοῖ
3171 1248 3265 1302 τοῦ
3299 1249 3460 1320 ἔργου
3495 1251 3555 1304 τὸ
3586 1253 3775 1320 ὀνομα.

2205 1345 2271 1396 Ὅ
2312 1359 2374 1395 τε
2407 1340 2516 1412 γὰρ
2558 1340 2722 1393 Δαϐὶδ
2773 1340 2910 1410 πρὸς
2965 1340 3056 1392 τὸν
3086 1341 3306 1412 Πατέρα
3357 1344 3538 1412 φησιν,
3588 1346 3667 1397 ὅτι
3694 1345 3780 1398 Σὺ

2199 1436 2375 1502 Κύριε
2403 1431 2740 1500 ἐϐοήθησας
2775 1450 2877 1501 μοι
2909 1433 3002 1485 καὶ
3030 1433 3447 1502 παρεκάλεσάς
3476 1453 3553 1504 με
3573 1453 3586 1465 ·
3617 1439 3707 1491 καὶ
3751 1440 3782 1490 6

2205 1525 2376 1597 μέγας
2419 1523 2738 1586 ’Ᾱπὸστολος
2767 1523 2836 1576 τὰ
2887 1523 3026 1576 αὐτὰ
3054 1527 3178 1596 περὶ
3205 1526 3298 1578 τοῦ
3335 1527 3546 1597 Πατρδς
3578 1527 3783 1599 διεξέρ-

2202 1635 2373 1689 χεται,
2404 1616 2596 1685 λέγων,
2647 1617 2991 1686 Εὐλογητὸς
3032 1621 3065 1671 ὁ
3099 1619 3243 1685 Θεὸς
3286 1619 3383 1673 καὶ
3430 1622 3632 1687 Πατὴρ
3675 1623 3780 1675 τοῦ

2201 1710 2422 1776 Κυρίου
2440 1706 2609 1777 ἡμῶν·
2641 1708 2842 1770 Ἰησοῦ
2875 1710 3151 1776 Χριστοῦ,
3184 1713 3218 1764 ό
3246 1713 3608 1779 παρακαλῶν
3624 1714 3779 1781 ἡμᾶς

2201 1803 2299 1856 ἐπὶ
2337 1801 2504 1870 πάσῃ
2537 1800 2613 1869 τῇ
2642 1802 2842 1869 θλίψει
2873 1801 3058 1869 ἡμῶν.
3097 1802 3200 1855 Τὸν
3235 1802 3289 1855 δὲ
3319 1803 3445 1854 Υἱὸν
3470 1806 3498 1856 ὁ
3529 1805 3781 1876 Ἰωάννης

2204 1897 2260 1946 ἐν
2293 1895 2390 1965 μιᾷ
2415 1893 2522 1946 τῶν
2546 1891 2863 1945 Καθολικῶν
2901 1893 3227 1946 Ἐπιστολῶν
3259 1893 3549 1967 διαρρήδην
3587 1896 3782 1968 ὀνομά-

2203 1987 2285 2050 ζει.
2314 1985 2679 2056 παράκλητον.
2719 1987 2828 2038 Καὶ
2860 1986 3021 2048 αὐτὸς
3065 1986 3122 2039 δὲ
3159 1988 3186 2040 6
3212 1986 3433 2058 Κύριος,
3469 1989 3536 2042 δι’
3560 1985 3634 2045 ὧν
3660 1988 3779 2045 εἷπε

2203 2078 2299 2131 καὶ
2343 2077 2500 2132 ἄλλον
2552 2077 2901 2149 παράκλητον
2941 2079 3071 2148 ἡμῖν
3116 2079 3601 2150 ἀποσταλήσεσθαι,
3653 2083 3782 2154 περὶ

2202 2169 2294 2222 τοῦ
2328 2169 2645 2240 Πνεύματος
2676 2168 2869 2237 λέγων,
2902 2169 2986 2236 ἐφ’
3029 2169 3220 2222 ἑαυτοῦ
3266 2171 3482 2234 πάντως
3518 2172 3576 2224 τὸ
3611 2174 3782 2244 ὄνομα

2202 2259 2358 2312 τοῦτο
2383 2259 2822 2329 προωμολόγησε.
2853 2259 3055 2328 Διπλῆς
3077 2259 3132 2312 δὲ
3160 2259 3323 2330 οὔσης
3343 2261 3441 2330 τῆς
3471 2261 3564 2314 τοῦ
3591 2277 3780 2330 παρα-

2204 2350 2414 2404 καλεῖν
2445 2351 2741 2422 σημασίας,
2777 2352 2904 2420 μιᾶς
2952 2351 3069 2422 μὲν,
3094 2350 3182 2404 διὰ
3213 2351 3320 2405 τῶν
3353 2353 3654 2422 τιμητικῶν
3685 2357 3782 2423 ρη-

2208 2444 2393 2514 μάτων
2423 2461 2482 2496 τε
2510 2443 2603 2498 καὶ
2635 2444 2952 2514 σχημάτων,
2996 2442 3134 2513 ὑπὲρ
3164 2437 3238 2496 ὧν
3265 2444 3330 2497 ἄν
3363 2461 3504 2508 τινος
3541 2445 3780 2514 δεόμενοι

2205 2540 2492 2607 τύχωμεν,
2537 2537 2616 2598 εἰς
2669 2535 3012 2606 συμπάθειαν
3049 2535 3210 2588 αὐτὸν
3256 2537 3619 2603 ἐπαγόμενον
3666 2537 3785 2590 ἑτέο

2209 2647 2308 2700 ρας
2332 2628 2389 2680 δὲ
2414 2631 2512 2697 τῆς
2540 2628 2939 2698 θεραπευτικῆς
2965 2625 3074 2677 τῶν
3101 2626 3344 2696 ψυχικῶν
3383 2644 3441 2679 τε
3475 2630 3569 2680 καὶ
3601 2645 3783 2696 σωμα-

2205 2720 2372 2772 τικῶν
2417 2719 2758 2790 παθημάτων
2795 2719 3055 2782 ἐπινοίας,
3092 2718 3202 2772 τῶν
3241 2720 3360 2772 καθ’
3396 2721 3652 2790 ἑκάτερον
3688 2738 3785 2787 ση-

2211 2815 2550 2881 μαινομένων
2580 2811 2773 2880 ἐπίσης
2803 2812 2835 2879 i}
2872 2811 2999 2878 ἁγία
3030 2810 3219 2882 Γραφὴ
3263 2816 3674 2884 προσμαρτυρεῖ
3715 2815 3782 2884 τῇ

2209 2907 2330 2978 θείᾳ
2364 2907 2520 2975 φύσει
2568 2905 2661 2958 τοῦ
2711 2906 3062 2976 παρακλήτου
3105 2906 3205 2976 τὴν
3259 2907 3482 2961 ἔννοιαν.
3529 2907 3644 2960 Νῦν
3686 2908 3785 2978 μὲν

2207 2999 2313 3071 γὰρ
2342 3001 2370 3051 6
2402 2998 2610 3059 Παῦλος
2647 2997 2745 3064 τὴν
2789 2999 3036 3068 ἰατρικὴν
3077 2997 3235 3067 ἡμῶν
3268 2998 3358 3050 τοῦ
3390 2999 3522 3051 Θεοῦ
3557 2999 3784 3069 δύναμιν

2207 3090 2295 3144 διὰ
2327 3090 2426 3159 τῆς
2475 3087 2874 3158 παρακλήσεως
2919 3091 3049 3159 ἡμῖν
3096 3090 3414 3160 παρίστησι,
3465 3091 3668 3159 λέγων·
3719 3093 3786 3144 '0

519 3181 795 3234 notionem
817 3179 1073 3247 paracleti
1098 3181 1353 3248 assignat.
1379 3176 1536 3230 Modo
1556 3179 1772 3246 quidem
1796 3178 1994 3232 Paulus
2014 3179 2102 3233 Dei

2209 3173 2575 3244 παρακαλῶν
2623 3176 2759 3240 τοὺς
2781 3176 3118 3241 ταπεινοὺς,
3173 3179 3588 3243 παρεκάλεσεν
3629 3181 3788 3249 ἡμᾶς

520 3274 844 3326 sanatricem
870 3273 1040 3324 nostri
1061 3273 1315 3324 virtutem
1342 3286 1437 3340 per
1463 3273 1782 3338 paraclesim
1810 3286 2109 3340 repraesen-

520 3373 618 3423 tat,
637 3364 844 3425 dicens,
879 3361 1558 3428 Quiconsolaturhumiles,
1589 3363 1891 3416 consolatus
1912 3376 1987 3416 est
2017 3381 2108 3418 nos

524 3459 661 3509 Deus
693 3457 746 3508 in
774 3455 997 3507 adventu
1030 3452 1194 3506 Titi'.
1230 3452 1442 3507 Rursus
1471 3455 1523 3506 in
1555 3455 1725 3507 altera
1759 3455 2107 3526 intelligentia

521 3551 636 3602 sive
662 3547 1058 3616 signiﬁcatione
1077 3547 1142 3598 ad
1158 3545 1472 3598 Corinthios
1493 3545 1742 3599 scribens
1769 3546 1880 3599 haec
1899 3559 2107 3614 narrat,

526 3641 631 3693 Pro
646 3639 856 3693 Christo
873 3638 1126 3707 legatione
1141 3637 1409 3706 fungimur
1423 3647 1670 3706 tanquam
1686 3637 1790 3690 Deo
1801 3640 2110 3692 exhortante

523 3751 613 3800 per
634 3731 1103 3786 nos.0bsecramus
1130 3747 1225 3800 pro
1248 3729 1479 3792 Christo,
1499 3732 1915 3784 reconciliamini
1942 3733 2045 3786 Deo
2064 3733 2106 3788 ³.

595 3831 725 3890 Quae
757 3839 879 3876 cum
914 3826 984 3876 ita
1018 3824 1149 3885 sint,
1195 3825 1758 3896 quomodocunquein
1781 3825 1987 3893 Spiritu
2017 3843 2107 3880 no.

524 3933 646 3970 men
684 3915 948 3969 Paraeleti
991 3915 1350 3977 intellexeris,
1405 3930 1512 3968 non
1568 3931 1595 3968 a
1633 3913 1813 3969 Patris
1876 3915 2108 3986 Filiique

524 4010 908 4064 communione
960 4007 1260 4061 secundum
1318 4016 1614 4076 utrumque
1675 4009 2105 4078 signiticatorum

523 4101 790 4157 discedcs.
823 4100 936 4153 Non
964 4101 1133 4169 igitur
1156 4100 1208 4151 in
1239 4101 1337 4152 hac
1383 4110 1536 4168 parte
1563 4115 1738 4169 neque
1769 4102 1958 4154 volens
1993 4101 2108 4170 Spi-

522 4193 663 4247 ritus
689 4190 858 4244 saneti
887 4189 1116 4258 gloriam
1139 4187 1448 4256 deprimere
1482 4190 1680 4257 pomit,
1710 4188 1838 4240 illud
1874 4189 1923 4242 ei
1949 4191 2106 4241 attri-

525 4279 856 4348 buensquod
876 4280 1092 4347 quidem
1123 4276 1267 4330 Patri
1299 4285 1353 4329 et
1380 4275 1518 4331 Filio
1543 4295 1569 4328 a
1603 4286 1790 4331 sancta
1823 4276 2104 4348 Scriptura

526 4373 840 4428 ascribitur.
875 4369 1138 4439 Spiritum
1173 4377 1352 4421 autem
1386 4368 1628 4420 veritatis
1654 4383 1777 4420 cum
1831 4367 1966 4420 dixit
1998 4369 2104 4420 Eu-

523 4463 761 4527 nomius,
800 4463 914 4530 ipse
940 4460 1183 4530 quidem,
1216 4461 1358 4513 sicut
1393 4459 1607 4527 opinor,
1645 4459 1746 4512 hac
1777 4475 1907 4513 voce
1935 4461 2104 4512 voluit

2209 3266 2280 3318 ἐν
2311 3263 2382 3332 τῇ
2414 3265 2718 3333 παρουσίᾳ
2755 3266 2944 3320 Τίτου.
2995 3267 3164 3321 Πάλιν
3199 3269 3254 3320 δὲ
3289 3270 3427 3322 κατὰ
3457 3271 3555 3341 τὴν
3595 3272 3788 3342 ἑτέραν

2209 3355 2445 3409 διάνοιαν
2470 3357 2604 3426 πρὸς
2631 3358 2756 3419 τοὺς
2784 3357 3099 3427 Κορινθίους
3127 3359 3372 3428 γράφων,
3401 3360 3571 3413 ταῦτα
3605 3361 3788 3427 διέξει-

2213 3461 2314 3503 σιν,
2354 3446 2434 3497 ὅτι
2477 3445 2644 3513 Ὑπὲρ
2674 3446 2929 3513 Χριστοῦ
2953 3447 3358 3513 πρεσϐεύομεν
3381 3447 3460 3512 ὡς
3486 3448 3592 3501 τοῦ
3637 3449 3787 3501 Θεοῦ

2210 3538 2705 3604 παρακαίοῦντος
2731 3537 2806 3589 δι’
2831 3536 3017 3605 ἡμῶν.
3043 3539 3294 3606 Δεόμεθα
3327 3537 3476 3605 ὑπὲρ
3506 3540 3784 3607 Χριστοῦ,

2210 3628 2626 3698 καταλλάγητε
2653 3627 2731 3694 τῷ
2762 3627 2902 3692 Θεῷ.

2279 3811 2496 3864 Τούτων
2556 3807 2648 3863 οὖν
2697 3808 2867 3870 οὕτως
2914 3808 3176 3878 ἑχόντων,
3232 3809 3379 3872 ὅπως
3430 3809 3495 3862 ἂν
3545 3810 3638 3863 ἐπὶ
3691 3809 3786 3863 τοῦ

2209 3903 2524 3972 Πνεύματος
2569 3902 2768 3973 νοήσῃς
2798 3902 2892 3956 τοῦ
2947 3901 3298 3970 παρακλήτου
3344 3901 3405 3954 τὸ
3452 3902 3639 3971 ὄνομα.
3687 3904 3785 3972 τῆς

2206 3997 2300 4050 τοῦ
2331 3996 2542 4066 Πατρός
2573 4012 2632 4047 τε
2664 3996 2758 4048 καὶ
2785 3992 2880 4046 τοῦ
2921 3992 3054 4044 Υἰοῦ
3099 3992 3397 4056 κοινωνίας,
3430 3993 3550 4046 καθ’
3598 3995 3788 4046 ἑκάτε-

2214 4108 2303 4162 ρον
2331 4089 2439 4143 τῶν
2473 4086 2910 4160 σημαινομένων,
2941 4087 3040 4138 οὐκ
3091 4087 3438 4155 ἀποστήσεις.
3489 4087 3696 4138 Οὐκοῦν
3727 4089 3788 4138 ἐν

2206 4180 2284 4249 τῷ
2315 4181 2471 4251 μέρει
2496 4179 2666 4247 τούτῳ
2697 4178 2816 4231 οὐδὲ
2843 4177 3164 4246 βουλόμενος
3195 4177 3654 4246 κατασμικρύνειν
3686 4179 3786 4246 τὴν

2207 4273 2298 4326 τοῦ
2339 4273 2494 4340 ἁγίου
2529 4270 2843 4338 Πνεύματος
2871 4269 3025 4332 δόξαν
3056 4268 3358 4336 δεδύνηται.
3407 4271 3578 4321 ἐκεῖνο
3612 4286 3784 4338 προσ-

2209 4365 2502 4436 μαρτυρῶν
2552 4362 2717 4432 αὺτῷ,
2753 4363 2888 4432 ὅπερ
2932 4361 3025 4414 καὶ
3071 4361 3152 4430 τῷ
3199 4360 3371 4429 Πατρὶ
3413 4362 3505 4414 καὶ
3553 4361 3628 4430 τῷ
3672 4361 3785 4433 Υἱῷ

2206 4458 2359 4528 παρὰ
2391 4457 2491 4525 τῆς
2517 4455 2678 4523 ἁγίας
2706 4455 2928 4524 Γραφῆς
2954 4452 3282 4505 ἀνατίθεται.
3324 4452 3545 4522 Πνεῦμα
3571 4453 3628 4505 δὲ
3653 4455 3786 4523 ἁλη-

521 4555 653 4625 quid
682 4554 960 4608 subditum
997 4559 1265 4606 astruere.
1296 4549 1578 4619 Siquidem
1616 4553 1818 4604 veritas
1850 4552 2102 4606 Christus

2209 4548 2358 4610 Θείας
2386 4545 2552 4600 εἰπὼν
2597 4545 2876 4612 Εὑνὸμιος,
2911 4541 3072 4604 αὐτὸς
3104 4543 3223 4612 μὲν,
3264 4542 3338 4603 ὡς
3363 4535 3534 4610 οἶμαι,
3562 4540 3624 4593 τὸ
3653 4541 3787 4592 ὑπο-

524 4656 635 4703 est.
664 4643 816 4698 illum
868 4652 1046 4698 autem
1082 4643 1348 4713 Spiritum
1378 4643 1624 4695 veritatis
1659 4643 1980 4696 nominavit.
2026 4644 2103 4697 Ac

524 4739 570 4791 si
607 4738 730 4805 quis
754 4735 900 4789 dicat
929 4745 1239 4788 creaturam
1278 4733 1527 4788 veritatis
1562 4749 1685 4788 esse
1714 4744 1766 4786 et
1801 4736 2100 4796 subditum,

523 4829 778 4882 nesciens
825 4825 970 4895 quod
1026 4823 1166 4877 Deus
1201 4824 1413 4893 justitia
1471 4823 1702 4884 dicitur;
1762 4840 1938 4895 neque
1973 4841 2106 4880 sane

525 4927 828 4973 creaturam
857 4917 1086 4986 justitia:
1130 4915 1298 4970 Deum
1340 4916 1716 4984 intelligimus.
1768 4919 1947 4981 Quare
1977 4931 2100 4969 cum

518 5013 788 5084 Spiritum
811 5010 1054 5062 veritatis
1075 5007 1390 5069 didicimus,
1425 5008 1527 5060 hac
1550 5024 1680 5061 voce
1717 5008 1825 5060 Deo
1850 5007 2102 5061 deroram

525 5099 938 5169 intelligentiam
996 5098 1330 5167 accepimus,
1371 5097 1522 5150 illato
1566 5112 1820 5150 sermone
1847 5098 1914 5149 ad
1956 5112 2103 5164 prte-

523 5193 763 5247 stantius
817 5198 872 5244 et
930 5191 1124 5244 melius
1156 5189 1311 5258 quasi
1362 5203 1526 5242 manu
1579 5189 1749 5243 ducti.
1783 5189 1917 5241 Cum
1958 5188 2104 5240 enim

525 5284 660 5335 dixit
693 5281 1259 5350 Dominus,Spiritum
1282 5281 1538 5336 veritatis.
1581 5280 1764 5333 statim
1797 5278 2104 5346 subjunxit,

524 5376 612 5442 qui
660 5391 694 5427 a
750 5373 912 5426 Patre
951 5373 1182 5440 procedit
1210 5373 1250 5424 ⁸.
1282 5372 1435 5437 Quod
1468 5371 1686 5440 quidem
1739 5371 1871 5424 nulli
1910 5385 2099 5423 eorum

526 5480 646 5533 qua:
674 5466 728 5517 in
762 5466 1040 5518 creatione
1068 5463 1558 5533 intelligunturvox
1585 5461 1796 5514 Domini
1828 5462 2098 5520 attrilmil.

525 5574 633 5612 non
669 5558 735 5614 iis
763 5573 883 5629 quae
914 5557 1185 5619 videntur,
1217 5571 1324 5609 non
1363 5555 1469 5609 illis
1498 5571 1616 5624 qua:
1641 5557 1887 5608 obtutum
1914 5554 2103 5607 oculo-

595 5716 712 5747 ’θ’θ’
745 5719 884 5768 ιέειι.
911 5728 1148 5772 Lxxxvn,
1169 5713 1252 5766 17.
1333 5712 1378 5743 ⁸³
1410 5711 1452 5765 ll
1484 5712 1606 5768 Cor.
1629 5729 1664 5777 ι,
1688 5713 1744 5778 5,
1768 5713 1815 5766 4.

524 5802 579 5852 ν,
617 5785 705 5841 9.0.
783 5787 804 5815 ’⁵
855 5783 1012 5838 .Ιυ.;ιι.
1042 5801 1126 5851 xv,
1160 5783 1251 5837 ‘26.

1912 5713 1954 5744 ’θ
1980 5711 1994 5763 l
2022 5711 2254 5774 .lu:tn.tl,
2281 5709 2332 5762 1.

2205 4640 2408 4710 χείριον
2438 4635 2709 4706 ἠϐουλήθη
2753 4634 2840 4687 διὰ.
2870 4635 2969 4702 τῆς
3002 4633 3257 4700 τοιαύτης
3296 4634 3642 4702 παραστῆσαι
3673 4650 3785 4701 φω-

2205 4733 2322 4800 νῆς.
2369 4727 2587 4790 Ἐπειδὴ
2628 4726 2852 4796 ἀλήθεια
2893 4727 2990 4796 μὲν
3041 4724 3070 4774 6
3111 4724 3342 4794 Χριστός
3377 4724 3555 4774 ἐστιν·
3609 4722 3786 4773 ἐκεῖνο

2205 4821 2260 4872 δὲ
2313 4817 2537 4888 Πνεῦμα
2586 4816 2842 4887 ἀληθείας
2897 4816 3197 4886 ὠνόμασεν.
3255 4815 3341 4876 Ὠς
3397 4815 3449 4866 εἰ
3497 4830 3581 4876 τις
3636 4813 3786 4878 λέγοι

2206 4913 2390 4980 κτῆμα
2428 4911 2528 4979 τῆς
2553 4908 2807 4976 ἀληθείας
2841 4903 2978 4960 εἶναι
3008 4907 3102 4960 καὶ
3128 4905 3456 4976 ὑποχείριον,
3487 4905 3587 4958 οὐκ
3629 4903 3786 4966 εἰδὼς

2205 5003 2287 5055 ὅτι
2333 5000 2643 5069 δικαιοσύνη
2673 5000 2701 5051 6
2730 4998 2860 5062 Θεὸς
2892 4999 3108 5065 λέγεται
3129 5013 3143 5025 ο
3177 4997 3270 5049 καὶ
3303 4997 3361 5047 οὐ
3389 4997 3560 5065 δήπου
3599 4995 3784 5063 κτῆμα

2206 5093 2306 5160 τῆς
2334 5092 2678 5160 δικαιοσύνης
2714 5089 2806 5142 τὸν
2853 5089 2985 5141 Θεὸν
3027 5089 3350 5158 ὲνοήσαμεν.
3392 5086 3551 5138 Ὥστε
3588 5085 3682 5138 καὶ
3722 5085 3784 5136 τὸ

2207 5184 2431 5253 Πνεῦμα
2461 5183 2560 5250 τῆς
2606 5180 2864 5250 ἀληθείας
2910 5178 3190 5250 μαθόντες,
3221 5177 3320 5245 τὴν
3350 5177 3624 5246 θεοπρεπῆ
3670 5175 3757 5229 διὰ

2205 5295 2354 5330 νοιαν
2376 5274 2524 5343 παρὰ
2550 5276 2648 5343 τῆς
2672 5274 2852 5342 φωνῆς
2881 5267 3202 5339 ἐδεξάμεθα,
3228 5267 3306 5337 τῷ
3326 5269 3612 5337 ὲπαχθέντι
3641 5267 3785 5336 λόγῳ

2209 5369 2346 5437 πρὸς
2369 5367 2428 5419 τὸ
2455 5367 2699 5436 κρεῖττον
2723 5360 3242 5434 χειραγωγούμενοι.
3277 5357 3459 5411 Εἰπὼν
3488 5359 3594 5428 γὰρ
3617 5360 3644 5410 6
3672 5357 3783 5409 Κύ-

2212 5477 2344 5531 ριος,
2383 5457 2454 5512 Τὸ
2483 5455 2726 5524 Πνεῦμα
2758 5455 2868 5521 τῆς
2898 5452 3199 5520 ἀληθείας,
3230 5451 3507 5520 ἐπήγαγεν
3539 5449 3719 5512 εὐθὺς,
3749 5449 3782 5501 ὂ

2209 5549 2366 5618 παρὰ
2393 5547 2497 5602 τοῦ
2527 5545 2754 5613 Πατρός
2782 5543 3364 5612 ὲκπορεύεται.”υπερ
3385 5540 3558 5593 οὐδενὶ
3585 5539 3694 5591 τῶν
3729 5540 3785 5591 ἐν

3550 5699 3570 5731 ³
3591 5697 3633 5753 ll
3655 5698 3782 5754 Cur.

2425 5708 2440 5739 ¹
2478 5706 2633 5762 Joan.
2653 5721 2762 5772 xw,
2789 5705 2952 5771 7,15.
3027 5705 3046 5733 ²
3078 5703 3119 5756 ιι
3148 5703 3272 5759 Cor.
3296 5717 3393 5769 vn,
3417 5700 3470 5755 6.
