  <div class='ocr_page' id='page_1' title='image "/cluster/home/n/w/nwhite01/storage/ocr_20150623/45/nnc1.0046978445/288.png"; bbox 0 0 4146 6370; ppageno 0'>
   <div class='ocr_carea' id='block_1_1' title="bbox 326 361 441 418">
    <p class='ocr_par' dir='ltr' id='par_1_1' title="bbox 326 361 441 418">
     <span class='ocr_line' id='line_1_1' title="bbox 326 361 441 418; baseline 0.017 -1"><span class='ocrx_word' id='word_1_1' title='bbox 326 361 441 418; x_wconf 67' lang='lat'><strong>555</strong></span> 
     </span>
    </p>
   </div>
   <div class='ocr_carea' id='block_1_2' title="bbox 1459 371 2442 438">
    <p class='ocr_par' dir='ltr' id='par_1_2' title="bbox 1459 371 2442 438">
     <span class='ocr_line' id='line_1_2' title="bbox 1459 371 2442 438; baseline 0.001 -11"><span class='ocrx_word' id='word_1_2' title='bbox 1459 371 1744 428; x_wconf 75' lang='lat' dir='ltr'><strong>CONTRA</strong></span> <span class='ocrx_word' id='word_1_3' title='bbox 1781 371 2175 438; x_wconf 70' lang='lat' dir='ltr'><strong>EUNOMIUM,</strong></span> <span class='ocrx_word' id='word_1_4' title='bbox 2208 373 2336 427; x_wconf 88' lang='lat' dir='ltr'><strong>LIB.</strong></span> <span class='ocrx_word' id='word_1_5' title='bbox 2381 376 2442 428; x_wconf 85' lang='lat' dir='ltr'><strong>li.</strong></span> 
     </span>
    </p>
   </div>
   <div class='ocr_carea' id='block_1_3' title="bbox 3509 379 3612 433">
    <p class='ocr_par' dir='ltr' id='par_1_3' title="bbox 3509 379 3612 433">
     <span class='ocr_line' id='line_1_3' title="bbox 3509 379 3612 433; baseline 0 0"><span class='ocrx_word' id='word_1_6' title='bbox 3509 379 3612 433; x_wconf 58' lang='lat'><strong>533$</strong></span> 
     </span>
    </p>
   </div>
   <div class='ocr_carea' id='block_1_4' title="bbox 335 482 1937 564">
    <p class='ocr_par' dir='ltr' id='par_1_4' title="bbox 335 482 1919 562">
     <span class='ocr_line' id='line_1_4' title="bbox 335 482 1919 562; baseline 0.005 -25"><span class='ocrx_word' id='word_1_7' title='bbox 335 488 403 556; x_wconf 78' lang='grc' dir='ltr'>τῇ</span> <span class='ocrx_word' id='word_1_8' title='bbox 435 482 607 538; x_wconf 80' lang='grc' dir='ltr'>κτίσει</span> <span class='ocrx_word' id='word_1_9' title='bbox 635 486 939 556; x_wconf 81' lang='grc' dir='ltr'><strong>νοουμένων</strong></span> <span class='ocrx_word' id='word_1_10' title='bbox 969 488 1001 558; x_wconf 83' lang='grc' dir='ltr'>ἡ</span> <span class='ocrx_word' id='word_1_11' title='bbox 1048 485 1198 559; x_wconf 80' lang='grc' dir='ltr'>φωνὴ</span> <span class='ocrx_word' id='word_1_12' title='bbox 1232 489 1324 542; x_wconf 84' lang='grc' dir='ltr'><strong>τοῦ</strong></span> <span class='ocrx_word' id='word_1_13' title='bbox 1356 490 1562 562; x_wconf 78' lang='grc' dir='ltr'>Κυρίου</span> <span class='ocrx_word' id='word_1_14' title='bbox 1599 508 1919 562; x_wconf 85' lang='grc' dir='ltr'>προσεμαρ-</span> 
     </span>
    </p>
   </div>
   <div class='ocr_carea' id='block_1_5' title="bbox 2040 482 3608 564">
    <p class='ocr_par' dir='ltr' id='par_1_5' title="bbox 2040 491 3608 564">
     <span class='ocr_line' id='line_1_5' title="bbox 2040 491 3608 564; baseline 0.004 -20"><span class='ocrx_word' id='word_1_15' title='bbox 2040 506 2146 544; x_wconf 73' lang='lat' dir='ltr'><strong>‘um</strong></span> <span class='ocrx_word' id='word_1_16' title='bbox 2173 491 2458 562; x_wconf 64' lang='lat' dir='ltr'><strong>eiiugiunt,</strong></span> <span class='ocrx_word' id='word_1_17' title='bbox 2499 506 2605 545; x_wconf 91' lang='lat' dir='ltr'><strong>non</strong></span> <span class='ocrx_word' id='word_1_18' title='bbox 2633 492 2872 554; x_wconf 89' lang='lat' dir='ltr'><strong>throuis,</strong></span> <span class='ocrx_word' id='word_1_19' title='bbox 2914 508 3022 546; x_wconf 93' lang='lat' dir='ltr'><strong>nou</strong></span> <span class='ocrx_word' id='word_1_20' title='bbox 3050 495 3468 564; x_wconf 68' lang='lat' dir='ltr'><strong>principatibus,</strong></span> <span class='ocrx_word' id='word_1_21' title='bbox 3501 513 3608 550; x_wconf 82' lang='lat' dir='ltr'><strong>non</strong></span> 
     </span>
    </p>
   </div>
   <div class='ocr_carea' id='block_1_6' title="bbox 336 580 1929 656">
    <p class='ocr_par' dir='ltr' id='par_1_6' title="bbox 336 580 1929 656">
     <span class='ocr_line' id='line_1_6' title="bbox 336 580 1929 656; baseline 0.004 -25"><span class='ocrx_word' id='word_1_22' title='bbox 336 580 592 650; x_wconf 87' lang='grc' dir='ltr'>τύρησεν,</span> <span class='ocrx_word' id='word_1_23' title='bbox 621 581 682 633; x_wconf 80' lang='grc' dir='ltr'>οὐ</span> <span class='ocrx_word' id='word_1_24' title='bbox 711 583 821 644; x_wconf 84' lang='grc' dir='ltr'>τοῖς</span> <span class='ocrx_word' id='word_1_25' title='bbox 845 581 1162 652; x_wconf 78' lang='grc' dir='ltr'><strong>ὁρωμένοις,</strong></span> <span class='ocrx_word' id='word_1_26' title='bbox 1197 585 1258 636; x_wconf 83' lang='grc' dir='ltr'>οὐ</span> <span class='ocrx_word' id='word_1_27' title='bbox 1297 587 1407 648; x_wconf 88' lang='grc' dir='ltr'>τοῖς</span> <span class='ocrx_word' id='word_1_28' title='bbox 1430 586 1703 654; x_wconf 75' lang='grc' dir='ltr'>ἁοράτοις,</span> <span class='ocrx_word' id='word_1_29' title='bbox 1727 586 1787 636; x_wconf 89' lang='grc' dir='ltr'><strong>οὐ</strong></span> <span class='ocrx_word' id='word_1_30' title='bbox 1811 585 1929 656; x_wconf 86' lang='grc' dir='ltr'>θρό-</span> 
     </span>
    </p>
   </div>
   <div class='ocr_carea' id='block_1_7' title="bbox 339 674 1927 748">
    <p class='ocr_par' dir='ltr' id='par_1_7' title="bbox 339 674 1927 748">
     <span class='ocr_line' id='line_1_7' title="bbox 339 674 1927 748; baseline 0.003 -24"><span class='ocrx_word' id='word_1_31' title='bbox 339 690 470 736; x_wconf 87' lang='grc' dir='ltr'>νοις,</span> <span class='ocrx_word' id='word_1_32' title='bbox 482 674 582 726; x_wconf 75' lang='grc' dir='ltr'><strong>οὐκ</strong></span> <span class='ocrx_word' id='word_1_33' title='bbox 595 675 807 744; x_wconf 79' lang='grc' dir='ltr'><strong>ἀρχαῖς,</strong></span> <span class='ocrx_word' id='word_1_34' title='bbox 824 675 923 727; x_wconf 84' lang='grc' dir='ltr'><strong>ούκ</strong></span> <span class='ocrx_word' id='word_1_35' title='bbox 941 675 1231 740; x_wconf 77' lang='grc' dir='ltr'>ἐξουσίαις,</span> <span class='ocrx_word' id='word_1_36' title='bbox 1245 677 1304 728; x_wconf 83' lang='grc' dir='ltr'><strong>ού</strong></span> <span class='ocrx_word' id='word_1_37' title='bbox 1321 677 1544 748; x_wconf 87' lang='grc' dir='ltr'>κυριότη</span> <span class='ocrx_word' id='word_1_38' title='bbox 1553 695 1655 741; x_wconf 91' lang='grc' dir='ltr'>σιν,</span> <span class='ocrx_word' id='word_1_39' title='bbox 1669 677 1770 731; x_wconf 76' lang='grc' dir='ltr'>οὐκ</span> <span class='ocrx_word' id='word_1_40' title='bbox 1783 678 1927 748; x_wconf 81' lang='grc' dir='ltr'>ἄλλῳ</span> 
     </span>
    </p>
   </div>
   <div class='ocr_carea' id='block_1_8' title="bbox 337 765 1926 841">
    <p class='ocr_par' dir='ltr' id='par_1_8' title="bbox 337 765 1926 841">
     <span class='ocr_line' id='line_1_8' title="bbox 337 765 1926 841; baseline 0.003 -23"><span class='ocrx_word' id='word_1_41' title='bbox 337 766 443 818; x_wconf 78' lang='grc' dir='ltr'>τινὶ</span> <span class='ocrx_word' id='word_1_42' title='bbox 486 765 871 837; x_wconf 77' lang='grc' dir='ltr'><strong>ὀνομαζομένῳ</strong></span> <span class='ocrx_word' id='word_1_43' title='bbox 899 767 1123 837; x_wconf 83' lang='grc' dir='ltr'>ὀνόματι</span> <span class='ocrx_word' id='word_1_44' title='bbox 1144 782 1160 798; x_wconf 74' lang='grc'><strong>⁸</strong></span> <span class='ocrx_word' id='word_1_45' title='bbox 1204 766 1326 820; x_wconf 77' lang='grc' dir='ltr'>οὔτε</span> <span class='ocrx_word' id='word_1_46' title='bbox 1363 769 1420 822; x_wconf 88' lang='grc' dir='ltr'><strong>ἐν</strong></span> <span class='ocrx_word' id='word_1_47' title='bbox 1443 768 1522 838; x_wconf 80' lang='grc' dir='ltr'>τῷ</span> <span class='ocrx_word' id='word_1_48' title='bbox 1551 770 1707 823; x_wconf 83' lang='grc' dir='ltr'>αίῶνι</span> <span class='ocrx_word' id='word_1_49' title='bbox 1728 770 1926 841; x_wconf 86' lang='grc' dir='ltr'>τούτῳ,</span> 
     </span>
    </p>
   </div>
   <div class='ocr_carea' id='block_1_9' title="bbox 339 853 1926 932">
    <p class='ocr_par' dir='ltr' id='par_1_9' title="bbox 339 853 1926 932">
     <span class='ocr_line' id='line_1_9' title="bbox 339 853 1926 932; baseline 0.003 -22"><span class='ocrx_word' id='word_1_50' title='bbox 339 856 462 910; x_wconf 74' lang='grc' dir='ltr'>οὔτε</span> <span class='ocrx_word' id='word_1_51' title='bbox 479 859 535 912; x_wconf 86' lang='grc' dir='ltr'><strong>ἐν</strong></span> <span class='ocrx_word' id='word_1_52' title='bbox 553 857 631 928; x_wconf 84' lang='grc' dir='ltr'>τῷ</span> <span class='ocrx_word' id='word_1_53' title='bbox 649 858 912 926; x_wconf 84' lang='grc' dir='ltr'>μέλλοντι.</span> <span class='ocrx_word' id='word_1_54' title='bbox 935 853 1008 913; x_wconf 61' lang='lat' dir='ltr'><strong>DE</strong></span> <span class='ocrx_word' id='word_1_55' title='bbox 1025 860 1202 912; x_wconf 86' lang='grc' dir='ltr'>τοίνυν</span> <span class='ocrx_word' id='word_1_56' title='bbox 1224 862 1374 913; x_wconf 82' lang='grc' dir='ltr'>πᾶσα</span> <span class='ocrx_word' id='word_1_57' title='bbox 1397 861 1430 932; x_wconf 81' lang='grc' dir='ltr'>ἡ</span> <span class='ocrx_word' id='word_1_58' title='bbox 1449 861 1625 924; x_wconf 82' lang='grc' dir='ltr'>κτίσις</span> <span class='ocrx_word' id='word_1_59' title='bbox 1639 862 1926 932; x_wconf 82' lang='grc' dir='ltr'><strong>ἀμέτοχος,</strong></span> 
     </span>
    </p>
   </div>
   <div class='ocr_carea' id='block_1_10' title="bbox 337 950 1930 1024">
    <p class='ocr_par' dir='ltr' id='par_1_10' title="bbox 337 950 1930 1024">
     <span class='ocr_line' id='line_1_10' title="bbox 337 950 1930 1024; baseline 0.003 -20"><span class='ocrx_word' id='word_1_60' title='bbox 337 951 498 1023; x_wconf 86' lang='grc' dir='ltr'>δῆλον</span> <span class='ocrx_word' id='word_1_61' title='bbox 525 950 592 1004; x_wconf 85' lang='grc' dir='ltr'>ἂν</span> <span class='ocrx_word' id='word_1_62' title='bbox 621 952 703 1022; x_wconf 74' lang='grc' dir='ltr'>εἴη</span> <span class='ocrx_word' id='word_1_63' title='bbox 737 952 950 1016; x_wconf 86' lang='grc' dir='ltr'>πάντως</span> <span class='ocrx_word' id='word_1_64' title='bbox 971 954 1051 1006; x_wconf 85' lang='grc' dir='ltr'>ὅτι</span> <span class='ocrx_word' id='word_1_65' title='bbox 1090 953 1248 1006; x_wconf 88' lang='grc' dir='ltr'>τοῦτο</span> <span class='ocrx_word' id='word_1_66' title='bbox 1287 953 1388 1022; x_wconf 85' lang='grc' dir='ltr'>τῆς</span> <span class='ocrx_word' id='word_1_67' title='bbox 1424 954 1679 1008; x_wconf 85' lang='grc' dir='ltr'>ἀκτίστου</span> <span class='ocrx_word' id='word_1_68' title='bbox 1715 955 1930 1024; x_wconf 84' lang='grc' dir='ltr'>φύσεως</span> 
     </span>
    </p>
   </div>
   <div class='ocr_carea' id='block_1_11' title="bbox 344 1039 1930 1117">
    <p class='ocr_par' dir='ltr' id='par_1_11' title="bbox 344 1039 1930 1117">
     <span class='ocr_line' id='line_1_11' title="bbox 344 1039 1930 1117; baseline 0.004 -22"><span class='ocrx_word' id='word_1_69' title='bbox 344 1044 469 1098; x_wconf 78' lang='grc' dir='ltr'>ἴδιόν</span> <span class='ocrx_word' id='word_1_70' title='bbox 488 1047 601 1098; x_wconf 86' lang='grc' dir='ltr'>ἐστι</span> <span class='ocrx_word' id='word_1_71' title='bbox 623 1047 716 1099; x_wconf 55' lang='grc' dir='ltr'><strong>καὶ⁸</strong></span> <span class='ocrx_word' id='word_1_72' title='bbox 739 1045 1034 1117; x_wconf 83' lang='grc' dir='ltr'>ἐξαίρετον.</span> <span class='ocrx_word' id='word_1_73' title='bbox 1055 1039 1222 1110; x_wconf 76' lang='grc' dir='ltr'>Οὗτος</span> <span class='ocrx_word' id='word_1_74' title='bbox 1242 1046 1300 1100; x_wconf 84' lang='grc' dir='ltr'>δὲ</span> <span class='ocrx_word' id='word_1_75' title='bbox 1325 1047 1599 1100; x_wconf 83' lang='grc' dir='ltr'>πιστεύειν</span> <span class='ocrx_word' id='word_1_76' title='bbox 1617 1048 1827 1102; x_wconf 86' lang='grc' dir='ltr'>κελεύει</span> <span class='ocrx_word' id='word_1_77' title='bbox 1850 1051 1930 1111; x_wconf 86' lang='grc' dir='ltr'><strong>είς</strong></span> 
     </span>
    </p>
   </div>
   <div class='ocr_carea' id='block_1_12' title="bbox 341 1139 1929 1211">
    <p class='ocr_par' dir='ltr' id='par_1_12' title="bbox 341 1139 1929 1211">
     <span class='ocr_line' id='line_1_12' title="bbox 341 1139 1929 1211; baseline 0.003 -21"><span class='ocrx_word' id='word_1_78' title='bbox 341 1140 430 1192; x_wconf 74' lang='grc' dir='ltr'>τὸν</span> <span class='ocrx_word' id='word_1_79' title='bbox 465 1139 785 1211; x_wconf 84' lang='grc' dir='ltr'>καθηγητὴν</span> <span class='ocrx_word' id='word_1_80' title='bbox 807 1142 903 1210; x_wconf 77' lang='grc' dir='ltr'>τῆς</span> <span class='ocrx_word' id='word_1_81' title='bbox 931 1139 1231 1203; x_wconf 85' lang='grc' dir='ltr'>εὐσεϐείας.</span> <span class='ocrx_word' id='word_1_82' title='bbox 1265 1141 1474 1194; x_wconf 80' lang='grc' dir='ltr'>Οὐκοῦν</span> <span class='ocrx_word' id='word_1_83' title='bbox 1508 1143 1814 1196; x_wconf 81' lang='grc' dir='ltr'>πιστευέτω</span> <span class='ocrx_word' id='word_1_84' title='bbox 1849 1145 1929 1207; x_wconf 80' lang='grc' dir='ltr'><strong>είς</strong></span> 
     </span>
    </p>
   </div>
   <div class='ocr_carea' id='block_1_13' title="bbox 343 1235 1932 1304">
    <p class='ocr_par' dir='ltr' id='par_1_13' title="bbox 343 1235 1932 1304">
     <span class='ocr_line' id='line_1_13' title="bbox 343 1235 1932 1304; baseline 0 -15"><span class='ocrx_word' id='word_1_85' title='bbox 343 1235 431 1289; x_wconf 70' lang='grc' dir='ltr'>τὸν</span> <span class='ocrx_word' id='word_1_86' title='bbox 462 1235 673 1288; x_wconf 82' lang='grc' dir='ltr'>Παῦλόν</span> <span class='ocrx_word' id='word_1_87' title='bbox 706 1253 764 1288; x_wconf 84' lang='grc' dir='ltr'><strong>τε</strong></span> <span class='ocrx_word' id='word_1_88' title='bbox 795 1237 887 1288; x_wconf 78' lang='grc' dir='ltr'><strong>καὶ</strong></span> <span class='ocrx_word' id='word_1_89' title='bbox 920 1235 1228 1304; x_wconf 82' lang='grc' dir='ltr'>Βαρνάϐαν,</span> <span class='ocrx_word' id='word_1_90' title='bbox 1262 1236 1356 1288; x_wconf 74' lang='grc' dir='ltr'>καὶ</span> <span class='ocrx_word' id='word_1_91' title='bbox 1384 1235 1562 1300; x_wconf 88' lang='grc' dir='ltr'>Τίτον,</span> <span class='ocrx_word' id='word_1_92' title='bbox 1588 1236 1681 1289; x_wconf 58' lang='grc' dir='ltr'><strong>καὶ¹</strong></span> <span class='ocrx_word' id='word_1_93' title='bbox 1707 1238 1932 1290; x_wconf 85' lang='grc' dir='ltr'>Σιλουα-</span> 
     </span>
    </p>
   </div>
   <div class='ocr_carea' id='block_1_14' title="bbox 339 1323 1931 1401">
    <p class='ocr_par' dir='ltr' id='par_1_14' title="bbox 339 1323 1931 1401">
     <span class='ocr_line' id='line_1_14' title="bbox 339 1323 1931 1401; baseline 0 -19"><span class='ocrx_word' id='word_1_94' title='bbox 339 1331 452 1391; x_wconf 77' lang='grc' dir='ltr'>νδν,</span> <span class='ocrx_word' id='word_1_95' title='bbox 474 1330 565 1383; x_wconf 72' lang='grc' dir='ltr'><strong>καὶ</strong></span> <span class='ocrx_word' id='word_1_96' title='bbox 581 1329 862 1398; x_wconf 78' lang='grc' dir='ltr'>Τιμόθεον,</span> <span class='ocrx_word' id='word_1_97' title='bbox 885 1330 980 1383; x_wconf 77' lang='grc' dir='ltr'>καὶ</span> <span class='ocrx_word' id='word_1_98' title='bbox 1000 1329 1207 1392; x_wconf 85' lang='grc' dir='ltr'>πάντας</span> <span class='ocrx_word' id='word_1_99' title='bbox 1234 1327 1475 1393; x_wconf 77' lang='grc' dir='ltr'>ἐκείνους</span> <span class='ocrx_word' id='word_1_100' title='bbox 1491 1329 1558 1381; x_wconf 83' lang='grc' dir='ltr'>δι’</span> <span class='ocrx_word' id='word_1_101' title='bbox 1576 1323 1650 1384; x_wconf 84' lang='grc' dir='ltr'>ὧν</span> <span class='ocrx_word' id='word_1_102' title='bbox 1674 1330 1810 1400; x_wconf 77' lang='grc' dir='ltr'>πρὸς</span> <span class='ocrx_word' id='word_1_103' title='bbox 1832 1331 1931 1401; x_wconf 85' lang='grc' dir='ltr'>τὴν</span> 
     </span>
    </p>
   </div>
   <div class='ocr_carea' id='block_1_15' title="bbox 346 1418 1930 1491">
    <p class='ocr_par' dir='ltr' id='par_1_15' title="bbox 346 1418 1930 1491">
     <span class='ocr_line' id='line_1_15' title="bbox 346 1418 1930 1491; baseline 0.003 -21"><span class='ocrx_word' id='word_1_104' title='bbox 346 1419 529 1470; x_wconf 87' lang='grc' dir='ltr'>πίστιν</span> <span class='ocrx_word' id='word_1_105' title='bbox 565 1418 1052 1490; x_wconf 81' lang='grc' dir='ltr'>καθωδηγήθημεν.</span> <span class='ocrx_word' id='word_1_106' title='bbox 1091 1418 1232 1491; x_wconf 83' lang='grc' dir='ltr'>Εί[ς]</span> <span class='ocrx_word' id='word_1_107' title='bbox 1273 1422 1382 1489; x_wconf 85' lang='grc' dir='ltr'>γὰρ</span> <span class='ocrx_word' id='word_1_108' title='bbox 1424 1419 1483 1471; x_wconf 86' lang='grc' dir='ltr'><strong>τὸ</strong></span> <span class='ocrx_word' id='word_1_109' title='bbox 1523 1420 1930 1490; x_wconf 79' lang='grc' dir='ltr'>καθηγούμενον</span> 
     </span>
    </p>
   </div>
   <div class='ocr_carea' id='block_1_16' title="bbox 344 1511 1928 1583">
    <p class='ocr_par' dir='ltr' id='par_1_16' title="bbox 344 1511 1928 1583">
     <span class='ocr_line' id='line_1_16' title="bbox 344 1511 1928 1583; baseline 0.003 -21"><span class='ocrx_word' id='word_1_110' title='bbox 344 1512 426 1575; x_wconf 88' lang='grc' dir='ltr'><strong>είς</strong></span> <span class='ocrx_word' id='word_1_111' title='bbox 458 1511 740 1564; x_wconf 80' lang='grc' dir='ltr'>εὐσέϐειαν</span> <span class='ocrx_word' id='word_1_112' title='bbox 778 1512 914 1582; x_wconf 74' lang='grc' dir='ltr'>μετὰ</span> <span class='ocrx_word' id='word_1_113' title='bbox 943 1512 1034 1564; x_wconf 87' lang='grc' dir='ltr'><strong>τοῦ</strong></span> <span class='ocrx_word' id='word_1_114' title='bbox 1062 1514 1276 1583; x_wconf 88' lang='grc' dir='ltr'>Πατρὸς</span> <span class='ocrx_word' id='word_1_115' title='bbox 1307 1512 1403 1564; x_wconf 73' lang='grc' dir='ltr'><strong>καὶ</strong></span> <span class='ocrx_word' id='word_1_116' title='bbox 1423 1511 1553 1564; x_wconf 88' lang='grc' dir='ltr'>Υἱοῦ</span> <span class='ocrx_word' id='word_1_117' title='bbox 1580 1513 1928 1566; x_wconf 77' lang='grc' dir='ltr'>πιστεύεσθαι</span> 
     </span>
    </p>
   </div>
   <div class='ocr_carea' id='block_1_17' title="bbox 343 1602 1930 1677">
    <p class='ocr_par' dir='ltr' id='par_1_17' title="bbox 343 1602 1930 1677">
     <span class='ocr_line' id='line_1_17' title="bbox 343 1602 1930 1677; baseline -0.012 -2"><span class='ocrx_word' id='word_1_118' title='bbox 343 1604 473 1674; x_wconf 57' lang='lat' dir='ltr'><strong>XM,</strong></span> <span class='ocrx_word' id='word_1_119' title='bbox 524 1604 723 1666; x_wconf 80' lang='grc' dir='ltr'>πάντες</span> <span class='ocrx_word' id='word_1_120' title='bbox 772 1605 820 1655; x_wconf 74' lang='grc' dir='ltr'>οἱ</span> <span class='ocrx_word' id='word_1_121' title='bbox 874 1605 1150 1677; x_wconf 81' lang='grc' dir='ltr'>προφῆται</span> <span class='ocrx_word' id='word_1_122' title='bbox 1200 1604 1293 1656; x_wconf 74' lang='grc' dir='ltr'><strong>καὶ</strong></span> <span class='ocrx_word' id='word_1_123' title='bbox 1341 1602 1651 1674; x_wconf 79' lang='grc' dir='ltr'>νομοθέται,</span> <span class='ocrx_word' id='word_1_124' title='bbox 1688 1605 1784 1657; x_wconf 76' lang='grc' dir='ltr'>καὶ</span> <span class='ocrx_word' id='word_1_125' title='bbox 1825 1621 1930 1657; x_wconf 61' lang='grc' dir='ltr'>πα-</span> 
     </span>
    </p>
   </div>
   <div class='ocr_carea' id='block_1_18' title="bbox 342 1693 1926 1764">
    <p class='ocr_par' dir='ltr' id='par_1_18' title="bbox 342 1693 1926 1764">
     <span class='ocr_line' id='line_1_18' title="bbox 342 1693 1926 1764; baseline 0.001 -18"><span class='ocrx_word' id='word_1_126' title='bbox 342 1694 621 1764; x_wconf 84' lang='grc' dir='ltr'>τριὰρχαι,</span> <span class='ocrx_word' id='word_1_127' title='bbox 637 1693 878 1764; x_wconf 85' lang='grc' dir='ltr'>κήρυκές</span> <span class='ocrx_word' id='word_1_128' title='bbox 899 1711 956 1747; x_wconf 83' lang='grc' dir='ltr'><strong>τε</strong></span> <span class='ocrx_word' id='word_1_129' title='bbox 978 1695 1071 1746; x_wconf 74' lang='grc' dir='ltr'><strong>καὶ</strong></span> <span class='ocrx_word' id='word_1_130' title='bbox 1087 1693 1490 1762; x_wconf 76' lang='grc' dir='ltr'>εὐαγγελισταὶ,</span> <span class='ocrx_word' id='word_1_131' title='bbox 1509 1695 1602 1748; x_wconf 80' lang='grc' dir='ltr'><strong>καὶ</strong></span> <span class='ocrx_word' id='word_1_132' title='bbox 1621 1694 1926 1759; x_wconf 82' lang='grc' dir='ltr'>ἀπόστολοι,</span> 
     </span>
    </p>
   </div>
   <div class='ocr_carea' id='block_1_19' title="bbox 347 1788 1929 1862">
    <p class='ocr_par' dir='ltr' id='par_1_19' title="bbox 347 1788 1929 1862">
     <span class='ocr_line' id='line_1_19' title="bbox 347 1788 1929 1862; baseline 0.003 -22"><span class='ocrx_word' id='word_1_133' title='bbox 347 1788 604 1858; x_wconf 79' lang='grc' dir='ltr'>ποιμένες</span> <span class='ocrx_word' id='word_1_134' title='bbox 648 1805 709 1840; x_wconf 87' lang='grc' dir='ltr'><strong>τε</strong></span> <span class='ocrx_word' id='word_1_135' title='bbox 754 1788 848 1841; x_wconf 78' lang='grc' dir='ltr'><strong>καὶ</strong></span> <span class='ocrx_word' id='word_1_136' title='bbox 892 1789 1199 1843; x_wconf 81' lang='grc' dir='ltr'>διδάσκαλοι</span> <span class='ocrx_word' id='word_1_137' title='bbox 1237 1791 1514 1861; x_wconf 87' lang='grc' dir='ltr'>ὁμοτίμως</span> <span class='ocrx_word' id='word_1_138' title='bbox 1568 1790 1751 1861; x_wconf 79' lang='grc' dir='ltr'>έχουσι</span> <span class='ocrx_word' id='word_1_139' title='bbox 1793 1793 1929 1862; x_wconf 74' lang='grc' dir='ltr'>πρὸς</span> 
     </span>
    </p>
   </div>
   <div class='ocr_carea' id='block_1_20' title="bbox 2031 586 3616 658">
    <p class='ocr_par' dir='ltr' id='par_1_20' title="bbox 2031 586 3616 658">
     <span class='ocr_line' id='line_1_20' title="bbox 2031 586 3616 658; baseline 0.005 -21"><span class='ocrx_word' id='word_1_140' title='bbox 2031 586 2413 654; x_wconf 88' lang='lat' dir='ltr'><strong>potestatibus,</strong></span> <span class='ocrx_word' id='word_1_141' title='bbox 2440 600 2547 638; x_wconf 90' lang='lat' dir='ltr'><strong>non</strong></span> <span class='ocrx_word' id='word_1_142' title='bbox 2582 586 3074 651; x_wconf 75' lang='lat' dir='ltr'><strong>dominationibus,</strong></span> <span class='ocrx_word' id='word_1_143' title='bbox 3107 604 3216 642; x_wconf 90' lang='lat' dir='ltr'><strong>non</strong></span> <span class='ocrx_word' id='word_1_144' title='bbox 3248 589 3338 641; x_wconf 84' lang='lat' dir='ltr'><strong>alii</strong></span> <span class='ocrx_word' id='word_1_145' title='bbox 3393 590 3485 658; x_wconf 88' lang='lat' dir='ltr'><strong>qui</strong></span> <span class='ocrx_word' id='word_1_146' title='bbox 3519 609 3616 645; x_wconf 81' lang='lat' dir='ltr'><strong>nn—</strong></span> 
     </span>
    </p>
   </div>
   <div class='ocr_carea' id='block_1_21' title="bbox 2032 678 3614 749">
    <p class='ocr_par' dir='ltr' id='par_1_21' title="bbox 2032 678 3614 749">
     <span class='ocr_line' id='line_1_21' title="bbox 2032 678 3614 749; baseline 0.004 -20"><span class='ocrx_word' id='word_1_147' title='bbox 2032 678 2178 731; x_wconf 90' lang='lat' dir='ltr'><strong>mine</strong></span> <span class='ocrx_word' id='word_1_148' title='bbox 2210 679 2390 747; x_wconf 89' lang='lat' dir='ltr'><strong>aliquo</strong></span> <span class='ocrx_word' id='word_1_149' title='bbox 2444 679 2801 742; x_wconf 87' lang='lat' dir='ltr'><strong>nominatur;</strong></span> <span class='ocrx_word' id='word_1_150' title='bbox 2837 696 3014 749; x_wconf 80' lang='lat' dir='ltr'><strong>neque</strong></span> <span class='ocrx_word' id='word_1_151' title='bbox 3065 684 3228 735; x_wconf 88' lang='lat' dir='ltr'><strong>etiam</strong></span> <span class='ocrx_word' id='word_1_152' title='bbox 3264 682 3318 736; x_wconf 93' lang='lat' dir='ltr'><strong>in</strong></span> <span class='ocrx_word' id='word_1_153' title='bbox 3360 683 3463 736; x_wconf 91' lang='lat' dir='ltr'><strong>hoc</strong></span> <span class='ocrx_word' id='word_1_154' title='bbox 3509 700 3614 736; x_wconf 79' lang='lat' dir='ltr'><strong>sa:—</strong></span> 
     </span>
    </p>
   </div>
   <div class='ocr_carea' id='block_1_22' title="bbox 2029 768 3614 842">
    <p class='ocr_par' dir='ltr' id='par_1_22' title="bbox 2029 768 3614 842">
     <span class='ocr_line' id='line_1_22' title="bbox 2029 768 3614 842; baseline 0.005 -21"><span class='ocrx_word' id='word_1_155' title='bbox 2029 768 2153 821; x_wconf 88' lang='lat' dir='ltr'><strong>culo</strong></span> <span class='ocrx_word' id='word_1_156' title='bbox 2184 785 2362 839; x_wconf 90' lang='lat' dir='ltr'><strong>neque</strong></span> <span class='ocrx_word' id='word_1_157' title='bbox 2395 771 2447 823; x_wconf 92' lang='lat' dir='ltr'><strong>in</strong></span> <span class='ocrx_word' id='word_1_158' title='bbox 2479 771 2682 825; x_wconf 85' lang='lat' dir='ltr'><strong>futuro.</strong></span> <span class='ocrx_word' id='word_1_159' title='bbox 2729 772 2901 840; x_wconf 81' lang='lat' dir='ltr'><strong>Cujus</strong></span> <span class='ocrx_word' id='word_1_160' title='bbox 2941 773 3107 842; x_wconf 80' lang='lat' dir='ltr'><strong>igitur</strong></span> <span class='ocrx_word' id='word_1_161' title='bbox 3151 775 3331 828; x_wconf 89' lang='lat' dir='ltr'><strong>omnis</strong></span> <span class='ocrx_word' id='word_1_162' title='bbox 3362 784 3614 829; x_wconf 76' lang='lat' dir='ltr'><strong>creatura</strong></span> 
     </span>
    </p>
   </div>
   <div class='ocr_carea' id='block_1_23' title="bbox 2027 862 3617 932">
    <p class='ocr_par' dir='ltr' id='par_1_23' title="bbox 2027 862 3617 932">
     <span class='ocr_line' id='line_1_23' title="bbox 2027 862 3617 932; baseline 0.007 -20"><span class='ocrx_word' id='word_1_163' title='bbox 2027 875 2226 929; x_wconf 83' lang='lat' dir='ltr'><strong>expers</strong></span> <span class='ocrx_word' id='word_1_164' title='bbox 2251 869 2355 925; x_wconf 87' lang='lat' dir='ltr'><strong>est,</strong></span> <span class='ocrx_word' id='word_1_165' title='bbox 2391 863 2741 932; x_wconf 90' lang='lat' dir='ltr'><strong>perspicuum</strong></span> <span class='ocrx_word' id='word_1_166' title='bbox 2775 862 2943 918; x_wconf 81' lang='lat' dir='ltr'><strong>fuerit</strong></span> <span class='ocrx_word' id='word_1_167' title='bbox 2967 867 3193 920; x_wconf 88' lang='lat' dir='ltr'><strong>omnino</strong></span> <span class='ocrx_word' id='word_1_168' title='bbox 3226 867 3330 920; x_wconf 91' lang='lat' dir='ltr'><strong>hoc</strong></span> <span class='ocrx_word' id='word_1_169' title='bbox 3358 868 3617 923; x_wconf 82' lang='lat' dir='ltr'><strong>increatac</strong></span> 
     </span>
    </p>
   </div>
   <div class='ocr_carea' id='block_1_24' title="bbox 2032 957 3613 1027">
    <p class='ocr_par' dir='ltr' id='par_1_24' title="bbox 2032 957 3613 1027">
     <span class='ocr_line' id='line_1_24' title="bbox 2032 957 3613 1027; baseline 0.004 -21"><span class='ocrx_word' id='word_1_170' title='bbox 2032 965 2243 1009; x_wconf 63' lang='lat' dir='ltr'><strong>naturae</strong></span> <span class='ocrx_word' id='word_1_171' title='bbox 2274 957 2551 1026; x_wconf 88' lang='lat' dir='ltr'><strong>proprium</strong></span> <span class='ocrx_word' id='word_1_172' title='bbox 2610 972 2732 1010; x_wconf 51' lang='lat' dir='ltr'><strong>esse</strong></span> <span class='ocrx_word' id='word_1_173' title='bbox 2771 966 2826 1009; x_wconf 94' lang='lat' dir='ltr'><strong>et</strong></span> <span class='ocrx_word' id='word_1_174' title='bbox 2873 959 3210 1027; x_wconf 62' lang='lat' dir='ltr'><strong>praicipuum</strong></span> <span class='ocrx_word' id='word_1_175' title='bbox 3267 959 3398 1013; x_wconf 85' lang='lat' dir='ltr'><strong>:hic</strong></span> <span class='ocrx_word' id='word_1_176' title='bbox 3431 971 3613 1014; x_wconf 88' lang='lat' dir='ltr'><strong>autem</strong></span> 
     </span>
    </p>
   </div>
   <div class='ocr_carea' id='block_1_25' title="bbox 2027 1044 3618 1121">
    <p class='ocr_par' dir='ltr' id='par_1_25' title="bbox 2027 1044 3618 1121">
     <span class='ocr_line' id='line_1_25' title="bbox 2027 1044 3618 1121; baseline 0.003 -21"><span class='ocrx_word' id='word_1_177' title='bbox 2027 1044 2185 1115; x_wconf 85' lang='lat' dir='ltr'><strong>jubet</strong></span> <span class='ocrx_word' id='word_1_178' title='bbox 2213 1047 2439 1102; x_wconf 90' lang='lat' dir='ltr'><strong>credere</strong></span> <span class='ocrx_word' id='word_1_179' title='bbox 2475 1049 2556 1118; x_wconf 75' lang='lat' dir='ltr'><strong>(in</strong></span> <span class='ocrx_word' id='word_1_180' title='bbox 2583 1049 2905 1116; x_wconf 79' lang='lat' dir='ltr'><strong>magistrum</strong></span> <span class='ocrx_word' id='word_1_181' title='bbox 2962 1050 3227 1121; x_wconf 87' lang='lat' dir='ltr'><strong>pictatis.)</strong></span> <span class='ocrx_word' id='word_1_182' title='bbox 3254 1050 3396 1121; x_wconf 71' lang='lat' dir='ltr'><strong>Ergo</strong></span> <span class='ocrx_word' id='word_1_183' title='bbox 3429 1055 3618 1106; x_wconf 84' lang='lat' dir='ltr'><strong>credat</strong></span> 
     </span>
    </p>
   </div>
   <div class='ocr_carea' id='block_1_26' title="bbox 2033 1137 3614 1214">
    <p class='ocr_par' dir='ltr' id='par_1_26' title="bbox 2033 1137 3614 1214">
     <span class='ocr_line' id='line_1_26' title="bbox 2033 1137 3614 1214; baseline 0.004 -24"><span class='ocrx_word' id='word_1_184' title='bbox 2033 1139 2085 1190; x_wconf 92' lang='lat' dir='ltr'><strong>in</strong></span> <span class='ocrx_word' id='word_1_185' title='bbox 2129 1137 2377 1203; x_wconf 86' lang='lat' dir='ltr'><strong>Paulum,</strong></span> <span class='ocrx_word' id='word_1_186' title='bbox 2420 1149 2474 1193; x_wconf 92' lang='lat' dir='ltr'><strong>et</strong></span> <span class='ocrx_word' id='word_1_187' title='bbox 2510 1139 2836 1205; x_wconf 89' lang='lat' dir='ltr'><strong>Barnabam,</strong></span> <span class='ocrx_word' id='word_1_188' title='bbox 2876 1150 2929 1193; x_wconf 91' lang='lat' dir='ltr'><strong>et</strong></span> <span class='ocrx_word' id='word_1_189' title='bbox 2960 1141 3169 1208; x_wconf 84' lang='lat' dir='ltr'><strong>Titum,</strong></span> <span class='ocrx_word' id='word_1_190' title='bbox 3206 1151 3261 1197; x_wconf 89' lang='lat' dir='ltr'><strong>et</strong></span> <span class='ocrx_word' id='word_1_191' title='bbox 3293 1143 3614 1214; x_wconf 82' lang='lat' dir='ltr'><strong>Sylvanum,</strong></span> 
     </span>
    </p>
   </div>
   <div class='ocr_carea' id='block_1_27' title="bbox 2030 1230 3616 1304">
    <p class='ocr_par' dir='ltr' id='par_1_27' title="bbox 2030 1230 3616 1304">
     <span class='ocr_line' id='line_1_27' title="bbox 2030 1230 3616 1304; baseline 0.005 -22"><span class='ocrx_word' id='word_1_192' title='bbox 2030 1237 2084 1283; x_wconf 92' lang='lat' dir='ltr'><strong>et</strong></span> <span class='ocrx_word' id='word_1_193' title='bbox 2111 1230 2481 1294; x_wconf 83' lang='lat' dir='ltr'><strong>Timotheum,</strong></span> <span class='ocrx_word' id='word_1_194' title='bbox 2513 1248 2816 1302; x_wconf 89' lang='lat' dir='ltr'><strong>omnesque</strong></span> <span class='ocrx_word' id='word_1_195' title='bbox 2861 1234 2985 1288; x_wconf 89' lang='lat' dir='ltr'><strong>illos</strong></span> <span class='ocrx_word' id='word_1_196' title='bbox 3009 1249 3102 1303; x_wconf 90' lang='lat' dir='ltr'><strong>per</strong></span> <span class='ocrx_word' id='word_1_197' title='bbox 3129 1250 3270 1304; x_wconf 85' lang='lat' dir='ltr'><strong>quos</strong></span> <span class='ocrx_word' id='word_1_198' title='bbox 3336 1241 3402 1288; x_wconf 73' lang='lat' dir='ltr'><strong>ad</strong></span> <span class='ocrx_word' id='word_1_199' title='bbox 3459 1239 3616 1290; x_wconf 60' lang='lat' dir='ltr'><strong>[idem</strong></span> 
     </span>
    </p>
   </div>
   <div class='ocr_carea' id='block_1_28' title="bbox 2031 1322 3620 1396">
    <p class='ocr_par' dir='ltr' id='par_1_28' title="bbox 2031 1322 3620 1396">
     <span class='ocr_line' id='line_1_28' title="bbox 2031 1322 3620 1396; baseline 0.003 -19"><span class='ocrx_word' id='word_1_200' title='bbox 2031 1323 2249 1378; x_wconf 88' lang='lat' dir='ltr'><strong>deducti</strong></span> <span class='ocrx_word' id='word_1_201' title='bbox 2282 1322 2508 1378; x_wconf 80' lang='lat' dir='ltr'><strong>fuimus.</strong></span> <span class='ocrx_word' id='word_1_202' title='bbox 2539 1322 2675 1378; x_wconf 89' lang='lat' dir='ltr'><strong>Nam</strong></span> <span class='ocrx_word' id='word_1_203' title='bbox 2705 1325 2752 1380; x_wconf 95' lang='lat' dir='ltr'><strong>si</strong></span> <span class='ocrx_word' id='word_1_204' title='bbox 2777 1326 2830 1378; x_wconf 93' lang='lat' dir='ltr'><strong>in</strong></span> <span class='ocrx_word' id='word_1_205' title='bbox 2867 1325 2920 1380; x_wconf 88' lang='lat' dir='ltr'><strong>id</strong></span> <span class='ocrx_word' id='word_1_206' title='bbox 2950 1326 3095 1395; x_wconf 90' lang='lat' dir='ltr'><strong>quod</strong></span> <span class='ocrx_word' id='word_1_207' title='bbox 3131 1327 3199 1379; x_wconf 84' lang='lat' dir='ltr'><strong>atl</strong></span> <span class='ocrx_word' id='word_1_208' title='bbox 3225 1329 3480 1396; x_wconf 85' lang='lat' dir='ltr'><strong>pietatem</strong></span> <span class='ocrx_word' id='word_1_209' title='bbox 3518 1331 3620 1384; x_wconf 89' lang='lat' dir='ltr'><strong>du-</strong></span> 
     </span>
    </p>
   </div>
   <div class='ocr_carea' id='block_1_29' title="bbox 2032 1413 3621 1492">
    <p class='ocr_par' dir='ltr' id='par_1_29' title="bbox 2032 1413 3621 1492">
     <span class='ocr_line' id='line_1_29' title="bbox 2032 1413 3621 1492; baseline 0.005 -23"><span class='ocrx_word' id='word_1_210' title='bbox 2032 1417 2106 1469; x_wconf 89' lang='lat' dir='ltr'><strong>cit</strong></span> <span class='ocrx_word' id='word_1_211' title='bbox 2139 1430 2262 1468; x_wconf 90' lang='lat' dir='ltr'><strong>cum</strong></span> <span class='ocrx_word' id='word_1_212' title='bbox 2292 1414 2448 1470; x_wconf 86' lang='lat' dir='ltr'><strong>Patre</strong></span> <span class='ocrx_word' id='word_1_213' title='bbox 2479 1424 2534 1469; x_wconf 90' lang='lat' dir='ltr'><strong>et</strong></span> <span class='ocrx_word' id='word_1_214' title='bbox 2564 1413 2706 1469; x_wconf 89' lang='lat' dir='ltr'><strong>Filio</strong></span> <span class='ocrx_word' id='word_1_215' title='bbox 2734 1418 2958 1473; x_wconf 86' lang='lat' dir='ltr'><strong>credere</strong></span> <span class='ocrx_word' id='word_1_216' title='bbox 2981 1429 3218 1488; x_wconf 86' lang='lat' dir='ltr'><strong>oportet,</strong></span> <span class='ocrx_word' id='word_1_217' title='bbox 3246 1436 3436 1476; x_wconf 89' lang='lat' dir='ltr'><strong>omnes</strong></span> <span class='ocrx_word' id='word_1_218' title='bbox 3493 1441 3621 1492; x_wconf 91' lang='lat' dir='ltr'><strong>pro-</strong></span> 
     </span>
    </p>
   </div>
   <div class='ocr_carea' id='block_1_30' title="bbox 2032 1508 3622 1585">
    <p class='ocr_par' dir='ltr' id='par_1_30' title="bbox 2032 1508 3622 1585">
     <span class='ocr_line' id='line_1_30' title="bbox 2032 1508 3622 1585; baseline 0.007 -25"><span class='ocrx_word' id='word_1_219' title='bbox 2032 1508 2207 1577; x_wconf 75' lang='lat' dir='ltr'><strong>pheta:</strong></span> <span class='ocrx_word' id='word_1_220' title='bbox 2244 1517 2298 1562; x_wconf 90' lang='lat' dir='ltr'><strong>et</strong></span> <span class='ocrx_word' id='word_1_221' title='bbox 2345 1508 2706 1579; x_wconf 79' lang='lat' dir='ltr'><strong>legislatores,</strong></span> <span class='ocrx_word' id='word_1_222' title='bbox 2757 1511 3104 1580; x_wconf 65' lang='lat' dir='ltr'><strong>patriarctiaa,</strong></span> <span class='ocrx_word' id='word_1_223' title='bbox 3152 1528 3544 1585; x_wconf 65' lang='lat' dir='ltr'><strong>praeconesque</strong></span> <span class='ocrx_word' id='word_1_224' title='bbox 3569 1528 3622 1570; x_wconf 79' lang='lat' dir='ltr'><strong>et</strong></span> 
     </span>
    </p>
   </div>
   <div class='ocr_carea' id='block_1_31' title="bbox 2033 1597 3622 1671">
    <p class='ocr_par' dir='ltr' id='par_1_31' title="bbox 2033 1597 3622 1671">
     <span class='ocr_line' id='line_1_31' title="bbox 2033 1597 3622 1671; baseline 0.005 -19"><span class='ocrx_word' id='word_1_225' title='bbox 2033 1597 2382 1667; x_wconf 69' lang='lat' dir='ltr'><strong>evangelista:</strong></span> <span class='ocrx_word' id='word_1_226' title='bbox 2435 1607 2492 1652; x_wconf 88' lang='lat' dir='ltr'><strong>et</strong></span> <span class='ocrx_word' id='word_1_227' title='bbox 2545 1599 2779 1669; x_wconf 76' lang='lat' dir='ltr'><strong>apostoli</strong></span> <span class='ocrx_word' id='word_1_228' title='bbox 2840 1610 3203 1671; x_wconf 87' lang='lat' dir='ltr'><strong>pastoresque</strong></span> <span class='ocrx_word' id='word_1_229' title='bbox 3261 1614 3317 1658; x_wconf 90' lang='lat' dir='ltr'><strong>et</strong></span> <span class='ocrx_word' id='word_1_230' title='bbox 3364 1604 3622 1662; x_wconf 82' lang='lat' dir='ltr'><strong>doctores</strong></span> 
     </span>
    </p>
   </div>
   <div class='ocr_carea' id='block_1_32' title="bbox 2035 1690 3622 1766">
    <p class='ocr_par' dir='ltr' id='par_1_32' title="bbox 2035 1690 3622 1766">
     <span class='ocr_line' id='line_1_32' title="bbox 2035 1690 3622 1766; baseline 0.004 -23"><span class='ocrx_word' id='word_1_231' title='bbox 2035 1691 2151 1758; x_wconf 86' lang='lat' dir='ltr'><strong>pari</strong></span> <span class='ocrx_word' id='word_1_232' title='bbox 2213 1691 2419 1744; x_wconf 87' lang='lat' dir='ltr'><strong>honore</strong></span> <span class='ocrx_word' id='word_1_233' title='bbox 2477 1706 2602 1744; x_wconf 83' lang='lat' dir='ltr'><strong>cum</strong></span> <span class='ocrx_word' id='word_1_234' title='bbox 2645 1690 2852 1762; x_wconf 88' lang='lat' dir='ltr'><strong>Spiritu</strong></span> <span class='ocrx_word' id='word_1_235' title='bbox 2899 1702 3093 1747; x_wconf 89' lang='lat' dir='ltr'><strong>sancto</strong></span> <span class='ocrx_word' id='word_1_236' title='bbox 3144 1695 3437 1752; x_wconf 90' lang='lat' dir='ltr'><strong>decorandi</strong></span> <span class='ocrx_word' id='word_1_237' title='bbox 3470 1709 3622 1766; x_wconf 81' lang='lat' dir='ltr'><strong>sont,</strong></span> 
     </span>
    </p>
   </div>
   <div class='ocr_carea' id='block_1_33' title="bbox 2034 1783 3624 1858">
    <p class='ocr_par' dir='ltr' id='par_1_33' title="bbox 2034 1783 3624 1858">
     <span class='ocr_line' id='line_1_33' title="bbox 2034 1783 3624 1858; baseline 0.006 -22"><span class='ocrx_word' id='word_1_238' title='bbox 2034 1784 2162 1852; x_wconf 92' lang='lat' dir='ltr'><strong>quia</strong></span> <span class='ocrx_word' id='word_1_239' title='bbox 2204 1783 2424 1838; x_wconf 75' lang='lat' dir='ltr'><strong>fuerunt</strong></span> <span class='ocrx_word' id='word_1_240' title='bbox 2474 1785 2542 1837; x_wconf 92' lang='lat' dir='ltr'><strong>iis</strong></span> <span class='ocrx_word' id='word_1_241' title='bbox 2585 1785 2680 1853; x_wconf 91' lang='lat' dir='ltr'><strong>qui</strong></span> <span class='ocrx_word' id='word_1_242' title='bbox 2729 1794 2854 1854; x_wconf 90' lang='lat' dir='ltr'><strong>post</strong></span> <span class='ocrx_word' id='word_1_243' title='bbox 2894 1787 3020 1840; x_wconf 91' lang='lat' dir='ltr'><strong>illos</strong></span> <span class='ocrx_word' id='word_1_244' title='bbox 3066 1788 3182 1840; x_wconf 92' lang='lat' dir='ltr'><strong>nati</strong></span> <span class='ocrx_word' id='word_1_245' title='bbox 3224 1797 3353 1842; x_wconf 91' lang='lat' dir='ltr'><strong>sunt</strong></span> <span class='ocrx_word' id='word_1_246' title='bbox 3404 1791 3624 1858; x_wconf 75' lang='lat' dir='ltr'><strong>pietatis</strong></span> 
     </span>
    </p>
   </div>
   <div class='ocr_carea' id='block_1_34' title="bbox 344 1867 1937 1954">
    <p class='ocr_par' dir='ltr' id='par_1_34' title="bbox 344 1879 1930 1954">
     <span class='ocr_line' id='line_1_34' title="bbox 344 1879 1930 1954; baseline 0.003 -21"><span class='ocrx_word' id='word_1_247' title='bbox 344 1881 404 1933; x_wconf 80' lang='grc' dir='ltr'>τὸ</span> <span class='ocrx_word' id='word_1_248' title='bbox 421 1880 643 1950; x_wconf 78' lang='grc' dir='ltr'>Πνεῦμα</span> <span class='ocrx_word' id='word_1_249' title='bbox 677 1881 736 1933; x_wconf 81' lang='grc' dir='ltr'><strong>τὸ</strong></span> <span class='ocrx_word' id='word_1_250' title='bbox 764 1879 1251 1952; x_wconf 72' lang='grc' dir='ltr'>ἆγιον,καθηγηταῖ</span> <span class='ocrx_word' id='word_1_251' title='bbox 1273 1885 1385 1944; x_wconf 89' lang='grc' dir='ltr'>τοῖς</span> <span class='ocrx_word' id='word_1_252' title='bbox 1409 1884 1525 1952; x_wconf 85' lang='grc' dir='ltr'>μετ’</span> <span class='ocrx_word' id='word_1_253' title='bbox 1554 1883 1798 1947; x_wconf 81' lang='grc' dir='ltr'>ἐκείνους</span> <span class='ocrx_word' id='word_1_254' title='bbox 1827 1885 1930 1954; x_wconf 78' lang='grc' dir='ltr'>τῆς</span> 
     </span>
    </p>
   </div>
   <div class='ocr_carea' id='block_1_35' title="bbox 2040 1867 3624 1954">
    <p class='ocr_par' dir='ltr' id='par_1_35' title="bbox 2040 1876 3624 1950">
     <span class='ocr_line' id='line_1_35' title="bbox 2040 1876 3624 1950; baseline 0.004 -20"><span class='ocrx_word' id='word_1_255' title='bbox 2040 1877 2303 1944; x_wconf 69' lang='lat' dir='ltr'><strong>praestites</strong></span> <span class='ocrx_word' id='word_1_256' title='bbox 2333 1887 2388 1931; x_wconf 91' lang='lat' dir='ltr'><strong>et</strong></span> <span class='ocrx_word' id='word_1_257' title='bbox 2423 1878 2689 1946; x_wconf 80' lang='lat' dir='ltr'><strong>magistri.</strong></span> <span class='ocrx_word' id='word_1_258' title='bbox 2731 1876 2953 1940; x_wconf 79' lang='lat' dir='ltr'><strong>Factus,</strong></span> <span class='ocrx_word' id='word_1_259' title='bbox 3017 1879 3218 1950; x_wconf 85' lang='lat' dir='ltr'><strong>inquit,</strong></span> <span class='ocrx_word' id='word_1_260' title='bbox 3257 1899 3290 1935; x_wconf 87' lang='lat' dir='ltr'><strong>a</strong></span> <span class='ocrx_word' id='word_1_261' title='bbox 3344 1883 3461 1937; x_wconf 79' lang='lat' dir='ltr'><strong>solo</strong></span> <span class='ocrx_word' id='word_1_262' title='bbox 3516 1884 3624 1937; x_wconf 80' lang='lat' dir='ltr'><strong>Deo</strong></span> 
     </span>
    </p>
   </div>
   <div class='ocr_carea' id='block_1_36' title="bbox 347 1972 1931 2046">
    <p class='ocr_par' dir='ltr' id='par_1_36' title="bbox 347 1972 1931 2046">
     <span class='ocr_line' id='line_1_36' title="bbox 347 1972 1931 2046; baseline 0.002 -20"><span class='ocrx_word' id='word_1_263' title='bbox 347 1972 626 2036; x_wconf 75' lang='grc' dir='ltr'>εὐσεϐείας</span> <span class='ocrx_word' id='word_1_264' title='bbox 675 1973 975 2042; x_wconf 87' lang='grc' dir='ltr'>γενόμενοι.</span> <span class='ocrx_word' id='word_1_265' title='bbox 1023 1975 1380 2046; x_wconf 74' lang='grc' dir='ltr'>Γενόμενος,</span> <span class='ocrx_word' id='word_1_266' title='bbox 1418 1976 1601 2045; x_wconf 79' lang='grc' dir='ltr'>φησὶν,</span> <span class='ocrx_word' id='word_1_267' title='bbox 1644 1977 1762 2029; x_wconf 72' lang='grc' dir='ltr'><strong>ὑπὸ</strong></span> <span class='ocrx_word' id='word_1_268' title='bbox 1824 1977 1931 2029; x_wconf 81' lang='grc' dir='ltr'><strong>τοῦ</strong></span> 
     </span>
    </p>
   </div>
   <div class='ocr_carea' id='block_1_37' title="bbox 343 2067 1933 2138">
    <p class='ocr_par' dir='ltr' id='par_1_37' title="bbox 343 2067 1933 2138">
     <span class='ocr_line' id='line_1_37' title="bbox 343 2067 1933 2138; baseline 0.001 -17"><span class='ocrx_word' id='word_1_269' title='bbox 343 2068 539 2138; x_wconf 78' lang='grc' dir='ltr'>μόνου</span> <span class='ocrx_word' id='word_1_270' title='bbox 582 2068 729 2122; x_wconf 85' lang='grc' dir='ltr'><strong>Θεοῦ</strong></span> <span class='ocrx_word' id='word_1_271' title='bbox 757 2067 854 2121; x_wconf 80' lang='grc' dir='ltr'>διὰ</span> <span class='ocrx_word' id='word_1_272' title='bbox 883 2068 988 2121; x_wconf 78' lang='grc' dir='ltr'><strong>τοῦ</strong></span> <span class='ocrx_word' id='word_1_273' title='bbox 1019 2069 1417 2137; x_wconf 74' lang='grc' dir='ltr'>Μονογενοῦς.</span> <span class='ocrx_word' id='word_1_274' title='bbox 1474 2069 1933 2138; x_wconf 79' lang='grc' dir='ltr'>Ἀνακεφαλαιοῦ-</span> 
     </span>
    </p>
   </div>
   <div class='ocr_carea' id='block_1_38' title="bbox 349 2158 1929 2232">
    <p class='ocr_par' dir='ltr' id='par_1_38' title="bbox 349 2158 1929 2232">
     <span class='ocr_line' id='line_1_38' title="bbox 349 2158 1929 2232; baseline -0.001 -20"><span class='ocrx_word' id='word_1_275' title='bbox 349 2176 439 2212; x_wconf 81' lang='grc' dir='ltr'><strong>ται</strong></span> <span class='ocrx_word' id='word_1_276' title='bbox 489 2160 668 2212; x_wconf 77' lang='grc' dir='ltr'>πᾶσαν</span> <span class='ocrx_word' id='word_1_277' title='bbox 702 2158 866 2212; x_wconf 80' lang='grc' dir='ltr'>αὑτοῦ</span> <span class='ocrx_word' id='word_1_278' title='bbox 913 2158 1010 2228; x_wconf 85' lang='grc' dir='ltr'>τὴν</span> <span class='ocrx_word' id='word_1_279' title='bbox 1056 2159 1308 2212; x_wconf 85' lang='grc' dir='ltr'>ἀσέϐειαν</span> <span class='ocrx_word' id='word_1_280' title='bbox 1341 2159 1428 2212; x_wconf 75' lang='grc' dir='ltr'><strong>διὰ</strong></span> <span class='ocrx_word' id='word_1_281' title='bbox 1459 2161 1567 2212; x_wconf 83' lang='grc' dir='ltr'>τῶν</span> <span class='ocrx_word' id='word_1_282' title='bbox 1604 2161 1929 2232; x_wconf 87' lang='grc' dir='ltr'>εἰρημένων,</span> 
     </span>
    </p>
   </div>
   <div class='ocr_carea' id='block_1_39' title="bbox 351 2247 1934 2320">
    <p class='ocr_par' dir='ltr' id='par_1_39' title="bbox 351 2247 1934 2320">
     <span class='ocr_line' id='line_1_39' title="bbox 351 2247 1934 2320; baseline 0.001 -19"><span class='ocrx_word' id='word_1_283' title='bbox 351 2249 520 2302; x_wconf 83' lang='grc' dir='ltr'>Πάλιν</span> <span class='ocrx_word' id='word_1_284' title='bbox 556 2248 715 2319; x_wconf 81' lang='grc' dir='ltr'>μόνον</span> <span class='ocrx_word' id='word_1_285' title='bbox 757 2249 888 2300; x_wconf 69' lang='grc' dir='ltr'>Θεὸν</span> <span class='ocrx_word' id='word_1_286' title='bbox 932 2247 1023 2300; x_wconf 74' lang='grc' dir='ltr'><strong>τὸν</strong></span> <span class='ocrx_word' id='word_1_287' title='bbox 1064 2249 1283 2318; x_wconf 77' lang='grc' dir='ltr'>Πατέρα</span> <span class='ocrx_word' id='word_1_288' title='bbox 1313 2249 1671 2318; x_wconf 73' lang='grc' dir='ltr'>κατονομάςει</span> <span class='ocrx_word' id='word_1_289' title='bbox 1719 2249 1934 2320; x_wconf 82' lang='grc' dir='ltr'>ὀργάνῳ</span> 
     </span>
    </p>
   </div>
   <div class='ocr_carea' id='block_1_40' title="bbox 348 2340 1932 2412">
    <p class='ocr_par' dir='ltr' id='par_1_40' title="bbox 348 2340 1932 2412">
     <span class='ocr_line' id='line_1_40' title="bbox 348 2340 1932 2412; baseline 0.001 -19"><span class='ocrx_word' id='word_1_290' title='bbox 348 2341 686 2412; x_wconf 73' lang='grc' dir='ltr'>κεχρημένον</span> <span class='ocrx_word' id='word_1_291' title='bbox 715 2340 792 2410; x_wconf 82' lang='grc' dir='ltr'><strong>τῷ</strong></span> <span class='ocrx_word' id='word_1_292' title='bbox 824 2342 1122 2408; x_wconf 83' lang='grc' dir='ltr'>Μονογενεῖ</span> <span class='ocrx_word' id='word_1_293' title='bbox 1143 2340 1281 2411; x_wconf 78' lang='grc' dir='ltr'>πρὸς</span> <span class='ocrx_word' id='word_1_294' title='bbox 1311 2341 1410 2410; x_wconf 85' lang='grc' dir='ltr'>τὴν</span> <span class='ocrx_word' id='word_1_295' title='bbox 1452 2341 1796 2412; x_wconf 81' lang='grc' dir='ltr'>κατασκευὴν</span> <span class='ocrx_word' id='word_1_296' title='bbox 1838 2341 1932 2394; x_wconf 88' lang='grc' dir='ltr'><strong>τοῦ</strong></span> 
     </span>
    </p>
   </div>
   <div class='ocr_carea' id='block_1_41' title="bbox 349 2432 1934 2504">
    <p class='ocr_par' dir='ltr' id='par_1_41' title="bbox 349 2432 1934 2504">
     <span class='ocr_line' id='line_1_41' title="bbox 349 2432 1934 2504; baseline 0.001 -19"><span class='ocrx_word' id='word_1_297' title='bbox 349 2435 684 2503; x_wconf 87' lang='grc' dir='ltr'>Πνεύματος.</span> <span class='ocrx_word' id='word_1_298' title='bbox 731 2434 896 2487; x_wconf 84' lang='grc' dir='ltr'>Ποίαν</span> <span class='ocrx_word' id='word_1_299' title='bbox 927 2432 1102 2504; x_wconf 81' lang='grc' dir='ltr'>εὑρὼν</span> <span class='ocrx_word' id='word_1_300' title='bbox 1145 2435 1207 2486; x_wconf 86' lang='grc' dir='ltr'><strong>ἐκ</strong></span> <span class='ocrx_word' id='word_1_301' title='bbox 1252 2433 1354 2502; x_wconf 79' lang='grc' dir='ltr'><strong>τῆς</strong></span> <span class='ocrx_word' id='word_1_302' title='bbox 1390 2434 1605 2504; x_wconf 71' lang='grc' dir='ltr'>Γραφῆς</span> <span class='ocrx_word' id='word_1_303' title='bbox 1637 2433 1796 2486; x_wconf 76' lang='grc' dir='ltr'>σκιὰν</span> <span class='ocrx_word' id='word_1_304' title='bbox 1841 2433 1934 2486; x_wconf 87' lang='grc' dir='ltr'><strong>τοῦ</strong></span> 
     </span>
    </p>
   </div>
   <div class='ocr_carea' id='block_1_42' title="bbox 349 2523 1936 2596">
    <p class='ocr_par' dir='ltr' id='par_1_42' title="bbox 349 2523 1936 2596">
     <span class='ocr_line' id='line_1_42' title="bbox 349 2523 1936 2596; baseline 0.001 -18"><span class='ocrx_word' id='word_1_305' title='bbox 349 2524 592 2578; x_wconf 86' lang='grc' dir='ltr'>τοιούτου</span> <span class='ocrx_word' id='word_1_306' title='bbox 628 2525 916 2596; x_wconf 84' lang='grc' dir='ltr'>νοήματος,</span> <span class='ocrx_word' id='word_1_307' title='bbox 952 2523 1125 2577; x_wconf 84' lang='grc' dir='ltr'>ταῦτα</span> <span class='ocrx_word' id='word_1_308' title='bbox 1171 2524 1381 2595; x_wconf 86' lang='grc' dir='ltr'>τολμᾷ;</span> <span class='ocrx_word' id='word_1_309' title='bbox 1428 2525 1524 2578; x_wconf 86' lang='grc' dir='ltr'>Ἐκ</span> <span class='ocrx_word' id='word_1_310' title='bbox 1559 2525 1718 2587; x_wconf 87' lang='grc' dir='ltr'>ποίας</span> <span class='ocrx_word' id='word_1_311' title='bbox 1759 2524 1936 2596; x_wconf 72' lang='grc' dir='ltr'>ἀρχῆς</span> 
     </span>
    </p>
   </div>
   <div class='ocr_carea' id='block_1_43' title="bbox 347 2615 1934 2688">
    <p class='ocr_par' dir='ltr' id='par_1_43' title="bbox 347 2615 1934 2688">
     <span class='ocr_line' id='line_1_43' title="bbox 347 2615 1934 2688; baseline -0.004 -16"><span class='ocrx_word' id='word_1_312' title='bbox 347 2619 416 2672; x_wconf 85' lang='grc' dir='ltr'>δι’</span> <span class='ocrx_word' id='word_1_313' title='bbox 452 2616 745 2671; x_wconf 81' lang='grc' dir='ltr'>ἀκολούθου</span> <span class='ocrx_word' id='word_1_314' title='bbox 785 2617 924 2688; x_wconf 82' lang='grc' dir='ltr'>πρὸς</span> <span class='ocrx_word' id='word_1_315' title='bbox 952 2617 1013 2669; x_wconf 78' lang='grc' dir='ltr'>τὸ</span> <span class='ocrx_word' id='word_1_316' title='bbox 1062 2615 1270 2669; x_wconf 86' lang='grc' dir='ltr'>τοιοῦτο</span> <span class='ocrx_word' id='word_1_317' title='bbox 1303 2616 1476 2686; x_wconf 85' lang='grc' dir='ltr'>πέρας</span> <span class='ocrx_word' id='word_1_318' title='bbox 1507 2616 1790 2686; x_wconf 83' lang='grc' dir='ltr'>προήγαγε</span> <span class='ocrx_word' id='word_1_319' title='bbox 1836 2616 1934 2684; x_wconf 82' lang='grc' dir='ltr'><strong>τὴν</strong></span> 
     </span>
    </p>
   </div>
   <div class='ocr_carea' id='block_1_44' title="bbox 351 2707 1938 2778">
    <p class='ocr_par' dir='ltr' id='par_1_44' title="bbox 351 2707 1938 2778">
     <span class='ocr_line' id='line_1_44' title="bbox 351 2707 1938 2778; baseline -0.004 -14"><span class='ocrx_word' id='word_1_320' title='bbox 351 2711 638 2776; x_wconf 86' lang='grc' dir='ltr'>ἀσέϐειαν;</span> <span class='ocrx_word' id='word_1_321' title='bbox 694 2709 789 2773; x_wconf 91' lang='grc' dir='ltr'><strong>Τίς</strong></span> <span class='ocrx_word' id='word_1_322' title='bbox 825 2709 931 2761; x_wconf 83' lang='grc' dir='ltr'><strong>τῶν</strong></span> <span class='ocrx_word' id='word_1_323' title='bbox 961 2708 1362 2778; x_wconf 82' lang='grc' dir='ltr'>εὐαγγελιστῶν</span> <span class='ocrx_word' id='word_1_324' title='bbox 1390 2724 1558 2777; x_wconf 83' lang='grc' dir='ltr'>φησι;</span> <span class='ocrx_word' id='word_1_325' title='bbox 1590 2709 1673 2770; x_wconf 82' lang='grc' dir='ltr'><strong>τίς</strong></span> <span class='ocrx_word' id='word_1_326' title='bbox 1706 2707 1938 2760; x_wconf 84' lang='grc' dir='ltr'>ἀπόστο-</span> 
     </span>
    </p>
   </div>
   <div class='ocr_carea' id='block_1_45' title="bbox 350 2798 1938 2874">
    <p class='ocr_par' dir='ltr' id='par_1_45' title="bbox 350 2798 1938 2874">
     <span class='ocr_line' id='line_1_45' title="bbox 350 2798 1938 2874; baseline -0.003 -17"><span class='ocrx_word' id='word_1_327' title='bbox 350 2805 481 2870; x_wconf 78' lang='grc' dir='ltr'>λο;;</span> <span class='ocrx_word' id='word_1_328' title='bbox 541 2805 624 2868; x_wconf 91' lang='grc' dir='ltr'><strong>τίς</strong></span> <span class='ocrx_word' id='word_1_329' title='bbox 703 2806 1016 2874; x_wconf 74' lang='grc' dir='ltr'>προφήτης;</span> <span class='ocrx_word' id='word_1_330' title='bbox 1078 2803 1192 2856; x_wconf 80' lang='grc' dir='ltr'><strong>Πᾶν</strong></span> <span class='ocrx_word' id='word_1_331' title='bbox 1253 2803 1353 2873; x_wconf 78' lang='grc' dir='ltr'>μὲν</span> <span class='ocrx_word' id='word_1_332' title='bbox 1407 2798 1502 2856; x_wconf 84' lang='grc' dir='ltr'><strong>οῦν</strong></span> <span class='ocrx_word' id='word_1_333' title='bbox 1574 2802 1634 2854; x_wconf 88' lang='grc' dir='ltr'><strong>τὸ</strong></span> <span class='ocrx_word' id='word_1_334' title='bbox 1697 2801 1938 2854; x_wconf 83' lang='grc' dir='ltr'>ἐναντίον</span> 
     </span>
    </p>
   </div>
   <div class='ocr_carea' id='block_1_46' title="bbox 353 2893 1937 2967">
    <p class='ocr_par' dir='ltr' id='par_1_46' title="bbox 353 2893 1937 2967">
     <span class='ocr_line' id='line_1_46' title="bbox 353 2893 1937 2967; baseline -0.002 -19"><span class='ocrx_word' id='word_1_335' title='bbox 353 2899 502 2949; x_wconf 79' lang='grc' dir='ltr'>πᾶσα</span> <span class='ocrx_word' id='word_1_336' title='bbox 530 2895 718 2967; x_wconf 74' lang='grc' dir='ltr'>Γραφὴ</span> <span class='ocrx_word' id='word_1_337' title='bbox 758 2895 1131 2959; x_wconf 85' lang='grc' dir='ltr'>θεόπνευστος,</span> <span class='ocrx_word' id='word_1_338' title='bbox 1166 2897 1200 2964; x_wconf 86' lang='grc' dir='ltr'>ἡ</span> <span class='ocrx_word' id='word_1_339' title='bbox 1234 2894 1320 2948; x_wconf 84' lang='grc' dir='ltr'><strong>διὰ</strong></span> <span class='ocrx_word' id='word_1_340' title='bbox 1382 2894 1480 2963; x_wconf 85' lang='grc' dir='ltr'>τῆς</span> <span class='ocrx_word' id='word_1_341' title='bbox 1531 2894 1812 2956; x_wconf 81' lang='grc' dir='ltr'>ἐπιπνοίας</span> <span class='ocrx_word' id='word_1_342' title='bbox 1845 2893 1937 2946; x_wconf 85' lang='grc' dir='ltr'><strong>τοῦ</strong></span> 
     </span>
    </p>
   </div>
   <div class='ocr_carea' id='block_1_47' title="bbox 352 2987 1939 3059">
    <p class='ocr_par' dir='ltr' id='par_1_47' title="bbox 352 2987 1939 3059">
     <span class='ocr_line' id='line_1_47' title="bbox 352 2987 1939 3059; baseline -0.003 -17"><span class='ocrx_word' id='word_1_343' title='bbox 352 2988 669 3058; x_wconf 83' lang='grc' dir='ltr'>Πνεύματος</span> <span class='ocrx_word' id='word_1_344' title='bbox 735 2991 1144 3058; x_wconf 79' lang='grc' dir='ltr'>ἀναγραφεῖσα,</span> <span class='ocrx_word' id='word_1_345' title='bbox 1208 2991 1476 3059; x_wconf 88' lang='grc' dir='ltr'>μαρτυρεῖ</span> <span class='ocrx_word' id='word_1_346' title='bbox 1532 2989 1610 3058; x_wconf 80' lang='grc' dir='ltr'><strong>τῷ</strong></span> <span class='ocrx_word' id='word_1_347' title='bbox 1665 2987 1939 3056; x_wconf 90' lang='grc' dir='ltr'>Πνεύματι</span> 
     </span>
    </p>
   </div>
   <div class='ocr_carea' id='block_1_48' title="bbox 351 3076 1941 3153">
    <p class='ocr_par' dir='ltr' id='par_1_48' title="bbox 351 3076 1941 3153">
     <span class='ocr_line' id='line_1_48' title="bbox 351 3076 1941 3153; baseline -0.001 -21"><span class='ocrx_word' id='word_1_348' title='bbox 351 3084 450 3153; x_wconf 75' lang='grc' dir='ltr'><strong>τὴν</strong></span> <span class='ocrx_word' id='word_1_349' title='bbox 511 3081 757 3152; x_wconf 82' lang='grc' dir='ltr'>θεότητα.</span> <span class='ocrx_word' id='word_1_350' title='bbox 826 3076 950 3133; x_wconf 78' lang='grc' dir='ltr'>Οἶον</span> <span class='ocrx_word' id='word_1_351' title='bbox 1005 3083 1282 3151; x_wconf 84' lang='grc' dir='ltr'>(κρεῖττον</span> <span class='ocrx_word' id='word_1_352' title='bbox 1336 3081 1444 3149; x_wconf 84' lang='grc' dir='ltr'>γὰρ</span> <span class='ocrx_word' id='word_1_353' title='bbox 1497 3081 1565 3132; x_wconf 77' lang='grc' dir='ltr'>δι’</span> <span class='ocrx_word' id='word_1_354' title='bbox 1604 3080 1780 3133; x_wconf 75' lang='grc' dir='ltr'>αὐτῶν</span> <span class='ocrx_word' id='word_1_355' title='bbox 1831 3079 1941 3130; x_wconf 81' lang='grc' dir='ltr'>τῶν</span> 
     </span>
    </p>
   </div>
   <div class='ocr_carea' id='block_1_49' title="bbox 355 3170 1937 3247">
    <p class='ocr_par' dir='ltr' id='par_1_49' title="bbox 355 3170 1937 3247">
     <span class='ocr_line' id='line_1_49' title="bbox 355 3170 1937 3247; baseline -0.004 -19"><span class='ocrx_word' id='word_1_356' title='bbox 355 3174 668 3247; x_wconf 82' lang='grc' dir='ltr'>μαρτυριῶν</span> <span class='ocrx_word' id='word_1_357' title='bbox 711 3175 987 3238; x_wconf 79' lang='grc' dir='ltr'>ἀποδεῖξαι</span> <span class='ocrx_word' id='word_1_358' title='bbox 1020 3175 1109 3227; x_wconf 84' lang='grc' dir='ltr'><strong>τὸν</strong></span> <span class='ocrx_word' id='word_1_359' title='bbox 1142 3175 1328 3242; x_wconf 84' lang='grc' dir='ltr'>λόγον)</span> <span class='ocrx_word' id='word_1_360' title='bbox 1402 3174 1451 3226; x_wconf 87' lang='grc' dir='ltr'>οί</span> <span class='ocrx_word' id='word_1_361' title='bbox 1496 3173 1750 3234; x_wconf 87' lang='grc' dir='ltr'>λαϐόντες</span> <span class='ocrx_word' id='word_1_362' title='bbox 1783 3170 1937 3238; x_wconf 80' lang='grc' dir='ltr'>ἐξου-</span> 
     </span>
    </p>
   </div>
   <div class='ocr_carea' id='block_1_50' title="bbox 355 3263 1936 3338">
    <p class='ocr_par' dir='ltr' id='par_1_50' title="bbox 355 3263 1936 3338">
     <span class='ocr_line' id='line_1_50' title="bbox 355 3263 1936 3338; baseline -0.003 -18"><span class='ocrx_word' id='word_1_363' title='bbox 355 3271 475 3321; x_wconf 82' lang='grc' dir='ltr'>σίαν</span> <span class='ocrx_word' id='word_1_364' title='bbox 513 3267 606 3320; x_wconf 85' lang='grc' dir='ltr'><strong>τοῦ</strong></span> <span class='ocrx_word' id='word_1_365' title='bbox 639 3267 803 3320; x_wconf 82' lang='grc' dir='ltr'>τέκνα</span> <span class='ocrx_word' id='word_1_366' title='bbox 832 3267 965 3319; x_wconf 88' lang='grc' dir='ltr'>Θεοῦ</span> <span class='ocrx_word' id='word_1_367' title='bbox 997 3267 1271 3336; x_wconf 85' lang='grc' dir='ltr'>γενέσθαι,</span> <span class='ocrx_word' id='word_1_368' title='bbox 1303 3265 1636 3338; x_wconf 87' lang='grc' dir='ltr'>μαρτυροῦσι</span> <span class='ocrx_word' id='word_1_369' title='bbox 1663 3264 1740 3334; x_wconf 83' lang='grc' dir='ltr'>τῷ</span> <span class='ocrx_word' id='word_1_370' title='bbox 1765 3263 1936 3316; x_wconf 86' lang='grc' dir='ltr'>Πνεύ-</span> 
     </span>
    </p>
   </div>
   <div class='ocr_carea' id='block_1_51' title="bbox 358 3354 1936 3429">
    <p class='ocr_par' dir='ltr' id='par_1_51' title="bbox 358 3354 1936 3429">
     <span class='ocr_line' id='line_1_51' title="bbox 358 3354 1936 3429; baseline -0.003 -20"><span class='ocrx_word' id='word_1_371' title='bbox 358 3375 486 3428; x_wconf 76' lang='grc' dir='ltr'>ματι</span> <span class='ocrx_word' id='word_1_372' title='bbox 515 3358 612 3428; x_wconf 83' lang='grc' dir='ltr'><strong>τὴν</strong></span> <span class='ocrx_word' id='word_1_373' title='bbox 661 3357 906 3425; x_wconf 84' lang='grc' dir='ltr'>θεότητα.</span> <span class='ocrx_word' id='word_1_374' title='bbox 941 3358 1037 3420; x_wconf 86' lang='grc' dir='ltr'>Τίς</span> <span class='ocrx_word' id='word_1_375' title='bbox 1067 3358 1176 3429; x_wconf 74' lang='grc' dir='ltr'><strong>γὰρ</strong></span> <span class='ocrx_word' id='word_1_376' title='bbox 1220 3358 1404 3426; x_wconf 85' lang='grc' dir='ltr'>ἀγνοεῖ</span> <span class='ocrx_word' id='word_1_377' title='bbox 1450 3355 1547 3425; x_wconf 86' lang='grc' dir='ltr'>τὴν</span> <span class='ocrx_word' id='word_1_378' title='bbox 1594 3355 1686 3407; x_wconf 89' lang='grc' dir='ltr'><strong>τοῦ</strong></span> <span class='ocrx_word' id='word_1_379' title='bbox 1731 3354 1936 3424; x_wconf 82' lang='grc' dir='ltr'>Κυρίου</span> 
     </span>
    </p>
   </div>
   <div class='ocr_carea' id='block_1_52' title="bbox 354 3443 1938 3520">
    <p class='ocr_par' dir='ltr' id='par_1_52' title="bbox 354 3443 1938 3520">
     <span class='ocr_line' id='line_1_52' title="bbox 354 3443 1938 3520; baseline -0.004 -18"><span class='ocrx_word' id='word_1_380' title='bbox 354 3448 570 3520; x_wconf 76' lang='grc' dir='ltr'>φωνὴν,</span> <span class='ocrx_word' id='word_1_381' title='bbox 624 3449 705 3501; x_wconf 82' lang='grc' dir='ltr'>ὅτι</span> <span class='ocrx_word' id='word_1_382' title='bbox 743 3450 804 3500; x_wconf 82' lang='grc' dir='ltr'><strong>Οἱ</strong></span> <span class='ocrx_word' id='word_1_383' title='bbox 830 3450 892 3500; x_wconf 82' lang='grc' dir='ltr'><strong>ἐκ</strong></span> <span class='ocrx_word' id='word_1_384' title='bbox 920 3448 1013 3500; x_wconf 88' lang='grc' dir='ltr'><strong>τοῦ</strong></span> <span class='ocrx_word' id='word_1_385' title='bbox 1052 3447 1368 3517; x_wconf 87' lang='grc' dir='ltr'>Πνεύματος</span> <span class='ocrx_word' id='word_1_386' title='bbox 1402 3445 1770 3516; x_wconf 81' lang='grc' dir='ltr'>γεννηθέντες,</span> <span class='ocrx_word' id='word_1_387' title='bbox 1803 3443 1938 3497; x_wconf 85' lang='grc' dir='ltr'>Θεοῦ</span> 
     </span>
    </p>
   </div>
   <div class='ocr_carea' id='block_1_53' title="bbox 352 3535 1940 3610">
    <p class='ocr_par' dir='ltr' id='par_1_53' title="bbox 352 3535 1940 3610">
     <span class='ocr_line' id='line_1_53' title="bbox 352 3535 1940 3610; baseline -0.004 -16"><span class='ocrx_word' id='word_1_388' title='bbox 352 3541 518 3594; x_wconf 85' lang='grc' dir='ltr'>τέκνα</span> <span class='ocrx_word' id='word_1_389' title='bbox 552 3541 720 3602; x_wconf 84' lang='grc' dir='ltr'>είσίν;</span> <span class='ocrx_word' id='word_1_390' title='bbox 759 3539 915 3592; x_wconf 80' lang='grc' dir='ltr'>Οὕτω</span> <span class='ocrx_word' id='word_1_391' title='bbox 942 3541 1049 3609; x_wconf 73' lang='grc' dir='ltr'><strong>γὰρ</strong></span> <span class='ocrx_word' id='word_1_392' title='bbox 1073 3538 1368 3610; x_wconf 78' lang='grc' dir='ltr'>διαρρήδην</span> <span class='ocrx_word' id='word_1_393' title='bbox 1400 3538 1669 3608; x_wconf 87' lang='grc' dir='ltr'>μαρτυρεῖ</span> <span class='ocrx_word' id='word_1_394' title='bbox 1695 3536 1773 3606; x_wconf 82' lang='grc' dir='ltr'>τῷ</span> <span class='ocrx_word' id='word_1_395' title='bbox 1799 3535 1940 3606; x_wconf 83' lang='grc' dir='ltr'>ἁγίῳ</span> 
     </span>
    </p>
   </div>
   <div class='ocr_carea' id='block_1_54' title="bbox 355 3629 1940 3702">
    <p class='ocr_par' dir='ltr' id='par_1_54' title="bbox 355 3629 1940 3702">
     <span class='ocr_line' id='line_1_54' title="bbox 355 3629 1940 3702; baseline -0.004 -16"><span class='ocrx_word' id='word_1_396' title='bbox 355 3631 632 3702; x_wconf 87' lang='grc' dir='ltr'>Πνεύματι</span> <span class='ocrx_word' id='word_1_397' title='bbox 685 3632 791 3684; x_wconf 78' lang='grc' dir='ltr'><strong>τῶν</strong></span> <span class='ocrx_word' id='word_1_398' title='bbox 836 3631 930 3684; x_wconf 89' lang='grc' dir='ltr'><strong>τοῦ</strong></span> <span class='ocrx_word' id='word_1_399' title='bbox 977 3631 1113 3683; x_wconf 81' lang='grc' dir='ltr'>Θεοῦ</span> <span class='ocrx_word' id='word_1_400' title='bbox 1155 3632 1358 3682; x_wconf 82' lang='grc' dir='ltr'>τέκνων</span> <span class='ocrx_word' id='word_1_401' title='bbox 1396 3630 1493 3699; x_wconf 79' lang='grc' dir='ltr'>τὴν</span> <span class='ocrx_word' id='word_1_402' title='bbox 1540 3629 1811 3696; x_wconf 81' lang='grc' dir='ltr'>γέννησιν,</span> <span class='ocrx_word' id='word_1_403' title='bbox 1863 3629 1940 3680; x_wconf 83' lang='grc' dir='ltr'>εί-</span> 
     </span>
    </p>
   </div>
   <div class='ocr_carea' id='block_1_55' title="bbox 355 3717 1940 3788">
    <p class='ocr_par' dir='ltr' id='par_1_55' title="bbox 355 3717 1940 3788">
     <span class='ocr_line' id='line_1_55' title="bbox 355 3717 1940 3788; baseline -0.001 -14"><span class='ocrx_word' id='word_1_404' title='bbox 355 3719 493 3784; x_wconf 87' lang='grc' dir='ltr'>πὼν,</span> <span class='ocrx_word' id='word_1_405' title='bbox 543 3722 624 3774; x_wconf 82' lang='grc' dir='ltr'><strong>ὅτι</strong></span> <span class='ocrx_word' id='word_1_406' title='bbox 667 3720 896 3788; x_wconf 70' lang='grc' dir='ltr'>’Ὠσπερ</span> <span class='ocrx_word' id='word_1_407' title='bbox 934 3720 996 3772; x_wconf 87' lang='grc' dir='ltr'>τὸ</span> <span class='ocrx_word' id='word_1_408' title='bbox 1045 3717 1485 3788; x_wconf 67' lang='grc' dir='ltr'>γεγεννημένον</span> <span class='ocrx_word' id='word_1_409' title='bbox 1527 3720 1595 3770; x_wconf 74' lang='grc' dir='ltr'><strong>ἐκ</strong></span> <span class='ocrx_word' id='word_1_410' title='bbox 1644 3718 1753 3785; x_wconf 80' lang='grc' dir='ltr'>τῆς</span> <span class='ocrx_word' id='word_1_411' title='bbox 1791 3735 1940 3784; x_wconf 81' lang='grc' dir='ltr'>σαρ-</span> 
     </span>
    </p>
   </div>
   <div class='ocr_carea' id='block_1_56' title="bbox 356 3811 1940 3880">
    <p class='ocr_par' dir='ltr' id='par_1_56' title="bbox 356 3811 1940 3880">
     <span class='ocr_line' id='line_1_56' title="bbox 356 3811 1940 3880; baseline -0.002 -13"><span class='ocrx_word' id='word_1_412' title='bbox 356 3814 484 3878; x_wconf 81' lang='grc' dir='ltr'>κὸς,</span> <span class='ocrx_word' id='word_1_413' title='bbox 515 3811 671 3880; x_wconf 78' lang='grc' dir='ltr'>σάρξ</span> <span class='ocrx_word' id='word_1_414' title='bbox 697 3813 902 3865; x_wconf 82' lang='grc' dir='ltr'>ἐστιν·</span> <span class='ocrx_word' id='word_1_415' title='bbox 941 3811 1128 3876; x_wconf 82' lang='grc' dir='ltr'>οὕτως</span> <span class='ocrx_word' id='word_1_416' title='bbox 1166 3811 1262 3864; x_wconf 78' lang='grc' dir='ltr'>καὶ</span> <span class='ocrx_word' id='word_1_417' title='bbox 1302 3812 1369 3863; x_wconf 82' lang='grc' dir='ltr'>τὸ</span> <span class='ocrx_word' id='word_1_418' title='bbox 1409 3812 1847 3880; x_wconf 67' lang='grc' dir='ltr'>γεγεννημένον</span> <span class='ocrx_word' id='word_1_419' title='bbox 1872 3811 1940 3864; x_wconf 75' lang='grc' dir='ltr'><strong>ἐκ</strong></span> 
     </span>
    </p>
   </div>
   <div class='ocr_carea' id='block_1_57' title="bbox 356 3901 1940 3973">
    <p class='ocr_par' dir='ltr' id='par_1_57' title="bbox 356 3901 1940 3973">
     <span class='ocr_line' id='line_1_57' title="bbox 356 3901 1940 3973; baseline -0.003 -14"><span class='ocrx_word' id='word_1_420' title='bbox 356 3906 464 3959; x_wconf 82' lang='grc' dir='ltr'><strong>τοῦ</strong></span> <span class='ocrx_word' id='word_1_421' title='bbox 514 3905 873 3973; x_wconf 79' lang='grc' dir='ltr'>πνεύματος,</span> <span class='ocrx_word' id='word_1_422' title='bbox 911 3901 1153 3971; x_wconf 76' lang='grc' dir='ltr'>πνεῦμά</span> <span class='ocrx_word' id='word_1_423' title='bbox 1195 3903 1384 3956; x_wconf 82' lang='grc' dir='ltr'>ἐστιν.</span> <span class='ocrx_word' id='word_1_424' title='bbox 1429 3903 1584 3955; x_wconf 86' lang='grc' dir='ltr'>Ὅσοι</span> <span class='ocrx_word' id='word_1_425' title='bbox 1613 3903 1668 3955; x_wconf 82' lang='grc' dir='ltr'>δὲ</span> <span class='ocrx_word' id='word_1_426' title='bbox 1702 3903 1806 3954; x_wconf 78' lang='grc' dir='ltr'><strong>ὑπὸ</strong></span> <span class='ocrx_word' id='word_1_427' title='bbox 1844 3901 1940 3954; x_wconf 87' lang='grc' dir='ltr'><strong>τοῦ</strong></span> 
     </span>
    </p>
   </div>
   <div class='ocr_carea' id='block_1_58' title="bbox 357 3995 1946 4069">
    <p class='ocr_par' dir='ltr' id='par_1_58' title="bbox 357 3995 1946 4069">
     <span class='ocr_line' id='line_1_58' title="bbox 357 3995 1946 4069; baseline -0.003 -18"><span class='ocrx_word' id='word_1_428' title='bbox 357 3997 674 4069; x_wconf 83' lang='grc' dir='ltr'>Πνεύματος</span> <span class='ocrx_word' id='word_1_429' title='bbox 720 3996 1110 4068; x_wconf 84' lang='grc' dir='ltr'>ἐγεννήθησαν,</span> <span class='ocrx_word' id='word_1_430' title='bbox 1161 3995 1297 4049; x_wconf 86' lang='grc' dir='ltr'>Θεοῦ</span> <span class='ocrx_word' id='word_1_431' title='bbox 1355 3998 1518 4049; x_wconf 86' lang='grc' dir='ltr'>τέκνα</span> <span class='ocrx_word' id='word_1_432' title='bbox 1570 3995 1946 4068; x_wconf 81' lang='grc' dir='ltr'>προσηγορεύ-</span> 
     </span>
    </p>
   </div>
   <div class='ocr_carea' id='block_1_59' title="bbox 359 4088 1939 4161">
    <p class='ocr_par' dir='ltr' id='par_1_59' title="bbox 359 4088 1939 4161">
     <span class='ocr_line' id='line_1_59' title="bbox 359 4088 1939 4161; baseline -0.003 -17"><span class='ocrx_word' id='word_1_433' title='bbox 359 4093 550 4161; x_wconf 83' lang='grc' dir='ltr'>θησαν.</span> <span class='ocrx_word' id='word_1_434' title='bbox 589 4091 776 4153; x_wconf 80' lang='grc' dir='ltr'>Οῦτως</span> <span class='ocrx_word' id='word_1_435' title='bbox 806 4092 900 4144; x_wconf 70' lang='grc' dir='ltr'><strong>καὶ</strong></span> <span class='ocrx_word' id='word_1_436' title='bbox 931 4090 1024 4142; x_wconf 87' lang='grc' dir='ltr'><strong>τοῦ</strong></span> <span class='ocrx_word' id='word_1_437' title='bbox 1055 4089 1262 4161; x_wconf 81' lang='grc' dir='ltr'>Κυρίου</span> <span class='ocrx_word' id='word_1_438' title='bbox 1296 4089 1385 4143; x_wconf 76' lang='grc' dir='ltr'><strong>διὰ</strong></span> <span class='ocrx_word' id='word_1_439' title='bbox 1413 4089 1508 4141; x_wconf 86' lang='grc' dir='ltr'><strong>τοῦ</strong></span> <span class='ocrx_word' id='word_1_440' title='bbox 1543 4088 1939 4160; x_wconf 76' lang='grc' dir='ltr'>προσφυσήμα-</span> 
     </span>
    </p>
   </div>
   <div class='ocr_carea' id='block_1_60' title="bbox 357 4179 1941 4250">
    <p class='ocr_par' dir='ltr' id='par_1_60' title="bbox 357 4179 1941 4250">
     <span class='ocr_line' id='line_1_60' title="bbox 357 4179 1941 4250; baseline -0.003 -14"><span class='ocrx_word' id='word_1_441' title='bbox 357 4202 447 4245; x_wconf 84' lang='grc' dir='ltr'><strong>τος</strong></span> <span class='ocrx_word' id='word_1_442' title='bbox 478 4183 770 4245; x_wconf 83' lang='grc' dir='ltr'>δεδωκότος</span> <span class='ocrx_word' id='word_1_443' title='bbox 801 4185 914 4246; x_wconf 89' lang='grc' dir='ltr'>τοῖς</span> <span class='ocrx_word' id='word_1_444' title='bbox 969 4183 1236 4243; x_wconf 76' lang='grc' dir='ltr'>μαθηταῖς</span> <span class='ocrx_word' id='word_1_445' title='bbox 1283 4180 1342 4233; x_wconf 84' lang='grc' dir='ltr'><strong>τὸ</strong></span> <span class='ocrx_word' id='word_1_446' title='bbox 1387 4180 1611 4250; x_wconf 88' lang='grc' dir='ltr'>Πνεῦμα</span> <span class='ocrx_word' id='word_1_447' title='bbox 1657 4181 1717 4232; x_wconf 83' lang='grc' dir='ltr'>τὸ</span> <span class='ocrx_word' id='word_1_448' title='bbox 1765 4179 1941 4247; x_wconf 74' lang='grc' dir='ltr'>ἅγιον,</span> 
     </span>
    </p>
   </div>
   <div class='ocr_carea' id='block_1_61' title="bbox 362 4271 1943 4346">
    <p class='ocr_par' dir='ltr' id='par_1_61' title="bbox 362 4271 1943 4346">
     <span class='ocr_line' id='line_1_61' title="bbox 362 4271 1943 4346; baseline -0.004 -16"><span class='ocrx_word' id='word_1_449' title='bbox 362 4278 523 4345; x_wconf 65' lang='grc' dir='ltr'>φησὶν</span> <span class='ocrx_word' id='word_1_450' title='bbox 567 4279 596 4330; x_wconf 83' lang='grc' dir='ltr'>ὁ</span> <span class='ocrx_word' id='word_1_451' title='bbox 647 4276 913 4346; x_wconf 77' lang='grc' dir='ltr'>Ἰωάννης,</span> <span class='ocrx_word' id='word_1_452' title='bbox 948 4274 1044 4328; x_wconf 85' lang='grc' dir='ltr'>Ἐκ</span> <span class='ocrx_word' id='word_1_453' title='bbox 1064 4273 1162 4328; x_wconf 86' lang='grc' dir='ltr'><strong>τοῦ</strong></span> <span class='ocrx_word' id='word_1_454' title='bbox 1185 4271 1552 4344; x_wconf 74' lang='grc' dir='ltr'>πληρώματος</span> <span class='ocrx_word' id='word_1_455' title='bbox 1587 4271 1750 4324; x_wconf 82' lang='grc' dir='ltr'>αὐτοῦ</span> <span class='ocrx_word' id='word_1_456' title='bbox 1783 4274 1943 4343; x_wconf 79' lang='grc' dir='ltr'>ἡμεῖς</span> 
     </span>
    </p>
   </div>
   <div class='ocr_carea' id='block_1_62' title="bbox 360 4362 1944 4434">
    <p class='ocr_par' dir='ltr' id='par_1_62' title="bbox 360 4362 1944 4434">
     <span class='ocr_line' id='line_1_62' title="bbox 360 4362 1944 4434; baseline -0.003 -15"><span class='ocrx_word' id='word_1_457' title='bbox 360 4369 559 4429; x_wconf 76' lang='grc' dir='ltr'>πάντες</span> <span class='ocrx_word' id='word_1_458' title='bbox 587 4365 871 4434; x_wconf 85' lang='grc' dir='ltr'>ἐλάϐομεν.</span> <span class='ocrx_word' id='word_1_459' title='bbox 909 4365 999 4417; x_wconf 84' lang='grc' dir='ltr'>Ἐν</span> <span class='ocrx_word' id='word_1_460' title='bbox 1023 4362 1172 4433; x_wconf 78' lang='grc' dir='ltr'>αὐτῷ</span> <span class='ocrx_word' id='word_1_461' title='bbox 1199 4364 1255 4417; x_wconf 85' lang='grc' dir='ltr'>δὲ</span> <span class='ocrx_word' id='word_1_462' title='bbox 1281 4367 1552 4417; x_wconf 85' lang='grc' dir='ltr'>κατοικεῖν</span> <span class='ocrx_word' id='word_1_463' title='bbox 1579 4363 1638 4416; x_wconf 85' lang='grc' dir='ltr'>τὸ</span> <span class='ocrx_word' id='word_1_464' title='bbox 1671 4363 1944 4433; x_wconf 85' lang='grc' dir='ltr'>πλήρωμα</span> 
     </span>
    </p>
   </div>
   <div class='ocr_carea' id='block_1_63' title="bbox 357 4454 1945 4528">
    <p class='ocr_par' dir='ltr' id='par_1_63' title="bbox 357 4454 1945 4528">
     <span class='ocr_line' id='line_1_63' title="bbox 357 4454 1945 4528; baseline -0.003 -17"><span class='ocrx_word' id='word_1_465' title='bbox 357 4461 456 4528; x_wconf 80' lang='grc' dir='ltr'><strong>τῆς</strong></span> <span class='ocrx_word' id='word_1_466' title='bbox 494 4459 760 4528; x_wconf 78' lang='grc' dir='ltr'>θεότητος,</span> <span class='ocrx_word' id='word_1_467' title='bbox 790 4460 819 4511; x_wconf 84' lang='grc' dir='ltr'>ὁ</span> <span class='ocrx_word' id='word_1_468' title='bbox 858 4457 1028 4527; x_wconf 84' lang='grc' dir='ltr'>μέγας</span> <span class='ocrx_word' id='word_1_469' title='bbox 1055 4456 1268 4519; x_wconf 88' lang='grc' dir='ltr'>Παῦλος</span> <span class='ocrx_word' id='word_1_470' title='bbox 1293 4455 1744 4526; x_wconf 88' lang='grc' dir='ltr'>διαμαρτύρεται.</span> <span class='ocrx_word' id='word_1_471' title='bbox 1787 4454 1945 4507; x_wconf 75' lang='grc' dir='ltr'>Ἀλλὰ</span> 
     </span>
    </p>
   </div>
   <div class='ocr_carea' id='block_1_64' title="bbox 2035 1961 3625 2042">
    <p class='ocr_par' dir='ltr' id='par_1_64' title="bbox 2035 1961 3625 2042">
     <span class='ocr_line' id='line_1_64' title="bbox 2035 1961 3625 2042; baseline 0.005 -22"><span class='ocrx_word' id='word_1_472' title='bbox 2035 1984 2128 2034; x_wconf 81' lang='lat' dir='ltr'><strong>per</strong></span> <span class='ocrx_word' id='word_1_473' title='bbox 2166 1966 2536 2037; x_wconf 79' lang='lat' dir='ltr'><strong>Unigenitum;</strong></span> <span class='ocrx_word' id='word_1_474' title='bbox 2573 1969 2626 2022; x_wconf 91' lang='lat' dir='ltr'><strong>in</strong></span> <span class='ocrx_word' id='word_1_475' title='bbox 2662 1961 2931 2024; x_wconf 87' lang='lat' dir='ltr'><strong>summam</strong></span> <span class='ocrx_word' id='word_1_476' title='bbox 2973 1981 3026 2024; x_wconf 88' lang='lat' dir='ltr'><strong>et</strong></span> <span class='ocrx_word' id='word_1_477' title='bbox 3060 1979 3224 2040; x_wconf 88' lang='lat' dir='ltr'><strong>caput</strong></span> <span class='ocrx_word' id='word_1_478' title='bbox 3278 1973 3476 2042; x_wconf 82' lang='lat' dir='ltr'><strong>redigit</strong></span> <span class='ocrx_word' id='word_1_479' title='bbox 3503 1990 3625 2028; x_wconf 86' lang='lat' dir='ltr'><strong>om-</strong></span> 
     </span>
    </p>
   </div>
   <div class='ocr_carea' id='block_1_65' title="bbox 2035 2060 3620 2130">
    <p class='ocr_par' dir='ltr' id='par_1_65' title="bbox 2035 2060 3620 2130">
     <span class='ocr_line' id='line_1_65' title="bbox 2035 2060 3620 2130; baseline 0.004 -17"><span class='ocrx_word' id='word_1_480' title='bbox 2035 2076 2158 2113; x_wconf 86' lang='lat' dir='ltr'><strong>nem</strong></span> <span class='ocrx_word' id='word_1_481' title='bbox 2189 2075 2344 2114; x_wconf 84' lang='lat' dir='ltr'><strong>suam</strong></span> <span class='ocrx_word' id='word_1_482' title='bbox 2375 2060 2726 2128; x_wconf 85' lang='lat' dir='ltr'><strong>impietatem,</strong></span> <span class='ocrx_word' id='word_1_483' title='bbox 2748 2076 2842 2130; x_wconf 87' lang='lat' dir='ltr'><strong>per</strong></span> <span class='ocrx_word' id='word_1_484' title='bbox 2866 2061 2982 2115; x_wconf 61' lang='lat' dir='ltr'><strong>haec</strong></span> <span class='ocrx_word' id='word_1_485' title='bbox 3002 2061 3168 2116; x_wconf 88' lang='lat' dir='ltr'><strong>dicta.</strong></span> <span class='ocrx_word' id='word_1_486' title='bbox 3201 2061 3416 2120; x_wconf 79' lang='lat' dir='ltr'><strong>Rursus</strong></span> <span class='ocrx_word' id='word_1_487' title='bbox 3443 2067 3620 2121; x_wconf 83' lang='lat' dir='ltr'><strong>solum</strong></span> 
     </span>
    </p>
   </div>
   <div class='ocr_carea' id='block_1_66' title="bbox 2038 2148 3625 2224">
    <p class='ocr_par' dir='ltr' id='par_1_66' title="bbox 2038 2148 3625 2224">
     <span class='ocr_line' id='line_1_66' title="bbox 2038 2148 3625 2224; baseline 0.006 -24"><span class='ocrx_word' id='word_1_488' title='bbox 2038 2148 2206 2203; x_wconf 79' lang='lat' dir='ltr'><strong>Deum</strong></span> <span class='ocrx_word' id='word_1_489' title='bbox 2237 2148 2450 2202; x_wconf 87' lang='lat' dir='ltr'><strong>Patrem</strong></span> <span class='ocrx_word' id='word_1_490' title='bbox 2482 2150 2728 2204; x_wconf 86' lang='lat' dir='ltr'><strong>nominat</strong></span> <span class='ocrx_word' id='word_1_491' title='bbox 2752 2151 3114 2206; x_wconf 90' lang='lat' dir='ltr'><strong>instrumento</strong></span> <span class='ocrx_word' id='word_1_492' title='bbox 3143 2169 3302 2206; x_wconf 88' lang='lat' dir='ltr'><strong>ttsum</strong></span> <span class='ocrx_word' id='word_1_493' title='bbox 3333 2153 3625 2224; x_wconf 80' lang='lat' dir='ltr'><strong>Unigenito</strong></span> 
     </span>
    </p>
   </div>
   <div class='ocr_carea' id='block_1_67' title="bbox 2037 2240 3624 2317">
    <p class='ocr_par' dir='ltr' id='par_1_67' title="bbox 2037 2240 3624 2317">
     <span class='ocr_line' id='line_1_67' title="bbox 2037 2240 3624 2317; baseline 0.006 -24"><span class='ocrx_word' id='word_1_494' title='bbox 2037 2240 2102 2294; x_wconf 86' lang='lat' dir='ltr'><strong>ad</strong></span> <span class='ocrx_word' id='word_1_495' title='bbox 2125 2242 2594 2296; x_wconf 87' lang='lat' dir='ltr'><strong>constructionem</strong></span> <span class='ocrx_word' id='word_1_496' title='bbox 2625 2242 2886 2312; x_wconf 89' lang='lat' dir='ltr'><strong>Spiritus.</strong></span> <span class='ocrx_word' id='word_1_497' title='bbox 2908 2243 3216 2309; x_wconf 83' lang='lat' dir='ltr'><strong>Quamnam</strong></span> <span class='ocrx_word' id='word_1_498' title='bbox 3238 2261 3303 2301; x_wconf 83' lang='lat' dir='ltr'><strong>ex</strong></span> <span class='ocrx_word' id='word_1_499' title='bbox 3339 2247 3624 2317; x_wconf 89' lang='lat' dir='ltr'><strong>Scriptura</strong></span> 
     </span>
    </p>
   </div>
   <div class='ocr_carea' id='block_1_68' title="bbox 2039 2335 3624 2405">
    <p class='ocr_par' dir='ltr' id='par_1_68' title="bbox 2039 2335 3624 2405">
     <span class='ocr_line' id='line_1_68' title="bbox 2039 2335 3624 2405; baseline 0.005 -17"><span class='ocrx_word' id='word_1_500' title='bbox 2039 2336 2288 2389; x_wconf 88' lang='lat' dir='ltr'><strong>umbram</strong></span> <span class='ocrx_word' id='word_1_501' title='bbox 2318 2335 2636 2405; x_wconf 85' lang='lat' dir='ltr'><strong>hujusmodi</strong></span> <span class='ocrx_word' id='word_1_502' title='bbox 2668 2337 2911 2391; x_wconf 89' lang='lat' dir='ltr'><strong>notionis</strong></span> <span class='ocrx_word' id='word_1_503' title='bbox 2935 2345 3132 2394; x_wconf 83' lang='lat' dir='ltr'><strong>nactus</strong></span> <span class='ocrx_word' id='word_1_504' title='bbox 3163 2338 3278 2393; x_wconf 64' lang='lat' dir='ltr'><strong>haec</strong></span> <span class='ocrx_word' id='word_1_505' title='bbox 3304 2341 3512 2396; x_wconf 81' lang='lat' dir='ltr'><strong>audet?</strong></span> <span class='ocrx_word' id='word_1_506' title='bbox 3545 2342 3624 2396; x_wconf 76' lang='lat' dir='ltr'><strong>Ex</strong></span> 
     </span>
    </p>
   </div>
   <div class='ocr_carea' id='block_1_69' title="bbox 2036 2427 3626 2497">
    <p class='ocr_par' dir='ltr' id='par_1_69' title="bbox 2036 2427 3626 2497">
     <span class='ocr_line' id='line_1_69' title="bbox 2036 2427 3626 2497; baseline 0.004 -16"><span class='ocrx_word' id='word_1_507' title='bbox 2036 2443 2147 2497; x_wconf 83' lang='lat' dir='ltr'><strong>quo</strong></span> <span class='ocrx_word' id='word_1_508' title='bbox 2175 2427 2446 2497; x_wconf 86' lang='lat' dir='ltr'><strong>principio</strong></span> <span class='ocrx_word' id='word_1_509' title='bbox 2498 2443 2595 2497; x_wconf 90' lang='lat' dir='ltr'><strong>per</strong></span> <span class='ocrx_word' id='word_1_510' title='bbox 2621 2429 3067 2484; x_wconf 89' lang='lat' dir='ltr'><strong>consecutionem</strong></span> <span class='ocrx_word' id='word_1_511' title='bbox 3101 2431 3167 2484; x_wconf 83' lang='lat' dir='ltr'><strong>ad</strong></span> <span class='ocrx_word' id='word_1_512' title='bbox 3199 2432 3364 2486; x_wconf 86' lang='lat' dir='ltr'><strong>talem</strong></span> <span class='ocrx_word' id='word_1_513' title='bbox 3401 2434 3626 2487; x_wconf 86' lang='lat' dir='ltr'><strong>conclu-</strong></span> 
     </span>
    </p>
   </div>
   <div class='ocr_carea' id='block_1_70' title="bbox 2038 2521 3628 2600">
    <p class='ocr_par' dir='ltr' id='par_1_70' title="bbox 2038 2521 3628 2600">
     <span class='ocr_line' id='line_1_70' title="bbox 2038 2521 3628 2600; baseline 0.008 -27"><span class='ocrx_word' id='word_1_514' title='bbox 2038 2521 2250 2575; x_wconf 88' lang='lat' dir='ltr'><strong>sionem</strong></span> <span class='ocrx_word' id='word_1_515' title='bbox 2287 2522 2545 2590; x_wconf 83' lang='lat' dir='ltr'><strong>produxit</strong></span> <span class='ocrx_word' id='word_1_516' title='bbox 2602 2523 2975 2592; x_wconf 86' lang='lat' dir='ltr'><strong>impietatem?</strong></span> <span class='ocrx_word' id='word_1_517' title='bbox 3029 2526 3292 2594; x_wconf 82' lang='lat' dir='ltr'><strong>Quisnam</strong></span> <span class='ocrx_word' id='word_1_518' title='bbox 3351 2532 3628 2600; x_wconf 82' lang='lat' dir='ltr'><strong>evangeli-</strong></span> 
     </span>
    </p>
   </div>
   <div class='ocr_carea' id='block_1_71' title="bbox 2039 2615 3628 2692">
    <p class='ocr_par' dir='ltr' id='par_1_71' title="bbox 2039 2615 3628 2692">
     <span class='ocr_line' id='line_1_71' title="bbox 2039 2615 3628 2692; baseline 0.005 -25"><span class='ocrx_word' id='word_1_519' title='bbox 2039 2623 2252 2668; x_wconf 88' lang='lat' dir='ltr'><strong>slarum</strong></span> <span class='ocrx_word' id='word_1_520' title='bbox 2289 2616 2391 2668; x_wconf 93' lang='lat' dir='ltr'><strong>hoc</strong></span> <span class='ocrx_word' id='word_1_521' title='bbox 2426 2615 2601 2669; x_wconf 85' lang='lat' dir='ltr'><strong>dicit?</strong></span> <span class='ocrx_word' id='word_1_522' title='bbox 2631 2619 2756 2686; x_wconf 90' lang='lat' dir='ltr'><strong>quis</strong></span> <span class='ocrx_word' id='word_1_523' title='bbox 2787 2621 3115 2688; x_wconf 83' lang='lat' dir='ltr'><strong>apostolus?</strong></span> <span class='ocrx_word' id='word_1_524' title='bbox 3146 2623 3271 2691; x_wconf 89' lang='lat' dir='ltr'><strong>quis</strong></span> <span class='ocrx_word' id='word_1_525' title='bbox 3321 2623 3628 2692; x_wconf 72' lang='lat' dir='ltr'><strong>propheta’</strong></span> 
     </span>
    </p>
   </div>
   <div class='ocr_carea' id='block_1_72' title="bbox 2039 2705 3624 2781">
    <p class='ocr_par' dir='ltr' id='par_1_72' title="bbox 2039 2705 3624 2781">
     <span class='ocr_line' id='line_1_72' title="bbox 2039 2705 3624 2781; baseline 0.004 -24"><span class='ocrx_word' id='word_1_526' title='bbox 2039 2705 2264 2760; x_wconf 89' lang='lat' dir='ltr'><strong>omnino</strong></span> <span class='ocrx_word' id='word_1_527' title='bbox 2297 2707 2517 2776; x_wconf 91' lang='lat' dir='ltr'><strong>quidem</strong></span> <span class='ocrx_word' id='word_1_528' title='bbox 2554 2710 2896 2762; x_wconf 89' lang='lat' dir='ltr'><strong>contrarium</strong></span> <span class='ocrx_word' id='word_1_529' title='bbox 2929 2712 3109 2764; x_wconf 91' lang='lat' dir='ltr'><strong>omnis</strong></span> <span class='ocrx_word' id='word_1_530' title='bbox 3141 2727 3171 2763; x_wconf 89' lang='lat' dir='ltr'><strong>a</strong></span> <span class='ocrx_word' id='word_1_531' title='bbox 3217 2710 3328 2766; x_wconf 90' lang='lat' dir='ltr'><strong>Deo</strong></span> <span class='ocrx_word' id='word_1_532' title='bbox 3361 2713 3624 2781; x_wconf 82' lang='lat' dir='ltr'><strong>inspirata</strong></span> 
     </span>
    </p>
   </div>
   <div class='ocr_carea' id='block_1_73' title="bbox 2042 2796 3627 2873">
    <p class='ocr_par' dir='ltr' id='par_1_73' title="bbox 2042 2796 3627 2873">
     <span class='ocr_line' id='line_1_73' title="bbox 2042 2796 3627 2873; baseline 0.005 -24"><span class='ocrx_word' id='word_1_533' title='bbox 2042 2796 2330 2867; x_wconf 85' lang='lat' dir='ltr'><strong>Scriptura</strong></span> <span class='ocrx_word' id='word_1_534' title='bbox 2380 2798 2560 2852; x_wconf 71' lang='lat' dir='ltr'><strong>afﬂatu</strong></span> <span class='ocrx_word' id='word_1_535' title='bbox 2597 2799 2842 2870; x_wconf 88' lang='lat' dir='ltr'><strong>Spiritus</strong></span> <span class='ocrx_word' id='word_1_536' title='bbox 2873 2802 3174 2870; x_wconf 83' lang='lat' dir='ltr'><strong>descripta,</strong></span> <span class='ocrx_word' id='word_1_537' title='bbox 3211 2803 3469 2857; x_wconf 89' lang='lat' dir='ltr'><strong>deitatem</strong></span> <span class='ocrx_word' id='word_1_538' title='bbox 3503 2802 3627 2873; x_wconf 83' lang='lat' dir='ltr'><strong>Spi-</strong></span> 
     </span>
    </p>
   </div>
   <div class='ocr_carea' id='block_1_74' title="bbox 2039 2890 3626 2965">
    <p class='ocr_par' dir='ltr' id='par_1_74' title="bbox 2039 2890 3626 2965">
     <span class='ocr_line' id='line_1_74' title="bbox 2039 2890 3626 2965; baseline 0.004 -25"><span class='ocrx_word' id='word_1_539' title='bbox 2039 2890 2172 2944; x_wconf 90' lang='lat' dir='ltr'><strong>ritui</strong></span> <span class='ocrx_word' id='word_1_540' title='bbox 2209 2907 2309 2944; x_wconf 89' lang='lat' dir='ltr'><strong>suo</strong></span> <span class='ocrx_word' id='word_1_541' title='bbox 2335 2893 2654 2946; x_wconf 88' lang='lat' dir='ltr'><strong>testimonio</strong></span> <span class='ocrx_word' id='word_1_542' title='bbox 2668 2896 2890 2958; x_wconf 88' lang='lat' dir='ltr'><strong>asserit,</strong></span> <span class='ocrx_word' id='word_1_543' title='bbox 2923 2895 3157 2964; x_wconf 80' lang='lat' dir='ltr'><strong>exempli</strong></span> <span class='ocrx_word' id='word_1_544' title='bbox 3185 2897 3383 2964; x_wconf 81' lang='lat' dir='ltr'><strong>gratia,</strong></span> <span class='ocrx_word' id='word_1_545' title='bbox 3403 2905 3626 2965; x_wconf 75' lang='lat' dir='ltr'><strong>prtestat</strong></span> 
     </span>
    </p>
   </div>
   <div class='ocr_carea' id='block_1_75' title="bbox 2040 2985 3628 3055">
    <p class='ocr_par' dir='ltr' id='par_1_75' title="bbox 2040 2985 3628 3055">
     <span class='ocr_line' id='line_1_75' title="bbox 2040 2985 3628 3055; baseline 0.004 -19"><span class='ocrx_word' id='word_1_546' title='bbox 2040 2988 2184 3036; x_wconf 77' lang='lat' dir='ltr'><strong>enim</strong></span> <span class='ocrx_word' id='word_1_547' title='bbox 2217 2985 2553 3040; x_wconf 81' lang='lat' dir='ltr'><strong>testimoniis</strong></span> <span class='ocrx_word' id='word_1_548' title='bbox 2579 2987 2884 3040; x_wconf 89' lang='lat' dir='ltr'><strong>orationem</strong></span> <span class='ocrx_word' id='word_1_549' title='bbox 2904 2988 3318 3049; x_wconf 87' lang='lat' dir='ltr'><strong>demonstrare,</strong></span> <span class='ocrx_word' id='word_1_550' title='bbox 3345 2989 3434 3055; x_wconf 86' lang='lat' dir='ltr'><strong>qui</strong></span> <span class='ocrx_word' id='word_1_551' title='bbox 3469 3005 3628 3042; x_wconf 85' lang='lat' dir='ltr'><strong>acce-</strong></span> 
     </span>
    </p>
   </div>
   <div class='ocr_carea' id='block_1_76' title="bbox 2043 3078 3629 3146">
    <p class='ocr_par' dir='ltr' id='par_1_76' title="bbox 2043 3078 3629 3146">
     <span class='ocr_line' id='line_1_76' title="bbox 2043 3078 3629 3146; baseline 0.003 -17"><span class='ocrx_word' id='word_1_552' title='bbox 2043 3087 2242 3146; x_wconf 89' lang='lat' dir='ltr'><strong>perunt</strong></span> <span class='ocrx_word' id='word_1_553' title='bbox 2273 3085 2598 3146; x_wconf 88' lang='lat' dir='ltr'><strong>potestatem</strong></span> <span class='ocrx_word' id='word_1_554' title='bbox 2637 3089 2695 3131; x_wconf 92' lang='lat' dir='ltr'><strong>ut</strong></span> <span class='ocrx_word' id='word_1_555' title='bbox 2737 3078 2828 3132; x_wconf 88' lang='lat' dir='ltr'><strong>Dei</strong></span> <span class='ocrx_word' id='word_1_556' title='bbox 2861 3080 2954 3136; x_wconf 76' lang='lat' dir='ltr'><strong>lilii</strong></span> <span class='ocrx_word' id='word_1_557' title='bbox 2998 3082 3213 3140; x_wconf 84' lang='lat' dir='ltr'><strong>ﬁerent,</strong></span> <span class='ocrx_word' id='word_1_558' title='bbox 3246 3097 3348 3135; x_wconf 91' lang='lat' dir='ltr'><strong>suo</strong></span> <span class='ocrx_word' id='word_1_559' title='bbox 3378 3083 3629 3136; x_wconf 83' lang='lat' dir='ltr'><strong>testimo-</strong></span> 
     </span>
    </p>
   </div>
   <div class='ocr_carea' id='block_1_77' title="bbox 2045 3169 3628 3238">
    <p class='ocr_par' dir='ltr' id='par_1_77' title="bbox 2045 3169 3628 3238">
     <span class='ocr_line' id='line_1_77' title="bbox 2045 3169 3628 3238; baseline 0.004 -17"><span class='ocrx_word' id='word_1_560' title='bbox 2045 3172 2137 3222; x_wconf 91' lang='lat' dir='ltr'><strong>nio</strong></span> <span class='ocrx_word' id='word_1_561' title='bbox 2168 3169 2397 3238; x_wconf 80' lang='lat' dir='ltr'><strong>Spiritui</strong></span> <span class='ocrx_word' id='word_1_562' title='bbox 2445 3170 2730 3223; x_wconf 86' lang='lat' dir='ltr'><strong>vindicant</strong></span> <span class='ocrx_word' id='word_1_563' title='bbox 2763 3169 3128 3226; x_wconf 83' lang='lat' dir='ltr'><strong>divinitatem.</strong></span> <span class='ocrx_word' id='word_1_564' title='bbox 3181 3172 3315 3238; x_wconf 85' lang='lat' dir='ltr'><strong>Quis</strong></span> <span class='ocrx_word' id='word_1_565' title='bbox 3349 3175 3492 3227; x_wconf 91' lang='lat' dir='ltr'><strong>enim</strong></span> <span class='ocrx_word' id='word_1_566' title='bbox 3522 3171 3628 3226; x_wconf 86' lang='lat' dir='ltr'><strong>Do-</strong></span> 
     </span>
    </p>
   </div>
   <div class='ocr_carea' id='block_1_78' title="bbox 2018 3257 3628 3330">
    <p class='ocr_par' dir='ltr' id='par_1_78' title="bbox 2018 3257 3628 3330">
     <span class='ocr_line' id='line_1_78' title="bbox 2018 3257 3628 3330; baseline 0.004 -21"><span class='ocrx_word' id='word_1_567' title='bbox 2018 3257 2177 3310; x_wconf 89' lang='lat' dir='ltr'><strong>&#39;mini</strong></span> <span class='ocrx_word' id='word_1_568' title='bbox 2219 3273 2406 3312; x_wconf 88' lang='lat' dir='ltr'><strong>vocem</strong></span> <span class='ocrx_word' id='word_1_569' title='bbox 2443 3259 2694 3328; x_wconf 80' lang='lat' dir='ltr'><strong>ignorat?</strong></span> <span class='ocrx_word' id='word_1_570' title='bbox 2724 3258 2831 3324; x_wconf 89' lang='lat' dir='ltr'><strong>Qui</strong></span> <span class='ocrx_word' id='word_1_571' title='bbox 2861 3274 2927 3313; x_wconf 82' lang='lat' dir='ltr'><strong>ex</strong></span> <span class='ocrx_word' id='word_1_572' title='bbox 2965 3259 3172 3330; x_wconf 89' lang='lat' dir='ltr'><strong>Spiritu</strong></span> <span class='ocrx_word' id='word_1_573' title='bbox 3203 3264 3316 3316; x_wconf 86' lang='lat' dir='ltr'><strong>nati</strong></span> <span class='ocrx_word' id='word_1_574' title='bbox 3367 3273 3496 3318; x_wconf 90' lang='lat' dir='ltr'><strong>sunt</strong></span> <span class='ocrx_word' id='word_1_575' title='bbox 3529 3263 3628 3316; x_wconf 86' lang='lat' dir='ltr'><strong>ﬁlii</strong></span> 
     </span>
    </p>
   </div>
   <div class='ocr_carea' id='block_1_79' title="bbox 2045 3347 3627 3420">
    <p class='ocr_par' dir='ltr' id='par_1_79' title="bbox 2045 3347 3627 3420">
     <span class='ocr_line' id='line_1_79' title="bbox 2045 3347 3627 3420; baseline 0.004 -20"><span class='ocrx_word' id='word_1_576' title='bbox 2045 3349 2135 3402; x_wconf 88' lang='lat' dir='ltr'><strong>Dei</strong></span> <span class='ocrx_word' id='word_1_577' title='bbox 2166 3357 2298 3403; x_wconf 91' lang='lat' dir='ltr'><strong>sunt</strong></span> <span class='ocrx_word' id='word_1_578' title='bbox 2316 3351 2356 3403; x_wconf 81' lang='grc'><strong>⁸.</strong></span> <span class='ocrx_word' id='word_1_579' title='bbox 2388 3347 2481 3403; x_wconf 89' lang='lat' dir='ltr'><strong>Sic</strong></span> <span class='ocrx_word' id='word_1_580' title='bbox 2515 3352 2661 3403; x_wconf 92' lang='lat' dir='ltr'><strong>enim</strong></span> <span class='ocrx_word' id='word_1_581' title='bbox 2687 3358 2878 3419; x_wconf 86' lang='lat' dir='ltr'><strong>aperte</strong></span> <span class='ocrx_word' id='word_1_582' title='bbox 2908 3349 3136 3420; x_wconf 88' lang='lat' dir='ltr'><strong>Spiritui</strong></span> <span class='ocrx_word' id='word_1_583' title='bbox 3162 3363 3356 3407; x_wconf 87' lang='lat' dir='ltr'><strong>sancto</strong></span> <span class='ocrx_word' id='word_1_584' title='bbox 3392 3355 3627 3407; x_wconf 70' lang='lat' dir='ltr'><strong>tiliorum</strong></span> 
     </span>
    </p>
   </div>
   <div class='ocr_carea' id='block_1_80' title="bbox 2041 3440 3626 3511">
    <p class='ocr_par' dir='ltr' id='par_1_80' title="bbox 2041 3440 3626 3511">
     <span class='ocr_line' id='line_1_80' title="bbox 2041 3440 3626 3511; baseline 0.004 -19"><span class='ocrx_word' id='word_1_585' title='bbox 2041 3440 2135 3494; x_wconf 90' lang='lat' dir='ltr'><strong>Dei</strong></span> <span class='ocrx_word' id='word_1_586' title='bbox 2164 3443 2572 3510; x_wconf 79' lang='lat' dir='ltr'><strong>generationem</strong></span> <span class='ocrx_word' id='word_1_587' title='bbox 2627 3444 2887 3508; x_wconf 88' lang='lat' dir='ltr'><strong>ascribit,</strong></span> <span class='ocrx_word' id='word_1_588' title='bbox 2943 3459 3070 3498; x_wconf 91' lang='lat' dir='ltr'><strong>cum</strong></span> <span class='ocrx_word' id='word_1_589' title='bbox 3122 3444 3260 3498; x_wconf 80' lang='lat' dir='ltr'><strong>dixit</strong></span> <span class='ocrx_word' id='word_1_590' title='bbox 3307 3446 3626 3511; x_wconf 79' lang='lat' dir='ltr'><strong>:Quemad-</strong></span> 
     </span>
    </p>
   </div>
   <div class='ocr_carea' id='block_1_81' title="bbox 2042 3533 3630 3606">
    <p class='ocr_par' dir='ltr' id='par_1_81' title="bbox 2042 3533 3630 3606">
     <span class='ocr_line' id='line_1_81' title="bbox 2042 3533 3630 3606; baseline 0.005 -24"><span class='ocrx_word' id='word_1_591' title='bbox 2042 3536 2256 3584; x_wconf 81' lang='lat' dir='ltr'><strong>modum</strong></span> <span class='ocrx_word' id='word_1_592' title='bbox 2302 3533 2441 3603; x_wconf 81' lang='lat' dir='ltr'><strong>quod</strong></span> <span class='ocrx_word' id='word_1_593' title='bbox 2495 3549 2559 3588; x_wconf 83' lang='lat' dir='ltr'><strong>ea:</strong></span> <span class='ocrx_word' id='word_1_594' title='bbox 2610 3552 2768 3590; x_wconf 86' lang='lat' dir='ltr'><strong>carne</strong></span> <span class='ocrx_word' id='word_1_595' title='bbox 2812 3538 3046 3606; x_wconf 80' lang='lat' dir='ltr'><strong>genitum</strong></span> <span class='ocrx_word' id='word_1_596' title='bbox 3097 3547 3196 3599; x_wconf 80' lang='lat' dir='ltr'><strong>est,</strong></span> <span class='ocrx_word' id='word_1_597' title='bbox 3225 3553 3351 3591; x_wconf 90' lang='lat' dir='ltr'><strong>caro</strong></span> <span class='ocrx_word' id='word_1_598' title='bbox 3397 3546 3474 3591; x_wconf 80' lang='lat' dir='ltr'><strong>est</strong></span> <span class='ocrx_word' id='word_1_599' title='bbox 3501 3554 3520 3591; x_wconf 90' lang='lat'><strong><em>:</em></strong></span> <span class='ocrx_word' id='word_1_600' title='bbox 3551 3539 3630 3590; x_wconf 82' lang='lat' dir='ltr'><strong>ita</strong></span> 
     </span>
    </p>
   </div>
   <div class='ocr_carea' id='block_1_82' title="bbox 2039 3625 3628 3698">
    <p class='ocr_par' dir='ltr' id='par_1_82' title="bbox 2039 3625 3628 3698">
     <span class='ocr_line' id='line_1_82' title="bbox 2039 3625 3628 3698; baseline 0.003 -21"><span class='ocrx_word' id='word_1_601' title='bbox 2039 3625 2206 3677; x_wconf 81' lang='lat' dir='ltr'><strong>etiam</strong></span> <span class='ocrx_word' id='word_1_602' title='bbox 2253 3629 2390 3694; x_wconf 83' lang='lat' dir='ltr'><strong>quod</strong></span> <span class='ocrx_word' id='word_1_603' title='bbox 2420 3641 2485 3679; x_wconf 75' lang='lat' dir='ltr'><strong>ea:</strong></span> <span class='ocrx_word' id='word_1_604' title='bbox 2511 3628 2701 3693; x_wconf 81' lang='lat' dir='ltr'><strong>spiritu</strong></span> <span class='ocrx_word' id='word_1_605' title='bbox 2734 3629 2970 3697; x_wconf 82' lang='lat' dir='ltr'><strong>genitum</strong></span> <span class='ocrx_word' id='word_1_606' title='bbox 3011 3638 3089 3682; x_wconf 80' lang='lat' dir='ltr'><strong>est</strong></span> <span class='ocrx_word' id='word_1_607' title='bbox 3116 3629 3334 3697; x_wconf 69' lang='lat' dir='ltr'><strong>spiritus</strong></span> <span class='ocrx_word' id='word_1_608' title='bbox 3369 3639 3469 3693; x_wconf 82' lang='lat' dir='ltr'><strong>est,</strong></span> <span class='ocrx_word' id='word_1_609' title='bbox 3499 3631 3628 3698; x_wconf 90' lang='lat' dir='ltr'><strong>qui-</strong></span> 
     </span>
    </p>
   </div>
   <div class='ocr_carea' id='block_1_83' title="bbox 2043 3718 3630 3791">
    <p class='ocr_par' dir='ltr' id='par_1_83' title="bbox 2043 3718 3630 3791">
     <span class='ocr_line' id='line_1_83' title="bbox 2043 3718 3630 3791; baseline 0.004 -23"><span class='ocrx_word' id='word_1_610' title='bbox 2043 3733 2261 3786; x_wconf 88' lang='lat' dir='ltr'><strong>cunque</strong></span> <span class='ocrx_word' id='word_1_611' title='bbox 2311 3732 2342 3770; x_wconf 87' lang='lat' dir='ltr'><strong>a</strong></span> <span class='ocrx_word' id='word_1_612' title='bbox 2395 3718 2604 3788; x_wconf 90' lang='lat' dir='ltr'><strong>Spiritu</strong></span> <span class='ocrx_word' id='word_1_613' title='bbox 2664 3721 2832 3790; x_wconf 82' lang='lat' dir='ltr'><strong>geniti</strong></span> <span class='ocrx_word' id='word_1_614' title='bbox 2894 3730 3024 3775; x_wconf 87' lang='lat' dir='ltr'><strong>sunt</strong></span> <span class='ocrx_word' id='word_1_615' title='bbox 3074 3721 3167 3775; x_wconf 84' lang='lat' dir='ltr'><strong>ﬁlii</strong></span> <span class='ocrx_word' id='word_1_616' title='bbox 3225 3721 3316 3775; x_wconf 84' lang='lat' dir='ltr'><strong>Dei</strong></span> <span class='ocrx_word' id='word_1_617' title='bbox 3375 3721 3630 3791; x_wconf 80' lang='lat' dir='ltr'><strong>appellati</strong></span> 
     </span>
    </p>
   </div>
   <div class='ocr_carea' id='block_1_84' title="bbox 2048 3810 3632 3883">
    <p class='ocr_par' dir='ltr' id='par_1_84' title="bbox 2048 3810 3632 3883">
     <span class='ocr_line' id='line_1_84' title="bbox 2048 3810 3632 3883; baseline 0.001 -21"><span class='ocrx_word' id='word_1_618' title='bbox 2048 3812 2236 3864; x_wconf 70' lang='lat' dir='ltr'><strong>sunt“.</strong></span> <span class='ocrx_word' id='word_1_619' title='bbox 2274 3810 2367 3864; x_wconf 91' lang='lat' dir='ltr'><strong>Sic</strong></span> <span class='ocrx_word' id='word_1_620' title='bbox 2400 3811 2565 3865; x_wconf 89' lang='lat' dir='ltr'><strong>etiam</strong></span> <span class='ocrx_word' id='word_1_621' title='bbox 2593 3826 2717 3865; x_wconf 90' lang='lat' dir='ltr'><strong>cum</strong></span> <span class='ocrx_word' id='word_1_622' title='bbox 2757 3811 3024 3868; x_wconf 88' lang='lat' dir='ltr'><strong>Dominus</strong></span> <span class='ocrx_word' id='word_1_623' title='bbox 3065 3828 3163 3883; x_wconf 90' lang='lat' dir='ltr'><strong>per</strong></span> <span class='ocrx_word' id='word_1_624' title='bbox 3202 3828 3362 3866; x_wconf 89' lang='lat' dir='ltr'><strong>suum</strong></span> <span class='ocrx_word' id='word_1_625' title='bbox 3390 3812 3632 3866; x_wconf 80' lang='lat' dir='ltr'><strong>aﬂlatum</strong></span> 
     </span>
    </p>
   </div>
   <div class='ocr_carea' id='block_1_85' title="bbox 2046 3902 3629 3973">
    <p class='ocr_par' dir='ltr' id='par_1_85' title="bbox 2046 3902 3629 3973">
     <span class='ocr_line' id='line_1_85' title="bbox 2046 3902 3629 3973; baseline 0.002 -17"><span class='ocrx_word' id='word_1_626' title='bbox 2046 3903 2337 3972; x_wconf 86' lang='lat' dir='ltr'><strong>discipulis</strong></span> <span class='ocrx_word' id='word_1_627' title='bbox 2357 3903 2599 3959; x_wconf 87' lang='lat' dir='ltr'><strong>dedisset</strong></span> <span class='ocrx_word' id='word_1_628' title='bbox 2619 3902 2882 3973; x_wconf 85' lang='lat' dir='ltr'><strong>Spiritum</strong></span> <span class='ocrx_word' id='word_1_629' title='bbox 2905 3913 3184 3968; x_wconf 88' lang='lat' dir='ltr'><strong>sanctum,</strong></span> <span class='ocrx_word' id='word_1_630' title='bbox 3219 3905 3296 3959; x_wconf 87' lang='lat' dir='ltr'><strong>ait</strong></span> <span class='ocrx_word' id='word_1_631' title='bbox 3323 3904 3565 3959; x_wconf 78' lang='lat' dir='ltr'><strong>Joannes</strong></span> <span class='ocrx_word' id='word_1_632' title='bbox 3585 3906 3629 3965; x_wconf 87' lang='grc'><strong>⁷.</strong></span> 
     </span>
    </p>
   </div>
   <div class='ocr_carea' id='block_1_86' title="bbox 2048 3996 3630 4069">
    <p class='ocr_par' dir='ltr' id='par_1_86' title="bbox 2048 3996 3630 4069">
     <span class='ocr_line' id='line_1_86' title="bbox 2048 3996 3630 4069; baseline -0.002 -18"><span class='ocrx_word' id='word_1_633' title='bbox 2048 3997 2126 4055; x_wconf 80' lang='lat' dir='ltr'><strong>Ex</strong></span> <span class='ocrx_word' id='word_1_634' title='bbox 2160 3997 2494 4069; x_wconf 88' lang='lat' dir='ltr'><strong>plenitudine</strong></span> <span class='ocrx_word' id='word_1_635' title='bbox 2527 3996 2648 4065; x_wconf 88' lang='lat' dir='ltr'><strong>ejus</strong></span> <span class='ocrx_word' id='word_1_636' title='bbox 2681 4011 2874 4051; x_wconf 87' lang='lat' dir='ltr'><strong>omnes</strong></span> <span class='ocrx_word' id='word_1_637' title='bbox 2933 3997 3268 4065; x_wconf 88' lang='lat' dir='ltr'><strong>accepimus.</strong></span> <span class='ocrx_word' id='word_1_638' title='bbox 3315 3997 3372 4050; x_wconf 83' lang='lat' dir='ltr'><strong>in</strong></span> <span class='ocrx_word' id='word_1_639' title='bbox 3427 4011 3493 4050; x_wconf 85' lang='lat' dir='ltr'><strong>eo</strong></span> <span class='ocrx_word' id='word_1_640' title='bbox 3526 4011 3630 4049; x_wconf 81' lang='lat' dir='ltr'><strong>au-</strong></span> 
     </span>
    </p>
   </div>
   <div class='ocr_carea' id='block_1_87' title="bbox 2044 4087 3630 4157">
    <p class='ocr_par' dir='ltr' id='par_1_87' title="bbox 2044 4087 3630 4157">
     <span class='ocr_line' id='line_1_87' title="bbox 2044 4087 3630 4157; baseline 0.001 -18"><span class='ocrx_word' id='word_1_641' title='bbox 2044 4096 2153 4142; x_wconf 90' lang='lat' dir='ltr'><strong>tem</strong></span> <span class='ocrx_word' id='word_1_642' title='bbox 2184 4087 2497 4142; x_wconf 88' lang='lat' dir='ltr'><strong>inhabitare</strong></span> <span class='ocrx_word' id='word_1_643' title='bbox 2527 4089 2929 4157; x_wconf 87' lang='lat' dir='ltr'><strong>plenitudinem</strong></span> <span class='ocrx_word' id='word_1_644' title='bbox 2970 4087 3191 4143; x_wconf 87' lang='lat' dir='ltr'><strong>deitatis</strong></span> <span class='ocrx_word' id='word_1_645' title='bbox 3230 4103 3460 4157; x_wconf 84' lang='lat' dir='ltr'><strong>magnus</strong></span> <span class='ocrx_word' id='word_1_646' title='bbox 3488 4087 3630 4141; x_wconf 85' lang='lat' dir='ltr'><strong>Pau-</strong></span> 
     </span>
    </p>
   </div>
   <div class='ocr_carea' id='block_1_88' title="bbox 2046 4179 3632 4250">
    <p class='ocr_par' dir='ltr' id='par_1_88' title="bbox 2046 4179 3632 4250">
     <span class='ocr_line' id='line_1_88' title="bbox 2046 4179 3632 4250; baseline -0.001 -17"><span class='ocrx_word' id='word_1_647' title='bbox 2046 4181 2132 4235; x_wconf 92' lang='lat' dir='ltr'><strong>lus</strong></span> <span class='ocrx_word' id='word_1_648' title='bbox 2183 4182 2531 4236; x_wconf 85' lang='lat' dir='ltr'><strong>lestilicatur.</strong></span> <span class='ocrx_word' id='word_1_649' title='bbox 2564 4179 2708 4246; x_wconf 85' lang='lat' dir='ltr'><strong>Quin</strong></span> <span class='ocrx_word' id='word_1_650' title='bbox 2756 4181 2922 4234; x_wconf 90' lang='lat' dir='ltr'><strong>etiam</strong></span> <span class='ocrx_word' id='word_1_651' title='bbox 2955 4196 3051 4250; x_wconf 88' lang='lat' dir='ltr'><strong>per</strong></span> <span class='ocrx_word' id='word_1_652' title='bbox 3078 4181 3401 4250; x_wconf 86' lang='lat' dir='ltr'><strong>prophetam</strong></span> <span class='ocrx_word' id='word_1_653' title='bbox 3437 4180 3632 4235; x_wconf 90' lang='lat' dir='ltr'><strong>Isaiam</strong></span> 
     </span>
    </p>
   </div>
   <div class='ocr_carea' id='block_1_89' title="bbox 2045 4271 3630 4343">
    <p class='ocr_par' dir='ltr' id='par_1_89' title="bbox 2045 4271 3630 4343">
     <span class='ocr_line' id='line_1_89' title="bbox 2045 4271 3630 4343; baseline -0.001 -17"><span class='ocrx_word' id='word_1_654' title='bbox 2045 4273 2114 4327; x_wconf 91' lang='lat' dir='ltr'><strong>de</strong></span> <span class='ocrx_word' id='word_1_655' title='bbox 2151 4289 2214 4326; x_wconf 87' lang='lat' dir='ltr'><strong>ea</strong></span> <span class='ocrx_word' id='word_1_656' title='bbox 2262 4288 2386 4342; x_wconf 67' lang='lat' dir='ltr'><strong>qua;</strong></span> <span class='ocrx_word' id='word_1_657' title='bbox 2415 4272 2521 4327; x_wconf 89' lang='lat' dir='ltr'><strong>sibi</strong></span> <span class='ocrx_word' id='word_1_658' title='bbox 2555 4272 2699 4326; x_wconf 81' lang='lat' dir='ltr'><strong>facta</strong></span> <span class='ocrx_word' id='word_1_659' title='bbox 2729 4283 2812 4327; x_wconf 88' lang='lat' dir='ltr'><strong>est</strong></span> <span class='ocrx_word' id='word_1_660' title='bbox 2837 4271 2932 4326; x_wconf 88' lang='lat' dir='ltr'><strong>Dei</strong></span> <span class='ocrx_word' id='word_1_661' title='bbox 2969 4274 3336 4343; x_wconf 88' lang='lat' dir='ltr'><strong>apparitione,</strong></span> <span class='ocrx_word' id='word_1_662' title='bbox 3370 4287 3493 4327; x_wconf 91' lang='lat' dir='ltr'><strong>cum</strong></span> <span class='ocrx_word' id='word_1_663' title='bbox 3547 4274 3630 4326; x_wconf 49' lang='lat' dir='ltr'><strong>vi.</strong></span> 
     </span>
    </p>
   </div>
   <div class='ocr_carea' id='block_1_90' title="bbox 2047 4363 3633 4430">
    <p class='ocr_par' dir='ltr' id='par_1_90' title="bbox 2047 4363 3633 4430">
     <span class='ocr_line' id='line_1_90' title="bbox 2047 4363 3633 4430; baseline 0 -12"><span class='ocrx_word' id='word_1_664' title='bbox 2047 4364 2127 4418; x_wconf 85' lang='lat' dir='ltr'><strong>dit</strong></span> <span class='ocrx_word' id='word_1_665' title='bbox 2169 4363 2450 4418; x_wconf 85' lang='lat' dir='ltr'><strong>sedentem</strong></span> <span class='ocrx_word' id='word_1_666' title='bbox 2490 4364 2545 4417; x_wconf 89' lang='lat' dir='ltr'><strong>in</strong></span> <span class='ocrx_word' id='word_1_667' title='bbox 2589 4365 2794 4418; x_wconf 90' lang='lat' dir='ltr'><strong>throno</strong></span> <span class='ocrx_word' id='word_1_668' title='bbox 2827 4365 3048 4420; x_wconf 78' lang='lat' dir='ltr'><strong>excelso</strong></span> <span class='ocrx_word' id='word_1_669' title='bbox 3082 4376 3137 4421; x_wconf 88' lang='lat' dir='ltr'><strong>et</strong></span> <span class='ocrx_word' id='word_1_670' title='bbox 3177 4367 3391 4422; x_wconf 87' lang='lat' dir='ltr'><strong>elevato</strong></span> <span class='ocrx_word' id='word_1_671' title='bbox 3418 4407 3432 4430; x_wconf 98' lang='lat'><strong>,</strong></span> <span class='ocrx_word' id='word_1_672' title='bbox 3489 4367 3633 4419; x_wconf 88' lang='lat' dir='ltr'><strong>anti-</strong></span> 
     </span>
    </p>
   </div>
   <div class='ocr_carea' id='block_1_91' title="bbox 2049 4453 3628 4527">
    <p class='ocr_par' dir='ltr' id='par_1_91' title="bbox 2049 4453 3628 4527">
     <span class='ocr_line' id='line_1_91' title="bbox 2049 4453 3628 4527; baseline 0.001 -19"><span class='ocrx_word' id='word_1_673' title='bbox 2049 4457 2209 4523; x_wconf 88' lang='lat' dir='ltr'><strong>quior</strong></span> <span class='ocrx_word' id='word_1_674' title='bbox 2241 4456 2464 4509; x_wconf 89' lang='lat' dir='ltr'><strong>traditio</strong></span> <span class='ocrx_word' id='word_1_675' title='bbox 2493 4453 2709 4510; x_wconf 83' lang='lat' dir='ltr'><strong>Patrem</strong></span> <span class='ocrx_word' id='word_1_676' title='bbox 2739 4469 2863 4510; x_wconf 84' lang='lat' dir='ltr'><strong>esse</strong></span> <span class='ocrx_word' id='word_1_677' title='bbox 2892 4455 3026 4511; x_wconf 91' lang='lat' dir='ltr'><strong>dicit</strong></span> <span class='ocrx_word' id='word_1_678' title='bbox 3050 4471 3175 4511; x_wconf 91' lang='lat' dir='ltr'><strong>eum</strong></span> <span class='ocrx_word' id='word_1_679' title='bbox 3209 4459 3302 4527; x_wconf 89' lang='lat' dir='ltr'><strong>qui</strong></span> <span class='ocrx_word' id='word_1_680' title='bbox 3346 4459 3498 4511; x_wconf 86' lang='lat' dir='ltr'><strong>visus</strong></span> <span class='ocrx_word' id='word_1_681' title='bbox 3525 4466 3628 4510; x_wconf 91' lang='lat' dir='ltr'><strong>est.</strong></span> 
     </span>
    </p>
   </div>
   <div class='ocr_carea' id='block_1_92' title="bbox 362 4545 1937 4622">
    <p class='ocr_par' dir='ltr' id='par_1_92' title="bbox 362 4547 1937 4622">
     <span class='ocr_line' id='line_1_92' title="bbox 362 4547 1937 4622; baseline -0.003 -17"><span class='ocrx_word' id='word_1_682' title='bbox 362 4556 454 4605; x_wconf 76' lang='lat' dir='ltr'><strong>xa‘t</strong></span> <span class='ocrx_word' id='word_1_683' title='bbox 493 4551 570 4604; x_wconf 81' lang='grc' dir='ltr'><strong>ἔτι</strong></span> <span class='ocrx_word' id='word_1_684' title='bbox 609 4552 698 4605; x_wconf 82' lang='grc' dir='ltr'><strong>διὰ</strong></span> <span class='ocrx_word' id='word_1_685' title='bbox 717 4550 811 4603; x_wconf 88' lang='grc' dir='ltr'><strong>τοῦ</strong></span> <span class='ocrx_word' id='word_1_686' title='bbox 846 4552 1126 4622; x_wconf 73' lang='grc' dir='ltr'>προφήτου</span> <span class='ocrx_word' id='word_1_687' title='bbox 1170 4550 1389 4602; x_wconf 74' lang='grc' dir='ltr'>Ἡσαΐου</span> <span class='ocrx_word' id='word_1_688' title='bbox 1425 4549 1552 4620; x_wconf 71' lang='grc' dir='ltr'>περὶ</span> <span class='ocrx_word' id='word_1_689' title='bbox 1580 4550 1680 4618; x_wconf 81' lang='grc' dir='ltr'>τῆς</span> <span class='ocrx_word' id='word_1_690' title='bbox 1712 4547 1937 4617; x_wconf 87' lang='grc' dir='ltr'>γενομέ-</span> 
     </span>
    </p>
   </div>
   <div class='ocr_carea' id='block_1_93' title="bbox 2040 4545 3630 4622">
    <p class='ocr_par' dir='ltr' id='par_1_93' title="bbox 2051 4545 3630 4617">
     <span class='ocr_line' id='line_1_93' title="bbox 2051 4545 3630 4617; baseline 0 -17"><span class='ocrx_word' id='word_1_691' title='bbox 2051 4546 2155 4602; x_wconf 86' lang='lat' dir='ltr'><strong>Sed.</strong></span> <span class='ocrx_word' id='word_1_692' title='bbox 2184 4545 2424 4601; x_wconf 83' lang='lat' dir='ltr'><strong>Joannes</strong></span> <span class='ocrx_word' id='word_1_693' title='bbox 2446 4546 2778 4616; x_wconf 78' lang='lat' dir='ltr'><strong>evangelista</strong></span> <span class='ocrx_word' id='word_1_694' title='bbox 2809 4548 2876 4600; x_wconf 89' lang='lat' dir='ltr'><strong>ad</strong></span> <span class='ocrx_word' id='word_1_695' title='bbox 2896 4547 3184 4602; x_wconf 89' lang='lat' dir='ltr'><strong>Dominum</strong></span> <span class='ocrx_word' id='word_1_696' title='bbox 3210 4547 3630 4617; x_wconf 82' lang='lat' dir='ltr'><strong>refertprophe-</strong></span> 
     </span>
    </p>
   </div>
   <div class='ocr_carea' id='block_1_94' title="bbox 361 4638 1946 4716">
    <p class='ocr_par' dir='ltr' id='par_1_94' title="bbox 361 4638 1946 4716">
     <span class='ocr_line' id='line_1_94' title="bbox 361 4638 1946 4716; baseline -0.004 -18"><span class='ocrx_word' id='word_1_697' title='bbox 361 4663 456 4716; x_wconf 87' lang='grc' dir='ltr'><strong>νης</strong></span> <span class='ocrx_word' id='word_1_698' title='bbox 497 4644 644 4714; x_wconf 76' lang='grc' dir='ltr'>αὐτῷ</span> <span class='ocrx_word' id='word_1_699' title='bbox 691 4642 1041 4711; x_wconf 79' lang='grc' dir='ltr'>θεοφανείας,</span> <span class='ocrx_word' id='word_1_700' title='bbox 1091 4643 1180 4695; x_wconf 82' lang='grc' dir='ltr'>ὅτε</span> <span class='ocrx_word' id='word_1_701' title='bbox 1232 4638 1338 4695; x_wconf 77' lang='grc' dir='ltr'>εἶδε</span> <span class='ocrx_word' id='word_1_702' title='bbox 1383 4641 1476 4694; x_wconf 77' lang='grc' dir='ltr'><strong>τὸν</strong></span> <span class='ocrx_word' id='word_1_703' title='bbox 1515 4641 1822 4712; x_wconf 88' lang='grc' dir='ltr'>καθήμενον</span> <span class='ocrx_word' id='word_1_704' title='bbox 1854 4641 1946 4694; x_wconf 78' lang='grc' dir='ltr'><strong>ἐπὶ</strong></span> 
     </span>
    </p>
   </div>
   <div class='ocr_carea' id='block_1_95' title="bbox 363 4734 1944 4809">
    <p class='ocr_par' dir='ltr' id='par_1_95' title="bbox 363 4734 1944 4809">
     <span class='ocr_line' id='line_1_95' title="bbox 363 4734 1944 4809; baseline -0.003 -19"><span class='ocrx_word' id='word_1_705' title='bbox 363 4738 550 4809; x_wconf 79' lang='grc' dir='ltr'>θρόνου</span> <span class='ocrx_word' id='word_1_706' title='bbox 602 4736 806 4808; x_wconf 65' lang='grc' dir='ltr'>ὑψηλοῦ</span> <span class='ocrx_word' id='word_1_707' title='bbox 853 4737 947 4790; x_wconf 67' lang='grc' dir='ltr'><strong>καὶ</strong></span> <span class='ocrx_word' id='word_1_708' title='bbox 999 4735 1347 4806; x_wconf 85' lang='grc' dir='ltr'>ἐπηρμένου,</span> <span class='ocrx_word' id='word_1_709' title='bbox 1395 4739 1428 4804; x_wconf 82' lang='grc' dir='ltr'><strong>ὴ</strong></span> <span class='ocrx_word' id='word_1_710' title='bbox 1484 4735 1580 4804; x_wconf 85' lang='grc' dir='ltr'><strong>μὲν</strong></span> <span class='ocrx_word' id='word_1_711' title='bbox 1618 4734 1944 4804; x_wconf 83' lang='grc' dir='ltr'>ἀρχαιοτέρα</span> 
     </span>
    </p>
   </div>
   <div class='ocr_carea' id='block_1_96' title="bbox 363 4824 1946 4901">
    <p class='ocr_par' dir='ltr' id='par_1_96' title="bbox 363 4824 1946 4901">
     <span class='ocr_line' id='line_1_96' title="bbox 363 4824 1946 4901; baseline -0.004 -19"><span class='ocrx_word' id='word_1_712' title='bbox 363 4831 658 4901; x_wconf 76' lang='grc' dir='ltr'>παράδοτις</span> <span class='ocrx_word' id='word_1_713' title='bbox 702 4829 793 4882; x_wconf 76' lang='grc' dir='ltr'><strong>τὸν</strong></span> <span class='ocrx_word' id='word_1_714' title='bbox 842 4828 1063 4900; x_wconf 88' lang='grc' dir='ltr'>Πατέρα</span> <span class='ocrx_word' id='word_1_715' title='bbox 1102 4824 1241 4882; x_wconf 77' lang='grc' dir='ltr'>εἶναι</span> <span class='ocrx_word' id='word_1_716' title='bbox 1286 4827 1433 4896; x_wconf 89' lang='grc' dir='ltr'>λέγει</span> <span class='ocrx_word' id='word_1_717' title='bbox 1478 4827 1568 4881; x_wconf 82' lang='grc' dir='ltr'><strong>τὸν</strong></span> <span class='ocrx_word' id='word_1_718' title='bbox 1611 4827 1870 4896; x_wconf 77' lang='grc' dir='ltr'>ὀφθέντα·</span> <span class='ocrx_word' id='word_1_719' title='bbox 1918 4827 1946 4876; x_wconf 89' lang='grc' dir='ltr'>ὁ</span> 
     </span>
    </p>
   </div>
   <div class='ocr_carea' id='block_1_97' title="bbox 361 4917 1944 4990">
    <p class='ocr_par' dir='ltr' id='par_1_97' title="bbox 361 4917 1944 4990">
     <span class='ocr_line' id='line_1_97' title="bbox 361 4917 1944 4990; baseline -0.002 -18"><span class='ocrx_word' id='word_1_720' title='bbox 361 4921 418 4973; x_wconf 86' lang='grc' dir='ltr'><strong>δὲ</strong></span> <span class='ocrx_word' id='word_1_721' title='bbox 456 4919 844 4990; x_wconf 74' lang='grc' dir='ltr'>εὐαγγελιστὴς</span> <span class='ocrx_word' id='word_1_722' title='bbox 895 4919 1165 4988; x_wconf 82' lang='grc' dir='ltr'>Ἰωάννης,</span> <span class='ocrx_word' id='word_1_723' title='bbox 1204 4918 1284 4980; x_wconf 80' lang='grc' dir='ltr'>εἰς</span> <span class='ocrx_word' id='word_1_724' title='bbox 1315 4919 1407 4971; x_wconf 77' lang='grc' dir='ltr'>τὸν</span> <span class='ocrx_word' id='word_1_725' title='bbox 1447 4918 1650 4988; x_wconf 85' lang='grc' dir='ltr'>Κύριον</span> <span class='ocrx_word' id='word_1_726' title='bbox 1684 4917 1944 4988; x_wconf 73' lang='grc' dir='ltr'>ἀναφέρει</span> 
     </span>
    </p>
   </div>
   <div class='ocr_carea' id='block_1_98' title="bbox 364 5010 1946 5083">
    <p class='ocr_par' dir='ltr' id='par_1_98' title="bbox 364 5010 1946 5083">
     <span class='ocr_line' id='line_1_98' title="bbox 364 5010 1946 5083; baseline -0.003 -19"><span class='ocrx_word' id='word_1_727' title='bbox 364 5013 461 5082; x_wconf 74' lang='grc' dir='ltr'><strong>τὴν</strong></span> <span class='ocrx_word' id='word_1_728' title='bbox 495 5012 851 5083; x_wconf 74' lang='grc' dir='ltr'>προφητείαν,</span> <span class='ocrx_word' id='word_1_729' title='bbox 881 5011 1053 5079; x_wconf 86' lang='grc' dir='ltr'>λέγων</span> <span class='ocrx_word' id='word_1_730' title='bbox 1082 5012 1212 5081; x_wconf 82' lang='grc' dir='ltr'>περὶ</span> <span class='ocrx_word' id='word_1_731' title='bbox 1248 5010 1357 5062; x_wconf 85' lang='grc' dir='ltr'><strong>τῶν</strong></span> <span class='ocrx_word' id='word_1_732' title='bbox 1390 5011 1464 5080; x_wconf 84' lang='grc' dir='ltr'>μὴ</span> <span class='ocrx_word' id='word_1_733' title='bbox 1509 5011 1946 5062; x_wconf 83' lang='grc' dir='ltr'>πεπιστευκότων</span> 
     </span>
    </p>
   </div>
   <div class='ocr_carea' id='block_1_99' title="bbox 377 5099 1950 5174">
    <p class='ocr_par' dir='ltr' id='par_1_99' title="bbox 377 5099 1950 5174">
     <span class='ocr_line' id='line_1_99' title="bbox 377 5099 1950 5174; baseline -0.001 -20"><span class='ocrx_word' id='word_1_734' title='bbox 377 5103 648 5155; x_wconf 85' lang='grc' dir='ltr'>Ἰουδαίων</span> <span class='ocrx_word' id='word_1_735' title='bbox 679 5102 777 5164; x_wconf 75' lang='grc' dir='ltr'><strong>τὰς</strong></span> <span class='ocrx_word' id='word_1_736' title='bbox 809 5101 887 5170; x_wconf 83' lang='grc' dir='ltr'>τῷ</span> <span class='ocrx_word' id='word_1_737' title='bbox 935 5102 1188 5174; x_wconf 82' lang='grc' dir='ltr'>προφήτῃ</span> <span class='ocrx_word' id='word_1_738' title='bbox 1223 5101 1481 5169; x_wconf 78' lang='grc' dir='ltr'>ῥηθείσας</span> <span class='ocrx_word' id='word_1_739' title='bbox 1536 5101 1664 5170; x_wconf 71' lang='grc' dir='ltr'>περὶ</span> <span class='ocrx_word' id='word_1_740' title='bbox 1698 5099 1792 5152; x_wconf 84' lang='grc' dir='ltr'><strong>τοῦ</strong></span> <span class='ocrx_word' id='word_1_741' title='bbox 1838 5101 1950 5153; x_wconf 81' lang='grc' dir='ltr'>Κυ-</span> 
     </span>
    </p>
   </div>
   <div class='ocr_carea' id='block_1_100' title="bbox 369 5191 1948 5264">
    <p class='ocr_par' dir='ltr' id='par_1_100' title="bbox 369 5191 1948 5264">
     <span class='ocr_line' id='line_1_100' title="bbox 369 5191 1948 5264; baseline 0.001 -18"><span class='ocrx_word' id='word_1_742' title='bbox 369 5195 484 5264; x_wconf 80' lang='grc' dir='ltr'>ρίου</span> <span class='ocrx_word' id='word_1_743' title='bbox 532 5193 746 5262; x_wconf 77' lang='grc' dir='ltr'>φωνὰς,</span> <span class='ocrx_word' id='word_1_744' title='bbox 795 5195 876 5246; x_wconf 81' lang='grc' dir='ltr'>ὅτι</span> <span class='ocrx_word' id='word_1_745' title='bbox 930 5194 1120 5248; x_wconf 85' lang='grc' dir='ltr'>Ταῦτα</span> <span class='ocrx_word' id='word_1_746' title='bbox 1159 5191 1330 5248; x_wconf 72' lang='grc' dir='ltr'>εἶπεν</span> <span class='ocrx_word' id='word_1_747' title='bbox 1381 5195 1650 5262; x_wconf 85' lang='grc' dir='ltr'>Ἡσαΐας,</span> <span class='ocrx_word' id='word_1_748' title='bbox 1688 5195 1788 5248; x_wconf 87' lang='grc' dir='ltr'>ὅτε</span> <span class='ocrx_word' id='word_1_749' title='bbox 1827 5191 1948 5248; x_wconf 75' lang='grc' dir='ltr'>εἶδε</span> 
     </span>
    </p>
   </div>
   <div class='ocr_carea' id='block_1_101' title="bbox 371 5284 1948 5356">
    <p class='ocr_par' dir='ltr' id='par_1_101' title="bbox 371 5284 1948 5356">
     <span class='ocr_line' id='line_1_101' title="bbox 371 5284 1948 5356; baseline 0.003 -19"><span class='ocrx_word' id='word_1_750' title='bbox 371 5302 389 5338; x_wconf 79' lang='grc' dir='ltr'><strong>ι</strong></span> <span class='ocrx_word' id='word_1_751' title='bbox 410 5286 482 5351; x_wconf 74' lang='grc' dir='ltr'>ὴν</span> <span class='ocrx_word' id='word_1_752' title='bbox 506 5284 695 5348; x_wconf 78' lang='grc' dir='ltr'>δόξαν</span> <span class='ocrx_word' id='word_1_753' title='bbox 721 5285 929 5347; x_wconf 83' lang='grc' dir='ltr'>αὐτοῦ,</span> <span class='ocrx_word' id='word_1_754' title='bbox 959 5286 1058 5339; x_wconf 76' lang='grc' dir='ltr'>καὶ</span> <span class='ocrx_word' id='word_1_755' title='bbox 1087 5285 1356 5355; x_wconf 78' lang='grc' dir='ltr'>ἐλάλησε</span> <span class='ocrx_word' id='word_1_756' title='bbox 1388 5288 1517 5356; x_wconf 76' lang='grc' dir='ltr'>περὶ</span> <span class='ocrx_word' id='word_1_757' title='bbox 1553 5287 1760 5342; x_wconf 75' lang='grc' dir='ltr'>αὑτοῦ.</span> <span class='ocrx_word' id='word_1_758' title='bbox 1807 5289 1865 5341; x_wconf 85' lang='lat'><strong>&#39;0</strong></span> <span class='ocrx_word' id='word_1_759' title='bbox 1890 5290 1948 5342; x_wconf 84' lang='grc' dir='ltr'>δὲ</span> 
     </span>
    </p>
   </div>
   <div class='ocr_carea' id='block_1_102' title="bbox 372 5374 1946 5446">
    <p class='ocr_par' dir='ltr' id='par_1_102' title="bbox 372 5374 1946 5446">
     <span class='ocr_line' id='line_1_102' title="bbox 372 5374 1946 5446; baseline 0.004 -21"><span class='ocrx_word' id='word_1_760' title='bbox 372 5375 546 5444; x_wconf 85' lang='grc' dir='ltr'>μέγας</span> <span class='ocrx_word' id='word_1_761' title='bbox 575 5375 783 5438; x_wconf 84' lang='grc' dir='ltr'>Παῦλος</span> <span class='ocrx_word' id='word_1_762' title='bbox 827 5374 905 5446; x_wconf 84' lang='grc' dir='ltr'>τῷ</span> <span class='ocrx_word' id='word_1_763' title='bbox 939 5376 1078 5446; x_wconf 81' lang='grc' dir='ltr'>ἁγίῳ</span> <span class='ocrx_word' id='word_1_764' title='bbox 1111 5377 1388 5446; x_wconf 79' lang='grc' dir='ltr'>Πνεῦματι</span> <span class='ocrx_word' id='word_1_765' title='bbox 1420 5379 1510 5430; x_wconf 85' lang='grc' dir='ltr'><strong>τὸν</strong></span> <span class='ocrx_word' id='word_1_766' title='bbox 1553 5378 1714 5433; x_wconf 80' lang='grc' dir='ltr'>αὑτὸν</span> <span class='ocrx_word' id='word_1_767' title='bbox 1757 5378 1946 5433; x_wconf 86' lang='grc' dir='ltr'>τοῦτον</span> 
     </span>
    </p>
   </div>
   <div class='ocr_carea' id='block_1_103' title="bbox 369 5465 1950 5544">
    <p class='ocr_par' dir='ltr' id='par_1_103' title="bbox 369 5465 1950 5544">
     <span class='ocr_line' id='line_1_103' title="bbox 369 5465 1950 5544; baseline 0.005 -26"><span class='ocrx_word' id='word_1_768' title='bbox 369 5465 522 5534; x_wconf 72' lang='grc' dir='ltr'>λόγον</span> <span class='ocrx_word' id='word_1_769' title='bbox 555 5468 1098 5539; x_wconf 83' lang='grc' dir='ltr'>προσεμαρτύρησεν,</span> <span class='ocrx_word' id='word_1_770' title='bbox 1135 5470 1194 5521; x_wconf 88' lang='grc' dir='ltr'><strong>ἐν</strong></span> <span class='ocrx_word' id='word_1_771' title='bbox 1233 5473 1297 5540; x_wconf 83' lang='grc' dir='ltr'>τῇ</span> <span class='ocrx_word' id='word_1_772' title='bbox 1337 5471 1605 5544; x_wconf 79' lang='grc' dir='ltr'>γενομένῃ</span> <span class='ocrx_word' id='word_1_773' title='bbox 1633 5471 1780 5542; x_wconf 82' lang='grc' dir='ltr'>αὐτῷ</span> <span class='ocrx_word' id='word_1_774' title='bbox 1813 5471 1950 5543; x_wconf 81' lang='grc' dir='ltr'>πρὸς</span> 
     </span>
    </p>
   </div>
   <div class='ocr_carea' id='block_1_104' title="bbox 367 5558 1950 5636">
    <p class='ocr_par' dir='ltr' id='par_1_104' title="bbox 367 5558 1950 5636">
     <span class='ocr_line' id='line_1_104' title="bbox 367 5558 1950 5636; baseline 0.004 -26"><span class='ocrx_word' id='word_1_775' title='bbox 367 5559 493 5619; x_wconf 73' lang='grc' dir='ltr'>τοὺς</span> <span class='ocrx_word' id='word_1_776' title='bbox 543 5558 826 5622; x_wconf 85' lang='grc' dir='ltr'>Ἰουδαίους</span> <span class='ocrx_word' id='word_1_777' title='bbox 867 5559 1009 5613; x_wconf 82' lang='grc' dir='ltr'>κατὰ</span> <span class='ocrx_word' id='word_1_778' title='bbox 1055 5561 1151 5632; x_wconf 81' lang='grc' dir='ltr'>τὴν</span> <span class='ocrx_word' id='word_1_779' title='bbox 1187 5561 1403 5632; x_wconf 84' lang='grc' dir='ltr'>Ῥώμην</span> <span class='ocrx_word' id='word_1_780' title='bbox 1447 5563 1773 5636; x_wconf 79' lang='grc' dir='ltr'>δημηγορίᾳ.</span> <span class='ocrx_word' id='word_1_781' title='bbox 1823 5566 1950 5617; x_wconf 87' lang='grc' dir='ltr'>Ὅτε</span> 
     </span>
    </p>
   </div>
   <div class='ocr_carea' id='block_1_105' title="bbox 371 5649 1947 5727">
    <p class='ocr_par' dir='ltr' id='par_1_105' title="bbox 371 5649 1947 5727">
     <span class='ocr_line' id='line_1_105' title="bbox 371 5649 1947 5727; baseline 0.01 -31"><span class='ocrx_word' id='word_1_782' title='bbox 371 5653 556 5722; x_wconf 65' lang='grc' dir='ltr'>φησιν,</span> <span class='ocrx_word' id='word_1_783' title='bbox 587 5651 781 5715; x_wconf 79' lang='grc' dir='ltr'>Καλῶς</span> <span class='ocrx_word' id='word_1_784' title='bbox 827 5649 946 5705; x_wconf 76' lang='grc' dir='ltr'>εἶπε</span> <span class='ocrx_word' id='word_1_785' title='bbox 992 5655 1121 5724; x_wconf 71' lang='grc' dir='ltr'>περὶ</span> <span class='ocrx_word' id='word_1_786' title='bbox 1154 5654 1309 5724; x_wconf 81' lang='grc' dir='ltr'>ὑμῶν</span> <span class='ocrx_word' id='word_1_787' title='bbox 1342 5655 1402 5708; x_wconf 82' lang='grc' dir='ltr'>τὸ</span> <span class='ocrx_word' id='word_1_788' title='bbox 1433 5655 1655 5727; x_wconf 86' lang='grc' dir='ltr'>Πνεῦμα</span> <span class='ocrx_word' id='word_1_789' title='bbox 1681 5657 1742 5709; x_wconf 84' lang='grc' dir='ltr'>τὸ</span> <span class='ocrx_word' id='word_1_790' title='bbox 1772 5659 1947 5727; x_wconf 70' lang='grc' dir='ltr'>ἅγιον,</span> 
     </span>
    </p>
   </div>
   <div class='ocr_carea' id='block_1_106' title="bbox 441 5809 1313 5873">
    <p class='ocr_par' dir='ltr' id='par_1_106' title="bbox 441 5809 1313 5873">
     <span class='ocr_line' id='line_1_106' title="bbox 441 5809 1313 5873; baseline 0.005 -10"><span class='ocrx_word' id='word_1_791' title='bbox 441 5809 463 5841; x_wconf 88' lang='grc'>⁸</span> <span class='ocrx_word' id='word_1_792' title='bbox 495 5809 655 5864; x_wconf 75' lang='lat' dir='ltr'><strong>Joan.</strong></span> <span class='ocrx_word' id='word_1_793' title='bbox 690 5827 764 5873; x_wconf 85' lang='grc' dir='ltr'>ιιι,</span> <span class='ocrx_word' id='word_1_794' title='bbox 798 5815 847 5868; x_wconf 81' lang='grc'><strong>6.</strong></span> <span class='ocrx_word' id='word_1_795' title='bbox 927 5812 948 5842; x_wconf 80' lang='grc'><strong>⁸</strong></span> <span class='ocrx_word' id='word_1_796' title='bbox 975 5810 1128 5865; x_wconf 80' lang='lat' dir='ltr'><strong>Joan.</strong></span> <span class='ocrx_word' id='word_1_797' title='bbox 1159 5829 1195 5873; x_wconf 90' lang='grc' dir='ltr'><strong>ι,</strong></span> <span class='ocrx_word' id='word_1_798' title='bbox 1229 5813 1313 5867; x_wconf 75' lang='lat' dir='ltr'><strong>i5.</strong></span> 
     </span>
    </p>
   </div>
   <div class='ocr_carea' id='block_1_107' title="bbox 699 5904 1372 5968">
    <p class='ocr_par' dir='ltr' id='par_1_107' title="bbox 699 5904 1372 5968">
     <span class='ocr_line' id='line_1_107' title="bbox 699 5904 1372 5968; baseline 0.006 -4"><span class='ocrx_word' id='word_1_799' title='bbox 699 5907 969 5967; x_wconf 69' lang='lat' dir='ltr'><strong>PATROL.</strong></span> <span class='ocrx_word' id='word_1_800' title='bbox 1018 5904 1132 5967; x_wconf 81' lang='lat' dir='ltr'><strong>Gn.</strong></span> <span class='ocrx_word' id='word_1_801' title='bbox 1187 5908 1238 5966; x_wconf 73' lang='grc' dir='ltr'>Χ</span> <span class='ocrx_word' id='word_1_802' title='bbox 1253 5908 1372 5968; x_wconf 76' lang='lat' dir='ltr'><strong>LV.</strong></span> 
     </span>
    </p>
   </div>
   <div class='ocr_carea' id='block_1_108' title="bbox 1393 5814 1854 5886">
    <p class='ocr_par' dir='ltr' id='par_1_108' title="bbox 1393 5814 1854 5886">
     <span class='ocr_line' id='line_1_108' title="bbox 1393 5814 1854 5886; baseline 0.015 -18"><span class='ocrx_word' id='word_1_803' title='bbox 1393 5817 1411 5846; x_wconf 81' lang='grc'><strong>⁷</strong></span> <span class='ocrx_word' id='word_1_804' title='bbox 1446 5814 1604 5872; x_wconf 81' lang='lat' dir='ltr'><strong>Joan.</strong></span> <span class='ocrx_word' id='word_1_805' title='bbox 1644 5836 1734 5886; x_wconf 77' lang='lat' dir='ltr'><strong>xx,</strong></span> <span class='ocrx_word' id='word_1_806' title='bbox 1767 5820 1854 5875; x_wconf 70' lang='lat'><strong>‘22.</strong></span> 
     </span>
    </p>
   </div>
   <div class='ocr_carea' id='block_1_109' title="bbox 1934 5818 2295 5884">
    <p class='ocr_par' dir='ltr' id='par_1_109' title="bbox 1934 5818 2295 5884">
     <span class='ocr_line' id='line_1_109' title="bbox 1934 5818 2295 5884; baseline -0.017 -8"><span class='ocrx_word' id='word_1_807' title='bbox 1934 5823 1954 5854; x_wconf 83' lang='grc'><strong><em>⁸</em></strong></span> <span class='ocrx_word' id='word_1_808' title='bbox 1989 5821 2093 5878; x_wconf 87' lang='lat' dir='ltr'><strong>lsa.</strong></span> <span class='ocrx_word' id='word_1_809' title='bbox 2133 5835 2203 5884; x_wconf 82' lang='lat' dir='ltr'><strong>vt,</strong></span> <span class='ocrx_word' id='word_1_810' title='bbox 2244 5818 2295 5871; x_wconf 78' lang='grc' dir='ltr'>ι.</span> 
     </span>
    </p>
   </div>
   <div class='ocr_carea' id='block_1_110' title="bbox 2049 4638 3634 4709">
    <p class='ocr_par' dir='ltr' id='par_1_110' title="bbox 2049 4638 3634 4709">
     <span class='ocr_line' id='line_1_110' title="bbox 2049 4638 3634 4709; baseline 0.001 -17"><span class='ocrx_word' id='word_1_811' title='bbox 2049 4641 2203 4701; x_wconf 89' lang='lat' dir='ltr'><strong>tiam,</strong></span> <span class='ocrx_word' id='word_1_812' title='bbox 2242 4640 2434 4694; x_wconf 87' lang='lat' dir='ltr'><strong>dicens</strong></span> <span class='ocrx_word' id='word_1_813' title='bbox 2489 4639 2556 4693; x_wconf 93' lang='lat' dir='ltr'><strong>de</strong></span> <span class='ocrx_word' id='word_1_814' title='bbox 2592 4638 2798 4694; x_wconf 69' lang='lat' dir='ltr'><strong>Judazis</strong></span> <span class='ocrx_word' id='word_1_815' title='bbox 2830 4641 2922 4709; x_wconf 90' lang='lat' dir='ltr'><strong>qui</strong></span> <span class='ocrx_word' id='word_1_816' title='bbox 2959 4655 3068 4694; x_wconf 92' lang='lat' dir='ltr'><strong>non</strong></span> <span class='ocrx_word' id='word_1_817' title='bbox 3123 4640 3496 4704; x_wconf 86' lang='lat' dir='ltr'><strong>crediderunt,</strong></span> <span class='ocrx_word' id='word_1_818' title='bbox 3538 4655 3634 4694; x_wconf 87' lang='lat' dir='ltr'><strong>eas</strong></span> 
     </span>
    </p>
   </div>
   <div class='ocr_carea' id='block_1_111' title="bbox 2048 4730 3632 4802">
    <p class='ocr_par' dir='ltr' id='par_1_111' title="bbox 2048 4730 3632 4802">
     <span class='ocr_line' id='line_1_111' title="bbox 2048 4730 3632 4802; baseline 0.001 -19"><span class='ocrx_word' id='word_1_819' title='bbox 2048 4745 2212 4785; x_wconf 88' lang='lat' dir='ltr'><strong>voces</strong></span> <span class='ocrx_word' id='word_1_820' title='bbox 2245 4745 2367 4800; x_wconf 64' lang='lat' dir='ltr'><strong>quae</strong></span> <span class='ocrx_word' id='word_1_821' title='bbox 2399 4746 2430 4782; x_wconf 90' lang='lat' dir='ltr'><strong>a</strong></span> <span class='ocrx_word' id='word_1_822' title='bbox 2465 4730 2697 4784; x_wconf 90' lang='lat' dir='ltr'><strong>Domino</strong></span> <span class='ocrx_word' id='word_1_823' title='bbox 2719 4732 2995 4802; x_wconf 73' lang='lat' dir='ltr'><strong>prephette</strong></span> <span class='ocrx_word' id='word_1_824' title='bbox 3024 4732 3183 4784; x_wconf 65' lang='lat' dir='ltr'><strong>dictae</strong></span> <span class='ocrx_word' id='word_1_825' title='bbox 3213 4730 3455 4785; x_wconf 80' lang='lat' dir='ltr'><strong>fuerunt.</strong></span> <span class='ocrx_word' id='word_1_826' title='bbox 3485 4731 3632 4795; x_wconf 65' lang='lat' dir='ltr'><strong>Hec,</strong></span> 
     </span>
    </p>
   </div>
   <div class='ocr_carea' id='block_1_112' title="bbox 2049 4823 3633 4893">
    <p class='ocr_par' dir='ltr' id='par_1_112' title="bbox 2049 4823 3633 4893">
     <span class='ocr_line' id='line_1_112' title="bbox 2049 4823 3633 4893; baseline -0.001 -17"><span class='ocrx_word' id='word_1_827' title='bbox 2049 4825 2290 4893; x_wconf 64' lang='lat' dir='ltr'><strong>inquit“,</strong></span> <span class='ocrx_word' id='word_1_828' title='bbox 2318 4823 2456 4877; x_wconf 72' lang='lat' dir='ltr'><strong>dixit</strong></span> <span class='ocrx_word' id='word_1_829' title='bbox 2497 4823 2707 4886; x_wconf 74' lang='lat' dir='ltr'><strong>Isaias,</strong></span> <span class='ocrx_word' id='word_1_830' title='bbox 2739 4823 2952 4893; x_wconf 80' lang='lat' dir='ltr'><strong>quando</strong></span> <span class='ocrx_word' id='word_1_831' title='bbox 2996 4824 3126 4877; x_wconf 79' lang='lat' dir='ltr'><strong>vidit</strong></span> <span class='ocrx_word' id='word_1_832' title='bbox 3158 4824 3389 4892; x_wconf 83' lang='lat' dir='ltr'><strong>gloriam</strong></span> <span class='ocrx_word' id='word_1_833' title='bbox 3433 4823 3545 4890; x_wconf 83' lang='lat' dir='ltr'><strong>ejus</strong></span> <span class='ocrx_word' id='word_1_834' title='bbox 3585 4833 3633 4876; x_wconf 83' lang='lat' dir='ltr'><strong>et</strong></span> 
     </span>
    </p>
   </div>
   <div class='ocr_carea' id='block_1_113' title="bbox 2049 4915 3633 4986">
    <p class='ocr_par' dir='ltr' id='par_1_113' title="bbox 2049 4915 3633 4986">
     <span class='ocr_line' id='line_1_113' title="bbox 2049 4915 3633 4986; baseline -0.001 -17"><span class='ocrx_word' id='word_1_835' title='bbox 2049 4919 2254 4972; x_wconf 82' lang='lat' dir='ltr'><strong>locutus</strong></span> <span class='ocrx_word' id='word_1_836' title='bbox 2293 4927 2371 4971; x_wconf 81' lang='lat' dir='ltr'><strong>est</strong></span> <span class='ocrx_word' id='word_1_837' title='bbox 2417 4917 2480 4971; x_wconf 83' lang='lat' dir='ltr'><strong>de</strong></span> <span class='ocrx_word' id='word_1_838' title='bbox 2517 4934 2576 4971; x_wconf 86' lang='lat' dir='ltr'><strong>eo</strong></span> <span class='ocrx_word' id='word_1_839' title='bbox 2609 4920 2650 4970; x_wconf 74' lang='grc'><strong>⁸.</strong></span> <span class='ocrx_word' id='word_1_840' title='bbox 2699 4916 2928 4986; x_wconf 80' lang='lat' dir='ltr'><strong>Magnus</strong></span> <span class='ocrx_word' id='word_1_841' title='bbox 2969 4933 3100 4970; x_wconf 88' lang='lat' dir='ltr'><strong>vero</strong></span> <span class='ocrx_word' id='word_1_842' title='bbox 3145 4915 3350 4970; x_wconf 85' lang='lat' dir='ltr'><strong>Paulus</strong></span> <span class='ocrx_word' id='word_1_843' title='bbox 3383 4918 3633 4970; x_wconf 89' lang='lat' dir='ltr'><strong>eumdem</strong></span> 
     </span>
    </p>
   </div>
   <div class='ocr_carea' id='block_1_114' title="bbox 2053 5007 3637 5080">
    <p class='ocr_par' dir='ltr' id='par_1_114' title="bbox 2053 5007 3637 5080">
     <span class='ocr_line' id='line_1_114' title="bbox 2053 5007 3637 5080; baseline -0.005 -12"><span class='ocrx_word' id='word_1_844' title='bbox 2053 5026 2361 5068; x_wconf 88' lang='lat' dir='ltr'><strong>sermonem</strong></span> <span class='ocrx_word' id='word_1_845' title='bbox 2393 5009 2626 5080; x_wconf 89' lang='lat' dir='ltr'><strong>Spiritui</strong></span> <span class='ocrx_word' id='word_1_846' title='bbox 2651 5017 2845 5063; x_wconf 87' lang='lat' dir='ltr'><strong>sancto</strong></span> <span class='ocrx_word' id='word_1_847' title='bbox 2879 5009 3152 5072; x_wconf 90' lang='lat' dir='ltr'><strong>attribuit,</strong></span> <span class='ocrx_word' id='word_1_848' title='bbox 3192 5008 3244 5060; x_wconf 91' lang='lat' dir='ltr'><strong>in</strong></span> <span class='ocrx_word' id='word_1_849' title='bbox 3279 5022 3343 5061; x_wconf 89' lang='lat' dir='ltr'><strong>ea</strong></span> <span class='ocrx_word' id='word_1_850' title='bbox 3369 5007 3637 5061; x_wconf 84' lang='lat' dir='ltr'><strong>concione</strong></span> 
     </span>
    </p>
   </div>
   <div class='ocr_carea' id='block_1_115' title="bbox 2051 5098 3637 5173">
    <p class='ocr_par' dir='ltr' id='par_1_115' title="bbox 2051 5098 3637 5173">
     <span class='ocr_line' id='line_1_115' title="bbox 2051 5098 3637 5173; baseline -0.006 -15"><span class='ocrx_word' id='word_1_851' title='bbox 2051 5119 2217 5173; x_wconf 86' lang='lat' dir='ltr'><strong>quam</strong></span> <span class='ocrx_word' id='word_1_852' title='bbox 2247 5103 2364 5172; x_wconf 86' lang='lat' dir='ltr'><strong>ipse</strong></span> <span class='ocrx_word' id='word_1_853' title='bbox 2388 5100 2578 5154; x_wconf 78' lang='lat' dir='ltr'><strong>Roma:</strong></span> <span class='ocrx_word' id='word_1_854' title='bbox 2608 5101 2798 5155; x_wconf 88' lang='lat' dir='ltr'><strong>habuit</strong></span> <span class='ocrx_word' id='word_1_855' title='bbox 2825 5100 2891 5153; x_wconf 88' lang='lat' dir='ltr'><strong>ad</strong></span> <span class='ocrx_word' id='word_1_856' title='bbox 2925 5098 3164 5163; x_wconf 67' lang='lat' dir='ltr'><strong>Iudaeos,</strong></span> <span class='ocrx_word' id='word_1_857' title='bbox 3199 5113 3326 5153; x_wconf 90' lang='lat' dir='ltr'><strong>cum</strong></span> <span class='ocrx_word' id='word_1_858' title='bbox 3359 5099 3456 5160; x_wconf 82' lang='lat' dir='ltr'><strong>ait.</strong></span> <span class='ocrx_word' id='word_1_859' title='bbox 3491 5098 3637 5151; x_wconf 79' lang='lat' dir='ltr'><strong>Bene</strong></span> 
     </span>
    </p>
   </div>
   <div class='ocr_carea' id='block_1_116' title="bbox 2051 5191 3635 5262">
    <p class='ocr_par' dir='ltr' id='par_1_116' title="bbox 2051 5191 3635 5262">
     <span class='ocr_line' id='line_1_116' title="bbox 2051 5191 3635 5262; baseline -0.005 -13"><span class='ocrx_word' id='word_1_860' title='bbox 2051 5195 2187 5249; x_wconf 79' lang='lat' dir='ltr'><strong>dixit</strong></span> <span class='ocrx_word' id='word_1_861' title='bbox 2215 5195 2282 5249; x_wconf 92' lang='lat' dir='ltr'><strong>de</strong></span> <span class='ocrx_word' id='word_1_862' title='bbox 2317 5195 2470 5248; x_wconf 83' lang='lat' dir='ltr'><strong>vobis</strong></span> <span class='ocrx_word' id='word_1_863' title='bbox 2521 5191 2766 5262; x_wconf 89' lang='lat' dir='ltr'><strong>Spiritus</strong></span> <span class='ocrx_word' id='word_1_864' title='bbox 2794 5202 3046 5254; x_wconf 89' lang='lat' dir='ltr'><strong>sanctus.</strong></span> <span class='ocrx_word' id='word_1_865' title='bbox 3084 5193 3232 5261; x_wconf 89' lang='lat' dir='ltr'><strong>quod</strong></span> <span class='ocrx_word' id='word_1_866' title='bbox 3289 5192 3478 5245; x_wconf 84' lang='lat' dir='ltr'><strong>auditu</strong></span> <span class='ocrx_word' id='word_1_867' title='bbox 3534 5205 3635 5242; x_wconf 82' lang='lat' dir='ltr'><strong>au-</strong></span> 
     </span>
    </p>
   </div>
   <div class='ocr_carea' id='block_1_117' title="bbox 2052 5283 3632 5354">
    <p class='ocr_par' dir='ltr' id='par_1_117' title="bbox 2052 5283 3632 5354">
     <span class='ocr_line' id='line_1_117' title="bbox 2052 5283 3632 5354; baseline -0.007 -12"><span class='ocrx_word' id='word_1_868' title='bbox 2052 5288 2216 5342; x_wconf 85' lang='lat' dir='ltr'><strong>dietis</strong></span> <span class='ocrx_word' id='word_1_869' title='bbox 2246 5295 2300 5340; x_wconf 92' lang='lat' dir='ltr'><strong>et</strong></span> <span class='ocrx_word' id='word_1_870' title='bbox 2324 5302 2434 5340; x_wconf 91' lang='lat' dir='ltr'><strong>non</strong></span> <span class='ocrx_word' id='word_1_871' title='bbox 2469 5285 2788 5354; x_wconf 81' lang='lat' dir='ltr'><strong>intelligetis</strong></span> <span class='ocrx_word' id='word_1_872' title='bbox 2825 5302 2838 5338; x_wconf 78' lang='grc' dir='ltr'><strong>ι</strong></span> <span class='ocrx_word' id='word_1_873' title='bbox 2873 5283 3199 5346; x_wconf 87' lang='lat' dir='ltr'><strong>ostendens,</strong></span> <span class='ocrx_word' id='word_1_874' title='bbox 3237 5284 3384 5337; x_wconf 88' lang='lat' dir='ltr'><strong>sicut</strong></span> <span class='ocrx_word' id='word_1_875' title='bbox 3415 5285 3632 5351; x_wconf 88' lang='lat' dir='ltr'><strong>opinor,</strong></span> 
     </span>
    </p>
   </div>
   <div class='ocr_carea' id='block_1_118' title="bbox 2052 5374 3637 5449">
    <p class='ocr_par' dir='ltr' id='par_1_118' title="bbox 2052 5374 3637 5449">
     <span class='ocr_line' id='line_1_118' title="bbox 2052 5374 3637 5449; baseline -0.004 -17"><span class='ocrx_word' id='word_1_876' title='bbox 2052 5394 2147 5449; x_wconf 89' lang='lat' dir='ltr'><strong>per</strong></span> <span class='ocrx_word' id='word_1_877' title='bbox 2181 5380 2322 5432; x_wconf 87' lang='lat' dir='ltr'><strong>hanc</strong></span> <span class='ocrx_word' id='word_1_878' title='bbox 2366 5384 2613 5432; x_wconf 87' lang='lat' dir='ltr'><strong>sanctam</strong></span> <span class='ocrx_word' id='word_1_879' title='bbox 2646 5375 3076 5445; x_wconf 80' lang='lat' dir='ltr'><strong>Scripturam&quot;,</strong></span> <span class='ocrx_word' id='word_1_880' title='bbox 3105 5375 3248 5446; x_wconf 89' lang='lat' dir='ltr'><strong>quod</strong></span> <span class='ocrx_word' id='word_1_881' title='bbox 3283 5375 3463 5429; x_wconf 90' lang='lat' dir='ltr'><strong>omnis</strong></span> <span class='ocrx_word' id='word_1_882' title='bbox 3498 5374 3637 5428; x_wconf 86' lang='lat' dir='ltr'><strong>visio</strong></span> 
     </span>
    </p>
   </div>
   <div class='ocr_carea' id='block_1_119' title="bbox 2053 5467 3635 5539">
    <p class='ocr_par' dir='ltr' id='par_1_119' title="bbox 2053 5467 3635 5539">
     <span class='ocr_line' id='line_1_119' title="bbox 2053 5467 3635 5539; baseline -0.006 -15"><span class='ocrx_word' id='word_1_883' title='bbox 2053 5469 2292 5524; x_wconf 87' lang='lat' dir='ltr'><strong>divinior</strong></span> <span class='ocrx_word' id='word_1_884' title='bbox 2357 5469 2647 5538; x_wconf 87' lang='lat' dir='ltr'><strong>omnisque</strong></span> <span class='ocrx_word' id='word_1_885' title='bbox 2737 5467 2832 5522; x_wconf 91' lang='lat' dir='ltr'><strong>Dei</strong></span> <span class='ocrx_word' id='word_1_886' title='bbox 2900 5470 3208 5539; x_wconf 87' lang='lat' dir='ltr'><strong>apparitio,</strong></span> <span class='ocrx_word' id='word_1_887' title='bbox 3274 5477 3441 5536; x_wconf 90' lang='lat' dir='ltr'><strong>atque</strong></span> <span class='ocrx_word' id='word_1_888' title='bbox 3518 5481 3635 5517; x_wconf 87' lang='lat' dir='ltr'><strong>om-</strong></span> 
     </span>
    </p>
   </div>
   <div class='ocr_carea' id='block_1_120' title="bbox 2055 5553 3639 5632">
    <p class='ocr_par' dir='ltr' id='par_1_120' title="bbox 2055 5553 3639 5632">
     <span class='ocr_line' id='line_1_120' title="bbox 2055 5553 3639 5632; baseline -0.006 -15"><span class='ocrx_word' id='word_1_889' title='bbox 2055 5564 2140 5618; x_wconf 92' lang='lat' dir='ltr'><strong>nis</strong></span> <span class='ocrx_word' id='word_1_890' title='bbox 2171 5576 2352 5618; x_wconf 84' lang='lat' dir='ltr'><strong>sermo</strong></span> <span class='ocrx_word' id='word_1_891' title='bbox 2403 5564 2497 5632; x_wconf 90' lang='lat' dir='ltr'><strong>qui</strong></span> <span class='ocrx_word' id='word_1_892' title='bbox 2548 5578 2615 5617; x_wconf 75' lang='lat' dir='ltr'><strong>ex</strong></span> <span class='ocrx_word' id='word_1_893' title='bbox 2677 5576 2911 5631; x_wconf 88' lang='lat' dir='ltr'><strong>persona</strong></span> <span class='ocrx_word' id='word_1_894' title='bbox 2967 5560 3063 5615; x_wconf 90' lang='lat' dir='ltr'><strong>Dei</strong></span> <span class='ocrx_word' id='word_1_895' title='bbox 3120 5560 3358 5619; x_wconf 88' lang='lat' dir='ltr'><strong>dicitur,</strong></span> <span class='ocrx_word' id='word_1_896' title='bbox 3389 5553 3639 5610; x_wconf 80' lang='lat' dir='ltr'><strong>del’atre</strong></span> 
     </span>
    </p>
   </div>
   <div class='ocr_carea' id='block_1_121' title="bbox 2052 5649 3638 5726">
    <p class='ocr_par' dir='ltr' id='par_1_121' title="bbox 2052 5649 3638 5726">
     <span class='ocr_line' id='line_1_121' title="bbox 2052 5649 3638 5726; baseline -0.008 -11"><span class='ocrx_word' id='word_1_897' title='bbox 2052 5666 2107 5715; x_wconf 91' lang='lat' dir='ltr'><strong>et</strong></span> <span class='ocrx_word' id='word_1_898' title='bbox 2163 5658 2230 5714; x_wconf 91' lang='lat' dir='ltr'><strong>de</strong></span> <span class='ocrx_word' id='word_1_899' title='bbox 2279 5655 2420 5712; x_wconf 83' lang='lat' dir='ltr'><strong>Filio</strong></span> <span class='ocrx_word' id='word_1_900' title='bbox 2471 5663 2525 5711; x_wconf 83' lang='lat' dir='ltr'><strong>et</strong></span> <span class='ocrx_word' id='word_1_901' title='bbox 2604 5655 2672 5709; x_wconf 90' lang='lat' dir='ltr'><strong>de</strong></span> <span class='ocrx_word' id='word_1_902' title='bbox 2743 5653 2950 5726; x_wconf 90' lang='lat' dir='ltr'><strong>Spiritu</strong></span> <span class='ocrx_word' id='word_1_903' title='bbox 3025 5660 3215 5708; x_wconf 70' lang='lat' dir='ltr'><strong>sant-to</strong></span> <span class='ocrx_word' id='word_1_904' title='bbox 3295 5649 3638 5717; x_wconf 78' lang='lat' dir='ltr'><strong>intelligitur.</strong></span> 
     </span>
    </p>
   </div>
   <div class='ocr_carea' id='block_1_122' title="bbox 2894 5806 3568 5884">
    <p class='ocr_par' dir='ltr' id='par_1_122' title="bbox 2894 5806 3568 5884">
     <span class='ocr_line' id='line_1_122' title="bbox 2894 5806 3568 5884; baseline -0.007 -17"><span class='ocrx_word' id='word_1_905' title='bbox 2894 5815 2938 5852; x_wconf 78' lang='grc' dir='ltr'>ιο</span> <span class='ocrx_word' id='word_1_906' title='bbox 2964 5814 3088 5869; x_wconf 84' lang='lat' dir='ltr'><strong>Act.</strong></span> <span class='ocrx_word' id='word_1_907' title='bbox 3121 5829 3318 5884; x_wconf 67' lang='lat' dir='ltr'><strong>xxvm,</strong></span> <span class='ocrx_word' id='word_1_908' title='bbox 3349 5809 3442 5876; x_wconf 74' lang='grc'><strong>25,</strong></span> <span class='ocrx_word' id='word_1_909' title='bbox 3473 5806 3568 5863; x_wconf 76' lang='grc'><strong>26.</strong></span> 
     </span>
    </p>
   </div>
   <div class='ocr_carea' id='block_1_123' title="bbox 3242 5903 3315 5965">
    <p class='ocr_par' dir='ltr' id='par_1_123' title="bbox 3242 5903 3315 5965">
     <span class='ocr_line' id='line_1_123' title="bbox 3242 5903 3315 5965; baseline 0.041 -3"><span class='ocrx_word' id='word_1_910' title='bbox 3242 5903 3315 5965; x_wconf 82' lang='grc'><strong>18</strong></span> 
     </span>
    </p>
   </div>
   <div class='ocr_carea' id='block_1_124' title="bbox 2372 5813 2814 5882">
    <p class='ocr_par' dir='ltr' id='par_1_124' title="bbox 2372 5813 2814 5882">
     <span class='ocr_line' id='line_1_124' title="bbox 2372 5813 2814 5882; baseline 0.007 -14"><span class='ocrx_word' id='word_1_911' title='bbox 2372 5816 2392 5847; x_wconf 79' lang='grc'><strong><em>⁹</em></strong></span> <span class='ocrx_word' id='word_1_912' title='bbox 2417 5813 2577 5870; x_wconf 82' lang='lat' dir='ltr'><strong>Joan.</strong></span> <span class='ocrx_word' id='word_1_913' title='bbox 2602 5829 2700 5882; x_wconf 65' lang='lat' dir='ltr'><strong>an,</strong></span> <span class='ocrx_word' id='word_1_914' title='bbox 2725 5814 2814 5871; x_wconf 73' lang='grc'><strong>41.</strong></span> 
     </span>
    </p>
   </div>
  </div>
