4146 6370
561 345 667 402 855

1749 342 1809 399 S.
1853 342 2183 398 GREGORII
2220 342 2263 395 N
2276 340 2508 396 YSSENI

3708 340 3816 393 556

559 462 784 528 Propter
841 460 941 512 hoc
975 458 1173 514 Davidc
1203 458 1419 513 dicente
1465 458 1611 528 quod
1665 459 1732 512 ad
1793 462 1925 513 iram
1958 460 2125 514 Deum

2230 460 2309 512 ὅτι
2339 460 2474 530 ἀκοῇ
2504 457 2786 521 ἀκούσετε,
2830 457 2921 509 καὶ
2961 455 3019 508 οὺ
3074 454 3147 524 μὴ
3192 455 3414 522 συνῆτε*
3458 453 3689 517 δεικνὺς,
3735 456 3816 517 ὡς

558 556 989 619 provocaverunt
1038 549 1093 601 in
1144 549 1383 610 deserto,
1444 558 1498 602 et
1565 551 2035 603 exacerbaverunt
2073 552 2127 604 in

557 641 753 691 terra”
806 641 1106 708 inaquosa;
1150 641 1447 708 Apostolus
1477 641 1543 693 ad
1578 640 1840 708 Spiritum
1883 653 2131 696 sanctum

554 730 721 782 refert
753 747 815 784 ea
849 747 970 799 quia
1006 732 1072 785 ab
1099 730 1361 785 lsraelitis
1387 741 1580 785 contra
1615 731 1781 785 Deum
1810 733 1950 785 facta
1983 741 2130 794 sunt,

553 822 633 872 sic
663 821 728 873 ad
749 822 971 874 verbum
1004 823 1272 881 scribens.
1316 820 1584 886 Quocirca
1619 824 1763 876 sicut
1796 823 1928 876 dicit
1962 822 2133 892 Spiri-

555 922 642 966 tus
688 922 913 967 sanctus
944 932 955 965 :
1001 912 1182 967 Nolite
1213 914 1473 967 obdurare
1508 915 1670 967 corda
1710 925 1874 968 vestra
1916 917 2045 968 sicut
2080 919 2133 969 in

553 1002 951 1056 exacerbatione
1017 1006 1071 1056 in
1142 1005 1226 1057 die
1294 1006 1598 1057 tentationis
1652 1006 1701 1057 in
1750 1004 1991 1068 deserto,
2043 1005 2133 1058 ubi

554 1104 882 1148 tentaveruut
936 1113 1016 1149 me
1060 1108 1234 1165 patres
1286 1097 1588 1149 vestri"'”
1631 1117 1642 1151 :
1691 1105 1745 1151 et
1791 1098 1895 1150 alia
1950 1098 2133 1150 omnia

556 1201 799 1253 personae
839 1186 1077 1257 Spiritus
1125 1188 1301 1242 sancti
1336 1188 1587 1253 ascribit,
1627 1204 1965 1258 quaacunque
2012 1205 2134 1259 pro-

554 1280 734 1346 phetia
776 1279 885 1334 Deo
909 1280 1118 1334 tribuit.
1168 1280 1273 1346 Qui
1331 1290 1513 1335 autem
1565 1297 1666 1335 nos
1723 1297 1818 1350 per
1877 1282 1991 1335 h:ec
2030 1282 2129 1334 do-

554 1379 732 1437 gmata
762 1381 871 1426 tres
901 1371 1034 1427 deos
1063 1371 1265 1442 ﬁngere
1298 1370 1571 1440 iactitant,
1622 1373 1862 1425 nondum
1899 1371 2130 1426 fortasse

554 1478 654 1517 nec
685 1479 975 1518 numerare
999 1464 1326 1519 didicerunt.
1372 1462 1428 1518 Si
1458 1466 1605 1519 enim
1635 1464 1805 1519 Filius
1835 1476 1886 1518 et
1911 1463 2076 1518 Pater
2105 1479 2133 1516 a

553 1570 616 1610 se
638 1554 871 1609 invicem
904 1556 957 1609 in
998 1557 1213 1609 dualem
1265 1556 1719 1627 significationem
1764 1571 1869 1608 non
1922 1556 2134 1624 disper-

551 1648 765 1701 tiuntur
802 1654 990 1715 (umnn
1022 1649 1331 1709 enimsunt,
1367 1664 1474 1701 non
1489 1649 1595 1700 duo
1619 1647 1915 1703 secundum
1946 1661 2133 1700 vocem

552 1733 793 1797 Domini,
828 1751 992 1789 unum
1047 1737 1210 1790 etiam
1261 1736 1499 1805 Spiritus
1566 1736 2171 1815 ειιιιιξωε),ιιιιοιιιοιὶοῖ

551 1840 719 1879 unum
771 1842 893 1880 cum
948 1843 1070 1880 ouno
1126 1829 1478 1895 conjunctum
1541 1829 1593 1880 in
1674 1829 1834 1880 trium
1908 1828 2131 1880 deorum
2168 1806 2208 1859 Β

550 1932 841 1972 numerum
901 1917 1276 1974 discinditur?
1314 1920 1396 1973 vel
1456 1920 1615 1989 plane
1648 1920 1992 1988 perspicuum
2051 1930 2134 1973 est

547 2009 695 2080 quod
732 2011 917 2065 nullus
964 2012 1119 2066 nobis
1150 2013 1312 2064 trium
1346 2010 1571 2065 deorum
1615 2024 1901 2064 numerum
1939 2010 1991 2061 in
2023 2010 2133 2061 cri-

550 2118 675 2157 men
712 2105 956 2164 verterit,
1006 2104 1099 2172 qui
1128 2118 1237 2157 non
1295 2103 1449 2172 prius
1486 2104 1601 2172 ipse
1646 2102 1871 2155 deorum
1902 2100 2134 2153 dualita—

550 2202 659 2246 tem
719 2195 943 2264 proprio
996 2196 1254 2265 dogmate
1309 2195 1627 2249 astruxerit.
1689 2191 1910 2247 Duobus
1985 2192 2127 2245 enim

550 2301 720 2340 unum
751 2287 843 2356 qui
877 2285 1047 2349 addit,
1084 2286 1386 2340 ternarium
1423 2286 1649 2339 deorum
1692 2299 1981 2338 numerum
2017 2298 2129 2352 per-

545 2376 701 2440 ﬁcit;
734 2392 764 2429 a
802 2377 1004 2447 quibus
1050 2385 1231 2431 autem
1262 2393 1405 2431 unus
1437 2376 1580 2431 Deus
1619 2373 1898 2436 adorator,
1929 2376 1980 2427 in
2032 2388 2125 2427 no-

551 2468 700 2524 mine
732 2467 910 2524 Patris
940 2480 992 2523 et
1020 2469 1140 2523 Filii
1167 2479 1221 2523 et
1252 2470 1488 2539 Spiritus
1519 2471 1717 2533 sancti,
1753 2484 1911 2539 quem
1949 2469 2125 2521 locum

551 2560 714 2615 habet
745 2560 909 2613 trium
941 2560 1165 2614 deorum
1193 2562 1545 2614 criminatio?

2235 548 2409 623 οἷμαι.
2435 551 2500 604 δι’
2532 551 2699 620 αὐτῆς
2742 549 2842 618 τῆς
2874 548 3033 615 ἁγίας
3061 545 3305 616 Γραφῆς,
3335 545 3416 596 ὃτι
3452 546 3598 597 πᾶσα
3642 547 3813 597 ὀπτα-

2239 645 2326 696 σία
2357 642 2620 714 θειοτέρα,
2655 642 2749 693 καὶ
2776 641 2919 693 πᾶσα
2945 637 3251 706 θεοφάνεια,
3281 636 3374 690 καὶ
3420 637 3526 697 πᾶς
3562 635 3716 703 λόγος
3746 638 3812 688 ἐκ

2236 735 2525 803 προσώπου
2557 732 2690 785 θεοῦ
2736 732 3046 801 λεγόμενος,
3083 730 3176 781 ἐπὶ
3213 729 3307 781 τοῦ
3350 728 3560 799 Πατρδς
3589 730 3809 790 νοεῖται,

2236 830 2330 882 καὶ
2362 827 2453 880 ἐπὶ
2482 825 2575 879 τοῦ
2602 824 2753 886 Υἱοῦ,
2783 825 2877 877 καὶ
2906 823 2998 875 ἐπὶ
3032 821 3125 874 τοῦ
3166 821 3477 890 Πνεύματος
3510 818 3604 871 τοῦ
3633 819 3809 886 ἁγίου.

2235 922 2333 974 Διά
2376 920 2531 973 τοῦτο
2559 918 2651 971 τοῦ
2699 918 2862 971 Δαϐὶδ
2908 917 3171 978 εἰπόντος,
3209 914 3289 966 ὅτι
3331 911 3687 983 παρώργισαν
3718 911 3813 962 τὸν

2234 1011 2365 1063 Θεὸν
2395 1013 2453 1063 ὲν
2480 1012 2546 1079 τῇ
2577 1011 2785 1079 ἐρήμῳ,
2819 1007 2913 1060 καὶ
2948 1003 3266 1074 παρώξυναν
3302 1002 3463 1056 αὐτὸν
3500 1002 3558 1053 ἐν
3612 1003 3680 1071 γῇ
3716 1000 3812 1051 ἀν-

2238 1103 2400 1171 ύδρῳ,
2427 1104 2454 1154 6
2495 1100 2808 1161 Ἀπόστοὶος
2845 1100 2923 1160 εἰς
2945 1097 3006 1149 τὸ
3034 1094 3257 1163 Πνεῦμα
3287 1093 3347 1144 τὸ
3373 1094 3524 1160 ἆγιον
3555 1089 3813 1160 ἀναφέρει

2235 1192 2302 1243 τὰ
2348 1193 2498 1262 παρά
2543 1191 2648 1244 τῶν
2690 1188 3034 1258 Ἰσραηλιτῶν
3093 1184 3233 1238 κατά
3284 1184 3377 1237 τοῦ
3418 1182 3551 1235 Θεοῦ
3587 1199 3814 1249 γεγενηο

2240 1283 2395 1351 μένα.
2430 1281 2601 1344 οὕτως
2646 1280 2860 1350 γράψας
2891 1278 2967 1347 τῷ
3013 1278 3215 1348 ῥήματι
3285 1275 3394 1337 Διὸ,
3454 1272 3634 1336 καθὼς
3665 1272 3811 1338 λέγει

2236 1376 2295 1428 τὸ
2326 1374 2546 1445 Πνεῦμα
2574 1374 2635 1425 τὸ
2670 1375 2838 1440 ἀγιον,
2869 1371 2961 1438 Μὴ
3007 1369 3387 1436 σκληρύνητε
3429 1369 3535 1431 τὰς
3565 1365 3813 1432 καρδίας

2236 1464 2403 1536 ὑμῶν
2433 1467 2511 1531 ώς
2542 1467 2611 1518 ἐν
2647 1464 2726 1530 τῷ
2758 1459 3233 1531 παραπικρασμῷ
3265 1459 3413 1512 κατὰ
3445 1458 3556 1524 τὴν
3584 1457 3812 1525 ἡμέραν

2236 1558 2343 1612 τοῦ
2372 1558 2701 1627 πειρασμοῦ
2727 1557 2796 1609 ὲν
2824 1554 2898 1622 τῇ
2926 1552 3143 1623 ἐρήμῳ,
3178 1549 3248 1607 οὗ
3281 1549 3611 1619 ἐπείρασὰν
3653 1566 3727 1618 με
3755 1552 3812 1601 οἱ

2239 1647 2485 1717 πατέρες
2508 1646 2800 1716 {aitEn-xui.
2829 1646 2895 1698 τά
2934 1645 3069 1699 ἄλλα
3096 1646 3266 1697 πάντα
3301 1642 3376 1712 τῷ
3412 1639 3685 1712 προσώπῳ
3713 1639 3808 1691 τοῦ

2237 1742 2391 1809 ἁγίου
2424 1742 2736 1809 Πνεύματος
2770 1738 3111 1808 ἀνατίθησιν,
3154 1737 3253 1789 ὅσα
3277 1738 3309 1804 ἡ
3341 1733 3644 1803 προφητεία
3674 1731 3810 1801 πρὸς

2240 1830 2371 1882 Θεὸν
2404 1829 2684 1899 ἀναφέρει.
2720 1828 2784 1879 Οἱ
2811 1827 2867 1879 δὲ
2893 1829 3038 1896 τρεῖς
3070 1827 3197 1895 ἡμῖν
3221 1823 3375 1887 θεοὺς
3398 1823 3486 1876 διά
3509 1821 3615 1875 τῶν
3641 1820 3811 1874 τοιού-

2240 1940 2345 1974 των
2404 1918 2849 1991 ὲπιθρυλλοῦντες
2908 1918 3225 1987 δογμάτων,
3275 1915 3426 1967 οὔπω
3485 1915 3625 1982 τάχα
3689 1912 3809 1965 ούδὶ

2238 2013 2487 2083 ἀριθμεῖν
2528 2011 2898 2080 ἐδιδάχθησαν.
2931 2010 2993 2061 Ei
3040 2008 3145 2079 γάρ
3196 2009 3225 2060 6
3271 2007 3398 2069 Υἱὸς
3431 2009 3524 2059 καὶ
3552 2010 3580 2059 6
3623 2004 3810 2074 Πατὴο

2238 2105 2297 2156 οὐ
2337 2103 2644 2173 μερίζονται
2675 2102 2767 2154 ἀπ’
2798 2101 3041 2170 ἀλλήλων
3068 2101 3147 2162 είς
3191 2099 3379 2170 δυῖκὴν
3415 2098 3687 2168 σημασίαν
3717 2096 3811 2167 (ἓν

2237 2197 2344 2267 γάρ
2370 2176 2495 2257 εἰσι,
2531 2196 2625 2247 καὶ
2645 2194 2765 2263 οὐχὶ
2787 2194 2899 2255 δύο,
2925 2192 3065 2246 κατά
3095 2193 3192 2258 τὴν
3237 2191 3329 2244 τοῦ
3362 2190 3567 2261 Κυρίου
3605 2190 3807 2258 φωνήν⁹

2233 2288 2290 2341 ἓν
2321 2288 2377 2340 δὲ
2416 2288 2510 2340 καὶ
2542 2287 2602 2338 τὸ
2628 2285 2852 2354 Πνεῦμα
2888 2284 2949 2336 τὸ
2974 2284 3126 2352 ἆγιον
3147 2285 3187 2349 ),
3221 2282 3337 2345 πῶς
3363 2283 3423 2334 τὸ
3454 2283 3535 2334 ἑνὶ
3566 2282 3811 2334 συντιθέ-

2238 2397 2395 2450 μενον
2439 2380 2518 2441 εἰς
2566 2376 2733 2448 τριῶν
2784 2375 2918 2427 θεῶν
2944 2374 3172 2446 ἀριθμὸν
3204 2372 3565 2442 διασχίζεταις
3595 2371 3628 2439 ἦ
3655 2370 3811 2441 δῆλον

2236 2473 2451 2534 πάντως
2473 2472 2640 2534 ἐστὶν,
2669 2470 2749 2521 ὅτι
2777 2470 2875 2520 οὐκ
2901 2468 2965 2520 ἄν
2993 2484 3075 2529 τις
3098 2465 3467 2518 ὲπικαλέσειεν
3489 2466 3619 2541 ἡμῖν
3645 2463 3811 2533 τριῶν

2237 2563 2372 2616 θεῶν
2408 2563 2656 2634 ἀριθμὸν,
2692 2562 2766 2632 μὴ
2814 2561 3072 2631 πρότερον
3098 2558 3258 2619 αὐτὸς
3290 2556 3424 2608 θεῶν
3464 2556 3625 2609 δυάδα
3652 2559 3708 2607 ἐν
3730 2554 3812 2624 τῷ

549 2651 663 2721 ἰδίῳ
690 2652 923 2721 δόγματι
951 2656 1390 2717 κατασκευάζων.
1429 2658 1551 2720 Τοῖς
1579 2658 1686 2730 γὰρ
1713 2659 1807 2711 δύο
1832 2660 1892 2711 τὸ
1932 2661 1987 2711 ἓν
2019 2661 2413 2729 συντιθέμενον,
2449 2661 2548 2730 τὴν
2576 2658 2780 2730 Τριάδα
2808 2658 2913 2710 τῶν
2954 2658 3089 2709 θεῶν
3132 2657 3498 2727 ἀπεργάζεται
3521 2671 3533 2685 ’
3576 2656 3704 2726 παρ’
3732 2647 3811 2708 ,τιν

658 2742 683 2761 τ

543 2747 599 2799 δὲ
629 2746 710 2810 εἷς
746 2751 1127 2819 προσκυνεῖται
1155 2749 1306 2813 Θεὸς,
1350 2752 1436 2805 ἐπ’
1472 2754 1691 2822 ὀνόματι
1721 2755 1930 2825 Πατρὸς
1962 2758 2051 2808 καὶ
2083 2754 2209 2808 Υἱοῦ
2238 2756 2327 2807 καὶ
2358 2754 2670 2823 Πνεύματος
2709 2754 2885 2820 ἁγίου,
2918 2753 3073 2806 ποίαν
3105 2748 3215 2818 ἔχει
3244 2749 3426 2821 χώραν
3452 2750 3484 2818 ἡ
3510 2746 3617 2799 τῶν
3645 2746 3810 2816 τριῶν

543 2838 682 2893 θεῶν
720 2840 1019 2911 κατηγορία
1039 2859 1052 2906 ;

615 2933 723 2986 Sed
794 2951 1009 2987 omnem
1083 2934 1332 2990 Eunomii
1383 2953 1688 2992 sermonem
1749 2955 2113 2993 resumamus.

542 3022 765 3087 Factus,
808 3028 1005 3095 inquit,
1048 3044 1079 3078 a
1108 3028 1221 3079 solo
1269 3027 1377 3082 Deo
1421 3044 1512 3096 per
1550 3027 1885 3098 Unigenitum
1928 3039 1977 3082 et
2012 3029 2114 3083 hic.

2306 2940 2443 2990 Ἀλλ’
2472 2938 2896 3007 ἐπαναλάόωμεν
2928 2937 3104 2990 πάντα
3145 2936 3237 2988 τοῦ
3288 2935 3550 3004 Εὑνομίου
3589 2934 3677 2984 τὸν
3722 2932 3809 2983 λό-

2225 3047 2340 3098 γον.
2366 3032 2719 3099 Γενόμενος,
2757 3031 2940 3100 φησὶν,
2977 3030 3133 3097 παρὰ
3172 3027 3278 3080 τοῦ
3304 3029 3494 3096 μόνοιν
3532 3024 3674 3077 Θεοῦ
3710 3024 3810 3076 διὰ

543 3117 801 3182 Quanam
847 3118 1012 3187 igitur
1047 3119 1160 3173 haec
1194 3129 1279 3173 est
1320 3119 1745 3185 demonstratio,
1784 3130 1833 3174 et
1872 3123 1954 3173 hic
1989 3138 2005 3174 :
2061 3138 2125 3174 an

2232 3120 2339 3173 τοῦ
2386 3122 2763 3186 Μονογενοῦς
2792 3122 2887 3173 καὶ
2910 3121 3105 3174 τοῦτο.
3140 3121 3235 3182 Τίς
3265 3116 3356 3171 οὖν
3400 3117 3668 3181 ἀπόδειξις
3710 3117 3805 3167 τοῦ

545 3211 689 3262 hunc
721 3224 889 3263 unum
942 3225 1066 3264 esse
1114 3225 1303 3263 eorum
1355 3227 1476 3279 quze
1531 3212 1600 3264 ab
1636 3209 1927 3282 Unigenito
1989 3212 2128 3266 facta

544 3302 717 3354 sunt?
757 3303 935 3354 omnia
968 3318 1065 3371 per
1120 3303 1297 3371 ipsum
1329 3319 1450 3356 esse
1482 3306 1621 3355 laeta
1669 3306 1895 3357 omnino
1924 3305 2125 3369 dicent,

542 3402 596 3445 et
652 3392 705 3444 in
754 3394 1009 3447 omnibus
1053 3396 1513 3463 comprehensum
1564 3410 1686 3449 csse
1733 3405 1787 3449 et
1834 3396 1997 3451 hunc.
2045 3398 2127 3451 Ad

541 3498 680 3552 quos
714 3483 1207 3547 dicemus,~0mnia
1248 3502 1339 3553 per
1383 3488 1547 3552 ipsum
1602 3486 1743 3554 facta
1785 3498 1926 3541 sunt.
1975 3488 2130 3543 Sicut

542 3584 722 3629 autem
751 3577 825 3629 ait
851 3575 1052 3630 Paulus
1078 3579 1140 3639 ”',
1180 3577 1321 3631 facta
1364 3586 1490 3632 sunt
1564 3579 1912 3649 aspectabilia
1945 3591 1998 3635 et
2040 3583 2127 3637 in-

543 3669 920 3736 aspeCIabilia,
955 3668 1160 3730 throni,
1193 3680 1509 3737 potestates,
1545 3673 1912 3744 principatus,
1947 3672 2125 3727 domi-

541 3759 814 3821 nationes,
850 3760 1109 3826 virtutes;
1147 3760 1200 3814 in
1227 3764 1604 3818 annumeratis
1634 3776 1817 3819 autem
1857 3780 1953 3836 per
1972 3766 2126 3820 thro-

548 3868 647 3906 nos
695 3860 749 3905 et
795 3860 1094 3921 potestates
1125 3851 1417 3907 Cherubim
1457 3864 1511 3909 et
1547 3855 1831 3924 Seraphim
1924 3857 2125 3914 Paulus

545 3945 865 4010 complexus
896 3955 983 3999 est
1016 3963 1031 3999 :
1064 3945 1173 3999 huc
1213 3961 1389 4016 usque
1422 3949 1624 4002 omnia.
1657 3946 1919 4020 Spiritum
1944 3958 2122 4003 autem

541 4046 816 4099 sanctum,
840 4044 1028 4105 utpote
1060 4038 1152 4108 qui
1180 4047 1265 4093 est
1290 4055 1454 4109 super
1484 4047 1735 4093 naturam
1767 4057 1957 4095 eorum
2002 4056 2124 4111 quae

526 4137 724 4182 creata
757 4137 904 4194 sunt,
954 4130 1010 4182 in
1056 4131 1472 4186 enumeratione
1514 4146 1705 4185 eorum
1743 4148 1864 4201 quae
1887 4140 2119 4187 suntta-

539 4220 681 4274 citus
709 4221 970 4289 prateriit
993 4238 1007 4283 ;
1035 4237 1213 4291 neque
1232 4220 1592 4286 factumesse,
1616 4239 1791 4293 neque
1815 4225 2120 4292 subjectum

540 4328 638 4379 per
665 4328 795 4367 suos
840 4328 1123 4368 sermones
1183 4314 1343 4368 nobis
1389 4312 1797 4379 demonstrans,
1852 4316 1947 4370 sed
1978 4316 2121 4371 sicut

2233 3216 2329 3267 καὶ
2353 3216 2527 3268 τοῦτο
2550 3215 2609 3266 ἓν
2632 3215 2738 3267 τῶν
2767 3214 2915 3286 παρὰ
2944 3214 3036 3265 τοῦ
3059 3211 3393 3282 Μονογενοῦς
3425 3206 3597 3271 εἷναις
3626 3210 3808 3261 Πάντα

2230 3310 2295 3362 δι’
2346 3308 2509 3362 αὐτοῦ
2550 3307 2877 3378 γεγενῆσθαι
2921 3308 3137 3368 πάντως
3186 3304 3398 3375 ἐροῦσιν
3425 3343 3438 3365 ,
3486 3304 3544 3353 ὲν
3579 3302 3634 3353 δὲ
3694 3302 3807 3360 τοῖς

2233 3404 2365 3455 πᾶσι
2401 3399 2890 3472 συμπεριειλῆφθαι
2934 3400 3029 3451 καὶ
3064 3398 3219 3451 τοῦτο
3275 3396 3409 3466 πρὸς
3448 3393 3539 3457 οὓς
3575 3391 3806 3463 ἐροῦμεν

2230 3493 2310 3544 ὅτι
2336 3491 2532 3545 Πάντα
2560 3491 2632 3544 δι’
2660 3490 2845 3544 αὐτοῦ
2880 3490 3135 3559 ἐγένετο·
3180 3489 3394 3557 ἐγένετο
3439 3487 3514 3546 δὲ,
3555 3483 3732 3544 καθὼς
3775 3483 3806 3533 6

2230 3582 2439 3645 Παῦλός
2481 3598 2665 3652 φησιν,
2697 3580 2868 3651 ὁρατὰ
2924 3583 3016 3634 καὶ
3050 3581 3277 3651 ἀόρατα,
3313 3578 3517 3648 θρόνοι,
3544 3575 3804 3641 ἐξουσίαι,

2227 3676 2413 3744 ἀρχαὶ,
2460 3676 2796 3745 κυριότητες,
2832 3674 3110 3744 δυνάμεις·
3136 3674 3191 3724 ἐν
3228 3672 3283 3724 δὲ
3332 3673 3441 3733 τοῖς
3486 3667 3806 3738 ἀπηριθμη-

2230 3769 2409 3838 μένοις
2434 3768 2521 3821 διὰ
2549 3768 2655 3820 τῶν
2691 3767 2894 3838 θρόνων
2923 3783 2981 3818 τε
3012 3765 3104 3818 καὶ
3129 3764 3235 3816 τῶν
3264 3764 3568 3831 δυνάμεων.
3594 3760 3661 3813 τὰ
3700 3761 3806 3811 Χε-

2228 3859 2425 3931 ρουϐὶμ
2458 3860 2549 3913 καὶ
2573 3859 2642 3911 τὰ
2672 3859 2917 3928 Σεραφὶμ
2943 3858 3047 3909 ὑπὸ
3070 3854 3163 3909 τοῦ
3197 3854 3406 3909 Παύλου
3430 3852 3769 3905 κατείλεκται
3788 3867 3801 3878 -

2228 3951 2331 4014 ἕως
2362 3949 2549 4003 τούτου
2606 3949 2671 4003 τὰ
2726 3950 2925 4002 πάντα.
2960 3948 3033 4000 Τὸ
3071 3947 3128 4000 δὲ
3168 3945 3390 4014 Πνεῦμα
3423 3944 3480 3995 τὸ
3522 3943 3691 4010 ἆγιον,
3727 3942 3805 4004 ὡς

2230 4041 2372 4111 ὑπὲρ
2396 4041 2493 4110 τὴν
2531 4041 2693 4110 φύσιν
2739 4041 2845 4094 τῶν
2887 4041 3184 4109 γεγονότων
3217 4041 3272 4091 ἐν
3313 4040 3379 4108 τῇ
3427 4036 3804 4107 ἀπαριθμήσει

2221 4131 2329 4183 τῶν
2362 4130 2532 4183 ὄντων
2559 4133 2587 4184 6
2624 4130 2835 4190 Παῦλος
2862 4129 3265 4199 ἀπεσιώπησεν,
3286 4126 3407 4180 οὔτε
3434 4127 3492 4178 τὸ
3524 4124 3800 4194 γενέσθαι,

2229 4219 2352 4273 οὔτε
2389 4221 2449 4273 τὸ
2476 4220 2835 4291 ὑποτετάχθαι
2866 4221 2955 4274 διὰ
2981 4221 3089 4273 τῶν
3117 4218 3308 4273 ἑαυτοῦ
3341 4218 3509 4286 λόγων
3539 4219 3669 4287 ἡμῖν
3715 4218 3805 4268 ὲν-

2221 4315 2533 4384 δειξάμενος
2562 4330 2575 4344 ’
2633 4314 2747 4368 ἀλλ’
2792 4313 2979 4384 ὥσπερ
3026 4315 3055 4367 ὁ
3084 4314 3368 4383 Προφήτης
3412 4311 3613 4379 ἀγαθὸν
3640 4352 3654 4375 ,
3704 4312 3804 4363 καὶ

540 4400 809 4471 Propheta
840 4404 905 4466 ‘5,
934 4403 1136 4457 bonum
1165 4411 1219 4457 et
1243 4412 1451 4459 rectum
1480 4415 1535 4459 et
1560 4404 1751 4459 ducem
1780 4421 1840 4460 se
1869 4406 2116 4474 prazben-

2230 4407 2404 4471 εύθὲς,
2434 4406 2527 4461 καὶ
2548 4407 2869 4476 ἡγεμονικὸν
2894 4403 3148 4474 ὀνομάζει
3178 4405 3235 4457 τὸ
3274 4405 3493 4474 Πνεῦμα
3525 4405 3584 4456 τὸ
3620 4404 3796 4470 ἅγιον,

536 4503 644 4548 tem
678 4494 941 4563 Spiritum
975 4503 1226 4548 sanctum
1246 4497 1514 4560 nominat,
1542 4510 1639 4563 per
1669 4495 1865 4550 ducem
1892 4510 1951 4551 se
1981 4511 2115 4565 prm-

536 4587 776 4650 bentem,
811 4586 1163 4656 principalem
1201 4586 1537 4655 signiﬁcans.
1569 4587 1659 4642 Sic
1692 4588 1853 4641 etiam
1884 4587 2118 4655 Aposto-

536 4677 624 4731 lus
653 4677 904 4731 omniain
928 4677 1182 4731 omnibus
1196 4679 1409 4746 operari
1432 4685 1592 4747 prout
1614 4679 1750 4741 vult,
1774 4694 2027 4733 asserens
2049 4679 2113 4742 ¹⁶,

536 4772 865 4825 auctoritate
917 4771 1131 4840 plenam
1184 4778 1515 4840 potestatem
1569 4772 1814 4841 Spiritus
1861 4771 2115 4840 dignitati

536 4862 807 4917 attribuit.
844 4861 1105 4917 Dominus
1135 4864 1555 4918 antetuliberam
1590 4863 1708 4930 ejus
1739 4864 2037 4932 potentiam
2064 4873 2117 4917 et

533 4954 904 5021 operationem
956 4954 1011 5007 in
1063 4970 1316 5009 sermone
1350 4970 1473 5008 cum
1522 4954 1818 5009 Nicodemo
1844 4955 2108 5021 declarat,

534 5044 745 5105 dicens,
777 5039 1012 5110 Spiritus
1033 5045 1121 5099 ubi
1156 5047 1267 5099 vult
1302 5047 1471 5115 spirat
1495 5047 1557 5100 ".
1613 5046 1899 5113 Quomodo
1945 5050 2112 5117 igitur

537 5133 833 5189 Eunomius
895 5133 1037 5189 hunc
1069 5136 1268 5190 asserit
1314 5154 1479 5190 unum
1532 5154 1656 5193 esse
1706 5154 1893 5193 eorum
1926 5156 2045 5209 quae
2081 5156 2110 5193 a

533 5223 670 5278 Filio
689 5224 910 5278 condita
933 5235 1084 5285 sunt,
1097 5230 1645 5302 aaternzesubjeetioni
1661 5231 2108 5288 condemnatum:

518 5317 767 5379 omnino,
800 5316 997 5385 inquit,
1022 5317 1336 5385 subjectum.
1376 5317 1491 5370 Non
1523 5319 1765 5387 intelligo
1793 5334 1896 5387 qua
1923 5321 2109 5386 subje-

530 5410 730 5463 ctionis
765 5410 948 5478 specie
975 5424 1100 5463 eum
1131 5410 1316 5463 subdit
1373 5411 1466 5479 qui
1501 5410 1786 5479 imperium
1820 5418 1873 5464 et
1904 5412 2102 5481 princi-

520 5509 715 5570 patum
771 5502 931 5556 habet
962 5519 976 5555 :
1022 5517 1125 5556 vox
1182 5504 1327 5557 enim
1362 5503 1474 5557 haec
1508 5504 1558 5556 in
1592 5513 1780 5558 sancta
1822 5502 2106 5573 Scriptura

522 5592 815 5659 multiplex
863 5601 969 5660 est,
1002 5594 1296 5663 multisque
1330 5595 1507 5649 modis
1530 5595 1852 5665 intelligitur
1880 5604 1934 5648 et
1964 5593 2104 5648 dici—

603 5708 641 5737 “
677 5707 822 5763 Psal.
863 5726 1005 5774 xeiv,
1040 5710 1093 5767 9.

524 5774 774 5835 “xlﬁor.
804 5796 899 5847 xit,
940 5782 1023 5834 11.
1105 5784 1146 5814 ¹⁷
1174 5779 1330 5836 Joan.
1366 5797 1448 5847 in,
1475 5784 1526 5835 8.

1207 5712 1321 5742 ¹²·¹³
1364 5710 1528 5764 Hebr.
1578 5727 1662 5779 ιιι,
1696 5712 1761 5778 8;
1790 5711 1935 5767 Psal.
1976 5727 2118 5779 xeiv,
2165 5713 2198 5769 8
2247 5727 2367 5783 είίίί·

2222 4498 2308 4551 διὰ
2347 4499 2438 4550 τοῦ
2462 4497 2786 4568 ἡγεμονικοῦ
2830 4497 2888 4550 τὸ
2924 4498 3147 4568 ἀρχικὸν
3184 4497 3584 4566 ἐνδεικνύμενος
3609 4514 3622 4526 ·
3654 4495 3801 4549 οὕτω

2224 4592 2317 4643 καὶ
2340 4592 2367 4643 6
2395 4590 2711 4652 Ἀπόστολος
2730 4588 2904 4642 πάντα
2923 4592 2979 4642 ἐν
2997 4591 3159 4641 πᾶσιν
3184 4591 3441 4660 ἐνεργεῖν.
3469 4587 3647 4650 καθὼς
3671 4587 3800 4656 βού-

2222 4681 2391 4744 λεται,
2423 4679 2805 4750 διοριζόμενος,
2836 4681 2935 4748 τὴν
2981 4679 3298 4748 αύθεντικὴν
3336 4679 3579 4743 ἐξουσίαν
3628 4695 3800 4748 προσ-

2226 4776 2493 4844 μαρτυρεῖ
2536 4776 2602 4844 τῇ
2645 4772 2771 4843 ἀξία
2803 4770 2898 4826 τοῦ
2946 4773 3288 4842 Πνεύματος·
3322 4773 3349 4823 6
3376 4772 3431 4823 δὲ
3466 4772 3664 4842 Κύριος
3697 4770 3798 4840 τὴν

2223 4865 2565 4933 αὐτεξούσιον
2612 4864 2775 4917 αὐτοῦ
2809 4865 3035 4935 δύναμίν
3069 4882 3125 4916 τε
3172 4865 3266 4917 καὶ
3308 4864 3585 4933 ἐνέργειαν
3626 4865 3682 4915 ἐν
3713 4862 3795 4932 τῷ

2218 4960 2354 5029 πρὸς
2394 4958 2700 5026 Νικόδημον
2744 4956 2885 5027 λόγῳ
2915 4954 3153 5025 φανερὰν
3181 4958 3341 5016 ποιεῖ,
3378 4954 3567 5021 λέγων,
3602 4955 3681 5006 ὅτι
3718 4953 3792 5008 Τύ

2219 5045 2466 5114 Πνεῦμα
2501 5045 2656 5099 ὅπου
2684 5046 2842 5099 θέλει
2880 5045 3034 5098 πνεῖ.
3063 5045 3185 5107 Πῶς
3228 5041 3318 5098 οῦν
3346 5045 3439 5097 καὶ
3460 5047 3486 5098 6
3530 5045 3791 5113 Εὑνόμιος

2217 5139 2275 5190 ἓν
2308 5138 2576 5192 καὶτοῦτο
2598 5138 2703 5191 τῶν
2732 5140 3031 5207 γεγονότων
3058 5134 3196 5192 εἶναι
3226 5140 3373 5208 παρά
3413 5137 3506 5191 τοῦ
3536 5138 3665 5191 Υίοῦ
3706 5139 3789 5190 δι-

2215 5231 2486 5300 ορίζεται,
2514 5234 2575 5302 τῇ
2616 5231 2770 5302 ἀϊδίῳ
2806 5234 3047 5302 ὑποταγῇ
3081 5232 3617 5299 καταδεδικασμένοψ
3644 5233 3792 5282 K00-

2215 5321 2377 5385 άπαξ
2397 5328 2528 5401 γὰρ,
2547 5326 2728 5394 φησὶν,
2748 5326 3223 5393 ὑποτεταγμένον
3242 5341 3253 5353 ·
3275 5324 3372 5375 οὐκ
3392 5321 3507 5375 οἶδα
3530 5322 3665 5390 ποίῳ
3691 5320 3790 5386 τῆς

2217 5412 2490 5480 ὑποταγῆς
2526 5414 2654 5466 εἴδει
2711 5415 2773 5466 τὸ
2805 5413 3126 5483 ἡγεμονικόν
3166 5430 3222 5465 τε
3257 5413 3348 5465 καὶ
3385 5411 3607 5482 ἀρχικὸν
3654 5412 3787 5463 ὑπο-

2214 5502 2427 5567 ζεύξας.
2482 5504 2799 5575 Πολύσημος
2845 5506 2953 5576 γὰρ
2998 5508 3031 5575 ἡ
3066 5504 3286 5574 τοιαύτη
3333 5504 3482 5575 φωνὴ
3539 5503 3685 5573 παρὰ
3720 5506 3786 5572 τῇ

2214 5594 2343 5664 ἁγίᾳ
2372 5594 2584 5667 Γραφῇ,
2607 5598 2700 5649 καὶ
2727 5596 3080 5667 πολυτρόπως
3101 5598 3362 5667 νοουμένη
3386 5599 3478 5650 καὶ
3494 5596 3787 5665 λεγομένη.

2480 5714 2522 5746 ¹⁵
2571 5714 2785 5769 Coloss.
2833 5731 2869 5781 I,
2904 5716 2988 5769 16.
3102 5716 3144 5747 ⁸⁵
3187 5713 3331 5768 Psal.
3366 5728 3418 5776 L,
3449 5714 3534 5777 l2,
3571 5713 3652 5776 l3,
3695 5712 3774 5766 14.
