4146 6370
293 420 400 481 5Ξῖ

1400 431 1686 489 CONTRA
1726 430 2118 495 EUNOMIUM,
2158 427 2287 483 LIB.
2323 428 2394 481 il.

3456 436 3563 489 5:58

293 538 404 593 Καὶ
430 536 541 610 γάρ
564 540 657 593 καὶ
689 540 788 613 τὴν
830 542 1023 613 άλογον
1065 544 1229 613 φύσιν
1256 546 1619 619 ὑποτετάχθαι
1661 548 1824 619 φησὶν
1844 549 1873 601 ὁ

1984 553 2084 599 tur.
2120 542 2333 599 Etenim
2366 551 2617 597 naturam
2674 544 2906 601 rationis
2943 558 3226 617 expertem
3261 548 3565 616 subiectam

291 628 609 698 Προφήτης,
644 634 738 686 καὶ
786 636 912 698 τοὺς
959 638 1017 689 ὲν
1063 638 1285 710 πολέμῳ
1316 641 1757 713 κεκρατημένους
1794 640 1873 711 τῷ

292 720 440 791 αὑτῷ
469 722 667 789 ὑπάγει
695 722 938 795 ὀνόματι,
970 727 1064 782 καὶ
1111 729 1328 794 δούλους
1362 735 1473 795 τοῖς
1505 732 1653 795 ἰδίοις
1683 732 1873 785 δεσπό-

290 828 414 875 ταις
462 813 860 869 ὑποτάσσεσθαι
913 820 1191 889 νομοθετεῖ
1221 822 1255 874 ὁ
1296 822 1638 888 Ἀπόστολος,
1664 824 1759 877 καὶ
1805 823 1872 877 τὰ

293 902 459 956 τέκνα
482 903 538 954 ἐν
567 905 810 977 ὑποταγῇ
850 908 993 978 ἔχειν
1018 911 1143 974 τοὺς
1174 912 1270 982 τῆς
1298 915 1596 986 ἱερωσύνης
1616 934 1877 988 προεστη-

296 994 460 1057 κότας
508 996 902 1051 διακελεύεται·
960 1000 1035 1065 ὡς
1070 1003 1168 1072 τῆς
1209 1006 1499 1076 γινομένης
1536 1008 1665 1078 παρ’
1695 1008 1873 1061 αὐτῶν

294 1086 539 1151 ἀταξίας,
569 1088 689 1139 καθ’
720 1091 1012 1160 ὁμοιότητα
1041 1093 1149 1145 τῶν
1198 1095 1344 1148 Ἠλεὶ
1388 1098 1482 1150 τοῦ
1530 1101 1717 1169 ίερέως
1746 1101 1875 1154 παί-

294 1175 422 1239 δων,
446 1178 525 1239 είς
546 1179 674 1242 τοὺς
708 1182 951 1252 πατέρας
981 1184 1380 1257 διαϐαινούσης.
1423 1190 1583 1244 Ἀλλά
1621 1194 1711 1246 καὶ
1738 1195 1875 1248 πάν-

294 1285 403 1320 των
448 1269 556 1321 τῶν
606 1271 907 1340 ἀνθρώπων
949 1275 1045 1347 τὴν
1093 1279 1229 1348 πρὸς
1275 1280 1364 1333 τὸν
1402 1281 1535 1357 Θεὸν
1572 1285 1871 1359 ὑποταγὴν,

294 1360 421 1412 ὅταν
450 1362 738 1428 ἐνωθέντες
767 1368 814 1418 oi
846 1367 1046 1432 πάντες
1083 1370 1351 1441 ἀλλήλοις,
1383 1374 1471 1427 διὰ
1512 1376 1609 1446 τῆς
1640 1378 1874 1441 πίστεως

297 1450 355 1502 ἓν
387 1452 547 1522 σῶμα
580 1454 672 1507 τοῦ
719 1456 924 1528 Κυρίου
961 1457 1056 1511 τοῦ
1091 1461 1147 1515 ὲν
1174 1462 1337 1515 πᾶσιν
1365 1464 1517 1529 ὄντος
1565 1466 1870 1537 γενώμεθα,

295 1544 390 1597 τοῦ
442 1546 572 1599 Υίοῦ
620 1549 756 1620 πρὸς
783 1552 877 1603 τὸν
908 1553 1131 1625 Πατέρα
1171 1557 1448 1628 ὑποταγὴν
1477 1559 1514 1611 ὁ
1557 1560 1875 1625 Ἀπόστολος

296 1634 463 1702 λέγει,
504 1637 603 1705 τῆς
652 1641 800 1712 παρά
837 1643 1053 1698 πάντων
1079 1646 1419 1718 ὁμοθυμαδὸν
1461 1652 1751 1723 γινομένης
1796 1653 1874 1724 τῷ

298 1728 410 1798 Υίῷ
462 1734 880 1803 προσκυνήσεως
907 1737 1055 1806 παρά
1087 1756 1146 1789 τε
1194 1738 1301 1792 τῶν
1344 1741 1717 1811 ἐπουρανίων,
1780 1747 1873 1797 καὶ

295 1820 403 1873 τῶν
419 1823 693 1889 ἐπιγείων,
709 1826 922 1880 καὶτῶν
939 1830 1324 1899 καταχθονίων,
1345 1834 1537 1903 είξτὴν
1554 1834 1646 1887 τοῦ
1663 1836 1872 1906 Πατρὸς

1974 654 2098 693 esse
2121 637 2257 691 dicit
2289 636 2559 705 PrOpheta
2587 636 2656 701 “,
2698 647 2751 691 et
2778 638 2924 694 bello
2960 638 3209 695 devictos
3260 640 3434 695 eidem
3465 658 3568 695 no-

1974 729 2107 783 mini
2139 728 2385 798 subiicit,
2425 736 2479 782 et
2507 743 2698 784 servos
2735 729 2853 783 suis
2890 730 3129 786 dominis
3155 732 3359 801 subjici
3391 735 3570 787 sancit

1974 821 2271 890 Apostolus
2300 820 2440 882 ¹⁹·²⁰,
2476 830 2531 874 et
2563 820 2860 876 sacerdotii
2886 824 3224 893 praestitibus
3272 840 3403 880 suos
3429 825 3570 882 ﬁlios

1975 914 2029 967 in
2065 912 2407 982 subiectione
2436 912 2637 968 habere
2678 915 2953 984 praecipit,
2989 917 3115 985 quia
3153 916 3220 970 ab
3261 917 3397 987 ipsis
3426 916 3571 969 facta

1976 1004 2246 1067 confusio,
2282 1005 2346 1058 ad
2372 1005 2786 1061 similitudinem
2838 1008 3074 1061 liliorum
3102 1006 3187 1062 Eli
3240 1008 3567 1069 sacerdotis,

1975 1097 2029 1151 in
2080 1105 2261 1165 patres
2317 1096 2546 1151 transit.
2610 1096 2751 1163 Quin
2805 1099 2963 1152 etiam
2999 1099 3242 1152 omnium
3286 1099 3568 1152 hominum

1975 1190 2373 1259 subiectionem
2431 1190 2555 1244 sive
2609 1191 3032 1245 submissionein
3098 1190 3163 1244 ad
3219 1190 3409 1251 Deum,
3438 1206 3567 1244 cum

1974 1297 2166 1337 omnes
2210 1281 2443 1335 invicem
2483 1283 2621 1335 uniti
2680 1298 2776 1350 per
2801 1283 2959 1337 Iidem
3022 1298 3191 1336 unum
3224 1298 3426 1351 corpus
3461 1284 3565 1335 Do-

1975 1373 2131 1435 mini,
2170 1374 2263 1444 qui
2289 1382 2373 1427 est
2409 1376 2461 1426 in
2484 1374 2765 1435 omnibus,
2801 1374 2977 1429 eﬂecti
3006 1372 3275 1429 fuerimus
3304 1392 3315 1427 :
3344 1372 3465 1427 Filii
3499 1373 3567 1426 ad

1974 1465 2189 1522 Patrem
2244 1467 2643 1534 subiectionem
2672 1468 2963 1536 Apostolus
2985 1468 3140 1535 dicit,
3199 1483 3323 1521 cum
3358 1468 3426 1522 ab
3450 1482 3569 1521 om-

1974 1558 2137 1611 nibus
2185 1573 2291 1612 uno
2337 1573 2611 1614 consensu
2642 1558 2780 1613 Filio
2812 1560 3054 1614 exhibita
3089 1560 3357 1620 adoratio,
3387 1574 3418 1613 a
3447 1573 3567 1614 ca:-

1976 1648 2225 1711 lestibus,
2262 1649 2620 1705 terrestribus
2658 1659 2712 1704 et
2748 1650 3204 1706 subterrestribus
3243 1650 3310 1703 ad
3351 1649 3566 1705 Patrem

1977 1748 2219 1794 transeat
2278 1747 2333 1795 et
2388 1742 2681 1811 pertingat.
2715 1742 2805 1796 Sic
2852 1742 3069 1798 dicente
3109 1744 3299 1809 Paulo,
3332 1743 3479 1813 quod
3502 1742 3572 1797 Ei

1975 1832 2215 1900 ﬂectetur
2263 1848 2413 1887 autne
2461 1850 2595 1903 genu
2648 1834 2954 1900 calestium,
2993 1838 3318 1890 terrestrium
3364 1848 3413 1889 et
3447 1841 3571 1889 sub-

295 1912 451 1980 δόξαν
487 1916 866 1989 διαϐαινούσης
885 1938 896 1950 ’
924 1920 1096 1985 οὕτως
1131 1924 1375 1987 εἰπόντος
1402 1926 1495 1979 τοῦ
1533 1927 1767 1989 Παύλου,
1792 1930 1872 1981 ὅτι

1984 1932 2357 1986 ierraneorum,
2391 1933 2441 1976 et
2468 1925 2639 1977 omnis
2684 1926 2868 1995 lingua
2917 1926 3254 1996 conﬁtebitur
3285 1924 3424 1995 quod
3463 1924 3569 1979 Do-

296 2005 466 2072 Αὐτῷ
493 2009 714 2078 κάμψει
746 2010 868 2068 πᾶν
892 2014 1039 2081 γόνυ
1088 2015 1458 2085 ἐπουρανίων
1484 2019 1581 2072 καὶ
1606 2019 1882 2089 ἐπιγείων

297 2097 397 2151 καὶ
428 2102 862 2168 καταχθονίων,
895 2103 992 2157 καὶ
1026 2104 1194 2159 πᾶσα
1225 2107 1478 2175 γλῶσσα
1516 2108 1881 2182 ἐξομολογή-

297 2206 487 2256 σεται,
511 2191 599 2245 ὄτι
628 2192 842 2262 Κύριος
868 2196 1107 2264 Ἰησοῦς
1128 2198 1380 2265 Χριστὸς
1406 2204 1493 2265 εις
1521 2200 1707 2265 δόξαν
1734 2204 1882 2259 Θεοῦ

297 2280 636 2352 Πατρός.οὑ
653 2287 965 2358 γενομένου,
983 2289 1073 2343 τὸν
1103 2290 1161 2341 ἐν
1190 2292 1355 2345 πᾶσιν
1371 2292 1497 2345 ὅντα
1517 2294 1643 2348 Υίὸν
1667 2294 1755 2349 διὰ
1784 2298 1882 2368 τῆς

297 2373 407 2427 τῶν
430 2375 665 2444 πάντων,
691 2378 749 2430 ὲν
771 2372 853 2441 οἷς
880 2380 1023 2432 ἐστιν
1043 2382 1071 2433 ὁ
1092 2380 1241 2448 Υἱὸς,
1266 2382 1544 2453 ὑποταγῆς
1571 2385 1730 2438 αὑτὸν
1758 2385 1886 2439 ὑπο-

299 2466 595 2521 τάσσεσθαι
653 2468 731 2539 τῷ
775 2471 987 2541 Πατρὶ,
1021 2473 1054 2541 ή
1102 2472 1312 2543 μεγάλη
1357 2474 1449 2527 τοῦ
1492 2475 1703 2529 Παύλου
1764 2477 1881 2530 δια-

300 2557 611 2613 ϐεϐαιοῦται
644 2562 823 2631 σοφία.
851 2562 982 2616 Τίνα
1010 2560 1104 2617 οὖν
1151 2564 1462 2635 ὲπιθρυλλεί
1498 2566 1575 2637 τῷ
1606 2567 1881 2638 Πνεύματι

297 2652 397 2723 τὴν
428 2652 678 2720 καθάπαξ
706 2655 981 2726 ὑποταγὴν
1010 2658 1038 2709 ὁ
1059 2656 1353 2726 Εὑνόμιος;
1395 2659 1495 2711 οὑκ
1515 2658 1661 2713 ἔστιν
1689 2662 1752 2713 ὲκ
1784 2661 1882 2731 τῆς

300 2743 694 2814 προσριφείσης
721 2746 849 2815 παρ’
877 2745 1039 2798 αὑτοῦ
1069 2746 1381 2818 διδαχθῆναι
1406 2752 1589 2819 φωνῆς
1616 2748 1726 2801 τῶν
1764 2749 1882 2803 ἀλό-

298 2853 434 2904 γων,
462 2836 495 2905 ἦ
526 2836 634 2889 τῶν
671 2837 1051 2907 αἰχμαλώτων,
1088 2837 1120 2908 ἢ
1150 2837 1260 2891 τῶν
1288 2838 1537 2904 οίκετῶν,
1566 2838 1598 2908 ἦ
1641 2839 1749 2892 τῶν
1775 2857 1878 2894 σω-

300 2927 704 2999 φρονιζομένων
732 2929 956 2994 τέκνων,
982 2928 1014 2999 ἢ
1042 2928 1150 2981 τῶν
1190 2927 1279 2982 διὰ
1327 2930 1425 2999 τῆς
1473 2931 1751 3001 ὑποταγῆς
1784 2947 1882 2983 σω-

302 3020 567 3091 ζομένων.
594 3022 658 3073 'H
696 3020 803 3091 γὰρ
832 3022 969 3092 πρὸς
1004 3023 1095 3075 τὸν
1124 3022 1256 3076 Θεὸν
1284 3022 1394 3076 τῶν
1419 3023 1724 3094 ἀνθρώπων
1753 3026 1882 3078 ὑπο-

300 3114 461 3183 ταγὴ,
498 3114 739 3185 σωτηρία
783 3118 894 3179 τοῖς
929 3114 1394 3185 ὑποτασσομένοις
1427 3114 1560 3167 ἐστί.
1596 3116 1754 3169 Κατά
1782 3117 1881 3187 τὴν

299 3204 394 3258 τοῦ
448 3209 727 3278 Προφήτου
778 3207 961 3277 φωνὴν
998 3208 1038 3277 ἥ
1090 3223 1287 3276 φησιν,
1354 3207 1751 3261 ὑποτάσσεσθαι
1804 3208 1882 3278 τῷ

1981 2012 2155 2064 minus
2180 2008 2336 2065 Jesus
2365 2011 2630 2076 Christus,
2662 2016 2730 2067 ad
2759 2014 2988 2084 gloriam
3018 2013 3117 2067 Dei
3155 2014 3415 2068 Patris“.
3449 2013 3570 2079 Quo

1981 2101 2125 2155 facto
2171 2101 2368 2157 Filium
2414 2105 2506 2175 qui
2554 2106 2611 2159 in
2664 2106 2923 2160 omnibus
2968 2115 3071 2172 est,
3102 2121 3201 2176 per
3235 2106 3479 2161 omnium
3513 2106 3570 2159 in

1980 2196 2180 2264 quibus
2221 2204 2305 2249 est
2328 2197 2495 2251 Filius
2544 2197 2944 2266 subjectionem
2978 2197 3158 2267 ipsum
3185 2198 3333 2251 Patri
3371 2198 3569 2266 subjici

1983 2302 2174 2354 magna
2224 2284 2378 2339 Pauli
2424 2286 2715 2341 conﬁrmat
2754 2289 3050 2358 sapientia.
3101 2287 3275 2354 Quam
3308 2290 3473 2359 igitur
3499 2288 3569 2343 de

1988 2377 2187 2449 Spiritu
2209 2376 2580 2432 omnimodam
2607 2379 3008 2448 subiectionem
3042 2379 3345 2436 Eunomius
3371 2381 3569 2452 praedi-

1980 2468 2105 2521 cat?
2144 2467 2220 2519 Ex
2273 2485 2410 2523 voce
2470 2470 2720 2540 proiecta
2757 2473 2825 2525 ab
2871 2474 2992 2541 ipso
3039 2488 3148 2527 non
3206 2474 3332 2527 licet
3360 2473 3567 2540 doceri,

1982 2558 2211 2613 rationis
2234 2561 2539 2628 expertium
2570 2578 2639 2615 an
2692 2562 3053 2632 captivorum,
3090 2578 3156 2617 an
3217 2550 3567 2627 fantu‘lornm,

1981 2664 2048 2702 an
2084 2651 2402 2715 liberorum,
2466 2654 2558 2722 qui
2608 2653 2675 2707 ad
2718 2655 3043 2709 modestiam
3066 2662 3123 2708 et
3151 2656 3567 2723 temperantiam

1980 2744 2368 2809 instituuntur,
2404 2746 2483 2799 vel
2522 2761 2710 2800 eorum
2768 2747 2862 2815 qui
2911 2762 3005 2816 per
3031 2747 3428 2816 subiectionem
3455 2763 3571 2802 ser-

1983 2844 2199 2889 vantur.
2228 2834 2362 2890 Nam
2393 2837 2458 2890 ad
2485 2837 2653 2892 Deum
2679 2838 2961 2894 hominum
3004 2840 3273 2908 subiectio
3308 2842 3458 2895 salus
3486 2849 3570 2894 est

1982 2924 2068 2978 his
2083 2925 2175 2994 qui
2202 2928 2588 2995 subiiciuntur.
2619 2926 2937 2982 Secundum
2968 2928 3249 2998 Propheta:
3271 2929 3571 2983 dictionem

1983 3034 2103 3086 quae
2135 3020 2212 3071 ait
2242 3034 2257 3071 :
2295 3018 2485 3074 Nonne
2519 3020 2625 3074 Deo
2652 3021 2887 3091 subjecta
2913 3023 3012 3075 erit
3049 3023 3231 3075 anima
3265 3038 3404 3083 mea,
3437 3038 3570 3091 quo—

1982 3111 2126 3162 niam
2154 3111 2218 3162 ab
2250 3111 2362 3177 ipso
2411 3112 2531 3181 (per
2574 3113 2994 3179 subiectionem)
3030 3114 3267 3168 salutare
3290 3129 3465 3166 meum
3496 3113 3572 3163 "1’

1986 3199 2059 3252 lta
2087 3210 2143 3254 ut
2172 3201 2244 3256 sit
2270 3203 2563 3270 subiectio,
2601 3204 2857 3257 interitus
2880 3204 3225 3258 salutiferum
3241 3204 3567 3259 remedium.

262 3312 265 3316 ‘
299 3298 422 3370 Θεῷ
854 3263 1039 3371 ἐπειδὴ
1080 3263 1210 3372 παρ’
1241 3263 1403 3354 αὑτοῦ
1431 3300 1638 3368 γίνεται
1671 3300 1758 3353 διὰ

1987 3263 2455 3355 Quemadmodum
2479 3295 2646 3364 igitur
2673 3296 2945 3351 medicina
2985 3297 3091 3350 fert
3108 3313 3263 3364 opem
3299 3305 3574 3366 aegrotan-

302 3394 578 3463 ὑποταγῆς
609 3394 669 3445 τὸ
703 3394 999 3463 (ιιιιιτήριον⁴
1028 3392 1105 3456 ὠς
1142 3388 1282 3445 εἶναι
1320 3392 1419 3463 τὴν
1453 3391 1749 3462 ὑποταγὴν,
1782 3393 1882 3461 τῆς

298 3484 574 3549 ἀπωλείας
619 3484 992 3555 ἀλεξιτήριον.
1042 3485 1255 3556 ’Ὠσπερ
1296 3485 1475 3539 τοίνυν
1523 3488 1739 3557 ἰατρικὴ
1772 3491 1881 3551 τοῖς

297 3578 515 3632 νοσοῦσι
534 3576 1095 3641 σπουδάζεται,οὑτως
1121 3579 1267 3650 καὶὴ
1299 3577 1544 3649 ὑποταγὴ
1570 3582 1680 3642 τοῖς
1695 3580 1881 3648 δεομέ-

301 3686 411 3732 νοις
437 3672 534 3739 τῆς
557 3669 927 3739 σωτηρίας.Τὸ
943 3668 996 3722 δὲ
1014 3668 1235 3739 Πνεῦμα
1252 3669 1314 3722 τὸ
1333 3668 1486 3737 ἇγιον
1505 3670 1564 3721 τὸ
1587 3670 1880 3734 ζωοποιοῦν

302 3764 371 3815 τά
392 3763 590 3825 πάντα,
622 3764 780 3826 ποίας
809 3762 984 3825 ἐνδεές
1023 3765 1138 3815 ἐστι
1168 3762 1311 3832 ζωῆς
1332 3803 1347 3824 ,
1378 3763 1464 3816 ἵνα
1503 3762 1592 3815 διὰ
1618 3764 1716 3833 τῆς
1750 3765 1880 3815 ὑπο-

300 3857 473 3926 ταγῆς
509 3855 606 3925 τὴν
637 3856 906 3925 σωτηρίαν
955 3854 1131 3925 ἑαυτῷ
1172 3857 1621 3926 κατακτήσηταις
1665 3856 1879 3927 Ἐπειδὴ

300 3947 481 3998 τοίνυν
525 3945 646 3997 οὔτε
674 3946 780 3998 ἀπό
823 3963 967 4009 τινος
1000 3946 1149 4009 θείας
1191 3947 1372 4015 φωνῆς
1403 3946 1465 3997 τὸ
1491 3946 1730 4000 τοιοῦτον
1764 3949 1883 4000 ὲπι-

305 4039 550 4110 θρυλλεῖν
579 4038 690 4107 ἔχει
722 4038 798 4109 τῷ
820 4039 1115 4108 Πνεύματι,
1148 4038 1269 4092 οὔτε
1301 4040 1365 4092 ἐκ
1396 4040 1495 4110 τῆς
1524 4039 1632 4092 τῶν
1655 4041 1881 4093 εἰκότων

302 4129 577 4200 λογισμῶν
605 4129 923 4193 ἀκολουθίας
952 4129 1153 4199 ταύτην
1177 4168 1191 4192 ,
1220 4128 1362 4182 κατὰ
1392 4129 1483 4182 τοῦ
1528 4130 1681 4197 ἁγίου
1713 4129 1882 4182 Πνεύ-

305 4236 476 4289 ματος
516 4220 614 4290 τὴν
640 4219 986 4290 βλασφημίαν
1012 4218 1289 4289 προήκατο
1315 4234 1328 4247 ⁸
1363 4217 1521 4288 δῆλον
1551 4219 1616 4272 ἂν
1654 4218 1739 4290 εἴη
1770 4221 1882 4281 τοῖς

300 4311 430 4363 νοῦν
457 4309 689 4380 ἔχουσιν,
721 4310 800 4363 ὅτι
833 4309 1235 4379 ἁσυνηγὸρητον
1267 4308 1537 4361 ἐκτίθεται
1565 4312 1686 4363 κατ’
1716 4310 1880 4363 αὑτοῦ

306 4403 404 4473 τὴν
459 4404 745 4468 ἀσέϐειαν,
799 4401 920 4479 οὔτε
964 4404 1237 4473 μαρτυρίᾳ
1290 4403 1398 4454 τινὶ
1456 4401 1881 4473 Γραφικῇ,οὑτε

311 4499 415 4568 μὴν
446 4495 734 4565 ἀκολουθίᾳ
762 4494 1033 4565 λογισμῶν
1064 4494 1494 4565 κρατυνομένην.

382 4588 707 4658 Προστίθησι
727 4587 783 4640 δὲ
811 4586 1039 4649 τούτοις,
1057 4587 1136 4638 ὃτι
1170 4586 1316 4639 Οὔτε
1336 4586 1486 4678 κατὰ
1508 4586 1616 4639 τὸν
1631 4588 1880 4656 Πατέρα,
1920 4624 1962 4678 D

309 4678 445 4731 οὔτε
474 4675 552 4740 τῷ
582 4677 759 4744 Πατρὶ
788 4676 1356 4743 συναριθμούμενος,
1382 4670 1469 4739 εἷς
1496 4674 1604 4743 γάρ
1628 4676 1759 4729 ἐστι
1786 4678 1887 4730 καὶ

303 4771 492 4838 μόνος
546 4768 748 4834 Πατὴρ
784 4770 816 4820 ό
862 4767 959 4820 ἐπὶ
998 4765 1239 4818 πάντων
1267 4767 1411 4830 Θεός
1435 4781 1449 4794 '
1479 4766 1616 4820 οὔτε
1655 4766 1736 4832 τῷ
1779 4767 1886 4833 Υἱῷ

309 4858 838 4935 συνεξισούμενος,
856 4858 1191 4928 μονογενὴς
1227 4858 1337 4927 γάρ
1363 4859 1535 4911 ἐστιν
1554 4861 1586 4911 ό
1615 4859 1770 4925 Υἱὸς,
1794 4863 1887 4914 οὐ·

306 4950 453 5004 δένα
487 4952 644 5019 ἔχων
686 4949 963 5019 ὁμογενῆ.
1030 4948 1170 5016 Ἐγὼ
1220 4949 1335 5019 μὲν,
1371 4949 1484 5015 εἴγε
1540 4948 1698 5018 μόνον
1730 4947 1885 5000 τοῦτο

309 5042 387 5111 τῷ
415 5043 558 5112 λόγῳ
588 5041 914 5113 προσέθηκε,
944 5042 1003 5093 τὸ
1033 5040 1107 5110 μὴ
1133 5036 1270 5092 εἶναι
1300 5040 1512 5110 πατέρα
1548 5039 1642 5093 τοῦ
1666 5040 1795 5092 Υίοῦ
1824 5040 1884 5091 τὸ

311 5133 536 5203 Πνεῦμα
569 5133 630 5185 τὸ
690 5131 876 5201 ἅγιον,
914 5133 1140 5202 μάταιον
1189 5132 1282 5184 καὶ
1328 5131 1535 5195 τούτοις
1582 5129 1740 5203 ᾤμην
1779 5134 1889 5195 τοῖς

314 5226 464 5295 παρὰ
485 5225 709 5295 μηδενὸς
725 5226 1067 5295 ἀμφισϐητου
1076 5224 1258 5295 μένοις
1280 5224 1690 5294 ἐμφιλοχωρεῖν,
1706 5226 1888 5277 ἐκεῖνα

313 5318 440 5387 περὶ
470 5316 633 5368 αὑτοῦ
676 5319 815 5369 νοεῖν
863 5315 1161 5375 κωλύοντα.
1190 5315 1332 5384 ειπερ
1360 5314 1468 5366 οὐδ’
1499 5315 1566 5367 ἂν
1606 5314 1715 5367 τῶν
1750 5315 1889 5381 ἄγαν

310 5425 393 5469 τις
440 5408 680 5477 ἀνοήτων
723 5408 1088 5477 ὑπονοήσειεν.
1134 5405 1350 5476 Ἐπειδὴ
1389 5404 1445 5458 δὲ
1486 5404 1574 5458 διὰ
1602 5405 1708 5457 τῶν
1740 5406 1888 5457 ἀνοι-

312 5496 474 5547 κείων
504 5513 562 5547 τε
611 5496 703 5548 καὶ
747 5495 1131 5566 ἀπροσκόλλων
1169 5495 1595 5559 κατασκευάζειν
1626 5497 1892 5566 ἐπιχειρεῖ

312 5586 407 5654 τὴν
442 5585 715 5644 ἀσέϐειαν,
743 5584 809 5637 δι’
848 5579 921 5637 ὧν
958 5586 1031 5654 μὴ
1060 5580 1195 5637 εἶναι
1244 5583 1391 5651 λέγει
1429 5582 1522 5636 τοῦ
1552 5581 1891 5649 Μονογενοῦς

314 5677 525 5744 πατέρα
548 5676 607 5728 τὸ
638 5676 861 5746 Πνεῦμα
887 5676 949 5729 τὸ
971 5676 1143 5745 ἅγιον,
1169 5675 1258 5727 διὰ
1288 5674 1493 5727 τούτων
1522 5673 1892 5726 ἀποδεικνύειν

392 5877 431 5905 ³⁵
466 5873 609 5927 Psai.
649 5887 769 5936 vni,
805 5870 859 5926 8.

943 5871 1059 5903 “-'°
1088 5868 1285 5941 Ephes.
1316 5885 1390 5935 v1,
1425 5870 1493 5936 5;
1537 5868 1754 5927 Coioss.
1778 5867 1974 5936 111,22.
2050 5870 2091 5901 ’ί
2120 5867 2355 5939 Philipp.
2389 5883 2450 5935 ιι,
2488 5867 2575 5936 10,
2604 5868 2689 5924 υ.

1989 3383 2154 3444 tibus,
2209 3383 2289 3438 sic
2319 3384 2591 3453 subiectio
2645 3386 2826 3440 salute
2886 3386 3282 3456 indigentibus.
3337 3389 3407 3441 At
3444 3402 3573 3441 vero

1990 3473 2229 3544 Spiritus
2277 3485 2528 3542 sanctus,
2564 3478 2657 3547 qui
2685 3479 2868 3532 omnia
2892 3478 3155 3542 viviﬁcat,
3186 3495 3424 3549 quanam
3459 3481 3573 3533 vita

1988 3565 2418 3637 indiget.-ut’per
2439 3568 2841 3637 subiectionem
2866 3571 3097 3624 salutem
3135 3572 3238 3626 sibi
3265 3572 3365 3641 ipsi
3392 3572 3577 3642 acqui-

1987 3660 2396 3726 rat‘iQuoniam
2431 3662 2602 3730 igitur
2659 3662 2926 3731 nequeab
2961 3664 3069 3715 ulla
3120 3662 3301 3717 divina
3332 3663 3575 3718 dictione

1986 3757 2093 3808 tale
2121 3755 2252 3823 quid
2283 3754 2351 3808 de
2381 3753 2589 3823 Spiritu
2636 3755 2919 3826 divulgare
2947 3768 3124 3825 potest
3149 3773 3164 3821 ;
3212 3772 3388 3825 neque
3416 3772 3482 3810 ex
3508 3773 3572 3809 ea

1988 3861 2107 3915 quae
2133 3846 2197 3909 iit
2216 3847 2523 3902 rationibus
2550 3848 2931 3918 probabilibus
2984 3850 3395 3911 consecutione,
3433 3848 3575 3901 hanc

1989 3937 2483 4008 contra'Spiritum
2511 3949 2767 3994 sanctum
2824 3940 3217 4010 blasphemiam
3261 3939 3527 4010 prompsit
3557 3957 3570 3991 :

1988 4030 2335 4098 perspicuum
2385 4037 2535 4084 certe
2585 4029 2748 4084 fuerit
2788 4044 2923 4084 sana
2982 4040 3164 4085 mente
3214 4029 3457 4100 praeditis
3518 4038 3574 4084 et

1988 4128 2134 4175 recte
2157 4121 2526 4175 sentientibus
2553 4120 2892 4187 hominibus,
2934 4123 3079 4192 quod
3108 4124 3250 4177 banc
3267 4124 3573 4193 patrocinio

1988 4223 2264 4268 carentem
2298 4213 2564 4267 adversus
2590 4214 2769 4281 ipsum
2802 4214 3012 4283 profert
3053 4215 3385 4284 impietatem
3413 4233 3426 4269 :
3452 4230 3576 4286 qua

1991 4320 2165 4375 neque
2194 4305 2305 4357 ullo
2328 4304 2535 4373 scripto
2565 4304 2898 4369 testimonio,
2929 4322 3106 4375 neque
3151 4306 3258 4359 ulla
3292 4306 3570 4360 rationum

1989 4394 2381 4451 consecutione
2407 4394 2772 4449 conﬁrmatur
2799 4436 2811 4449 .

2063 4571 2160 4628 His
2190 4581 2369 4626 autem
2402 4570 2615 4641 adiicit,
2660 4570 2842 4635 Neque
2876 4572 3158 4626 secundum
3205 4574 3441 4636 Patrem,
3478 4592 3571 4629 ne-

1990 4683 2087 4737 que
2107 4680 2226 4718 cum
2258 4664 2419 4720 Patre
2452 4673 2856 4718 annumeratur.
2898 4663 3046 4717 Unus
3075 4665 3214 4718 enim
3238 4674 3315 4718 est
3348 4678 3397 4719 et
3426 4668 3571 4721 solus

1997 4752 2186 4816 Pater,
2224 4753 2315 4822 qui
2366 4754 2420 4805 in
2462 4751 2705 4806 omnibus
2747 4751 2911 4817 Deus,
2951 4770 3114 4823 neque
3150 4769 3270 4806 cum
3296 4752 3439 4808 Fit’io
3479 4772 3574 4809 ea:-

1992 4854 2252 4914 azquatur,
2289 4845 2587 4914 unigenitus
2624 4845 2763 4898 enim
2790 4855 2868 4898 est
2912 4842 3114 4905 Filius,
3138 4846 3343 4898 nullum
3377 4846 3573 4902 habens

1992 4935 2344 5003 congenitum.
2414 4934 2556 5004 Ergo
2586 4934 2842 5004 equidem
2891 4936 2939 4989 si
2977 4937 3081 4990 hoc
3115 4937 3292 4991 solum
3324 4940 3568 4993 orationi

1992 5027 2327 5089 addidisset,
2381 5026 2643 5096 Spiritum
2708 5035 2957 5083 sanctum
3007 5028 3132 5082 Filii
3194 5040 3403 5099 patrem
3462 5048 3573 5086 non

1994 5134 2138 5183 esse,
2172 5135 2367 5173 vanum
2399 5129 2653 5189 putarem
2685 5120 2739 5174 in
2771 5120 2859 5175 his
2886 5122 2954 5177 de
2984 5123 3188 5193 quibus
3224 5125 3411 5179 nullus
3435 5140 3573 5181 con-

1993 5212 2319 5265 troversiam
2382 5220 2584 5277 movet,
2637 5212 2945 5279 immorari,
2991 5228 3116 5267 cum
3164 5214 3257 5268 illa
3320 5214 3388 5269 de
3454 5216 3572 5284 ipso

1995 5302 2283 5372 prohibeat
2325 5303 2649 5372 intelligere,
2690 5317 2813 5371 quae
2857 5318 3037 5374 neque
3079 5306 3384 5359 amentium
3415 5305 3572 5374 quis-

1998 5410 2160 5464 quam
2204 5396 2599 5465 suspicaretur.
2657 5392 2765 5450 Sed
2803 5396 2933 5465 quia
2968 5412 3066 5467 per
3111 5397 3353 5451 absurda
3402 5405 3455 5451 et
3488 5396 3573 5451 in-

1997 5485 2381 5539 convenientia
2428 5499 2607 5554 neque
2656 5485 2994 5539 cohaerentia
3042 5486 3383 5555 impietatem
3438 5500 3574 5541 con-

2000 5583 2215 5630 struere
2243 5582 2496 5636 conatur,
2548 5589 2645 5640 per
2684 5588 2748 5628 ea
2780 5589 2902 5644 quae
2932 5574 3086 5641 dicit,
3124 5575 3391 5645 Spiritum
3441 5590 3572 5629 san-

2001 5675 2148 5720 ctum
2179 5681 2289 5721 non
2319 5680 2444 5721 esse
2480 5665 2759 5736 Unigeniti
2801 5677 3032 5737 patrem,
3065 5684 3162 5737 per
3193 5668 3309 5722 haec
3342 5667 3467 5722 dem
3544 5696 3573 5711 ι-

2770 5870 2814 5904 ¹³
2849 5868 2993 5924 Psal.
3018 5881 3129 5937 ut,
3159 5866 3215 5925 2.
