4146 6370
568 373 674 427 559

1809 376 1866 431 S.
1909 375 2235 434 Cftli'GOlill
2277 380 2567 435 NYSSFN!

3736 387 3841 443 560

570 495 614 538 ει
627 500 743 536 rarc
768 493 966 553 putans
990 499 1112 539 esse
1138 485 1449 555 subjectum
1472 495 1526 541 et
1554 490 1950 559 mancipatum,
1981 492 2145 560 hujus

2264 497 2492 566 >ίόμενος
2521 497 2580 549 rb
2602 492 2740 550 εἶναι
2770 498 3208 570 ὑποτεταγμένον
3235 501 3328 554 καὶ
3357 501 3690 573 ὑποχείριον,
3714 503 3841 555 τοὺ-

571 578 746 645 gratia
792 577 857 629 ad
907 577 1072 646 hujus
1123 580 1378 634 amentize
1425 582 1908 650 reprehensionem
1956 585 2150 638 horum

572 670 865 721 verborum
898 671 1234 725 mentionem
1278 672 1405 726 feci.
1439 673 1542 738 Qui
1589 673 1859 743 Spiritum
1900 686 2151 730 sanctum

574 759 720 813 Patri
769 761 1080 829 subjectum
1125 777 1185 817 se
1235 763 1620 818 demonstrare
1671 767 1962 834 opinatur,
2026 783 2154 836 pro-

575 859 754 918 pterea
795 848 943 918 quod
972 848 1215 919 Spiritus
1243 866 1352 905 non
1401 860 1485 906 est
1515 852 1788 923 Unigeuiti
1831 864 2008 924 pater,
2041 872 2148 926 qua

573 940 906 994 necessitate
937 942 1046 994 tale
1071 942 1204 1010 quid
1249 943 1506 996 coniicit?
1545 943 1684 1008 Quia
1720 954 1874 1014 pater
1915 962 2025 1000 non
2056 949 2148 1012 sit,

574 1029 784 1083 idcirco
832 1045 1062 1099 prorsus
1115 1033 1189 1086 sit
1243 1032 1550 1101 subjectus.
1607 1035 1662 1087 Si
1715 1036 2152 1092 demonstratum

571 1131 718 1175 esset
756 1122 899 1176 idem
945 1124 1279 1194 signiﬁcatu,
1317 1136 1526 1195 patrem
1579 1143 1702 1183 esse
1746 1137 1801 1183 et
1835 1139 2152 1201 tyrannum,

573 1227 920 1282 consequens
959 1224 1108 1271 esset
1143 1217 1415 1271 intellecta
1452 1220 1742 1288 tyrannide
1786 1221 1840 1274 in
1875 1231 2028 1291 patre
2065 1240 2155 1277 as-

573 1321 756 1360 serere
791 1307 1056 1375 Spiritum
1102 1309 1417 1376 subjectum
1471 1319 1524 1363 et
1560 1312 1900 1367 submissum
1935 1330 2060 1368 esse
2105 1316 2155 1368 ei

574 1399 668 1466 qui
714 1409 986 1468 potestate
1037 1403 1440 1469 przeemincret.
1493 1404 1649 1467 Quod
1701 1405 1749 1456 si
1807 1421 1902 1473 per
1944 1415 2152 1475 patrem

575 1492 767 1544 relatio
809 1494 876 1545 ad
914 1493 1083 1547 filium
1113 1495 1230 1549 sola
1261 1496 1586 1566 intelligitur
1617 1516 1628 1550 :
1666 1499 1814 1552 nulla
1859 1507 2040 1553 autem
2076 1509 2158 1570 ty-

574 1586 801 1638 rannica
841 1593 896 1639 et
942 1586 1236 1656 imperiosa
1290 1587 1393 1641 hac
1438 1604 1571 1643 voce
1629 1591 1913 1644 inducitur
1968 1593 2152 1646 notio:

573 1679 852 1746 quomodo
880 1695 1226 1750 consequens
1255 1689 1339 1735 est
1376 1682 1646 1751 Spiritum
1679 1698 1803 1738 esse
1851 1685 2153 1749 subditum,

574 1784 640 1824 ex
673 1785 738 1822 eo
770 1771 912 1838 quod
945 1787 1052 1825 non
1084 1774 1156 1828 sit
1189 1772 1310 1827 Filii
1347 1772 1748 1845 pater?Neque
1769 1774 1931 1835 Filio.
1957 1777 2154 1845 inquit,

2255 603 2349 638 του
2381 589 2538 658 χάριν
2558 590 2637 652 εἰς
2660 589 2879 660 ἔλεγχον
2913 591 3011 660 τῆς
3038 592 3222 654 ἀνοίας
3243 591 3407 644 αὐτοῦ
3438 591 3546 644 τῶν
3579 594 3842 663 ῥημάτων

2256 677 2461 729 τούτων
2494 679 2590 748 τὴν
2643 680 2866 750 μνήμην
2895 681 3260 752 ἐποιησάμην.
3281 683 3396 744 "0;
3417 683 3587 734 οἴεται
3620 682 3840 735 ἀποδει-

2257 767 2440 823 κνύειν
2485 770 2923 840 ὑποτεταγμένον
2970 771 3047 842 τῷ
3082 773 3256 843 Harp!
3303 773 3364 826 rb
3393 773 3651 842 Πνεῦμα,
3702 773 3841 825 διότι

2256 858 2358 911 οὐκ
2389 859 2504 911 ἐστι
2528 861 2710 930 πατὴρ
2733 860 2828 913 τοῦ
2850 863 3186 930 Μονογενοῦς
3209 864 3268 915 rb
3299 862 3550 933 Πνεῦμα·
3577 866 3641 916 ἐκ
3679 865 3842 925 ποίας

2257 949 2366 1020 γὰρ
2391 952 2632 1021 ἀνάγκης
2672 953 2733 1004 τὸ
2772 953 3010 1006 τοιοῦτον
3053 956 3514 1020 κατασκευάζεται
3539 997 3554 1019 ,
3586 957 3660 1019 ὡς
3687 958 3736 1008 εἰ
3763 957 3841 1027 μὴ

2257 1042 2439 1113 πατὴρ
2483 1043 2562 1114 εἴη
2592 1045 2686 1096 καὶ
2709 1044 3068 1115 ὑποτετάχθαι
3095 1046 3344 1110 πάντως;
3378 1047 3442 1100 Εἰ
3473 1048 3569 1117 μὲν
3595 1045 3687 1102 οῦν
3712 1050 3842 1102 ἀπο-

2255 1130 2493 1185 δέδεικτο
2543 1136 2735 1189 ταυτὸν
2773 1132 2912 1190 εῖναι
2956 1137 3034 1207 τῷ
3078 1139 3460 1209 σημαινομένῳ
3501 1140 3709 1210 πατέρα
3742 1143 3837 1192 καὶ

2257 1221 2539 1292 τύραννον,
2571 1226 2861 1282 ἀκόλουθον
2893 1224 2984 1299 ἦν,
3022 1231 3150 1299 περὶ
3193 1229 3282 1282 τὸν
3313 1231 3530 1300 πατέρα
3551 1231 3839 1300 νοηθείσης

2255 1314 2356 1379 τῆς
2401 1316 2733 1385 τυραννίδος,
2777 1319 3142 1388 ὑποτετάχθαι
3175 1319 3352 1387 λέγειν
3387 1321 3447 1373 τὸ
3489 1320 3710 1389 Πνεῦμα
3761 1321 3842 1390 τῷ

2258 1407 2398 1460 κατὰ
2429 1407 2526 1477 τὴν
2560 1408 2808 1472 ἐξουσίαν
2841 1412 3148 1481 προέχοντι.
3189 1413 3250 1465 Εἰ
3281 1412 3337 1464 δὲ
3381 1412 3470 1465 διά
3498 1412 3592 1464 τοῦ
3635 1413 3841 1483 πατρὸς

2255 1500 2287 1569 ἡ
2335 1498 2469 1567 πρὸς
2502 1498 2591 1551 τὸν
2640 1501 2752 1554 υἱὸν
2794 1503 2976 1570 σχέσις
3016 1507 3214 1557 νοεῖται
3263 1506 3419 1574 μόνη,
3462 1506 3614 1558 οὐδὲν
3654 1507 3709 1559 δὲ
3742 1525 3840 1558 τυ-

2262 1590 2507 1659 ραννικὸν
2555 1590 2650 1642 καὶ
2700 1591 3101 1656 ὲξουσιαστικὸν
3148 1594 3324 1663 νόημα
3357 1593 3444 1646 διὰ
3491 1593 3693 1664 ταύτης
3736 1594 3840 1662 τῆς

2258 1683 2439 1749 φωνῆς
2467 1681 2860 1749 παρεισάγεται
2877 1699 2888 1709 ·
2924 1683 3041 1745 πῶς
3061 1682 3342 1736 ἀκολουθεῖ
3366 1684 3442 1753 τῷ
3475 1685 3546 1754 μὴ
3574 1681 3711 1737 εἶναι
3734 1703 3841 1738 πα-

2258 1771 2389 1841 τέρα
2418 1771 2510 1824 τοῦ
2538 1772 2666 1824 Υἰοῦ
2690 1773 2750 1825 τὸ
2785 1773 3143 1843 ὑποτετάχθαι
3181 1774 3242 1826 τὸ
3278 1775 3535 1845 Πνεῦμα;
3569 1777 3716 1829 Οὔτε
3759 1775 3840 1840 τῷ

575 1862 738 1915 simul
769 1873 1100 1932 exa'quatur,
1133 1865 1409 1934 quomodo
1442 1865 1560 1920 haec
1595 1866 1771 1920 dicit?
1819 1866 1974 1932 Quod
2009 1871 2154 1920 enim

2264 1861 2386 1928 Υιῷ,
2439 1864 2590 1932 φησὶ,
2632 1864 3167 1931 συνεξισούμενον.
3198 1866 3322 1929 Πῶς
3355 1865 3525 1920 ταῦτά
3574 1868 3840 1936 φησι;Τὸ

579 1951 918 2006 immutabile
947 1963 1052 2014 est,
1087 1970 1266 2024 neque
1292 1956 1460 2010 ullius
1495 1958 1626 2010 mali
1666 1972 1868 2028 capax,
1904 1959 2156 2028 quodque

579 2058 794 2111 semper
824 2044 1128 2114 eodemque
1160 2047 1324 2099 modo
1354 2048 1406 2100 in
1445 2049 1588 2103 bono
1614 2059 1917 2119 permanet,
1947 2052 2150 2104 nullam

578 2133 740 2185 habet
771 2134 1124 2190 differentiam
1157 2138 1210 2190 in
1229 2135 1366 2193 Filio
1392 2146 1447 2194 et
1469 2138 1695 2209 Spiritu.
1725 2142 1801 2195 Ex
1829 2159 1985 2211 atquo
2010 2143 2153 2196 enim

577 2225 721 2292 quod
769 2225 1184 2296 iucorruptibile
1210 2236 1294 2283 est
1339 2229 1392 2282 in
1422 2227 1627 2300 Spiritu
1668 2245 1698 2284 a
1748 2234 1992 2300 pernicie
2030 2234 2146 2287 sive

576 2319 928 2387 corruptione
971 2319 1213 2374 alienum
1267 2329 1375 2386 εει,
1430 2329 1485 2376 ει
1516 2321 1662 2390 quod
1707 2330 1901 2377 natura
1957 2325 2155 2378 bomun

575 2420 679 2476 est,
710 2412 900 2465 eodem
935 2413 1094 2481 plane
1135 2413 1299 2467 modo
1347 2429 1377 2467 a
1414 2416 1695 2471 contrario
1738 2425 2010 2471 secretum
2051 2427 2152 2471 est.

577 2502 643 2556 Et
696 2504 842 2573 quod
895 2504 949 2557 in
1001 2505 1152 2558 omni
1207 2506 1350 2559 bono
1403 2506 1702 2575 perfectum
1745 2518 1850 2572 est,
1903 2508 2158 2563 similiter

574 2596 695 2650 sine
727 2595 942 2650 defectu
981 2595 1145 2650 habet
1191 2597 1334 2666 quod
1367 2597 1492 2665 plus
1521 2607 1626 2652 est.

649 2685 775 2740 Haec
803 2698 982 2741 autem
1018 2689 1203 2741 omnia
1249 2689 1316 2741 de
1354 2689 1563 2758 Spiritu
1595 2697 1790 2744 sancto
1838 2689 2069 2744 afﬁrmat
2103 2700 2158 2747 et

575 2780 736 2834 docet
772 2785 802 2832 a
843 2780 954 2834 Deo
994 2779 1257 2849 inspirata
1310 2779 1615 2849 Scriptura,
1674 2782 1900 2846 bonum,
1943 2783 2159 2851 sapien-

577 2885 708 2940 tem,
741 2889 794 2930 et
821 2877 1318 2946 incorruptibilem,
1341 2888 1396 2933 et
1423 2879 1812 2944 immortalem,
1846 2886 2007 2947 atque
2041 2896 2154 2932 om-

577 2969 668 3022 nia
695 2970 910 3024 excelsa
947 2978 1002 3024 et
1036 2969 1149 3024 Deo
1189 2971 1387 3024 decora
1435 2985 1595 3024 sensa
1633 2971 1799 3024 animi
1837 2980 1893 3024 et
1934 2972 2156 3024 nomina

576 3059 806 3130 Spiritui
834 3070 1029 3117 sancto
1063 3063 1376 3131 assignans.
1401 3061 1458 3115 Si
1495 3061 1660 3131 igitur
1690 3063 1744 3116 in
1780 3062 1931 3115 nullo
1961 3062 2154 3114 hormn

578 3154 900 3210 imminutus
929 3163 1030 3219 est,
1064 3155 1118 3206 in
1151 3168 1260 3221 quo
1293 3154 1721 3223 inrequalitatem
1751 3151 1873 3205 Filii
1900 3161 1955 3206 et
1980 3153 2156 3221 Spiri-
2185 3193 2227 3249 ο

580 3254 668 3298 tus
702 3243 1004 3300 Eunomius
1041 3246 1366 3300 dimetitur?
1401 3243 1712 3314 Unigenims
1747 3245 1882 3298 enim
1927 3253 2024 3309 est,
2074 3246 2158 3298 in-

577 3338 717 3406 quit,
741 3333 937 3400 Filius,
962 3335 1166 3388 nullum
1184 3335 1406 3403 fratrem
1433 3335 1628 3387 habens
1647 3335 2021 3404 similigenam.
2051 3333 2156 3388 Sed

578 3427 646 3481 de
677 3442 742 3481 eo
780 3426 925 3496 quod
962 3443 1068 3480 non
1097 3434 1349 3496 oporteat
1395 3441 1520 3480 cum
1556 3424 1821 3481 fratribus
1856 3427 2161 3495 intelligere

578 3516 967 3587 Unigenitum,
1023 3519 1076 3572 in
1131 3534 1382 3573 sermone
1437 3518 1505 3571 de
1557 3517 1927 3588 primogenito
1981 3519 2160 3570 Omnis

577 3617 848 3664 creatura:
898 3611 1287 3665 disseruimus.
1349 3609 1504 3677 Quod
1554 3619 1732 3663 autem
1785 3611 1852 3662 ab
1907 3611 2010 3662 hoc
2067 3625 2162 3678 per

581 3703 843 3754 malitiam
875 3710 928 3756 et
962 3704 1367 3771 improbitatem
1397 3701 1706 3771 projectum
1732 3709 1836 3763 est,
1867 3702 2024 3755 decet
2053 3716 2176 3753 non»

582 3793 959 3849 indiscussum
988 3808 1153 3865 atque
1186 3811 1295 3849 non
1318 3797 1689 3848 examinatum
1713 3804 2159 3864 praztercurrcre.

579 3884 714 3938 Nam
747 3900 871 3940 cum
905 3885 1341 3941 ecclesiasticum
1373 3885 1568 3953 dogma
1621 3899 1786 3937 unam
1831 3884 1885 3936 in
1921 3883 2080 3938 Patre
2109 3892 2163 3937 ct

580 3971 743 4034 Filio.
790 3983 844 4029 et
887 3973 1094 4044 Spiritu
1143 3986 1340 4030 sancto
1367 3975 1624 4028 virtutem
1655 3983 1709 4028 et
1739 3975 2065 4037 bonitatem,
2107 3983 2162 4028 et

580 4065 904 4125 essentiam,
952 4072 1006 4120 et
1053 4064 1281 4134 gloriam
1323 4065 1439 4118 sive
1481 4064 1850 4132 majestatem,
1897 4074 1950 4118 et
1979 4065 2163 4119 omnia

585 4171 706 4225 quae
757 4163 885 4210 sunt
926 4155 1198 4224 ejusmodi
1262 4156 1546 4224 prtedicet,
1596 4165 1820 4226 excepta
1858 4156 2164 4212 differentia

582 4265 704 4318 quae
732 4258 816 4303 est
846 4248 1145 4302 secundum
1175 4263 1440 4316 personas
1465 4267 1477 4301 :
1502 4247 1590 4301 hic
1618 4261 1742 4300 cum
1773 4247 1886 4300 vult
1917 4263 2165 4303 commu—

585 4357 708 4395 nem
742 4340 925 4394 facere
959 4355 1082 4394 cum
1116 4349 1367 4393 creatura
1407 4338 1682 4408 Unigeniti
1711 4339 2028 4405 essentiam,
2052 4340 2166 4409 pri-

585 4432 921 4503 mogenitum
967 4431 1145 4500 ipsum
1180 4430 1312 4484 dicit
1360 4432 1540 4484 omnis
1570 4442 1835 4484 creatura:
1867 4432 2164 4485 secundum

2259 1953 2363 2025 γάρ
2383 1953 2505 2006 οὗτε
2526 1956 2624 2007 καῖ
2643 1957 2909 2027 ἄτρεπτον
2932 1957 3024 2009 καὶ
3044 1956 3216 2010 κακοῦ
3235 1957 3449 2020 πάντως
3470 1959 3837 2022 ἀνεπίδεκτον,

2260 2049 2352 2101 καὶ
2407 2049 2494 2101 ἀεὶ
2541 2049 2800 2112 ὡσαύτως
2831 2051 2889 2101 ἐν
2922 2051 2998 2120 τῷ
3039 2051 3227 2122 ἀγαθῷ
3266 2051 3549 2121 διαμένον,
3583 2051 3840 2120 οὐδεμίαν

2260 2139 2368 2210 ἔχει
2415 2139 2771 2210 παραλλαγὴν
2805 2141 2898 2192 ἐπὶ
2950 2140 3044 2193 τοῦ
3076 2143 3206 2195 Υἱοῦ
3256 2144 3349 2196 καὶ
3375 2142 3468 2196 τοῦ
3499 2141 3835 2208 Πνεύματος.

2273 2231 2496 2301 Ἑπίσης
2511 2231 2618 2301 γὰρ
2641 2231 2702 2284 rb
2740 2231 2833 2284 τοῦ
2869 2233 3184 2303 Πνεύματος
3217 2234 3490 2304 ἄφθαρτον
3517 2236 3608 2304 τῆς
3631 2233 3838 2302 φθορᾶς

2258 2323 2632 2394 ἠλλοτρίωται,
2665 2325 2758 2378 καὶ
2790 2325 2851 2377 τὸ
2895 2329 2960 2396 τῇ
3013 2326 3170 2395 φύσει
3207 2327 3409 2394 ἀγαθὸν
3447 2325 3707 2387 ὡσαύτως
3741 2324 3836 2376 τοῦ

2259 2417 2496 2470 ἐναντίου
2526 2415 2874 2487 κεχώρισται.
2895 2419 3003 2471 Καὶ
3037 2419 3095 2471 τὸ
3121 2421 3176 2471 ἐν
3210 2419 3369 2471 παντὶ
3403 2416 3590 2487 ἀγαθῷ
3612 2417 3834 2478 τέλειον,

2210 2548 2223 2558 .
2259 2508 2458 2577 ὁμοίως
2483 2507 2744 2570 ἀνενδεῶς
2772 2508 2881 2578 ἔχει
2906 2508 2998 2560 τοῦ
3027 2508 3288 2571 πλείονος.

2329 2688 2513 2742 Ταῦτα
2539 2689 2591 2742 δὲ
2621 2689 2797 2756 λέγειν
2829 2707 2892 2741 πε
2905 2691 2954 2759 ρὶ
2984 2691 3077 2742 τοῦ
3106 2690 3418 2760 Πνεύματος
3443 2690 3614 2742 πάντα
3665 2690 3698 2758 ἡ
3725 2688 3839 2740 θεόρ

2259 2797 2524 2844 πνευστος
2573 2780 2814 2833 διδάσκει
2848 2781 2886 2831 Γ
2891 2782 3036 2851 ραφὴ
3058 2823 3070 2842 ,
3102 2781 3302 2848 ἀγαθὸν
3323 2822 3338 2846 ,
3369 2783 3464 2834 καὶ
3513 2781 3693 2848 σοφὸν,
3739 2781 3836 2833 καὶ

2259 2873 2532 2943 ἄφθαρτον
2562 2913 2576 2936 ,
2609 2873 2702 2924 καὶ
2734 2872 3029 2935 ἀθάνατον,
3066 2874 3159 2927 καὶ
3204 2874 3468 2927 πάντατὰ
3513 2873 3690 2944 ὑψηλᾶ
3740 2874 3837 2943 καὶ

2258 2964 2326 3016 τά
2380 2964 2654 3034 θεοπρεπῆ
2695 2965 2940 3034 νοήματά
2970 2981 3029 3016 τε
3067 2966 3160 3018 καὶ
3203 2967 3443 3035 ὀνόματα
3488 2982 3842 3036 προσμαρτυ-

2262 3057 2430 3128 ροῦσα
2459 3057 2536 3128 τῷ
2581 3058 2876 3129 Πνεύματι.
2931 3058 2994 3110 Εἰ
3024 3054 3116 3110 οὑν
3157 3060 3214 3110 ὲν
3245 3060 3418 3112 οὑδενὶ
3444 3059 3646 3112 τούτων
3681 3059 3843 3127 ἠλάτ-

2260 3167 2450 3215 τωται,
2486 3153 2544 3202 ἐν
2569 3149 2673 3203 τίνι
2698 3151 2758 3202 rb
2783 3151 2964 3203 ἀνισον
2993 3149 3085 3203 τοῦ
3118 3149 3247 3203 Υίοῦ
3278 3152 3370 3204 καὶ
3398 3149 3490 3203 τοῦ
3522 3150 3841 3219 Πνεύματος

2241 3243 2537 3313 διαμετρεῖ
2569 3245 2598 3294 ὁ
2631 3243 2922 3312 Εὑνόμιος;
2963 3242 3308 3311 Μονογιενὴς
3336 3242 3446 3312 γάρ
3469 3243 3618 3306 ἐστι,
3652 3244 3840 3312 φησιν,

2262 3339 2295 3388 ό
2317 3335 2466 3401 Υἱὸς,
2489 3334 2706 3388 οὐδένα
2730 3335 2886 3404 ἔχων
2909 3335 3176 3403 ἀδελφὸν
3215 3334 3495 3404 ὁμογενῆ.
3529 3334 3687 3386 Ἀλλὰ
3710 3335 3844 3404 περὶ

2260 3425 2352 3477 τοῦ
2387 3425 2459 3494 μὴ
2485 3424 2594 3476 δεῖν
2627 3425 2763 3494 μετά
2791 3419 3032 3492 ἀδελφῶν
3059 3427 3197 3477 νοεῖν
3228 3425 3318 3477 τὸν
3349 3425 3646 3495 Μονογενῆ,
3677 3425 3733 3476 ἐν
3761 3423 3843 3493 τῷ

2262 3518 2404 3586 λόγῳ
2439 3516 2517 3586 τῷ
2555 3518 2683 3586 περὶ
2715 3516 2808 3568 τοῦ
2840 3516 3185 3584 πρωτοτόκου
3237 3518 3416 3587 πάσης
3464 3517 3562 3587 τῆς
3610 3516 3844 3578 κτίσεως

2261 3608 2631 3678 διειλήφαμεν.
2673 3607 2745 3659 Τὸ
2774 3606 2831 3658 δὲ
2875 3606 3025 3677 παρά
3052 3606 3239 3659 τούτου
3269 3608 3362 3660 νῦν
3395 3608 3482 3661 διὰ
3508 3609 3843 3678 κακουργίας

2264 3701 2562 3772 προσριφὲν
2586 3699 2665 3770 τῷ
2687 3700 2847 3768 λόγῳ,
2871 3701 3135 3770 προσήκει
3164 3700 3237 3770 μὴ
3261 3701 3639 3772 παραδραμεῖν
3662 3702 3847 3766 ἁνεξέ-

2264 3807 2479 3845 ταστον.
2511 3791 2617 3844 Τοῦ
2646 3792 2754 3860 γὰρ
2799 3792 3249 3861 ἐκκλησιαστικοῦ
3293 3792 3558 3862 δόγματος
3596 3793 3743 3862 μίαν,
3786 3795 3846 3846 ἐν

2266 3884 2434 3956 ιἸατρί
2452 3903 2511 3937 τε
2538 3885 2630 3937 καὶ
2657 3883 2769 3954 Υίῷ
2798 3886 2892 3937 καὶ
2920 3884 3196 3954 Πνεύματι
3217 3885 3377 3955 ἁγίῳ,
3401 3885 3626 3954 δύναμίν
3661 3904 3717 3938 τε
3753 3889 3847 3938 καὶ

2265 3975 2574 4045 ἀγαθότητα
2604 3975 2697 4028 καὶ
2724 3975 2912 4029 οὐσίαν
2952 3977 3044 4028 καὶ
3079 3976 3256 4042 δόξαν,
3292 3977 3384 4029 καὶ
3429 3977 3605 4029 πάντα
3637 3977 3703 4029 τὰ
3734 3995 3848 4029 τοι-

2266 4069 2403 4121 αῦτα.
2454 4067 2839 4138 κηρύσσοντος,
2869 4067 3009 4138 πλὴν
3041 4071 3141 4139 τῆς
3184 4067 3325 4122 κατά
3366 4068 3464 4132 τὰς
3519 4071 3850 4133 ὑποστάσεις

2266 4158 2549 4228 διαφορᾶς,
2572 4151 2726 4221 οὗτος
2750 4159 2877 4210 ὅταν
2901 4158 2998 4228 μὲν
3026 4157 3281 4228 βούληται
3317 4159 3684 4229 κοινοποιῆσαι
3709 4160 3848 4229 πρὸς

2267 4253 2366 4320 τὴν
2397 4251 2574 4304 κτίσιν
2612 4250 2706 4303 τοῦ
2743 4250 3082 4320 Μονογενοῦς
3111 4252 3209 4322 τὴν
3255 4252 3458 4316 οὐσίαν,
3503 4254 3850 4324 πρωτότοκον

2268 4345 2428 4397 αὑτὸν
2445 4343 2594 4411 λέγει
2627 4342 2806 4412 πάσης
2837 4343 2936 4414 τῆς
2963 4343 3214 4407 κτίσεως,
3238 4344 3380 4398 κατά
3399 4344 3498 4416 τὴν
3523 4344 3853 4414 προαιὼνιον

2270 4433 2538 4504 ὓπαρξιν,
2575 4431 2780 4500 ἀδελφά
2819 4433 2911 4485 τοῦ
2949 4433 3153 4503 Κυρίου
3187 4432 3364 4486 πάντα
3393 4433 3461 4486 τὰ
3491 4437 3548 4487 ὲν
3575 4438 3638 4506 τῇ
3674 4435 3852 4488 κτίσει

587 4533 713 4578 ante
737 4531 1000 4578 mternum
1031 4521 1430 4585 exsistentia'm,
1462 4523 1647 4574 omnia
1671 4537 1792 4590 qua:
1830 4523 1884 4575 in
1916 4530 2161 4576 creatura

2269 4525 2535 4595 νοούμενα
2553 4523 2642 4576 διὰ
2670 4523 2769 4593 τῆς
2799 4523 2980 4592 φωνῆς
2998 4523 3201 4594 ταύτης
3229 4519 3368 4577 εἶναι
3393 4525 3850 4594 ἀποφαινόμενος.

587 4617 969 4686 intelliguntur
992 4616 1093 4670 hac
1114 4630 1244 4670 voce
1264 4630 1386 4670 esse
1410 4615 1606 4669 fratres
1631 4615 1840 4668 Domini
1866 4614 2162 4668 afﬁrmans.

586 4709 990 4778 Primogenitus
1045 4708 1189 4764 enim
1239 4722 1347 4761 non
1401 4722 1590 4762 eorum
1645 4707 1739 4776 qui
1785 4717 1914 4761 sunt
1964 4707 2167 4762 diversi

587 4802 825 4872 generis.
858 4800 952 4855 sed
989 4814 1180 4854 eorum
1215 4799 1309 4868 qui
1333 4797 1580 4867 ejusdem
1619 4807 1748 4852 sunt
1771 4797 2008 4868 generis,
2045 4813 2166 4851 om-

590 4895 719 4946 nino
761 4890 1155 4961 primogenitus
1189 4901 1290 4945 est.
1326 4891 1464 4944 Cum
1515 4897 1695 4943 autem
1752 4905 1780 4942 a
1830 4890 2170 4945 connexione

589 4985 705 5039 sive
733 4985 1044 5038 cohaesiouc
1063 4998 1186 5053 qua
1221 4991 1304 5036 est
1335 4998 1456 5036 cum
1483 4981 1621 5035 Filio
1639 4981 1905 5050 Spiritum
1931 4981 2167 5045 divellit,

595 5073 941 5145 Unigenitum
990 5076 1168 5143 ipsum
1215 5074 1368 5138 dicit,
1428 5089 1537 5126 non
1601 5073 1887 5125 habentem
1951 5071 2170 5126 fratrem

591 5183 974 5237 congenerem,
1018 5168 1134 5220 sive
1167 5165 1412 5234 ejusdem
1453 5166 1693 5234 generis,
1721 5181 1830 5218 non
1880 5173 1940 5219 ut
1969 5166 2173 5236 absque

595 5259 856 5312 fratribus
888 5258 1065 5325 ipsum
1107 5255 1392 5324 intelligat,
1431 5255 1528 5309 sed
1575 5266 1633 5310 ut
1674 5271 1771 5323 per
1808 5256 1910 5310 hoc
1956 5255 2023 5310 de
2047 5258 2172 5324 Spi-

592 5353 701 5404 ritu
736 5349 881 5419 quod
929 5347 1228 5402 secundum
1279 5347 1578 5402 essentiam
1628 5347 1869 5400 alienum
1916 5355 2002 5402 est
2036 5363 2172 5400 con-

594 5448 792 5496 struat.
829 5439 961 5492 Nam
999 5438 1262 5507 Spiritum
1293 5446 1547 5492 sanctum
1581 5440 1802 5492 fratrem
1830 5437 2040 5492 Domini
2067 5455 2174 5492 non

594 5533 866 5602 appellare
893 5546 960 5583 ex
992 5529 1275 5598 Scriptura
1311 5528 1620 5583 didicimus.
1655 5529 1759 5583 Sed
1791 5545 1896 5581 non
1925 5537 2176 5597 oportere

594 5622 859 5693 Spiritum
893 5621 1138 5690 ejusdem
1169 5622 1408 5690 generis,
1453 5621 1505 5673 id
1545 5627 1649 5684 est,
1684 5620 2008 5675 substantiae
2049 5636 2173 5673 cum

595 5711 734 5768 Filio
779 5715 982 5776 dicere,
1013 5729 1081 5768 ex
1129 5713 1280 5766 nullo
1328 5711 1637 5766 divinorum
1687 5713 2017 5780 scriptorum
2059 5713 2176 5765 loco

599 5807 1026 5860 demonstratur.
1074 5805 1131 5858 Si
1180 5803 1328 5859 enim
1358 5804 1535 5858 virtus
1562 5803 1777 5859 vivifica
1823 5805 1879 5857 in
1915 5802 2075 5859 Patre
2121 5811 2175 5859 et

2280 4617 2341 4670 Ὀ
2378 4615 2487 4686 γάρ
2529 4613 2892 4685 πρωτότοκος,
2931 4613 2990 4666 οὑ
3034 4612 3142 4666 τῶν
3171 4614 3527 4684 ἑτερογενῶν,
3557 4615 3694 4668 ἀλλά
3739 4615 3856 4669 τῶν

2269 4705 2546 4776 ὁμογενῶν
2600 4704 2817 4767 πάντως
2867 4704 2982 4756 ἐστὶ
3027 4705 3390 4775 πρωτότοκος.
3436 4706 3604 4758 Ὅταν
3650 4706 3706 4757 δὲ
3751 4707 3854 4775 τῆς

2271 4800 2408 4867 πρὸς
2439 4795 2530 4848 τὸν
2560 4795 2684 4848 Υἰὸν
2727 4794 3021 4863 συναφείας
3057 4795 3340 4865 ἀποσχίζει
3368 4794 3430 4848 rb
3463 4796 3705 4865 Πνεῦμα,
3732 4797 3853 4850 Μο-

2271 4885 2464 4956 νογενῆ
2504 4884 2666 4938 αὑτὸν
2699 4883 2867 4948 λέγει,
2897 4884 2971 4954 μὴ
3003 4884 3194 4954 ἔχοντα
3219 4885 3446 4954 ἀδελφὸν
3479 4886 3735 4957 ὁμογενῆ,
3754 4889 3857 4959 οὑχ

2274 4979 2362 5032 ἵνα
2407 4977 2536 5030 ἀνευ
2583 4975 2827 5044 ἀδελφῶν
2857 4975 3018 5028 αὑτὸν
3042 4977 3230 5046 νοήσῃ,
3263 4977 3377 5029 ἀλλ’
3414 4978 3501 5030 ἵνα
3546 4978 3633 5030 διὰ
3660 4976 3855 5032 τούτου

2275 5068 2662 5140 κατασκευάσῃ
2695 5068 2822 5139 περὶ
2844 5064 2940 5119 τοῦ
2962 5066 3100 5119 Πνεύ
3108 5085 3277 5136 ματος
3301 5068 3362 5120 τὸ
3386 5069 3526 5122 κατὰ
3552 5071 3650 5138 τὴν
3667 5070 3856 5122 οὐσίαν

2274 5159 2573 5230 ἀλλότριον.
2607 5159 2680 5210 Tb
2712 5165 2806 5228 μεν
2829 5159 2937 5228 γὰρ
2971 5158 3045 5228 μὴ
3077 5158 3255 5226 λέγειν
3285 5159 3514 5228 ἀδελφὸν
3546 5160 3606 5212 τὺ
3626 5159 3858 5230 Πνεῦμα

2275 5252 2335 5305 τὸ
2370 5251 2543 5319 ἅγιον,
2581 5249 2731 5320 παρά
2757 5250 2856 5320 τῆς
2886 5249 3108 5320 Γραφῆς
3139 5250 3570 5322 μεμαθήκαμενν
3598 5252 3659 5304 rb
3693 5253 3748 5304 δὲ
3779 5255 3855 5325 μὴ

2275 5345 2382 5397 δεῖν
2426 5343 2683 5413 ὁμογενὲς
2721 5342 2798 5412 τῷ
2832 5341 2944 5412 Υίῷ
2969 5342 3148 5409 λέγειν
3181 5341 3242 5394 rb
3283 5343 3526 5413 Πνεῦμα,
3560 5345 3859 5414 οὐδαμόθεν

2277 5438 2340 5489 ὲκ
2364 5437 2470 5488 τῶν
2526 5435 2685 5488 θείων
2740 5434 3119 5489 ἀποδείκνυται
3165 5435 3356 5502 λόγων.
3393 5436 3455 5488 Εἰ
3483 5436 3591 5507 γὰρ
3622 5437 3685 5506 δὴ
3716 5435 3858 5498 ζωο-

2277 5527 2429 5590 ποιὺς
2472 5526 2699 5596 δύναμις
2730 5527 2787 5578 ὲν
2837 5527 3014 5597 Πατρὶ
3046 5528 3138 5579 καὶ
3169 5525 3303 5595 Υίῷ,
3351 5527 3732 5580 ἀποδείκνυται
3762 5529 3860 5580 καὶ

2275 5621 2334 5671 ὲν
2367 5617 2641 5687 Πνεύματι
2667 5617 2825 5686 ἁγίῳ,
2863 5617 3004 5670 κατὰ
3032 5619 3129 5687 τὴν
3161 5618 3252 5670 τοῦ
3290 5617 3621 5684 Εὑαγγελίου
3645 5620 3853 5686 φωνήν.

2277 5711 2340 5762 Εἰ
2369 5709 2428 5761 rb
2465 5708 2740 5778 ἅφθαρτόν
2767 5724 2826 5759 τε
2863 5709 2957 5760 καὶ
2988 5708 3251 5776 ἄτρεπτον
3293 5708 3386 5761 καὶ
3430 5707 3491 5758 rb
3527 5706 3699 5759 κακοῦ
3729 5724 3856 5758 παν-

2279 5802 2369 5863 τὸς
2416 5799 2780 5866 ἀνεπίδεκτον,
2812 5800 2859 5852 εἰ
2902 5797 2964 5851 rb
2997 5798 3197 5868 ἀγαθόν
3229 5817 3286 5852 τε
3337 5800 3431 5852 καὶ
3476 5797 3629 5862 εὺθὲς
3673 5797 3769 5851 καὶ
3797 5797 3862 5850 rb
