4146 6370
352 402 448 457 561

1468 412 1745 469 CONTRA
1788 415 2177 483 EUNOMIUM,
2220 418 2347 473 LIB.
2394 418 2453 472 ll.

3518 419 3621 474 εεξ

356 518 692 587 ἡγεμονικὸν,
726 520 819 573 καὶ
847 521 906 573 τὸ
956 523 1131 576 πάντα
1162 526 1219 577 ἐν
1240 528 1404 579 πᾶσιν
1447 529 1702 601 ἐνεργοῦν
1746 532 1903 582 καοὼι

2029 534 2188 596 Filio,
2237 536 2648 589 demonstratur
2693 538 2856 599 etiam
2907 534 2958 587 in
3004 534 3210 603 Spiritu
3259 542 3472 596 sancto,
3529 554 3615 589 se-

350 608 628 676 βιύλεται,
665 610 714 662 εἰ
750 617 925 665 πάντα
956 615 1024 667 τὰ
1065 615 1288 669 τοιαῦτα
1322 617 1581 682 ὡσαύτως
1611 619 1758 672 ἔστιν
1802 622 1928 673 ἰδεῖν

348 699 439 749 ἐπὶ
468 700 676 769 Πατρός
712 718 773 753 τε
808 703 901 755 καὶ
922 704 1050 757 Υἱοῦ
1096 708 1189 759 καὶ
1226 708 1541 778 Πνεύματος
1579 712 1735 779 ἁγίου
1761 728 1773 741 ·
1806 712 1923 774 πῶς

349 788 464 841 ἐστι
492 790 581 842 διὰ
607 791 702 860 τῆς
734 795 789 845 ἐν
817 794 1025 858 τούτοις
1051 798 1375 870 ταυτότητος
1402 800 1462 852 τὸ
1498 802 1806 871 ἐτερογενές
1840 806 1926 857 ἐν-

348 880 534 949 νοῆσαι
557 898 571 945 ;
602 882 809 935 Οὐκοῦν
837 884 897 936 τὸ
920 887 995 955 μὴ
1024 886 1131 940 δεῖν
1157 889 1491 961 ἀδελφότητα
1514 910 1636 944 τινα
1675 896 1800 964 περὶ
1834 897 1924 949 τὸν

348 978 620 1050 Μονογενῆ
643 978 885 1051 θεωρεῖν,
922 986 949 1035 ό
977 986 1075 1055 τῆς
1101 987 1381 1052 εὐσεϐείας
1403 990 1706 1045 συντίθεται
1733 993 1920 1061 λόγος’

349 1067 406 1120 τὸ
435 1068 488 1121 δὲ
519 1070 591 1140 μὴ
620 1068 858 1143 εἶναιτῷ
883 1074 996 1146 Υίῷ
1023 1078 1279 1146 ὁμογενὲς
1306 1080 1365 1131 τὸ
1399 1079 1644 1151 Πνεῦμα,
1677 1083 1753 1152 τῷ
1777 1084 1924 1137 εὐθεί

344 1160 404 1211 τὸ
432 1160 615 1228 εὺθὲς,
639 1164 715 1234 τῷ
738 1166 924 1236 ἀγαθῷ
959 1169 1019 1220 τὸ
1049 1170 1270 1237 ἀγαθὸν,
1300 1171 1377 1241 τῷ
1414 1172 1665 1245 ζωοποιῷ
1698 1176 1757 1228 τὸ
1787 1177 1919 1240 ζωο-

344 1250 522 1315 ποιὺν,
558 1254 712 1308 τοῦτο
750 1257 848 1326 τῆς
882 1259 1161 1328 αἰρετικῆς
1208 1263 1541 1331 κακουργίας
1593 1264 1656 1316 ἐκ
1697 1265 1796 1334 τῆς
1824 1266 1917 1317 τοῦ

343 1338 499 1404 λόγου
528 1343 843 1408 ἀκολουθίας
884 1346 1071 1413 σαφῶς
1102 1348 1495 1404 ἀποδέδεικται.

2036 626 2276 679 cundum
2309 625 2583 695 Evangelii
2622 624 2983 681 edit-tionem:
3021 628 3063 679 si
3097 627 3240 694 quod
3287 627 3620 696 incorrupti-

2034 717 2143 770 bile
2198 727 2253 770 et
2291 717 2766 776 inconunutabile,
2797 718 3049 785 quodque
3104 716 3310 771 nullius
3359 717 3489 769 mali
3534 726 3617 772 est

2035 824 2229 878 capax,
2265 810 2308 863 si
2339 809 2483 878 quod
2519 810 2719 862 bonum
2744 818 2796 861 et
2828 817 3058 871 rectum,
3083 817 3137 861 et
3163 809 3308 878 quod
3344 809 3616 877 principa-

2036 911 2147 955 tum
2182 903 2365 965 habet,
2407 912 2459 955 et
2489 903 2635 971 quod
2672 902 2855 953 omnia
2890 902 2943 953 in
2973 902 3228 956 omnibus
3259 900 3423 955 efﬁcit
3453 907 3613 970 prout

2034 991 2147 1044 vult
2186 1010 2198 1044 :
2236 993 2280 1044 si
2321 992 2506 1043 omnia
2533 1006 2653 1060 quae
2682 1000 2811 1045 sunt
2840 991 2968 1042 talia
3004 991 3199 1044 eodem
3229 990 3391 1045 modo
3426 990 3612 1045 videre

2030 1084 2156 1137 licet
2183 1084 2235 1137 in
2273 1082 2452 1145 Patre,
2498 1093 2553 1137 et
2579 1083 2719 1137 Filio
2751 1093 2804 1137 et
2835 1084 3038 1150 Spiritu
3088 1093 3301 1145 sancto,
3334 1082 3609 1152 quomodo

2030 1176 2158 1228 licet
2192 1176 2291 1227 hac
2332 1174 2616 1229 identitate
2654 1176 2801 1245 quod
2838 1176 3038 1230 diversi
3077 1175 3291 1245 generis
3326 1184 3410 1229 est
3443 1175 3607 1227 intel—

2030 1264 2231 1333 ligere?
2272 1264 2389 1319 Non
2423 1266 2589 1334 igitur
2637 1274 2889 1335 oportere
2938 1266 3178 1334 aliquam
3212 1262 3606 1316 fraternitatem

2030 1355 2084 1410 in
2118 1356 2409 1427 Uuigenito
2443 1372 2668 1411 cernere
2706 1357 2923 1427 pietatis
2951 1357 3223 1411 consentit
3258 1370 3459 1410 sermo.
3500 1354 3607 1408 Sed

346 1430 607 1499 Spiritum
655 1450 764 1487 non
804 1451 927 1491 esse
974 1452 1098 1491 cum
1139 1436 1277 1492 Filio
1319 1440 1565 1509 ejusdem
1613 1444 1850 1512 generis,
1902 1444 1953 1497 id
1991 1455 2111 1510 est,
2170 1448 2514 1510 substantiae,
2557 1456 2764 1502 rectum
2838 1464 2961 1502 cum
3017 1457 3185 1513 recto,
3228 1448 3431 1502 bonum
3481 1462 3605 1501 cum

342 1524 507 1577 bono.
564 1525 838 1579 viviﬁcum
894 1542 1017 1581 cum
1056 1530 1294 1596 viviﬁeo,
1338 1532 1441 1586 hoc
1487 1532 1754 1588 haereticae
1798 1552 1920 1589 esse
1957 1542 2265 1606 pravitatis,
2294 1559 2360 1596 ex
2394 1543 2624 1596 rationis
2658 1540 3049 1595 consecutione
3124 1551 3308 1609 aperte
3374 1541 3602 1594 demon-

341 1628 569 1671 stratum
596 1628 702 1673 εεῑ.

412 1712 476 1764 Τί
503 1709 593 1766 οῦν
627 1714 711 1767 διὰ
740 1716 951 1788 ,τούτων
994 1718 1307 1773 κολοϐοῦται
1352 1722 1386 1791 ἡ
1425 1722 1777 1792 μεγαλειότης
1821 1724 1913 1776 τοῦ

342 1802 684 1871 Πνεύματος;
716 1804 878 1859 Οὐδὲν
907 1807 1014 1875 γάρ
1045 1809 1159 1860 ἐστι
1183 1809 1242 1862 τὸ
1287 1810 1622 1881 πλεονασμὸν
1655 1812 1688 1883 ἢ
1728 1812 1915 1881 ὕφεσιν

343 1892 634 1961 ἐμποιῆσαι
670 1894 964 1964 δυνάμενον
988 1898 1052 1949 ἐκ
1096 1897 1203 1951 τῶν
1236 1900 1551 1971 θεοπρεπῶν
1599 1904 1911 1973 νοημάτων

339 1972 415 2033 ὧν
450 1982 667 2035 πάντων
710 1984 847 2037 κατά
881 1984 941 2037 τὸ
976 1981 1092 2039 ἶσον
1144 1988 1543 2059 ἐπιλεγομένων
1585 1991 1662 2061 τῷ
1709 2009 1768 2044 τε
1808 1992 1917 2062 Υἰῷ

343 2072 438 2123 καὶ
474 2071 550 2141 τῷ
596 2073 874 2143 Πνεύματι
909 2078 1060 2147 παρά
1106 2082 1204 2149 τῆς
1236 2080 1396 2147 ἁγίας
1435 2082 1678 2152 Γραφῆς,
1709 2084 1767 2136 ἐν
1814 2084 1917 2138 τίνι

343 2161 527 2230 βλέπει
554 2164 612 2215 τὸ
636 2163 847 2231 ἀνισον;
880 2169 992 2221 Οὐκ
1032 2168 1098 2223 ἂν
1145 2172 1316 2224 εἰπεῖν
1346 2172 1476 2242 ἔχοι.
1517 2173 1675 2227 Ἀλλά
1705 2176 1917 2245 γυμνὴν

340 2256 434 2306 καὶ
477 2257 868 2325 ἀκατάσκευον,
910 2262 1000 2314 καὶ
1050 2250 1315 2333 μηδεμιᾶς
1354 2266 1667 2336 ἠρτημένην
1696 2267 1916 2320 ἀκολου-

341 2343 459 2405 θίας
489 2344 587 2414 τὴν
631 2348 771 2399 κατὰ
806 2348 899 2401 τοῦ
948 2352 1098 2417 ἁγίου
1136 2353 1449 2422 Πνεύματος
1486 2346 1746 2426 προφέρει
1790 2357 1917 2410 ἀσέ-

339 2434 508 2489 ϐειαν.
531 2437 679 2490 Οὔτε
698 2439 825 2507 μὴν
857 2440 1041 2508 datio),
1070 2446 1221 2514 φησὶ,
1248 2445 1363 2497 τινὶ
1388 2448 1910 2516 συντασσόμενον.

346 2525 655 2580 Ἀπάντων
670 2531 780 2597 γὰρ
794 2532 1048 2600 ἁναϐέϐη
1058 2551 1119 2587 κε
1138 2534 1256 2588 τῶν
1270 2536 1367 2589 διὰ
1385 2537 1488 2591 τοῦ
1507 2539 1643 2592 Υἱοῦ
1668 2540 1909 2609 γενομέ-

334 2634 457 2669 νων
479 2621 839 2688 ποιημάτων,
863 2628 1114 2693 γενέσει,
1139 2628 1237 2679 καὶ
1263 2628 1466 2695 φύσει,
1488 2630 1586 2682 καὶ
1617 2630 1786 2700 δόξῃ,
1811 2634 1909 2688 καὶ

334 2707 570 2772 γνώσει,
589 2711 667 2775 ὡς
684 2711 917 2780 πρῶτον
930 2717 1106 2783 ἔργον
1126 2717 1223 2769 καὶ
1240 2718 1563 2785 κράτιστον
1577 2722 1682 2776 τοῦ
1704 2727 1905 2778 Μονο-

334 2799 565 2866 γενοῦς,
579 2801 869 2870 μέγιστόν
893 2824 954 2859 τε
978 2807 1071 2859 καὶ
1100 2808 1452 2864 κάλλιστον.
1486 2812 1626 2881 Ἐγὼ
1653 2815 1709 2866 δὲ
1727 2815 1788 2867 τὸ
1811 2816 1911 2885 μὲν

334 2887 653 2943 ἀπαίδευτον
678 2895 769 2945 καὶ
794 2897 1134 2965 συρφετῶὸες
1170 2901 1268 2970 τῆς
1292 2901 1508 2968 λέξεως,
1546 2905 1723 2969 ἄλλοις
1762 2925 1909 2977 κωμ-

332 2976 488 3045 ῳδεῖν
517 2981 823 3051 καταλείψω
855 2999 869 3015 ⁸
902 2988 1146 3057 ἀπρεπὲς
1176 2987 1313 3045 εἶναι
1343 2994 1542 3065 κρίνων
1572 2999 1905 3071 πρεσϐυτικῇ

332 3069 492 3139 πολιᾷ
524 3071 622 3141 τὴν
654 3077 710 3127 ἐν
736 3080 845 3139 τοῖς
868 3080 1107 3149 ῥήμασιν
1129 3083 1482 3139 ἀπαιδευσίαν
1507 3090 1805 3162 προφέρειν
1831 3092 1907 3162 τῷ

331 3158 611 3214 ἀσεϐοῦντι
652 3165 729 3226 είς
763 3166 851 3218 τὸν
902 3171 1369 3241 προσκυνούμενον
1407 3158 1811 3245 Λόγονοέκεῖνο
1852 3158 1907 3234 δέ

2093 1723 2232 1789 Quid
2267 1724 2434 1792 igitur
2460 1739 2556 1794 per
2583 1724 2697 1777 haec
2727 1723 2967 1793 Spiritus
2996 1724 3256 1793 majestas
3295 1728 3477 1782 minus
3508 1729 3600 1782 ha-

2022 1816 2154 1869 bet?
2180 1814 2336 1868 Nulla
2371 1824 2455 1869 est
2490 1817 2634 1869 enim
2681 1831 2746 1869 ex
2800 1816 2885 1870 his
2937 1814 3045 1869 Deo
3076 1816 3291 1871 decoris
3320 1827 3373 1872 et
3404 1835 3602 1874 conve-

2025 1908 2301 1961 nientibus
2334 1907 2653 1963 notionibus
2684 1923 2802 1977 qua?
2835 1909 2920 1961 vel
2950 1907 3375 1963 redundantiam
3407 1912 3461 1964 in
3493 1928 3602 1966 uno

2022 1998 2103 2050 vel
2136 1998 2571 2051 imminutionem
2617 2000 2671 2051 in
2718 1998 2889 2051 altero
2936 1999 3108 2065 possit
3150 1999 3424 2063 inserere;
3478 2019 3600 2071 qum

2019 2089 2201 2143 omnia
2235 2105 2358 2143 cum
2394 2106 2459 2143 ex
2490 2105 2646 2159 :equo
2678 2089 2937 2144 dicantur
2968 2105 2997 2142 a
3031 2104 3185 2142 sacra
3219 2089 3501 2160 Scriptura
3531 2095 3597 2149 do

2019 2178 2157 2234 Filio
2188 2190 2240 2234 et
2271 2182 2338 2235 de
2368 2180 2594 2250 Spiritu,
2620 2182 2674 2235 in
2711 2198 2820 2251 quo
2847 2183 3229 2237 animadvertit
3259 2184 3597 2254 inaaqualita.

2017 2272 2164 2326 tem?
2194 2283 2342 2326 certe
2393 2288 2501 2327 non
2537 2281 2721 2342 posset
2771 2274 2976 2328 dicere.
3029 2275 3134 2329 Sed
3182 2278 3380 2331 nudam
3422 2290 3475 2332 et
3516 2281 3597 2333 in-

2016 2366 2377 2433 eompositam
2420 2374 2474 2418 et
2522 2382 2585 2420 ex
2633 2367 2780 2419 nulla
2835 2369 3222 2423 consecutione
3272 2372 3593 2439 pendentem

2016 2453 2281 2509 adversus
2342 2453 2606 2524 Spiritum
2668 2463 2918 2509 sanctum
2971 2456 3180 2543 prql‘ert
3237 2459 3591 2529 impietatem.

2023 2540 2205 2611 Neque
2244 2558 2362 2595 cum
2389 2545 2501 2597 alio
2526 2543 2776 2612 quodam,
2810 2544 3017 2614 inquit,
3060 2540 3362 2603 ordinatur.
3400 2550 3594 2607 Omnia

2013 2636 2150 2687 enim
2179 2652 2336 2704 opera
2362 2652 2479 2705 quw
2508 2651 2599 2703 per
2630 2635 2830 2688 Filium
2867 2646 2991 2688 sunt
3045 2638 3191 2705 facta
3252 2655 3593 2708 superuacan-

2016 2727 2119 2791 dit,
2180 2736 2319 2790 ortu,
2356 2737 2568 2788 natura,
2611 2728 2806 2794 gloria,
2869 2730 3187 2796 cognitione,
3248 2742 3302 2784 ut
3361 2733 3591 2800 primum

2013 2835 2138 2886 opus
2170 2828 2218 2871 et
2278 2819 2527 2885 optimum
2590 2817 2875 2887 Unigem'ti,
2934 2822 3325 2891 maximumque
3369 2833 3418 2875 et
3473 2827 3588 2893 pul-

2011 2909 2345 2961 cherrimum.
2402 2908 2510 2975 Ego
2552 2916 2729 2960 autem
2794 2906 3067 2961 inscitiam
3117 2917 3170 2961 et
3224 2910 3588 2964 colluvionem

2010 3000 2268 3053 dictionis
2302 2999 2423 3052 aliis
2448 2998 2655 3051 comice
2688 2996 3042 3051 deridendam
3072 2999 3407 3065 relinquam:
3438 3002 3591 3057 inde«

2010 3107 2198 3145 eorum
2232 3091 2629 3158 essejudicans
2670 3090 2829 3144 senili
2862 3090 3108 3149 canitiei,
3149 3092 3439 3145 verborum
3473 3095 3590 3150 ine-

2010 3186 2151 3252 ptias
2185 3183 2423 3251 objicere
2448 3182 2497 3235 ei
2525 3182 2617 3251 qui
2642 3182 2805 3251 impie
2832 3183 2942 3251 agit
2974 3185 3026 3235 in
3054 3182 3291 3237 Verbum
3326 3184 3416 3239 Dei
3442 3190 3585 3255 quod

330 3250 625 3322 προσθήσω
670 3259 734 3325 τῇ
785 3258 1027 3323 ἐξετάσει
1055 3263 1154 3314 Ἐἰ
1184 3264 1400 3319 πάντων
1443 3268 1749 3339 ἀναϐέϐηκε
1800 3274 1903 3325 τῶν

2009 3250 2038 3326 a
2065 3275 2221 3327 nobis
2254 3250 2702 3326 έιάοωιυιιζιιιυίι
2720 3250 2912 3325 autem
2943 3276 3333 3329 examinationi
3369 3278 3588 3333 addam:

326 3341 418 3394 τοῦ
450 3344 578 3396 Υίοῦ
604 3350 941 3415 ποιημάτων
972 3351 1033 3403 τὸ
1064 3353 1320 3423 Πνεῦμα·
1362 3362 1632 3429 χρήσομαι
1663 3363 1773 3433 γάρ
1806 3366 1899 3416 αὺ-

326 3434 418 3486 τοῦ
446 3434 512 3505 τῇ
544 3438 982 3514 σεσολοικισμένῃ
1010 3445 1179 3517 ταύτῃ
1201 3444 1294 3500 καὶ
1318 3449 1529 3519 ἀνοήτῳ
1561 3457 1731 3523 φωνῇ,
1769 3457 1901 3519 μάλ-

326 3527 415 3578 λον
443 3527 498 3579 δέ
537 3529 673 3598 πρὸς
711 3532 771 3582 τὸ
818 3534 1148 3606 σαφέστερον
1184 3537 1272 3591 διὰ
1308 3539 1408 3609 τῆς
1437 3542 1675 3611 ἐμαυτοῦ
1701 3544 1897 3609 λέξεως

327 3618 661 3687 παραστήσω
679 3620 739 3671 τὸ
768 3622 944 3691 νόημα
974 3640 987 3654 ⁸
1016 3628 1064 3678 εἰ
1098 3628 1315 3681 πάντων
1357 3632 1575 3701 προέχει
1606 3634 1713 3687 τῶν
1752 3638 1901 3705 παρά

324 3707 417 3760 τοῦ
451 3707 581 3761 Υἱοῦ
603 3712 1271 3778 γεγονότων,ἀσύντακτόν
1302 3721 1416 3773 ἐστι
1439 3725 1502 3791 τῇ
1536 3723 1691 3796 λοιπῇ
1728 3728 1899 3779 κτίσει

324 3798 383 3850 τὸ
417 3798 637 3869 Πνεῦμα
682 3803 745 3855 τὸ
793 3802 965 3871 ἅγιον.
997 3808 1109 3860 Καὶ
1139 3811 1186 3861 εί
1224 3810 1549 3877 πλεονεκτεῖ,
1588 3817 1768 3881 καθώς
1801 3836 1900 3887 φη-

327 3907 409 3943 σιν
441 3894 466 3944 ό
498 3893 777 3963 Εὐνόμιος,
810 3897 887 3966 τῷ
916 3899 1021 3969 πρὸ
1045 3899 1153 3952 τῶν
1178 3901 1350 3958 ἄλλων
1379 3906 1662 3972 γενέσθαι·
1687 3909 1898 3979 ἀνάγκη

326 3982 473 4034 πᾶσα
497 3984 592 4035 καὶ
618 3987 709 4038 ἐπί
734 3986 833 4057 τῆς
866 3989 1031 4059 ἄλλης
1057 3992 1287 4056 κτίσεως
1316 3995 1385 4048 τά
1414 4000 1480 4066 τῇ
1520 4000 1729 4064 γενέσει
1761 4004 1898 4053 κατά

322 4070 418 4139 τὴν
468 4072 618 4137 τάξιν
667 4078 977 4147 προήκοντα
1000 4121 1014 4143 ,
1046 4081 1154 4135 τῶν
1188 4084 1384 4156 ἐφεξῆς
1427 4089 1587 4142 αὐτὸν
1620 4091 1897 4161 ὁμολογεῖν

323 4166 707 4237 προτιμότερα.
758 4170 917 4223 Ἀλλά
967 4174 1074 4243 μὴν
1120 4178 1220 4240 τῆς
1248 4177 1339 4230 τοῦ
1396 4180 1682 4251 ἀνθρώπου
1734 4202 1899 4239 κατα-

324 4257 521 4325 σκευῆς
560 4261 718 4329 ἡτῶν
740 4264 945 4332 ἀλόγων
970 4269 1281 4341 προῦπέστη
1301 4272 1481 4340 φύσις.
1504 4275 1709 4329 Οὐκοῦν
1733 4296 1897 4333 κατα-

324 4351 578 4401 σκευάσει
613 4352 827 4416 πάντως
867 4355 955 4408 διὰ
979 4358 1180 4412 τούτων
1204 4365 1601 4436 προτιμοτέραν
1630 4364 1766 4421 εἶναι
1801 4373 1897 4441 τῆς

320 4436 539 4508 λογικῆς
586 4442 771 4504 οὐσίας
816 4443 911 4515 τὴν
956 4446 1169 4515 ἄλογον.
1230 4451 1387 4504 υῦτω
1442 4455 1533 4506 καὶ
1562 4455 1590 4506 ὁ
1622 4456 1763 4508 Κάῖν
1802 4458 1894 4509 τοῦ

326 4529 489 4580 ’Ἀϐελ
544 4533 805 4601 κρείττων
844 4537 983 4590 κατὰ
1025 4540 1117 4591 τὸν
1166 4542 1259 4594 τοῦ
1294 4544 1558 4614 Εὑνομίου
1592 4547 1747 4615 λόγον
1787 4550 1892 4601 δει-

320 4622 597 4691 Χθήσεται,
643 4630 985 4698 προτερεύων
1029 4632 1105 4702 τῷ
1137 4637 1312 4705 χρόνῳ
1359 4638 1498 4690 κατά
1525 4640 1621 4709 τὴν
1658 4642 1887 4707 γένεσιν.

320 4713 473 4765 Οὕτω
500 4716 593 4768 καὶ
620 4717 726 4770 τῶν
764 4721 827 4771 ἐκ
853 4723 950 4790 τῆς
972 4723 1075 4792 γῆς
1100 4727 1380 4795 φυομένων
1422 4731 1697 4795 ἀπάντων,
1732 4732 1859 4784 ἐλάτ
1876 4764 1889 4772 -

316 4820 423 4855 των
458 4806 552 4857 καὶ
588 4808 986 4881 καταδεεστέρα
1027 4814 1059 4882 ἡ
1095 4815 1204 4867 τῶν
1247 4816 1459 4890 ἄστρων
1493 4821 1655 4888 φύσις
1686 4823 1892 4875 ἀναδει-

316 4894 592 4964 χθήσεται.
630 4900 711 4952 Ti
738 4902 835 4970 μὲν
864 4905 970 4974 γὰρ
1001 4909 1067 4976 τῇ
1095 4909 1251 4979 τρίτῃ
1290 4908 1398 4961 τῶν
1448 4913 1667 4981 ἡμερῶν
1695 4916 1759 4967 ἐκ
1792 4916 1887 4983 τῆς

314 4984 415 5052 γῆς
461 4987 805 5053 ἐξανέτειλεν,
853 4995 901 5045 oi
950 4995 1007 5047 δὲ
1058 4999 1281 5066 μεγάλοι
1342 5003 1623 5072 φωστῆρες
1675 5006 1768 5057 καὶ
1820 5007 1885 5059 τὰ

313 5074 487 5145 ἄστρα
518 5078 712 5144 πάντα,
764 5083 906 5137 κατά
942 5085 1039 5155 τὴν
1067 5089 1333 5159 τετάρτην
1380 5093 1706 5161 γεγενῆσθαι
1740 5098 1888 5166 ποιρά

310 5167 404 5219 τοῦ
456 5170 699 5235 Μωσέως
745 5175 1075 5246 ἱστόρηνται.
1131 5181 1288 5234 Ἀλλὰ
1334 5183 1442 5252 μὴν
1494 5185 1667 5246 οὐδεὶς
1716 5186 1887 5250 οὕτως

310 5256 556 5326 ἀνόητος,
573 5262 648 5323 ὡς
664 5262 771 5315 τῶν
794 5267 1057 5337 οὐρανίων
1080 5270 1370 5342 θαυμάτων
1391 5275 1488 5343 τὴν
1504 5277 1697 5345 γηΐνην
1726 5280 1886 5332 ποίαν

310 5351 707 5417 προτιμοτέραν
727 5353 813 5406 διὰ
837 5355 905 5409 τὰ
925 5358 1016 5410 τοῦ
1044 5362 1232 5431 χρόνου
1266 5365 1527 5433 πρεσϐεῖα
1544 5366 1879 5433 λογίσασθαι·

308 5434 340 5531 ᾖ
372 5436 448 5531 “cui;
477 5439 614 5531 Edi‘v
646 5442 826 5499 δοῦναι
878 5450 1019 5504 κατὰ
1056 5454 1148 5505 τοῦ
1185 5455 1351 5509 ’Ἅϐελ
1390 5456 1459 5509 τὰ
1497 5459 1818 5528 νικητήρια,
1848 5462 1879 5531 ἢ

307 5523 597 5591 ὑποζεῦξαι
622 5536 734 5595 τοῖς
764 5535 978 5606 ἀλόγοις
1004 5540 1093 5594 τὸν
1121 5542 1403 5616 ἄνθρωπον
1432 5546 1523 5599 τὸν
1556 5523 1882 5616 μετ’-ἐκεῖνα

307 5616 613 5685 γενόμενον.
653 5624 766 5677 Οὐκ
820 5627 927 5698 ἄρα
970 5632 1093 5687 νοῦν
1122 5633 1232 5705 ἔχει
1260 5639 1380 5691 τινὰ
1417 5638 1475 5691 τὸ
1512 5640 1659 5710 παρά
1688 5643 1879 5697 τούτου

380 5796 427 5828 ’³
463 5794 598 5853 Gen.
634 5814 672 5868 ι,
699 5799 753 5858 6.

2006 3366 2061 3421 Si
2098 3370 2277 3421 omnia
2309 3365 2429 3419 Filii
2462 3366 2675 3435 Opiﬁcia
2713 3368 2855 3436 (quae
2881 3368 3160 3435 ποιήματα
3195 3367 3376 3436 vocat)
3410 3369 3587 3438 Spiri-

2004 3470 2092 3515 tus
2118 3457 2553 3529 superascendit,
2590 3465 2712 3509 utar
2741 3456 2885 3511 enim
2926 3457 3047 3524 ejus
3084 3457 3187 3510 hac
3238 3458 3495 3512 insolenti
3531 3469 3585 3514 et

2005 3556 2193 3608 insana
2238 3567 2405 3618 voce;
2460 3552 2570 3605 imo
2604 3564 2735 3603 vero
2784 3560 2843 3603 ut
2898 3550 3103 3604 clarius
3158 3566 3245 3605 res
3285 3553 3581 3612 elucescat.

2002 3661 2120 3700 mea
2148 3645 2385 3699 dictione
2416 3644 2740 3697 sententiam
2784 3643 3082 3711 exprimam
3113 3658 3125 3692 :
3159 3642 3203 3695 si
3234 3659 3299 3696 ex
3340 3659 3406 3698 eo
3437 3647 3580 3714 quod

2000 3737 2181 3791 omnia
2208 3752 2327 3806 quze
2357 3751 2385 3787 a
2410 3733 2545 3788 Filio
2569 3741 2697 3789 sunt
2727 3732 2864 3786 facta
2888 3732 3159 3786 antecedit
3182 3733 3438 3803 Spiritus,
3459 3750 3581 3790 cum

2004 3833 2147 3885 nulla
2178 3829 2282 3882 alia
2313 3836 2566 3882 creatura
2595 3828 2849 3895 componi
2886 3834 3062 3894 potest
3090 3843 3268 3895 neque
3294 3828 3536 3883 ordinari
3564 3848 3577 3883 :

1999 3927 2053 3971 et
2090 3921 2157 3982 si,
2188 3914 2645 3986 quemadmodum
2676 3914 2751 3966 ait
2790 3915 3115 3981 Eunomius,
3163 3916 3214 3967 in
3252 3931 3317 3970 eo
3348 3933 3580 3987 exsupe-

2001 4017 2082 4059 rat
2130 4016 2185 4061 et
2231 4009 2352 4076 plus
2400 4007 2561 4059 habet
2591 4006 2737 4075 quod
2779 4005 2955 4069 factus
3004 4009 3075 4059 sit
3124 4017 3251 4061 ante
3293 4010 3399 4062 alia
3435 4029 3448 4064 :
3484 4027 3579 4065 ne-

1999 4114 2151 4152 ceSSe
2198 4106 2281 4150 est
2325 4098 2489 4149 etiam
2538 4097 2715 4164 ipsum
2763 4096 2941 4153 fateri.
2993 4098 3137 4164 quod
3191 4098 3245 4150 in
3280 4100 3428 4151 omni
3474 4100 3577 4153 alia

1999 4198 2245 4242 creatura
2276 4230 2290 4252 ,
2346 4204 2467 4253 qua:
2516 4196 2637 4239 orm
2690 4190 2991 4240 secundum
3035 4188 3281 4241 ordinem
3334 4200 3577 4257 praeeunt

1998 4282 2351 4350 Sequentibus
2386 4288 2513 4333 sunt
2544 4280 2962 4348 przestahiliora.
2995 4278 3156 4347 Atqui
3185 4280 3421 4336 hominis
3465 4282 3575 4335 for-

1998 4374 2235 4425 matione
2265 4372 2567 4424 helluarum
2593 4381 2783 4422 natura
2814 4369 2963 4437 prior
2985 4370 3214 4424 exstitit.
3253 4370 3326 4423 Επι
3356 4372 3442 4425 his
3476 4374 3576 4441 igi-

1999 4474 2084 4515 tur
2108 4462 2397 4515 coneludet
2444 4470 2693 4513 naturam
2744 4461 2978 4513 rationis
3002 4472 3305 4529 expertem,
3349 4464 3574 4517 rationis

2000 4555 2261 4625 participe
2288 4553 2512 4605 cunnino
2554 4552 2989 4620 prazstantiorem
3022 4568 3164 4607 esse.
3209 4552 3299 4606 Sic
3331 4554 3431 4606 hac
3463 4554 3572 4606 Eu-

1999 4646 2165 4701 nomii
2208 4645 2417 4698 ratione
2445 4643 2579 4697 Cain
2622 4644 2791 4697 Ahele
2837 4645 3031 4697 melior
3061 4644 3566 4699 demonstrabitur:

2001 4736 2145 4804 prior
2172 4736 2315 4788 enim
2348 4742 2430 4787 est
2474 4742 2727 4803 tempore
2768 4735 3070 4787 secumlum
3100 4743 3299 4785 ortum.
3338 4734 3427 4786 Sic
3457 4750 3572 4787 om-

1999 4828 2157 4880 nibus
2189 4841 2311 4893 quae
2340 4840 2408 4878 ex
2442 4832 2586 4877 terra
2620 4823 2943 4885 funduntur,
2973 4822 3214 4876 siderum
3244 4832 3439 4876 natura
3466 4828 3570 4877 mi-

1994 4933 2095 4971 nor
2126 4927 2180 4972 et
2212 4914 2436 4969 inferior
2463 4914 2803 4968 ostendetur.
2842 4912 2932 4964 Illa
2982 4912 3249 4980 siquidem
3283 4916 3446 4967 tertio
3483 4914 3571 4967 die

1990 5027 2055 5064 ex
2097 5018 2243 5062 terra
2272 5015 2463 5062 exorta
2497 5013 2645 5059 sunt.
2675 5006 2745 5057 At
2783 5019 2977 5070 magna
3015 5004 3131 5057 haec
3174 5005 3378 5057 lumina
3416 5016 3469 5059 et
3498 5008 3571 5059 si~

1992 5102 2122 5154 dera
2141 5098 2335 5152 omnia
2377 5104 2573 5165 quarto
2610 5095 2699 5149 die
2734 5104 2915 5147 creata
2950 5109 3073 5148 esse
3120 5108 3150 5146 a
3202 5093 3351 5148 Mose
3380 5097 3569 5164 prodi-

1992 5198 2107 5241 tum
2136 5195 2222 5241 est
2253 5188 2319 5239 ³³.
2352 5185 2743 5239 Verumtamen
2799 5184 2982 5235 nullus
3024 5189 3107 5236 est
3156 5188 3267 5234 tam
3299 5197 3327 5235 a
3360 5184 3571 5239 ratione

1992 5280 2183 5335 devius
2212 5284 2266 5331 et
2295 5292 2507 5338 amens,
2534 5284 2593 5327 ut
2636 5274 2955 5327 coelestibus
2991 5272 3099 5326 illis
3134 5272 3422 5328 miraculis
3454 5280 3569 5328 ter-

1990 5378 2218 5422 restrem
2261 5366 2505 5427 herbam,
2539 5365 2810 5431 praecipuo
2842 5362 3105 5431 temporis
3130 5361 3257 5429 jure
3296 5371 3568 5431 prtestan-

1990 5461 2181 5513 tiorem
2207 5473 2330 5512 esse
2368 5456 2684 5510 existimet:
2720 5465 2813 5508 aut
2850 5455 2941 5523 qui
2991 5453 3163 5508 Caino
3194 5463 3385 5506 contra
3421 5454 3540 5507 Abo

1987 5552 2089 5606 lem
2126 5551 2215 5603 det
2240 5547 2480 5601 victoriae
2510 5546 2755 5617 praemia,
2790 5553 2883 5599 aut
2911 5545 3003 5614 qui
3048 5544 3229 5597 brutis
3264 5543 3564 5595 animanti-

1987 5644 2088 5698 bus
2123 5642 2398 5696 hominem
2434 5640 2715 5711 subjuget,
2762 5638 3023 5710 quoniam
3054 5636 3125 5692 sit
3166 5642 3288 5704 post
3343 5634 3435 5687 illa
3484 5634 3565 5689 fa-
