4146 6370
546 382 652 438 563

1825 378 1880 432 S.
1916 373 2248 432 GBEGORll
2274 370 2567 432 NYSSEN‘
3703 368 3811 423 564

544 514 690 557 ctus.
735 500 949 553 Nullam
994 500 1162 571 igitur
1217 501 1382 558 habet
1423 501 1715 564 rationem,
1771 498 1916 568 quod
1961 498 2028 551 ab
2062 512 2123 551 eo

2230 494 2552 565 λεγόμενον,
2584 495 2665 547 ὅτι
2720 494 2806 546 διὰ
2859 493 2921 545 τὸ
2965 491 3071 565 πρὸ
3121 491 3238 546 τῶν
3277 490 3451 545 ἄλλων
3476 489 3728 559 γενέσθαι
3756 490 3818 545 τὸ

545 596 833 657 asseritur,
870 595 999 664 quia
1055 603 1182 650 ante
1221 595 1327 649 alia
1362 594 1600 664 Spiritus
1636 594 1708 648 sit
1740 601 1917 655 ortus,
1954 594 2129 646 hono-

545 686 859 739 rabiliorem
896 694 1153 739 naturam
1191 685 1355 739 habet
1390 685 1459 739 iis
1485 700 1605 754 qua:
1635 683 1894 754 deinceps
1921 683 2123 753 produ-

544 784 632 828 cta
668 775 911 829 luerunt.

614 864 913 923 Videamus
958 876 1141 923 autem
1187 867 1369 937 qualia
1418 868 1604 937 gloria:
1636 865 1875 936 Spiritus
1930 864 2130 935 gratiﬁ~

544 966 719 1024 ratur,
752 960 844 1029 qui
882 960 1031 1013 hunc
1068 975 1097 1012 a
1128 957 1249 1011 Filii
1296 959 1682 1012 communione
1728 958 1933 1011 divisit.
1980 956 2128 1013 Unus

541 1051 704 1113 enim,
740 1050 937 1119 inquit,
963 1060 1012 1104 et
1039 1051 1124 1104 hic
1165 1066 1280 1102 cum
1312 1050 1402 1113 sit,
1432 1059 1481 1102 et
1506 1050 1708 1117 primus
1736 1059 1785 1103 et
1814 1049 1981 1114 solus,
2012 1066 2126 1102 om-

545 1142 699 1196 nibus
736 1141 868 1195 Filii
911 1142 1154 1212 operibus
1196 1142 1500 1210 prazeellens
1529 1142 1816 1195 secundum
1842 1143 2124 1195 essentiam

543 1245 590 1286 et
627 1234 928 1287 naturalem
959 1234 1292 1303 dignitatem,
1332 1250 1538 1287 omnem
1570 1233 1927 1299 operationem
1950 1245 2000 1289 et
2027 1236 2125 1289 do-

545 1328 771 1379 ctrinm
799 1327 1096 1396 per/Sciens,
1122 1326 1258 1380 sicut
1291 1324 1436 1379 Filio
1458 1322 1764 1397 'placet,'_qui
1796 1328 2025 1381 mittitur
2061 1329 2125 1381 ab

544 1419 659 1483 ipso
688 1426 738 1470 et
764 1419 827 1470 ab
857 1419 971 1484 ipso
1000 1417 1213 1484 accipit,
1242 1426 1292 1470 et
1317 1418 1602 1470 annuntiat
1629 1418 1694 1470 iis
1723 1418 1814 1486 qui
1837 1418 2128 1471 instituun-

546 1520 652 1571 tur,
683 1518 731 1563 et
772 1509 1010 1562 veritatis
1056 1508 1166 1561 dux
1197 1518 1294 1562 est.
1331 1507 1585 1572 Omnem,
1631 1508 1829 1579 inquit,
1882 1509 2126 1564 muneris

546 1599 885 1654 iunctionem
909 1600 1026 1655 sive
1054 1600 1427 1670 operationem
1456 1608 1511 1655 et
1541 1601 1847 1655 doctrinam
1883 1599 2123 1670 Spiritus

545 1699 770 1745 sanctus
812 1690 1140 1759 perﬁciens:
1177 1707 1341 1762 quam
1394 1692 1807 1762 operationem?
1850 1703 2034 1747 utrum
2067 1695 2130 1746 il-

544 1781 649 1835 lam
681 1797 845 1851 quam
874 1783 1037 1837 etiam
1068 1782 1230 1836 Pater
1274 1792 1328 1838 et
1357 1781 1529 1836 Filius
1567 1782 1871 1838 secundum
1908 1782 2122 1837 Domini

543 1873 793 1936 verbum,
822 1880 1105 1942 Operatur,
1151 1874 1243 1942 qui
1277 1889 1451 1943 usque
1486 1874 1649 1928 modo
1678 1875 1908 1928 salutem
1933 1874 2125 1927 huma-

542 1981 668 2019 nam
701 1972 982 2034 operatur,
1023 1965 1107 2018 vel
1153 1966 1312 2018 aliam
1353 1966 1592 2035 aliquam
1633 1973 1831 2037 praeter
1868 1966 2046 2020 hanc?
2080 1964 2125 2020 si

542 2057 765 2127 quidem
810 2056 901 2109 illa
948 2068 1227 2126 operatur,
1271 2057 1521 2112 eamdem
1570 2072 1697 2112 cum
1746 2058 1839 2112 illo
1896 2073 2127 2126 prorsus

542 2150 801 2203 virtutem
845 2159 900 2204 et
938 2158 1192 2204 naturam
1223 2151 1405 2213 habet,
1459 2159 1513 2205 et
1556 2152 1755 2206 diversi
1784 2152 2003 2221 generis
2034 2150 2125 2205 Dei

544 2252 739 2297 natura
770 2243 825 2296 in
851 2259 917 2297 eo
954 2244 1133 2297 locum
1167 2260 1276 2297 non
1321 2244 1501 2298 habet.
1538 2243 1605 2298 Ut
1643 2244 1787 2299 enim
1821 2247 1866 2299 si
1896 2245 2025 2314 quid
2063 2259 2126 2298 ea

541 2351 665 2406 quae
710 2338 853 2408 ignis
895 2336 1079 2399 ellicit,
1128 2336 1364 2392 elIiceret
1421 2337 1784 2391 illuminando
1832 2344 1885 2392 et
1933 2336 2126 2391 calefa-

542 2429 736 2485 ciendo
764 2430 954 2485 eodem
980 2430 1161 2493 modo,
1194 2432 1336 2499 ignis
1367 2442 1451 2485 est
1479 2432 1701 2485 omnino
1728 2451 1740 2485 :
1766 2432 1848 2486 sic
1880 2430 1928 2485 si
1960 2430 2125 2500 Spiri-

543 2534 633 2579 tus
664 2525 843 2581 Patris
884 2541 1050 2595 opera
1098 2525 1248 2588 facit,
1291 2525 1534 2593 ejusdem
1570 2541 1703 2580 cum
1740 2527 1867 2596 ipso
1908 2526 2124 2594 penitus

543 2630 755 2673 naturae
789 2634 913 2673 esse
960 2619 1205 2673 conﬁteri
1266 2633 1490 2672 necesse
1528 2628 1630 2672 est.
1678 2617 1835 2683 Quod
1893 2618 1940 2673 si
1996 2617 2125 2687 quid

542 2710 693 2763 aliud
742 2720 936 2778 prmter
983 2712 1216 2765 salutem
1273 2720 1517 2763 nostram
1563 2717 1847 2777 operatur,
1891 2717 1946 2763 et
1987 2709 2031 2762 si
2073 2710 2125 2761 in

542 2802 729 2871 aliquo
759 2816 947 2855 eorum
979 2819 1097 2870 qua:
1135 2812 1264 2855 sunt
1310 2802 1586 2854 contraria
1622 2800 1963 2854 demonstrat
2007 2800 2127 2869 ejus

544 2894 943 2963 operationem,
986 2894 1129 2949 alius
1160 2903 1371 2946 natura:
1398 2900 1451 2947 et
1480 2892 1735 2947 essentia
1766 2907 1861 2962 per
1886 2893 2000 2946 haec
2031 2892 2126 2946 de-

541 2989 963 3042 monstrabitur.
996 2986 1382 3041 Verumtamen
1418 2987 1683 3055 Spiritum
1730 2987 2006 3040 viviﬁcare
2044 2987 2116 3038 si-

541 3080 746 3131 militer
773 3094 897 3131 cum
924 3076 1086 3131 Patre
1121 3085 1177 3131 et
1212 3075 1350 3129 Filio
1382 3076 1619 3130 Verbum
1656 3078 1832 3145 ipsum
1858 3078 2118 3129 testilira-

541 3178 650 3222 tur.
686 3168 1052 3233 Quamobrem
1088 3165 1351 3236 Spiritum
1387 3182 1417 3219 a
1446 3165 1628 3221 Patris
1662 3165 1893 3235 Filiique
1925 3175 2119 3220 natura
2152 3182 2190 3237 ε
2224 3196 2350 3262 ,πρὸς
2374 3197 2465 3246 καὶ

540 3276 651 3313 non
697 3262 934 3312 alienum
972 3274 1066 3329 per
1101 3259 1287 3312 eadem
1331 3273 1497 3327 opera
1529 3267 1583 3311 et
1629 3257 1819 3312 effecta
1871 3273 2121 3327 compro-

539 3353 653 3403 Νη.
689 3349 754 3403 Et
786 3349 967 3403 Patris
1011 3350 1386 3418 operationem
1420 3357 1473 3403 et
1503 3348 1809 3402 doctrinam
1857 3347 2120 3417 Spiritum

540 3444 752 3501 eﬂicere
801 3445 945 3497 sicut
989 3444 1206 3497 videtur
1233 3441 1390 3503 Filio,
1428 3458 1536 3495 non
1580 3442 1908 3496 iuiiciamur.
1949 3441 2121 3495 Unam

540 3538 686 3590 enim
718 3537 1051 3589 voluntatem
1094 3533 1275 3588 Patris
1312 3543 1368 3588 et
1408 3532 1526 3588 Filii
1572 3542 1627 3587 et
1673 3533 1913 3604 Spiritus
1942 3535 2121 3588 sancti

541 3637 759 3681 natura!
786 3626 1101 3680 communio
1121 3633 1370 3679 testatur.
1397 3625 1577 3690 Quare
1609 3627 1652 3677 si
1690 3627 1821 3680 illud
1847 3627 1961 3680 vult
1997 3626 2122 3695 Spi-

540 3723 681 3776 ritus
710 3729 957 3783 sanctus,
989 3720 1132 3788 quod
1161 3718 1297 3771 Filio
1322 3720 1552 3781 videtur,
1587 3723 1901 3773 communio
1930 3721 2126 3773 volun-

541 3813 672 3867 tatis
728 3812 1024 3866 manifesto
1074 3812 1330 3864 essvnlite
1385 3811 1649 3864 unitatem
1706 3810 2128 3876 ostenditzsed,

544 3906 648 3972 Qui
686 3907 934 3966 mittitur.
967 3906 1062 3964 ait,
1094 3904 1157 3957 ab
1198 3906 1331 3972 ipso,
1362 3916 1409 3957 et
1443 3907 1507 3957 ab
1552 3905 1664 3971 ipso
1695 3905 1906 3969 accipit,
1948 3916 1997 3958 et
2028 3921 2123 3957 an-

543 3999 755 4053 nuntiat
782 3997 1006 4051 eruditis
1038 4008 1086 4050 et
1134 3998 1373 4050 veritatis
1412 3997 1521 4048 dua:
1560 4005 1658 4050 est.
1692 3994 1809 4050 Nisi
1836 3996 1953 4050 haec
1983 4012 2120 4065 prin.

540 4092 773 4146 dixisset
804 4090 871 4144 de
906 4089 1136 4158 Spiritu,
1167 4091 1325 4158 plane
1368 4089 1436 4142 de
1481 4089 1664 4157 aliquo
1694 4088 1838 4143 inter
1872 4090 2123 4145 homines

541 4187 767 4241 doctore
799 4184 914 4237 haec
950 4182 1057 4235 dici
1106 4180 1337 4234 audiens
1380 4180 1740 4235 existimaret.
1780 4180 1926 4234 Idem
1977 4183 2122 4236 enim

536 4287 625 4334 est
657 4277 800 4331 mitti
833 4283 888 4329 ct
914 4274 1178 4344 delegari,
1209 4282 1263 4325 et
1295 4272 1429 4325 nihil
1459 4288 1488 4325 e
1518 4271 1681 4327 domo
1713 4274 1797 4326 vel
1830 4289 1894 4327 ex
1929 4289 1990 4327 se
2028 4275 2124 4326 ha-

536 4373 691 4437 here,
722 4370 817 4424 sed
859 4382 1077 4422 sumere
1106 4381 1171 4419 ex
1204 4365 1473 4419 mittentis
1518 4365 1633 4420 sive
1674 4364 1975 4434 delegantis
2005 4382 2128 4435 gra-

540 4467 636 4529 tia,
660 4473 729 4519 ,et
770 4462 857 4517 his
906 4461 997 4530 qui
1036 4461 1306 4514 docentur
1352 4458 1517 4512 verba
1566 4457 1903 4523 ministrare,
1957 4468 2124 4529 atque

538 4553 861 4609 errantibus
892 4550 1141 4604 veritatis
1184 4566 1244 4605 se
1279 4548 1472 4602 ducem
1526 4548 1785 4618 prasbere.
1821 4546 1946 4602 Haec
1974 4539 2117 4603 enim

538 4644 724 4697 omnia
754 4642 919 4696 etiam
949 4656 1095 4695 nunc
1125 4649 1405 4710 pastorum
1436 4647 1601 4708 atque
1632 4641 1918 4696 doctorum
1969 4652 2117 4703 sunt,

538 4737 703 4804 mitti,
738 4736 1013 4805 accipere,
1050 4733 1401 4794 annuntiare,
1453 4732 1674 4795 docere,
1707 4735 1992 4789 veritatem
2026 4752 2119 4804 p0-

537 4844 670 4884 nere
699 4835 753 4883 et
786 4826 1042 4881 fundare:
1086 4839 1207 4895 quae
1251 4823 1483 4895 Spiritui
1514 4824 1709 4880 Sancto
1754 4827 1983 4898 largitur
2013 4826 2125 4881 Eu-

538 4921 780 4976 nomius.
824 4919 958 4974 Cum
1012 4929 1192 4972 autem
1246 4925 1375 4972 ante
1432 4918 1548 4974 htec
1606 4919 1837 4975 dixisset
1881 4964 1898 4991 ,
1974 4922 2120 4994 quod

536 5016 698 5067 etiam
740 5029 875 5067 unus
906 5019 985 5066 est
1022 5012 1223 5079 primus
1253 5020 1303 5065 et
1340 5011 1486 5065 satus
1533 5020 1583 5065 et
1629 5011 1872 5066 omnibus
1912 5012 2126 5079 praede

539 5108 649 5159 [ens
681 5120 701 5160 :
734 5104 778 5159 si
818 5104 1086 5157 hactenus
1124 5118 1435 5158 sermonem
1470 5103 1845 5166 terminasset,
1872 5104 2125 5160 decreto-

539 5212 661 5250 rum
719 5196 971 5249 veritatis
1024 5205 1293 5264 patronus
1342 5194 1494 5250 visus
1543 5204 1708 5251 esset.
1773 5195 1927 5252 Unus
1975 5197 2121 5251 enim

537 5305 666 5346 vere
706 5290 799 5360 qui
853 5289 1294 5358 inseparabiliter
1352 5289 1410 5342 in
1452 5305 1564 5343 uno
1619 5288 2022 5353 consideratur,
2070 5297 2125 5343 et

538 5384 748 5453 pri-nus
779 5381 833 5435 in
865 5382 1042 5452 primo
1065 5390 1119 5435 et
1148 5382 1302 5437 solus
1334 5381 1389 5436 in
1442 5382 1584 5435 solo.
1616 5380 1691 5435 Ut
1715 5382 1860 5435 enim
1895 5382 2122 5451 Spiritus

541 5478 781 5531 hominis
830 5478 922 5545 qui
959 5484 1045 5529 est
1085 5475 1141 5527 in
1184 5475 1325 5545 ipso,
1374 5486 1430 5528 et
1470 5474 1587 5542 ipse
1634 5474 1822 5535 homo,
1851 5490 1995 5528 unus
2037 5481 2123 5529 est

544 5572 725 5633 homo,
760 5568 841 5623 sic
869 5578 923 5623 et
953 5565 1192 5638 Spiritus
1229 5566 1320 5620 Dei
1355 5567 1449 5636 qui
1494 5568 1547 5620 in
1576 5566 1780 5636 ipso,et
1814 5566 1931 5636 ipse
1957 5564 2120 5629 Deus,

542 5678 687 5715 unus
729 5677 858 5715 vere
901 5671 955 5714 et
998 5662 1218 5731 proprie
1263 5661 1577 5714 nominatus
1621 5658 1789 5714 fuerit
1845 5658 2031 5715 Deus:
2065 5665 2119 5711 et

542 5758 755 5826 primus
790 5762 844 5809 et
886 5754 1060 5821 solus,
1111 5753 1207 5823 qui
1241 5768 1351 5808 non
1383 5761 1569 5824 posset
1612 5753 1683 5809 ab
1712 5768 1778 5809 eo
1808 5754 1863 5808 in
1902 5768 2012 5824 quo
2039 5762 2123 5809 est

542 5845 813 5917 “parari.
844 5844 1002 5903 Nunc
1031 5854 1211 5903 autem
1238 5860 1361 5901 cum
1396 5845 1619 5916 adjecit,
1666 5844 1969 5914 praecellens
1992 5861 2124 5919 _om-

2232 585 2489 655 Πνεῦμα,
2535 583 2933 657 προτιμοτέραν
2968 585 3078 654 ἔχει
3128 583 3238 637 τῶν
3280 583 3477 652 ἐφεξῆς
3514 583 3812 650 γεγονότων

2230 677 2328 746 τὴν
2360 677 2540 745 φύσιν.

2306 833 2530 903 Ἴδωμεν
2564 832 2619 886 δὲ
2644 833 2738 886 καὶ
2767 828 2855 886 οἷα
2881 832 3158 902 χαρίζεται
3185 833 3251 902 τῇ
3281 829 3409 904 δόξῃ
3438 830 3531 885 τοῦ
3555 829 3810 899 Πνεῦμα-

2228 941 2317 987 τος
2395 926 2424 976 6
2465 924 2564 994 τῆς
2618 924 2755 995 πρὸς
2799 924 2891 977 τὸν
2934 924 3065 977 Υίὸν
3115 923 3398 986 κοινωνίας
3448 923 3811 992 ἀπομερίσας.

2230 1011 2335 1081 Εἷς
2360 1014 2490 1085 γὰρ,
2521 1016 2705 1085 φησὶν,
2728 1016 2826 1068 καὶ
2858 1011 3037 1080 οὗτος
3068 1013 3175 1077 ὢν,
3208 1014 3304 1068 καὶ
3328 1012 3560 1081 πρῶτος
3584 1014 3678 1065 καὶ
3707 1014 3812 1081 μό-

2228 1122 2352 1171 νος,
2380 1105 2479 1159 καὶ
2515 1104 2761 1160 πάντων
2785 1105 3067 1175 προῦχων
3098 1104 3217 1158 τῶν
3244 1105 3349 1159 τοῦ
3388 1104 3526 1158 Υἱοῦ
3563 1104 3815 1172 ποιημά-

2230 1212 2348 1249 των
2380 1198 2530 1250 κατὰ
2578 1196 2694 1264 τὴν
2731 1197 2951 1251 οὐσίαν
2998 1196 3099 1249 καὶ
3147 1194 3264 1263 τὴν
3294 1195 3567 1265 ,φυσικὴν
3606 1194 3810 1258 ἀξίαν,

2230 1286 2434 1341 πᾶσαν
2448 1287 2751 1357 ἐνέργειαν
2784 1287 2882 1340 καὶ
2906 1287 3308 1341 διδασκαλίαν
3341 1286 3634 1350 ἐξανύων,
3664 1288 3815 1338 κατὰ

2227 1380 2293 1431 τὸ
2345 1378 2567 1432 δοκοῦν
2603 1377 2685 1443 τῷ
2737 1378 2867 1443 Υίῷ,
2911 1378 3288 1445 πεμπόμενος
3319 1379 3418 1430 ὑπ’
3467 1376 3676 1437 αὑτοῦ,
3711 1375 3812 1427 καὶ

2228 1471 2362 1539 παρ’
2389 1468 2575 1524 αὐτοῦ
2601 1468 2941 1539 λαμϐάνων,
2971 1469 3358 1539 ἀναγγέλλων
3382 1467 3505 1534 τοῖς
3540 1466 3813 1520 παιδευο-

2223 1565 2448 1634 μένοις,
2480 1562 2577 1616 καὶ
2609 1560 2718 1630 τῆς
2762 1562 3049 1629 ἀληθείας
3080 1561 3438 1629 ἡγούμενος.
3487 1559 3674 1612 Πᾶσάν
3705 1577 3811 1628 φη-

2229 1672 2313 1707 σιν
2346 1654 2623 1724 ἐνέργειαν
2674 1652 2768 1705 καὶ
2812 1650 3158 1705 διδασκαλίαν
3210 1649 3454 1714 ἐξανύειν
3493 1649 3555 1702 τὺ
3588 1648 3811 1719 Πνεῦμα

2226 1742 2287 1795 τὸ
2312 1741 2485 1809 ἅγιον.
2515 1741 2681 1793 Ποίαν
2723 1740 3032 1812 ἐνέργειανς
3069 1739 3305 1809 Πότερον
3354 1740 3571 1809 ἐκείνην
3601 1739 3671 1810 ἦν
3716 1740 3812 1793 καὶ

2157 1843 2199 1901 Β
2225 1836 2254 1888 6
2290 1834 2480 1901 Πατὴρ
2510 1834 2602 1887 καὶ
2625 1833 2654 1884 6
2694 1831 2823 1893 Υἱὸς
2868 1830 3009 1885 κατά
3044 1831 3137 1885 τὸν
3175 1835 3267 1884 τοῦ
3302 1831 3508 1903 Κυρίου
3533 1832 3689 1900 λόγον
3726 1832 3812 1883 ἐν·

2229 1927 2399 1996 εργεῖ,
2418 1926 2446 1977 6
2471 1924 2576 1987 ἕως
2603 1924 2727 1993 ἄρτι
2750 1924 3110 1994 ἐργαζόμενος
3137 1922 3234 1993 τὴν
3265 1922 3609 1995 ἀνθρωπίνην
3634 1940 3810 1993 σωτη-

2232 2016 2427 2085 ρίαν,ἢ
2459 2014 2625 2084 ἄλλην
2656 2013 2779 2067 τινὰ
2808 2013 2960 2084 παρά
2982 2013 3221 2084 ταύτηνς
3258 2013 3319 2066 Εἰ
3363 2014 3460 2083 μὲν
3491 2014 3600 2085 γὰρ
3628 2016 3812 2067 ἐκείἳια

2228 2102 2539 2170 ἐργάζεται,
2571 2102 2670 2173 τὴν
2704 2102 2875 2172 αὐτὴν
2911 2101 3105 2171 ἐκείνῳ
3131 2102 3349 2165 πάντως
3375 2102 3602 2171 δύναμίν
3633 2120 3691 2154 τε
3717 2104 3811 2155 καὶ

2230 2196 2390 2264 φύσιν
2418 2195 2529 2266 ἔχει
2551 2211 2566 2225 ·
2600 2195 2693 2247 καὶ
2722 2194 2783 2247 τὸ
2807 2192 2901 2247 τοῦ
2944 2193 3081 2246 Θεοῦ
3114 2195 3423 2265 ἐτερογενές
3462 2195 3555 2247 ἐπὶ
3584 2195 3678 2247 τοῦ
3703 2214 3813 2248 τοι-

2227 2287 2383 2340 ούτου
2413 2286 2596 2358 χώραν
2639 2288 2740 2339 οὐκ
2778 2286 2912 2356 ἔχει.
2959 2288 3048 2350 Ὧς
3081 2286 3190 2358 γὰρ
3216 2287 3269 2338 εί
3306 2304 3358 2338 τι
3400 2287 3469 2339 τὰ
3508 2286 3602 2340 τοῦ
3641 2289 3813 2358 πυρὸς

2228 2379 2500 2449 ἐνεργοίη,
2530 2377 2745 2448 λάμπον
2791 2394 2853 2431 τε
2906 2377 3001 2431 καὶ
3041 2377 3331 2447 θερμαῖνον
3374 2378 3667 2443 ὡσαύτως,
3701 2378 3819 2448 πῦρ

2229 2468 2344 2519 ἐστι
2378 2468 2621 2529 πάντως·
2653 2465 2825 2530 οὕτως
2847 2468 2895 2519 εί
2933 2467 2999 2519 τὰ
3024 2467 3114 2519 τοῦ
3149 2468 3361 2537 Πατρδς
3386 2468 3523 2538 ἔργα
3552 2468 3611 2521 τὸ
3637 2468 3813 2521 Πνεῦ-

2233 2578 2306 2629 μα
2341 2560 2612 2627 ποιεῖ,τῆς
2645 2559 2813 2628 αὐτῆς
2844 2558 2990 2629 αὐτῷ
3025 2559 3242 2622 πάντως
3267 2560 3480 2627 φύσεως
3513 2555 3650 2613 εἶναι
3679 2561 3811 2631 ὁμοη

2227 2649 2484 2718 λογεῖται.
2522 2649 2586 2701 El
2618 2649 2675 2701 δὲ
2717 2648 2847 2702 ἄλλο
2886 2665 2938 2700 τι
2990 2648 3140 2719 παρά
3192 2649 3290 2717 τὴν
3335 2647 3609 2718 σωτηρίαν
3652 2648 3817 2719 ἡμῶν

2228 2743 2476 2811 ἐνεργεῖ,
2510 2742 2603 2791 καὶ
2634 2738 2714 2802 εἷς
2762 2756 2812 2791 τι
2859 2737 2967 2791 τῶν
3004 2739 3258 2791 ἐναντίων
3299 2738 3667 2791 ἐπιδείκνυται
3711 2738 3811 2808 τὴν

2228 2830 2527 2897 ἐνέργειαν,
2564 2827 2731 2897 ἄλλης
2760 2826 2971 2894 φύσεώς
3000 2844 3058 2879 τε
3103 2828 3196 2881 καὶ
3247 2827 3433 2890 οὐσίας
3462 2826 3550 2879 διὰ
3606 2827 3812 2880 τούτων

2228 2919 2683 2990 ἐπιδειχθήσεται.
2737 2918 2896 2971 Ἀλλὰ
2939 2919 3044 2988 μὴν
3085 2918 3370 2982 ζωοποιεῖν
3394 2918 3595 2989 ὁμοίως
3634 2919 3811 2987 Πατρὶ

2227 3011 2320 3063 καὶ
2352 3010 2463 3079 Υἱῴ
2506 3010 2565 3062 τὸ
2611 3009 2834 3078 Πνεῦμα
2884 3010 3046 3071 αὐτὸς
3087 3011 3115 3061 ὁ
3141 3009 3314 3077 Λόγος
3362 3009 3810 3080 διαμαρτύρεται.

2228 3104 2436 3157 Οὐκοῦν
2469 3103 2529 3155 τὸ
2571 3104 2644 3173 μὴ
2695 3103 3065 3167 ἀπεξενῶσθαι
3099 3104 3314 3167 πάντως
3350 3104 3449 3174 τῆς
3479 3120 3540 3157 τε
3572 3103 3664 3157 τοῦ
3697 3107 3814 3157 Πα-

2494 3195 2592 3262 τῆς
2630 3198 2723 3247 τοῦ
2770 3194 2903 3246 Υἰοῦ
2964 3193 3180 3263 φύσεως
3216 3194 3276 3247 τὸ
3310 3192 3565 3264 Πνεῦμα,
3592 3195 3677 3249 διά
3711 3195 3812 3263 τῆς

2224 3283 2547 3352 ταυτότητος
2579 3282 2687 3335 τῶν
2730 3284 3116 3353 ἐνεργημάτων
3148 3283 3477 3353 παρίσταται
3515 3299 3529 3313 ο
3557 3284 3652 3336 καὶ
3692 3284 3810 3335 Πα-

2223 3375 2348 3443 τρὸς
2377 3375 2656 3446 ἐνέργειαν
2685 3375 2779 3427 καὶ
2811 3375 3156 3428 διδασκαλίαν
3194 3374 3437 3439 ἐξανύειν
3469 3374 3529 3427 τὸ
3556 3374 3805 3444 Πνεῦμα,

2224 3464 2363 3515 κατά
2392 3464 2451 3515 τὸ
2480 3462 2671 3516 δοκοῦν
2708 3463 2784 3533 τῷ
2816 3463 2952 3534 Υἱῷ,
2983 3465 3043 3516 οὐ
3082 3463 3384 3534 μαχόμεθα.
3420 3465 3514 3517 Ἓν
3544 3464 3650 3537 γὰρ
3688 3462 3812 3533 βοῦ-

2223 3555 2287 3625 λη
2298 3573 2372 3624 μα
2397 3551 2535 3608 εἶναι
2559 3556 2769 3626 Πατρός
2792 3574 2850 3607 τε
2874 3556 2967 3608 καὶ
2999 3555 3128 3607 Tia-3
3160 3557 3252 3608 καὶ
3286 3556 3426 3607 Πνεύ
3435 3574 3602 3625 ματος
3625 3557 3806 3624 ἁγίου,

2221 3650 2253 3713 ἡ
2278 3650 2375 3718 τῆς
2391 3649 2606 3716 φύσεως
2625 3649 2881 3702 κοινωνία
2897 3649 3163 3721 διαμαρτύ
3176 3667 3343 3719 ρεται.
3370 3651 3530 3703 Ὥστε
3562 3653 3609 3703 εἰ
3633 3654 3813 3704 ἐκεῖνο

2227 3739 2471 3808 βούλεται
2497 3741 2556 3793 τὸ
2594 3740 2819 3811 Πνεῦμα
2847 3741 2906 3793 τὸ
2947 3741 3099 3809 ἆγιον
3131 3741 3327 3794 δδοκεῖ
3360 3729 3439 3811 τῷ
3465 3741 3597 3813 Υὶῷ,
3629 3744 3661 3813 ἠ
3695 3760 3811 3796 κοι·

2224 3833 2389 3886 νωνία
2421 3832 2513 3885 τοῦ
2553 3833 2853 3904 θελήματος
2888 3832 3073 3901 σαφῶς
3123 3834 3420 3903 παρίστησι
3463 3833 3563 3905 τὴν
3589 3834 3689 3904 τῆς
3713 3837 3808 3888 οὒ-

2226 3924 2345 3986 σίας
2380 3923 2605 3993 ἑνότητα
2626 3940 2637 3953 ·
2680 3923 2838 3987 ἀλλὰ,
2878 3925 3284 3993 Πεμπόμενος,
3316 3924 3498 3994 φησιν,
3532 3927 3670 3991 παρ’
3702 3927 3810 3978 αὑ-

2224 4018 2349 4077 τοῦ,
2389 4017 2487 4070 καὶ
2530 4016 2663 4084 παρ’
2689 4016 2876 4069 αὐτοῦ
2896 4017 3236 4084 λαμϐάνων,
3272 4017 3366 4068 καὶ
3409 4016 3808 4085 ἀναγγέλλων

2225 4110 2347 4173 τοῖς
2370 4108 2844 4178 παιδευομένοις,
2874 4109 2968 4161 καὶ
3000 4107 3110 4173 τῆς
3140 4108 3425 4175 ἀληθείας
3452 4110 3803 4178 ἡγούμενος.

2226 4204 2287 4255 Et
2326 4203 2397 4272 μὴ
2430 4204 2746 4273 προειρήκει
2779 4200 2951 4254 ταῦτα
2994 4202 3123 4271 περὶ
3163 4202 3256 4253 τοῦ
3298 4202 3632 4271 Πνεύματος,
3667 4204 3808 4255 πάν-

2224 4312 2331 4357 τως
2377 4295 2442 4347 ἂν
2502 4295 2628 4365 περί
2675 4312 2820 4357 τινος
2868 4293 2978 4347 τῶν
3013 4296 3070 4347 ἐν
3120 4293 3425 4364 ἀνθρώποις
3473 4295 3808 4349 διδασκάλων

2225 4387 2398 4442 ταῦτα
2416 4388 2669 4455 λέγεσθαι
2692 4390 2728 4441 ὁ
2764 4386 2977 4441 ἀκούων
3013 4386 3278 4456 ἐνόμισεν.
3311 4388 3518 4440 Ταυτὸν
3555 4389 3663 4459 γάρ
3690 4389 3807 4441 ἐστι

2225 4482 2302 4553 τῷ
2330 4480 2641 4552 πέμπεσθαι
2669 4481 2730 4532 τὸ
2764 4480 3206 4543 ἀποστέλλεσθαι,
3240 4481 3331 4533 καὶ
3368 4480 3430 4532 τὸ
3460 4480 3624 4550 μηδὲν
3658 4481 3807 4533 οἷκο-

2228 4576 2318 4627 θεν
2356 4573 2521 4643 ἔχειν,
2552 4573 2667 4625 ἀλλ’
2708 4573 2772 4624 ἐκ
2813 4575 2913 4643 τῆς
2946 4572 3164 4643 χάριτος
3196 4572 3494 4643 λαμϐάνειν
3528 4572 3621 4625 τοῦ
3666 4574 3805 4626 ἀπο-

2225 4664 2550 4725 στέλλοντος,
2585 4664 2677 4715 καὶ
2717 4663 2982 4716 διακονεῖν
3014 4664 3129 4723 τοῖς
3159 4662 3569 4733 διδασκομένοις
3606 4665 3673 4715 τὰ
3704 4663 3806 4734 ῥή-

2227 4772 2370 4825 ματα
2394 4793 2408 4813 ,
2436 4754 2529 4806 καὶ
2573 4752 2929 4824 καθηγεῖσθαι
2964 4753 3065 4823 τῆς
3103 4753 3360 4823 ἀληθείας
3386 4756 3500 4816 τοῖς
3526 4754 3810 4824 πλανωμέ-

2222 4864 2351 4910 νοις.
2376 4845 2559 4899 Ταῦτα
2613 4846 2720 4918 γάρ
2764 4846 2940 4899 πάντα
2978 4846 3070 4899 καὶ
3119 4846 3227 4897 τῶν
3279 4845 3374 4898 νῦν
3420 4846 3691 4915 ποιμένων
3742 4863 3807 4899 τε

2224 4939 2319 4993 καὶ
2357 4938 2690 4991 διδασκάλων
2740 4938 2888 4998 ἐστὶ.
2908 4937 3224 5008 πέμπεσθαι
3243 4977 3258 5000 ,
3287 4937 3611 5007 λαμϐάνειν,
3638 4940 3808 5009 ἀναγ-

2223 5030 2452 5098 γέλλειν,
2484 5029 2774 5092 διδάσκειν,
2817 5027 3165 5082 ὑποτίθεσθαι
3203 5027 3301 5100 τὴν
3332 5028 3588 5100 ἀλήθειαν
3618 5047 3632 5060 '
3662 5031 3808 5102 ἅπερ

2224 5118 2504 5190 χαρίζεται
2553 5117 2631 5188 τῷ
2666 5116 2941 5188 Πνεύματι
2990 5117 3067 5189 τῷ
3108 5117 3245 5190 ἁγίῳ
3300 5119 3581 5187 Εὑνόμιος.
3621 5121 3805 5174 Εἰπὼν

2222 5210 2281 5261 δὲ
2333 5209 2437 5280 πρὸ
2482 5208 2684 5262 τούτων
2708 5250 2721 5272 ,
2783 5211 2867 5263 ὅτι
2924 5211 3037 5265 Καὶ
3092 5207 3181 5277 εἷς
3227 5211 3359 5265 ἐστι
3419 5212 3516 5265 καὶ
3573 5213 3804 5281 πρῶτος

2223 5300 2319 5353 καὶ
2337 5302 2543 5369 μόνος,
2584 5301 2683 5353 καὶ
2734 5300 2977 5355 πάντων
3020 5302 3336 5371 προῦχωνο
3390 5305 3437 5355 εἰ
3474 5302 3578 5366 ἕως
3612 5306 3804 5357 τούτου

2222 5394 2314 5446 τὸν
2338 5392 2491 5459 λόγον
2522 5392 2771 5463 ἔστησεν,
2807 5396 3107 5464 συνήγορος
3156 5394 3223 5448 ἂν
3251 5395 3358 5447 τῶν
3397 5396 3495 5465 τῆς
3548 5397 3805 5466 ἀληθείας

2223 5484 2393 5553 ἐφάνη
2423 5484 2727 5554 δογμάτων.
2767 5479 2862 5547 Εἷς
2890 5484 2999 5557 γὰρ
3027 5485 3105 5548 ὡς
3132 5485 3348 5556 ἀληθῶς
3389 5488 3535 5539 ἐστιν
3558 5488 3586 5539 6
3611 5488 3807 5558 ἀχωρί-

2224 5590 2363 5639 στως
2413 5575 2469 5626 ἐν
2516 5574 2594 5644 τῷ
2635 5574 2717 5627 ἐνὶ
2746 5574 3116 5645 θεωρούμενος
3140 5616 3155 5640 ,
3196 5576 3289 5629 καὶ
3317 5576 3531 5647 πρῶτος
3575 5580 3603 5630 ὁ
3639 5581 3694 5631 ἐν
3727 5577 3806 5647 τῷ

2222 5665 2443 5738 πρώτῳ,
2472 5666 2566 5720 καὶ
2600 5666 2760 5736 μόνος
2788 5669 2818 5720 ό
2847 5668 2904 5719 ἐν
2930 5666 3008 5737 τῷ
3042 5668 3205 5739 μόνῳ,
3226 5668 3312 5731 Ὠς
3342 5668 3450 5739 γὰρ
3498 5669 3557 5722 τὸ
3588 5669 3799 5740 πνεῦμα

2220 5757 2314 5812 τοῦ
2341 5756 2629 5828 ἀνθρώπου
2650 5757 2710 5811 τὸ
2767 5759 2827 5811 ἐν
2854 5757 3127 5829 αὐτῷκαὶ
3166 5760 3327 5823 αὐτὸς
3356 5762 3384 5813 ὁ
3412 5757 3799 5831 ἄνθρωπος,εῖς

2221 5852 2368 5908 ἐστιν
2407 5850 2724 5924 ἄνθρωπος,
2751 5850 2923 5915 οὕτως
2950 5853 3043 5905 καὶ
3076 5852 3135 5905 τὸ
3179 5850 3404 5926 Πνεῦμα
3448 5852 3539 5907 τοῦ
3577 5850 3712 5905 Θεοῦ
3744 5850 3802 5905 τὸ
