4146 6370
345 413 449 469 565

1471 427 1748 483 CONTRA
1791 430 2175 499 EUNOMIUM,
2222 436 2348 490 LIB.
2395 437 2456 491 ll.

3514 452 3614 505 5m;

346 536 403 587 ὲν
432 534 706 606 eliminata!
736 539 897 602 αὐτὸς
934 541 963 593 6
989 536 1231 610 Θεὸς,εἷς
1274 545 1339 597 ἂν
1365 547 1567 616 κυρίως
1595 550 1911 621 ὀνομασθείη

2040 549 2192 608 nibus
2233 550 2364 606 Filii
2393 558 2663 619 operibus,
2729 559 3006 613 turbidam
3063 561 3429 619 inversionem
3485 582 3613 623 esse

346 624 515 687 θεὸς,
551 628 645 680 καὶ
678 629 891 699 πρῶτος
926 632 1019 684 καὶ
1068 633 1246 700 μόνος,
1294 640 1623 710 χωρισθῆναι
1671 643 1779 695 ἀπὸ
1831 643 1925 695 τοῦ

344 719 403 769 ὲν
434 710 479 785 ᾧ
508 720 655 772 ἐστιν
685 722 745 772 ού
779 722 1091 793 δυνάμενος.
1141 726 1253 780 Νῦν
1274 730 1328 782 δὲ
1357 732 1614 802 προσθεὶς
1647 734 1727 796 τὸ,
1763 735 1923 788 Πάν-

345 826 461 860 των
476 811 757 879 προῦχων
779 813 896 866 τῶν
926 815 1031 869 τοῦ
1055 818 1191 871 Υἰοῦ
1214 822 1555 889 ποιημάτων
1575 839 1587 853 ·
1612 826 1924 898 ἀνατροπὴν

345 898 569 971 θολεράν
600 901 690 955 τὸν
743 902 1061 974 βλάσφημον
1111 908 1303 961 ἑαυτοῦ
1336 911 1489 978 λόγον
1534 914 1806 981 ἀπέδειξε,
1843 916 1920 988 τῷ

346 984 422 1035 ὄπ
430 1002 500 1038 ου
517 986 676 1042 θέλει
697 990 939 1047 πνέοντι
956 996 1048 1047 καὶ
1064 996 1259 1069 πάντα
1272 998 1343 1051 ἐν
1356 1001 1545 1057 πᾶσιν
1561 984 1925 1077 ἐνεργοῦν-τι,

346 1080 410 1147 τῇ
449 1080 585 1151 πρὸς
620 1082 688 1135 τὰ
741 1084 901 1138 λοιπά
935 1088 1042 1142 τῶν
1073 1092 1395 1162 ποιημάτων
1447 1099 1732 1169 συγκρίσει
1781 1118 1922 1173 παρ-

347 1168 539 1239 έχοντα
562 1176 975 1247 προτιμότερον.

418 1266 642 1337 Ἷδωμεν
667 1267 721 1319 δὲ
756 1270 848 1323 καὶ
878 1271 977 1324 ὅσα
1002 1272 1207 1339 τούτοις
1232 1277 1566 1349 προσέθηκεν
1586 1297 1599 1311 ·
1628 1280 1920 1350 Ἀτιάζὶυν,

344 1358 529 1426 φησὶν,
562 1359 705 1425 τοὺς
732 1361 958 1430 ἁγίους.
991 1364 1158 1418 Τοῦτο
1204 1368 1297 1420 ἐπὶ
1338 1368 1430 1421 τοῦ
1478 1372 1691 1441 Πατρός
1722 1390 1781 1425 τε
1828 1373 1921 1426 καὶ

340 1450 434 1503 τοῦ
467 1451 594 1505 Υἱοῦ
638 1471 720 1517 τις
766 1453 957 1522 λέγων,
1003 1457 1216 1527 ἀληθῶς
1271 1462 1401 1531 ἐρεῖ.
1442 1462 1526 1515 Ἐν
1577 1458 1657 1528 οἷς
1704 1466 1811 1536 γὰρ
1855 1466 1921 1519 ἂν

340 1547 561 1615 γένηται
587 1550 615 1601 6
650 1548 819 1615 ἅγιος,
849 1552 1037 1618 ἁγίους
1063 1557 1222 1620 ποιεῖ,
1259 1556 1335 1619 ὡς
1363 1559 1453 1611 καὶ
1487 1561 1515 1611 6
1542 1560 1743 1629 ἀγαθὸς
1785 1564 1921 1631 ἀγα-

341 1636 465 1702 θοὺς
502 1640 1093 1711 ἀπργάζεται.’¹Αγιος
1138 1644 1194 1696 δὲ
1245 1646 1335 1698 καὶ
1386 1648 1587 1715 ἀγαθὸς
1635 1653 1662 1703 ὁ
1726 1649 1917 1723 Πατὴρ

339 1725 433 1775 καὶ
460 1726 489 1776 6
528 1724 652 1788 Υίὸς
678 1728 770 1780 καὶ
796 1728 857 1781 τὸ
886 1730 1105 1801 Πνεῦμα
1128 1732 1189 1785 τὸ
1218 1732 1391 1801 ἅγιον,
1427 1737 1609 1801 καθὼς
1645 1740 1919 1794 ἀποδέδει-

338 1830 482 1867 κται.
516 1819 967 1888 Μυσταγωγῶν.
1019 1823 1185 1893 φησὶ,
1225 1825 1367 1892 τοὺς
1422 1831 1786 1899 προσιόντας
1838 1832 1917 1899 τῷ

2030 643 2258 713 impium
2300 654 2354 700 et
2409 647 2794 717 blasphemum
2845 667 3005 704 suum
3041 668 3353 709 sermonem
3392 658 3612 713 demon-

2028 737 2246 800 stravit,
2281 747 2471 792 contra
2523 755 2647 794 eum
2691 743 2784 810 qui
2832 741 2923 794 ubi
2950 744 3057 796 vult
3096 747 3262 811 spirat
3298 746 3365 810 “,
3415 758 3468 803 ct
3517 751 3613 821 qui

2026 828 2203 878 omnia
2234 828 2287 881 in
2324 830 2562 883 omnibus
2594 842 2840 898 aperatur
2872 834 2939 898 ",
2973 851 3095 887 cum
3129 837 3175 888 ei
3202 852 3297 904 per
3329 854 3606 909 compara-

2026 916 2230 970 tionem
2267 933 2393 971 cum
2420 923 2648 990 reliquis
2676 925 2949 978 creaturis
2980 925 3445 984 honorabiliorem
3486 947 3597 1002 gra-

2025 1008 2154 1062 dum
2185 1009 2299 1064 sive
2332 1010 2510 1065 locum
2548 1014 2761 1068 tribuit.

2100 1265 2392 1323 Videamus
2436 1279 2618 1325 autem
2660 1287 2783 1342 quae
2809 1275 2972 1327 etiam
3007 1274 3092 1328 his
3129 1275 3363 1343 adjecit:
3391 1277 3599 1332 Sancti-

2024 1358 2211 1423 ἥσσης,
2246 1359 2444 1430 inquit,
2470 1372 2681 1417 sanctos
2703 1405 2719 1430 ,
2764 1364 2867 1417 hoc
2905 1366 2972 1421 de
3004 1365 3163 1421 Patre
3190 1379 3243 1422 et
3270 1367 3410 1423 Filio
3440 1372 3601 1425 simul

2021 1452 2147 1520 quis
2178 1451 2369 1507 dicens
2403 1469 2528 1509 vere
2560 1456 2890 1512 enuntiabit.
2933 1461 2991 1513 In
3023 1462 3224 1529 quibus
3254 1464 3400 1517 enim
3439 1460 3599 1520 fuerit

2023 1550 2272 1608 sanctus,
2324 1556 2547 1600 sanctos
2595 1548 2745 1612 facit,
2781 1550 2926 1603 sicut
2956 1553 3120 1605 etiam
3153 1554 3331 1609 bonus
3376 1571 3501 1610 cum
3529 1558 3599 1612 sit

2023 1634 2198 1689 bonos
2228 1636 2411 1691 elﬁcit.
2451 1635 2713 1705 Sanctus,
2761 1643 2958 1710 bonus,
2993 1644 3176 1711 Pater,
3218 1656 3272 1703 et
3298 1649 3492 1715 Filius,
3548 1663 3595 1705 et

2023 1724 2259 1796 Spiritus
2285 1738 2531 1796 sanctus,
2566 1732 2709 1786 sicut
2733 1734 3167 1792 demonstratum
3218 1749 3320 1798 est.
3349 1740 3598 1803 Initiaus,

2021 1816 2217 1886 inquit,
2246 1835 2334 1874 eos
2351 1823 2443 1889 qui
2462 1824 2718 1877 accedunt
2738 1827 2807 1877 ad
2833 1831 3171 1896 mysterium:
3218 1832 3319 1884 hoc
3343 1834 3599 1900 praeclare

334 1908 660 1974 μυστηρίῳ.
696 1909 865 1963 Τοῦτο
908 1890 1089 1976 καλῶς
1128 1914 1239 1985 ἔχει
1280 1890 1477 1985 λέγειν⁷
1503 1896 1645 1990 περὶ.
1675 1890 1911 1974 Ἀπολλῶ

2021 1918 2197 1978 potest
2232 1911 2419 1967 dicere
2462 1914 2529 1968 de
2570 1917 2766 1983 Apollo
2820 1890 3215 1989 plantationem
3266 1890 3415 1976 Pauli
3473 1924 3599 1976 irri-

333 1996 427 2049 τοῦ
482 1998 583 2069 τὴν
630 2003 853 2069 φυτείαν
898 2004 1108 2057 Παύλου
1156 2007 1483 2071 ποτίζοντος.
1537 2013 1759 2065 Φυτεύει
1821 2015 1918 2084 μὲν

333 2088 441 2159 γὰρ
484 2089 571 2142 διὰ
620 2091 717 2160 τῆς
753 2092 1109 2165 καθηγήσεως
1155 2099 1184 2151 6
1237 2098 1573 2165 Ἄπόστολος,
1616 2102 1823 2166 ποτίζει
1860 2105 1916 2157 δὲ

337 2182 611 2249 βαπτίζων
638 2185 666 2236 6
703 2186 993 2251 Ἀπολλὼς,
1039 2189 1126 2242 διὰ
1170 2192 1269 2262 τῆς
1321 2196 1589 2265 μυστικῆς
1627 2197 1919 2267 ἀναγεννή-

336 2289 471 2336 σεως
515 2277 803 2345 προσάγων
847 2280 969 2341 τοὺς
1024 2281 1172 2352 παρά
1221 2285 1431 2337 Παύλου
1482 2289 1918 2357 κατηχουμένους

330 2364 410 2433 τῷ
469 2369 771 2437 μυστηρίῳ.
823 2371 1033 2425 Οὐκοῦν
1091 2376 1170 2437 εἰς
1232 2376 1294 2427 τὸ
1351 2379 1609 2447 ὁμότιμον
1671 2379 1790 2445 ἀγει
1840 2380 1917 2449 τῷ

345 2459 581 2513 Ἀπολλὼ
614 2462 674 2513 τὸ
714 2462 801 2515 διὰ
836 2464 926 2516 τοῦ
957 2466 1332 2537 βαπτίσματος
1376 2470 1613 2523 τελειοῦν
1660 2474 1785 2534 τοὺς
1821 2474 1914 2524 ἀν-

333 2550 604 2621 θρώπους.
636 2554 953 2623 Διανέμων,
978 2558 1164 2629 φησὶν,
1204 2561 1410 2615 πᾶσαν
1439 2561 1684 2630 δωρεάν.
1730 2564 1914 2635 Τούτῳ

331 2644 424 2695 καὶ
456 2646 616 2714 ἡμεῖς
642 2647 1013 2718 συντιθέμεθα.
1042 2652 1155 2703 Πᾶν
1182 2652 1311 2723 γὰρ,
1339 2655 1365 2706 ὅ
1390 2654 1440 2707 τί
1470 2655 1573 2726 πέρ
1595 2658 1739 2708 ἐστιν
1772 2657 1909 2723 ἀγα-

332 2734 443 2797 θον,
472 2735 578 2789 τῶν
621 2737 713 2790 τοῦ
764 2740 916 2807 ἁγίου
963 2742 1279 2812 Πνεύματος
1320 2745 1534 2815 δωρεῶν
1582 2747 1734 2817 μερίς
1772 2749 1905 2802 ἐστι.

332 2831 378 2880 Σ
384 2829 662 2897 υνεργκῦν,
694 2835 847 2902 φησὶ,
884 2834 1005 2899 τοῖς
1028 2838 1264 2903 πιστοῖς
1301 2841 1387 2904 εἰς
1417 2841 1782 2906 κατανόησιν
1811 2842 1909 2894 καὶ

330 2923 577 2988 θεωρίαν
603 2921 723 2976 τῶν
748 2924 1230 2997 διατεταγμένων.
1255 2930 1373 2982 Τῶν
1393 2931 1445 2983 δὲ
1466 2932 1612 3000 παρά
1639 2933 1781 2994 τίνος
1800 2932 1911 2986 δια-

329 3013 677 3083 τεταγμένων
702 3016 778 3087 μὴ
807 3017 1081 3087 προσθεὶς,
1112 3020 1409 3090 ἀμφίϐολον
1437 3020 1526 3073 τὸν
1551 3022 1704 3090 λόγον
1725 3027 1881 3095 ὲποίη
1898 3056 1909 3064 -

331 3122 444 3167 σεν,
476 3108 584 3160 εἴτε
608 3108 800 3179 ὀρθῶς,
830 3111 937 3163 εἴτε
964 3112 1057 3167 καὶ
1088 3113 1162 3176 ὡς
1193 3115 1392 3184 ἑτέρως
1420 3114 1552 3185 ἔχει.
1594 3116 1731 3169 Ἀλλ’
1754 3120 1911 3187 ἡμεῖς

2018 2003 2269 2069 gante".
2310 2002 2525 2059 Plantat
2562 2008 2709 2061 enim
2742 2011 3039 2079 Apostolus
3084 2030 3181 2083 per
3222 2015 3595 2083 magisterium

2018 2092 2133 2147 sive
2167 2094 2606 2163 institutionem;
2643 2099 2785 2169 rigat
2812 2110 2991 2157 autem
3020 2104 3214 2174 Apollo
3246 2106 3591 2175 baptizando,

2018 2199 2116 2251 per
2157 2188 2447 2256 mysticam
2490 2191 2604 2244 sive
2648 2191 2911 2247 initialem
2954 2198 3445 2265 regenerationem,
3500 2214 3595 2253 cos

2017 2278 2108 2345 qui
2135 2292 2163 2330 a
2189 2277 2359 2333 Paulo
2390 2281 2819 2338 instituebantur
2845 2286 3125 2344 adducens
3148 2290 3213 2343 ad
3248 2293 3589 2361 mysterium.

2021 2367 2174 2421 llunc
2231 2370 2396 2435 igitur
2437 2371 2642 2426 honore
2682 2389 2865 2443 parem
2920 2374 3050 2429 facit
3099 2394 3221 2431 cum
3258 2380 3471 2448 Apollo,
3509 2391 3594 2433 ut-

2015 2467 2141 2527 pote
2160 2461 2250 2527 qui
2274 2476 2370 2530 per
2393 2462 2722 2532 baptismum
2743 2466 2991 2523 homines
3014 2469 3209 2523 initiet.
3239 2462 3593 2533 Distiibuens,

2014 2550 2209 2619 inquit,
2240 2555 2383 2606 omni
2415 2573 2565 2609 omne
2593 2557 2810 2611 donum.
2846 2559 2983 2615 Huic
3010 2563 3169 2615 etiam
3196 2579 3295 2617 nos
3328 2564 3595 2633 astipula-

2012 2657 2135 2694 mur
2176 2658 2187 2692 :
2229 2644 2596 2713 quodcunque
2619 2648 2763 2700 enim
2792 2649 2994 2703 bonum
3021 2661 3124 2715 est,
3152 2653 3393 2721 Spiritus
3418 2657 3590 2709 sancti

2012 2733 2280 2787 donarunt
2317 2751 2446 2804 pars
2480 2747 2583 2791 est.
2618 2737 2943 2807 Cooperans,
2999 2743 3199 2812 inquit,
3244 2745 3487 2813 ﬁdelibus
3525 2748 3594 2799 ad

2011 2828 2358 2895 cognitionem
2387 2838 2436 2881 et
2459 2832 2867 2897 speculationem
2887 2833 3180 2900 jussorum.
3218 2839 3258 2888 A
3278 2853 3385 2905 quo
3411 2847 3589 2892 autem

2006 2915 2312 2982 jnssorum,
2363 2920 2491 2985 quia
2529 2936 2636 2971 non
2666 2921 2883 2987 adjecit,
2930 2924 3249 2991 ambiguum
3282 2940 3591 2979 sermonem

2011 3008 2252 3075 reliquit,
2302 3009 2414 3063 sive
2450 3018 2596 3063 recte
2632 3011 2748 3065 sive
2788 3013 2952 3065 etiam
2990 3014 3147 3066 aliter
3179 3029 3266 3067 res
3319 3030 3378 3069 se
3407 3015 3590 3070 habet.

2012 3097 2115 3150 Sed
2148 3114 2248 3153 nos
2277 3100 2465 3168 pietati
2499 3100 2647 3169 quod
2679 3101 2885 3154 dictum
2915 3110 3000 3156 est
3026 3104 3410 3159 adhibebimus
3436 3106 3588 3160 brevi

326 3200 392 3267 τῇ
421 3188 669 3271 εὐᾶεϐείᾳ
694 3200 753 3253 τὸ
777 3203 1064 3272 εἰρημένον
1088 3205 1423 3275 προσέξομεν
1448 3207 1513 3259 δι’
1540 3206 1725 3277 ὀλίγης
1752 3226 1911 3279 προσ·

2017 3187 2338 3256 adjectione.
2395 3192 2678 3260 Siquidem
2728 3193 2842 3248 sive
2898 3210 3078 3249 sermo
3120 3196 3422 3265 sapientiae,
3478 3199 3593 3251 sive

329 3286 520 3359 θήκης.
568 3290 781 3361 Ἐπειδὴ
823 3293 931 3363 γὰρ
984 3295 1091 3346 εἴτε
1137 3295 1290 3361 λόγος
1340 3297 1549 3364 σοφίας,
1598 3298 1707 3351 εἴτε
1756 3299 1911 3367 λόγος

327 3379 600 3446 γνώσεως,
631 3381 741 3434 εἴτε
798 3383 1000 3447 πίστις,
1053 3386 1161 3437 εἴτε
1213 3387 1516 3456 ἀντίληψις,
1558 3391 1667 3442 είτε
1715 3389 1912 3461 κυϐέρ-

326 3486 501 3539 νησις,
543 3472 653 3525 εἴτε
704 3492 756 3526 τι
803 3474 988 3544 ἕτερον
1033 3477 1091 3527 ὲν
1138 3479 1249 3539 τοῖς
1292 3477 1555 3540 σώζουσιν
1592 3481 1741 3549 ἡμᾶς
1776 3482 1903 3534 ἀνα-

326 3560 655 3632 γέγραπται,
697 3564 881 3618 ταῦτα
908 3564 1101 3618 πάντα
1120 3567 1350 3636 ἐνεργεῖ
1365 3568 1429 3620 τὸ
1463 3568 1532 3621 ἐν
1551 3570 1649 3624 καὶ
1678 3571 1743 3623 τὸ
1764 3572 1909 3623 αὐτὸ

326 3653 589 3721 Πνεῦμα,
634 3653 901 3723 διαιροῦν
948 3657 1069 3724 ἰδίᾳ
1104 3657 1337 3725 ἑκάστῳ
1370 3661 1563 3726 καθὼς
1597 3663 1907 3725 ,ϐούλεται-

323 3748 515 3803 τούτου
557 3746 741 3800 ἕνεκεν
772 3748 872 3801 οὐκ
895 3749 1269 3819 ἀποϐάλλομεν
1295 3751 1387 3804 τοῦ
1417 3753 1679 3823 Εὑνομίου
1706 3754 1795 3807 τδν
1824 3757 1909 3807 λό-

327 3852 443 3905 γον,
480 3839 721 3901 εἰπόντος
748 3843 1027 3910 συνεργεῖν
1052 3841 1112 3892 τὸ
1145 3841 1362 3911 Πνεῦμα
1402 3847 1512 3906 τοῖς
1542 3848 1751 3908 πιστοῖς
1776 3846 1909 3917 πρὸς

328 3930 651 3999 κατανόησιν
683 3932 775 3983 καὶ
809 3931 1040 4003 θεωρίαν
1072 3934 1181 3985 τῶν
1215 3938 1342 4005 παρ’
1363 3937 1527 3987 αὑτοῦ
1561 3936 1909 4008 διατεταγμέ-

326 4036 431 4071 νων
467 4020 558 4072 τοῦ
613 4020 940 4091 Πνεύματος,
987 4023 1072 4076 διὰ
1109 4023 1169 4076 τὸ
1216 4025 1390 4078 πάντα
1438 4028 1567 4096 ἡμῖν
1614 4027 1679 4081 τὰ
1727 4029 1905 4096 ἀγαθά

326 4110 628 4179 διδάγματα
650 4113 779 4184 παρ’
811 4114 974 4167 αὑτοῦ
996 4114 1361 4183 διατετάχθαι.
1400 4116 1686 4184 Ὑπηχῶν,
1724 4121 1905 4189 φησὶν,

325 4203 690 4272 εὐχομένοις.
740 4204 937 4258 Τούτου
981 4206 1072 4258 τοῦ
1104 4207 1265 4276 ῥητοῦ
1300 4207 1396 4277 τὴν
1426 4209 1684 4269 διάνοιαν,
1724 4211 1905 4279 μωρδν

324 4292 392 4345 ἂν
441 4293 523 4364 εἴη
583 4293 723 4347 κατά
779 4296 1014 4366 σπουδὴν
1067 4298 1408 4368 ἀπελέγχειν,
1466 4299 1691 4351 αὐτόθεν
1744 4302 1907 4353 πᾶσιν

326 4384 522 4454 ὲπίσης
547 4384 640 4437 τοῦ
678 4385 885 4453 γελοίου
918 4404 977 4439 τε
1006 4389 1099 4441 καὶ
1140 4390 1366 4460 ἀνοήτου
1410 4389 1508 4458 τῆς
1556 4389 1750 4454 λέξεως
1782 4391 1909 4443 ταύ-

324 4491 424 4543 της
457 4478 906 4548 προφαινομένου.
934 4479 1028 4543 Τίς
1054 4480 1161 4551 γὰρ
1184 4480 1325 4534 οὕτω
1347 4482 1661 4553 παράφορος
1691 4483 1784 4535 καί⁵
1812 4484 1908 4553 τῆς

2015 3295 2197 3334 sermo
2217 3284 2576 3351 cognitionis,
2611 3286 2726 3339 sive
2760 3284 2912 3347 ﬁdes,
2944 3286 3057 3341 sive
3091 3290 3453 3358 recuperatio,
3479 3292 3594 3346 sive

2012 3375 2357 3442 gubernatio.
2407 3376 2525 3431 sive
2556 3376 2687 3446 quid
2720 3378 2870 3432 aliud
2916 3380 3059 3433 inter
3086 3394 3148 3433 ea
3179 3396 3300 3450 qua:
3348 3397 3448 3437 nos
3477 3397 3593 3435 scr-

2012 3476 2143 3519 vant
2196 3466 2460 3536 scriptum
2514 3476 2631 3532 est,
2672 3468 2783 3522 hwc
2835 3469 3015 3523 omnia
3059 3480 3307 3537 operatur
3348 3488 3482 3525 unus
3542 3485 3591 3527 et

2012 3557 2154 3611 idem
2188 3556 2443 3627 Spiritus,
2474 3558 2712 3613 dividens
2732 3560 2950 3629 propria
2985 3561 3170 3629 cuique
3190 3573 3345 3629 prout
3370 3564 3479 3617 vult
3504 3566 3545 3595 ’⁷
3572 3579 3589 3616 :

2003 3648 2169 3718 hujus
2201 3663 2367 3703 causa
2400 3665 2508 3702 non
2558 3650 2915 3719 repudiamus
2947 3648 3202 3704 Eunomii
3252 3667 3587 3717 sermonem,

1965 3762 1978 3777 -
2011 3755 2134 3793 cum
2165 3738 2305 3793 dixit
2333 3739 2593 3806 Spiritum
2623 3744 2904 3811 cooperari
2944 3743 3195 3799 ﬁdelibus
3227 3746 3294 3799 ad
3325 3747 3590 3816 cognitio-

2013 3847 2134 3884 nem
2172 3840 2226 3886 et
2270 3832 2783 3901 contemplationem
2818 3850 3009 3887 eorum
3044 3851 3166 3904 qua:
3202 3838 3271 3891 ab
3319 3838 3437 3907 ipso
3462 3838 3590 3908 Spi-

2012 3925 2118 3977 ritu
2167 3924 2321 3992 jussa
2355 3932 2483 3978 sunt
2514 3932 2568 3977 et
2599 3924 2882 3987 ordinata;
2938 3927 3066 3995 quia
3096 3930 3275 3981 omnia
3322 3930 3463 3983 bona
3494 3930 3590 3984 de-

2011 4023 2158 4069 creta
2188 4015 2348 4069 nobis
2394 4016 2463 4069 ab
2517 4016 2635 4083 ipso
2664 4015 2923 4069 mandata
2966 4025 3093 4070 sunt
3123 4028 3175 4071 et
3218 4019 3414 4073 edicta.
3452 4018 3587 4074 Suc-

2011 4108 2210 4165 cinens,
2249 4108 2442 4175 inquit,
2499 4108 2955 4174 supplicantibus:
2990 4110 3155 4179 hujus
3190 4111 3318 4165 dicti
3354 4124 3587 4166 mentem

2011 4200 2240 4253 stultum
2278 4198 2444 4254 fuerit
2489 4201 2634 4254 serio
2672 4203 3021 4270 redarguere,
3073 4220 3196 4257 cum
3227 4221 3292 4258 ex
3325 4205 3443 4273 ipso
3473 4220 3591 4258 om-

2012 4294 2172 4346 nibus
2192 4292 2480 4345 ridiculum
2507 4293 2711 4361 pariter
2734 4302 2789 4345 et
2814 4293 3065 4347 insanum
3090 4295 3190 4348 hac
3210 4296 3325 4364 ipsa
3350 4296 3589 4351 dictione

2010 4382 2146 4436 satis
2195 4390 2468 4451 appareat.
2502 4382 2638 4447 Quis
2691 4385 2836 4438 enim
2877 4384 2951 4437 ita
3004 4386 3207 4441 mentis
3255 4400 3496 4457 prmccps
3538 4396 3591 4441 ct

2009 4483 2225 4531 νθοονεν
2273 4489 2322 4536 et
2363 4477 2432 4532 ab
2468 4475 2817 4550 intelligentia
2846 4475 3112 4547 dimotus,
3144 4492 3204 4537 ut
3230 4493 3506 4552 exspectet
3558 4489 3587 4527 ³

324 4564 558 4629 διανοίας
586 4568 911 4640 ἐξεστηκὼς,
938 4570 1011 4634 ὡς
1046 4574 1328 4641 ἀναμεῖναι
1358 4574 1659 4643 παρ’ήμῶν
1689 4574 1902 4642 μαθεῖν,

2013 4560 2171 4614 nobis
2201 4560 2409 4623 doceri,
2447 4562 2593 4630 quod
2627 4563 2863 4632 Spiritus
2893 4574 3120 4620 sanctus
3145 4580 3252 4618 non
3283 4577 3365 4619 est
3400 4566 3590 4620 tintinc

324 4658 406 4710 ὅτι
443 4658 540 4710 οὐκ
579 4658 691 4711 ἔστι
722 4659 964 4731 κώδωνῆ
996 4661 1149 4725 πίθος
1179 4663 1421 4725 διάκενος
1466 4662 1525 4715 τὸ
1573 4661 1796 4733 Πνεῦμα
1841 4664 1903 4717 τὸ

326 4749 512 4818 ἅγιον,
548 4746 659 4805 οἷόν
685 4769 792 4807 τινι
829 4754 1007 4825 πληγῇ
1058 4757 1122 4825 τῇ
1159 4758 1306 4825 φωνῇ
1347 4754 1439 4809 τοῦ
1478 4754 1768 4825 εὐχομένου
1802 4756 1903 4807 ὑπ-

325 4841 471 4910 ηχῶν
500 4842 590 4894 καὶ
612 4842 927 4912 δονούμενος
950 4861 964 4908 ;
1001 4844 1273 4915 Ὁδηγῶν,
1298 4846 1450 4913 φησὶ,
1482 4846 1632 4913 πρὸς
1657 4846 1722 4899 τὸ
1747 4860 1901 4914 συμ-

324 4934 526 5003 φέρον.
560 4934 729 4988 Τοῦτο
766 4938 858 4989 καὶ
890 4938 918 4988 6
944 4937 1133 5009 Πατὴρ
1164 4939 1257 4991 καὶ
1299 4940 1327 4990 6
1349 4938 1474 5002 Υἱὸς
1511 4937 1711 5008 ὁμοίως
1739 4940 1899 4990 ποιεῖ.

337 5024 554 5094 ὐδηγεῖ
589 5025 696 5095 γὰρ
723 5026 853 5079 ὡσεὶ
882 5026 1151 5097 πρόϐατον
1182 5027 1272 5079 τὸν
1315 5028 1531 5098 Ἰωσὴφ,
1569 5027 1662 5079 καὶ
1690 5026 1905 5097 ὡδήγη-

328 5134 418 5168 σεν
444 5117 518 5179 ὡς
555 5117 798 5185 πρόϐατα
843 5118 930 5171 τὸν
971 5118 1095 5172 λαὸν
1124 5119 1309 5172 αὐτοῦ.
1358 5120 1465 5173 Καὶ
1495 5119 1553 5171 τὸ
1587 5118 1809 5189 Πνεῦμα
1844 5119 1905 5171 τὸ

326 5207 526 5277 ἀγαθὸν
557 5210 741 5278 ὁδηγεῖ
760 5211 906 5281 ἡμᾶς
952 5213 1011 5263 ὲν
1032 5213 1102 5281 γῇ
1132 5211 1335 5281 εὐθείᾳ.
1377 5211 1716 5293 Κρατύνων,
1748 5212 1900 5281 φησὶ,

325 5298 473 5366 πρὸς
504 5300 834 5354 εὐσέϐειαν.
871 5300 1005 5354 Θεοῦ
1036 5302 1194 5373 ἔργον
1225 5304 1253 5356 6
1291 5302 1455 5356 Δαϐὶδ
1482 5302 1629 5371 λέγει
1657 5301 1793 5355 εἶναι
1845 5302 1905 5356 τὸ

326 5393 383 5445 ιν
420 5392 668 5465 εὐσεϐείᾳ
708 5394 997 5464 κρατύνειν
1039 5395 1131 5448 τὸν
1181 5393 1486 5465 ἄνθρωπον.
1536 5396 1904 5464 Κραταίωσις

281 5482 290 5569 ᾗ
323 5488 433 5556 γάρ
460 5504 579 5555 μου
606 5485 711 5539 καί
730 5483 1042 5553 καταφυγή
1078 5503 1198 5554 μου
1224 5482 1283 5540 εἷ
1304 5486 1407 5550 σὺν
1438 5487 1601 5557 φησιν
1625 5488 1652 5540 ὁ
1685 5487 1905 5559 Προφή“

281 5579 300 5680 )
326 5593 423 5641 της
446 5593 459 5605 ο
490 5575 585 5627 καὶ
616 5575 832 5644 Κύριος
865 5576 1200 5644 κραταίωμα
1232 5576 1338 5630 τοῦ
1366 5576 1520 5631 λαοῦ
1562 5577 1777 5631 αὐτοῦ·
1807 5577 1905 5631 καὶ

325 5656 464 5680 ..Α’.-λ
520 5661 578 5680 (\I
627 5666 761 5680 ,_,n:
1040 5666 1050 5680 ι
1269 5669 1279 5680 ι
1499 5666 1521 5676 ~
1569 5672 1585 5680 -
1644 5668 1664 5678 ι-
1751 5671 1761 5680 .
1853 5670 1878 5680 ~

317 5675 352 5709 tt
364 5656 501 5725 ὺτὸς
510 5661 681 5716 δώσει
694 5666 948 5735 δύναμιν
959 5666 1053 5719 καὶ
1070 5669 1431 5735 κραταίωσιν
1454 5666 1530 5733 τῷ
1550 5668 1675 5733 ,λαῷ
1696 5670 1901 5724 αὑτοῦ.

398 5779 442 5808 ’⁸
470 5776 627 5832 Joan.
660 5795 739 5837 tu.
775 5781 827 5834 8.
904 5781 950 5812 "
989 5779 1005 5833 1
1040 5781 1159 5835 Cor.
1189 5798 1283 5843 xu,
1322 5781 1371 5835 6.
1449 5782 1492 5813 η
1529 5782 1547 5835 l
1583 5780 1707 5837 For.
1735 5798 1817 5847 ιιι,
1845 5783 1897 5835 6.

329 5848 392 5910 '5;
427 5866 551 5908 xxx.
589 5850 635 5901 6.
723 5851 766 5880 ³⁶
799 5850 939 5906 l‘sal.
988 5868 1174 5917 xxvm,
1218 5853 1296 5904 ll.

2012 4652 2271 4707 uabulum
2321 4661 2416 4707 aut
2457 4654 2661 4708 dolium
2699 4656 2884 4720 inane,
2917 4657 3012 4726 qui
3052 4658 3203 4711 velut
3246 4658 3377 4709 ictui
3426 4658 3587 4711 alicui

2009 4744 2369 4813 supplicantis
2428 4744 2543 4798 voci
2611 4747 2877 4800 subsouet
2927 4756 2981 4801 et
3030 4748 3279 4801 succinat
3328 4749 3588 4817 agitatus?

2011 4836 2283 4890 Deducens
2323 4836 2376 4889 in
2407 4838 2565 4902 viam,
2603 4839 2799 4905 inquit,
2843 4841 2937 4894 sed
2973 4839 3042 4891 ad
3071 4839 3126 4890 id
3154 4838 3292 4907 quod
3320 4840 3588 4893 conducit:

2008 4926 2114 4980 hoc
2144 4928 2309 4981 etiam
2354 4924 2514 4981 Pater
2554 4937 2608 4981 et
2642 4926 2816 4982 Filius
2850 4930 3105 4982 similiter
3156 4929 3315 4995 facit;
3367 4930 3587 4985 deducit

2010 5021 2156 5074 enim
2189 5021 2333 5073 velut
2362 5034 2516 5073 ovem
2548 5019 2771 5089 Joseph,
2796 5032 2849 5075 et
2878 5022 3103 5075 deduxit
3137 5022 3285 5075 velut
3304 5037 3456 5077 ovem
3487 5038 3586 5092 po-

2011 5114 2197 5181 pulum
2246 5128 2406 5167 suum
2431 5113 2497 5175 ’⁸,
2556 5123 2609 5166 et
2649 5113 2893 5182 Spiritus
2939 5123 3167 5169 sanctus
3202 5130 3305 5168 nos
3350 5115 3403 5169 in
3439 5115 3585 5168 viam

2009 5211 2213 5256 rectam
2254 5203 2495 5258 deducit.
2542 5202 2906 5271 Couﬁrmans,
2955 5205 3150 5273 inquit,
3206 5206 3275 5259 ad
3308 5208 3586 5274 pietatem:

2012 5293 2103 5349 Dei
2137 5311 2275 5363 opus
2304 5293 2467 5347 Daxid
2501 5310 2625 5349 esse
2648 5294 2799 5359 dicit,
2840 5295 3115 5349 hominem
3149 5298 3203 5350 in
3239 5298 3437 5367 pietate
3459 5314 3590 5351 con-

2010 5386 2246 5440 ﬁrmare.
2279 5387 2547 5454 Quoniam
2590 5386 2978 5454 ﬁrmamentum
3023 5404 3194 5442 meum
3236 5399 3286 5442 et
3328 5390 3590 5457 refugium

2007 5496 2175 5533 meum
2207 5496 2261 5532 es
2295 5495 2382 5543 tu,
2414 5478 2591 5547 inquit
2631 5478 2901 5549 Propheta
2936 5483 3001 5545 ε’,
3033 5493 3081 5535 et
3112 5480 3369 5534 Dominus
3402 5482 3590 5549 ﬁrma-

2008 5581 2239 5626 mentum
2279 5571 2458 5637 populi
2513 5571 2627 5633 sui,
2670 5580 2718 5623 et
2762 5571 2870 5639 ipse
2910 5572 3058 5625 dabit
3102 5575 3349 5627 virtutem
3387 5582 3434 5625 et
3491 5574 3590 5639 ﬁr-

2009 5664 2292 5724 mgtioncm
2341 5660 2533 5728 populo
2579 5678 2677 5716 suo
2716 5661 2783 5714 ⁸⁰.
2828 5661 2953 5717 llaec
2992 5664 3177 5733 igitur,
3208 5662 3252 5717 si
3282 5662 3425 5715 dicta
3462 5669 3590 5716 sunt

1993 5782 2035 5813 "
2070 5778 2241 5833 lCor.
2282 5792 2375 5841 xu,
2412 5777 2497 5830 11.
2575 5778 2619 5808 ’⁸
2652 5776 2793 5833 Psal.
2829 5794 3012 5841 LXXHC,
3052 5779 3105 5831 εὶ.
3201 5780 3244 5810 ³·
3275 5777 3418 5831 l’sal.
3458 5791 3585 5839 axz.
