4146 6370
467 367 569 424 537

1753 370 1810 424 S.
1849 370 2174 425 GllEGORll
2215 370 2504 426 NYSSENI

3633 370 3740 426 568

467 489 771 543 secundum
796 497 1030 546 mentem
1048 490 1345 560 prophetae,
1367 489 1584 544 deitatis
1607 489 1844 560 Spiritus
1867 493 2042 546 sancti

2166 493 2355 546 )ὑκοῦν
2392 493 2563 546 ταῦτα
2595 495 2643 546 εί
2686 492 2824 545 κατά
2852 491 2940 544 τὸν
2980 489 3312 561 προφητικὸν
3340 489 3555 560 εἴρηται
3585 487 3738 552 νοῦν,

469 587 601 632 sunt
649 580 983 633 testimonia.
1017 578 1174 645 Quod
1223 581 1270 633 si
1320 580 1620 650 prophetia:
1669 582 2050 646 adversentur,

472 686 570 740 per
602 671 706 724 hoc
745 672 924 741 ipsum
957 680 1252 727 accusatur
1280 672 1640 742 blasphemia,
1683 675 1810 743 quia
1844 677 2051 730 sanctis

473 764 755 831 prophetis
800 765 1078 818 contraria
1122 779 1374 819 sermone
1415 774 1622 820 censet.
1657 765 1866 820 Deinde
1894 767 2049 831 dicit,

473 853 785 908 illuminans
814 856 1022 908 animas
1049 855 1246 910 lumine
1275 855 1620 926 cognitionis:
1645 855 1788 909 hanc
1818 857 2049 926 gratiam

473 955 528 1000 et
559 945 708 999 Patri
753 955 808 1000 et
836 945 976 1000 Filio
1007 955 1060 1001 et
1093 947 1321 1016 Spiritui
1365 955 1557 1001 sancto
1597 946 1820 1016 pietatis
1869 964 2052 1002 sermo

475 1039 720 1092 ascribit.
756 1039 849 1092 Illa
871 1041 1016 1092 enim
1056 1039 1385 1093 illuminatio
1415 1056 1444 1093 a
1481 1039 1683 1094 Davide
1715 1041 2048 1105 nominatur,

475 1142 530 1182 et
559 1130 706 1182 illinc
741 1130 922 1182 lumen
956 1130 1286 1199 cognitionis
1333 1131 1398 1185 iis
1429 1131 1521 1199 qui
1557 1131 1936 1186 illuminantur
1969 1134 2052 1186 in-

478 1221 755 1275 nascitur.
790 1218 1056 1274 Similiter
1081 1223 1352 1274 rationum
1387 1223 1635 1291 purgatio
1665 1225 1966 1294 proprium.
1996 1234 2053 1277 ut

478 1312 552 1364 ait
605 1311 979 1379 Scriptura",
1031 1312 1252 1366 virtutis
1296 1311 1529 1368 Domini.
1582 1313 1718 1368 Nam
1770 1315 2049 1384 splendor.

479 1403 648 1471 gloria
684 1411 738 1455 et
765 1402 1054 1456 character
1087 1403 1405 1456 substantiae
1444 1405 1821 1474 purgationem
1857 1420 2050 1474 pecca-

481 1504 660 1545 torum
719 1501 1032 1547 nostrorum
1083 1492 1232 1546 fecit.
1286 1493 1486 1549 Arcere
1536 1497 1848 1561 daemonas,
1905 1498 2049 1566 quod

485 1579 722 1648 Spiritus
748 1584 1028 1652 proprium
1061 1583 1195 1636 dicit
1221 1583 1541 1647 Eunomius,
1575 1587 1675 1640 hoc
1720 1588 1881 1641 etiam
1923 1588 2052 1640 facit

481 1673 794 1741 unigenitus
839 1671 1000 1736 Deus,
1031 1674 1121 1742 qui
1156 1673 1346 1728 dicens
1370 1675 1624 1737 dmmoni,
1668 1673 1790 1730 Tibi
1822 1676 2048 1745 impero,

479 1764 730 1817 attribuit
767 1764 956 1817 virtuti
1005 1764 1242 1834 Spiritus
1268 1766 1501 1820 dicens:
1539 1766 1597 1820 Si
1639 1783 1728 1836 ego
1769 1769 1822 1820 in
1850 1763 2052 1835 Spiritu

2156 585 2255 653 τῆς
2309 585 2561 654 θεότητος
2617 582 2712 636 τοῦ
2755 584 3070 653 Πνεύματος
3123 582 3396 652 μαρτυρία
3444 579 3631 634 ἐστίν·
3683 581 3738 632 εί

2155 677 2210 728 δὲ
2240 675 2573 730 ἐναντιοῦται
2605 679 2672 747 τῇ
2711 675 3034 745 προφητείᾳ,
3081 673 3146 726 δι’
3178 673 3344 725 αὑτοῦ
3386 672 3576 724 τούτου
3611 687 3740 724 κατ-

2155 768 2432 836 ηγορεῖται
2477 767 2511 836 ἠ
2555 764 2889 836 βλασφημία,
2936 765 3014 817 ὅτι
3061 765 3170 825 τοῖς
3212 764 3386 830 ἁγίοις
3428 763 3737 832 προφήταις

2153 857 2482 921 ἀντιδοξάζει
2504 857 2581 927 τῷ
2602 857 2761 926 λόγῳ.
2788 852 2920 909 Εἷτά
2940 874 3072 926 φησι
3089 873 3101 885 ⁸
3126 854 3386 914 Φωτίζων
3403 857 3510 919 τὰς
3530 853 3735 922 ψυχὰς

2153 946 2232 1014 τῷ
2257 949 2402 1018 φωτί
2437 947 2542 1017 τῆς
2570 951 2860 1018 γνώσεως.
2892 948 3107 1018 Ταύτην
3133 948 3290 1018 χάριν
3321 948 3495 1018 Πατρί
3537 963 3596 998 τε
3640 946 3736 999 καὶ

2154 1041 2267 1111 Υίῷ
2298 1042 2389 1094 καὶ
2427 1041 2701 1111 Πνεύματι
2734 1041 2872 1111 ἁγίῳ
2911 1041 2939 1093 6
2988 1041 3088 1108 τῆς
3125 1040 3404 1102 εὐσεϐείας
3449 1037 3734 1107 ἀνατίθησι

2151 1133 2326 1200 λόγος.
2365 1134 2599 1196 Ἐκεῖνος
2625 1132 2735 1202 γάρ
2766 1131 3042 1201 φωτισμὸς
3077 1131 3226 1202 παρὰ
3267 1130 3361 1184 τοῦ
3410 1129 3572 1183 Δαϐὶδ
3613 1129 3737 1181 ὀνο-

2155 1224 2400 1293 μάζεται,
2431 1224 2524 1276 καὶ
2549 1223 2755 1275 ἐκεῖθεν
2785 1222 2844 1274 τὸ
2866 1221 2980 1290 φῶς
3007 1222 3106 1291 τῆς
3131 1220 3383 1289 γνώσεως
3423 1223 3535 1283 τοῖς
3570 1237 3738 1290 φωτι-

2153 1317 2394 1388 ζομένοις
2425 1319 2713 1385 ἐγγίνεται.
2754 1318 3024 1382 Ὡσαύτως
3055 1319 3110 1370 δὲ
3140 1318 3232 1370 καὶ
3255 1319 3288 1386 ἡ
3323 1314 3586 1384 κάθαρσις
3623 1312 3741 1366 τῶν

2151 1408 2446 1478 λογισμῶν,
2489 1408 2638 1471 ἴδιον,
2675 1407 2749 1470 ὣς
2773 1425 2934 1478 φησιν
2971 1410 2999 1460 6
3028 1407 3218 1474 Λόγος,
3258 1404 3358 1473 τῆς
3394 1402 3486 1455 τοῦ
3529 1400 3737 1467 Κυρίου

2150 1499 2444 1568 δυνάμεως.
2480 1499 2552 1552 Τὸ
2579 1499 2686 1570 γάρ
2714 1499 3054 1568 ἀπαύγασμα
3079 1498 3178 1567 τῆς
3203 1496 3359 1567 δόξης
3389 1495 3483 1547 καὶ
3505 1496 3532 1547 ὁ
3560 1510 3734 1563 χαρα-

2153 1589 2290 1660 κτὴρ
2320 1590 2416 1658 τῆς
2452 1590 2802 1654 ὑποστάσεως
2827 1591 2918 1643 τὸν
2954 1589 3288 1660 καθαρισμὸν
3316 1586 3423 1638 τῶν
3454 1582 3736 1653 ἁμαρτιῶν

2151 1680 2310 1751 ἡμῶν
2352 1683 2671 1752 ἐποιήσατο·
2709 1681 2772 1735 τὸ
2803 1682 2859 1736 δὲ
2898 1682 3182 1752 ἀπείργειν
3225 1681 3350 1741 τοὺς
3392 1677 3670 1746 δαίμονας,
3703 1673 3738 1726 ὃ

2154 1767 2248 1820 τοῦ
2282 1767 2593 1838 Πνεύματος
2638 1769 2765 1822 ἴδιόν
2793 1787 2956 1841 φησιν
2999 1770 3030 1820 6
3063 1769 3340 1838 Εὑνόμιος,
3383 1765 3538 1820 τοῦτο
3579 1763 3672 1816 καὶ
3704 1764 3738 1815 6

482 1853 579 1906 Dei
603 1854 755 1921 ejicio
779 1853 1042 1906 dwntonia
1067 1855 1136 1908 3’.
1175 1853 1566 1922 Quarenonest
1596 1855 1838 1925 Spiritus
1867 1859 2052 1927 gloria:

2166 1859 2450 1930 μονογενὴς
2477 1860 2628 1924 Θεὸς,
2661 1862 2690 1914 6
2725 1854 2903 1922 λέγων
2945 1862 3024 1932 τῷ
3067 1861 3300 1931 δαίμονι,
3324 1860 3404 1912 ὅτι
3439 1855 3575 1924 Ἐγὼ
3616 1857 3738 1908 ὲπι-

479 1945 762 1999 demolitio
807 1943 1116 1999 daemonum
1167 1946 1406 2001 sublatio
1433 1987 1448 2009 ,
1489 1947 1580 2001 sed
1613 1949 1936 2002 constitutio
1969 1949 2051 2002 di-

480 2038 622 2091 vina:
669 2036 790 2104 ejus
819 2045 873 2091 et
905 2037 1368 2107 superemincntis
1409 2039 1646 2093 virtutis.
1684 2037 2051 2109 Afgrotantes,

485 2129 682 2198 inquit,
723 2145 939 2191 curans,
969 2129 1209 2196 inﬁrmos
1243 2147 1463 2192 sanans,
1496 2131 1714 2202 aﬂiictos
1748 2132 2053 2195 consolans,

487 2221 716 2272 labentes
747 2220 972 2289 erigens,
1017 2218 1320 2273 laborantes
1351 2222 1610 2290 reﬁciens,
1660 2223 1774 2276 haec
1807 2229 1937 2277 sunt
1969 2224 2055 2292 pie

485 2310 838 2364 sentientium
874 2310 942 2364 de
974 2320 1168 2366 sancto
1199 2311 1406 2382 Spiritu
1435 2313 1618 2367 verba.
1649 2312 1765 2367 Non
1789 2314 1932 2369 enim
1963 2317 2053 2368 alii

485 2403 684 2456 horum
715 2402 984 2471 cujusque
1006 2401 1299 2457 efﬁcaciam
1329 2419 1492 2472 quam
1527 2404 1633 2458 Deo
1657 2407 1780 2474 quis
1810 2408 2057 2478 assigna-

481 2495 624 2548 verit
665 2510 679 2546 :
727 2495 774 2550 si
824 2494 989 2565 igitur
1037 2510 1160 2564 qua:
1205 2496 1389 2550 nullus
1421 2504 1598 2566 potest
1631 2496 1844 2553 etIicere
1891 2514 2054 2568 quam

485 2586 638 2640 solus
678 2584 841 2647 Deus,
899 2585 1011 2638 haec
1058 2587 1260 2638 virtute
1300 2586 1540 2655 Spiritus
1584 2586 1722 2640 eﬂici
1767 2588 2058 2643 conﬁrmat

487 2678 732 2741 haeresis,
774 2678 1086 2732 obtinemus
1119 2692 1216 2744 pro
1249 2678 1448 2746 quibus
1485 2679 1686 2732 obnixe
1728 2686 1782 2734 et
1816 2681 2061 2736 studiose

486 2768 868 2823 contendimus
905 2769 1066 2823 etiam
1103 2769 1169 2823 ab
1211 2768 1451 2822 inimicis
1491 2769 1894 2828 testimonium:
1946 2785 2057 2841 quo

486 2857 647 2912 modo
697 2872 727 2910 a
776 2857 885 2912 Deo
933 2860 1067 2928 petit
1095 2857 1366 2928 Propheta
1423 2859 1764 2914 sanationem
1821 2862 2050 2918 dicens:

486 2947 739 3004 Miserere
774 2951 874 3003 mei
903 2952 1150 3020 quoniam
1185 2951 1431 3019 inﬁrmus
1473 2969 1612 3017 sum,
1643 2970 1777 3007 sana
1823 2971 1924 3022 me,
1950 2956 2060 3009 Do-

489 3041 648 3103 mine,
699 3041 951 3108 quoniam
996 3040 1312 3094 conturbata
1357 3052 1478 3095 sunt
1529 3059 1650 3096 ossa
1697 3061 1812 3098 mea
1834 3046 1902 3098 ⁸³.
1953 3045 2062 3101 Deo

489 3131 621 3184 dicit
657 3130 844 3195 Isaias,
869 3131 966 3186 Ras
994 3130 1226 3199 deﬂuens
1255 3149 1286 3184 a
1323 3141 1370 3184 te
1398 3132 1680 3187 remedium
1720 3145 1799 3187 est
1833 3136 1961 3203 ipsis
1993 3137 2056 3188 ³⁸.
2087 3172 2128 3228 C

494 3218 665 3286 Atque
697 3219 998 3271 errantium
1031 3219 1444 3273 conversionem
1482 3236 1619 3289 opus
1653 3221 1742 3276 Dei
1782 3240 1904 3280 esse
1937 3241 2062 3294 pro-

494 3308 674 3363 Dhetia
698 3315 952 3362 testatur.
996 3307 1321 3362 Erraverunt
1355 3311 1523 3372 enim,
1559 3312 1756 3380 inquit,
1781 3315 1833 3366 in
1859 3314 2066 3370 deserto

491 3406 539 3452 et
569 3400 724 3468 aquis
745 3408 954 3452 carente
981 3399 1096 3453 loco
1123 3401 1188 3451 ³³.
1221 3399 1423 3454 Dciude
1448 3401 2068 3470 subjunxit,Etdedu.rit

492 3508 581 3545 eos
619 3491 674 3544 in
719 3500 917 3544 rectam
949 3493 1110 3550 viam,
1157 3502 1213 3544 ut
1242 3493 1698 3561 proﬁciscerentur
1723 3497 1776 3548 in
1806 3498 2069 3553 civitatem

500 3583 846 3636 habitationis
867 3581 934 3634 ³⁸.
969 3581 1053 3643 Et,
1085 3580 1226 3637 Dum
1258 3595 1576 3639 converteret
1611 3585 1868 3642 Dominus
1903 3594 2072 3658 capti-

496 3673 707 3725 vitatem
741 3671 870 3725 Sion
892 3671 958 3724 ³⁷.
996 3670 1256 3726 Similiter
1297 3672 1618 3729 alﬂictorum
1665 3681 1970 3735 consolatio
2005 3685 2069 3736 ad

499 3764 668 3818 Deum
707 3764 960 3827 refertur,
1000 3765 1080 3818 sic
1111 3763 1280 3819 Paulo
1321 3766 1567 3822 dicente:
1592 3769 1902 3827 Benedictus
1936 3775 2071 3829 Deus

499 3867 545 3910 e:
583 3857 745 3911 Pater
779 3856 989 3909 Domini
1028 3857 1196 3910 nostri
1241 3856 1369 3910 Jesu
1399 3858 1596 3912 Christi
1629 3863 1718 3930 qui
1766 3867 2076 3920 consolatur

499 3967 594 4006 nos
637 3952 692 4004 in
735 3951 878 4002 omni
918 3949 1256 4002 tribulatione
1299 3959 1480 4003 nostra
1503 3951 1571 4004 ³⁸.
1611 3952 1674 4006 Et
1709 3953 1979 4025 Propheta
2008 3975 2073 4013 ex

501 4060 733 4112 persona
762 4042 852 4096 Dei
871 4045 964 4104 ait,
980 4038 1044 4094 In
1067 4041 1406 4094 tribulatione
1425 4044 1662 4096 invocavi
1681 4055 1729 4098 et
1752 4047 1920 4101 inveni
1945 4060 1991 4102 te
2005 4051 2071 4103 3°.

504 4136 822 4190 habentium
879 4143 1058 4186 autem
1093 4135 1318 4195 erectio,
1373 4135 1602 4190 inlinitis
1645 4138 1820 4191 modis
1855 4155 1882 4192 a
1922 4157 2076 4196 sacra

504 4225 785 4294 Scriptura
840 4225 909 4276 ad
945 4224 1157 4276 Domini
1209 4225 1509 4293 potentiam
1564 4225 1816 4281 refertur.
1881 4228 2077 4283 Pulsus

501 4335 708 4371 eversus
748 4332 863 4369 sum
895 4325 948 4368 ut
977 4314 1239 4376 caderem.
1274 4325 1323 4368 et
1361 4313 1614 4368 Dominus
1652 4321 1877 4384 suscepit
1908 4337 1986 4374 me
2007 4323 2076 4374 ⁵⁸.

507 4409 591 4466 Et.
629 4408 758 4460 Cum
804 4406 1046 4460 ceciderit
1084 4423 1188 4458 non
1228 4405 1511 4459 collidetur
1542 4408 1668 4475 quia
1701 4408 1955 4464 Dominus
1985 4430 2077 4466 su-

2154 1952 2336 2006 τάσσω
2370 1970 2472 2017 σοι,
2505 1954 2913 2023 προσμαρτυρεῖ
2940 1955 3006 2024 τῇ
3035 1953 3259 2024 δυνάμει
3285 1951 3378 2004 τοῦ
3397 1949 3734 2018 Πνεύματος,

2155 2045 2327 2113 λέγων
2346 2061 2358 2072 ·
2392 2047 2461 2098 El
2492 2044 2559 2096 δὲ
2591 2044 2706 2113 ἐγὼ
2742 2045 2812 2098 ἐν
2846 2046 3144 2113 Πνεύματι.
3187 2041 3334 2096 Θεοῦ
3362 2039 3634 2093 ἐκϐάλλω
3666 2039 3740 2090 τὰ

2155 2137 2444 2204 δαιμόνια.
2475 2137 2636 2189 Ὥστε
2667 2137 2766 2189 οὐκ
2809 2135 2924 2189 ἔστι
2975 2135 3290 2202 καθαίρεσις
3324 2133 3422 2203 τῆς
3448 2131 3605 2199 δόξης
3642 2127 3738 2180 τοῦ

2157 2227 2295 2280 Πνεύ
2306 2245 2471 2296 ματος
2496 2229 2528 2297 ὴ
2558 2227 2666 2279 τῶν
2686 2227 2954 2296 δαιμόνων
2979 2227 3276 2297 ἀναίρεσις,
3313 2223 3448 2278 ἀλλά
3483 2221 3739 2281 σύστασις

2155 2317 2254 2386 τῆς
2306 2317 2455 2379 θείας
2519 2315 2681 2368 αὑτοῦ
2733 2316 2824 2367 καὶ
2872 2313 3242 2385 ὑπερεχούσης
3283 2310 3584 2375 δυνάμεως.
3637 2307 3741 2358 Νο-

2157 2408 2440 2472 σοῦντας,
2485 2409 2638 2478 φησὶ,
2685 2405 3042 2474 θεραπεύων,
3086 2400 3541 2472 ἀρρωστοῦντας
3583 2395 3741 2465 ἰώμε-

2157 2518 2282 2565 νος,
2314 2500 2698 2568 θλιϐομένους
2747 2497 3132 2566 παρακαλῶν,
3172 2492 3530 2557 ὀκλάζοντας
3563 2491 3738 2556 ἀνορ-

2159 2589 2309 2653 θῶν,
2363 2589 2699 2652 πονοῦντας
2757 2585 3194 2655 ἀνακτώμενος.
3249 2585 3435 2637 Ταῦτα
3484 2581 3592 2634 τῶν
3649 2581 3742 2631 εύ-

2163 2677 2456 2730 σεϐούντων
2479 2693 2544 2728 πε
2553 2677 2608 2745 ρ).
2630 2677 2722 2729 τοῦ
2754 2678 2908 2744 ἁγίου
2933 2674 3249 2745 Πνεύματός
3269 2675 3383 2726 ἐστι
3404 2670 3471 2724 τὰ
3499 2673 3564 2742 ρή
3574 2683 3736 2739 ματα.

2161 2769 2233 2820 Οὐ
2279 2769 2385 2839 γὰρ
2432 2768 2496 2822 ἂν
2541 2769 2684 2839 ἄλλῳ
2721 2786 2804 2832 τις
2850 2767 3072 2836 ἀναθείη
3119 2766 3324 2819 τούτων
3373 2764 3602 2816 ἑκάστου
3643 2759 3742 2830 τὴν

2162 2859 2436 2929 ἐνέργειαν
2460 2861 2595 2930 πλὴν
2628 2861 2705 2931 τῷ
2740 2860 2876 2928 Θεῷ.
2923 2862 2984 2912 Εἰ
3010 2859 3189 2911 τοίνυν
3218 2859 3360 2928 ἅπερ
3387 2854 3599 2918 οὐδενός
3627 2854 3742 2905 ἐστι

2162 2954 2350 3012 ποιεῖν,
2380 2951 2411 3021 ἢ
2443 2951 2574 3003 Θεοῦ
2609 2952 2790 3021 μόνου,
2818 2950 2986 3004 ταῦτα
3010 2952 3075 3021 τῇ
3109 2950 3332 3019 δυνάμει
3355 2947 3446 3000 τοῦ
3488 2946 3741 3016 Πνεύμα-

2162 3051 2252 3105 τος
2280 3043 2614 3112 ἐνεργεῖσθαι
2639 3043 3037 3096 διαϐεϐαιοῦται
3065 3044 3098 3112 ἡ
3127 3042 3357 3110 αἵρεσις,
3385 3040 3580 3110 ἔχομεν
3604 3038 3743 3108 ὑπὲρ

2163 3129 2236 3184 ὧν
2270 3135 2640 3204 σπουδάζομεν
2679 3136 2770 3187 καὶ
2806 3135 2904 3200 τὴν
2953 3134 3101 3203 παρά
3131 3132 3238 3187 τῶν
3287 3131 3498 3202 ἐχθρῶν
3539 3135 3745 3202 μα’ρτυ-

2173 3226 2338 3293 ρίαν⁶“
2366 3226 2484 3287 πῶς
2526 3225 2675 3296 παρὰ
2722 3227 2814 3276 τοῦ
2862 3226 2995 3277 Θεοῦ
3039 3227 3067 3277 6
3108 3224 3402 3294 Προφήτης
3448 3221 3604 3292 ζητεῖ
3646 3219 3746 3291 τὴν
3781 3254 3786 3258 -

2170 3318 2339 3373 ἴασιν,
2382 3315 2587 3381 λέγων·
2627 3313 2920 3381 Ἐλέησόν
2961 3332 3058 3382 με,
3100 3316 3295 3381 Κύριε,
3341 3313 3430 3366 ὅτι
3479 3310 3745 3376 ἀσθενής

2169 3409 2311 3473 ειμι.
2337 3408 2527 3460 Ἴασαί
2546 3423 2642 3475 με,
2672 3408 2864 3471 Κύριε,
2889 3405 2976 3458 ὅτι
3003 3405 3295 3474 ἐταράχθη
3329 3404 3397 3456 τὰ
3419 3403 3570 3457 ὀστᾶ
3591 3417 3740 3471 μουο

2171 3498 2258 3568 Τῷ
2282 3498 2398 3566 Θεῷ
2420 3497 2568 3564 λέγει
2599 3499 2627 3550 6
2659 3497 2901 3558 Ἡσαΐας,
2926 3496 3004 3548 ὅτι
3038 3495 3096 3548 Ἠ
3121 3494 3338 3562 δρόσος
3367 3495 3404 3561 ἡ
3432 3493 3589 3562 παρὰ
3607 3491 3744 3555 σοῦ,

2175 3593 2317 3659 ἴημα
2345 3589 2546 3652 αὐτοῖς
2573 3589 2760 3640 ἐστιν.
2796 3589 2897 3640 Καὶ
2937 3588 3035 3656 τὴν
3074 3589 3180 3639 τῶν
3227 3585 3591 3654 πλανωμένων
3629 3587 3749 3637 ἐπι-

2173 3678 2428 3748 στροφὴν,
2463 3677 2595 3729 Θεοῦ
2629 3678 2785 3746 ἔργον
2818 3674 2952 3729 εἶναι
2985 3679 3015 3746 ή
3053 3675 3352 3745 προφητεία
3391 3674 3744 3746 μαρτύρεται.

2187 3770 2652 3835 Ἑπλανήθησαν
2688 3771 2811 3840 γὰρ,
2858 3767 3041 3838 φησιν,
3079 3767 3148 3818 ἐν
3189 3765 3264 3834 τῇ
3314 3765 3510 3834 ἐρήμῳ
3545 3766 3614 3817 ἐν
3641 3766 3745 3819 ἀν’

2172 3866 2347 3930 τἰδιῳ.
2383 3865 2488 3916 Καὶ
2514 3866 2806 3933 ἐπήγαγεν,
2832 3864 2911 3915 ὅτι
2935 3863 3041 3915 Καὶ
3077 3860 3390 3930 ὡδήγησεν
3413 3860 3632 3924 αὐτοὺς
3661 3861 3748 3924 εὶς

2176 3956 2317 4008 ὀδόν
2347 3955 2602 4015 εὐθεῖαν,
2629 3955 2734 4007 τοῦ
2766 3951 3122 4019 πορευθῆναι
3149 3955 3234 4017 εὶς
3263 3952 3444 4003 πόλιν
3476 3968 3749 4015 κατοικη-

2173 4040 2398 4106 τηρίου.
2433 4039 2562 4102 Καὶ,
2602 4038 2699 4091 Ἐν
2724 4036 2804 4103 τῷ
2833 4036 3189 4105 ἐπιστρέψαι
3221 4036 3450 4102 Κύριον
3480 4033 3596 4100 τὴν
3627 4035 3755 4101 αἰχ-

2173 4130 2489 4197 μαλωσίαν
2511 4129 2680 4184 Σιὼν.
2716 4129 2993 4193 Ὡσαύτως
3014 4130 3070 4184 δὲ
3099 4129 3194 4182 καὶ
3225 4129 3257 4198 ὴ
3289 4125 3398 4180 τῶν
3424 4124 3755 4194 θλιϐομένων

2179 4228 2519 4296 παράκλησις
2591 4229 2668 4288 εἰς
2719 4224 2847 4276 Θεὸν
2898 4223 3252 4291 ἀναφέρεται,
3300 4221 3473 4283 οὕτως
3512 4220 3755 4279 εἰπόντος

2179 4319 2271 4372 τοῦ
2314 4317 2524 4371 Παύλου
2549 4333 2562 4346 ο
2611 4313 2951 4384 Εὐλογητὸς
3001 4314 3032 4364 ὁ
3079 4312 3222 4378 Θεὸς
3264 4311 3362 4366 καὶ
3402 4309 3604 4379 Πατὴρ
3646 4308 3753 4361 τοῦ

2183 4416 2401 4478 Κυρίου
2462 4407 2632 4478 ἡμῶν
2689 4405 2890 4473 Ἰησοῦ
2943 4405 3236 4474 Χριστοῦ,
3302 4406 3335 4458 ὁ
3402 4399 3758 4470 παρακαλῶν

504 4509 697 4554 stentat
715 4515 830 4552 eum
854 4515 1013 4550 manu
1043 4514 1142 4549 sua
1166 4497 1229 4548 “.
1271 4497 1353 4560 Et,
1387 4497 1641 4551 Dontinus
1660 4501 1810 4568 erigit
1827 4503 1984 4558 elisos
2010 4505 2063 4554 ‘1

2183 4502 2337 4570 ἡμᾶς
2361 4501 2458 4554 ἐπὶ
2489 4497 2658 4566 πάσῃ
2693 4497 2766 4565 τῇ
2796 4497 2998 4564 θλίψει
3025 4495 3212 4565 ἡμῶν.
3241 4495 3348 4546 Καὶ
3378 4493 3406 4546 6
3447 4492 3753 4565 Προφήτης,

506 4587 898 4641 Laborantiqu
945 4585 1214 4638 recreatio
1262 4585 1378 4639 sive
1414 4585 1736 4640 refocillatio
1774 4589 1866 4642 Dei
1914 4591 2082 4646 bene-

506 4681 757 4732 volentia:
811 4685 864 4730 in
914 4677 1192 4730 hominum
1231 4692 1404 4744 genus
1447 4677 1848 4735 confessionem
1881 4683 2079 4739 habet:

507 4773 775 4842 siquidem
799 4771 943 4840 quod
967 4785 1032 4823 ex
1059 4769 1341 4837 prophetia
1367 4770 1679 4830 didicimus.
1705 4781 1759 4826 et
1789 4775 1875 4829 hic
1894 4781 2038 4832 novit
2064 4796 2078 4830 :

509 4862 964 4934 quemadmodum
997 4878 1178 4916 sermo
1223 4861 1394 4913 dicit:
1436 4861 1668 4916 Posuisti
1717 4865 2082 4925 tribulationes

508 4973 665 5024 super
689 4955 865 5008 dorsis
907 4956 1134 5016 nostris;
1171 4955 1516 5008 conscendere
1545 4956 1715 5022 fecisti
1763 4958 1995 5015 homines
2030 4964 2084 5016 in

508 5051 681 5118 capita
717 5058 898 5102 nostra
923 5065 940 5099 :
990 5049 1349 5113 percurrimus
1381 5064 1470 5110 per
1501 5049 1668 5116 ignem
1697 5059 1747 5101 et
1782 5067 1996 5120 aquam,
2035 5064 2084 5107 et

506 5140 740 5194 eduxisti
767 5155 860 5191 nos
893 5139 947 5190 in
979 5137 1308 5207 refrigerium
1337 5139 1404 5190 ⁸³.

2189 4597 2252 4646 ἐκ
2284 4593 2572 4662 προσώπου
2605 4591 2698 4644 τοῦ
2737 4589 2869 4642 Θεοῦ
2895 4605 3059 4659 φησιν
3077 4606 3089 4618 ο
3135 4590 3238 4641 Ἐν
3263 4587 3460 4655 θλίψει
3490 4581 3760 4637 ἐπικαλέ-

2188 4703 2386 4754 σομαι,
2424 4685 2520 4738 καὶ
2572 4679 2920 4750 εὑρησάμην
2961 4696 3052 4734 σε.
3093 4680 3158 4732 'H
3203 4678 3260 4731 δὲ
3293 4677 3400 4730 τῶν
3431 4674 3760 4738 ὀκλαζόντων

2189 4777 2504 4848 ἀνόρθωσις,
2535 4773 2911 4845 μυριοτρὸπως
2936 4772 3040 4824 ὑπὸ
3065 4772 3162 4840 τῆς
3188 4770 3409 4841 Γραφῆς
3437 4769 3516 4830 εἰς
3541 4767 3638 4835 τὴν
3665 4765 3760 4817 τοῦ

2190 4870 2394 4941 Κυρίου
2423 4868 2649 4937 δύναμιν
2678 4867 3018 4936 ἀναφέρεται.
3047 4864 3270 4928 Ὠσθείς
3294 4861 3634 4930 ἀνετράπην
3655 4858 3761 4912 τοῦ

2191 4961 2420 5025 πεσεῖν,
2447 4961 2543 5015 καὶ
2582 4963 2614 5014 ό
2645 4963 2854 5026 Κύριος
2886 4957 3242 5012 ἀντελάϐετό
3263 4974 3382 5025 μου
3403 4971 3415 4984 ·
3449 4955 3563 5016 καὶ,
3589 4954 3764 5005 Ὅταν

2190 5055 2347 5122 πέσῃ
2375 5055 2444 5106 οὐ
2484 5050 3054 5120 καταρραχθήσεται,
3083 5049 3171 5102 ὅτι
3203 5049 3416 5116 Κύριος
3433 5043 3765 5110 ἀντιστηρι-

2194 5145 2266 5205 Cat
2311 5146 2477 5214 χεῖρα
2518 5143 2731 5196 αὑτοῦ*
2780 5143 2893 5203 καὶ,
2930 5145 3140 5209 Κύριος
3174 5139 3412 5208 ἀνορθοῖ
3446 5138 3766 5205 κατεῤῥαγ-

503 5235 747 5305 μένους.
791 5233 853 5286 Ἢ
901 5233 958 5286 δὲ
1001 5234 1108 5286 τῶν
1158 5233 1461 5288 πονούντων
1503 5235 1816 5299 ἀνάκτησις.
1869 5239 1964 5309 τῆς
2031 5241 2126 5293 τοῦ
2197 5243 2332 5296 Θεοῦ
2385 5241 2791 5312 φιλανθρωπίας
2848 5241 2945 5308 τὴν
2997 5237 3282 5308 ὁμολογίαν
3331 5236 3476 5304 ἔχει·
3528 5235 3686 5305 εἴπερ
3739 5232 3768 5284 ὃ

510 5328 662 5398 παρὰ
712 5327 810 5396 τῆς
858 5328 1190 5397 προφητείας
1241 5327 1533 5397 ἐμάθομεν,
1563 5330 1656 5382 καὶ
1688 5324 1837 5393 οὗτος
1878 5333 2081 5404 ἐνόησε.
2122 5337 2318 5399 Καθὼς
2362 5338 2390 5389 6
2434 5337 2589 5404 λόγος
2636 5336 2819 5404 φησὶν,
2866 5334 2945 5385 ὃτι
2997 5335 3172 5388 Ἕθου
3223 5329 3460 5397 θλίψεις
3503 5327 3600 5381 ἐπὶ
3654 5325 3771 5380 τῶν

509 5421 712 5477 νώτων
739 5419 936 5491 ἡμῶν
996 5413 1351 5486 ἐπεϐίϐασας
1377 5421 1725 5490 ἀνθρώπους
1761 5423 1856 5476 ἐπὶ
1895 5427 2000 5491 τὰς
2045 5431 2309 5498 κεφαλὰς
2359 5427 2524 5498 ἡμῶν
2549 5445 2562 5458 ·
2609 5425 2931 5495 διήλθομεν
2981 5425 3079 5479 διὰ
3126 5422 3315 5492 πυρὸς
3368 5420 3465 5474 καί
3517 5419 3766 5485 ὕδατος,

513 5514 612 5570 καὶ
642 5513 931 5582 ἐξήγαγες
961 5512 1116 5583 ἡμᾶς
1147 5515 1232 5578 εὶς
1269 5513 1615 5582 ἀναψυχήν·

594 5699 633 5730 ³¹
685 5698 847 5754 Hebr.
890 5715 926 5757 ι.
979 5698 1012 5751 5

521 5771 564 5802 ⁸⁷
601 5769 742 5824 Psal.
776 5785 936 5826 ωιτν.
973 5770 1021 5822 l.
1136 5769 1179 5799 ³⁸
1218 5770 1251 5820 Il
1277 5771 1401 5821 (lor.
1441 5787 1475 5829 ι,
1504 5769 1557 5822 4.

1672 5769 1715 5800 ³⁸
1745 5768 1888 5823 Psal.
1930 5787 2000 5834 Iv,
2019 5769 2080 5821 ξ’..

524 5856 684 5904 utr,
711 5842 760 5894 8.
840 5842 882 5871 ⁵³
911 5839 1052 5894 Psal.
1089 5855 1210 5901 va,
1253 5839 1332 5902 ll,
1372 5838 1454 5892 1‘2.

1140 5698 1183 5728 ³²
1223 5695 1355 5751 Luc.
1402 5715 1460 5759 η,
1513 5697 1600 5750 9.0.
1680 5699 1724 5728 ³³
1770 5697 1908 5752 Psal.
1955 5715 2027 5755 vr.
2073 5701 2126 5754 5.

3452 5693 3495 5724 ὀ
3537 5693 3669 5816 tu.
3697 5690 3771 5816 .i-

3671 5779 3696 5816 S
3757 5803 3771 5816 .

3671 5779 3772 5817 sat.

2874 5695 2918 5726 ³⁸
2953 5692 3098 5750 Psal.
3129 5710 3270 5754 cxw.
3303 5694 3355 5747 ι.

2859 5765 2899 5798 ⁵³
2934 5763 3078 5819 Psal.
3110 5781 3305 5830 “ut,
3338 5764 3428 5820 24.

2255 5697 2298 5730 ⁸⁸
2339 5696 2442 5751 lsa.
2489 5711 2635 5759 uvr,
2684 5696 2764 5749 l9.
2804 5685 2820 5703 ⁸

2192 5769 2236 5800 ⁸ο
2267 5767 2412 5822 Psal.
2455 5781 2624 5830 cxvu,
2659 5766 2742 5820 l5.
