4146 6370
373 402 480 462 ὗεθ

1503 378 1784 437 CONTRA
1826 371 2218 440 EUNOMIUM,
2259 374 2389 430 LIB.
2431 377 2496 430 ιι.

3532 361 3636 417 570

445 522 621 592 Μέχρι
653 517 752 588 μὲν
789 508 883 567 οὖν
911 510 1122 571 τούτου,
1151 506 1238 560 διὰ
1266 504 1368 574 τῆς
1392 501 1498 592 τῶν
1519 499 1731 592 ἐχθρῶν
1761 512 1968 592 μαρτυ-

2143 495 2421 550 Hactenus
2451 497 2671 564 quidem
2708 487 3052 543 inimicorum
3085 485 3418 547 testimonio,
3459 483 3636 553 Spiri-

378 618 497 686 ρίας
530 586 902 664 ἀποδείκνυται
947 601 1010 654 τὸ
1061 597 1344 670 μεγαλεῖον
1375 591 1470 645 τοῦ
1510 589 1857 659 Πνεῦματοςο
1903 586 1962 637 ἐν

461 675 568 765 τοῖς
598 698 792 768 ἐφεξῆς
823 694 982 748 πάλιν
1023 689 1101 759 τῷ
1144 683 1401 758 αἱρετικῷ
1433 681 1677 753 βορϐόρῳ
1705 679 1766 731 τὸ
1796 675 1965 768 mea:

383 799 470 866 ρὸν
493 796 589 864 τῆς
621 789 899 849 εὐσεϐείας
927 779 1377 852 καταμολύνεται.
1399 776 1536 846 Φησὶ
1566 773 1676 841 γὰρ
1711 770 1840 840 περὶ
1868 765 1961 819 τοῦ

382 857 740 955 λινεύματος,
811 881 892 932 ὅτι
953 875 1078 940 Τοῖς
1138 867 1583 941 ἀγωνιζομένοις
1636 857 1959 929 ὑποφωνεῐ.

382 951 551 1036 Τοῦτο
580 979 637 1032 δὲ
671 978 772 1046 τῆς
811 973 1044 1043 ἐσχάτης
1094 967 1278 1028 ἀνοίας
1325 981 1385 1015 τε
1435 960 1527 1013 καὶ
1569 956 1823 1015 ἀσεϐείας
1867 951 1964 1020 τὴν

381 1071 714 1143 κατηγορίαν
749 1068 882 1136 ἔχει.
924 1062 1010 1115 Ἐν
1039 1060 1147 1130 γὰρ
1172 1059 1283 1120 τοῖς
1317 1053 1570 1115 σταδίοις,
1601 1051 1650 1102 ot
1689 1048 1783 1118 μὲν
1815 1047 1965 1113 ἀγω-

382 1163 655 1218 νοθετοῦσι
715 1161 824 1219 τοῖς
871 1155 1121 1226 μέλλουσι
1165 1150 1262 1220 τὴν
1298 1145 1591 1216 ἀθλητικὴν
1638 1143 1789 1212 ίσχὺν
1843 1143 1964 1192 ἐπι-

381 1253 690 1310 δείκνυσθαι
713 1266 726 1280 ·
759 1252 806 1302 οἱ
836 1249 893 1301 δὲ
915 1250 982 1316 τῇ
1003 1244 1228 1312 δυνάμει
1257 1241 1350 1294 καὶ
1376 1242 1442 1309 τῇ
1465 1238 1628 1307 τέχνῃ
1658 1234 1765 1288 τῶν
1792 1233 1966 1287 ἄλλων

382 1349 727 1419 προέχοντες,
757 1342 894 1412 ὑπὲρ
919 1339 1018 1408 τῆς
1053 1338 1209 1404 νίκης
1238 1331 1477 1394 ἁθλοῦσι,
1513 1329 1647 1400 πρὸς
1684 1327 1810 1389 τοὺς
1848 1325 1966 1377 κατ’

385 1415 628 1511 ἀλλήλων
653 1435 868 1504 ἀγῶνας
898 1429 1272 1498 ἀποδυόμενοι·
1319 1425 1368 1477 οἱ
1410 1423 1467 1476 δὲ
1510 1420 1686 1473 λοιποὶ
1727 1419 1847 1479 ταῖς
1881 1415 1968 1468 εὐ-

326 1512 328 1516 V
386 1509 556 1595 νοίαις
602 1531 736 1601 πρὸς
781 1526 908 1589 τοὺς
954 1519 1261 1591 ἀγωνιστὰς
1315 1514 1678 1588 μεριζόμενοι,
1711 1513 1858 1573 ὅπως
1900 1509 1968 1565 ἂν

389 1625 586 1698 σχῶσιν
618 1624 845 1682 ἕκαστος
888 1615 1014 1686 περί
1045 1631 1165 1666 τινα
1210 1609 1316 1664 τῶν
1354 1605 1602 1677 ἀθλητῶν
1631 1603 1867 1673 σπουδῆς
1907 1618 1968 1655 τε

387 1693 482 1773 καὶ
521 1714 831 1773 διαθέσεως,
875 1710 931 1760 ὲν
973 1704 1050 1775 τῷ
1088 1700 1265 1773 καιρῷ
1317 1699 1417 1768 τῆς
1471 1693 1788 1765 συμπλοκῆς
1833 1693 1968 1745 ὑπο-

389 1805 654 1876 φωνοῦσιν
679 1820 690 1832 ·
720 1803 752 1872 ἢ
790 1801 885 1852 καὶ
931 1796 992 1850 τό
1035 1793 1269 1865 προῖδεῖν
1293 1789 1390 1860 τὴν
1426 1787 1647 1857 βλάϐην,
1681 1784 1715 1855 ἢ
1744 1783 1804 1835 τὸ
1823 1799 1971 1876 μνη-

393 1874 582 1967 σθῆναι
628 1892 1024 1961 παλαίσματος,
1057 1887 1090 1954 ἣ
1140 1884 1201 1937 τὸ
1239 1880 1468 1952 φυλάξαι
1511 1877 1734 1967 διάντῆς
1776 1874 1970 1967 τέχνης

392 1962 585 2041 ἑαυτὸν
620 1981 1025 2037 ἀκατάπτωτον.
1057 1975 1150 2036 Εἰς
1178 1971 1295 2024 τίνα
1324 1969 1500 2021 τοίνυν
1536 1966 1687 2031 τάξιν
1711 1965 1771 2016 τὸ
1805 1962 1973 2018 Πνεῦ-

397 2099 471 2150 μα
501 2077 562 2130 τὸ
597 2076 750 2143 ᾶγιον
792 2070 1110 2137 καθίστησιν
1155 2067 1183 2117 ό
1214 2061 1514 2131 Εὑνόμιος,
1565 2059 1631 2110 ὲκ
1679 2055 1786 2109 τῶν
1831 2057 1974 2126 εἰρη-

398 2147 571 2241 μένων
609 2164 995 2232 κατανοήσατε·
1040 2160 1096 2210 ὲν
1135 2155 1243 2224 γὰρ
1281 2156 1390 2215 τοῖς
1436 2150 1667 2212 σταδίοις
1693 2189 1708 2214 ,
1738 2147 1845 2202 τῶν
1878 2148 1974 2218 μὲν

394 2239 891 2328 ἀγωνοθετοῦντων,
912 2250 1020 2302 τῶν
1043 2249 1098 2301 δὲ
1123 2245 1418 2317 κρινόντων
1438 2243 1534 2312 τὴν
1558 2241 1784 2310 νόμιμον
1813 2239 1974 2308 ἄθλη-

398 2369 501 2416 σιν,
528 2350 635 2402 τῶν
672 2347 728 2399 δὲ
755 2340 1188 2413 ἀγωνιζομένων,
1211 2336 1316 2390 τῶν
1345 2335 1400 2388 δὲ
1423 2336 1534 2396 τοῖς
1558 2330 1974 2399 ἀγωνιζομένοις

399 2437 846 2508 ὑποφωνούντων,
863 2433 1054 2493 οἵτινες
1081 2426 1460 2498 ὁμολογοῦνται
1481 2425 1613 2477 πολὺ
1637 2423 1742 2475 τῶν
1759 2419 1979 2474 ἀθλούν-

399 2549 505 2585 των
534 2526 670 2583 εἶναι
703 2524 1141 2593 καταδεέστερον
1189 2519 1264 2581 ὡς
1305 2518 1401 2570 ἕνα
1431 2515 1538 2569 τῶν
1578 2517 1640 2567 ὲκ
1676 2513 1770 2566 τοῦ
1805 2514 1976 2584 δήμου

401 2621 708 2691 θεωμένων,
735 2617 770 2687 ἧ
798 2631 918 2667 τινα
947 2612 1054 2665 τῶν
1079 2612 1187 2671 τοῖς
1216 2606 1472 2676 ἀθληταῖς
1502 2601 1976 2673 ὑπηρετουμένων,

401 2717 460 2770 τὸ
489 2711 711 2781 Πνεῦμα
742 2708 802 2761 τὸ
837 2706 987 2773 ἅγιον
1029 2702 1132 2773 ὁρᾷ
1175 2703 1203 2753 ό
1232 2698 1490 2768 Εὐνόμιος
1511 2712 1522 2723 ·
1552 2694 1580 2747 ὅ
1609 2696 1744 2766 μήτε
1777 2694 1982 2759 ἀγωνο-

402 2807 566 2870 θετεῖ,
600 2804 737 2875 μήτε
774 2797 947 2869 κρίνει
986 2794 1084 2865 τὴν
1115 2793 1291 2860 νίκην,
1336 2793 1471 2860 μήτε
1519 2786 1655 2856 πρὸς
1703 2784 1794 2837 τὸν
1839 2784 1982 2836 ἀντί-

404 2899 572 2954 παλον
619 2892 962 2964 ἀγωνίζεται,
1014 2875 1148 2939 ἀλλά
1195 2883 1261 2936 δι’
1309 2881 1706 2949 ὑποφωνήσεως
1733 2876 1984 2944 συνεργεῖ

409 2991 505 3062 μὲν
535 2987 670 3058 πρὸς
707 2984 804 3054 τὴν
833 2981 990 3050 νίκην
1029 2977 1200 3031 οὐδέν.
1229 2973 1365 3026 Οὔτε
1402 2973 1510 3042 γὰρ
1541 2973 1978 3039 συναγωνίζεται,

405 3078 529 3133 οὔτε
561 3077 658 3146 τὴν
693 3073 827 3145 πρὸς
857 3069 986 3124 αὐτὸ
1018 3067 1174 3121 τοῦτο
1205 3064 1430 3133 δύναμιν
1461 3065 1708 3133 ἐμποιεῖ·
1742 3063 1984 3132 βούλεται

2068 592 2156 638 tus
2191 584 2453 653 majestas
2499 589 2552 637 et
2583 579 2985 652 magniﬁcentia
3017 581 3387 633 demonstrata
3438 585 3543 630 est.
3579 574 3637 629 ln

2068 677 2426 747 sequentibus
2469 684 2651 729 autem
2703 673 2960 728 haeretico
3013 673 3126 724 luto
3172 670 3390 739 pietatis
3430 670 3640 737 puritas

2066 773 2490 823 contaminatur.
2533 769 2795 821 Autumat
2817 765 2963 820 enim
2992 764 3058 818 de
3095 763 3325 832 Spiritu.
3353 764 3497 830 quod
3525 777 3640 813 cer-

2070 861 2302 914 tantibus
2357 859 2671 914 subctamat.
2712 856 2822 911 Hoc
2863 866 3042 910 autem
3088 863 3346 909 extremae
3391 853 3641 908 amentia:

2067 960 2121 1006 et
2153 951 2446 1020 impietatis
2493 951 2700 1003 crimen
2749 947 2930 1001 habet.
2986 943 3121 997 Nam
3165 945 3220 997 in
3273 943 3487 1008 stadiis,
3546 941 3640 995 alii

2067 1041 2288 1110 quidem
2333 1040 2631 1094 certamina
2664 1038 2960 1091 instituunt
2989 1043 3044 1089 et
3083 1035 3389 1104 designant,
3426 1033 3642 1086 athleti-

2069 1149 2193 1188 cum
2252 1134 2420 1187 robur
2455 1140 2731 1186 ostentare
2769 1131 3153 1201 cupientibus;
3199 1130 3289 1182 alii
3326 1144 3455 1181 vero
3490 1128 3539 1179 vi
3587 1135 3643 1179 et

2070 1236 2187 1281 arte
2213 1226 2334 1281 aliis
2365 1227 2792 1295 praestantiores,
2814 1224 2881 1278 de
2909 1225 3136 1277 victoria
3166 1222 3378 1276 fortiter
3406 1227 3639 1283 certant,

2069 1319 2137 1372 ad
2191 1319 2490 1373 certamina
2530 1325 2718 1371 mutua
2777 1332 2898 1371 sese
2942 1324 3234 1380 exuentes;
3289 1314 3484 1382 reliqui
3513 1326 3643 1365 vero

2069 1407 2445 1462 benevolentia
2472 1422 2598 1476 erga
2629 1415 2928 1460 certatores
2962 1405 3148 1470 divisi,
3183 1412 3344 1473 prout
3376 1401 3644 1464 studiolet

2070 1500 2348 1553 voluntate
2403 1498 2458 1552 in
2510 1499 2748 1568 aliquem
2807 1497 3131 1551 athletarum
3184 1496 3418 1565 quisque
3476 1494 3644 1548 fuerit

2071 1590 2321 1653 aﬂectus,
2382 1590 2436 1644 in
2491 1590 2806 1658 complexus
2857 1589 2975 1642 sive
3018 1601 3350 1657 congressus
3403 1596 3646 1653 tempore

2073 1681 2400 1740 suhclamat,
2432 1695 2529 1734 seu
2571 1680 2698 1750 quia
2729 1679 2988 1732 damnum
3025 1676 3355 1746 praeviderit,
3391 1689 3487 1730 seu
3516 1673 3645 1743 quia

2074 1774 2387 1828 luctaminis
2443 1771 2770 1836 meminerit,
2822 1772 2908 1825 vel
2953 1771 3081 1840 quia
3135 1778 3251 1823 arte
3298 1784 3397 1824 sua
3440 1768 3648 1822 caverit

2001 1849 2045 1903 Β
2075 1881 2142 1919 ne
2171 1875 2475 1919 corrueret.
2528 1863 2585 1917 In
2618 1879 2726 1934 quo
2763 1864 2929 1933 igitur
2960 1861 3151 1916 ordine
3193 1860 3494 1915 Eunomius
3525 1859 3650 1928 Spi—

2073 1957 2234 2011 ritum
2277 1964 2525 2010 sanctum
2565 1954 2895 2009 constituit?
2942 1969 3008 2007 ex
3043 1953 3127 2004 his
3168 1967 3287 2021 qua:
3322 1951 3466 2005 dicta
3516 1957 3646 2004 sunt

2073 2047 2372 2115 intelligite.
2427 2045 2485 2099 In
2519 2045 2712 2099 stadiis
2763 2043 2907 2097 enim
2960 2057 3082 2095 cum
3128 2042 3298 2110 aliqui
3345 2041 3648 2094 certamina

2088 2149 2316 2208 ponant,
2368 2139 2458 2190 alii
2505 2152 2636 2192 vero
2663 2136 2913 2204 judicent
2953 2134 3020 2188 de
3061 2134 3300 2202 legitima
3329 2133 3648 2197 certatione,

2076 2231 2166 2284 alii
2197 2239 2376 2283 autem
2403 2235 2634 2290 certent,
2671 2229 2762 2282 alii
2782 2243 2909 2282 vero
2927 2225 3265 2282 certantibus
3287 2225 3648 2285 subclament,

2077 2323 2168 2391 qui
2202 2320 2420 2390 quidem
2463 2319 2802 2374 certantibus
2833 2319 3006 2372 multo
3047 2316 3334 2370 inferiores
3379 2330 3475 2382 pro
3519 2325 3654 2368 con-

2080 2413 2228 2468 fesso
2279 2413 2568 2466 habentur.
2606 2409 2676 2464 Ut
2726 2427 2895 2464 unum
2947 2425 2978 2464 e
3021 2410 3220 2479 popqu
3264 2407 3648 2476 spectantium,

2081 2506 2162 2560 vel
2193 2505 2426 2573 aliquem
2470 2518 2659 2558 eorum
2704 2503 2795 2572 qui
2835 2502 3054 2554 athletis
3099 2501 3434 2560 ministrant,
3470 2498 3655 2552 Euno-

2082 2599 2223 2651 mius
2254 2597 2520 2667 Spiritum
2559 2604 2808 2651 sanetum
2848 2595 3010 2655 videt,
3048 2596 3140 2662 qui
3172 2608 3348 2660 neque
3373 2601 3652 2647 certamen

2081 2687 2334 2751 instituit,
2385 2701 2562 2756 neque
2597 2684 2665 2739 de
2702 2685 2935 2738 victoria
2975 2684 3206 2753 judicat,
3241 2698 3416 2752 neque
3460 2690 3652 2735 contra

2083 2779 2456 2834 adversarium
2483 2785 2678 2839 certat,
2707 2776 2801 2831 sed
2827 2793 2924 2831 sua
2948 2775 3377 2830 subclamatione
3395 2774 3461 2827 ad
3486 2773 3658 2827 victo-

2083 2875 2219 2927 riam
2250 2871 2387 2926 nihil
2413 2876 2756 2938 cooperatur.
2795 2866 2913 2920 Non
2961 2867 3103 2920 enim
3137 2872 3442 2926 concertat,
3482 2877 3656 2932 neque

2086 2967 2152 3020 ad
2195 2967 2298 3018 hoc
2338 2964 2514 3032 ipsum
2549 2971 2822 3014 certamen
2863 2960 2970 3011 vim
3020 2957 3241 3021 inserit;
3280 2955 3659 3008 tantummodo

2086 3059 2201 3111 vult
2230 3065 2286 3110 ut
2314 3056 2403 3110 ille
2437 3054 2522 3107 cui
2559 3053 2719 3115 favet,
2759 3067 2825 3104 ex
2857 3049 3078 3103 athletis
3109 3064 3216 3101 non
3252 3048 3527 3102 secundus
3573 3048 3660 3101 vel

405 3171 465 3226 δὲ
499 3170 676 3240 μόνον,
713 3164 786 3235 μὴ
831 3163 1078 3230 δεύτερον
1107 3155 1381 3225 δειχθῆναι
1417 3153 1525 3206 τῶν
1563 3152 1865 3206 ἀντιπάλων
1896 3155 1981 3206 τὸν

2095 3149 2322 3202 inferior
2358 3147 2684 3201 declaretur.
2727 3142 2890 3211 Atqui
2935 3140 3137 3193 Paulus
3177 3147 3350 3194 certat
3394 3139 3660 3192 adversus

411 3258 542 3331 παρ’
571 3256 734 3311 αὑτοῦ
767 3251 1216 3320 σπουδαζόμενον.
1264 3246 1373 3298 Καὶ
1414 3245 1624 3309 Παῦλος
1657 3246 1754 3316 μὲν
1785 3247 1986 3314 ἀγωνί-

414 3353 563 3417 ζεται
604 3349 740 3420 πρὸς
765 3347 864 3408 τὰς
899 3343 1089 3414 ἀρχὰς,
1118 3340 1252 3411 πρὸς
1279 3339 1378 3402 τὰς
1427 3337 1691 3402 ἐξουσίας,
1720 3340 1812 3390 καὶ
1851 3339 1986 3409 πρὸς

413 3446 537 3508 τοὺς
565 3438 1008 3511 κοσμοκράτορας
1048 3432 1142 3486 τοῦ
1179 3431 1420 3493 σκότους,
1449 3430 1541 3482 καὶ
1567 3429 1704 3499 πρὸς
1731 3429 1798 3482 τὰ
1825 3447 1984 3481 πνευ-

418 3534 621 3607 ματικὰ
663 3533 760 3601 τῆς
808 3526 1070 3598 πονηρίας
1118 3526 1174 3577 ὲν
1225 3525 1335 3585 τοῖς
1389 3522 1749 3591 ἐπουρανίοις.
1808 3521 1880 3573 Τὸ
1931 3521 1989 3573 δὲ

425 3625 646 3696 ιινιῦμα
671 3623 768 3692 τῆς
813 3619 1090 3687 δυνάμεως
1134 3615 1253 3684 οὐχὶ
1286 3613 1518 3683 ἐνισχύει
1568 3614 1692 3677 τοὺς
1733 3612 1987 3683 ἀθλητὰς,

417 3714 536 3767 οὐδὲ
561 3711 794 3780 διανέμει
823 3710 934 3770 τοῖς
966 3706 1221 3774 ἀθληταῖς
1261 3703 1328 3755 «ca
1356 3702 1682 3772 χαρίσματα,
1726 3700 1992 3768 διαιροῦν

422 3807 539 3874 ἰδίᾳ
553 3803 787 3866 ἑκάστῳ
812 3798 1004 3862 καθὼς
1033 3798 1341 3863 βούλεται,
1378 3794 1512 3848 ἀλλὰ
1544 3795 1700 3864 μέχρι
1747 3795 1838 3847 τοῦ
1868 3797 1992 3847 ὑπο-

423 3901 617 3967 φωνεῖν
643 3897 751 3957 τοῖς
779 3889 1237 3963 συμπλεκομένοις
1259 3886 1354 3956 τὴν
1376 3885 1599 3955 δύναμιν
1627 3887 1756 3955 ἔχει.

489 3989 709 4050 Πάλιν,
758 3984 925 4054 φησὶ,
971 3979 1466 4046 δειλανδροῦντας
1503 3977 1989 4045 θρασύνων.“Λλλ’

422 4077 573 4143 οὗτος
599 4080 696 4150 μὲν
721 4076 1000 4131 ἀκολουθεῖ
1023 4073 1164 4128 κατά
1197 4073 1286 4125 τὸν
1308 4070 1499 4124 ἑαυτοῦ
1526 4070 1680 4137 λόγον
1704 4073 1766 4141 τῇ
1795 4070 1994 4140 προλα-

423 4174 593 4247 ϐούσῃ
620 4171 758 4226 κατά
779 4170 870 4222 τοῦ
888 4167 1026 4222 Πνεύ
1036 4183 1200 4237 ματος
1231 4165 1567 4235 βλασφημίᾳ,
1586 4166 1806 4234 φανεροῖ
1824 4164 1878 4215 δὲ
1903 4164 1994 4215 καὶ

424 4269 510 4320 διὰ
552 4266 645 4319 τοῦ
673 4262 864 4335 ἐχθροῦ
895 4261 1157 4330 στόματος
1194 4257 1388 4328 ἑαυτὴν
1427 4260 1460 4326 ἡ
1502 4257 1743 4326 ἀλήθεια.
1772 4256 1994 4318 Οὐδενὸς

426 4360 534 4428 γάρ
555 4361 704 4412 ἐστιν
727 4356 913 4425 ἐτέρου
959 4351 1155 4422 θάρσος
1184 4351 1430 4420 ἐμποιεῖν
1453 4351 1561 4411 τοῖς
1583 4348 1995 4418 δειλαινομένοις

425 4453 459 4523 ἦ
480 4450 608 4503 Θεοῦ
634 4448 813 4519 μόνου,
830 4446 1074 4512 λέγοντος
1099 4440 1175 4510 τῷ
1195 4439 1455 4492 δειλιῶντι
1481 4455 1494 4469 ο
1512 4438 1606 4506 Μὴ
1632 4438 1838 4508 φοϐοῦ,
1847 4439 1995 4508 μετὰ

2090 3241 2450 3312 principatus,
2485 3237 2748 3294 adversus
2793 3240 3112 3307 potestates,
3159 3231 3425 3285 adversus
3473 3230 3662 3287 mundi

2095 3339 2342 3400 potentes
2371 3327 2716 3382 tenebrarum
2747 3324 2908 3392 hujus
2939 3323 3147 3381 szeculi,
3177 3329 3231 3375 et
3261 3321 3522 3376 adversus
3551 3323 3663 3390 spi-

2091 3421 2310 3474 ritualia
2343 3418 2593 3488 nequitia:
2618 3417 2673 3469 in
2701 3415 3040 3469 cmlestibus.
3077 3411 3318 3482 Spiritus
3352 3421 3530 3465 autem
3557 3413 3666 3467 vir-

2092 3517 2223 3566 tutis
2280 3528 2388 3565 non
2442 3509 2550 3563 vim
2599 3517 2654 3562 et
2699 3509 2869 3562 robur
2920 3506 3140 3560 athletis
3191 3505 3422 3570 confert,
3489 3521 3666 3575 neque

2095 3601 2452 3655 luctatoribus
2501 3599 2643 3652 dona
2701 3613 2801 3651 sua
2861 3597 3109 3667 largitur,
3179 3594 3417 3651 dividens
3476 3595 3662 3664 cuique

2091 3701 2247 3760 prout
2277 3692 2410 3758 vult,
2475 3690 2568 3744 sed
2599 3690 2885 3758 hucusque
2917 3696 3125 3743 tantum
3159 3698 3218 3742 ut
3248 3687 3664 3742 conferentibus

2093 3782 2414 3844 subclamet,
2440 3781 2550 3832 vim
2592 3779 2770 3832 habet.

2165 3962 2387 4029 Rursus,
2429 3962 2627 4031 inquit,
2672 3962 3005 4016 meticulosos
3051 3971 3100 4014 et
3148 3961 3366 4029 pavidos
3413 3963 3670 4018 audentes

2093 4055 2280 4110 reddit.
2319 4054 2416 4107 Hic
2445 4054 2662 4122 quidem
2697 4068 2798 4106 suo
2830 4067 3080 4106 sermone
3113 4052 3503 4121 blasphemiam
3537 4035 3678 4123 prta?

2092 4147 2373 4203 cedentem
2401 4144 2668 4210 sequitur,
2715 4144 2808 4196 sed
2843 4143 3045 4196 veritas
3079 4144 3313 4211 seipsam
3348 4160 3441 4212 per
3469 4160 3532 4199 os
3570 4147 3669 4199 ini-

2094 4239 2221 4293 mici
2264 4235 2593 4290 manifestat.
2623 4233 2844 4288 Nullius
2883 4236 3027 4287 enim
3076 4235 3299 4289 alterius
3327 4243 3410 4290 est
3438 4252 3672 4303 expave-

2096 4328 2376 4385 scentibus
2406 4326 2658 4379 tiduciam
2682 4333 2734 4379 et
2761 4324 2926 4378 animi
2961 4326 3300 4393 praesentiam
3326 4325 3666 4394 ingenerare,

2097 4436 2259 4492 quam
2295 4419 2467 4473 solius
2507 4415 2625 4480 Dei,
2662 4417 2754 4486 qui
2792 4415 2926 4469 dicit
2959 4415 3221 4468 metuenti
3252 4434 3265 4467 :
3296 4414 3424 4468 Νοίὶ
3467 4417 3673 4482 timere,

425 4508 542 4595 σοῦ
562 4505 669 4610 γάρ
693 4505 827 4606 ειμι,
845 4505 1032 4604 μηδὲν
1051 4505 1305 4585 εὐλαϐοῦ
1322 4546 1334 4558 ’
1361 4528 1434 4592 ὥς
1458 4505 1661 4599 φησινό
1691 4505 1981 4599 Προφήτης

2104 4524 2269 4568 tecum
2289 4511 2423 4564 enim
2442 4507 2639 4574 sum“,
2657 4506 2789 4559 nihil
2811 4505 3116 4573 reformida,
3137 4507 3279 4559 sicut
3295 4505 3423 4559 dicit
3437 4505 3672 4576 Prophe-

439 4634 580 4686 Ἐὰν
609 4629 719 4699 γὰρ
764 4623 1030 4694 πορευθῶ
1076 4623 1146 4676 ἐν
1182 4619 1352 4691 μέσῳ
1399 4617 1576 4684 σκιᾶς
1616 4617 1893 4680 θανάτου,
1922 4619 1994 4672 οὑ

427 4717 839 4788 φοϐηθήσομαι
873 4710 1045 4775 κακὰ,
1071 4711 1157 4763 ὅτι
1187 4709 1268 4762 σὺ
1289 4709 1413 4778 μετ’
1434 4707 1578 4777 ἐμοῦ
1602 4703 1672 4760 εἴ.
1720 4706 1877 4759 Ἀλλά
1902 4708 1996 4760 καὶ

429 4808 588 4872 αὐτὸς
633 4807 661 4857 ὁ
709 4803 984 4872 Δεσπότης
1016 4801 1150 4871 πρὸς
1191 4799 1316 4861 τοὺς
1362 4797 1672 4858 δειλιῶντάς
1715 4813 1865 4866 φησι,
1898 4797 1993 4864 Μὴ

429 4899 819 4969 ταρασσέσθω
874 4897 913 4963 ὴ
967 4891 1178 4961 καρδία
1234 4886 1428 4958 ὑμῶν,
1487 4886 1642 4957 μηδὲ
1689 4887 1994 4941 δειλιάτωο

429 4994 543 5058 καὶ,
574 4990 635 5045 Τί
681 4985 1049 5048 δειλοίὲστε,
1084 4981 1486 5050 ὀλιγοπιστοκ
1534 4977 1647 5042 καὶ,
1694 4977 1993 5046 Θαρσεῖτε,

426 5087 540 5155 ὲγιὶ)
567 5085 682 5152 εἰμι
701 5098 715 5112 ο
736 5080 822 5150 μὴ
849 5077 1156 5148 φοϐεῖσθε’
1187 5074 1281 5126 καὶ
1325 5071 1505 5134 πάλιν,
1552 5071 1848 5139 Θαρσεῖτε,
1884 5070 1998 5140 ἐγὼ

427 5177 715 5242 νενίκηκα
763 5171 870 5223 τὸν·
918 5169 1166 5236 κόσμον.
1220 5162 1427 5217 Οὐκοῦν
1486 5163 1577 5215 καὶ
1633 5163 1852 5225 ἄκοντος
1904 5161 1996 5214 τοῦ

427 5264 714 5335 Εὑνομίου,
751 5261 816 5314 δι’
859 5259 1028 5327 αὐτῆς
1055 5256 1153 5326 τῆς
1201 5253 1460 5323 πολεμίας
1506 5251 1688 5320 φωνῆς
1733 5251 1997 5303 δείκνυσιν

429 5357 626 5426 ἑαυτὴν
655 5357 689 5424 ἡ
736 5350 1002 5405 εὐσέϐεια.
1056 5346 1341 5415 Συμφωνεί
1390 5343 1446 5395 δὲ
1491 5342 1583 5394 καὶ
1620 5343 1647 5394 ό
1689 5339 1886 5408 ἑφεξῆς
1922 5341 1998 5408 τῷ

429 5449 720 5517 προάγοντι
751 5443 904 5512 λόγος
925 5457 938 5469 ⁸
983 5437 1296 5501 Ἁπάντων,
1332 5435 1481 5504 φησὶ,
1516 5432 1864 5500 κηδόμενος,
1899 5433 1995 5484 καὶ

429 5537 633 5592 πᾶσαν
666 5532 949 5603 φροντίδα
980 5529 1078 5582 καὶ
1108 5526 1392 5596 πρόνοιαν
1416 5523 1853 5593 εὶσςρερόμενος.
1887 5522 1999 5576 Μό-

429 5646 521 5683 νου
555 5627 662 5696 γάρ
694 5627 839 5679 ἐστιν
863 5623 936 5687 ὼς
973 5619 1187 5693 ἀληθῶς
1225 5615 1318 5670 τοῦ
1353 5615 1486 5670 Θεοῦ
1519 5616 1578 5669 τὸ
1605 5614 1862 5684 κήδεσθαι
1906 5615 1998 5667 καὶ⁸

503 5738 547 5769 ⁸⁵
583 5736 741 5793 Joan.
779 5754 850 5802 vn,
882 5734 973 5790 ‘20.

432 5824 547 5870 ιιι-1,
578 5809 668 5864 55.

1081 5734 1123 5765 ⁸⁸
1152 5731 1296 5788 Psal.
1326 5745 1462 5794 xm,
1492 5727 1546 5784 ὦ.

1646 5727 1690 5758 ³⁸
1731 5725 1887 5783 Joan.
1914 5744 2020 5797 xw,
2045 5729 2136 5785 ’27.
2212 5726 2255 5758 ’⁸⁷
2298 5725 2487 5779 Matth.
2514 5742 2629 5789 vni,
2652 5724 2740 5778 9.8.

2096 4614 2150 4659 ta
2184 4624 2195 4658 :
2225 4602 2283 4657 Si
2309 4603 2446 4656 enim
2472 4599 2808 4653 ambulavero
2835 4599 2888 4650 in
2916 4597 3088 4651 medio
3112 4597 3311 4650 umbrae
3335 4599 3540 4662 mortis,
3567 4616 3676 4653 non

2097 4696 2285 4751 timebo
2303 4694 2471 4757 mala,
2497 4693 2747 4763 quoniam
2767 4702 2823 4745 tu
2842 4707 3041 4745 mecum
3057 4707 3111 4744 es
3130 4692 3196 4742 ⁸⁸.
3217 4689 3357 4754 Quin
3376 4691 3536 4744 etiam
3553 4695 3673 4760 ipse

2097 4789 2359 4843 Dominus
2381 4786 2445 4839 ad
2465 4793 2766 4840 metuentes
2787 4784 2919 4838 dicit
2937 4781 3043 4837 :Ne
3058 4783 3297 4836 turbetur
3315 4800 3405 4835 cor
3420 4793 3669 4847 vestrum,

2096 4898 2254 4951 neque
2278 4878 2520 4946 formidet
2533 4877 2599 4929 "°.
2621 4877 2704 4940 Et,
2730 4875 2869 4940 Quid
2887 4875 3059 4928 timidi
3074 4874 3446 4936 estis,modicw
3468 4875 3676 4943 ﬁdei"?

2096 4971 2183 5037 Et,
2207 4969 2488 5039 Conﬁdite,
2508 4965 2620 5038 Ego
2640 4983 2786 5022 sum:
2804 4967 2968 5019 nolite
2991 4967 3171 5019 timere
3183 4965 3419 5035 ",atque
3442 4967 3671 5021 iterum:

2099 5062 2379 5132 Conﬁdite,
2393 5077 2483 5130 ego
2497 5060 2593 5113 vici
2609 5056 2934 5111 mundum".
2950 5056 3312 5123 Quamobrem
3327 5059 3497 5111 invito
3509 5059 3673 5113 etiam

2102 5153 2398 5215 Eunomio,
2438 5167 2534 5220 per
2568 5150 2819 5204 hostilem
2855 5164 3041 5202 vocem
3069 5147 3302 5217 seipsam
3340 5149 3678 5203 demonstrat

2099 5247 2290 5316 pietas.
2317 5243 2510 5298 Sermo
2523 5242 2684 5296 etiam
2699 5241 2790 5310 qui
2814 5241 3340 5309 deinceps-sequitur
3353 5243 3676 5309 praecedenti

2100 5345 2384 5394 consonat.
2422 5335 2690 5396 Omnium,
2718 5333 2915 5403 inquit,
2936 5348 3119 5385 curam
3145 5332 3361 5395 habens,
3397 5343 3446 5386 et
3475 5349 3677 5387 omnem

2101 5450 2281 5488 curam
2303 5441 2349 5486 et
2371 5429 2750 5500 providentiam
2781 5426 3035 5495 inferens.
3086 5423 3271 5480 Solius
3297 5425 3440 5479 enim
3471 5431 3555 5479 est
3586 5424 3678 5478 Dei

2101 5543 2228 5582 vere
2240 5525 2482 5580 omnium
2497 5520 2880 5592 cogitationem
2895 5526 3148 5572 etcuram
3175 5517 3391 5571 habere.
3417 5516 3507 5569 Sic
3527 5515 3684 5568 Davi-

2103 5618 2171 5674 de
2186 5631 2380 5686 magno
2411 5615 2658 5668 dicente:
2700 5609 2813 5681 Ego
2856 5610 3123 5662 mendicus
3155 5625 3273 5662 sum
3306 5617 3356 5662 et
3380 5622 3598 5676 pauper,
3633 5615 3682 5661 et

2846 5721 2892 5751 “'
2932 5719 3096 5776 Marc.
3132 5734 3210 5786 v1,
3246 5717 3336 5773 50.
3441 5716 3487 5750 δ’
3521 5715 3681 5775 Joan.
