4138 6364
461 349 562 407 5'“

1697 353 1756 408 s.
1799 336 2129 412 ortmann
2161 356 2460 417 NYSSENI

3637 357 3746 412 573

457 466 720 522 Dominus
751 466 1016 522 sollicitus
1041 469 1145 522 erit
1174 469 1274 523 mei
1295 470 1364 526 ⁵ο.
1393 467 1550 535 Quod
1603 471 1648 526 si
1688 471 1901 543 reliqua
1937 473 2059 528 sine

2131 474 2466 546 ,φροντίζειν
2512 475 2789 539 ἁπάντων,
2841 474 3014 539 οὕτως
3062 475 3307 538 εἰπόντος
3353 472 3446 527 τοῦ
3507 472 3743 544 μεγά)ου

456 559 729 614 sententia
781 559 836 612 in
888 561 1125 630 strepitu
1184 561 1430 615 inanium
1473 560 1768 616 verborum
1819 564 2048 632 explosa

456 658 608 714 sunt,
651 651 836 704 nullus
867 658 1090 706 accuset
1123 652 1326 720 ipsum,
1354 651 1485 706 dum
1521 651 1671 707 videt
1700 652 1756 706 iu
1794 653 2048 722 pluribus

456 744 638 797 omnis
672 743 960 812 prudentis
1003 751 1059 798 et
1109 759 1258 800 sana:
1314 745 1689 815 intelligentiae
1745 753 2046 814 expertem,

457 834 679 888 inanem
714 843 768 890 et
800 836 1103 890 indoctum.
1137 836 1279 901 Quid
1309 837 1453 891 enim
1487 837 1817 906 intelligens,
1847 837 2046 904 inquit,

455 928 524 982 ad
563 929 1065 984 benevolentiorum
1106 929 1350 984 favorem
1390 941 1444 985 et
1475 930 1787 984 custodiam
1835 929 2048 983 lidelio—

455 1037 599 1083 rum,
633 1036 740 1075 non
775 1021 890 1091 ipse
922 1022 1154 1086 diceret,
1191 1039 1368 1091 noque
1399 1022 1477 1076 illi
1511 1023 1604 1092 qui
1643 1021 1835 1075 insane
1872 1027 1927 1074 et
1959 1020 2044 1073 in-

456 1113 723 1180 sipienter
764 1113 913 1167 illius
961 1114 1183 1168 decreta
1213 1124 1268 1167 et
1315 1116 1519 1184 scripta
1553 1113 1916 1168 admirantur.
1982 1115 2043 1168 In

451 1202 675 1256 Christo
722 1201 876 1266 Jesu,
936 1204 1026 1257 cui
1075 1205 1248 1274 gloria
1284 1213 1338 1260 et
1378 1204 1690 1276 imperium,
1749 1204 1801 1257 in
1843 1203 2045 1257 saecula

453 1296 807 1350 saeculorum.
836 1296 1034 1351 Amen.

525 1471 572 1502 ⁸ο
610 1470 758 1526 Psal.
800 1487 990 1536 χχχιι,
1025 1472 1112 1527 18.

2150 568 2313 621 Δαὸίδ
2333 585 2348 599 ο
2383 567 2532 636 Ἐγὼ
2557 569 2794 636 πτωχός
2819 569 2934 636 είμι
2963 567 3061 620 καὶ
3087 567 3277 634 πένης
3296 581 3314 599 ⁶
3331 567 3545 634 Κύριος
3564 585 3743 634 φρον-

2149 659 2263 712 τιεῖ
2283 677 2419 729 μου.
2449 661 2512 713 Ei
2545 659 2602 712 δὲ
2627 659 2688 712 τὸ
2715 659 3037 730 λειπόμενον
3070 659 3198 712 ἄνευ
3221 657 3456 721 διανοίας
3484 659 3541 711 ἐν
3562 659 3744 727 ψόφῳ,

2148 749 2237 802 διὰ
2273 750 2446 804 κενῶν
2484 751 2744 821 ῥημάτων
2778 749 3214 820 διακεκρότηται,
3260 751 3445 820 μηδεὶς
3481 750 3744 802 αἰτιάσθω

2149 839 2293 911 ὁρῶν
2321 840 2482 893 αὑτὸν
2511 842 2568 892 ἐν
2599 843 2710 904 τοῖς
2745 839 2953 894 πλείοσι
2993 841 3172 910 πάσης
3205 841 3473 910 ἔμφρονος
3503 840 3741 903 διανοίας

2150 925 2336 978 ἄτονόν
2373 943 2432 978 τε
2478 927 2570 978 καὶ
2606 927 2950 982 ἀπαίδευτον.
2988 929 3053 981 Τί
3086 929 3195 998 γὰρ
3229 929 3384 991 νοῶν,
3434 931 3616 998 φησιν,
3659 932 3741 993 εἰς

2149 1018 2513 1090 προσαγωγὴν
2562 1018 2674 1071 τῶν
2723 1021 3121 1091 εὐνουστέρων,
3175 1021 3270 1073 καὶ
3330 1020 3576 1092 φυλακὴν
3630 1022 3738 1074 τῶν

2150 1110 2504 1182 πιστοτέρων,
2545 1111 2654 1164 οὔτ’
2691 1112 2757 1168 ἂν
2787 1114 2948 1177 αὐτὸς
2993 1114 3155 1175 εἴποι,
3188 1112 3312 1166 οὔτε
3344 1115 3394 1165 οἱ
3426 1113 3492 1166 τὰ
3529 1115 3736 1166 ἐκείνου

2149 1201 2390 1270 ἀνοήτως
2421 1200 2811 1272 Θαυμάζοντες.
2858 1205 2944 1256 Ἐν
2978 1203 3200 1274 Χριστῷ
3237 1203 3432 1271 Ἰησοῦ,
3458 1199 3502 1271 ᾧ
3539 1206 3572 1275 ἡ
3609 1205 3736 1271 δόξα

2149 1291 2325 1344 καὶτὸ
2354 1293 2552 1362 κράτος
2586 1295 2663 1357 εἰς
2688 1295 2812 1358 τοὺς
2833 1295 3036 1359 αἰῶνας
3069 1295 3173 1347 τῶν
3197 1293 3426 1348 αἰώνων.
3470 1296 3660 1366 Ἀμήν.

1295 1828 1595 1912 ΚΑΤΑ
1661 1824 2255 1912 ΕΥΝΟΜΙΟΥ
2305 1823 2672 1910 ΛΟΓΟΣ
2753 1824 2878 1912 Γ’.

2035 2033 2107 2050 -η

937 2184 1410 2277 CONTRA
1481 2184 2150 2276 EUNOMIUM
2224 2186 2590 2273 LIBER
2672 2185 3228 2275 TERTIUS.

515 2529 787 2589 CAPITA
825 2530 962 2584 SEU
994 2529 1389 2585 SUMMARIA
1432 2529 1639 2584 LIBRI
1668 2529 1954 2586 TERTII.

407 2651 409 2655 ’
446 2649 496 2702 1.
526 2645 735 2699 Tertius
760 2645 856 2696 iste
887 2642 1015 2695 liber
1043 2643 1255 2695 tertiam
1277 2640 1527 2695 Eunomii
1550 2640 2024 2694 hallucinationem

513 2716 763 2776 ostendit,
800 2715 933 2767 velut
967 2711 1100 2781 ejus,
1131 2714 1219 2782 qui
1250 2714 1479 2782 seipsum
1504 2712 1790 2782 redarguo!
1819 2755 1834 2776 ,
1870 2721 1916 2764 et
1949 2712 2036 2762 in-

518 2786 721 2839 terdum
778 2780 997 2854 quidem
1045 2780 1212 2854 dicat,
1274 2781 1478 2854 Filium
1533 2780 2034 2854 Unigenitumhesse

516 2850 917 2915 nominandum,
949 2871 1006 2907 eo
1026 2852 1164 2923 quod
1186 2852 1477 2923 secundum
1503 2862 1754 2905 naturam
1777 2868 1848 2923 ea;
1865 2850 2032 2904 Patre

513 2937 670 2978 natus
717 2926 808 2985 sit,
847 2925 1014 2977 sacris
1040 2922 1285 2986 Litteris,
1340 2933 1398 2977 ut
1427 2922 1526 2984 ait,
1579 2937 1799 2989 superne
1830 2922 1926 2975 hoc
1955 2931 2032 2974 te-

513 2995 809 3057 stantibus;
846 2995 1110 3047 interdum
1161 3010 1277 3046 vero
1320 3002 1531 3061 propter
1569 2995 1888 3047 creationem
1923 3008 2029 3044 non

515 3064 738 3129 Filium,
776 3065 865 3119 sed
891 3075 1192 3118 creaturam
1219 3065 1470 3116 nominet.

439 3135 724 3192 2.1terum
759 3137 959 3189 dictum
998 3134 1134 3186 illud
1175 3150 1194 3187 :
1236 3133 1500 3187 Dominus
1541 3133 1743 3187 creavit
1789 3146 1897 3194 me,
1927 3129 2027 3184 ad-

515 3206 728 3259 modum
749 3206 897 3260 scite.
935 3205 1172 3274 apposite
1201 3213 1248 3258 et
1275 3213 1523 3274 accurate
1551 3203 1786 3272 exponit.

441 3276 494 3333 5.
524 3275 722 3330 Deinde
757 3277 916 3345 geniti
945 3285 992 3328 et
1021 3276 1238 3343 ingeniti
1270 3273 1715 3345 signiﬁcationem
1751 3289 1854 3345 non
1879 3287 2027 3345 pere—

511 3349 722 3416 grinam
757 3342 1017 3399 ‘naturam
1062 3342 1333 3416 ingerere,
1363 3359 1428 3396 ea;
1462 3342 1677 3409 Adami,
1733 3353 1782 3398 et
1822 3343 2024 3408 Abelis,

513 3415 843 3486 aliorumque
869 3415 1118 3484 exemplis
1143 3415 1492 3468 demonstrat.

437 3555 497 3613 4.
517 3555 714 3611 Postea
748 3556 933 3609 wterni
982 3554 1050 3607 ad
1088 3553 1304 3607 Patrem
1333 3555 1628 3615 ueritatem,
1673 3562 1722 3606 et
1769 3553 2025 3606 identita-

515 3637 617 3682 tem
669 3626 935 3689 essentiw,
973 3635 1021 3679 et
1072 3626 1490 3678 communionem
1547 3633 1756 3678 natura:
1803 3623 2024 3676 demon-

513 3707 655 3753 strat
689 3713 705 3750 :
743 3697 830 3749 ubi
879 3697 1040 3750 etiam
1068 3695 1478 3764 dissertatioide
1519 3696 1852 3764 generatione
1893 3693 2020 3756 vini,

512 3767 750 3839 quodque
773 3765 944 3820 Filius
965 3778 1012 3820 et
1039 3767 1273 3836 genimen
1287 3763 1632 3834 deUnigenito
1650 3765 2018 3832 pronuntiata,

511 3842 649 3892 inter
676 3855 731 3892 se
757 3848 981 3908 cognata
1011 3839 1134 3890 sint.

440 3980 496 4034 5.
528 3977 608 4032 Ad
637 3979 768 4039 lucc,
818 3978 1011 4033 diuina:
1053 3977 1294 4031 essentne
1345 3971 2022 4042 incomprehensibilitatem

510 4050 833 4119 exsequitur,
865 4048 1110 4119 illudque,
1127 4047 1196 4099 ad
1221 4046 1622 4100 Samaritanam
1642 4060 1660 4097 :
1686 4042 1796 4096 Vos
1827 4044 2021 4095 adora-
2050 4054 2067 4068 °

515 4121 607 4178 tis,
637 4118 782 4187 Quod
813 4119 1059 4178 nescitis,
1093 4118 1493 4238 interiretatur.

534 4189 724 4238 Postea
773 4188 1175 4238 appellationem
1250 4187 1350 4238 'ilii
1392 4196 1441 4238 et
1481 4203 1493 4238 ι

441 4189 496 4245 6.
534 4183 724 4242 Postea
773 4188 1175 4257 appellationem
1218 4183 1350 4240 Filii
1392 4196 1446 4257 et
1481 4184 1782 4255 geniminis,
1814 4183 2021 4257 plures-

511 4276 608 4328 que
638 4254 963 4328 diﬁ'erentias
1008 4259 1242 4326 filiorum
1277 4257 1391 4321 Dei,
1427 4254 1716 4322 huminum,
1768 4254 2017 4316 arietum,

512 4329 844 4398 perditionis,
870 4329 1002 4381 lucis
1024 4336 1072 4381 et
1103 4329 1206 4381 diei
1234 4328 1466 4395 exponit.

440 4469 492 4528 7.
519 4469 753 4523 Tandem
785 4467 1047 4538 Unigeniti
1077 4466 1519 4534 appellationibus
1546 4465 1736 4538 divinis
1761 4464 2021 4538 etuhuma-

510 4542 591 4592 nis
619 4534 907 4602 enodatisf
947 4548 994 4591 et
1037 4539 1231 4607 genito,
1270 4548 1424 4606 atque
1464 4536 1696 4606 ingenito
1736 4534 2018 4604 diligenter

507 4626 750 4673 excusso,
781 4609 972 4662 librum
1005 4609 1274 4661 terminat.

2365 2529 2729 2581 ΚΕΦΑΛΛΙΑ
2779 2529 2903 2579 ΤΟΥ
2945 2530 3199 2582 ΤΡΙΤΟΥ
3224 2531 3495 2584 ΛΟΓΟΥ.

2138 2651 2207 2698 α’.
2254 2644 2310 2696 '0
2342 2645 2535 2712 τρίτος
2568 2637 2742 2706 οὗτος
2768 2642 2951 2710 λόγος
2983 2643 3194 2711 τρίτην
3217 2643 3449 2696 πτῶσιν
3474 2643 3580 2695 τοῦ
3608 2644 3724 2697 Εὐ-

2207 2715 2418 2782 νομίου
2463 2712 2742 2772 δεικνύει,
2783 2713 2863 2776 ὡς
2915 2713 3134 2782 ἑαυτὸν
3178 2713 3586 2782 διελέγχοντα,
3621 2713 3720 2766 καὶ

2209 2781 2353 2868 ποτὲ
2375 2784 2491 2868 μέν
2505 2783 2794 2868 ﬁlix-orta:
2827 2782 2916 2868 ὅτι
2948 2781 3162 2868 διὰστὸ.
3177 2781 3540 2868 γεννηθῇναι
3571 2786 3722 2868 κατὰ

2209 2851 2396 2922 φύσιν
2434 2851 2530 2906 δεῖ
2557 2853 2694 2905 Υίὸν
2723 2853 2828 2922 τρν
2852 2851 3162 2922 Μονογτενῆ
3196 2851 3603 2922 ὀνομάζεσθαι,
3638 2854 3719 2918 ὠς

2208 2921 2317 2990 τῆς
2350 2923 2524 2993 ἁγίας
2566 2921 2834 2993 Γραφῆς,
2883 2921 3094 2991 φησιν,
3141 2921 3371 2976 ἄνωθεν
3401 2923 3575 2976 τοῦτο
3612 2923 3716 2989 δη-

2207 2992 2442 3060 λούσης
2461 3010 2474 3024 ·
2515 2992 2659 3046 ποτὲ
2692 2993 2780 3053 δὲ,
2813 2993 2902 3046 ὅτι
2933 2993 3032 3046 διὰ
3055 2993 3121 3046 τὸ
3144 2993 3483 3062 κτισθῆναι,
3507 2993 3718 3063 μηκέτι

2217 3064 2371 3133 Υὶρν,
2403 3063 2563 3118 ἀλλὰ
2591 3063 2813 3133 ποίημα
2843 3063 3145 3133 λέγεσθαι.

2138 3133 2204 3205 β’.
2234 3130 2404 3205 Εἶτα*
2424 3133 2612 3187 πάλιν
2645 3130 2759 3205 τὴν
2788 3130 2935 3205 τοῦ(
2956 3132 3160 3205 Κύριος
3189 3132 3384 3205 ἔκτισε*
3407 3149 3495 3205 με,
3527 3132 3717 3205 ῥῆσιν

2208 3202 2530 3274 παγκάλως
2567 3204 2664 3256 καί,
2697 3203 2991 3272 ἁρμοδίως
3030 3202 3129 3258 irai
3175 3202 3427 3272 ἀκριϐῶς
3458 3203 3717 3268 διεξετὰ-

2204 3291 2320 3339 σας
2344 3274 2652 3327 ἐκτίθεται.

2133 3351 2201 3414 γ’.
2246 3347 2492 3398 Ἔπειτα
2518 3345 2632 3410 τὴν
2663 3343 2769 3398 τοῦ
2792 3343 3087 3412 γεννητοῦ
3110 3345 3209 3398 καὶ
3239 3343 3573 3414 ἀγεννῄτου
3601 3346 3712 3398 οὐκ

2203 3415 2604 3486 ἀλλοτρίωσιν
2637 3415 2852 3486 οὐσίας
2875 3415 2944 3486 ἐκ
2980 3415 3173 3486 τετοῦ
3210 3414 3392 3486 Ἀδὰμ
3418 3414 3519 3468 καὶ
3545 3415 3714 3469 Ἅϐελ

2202 3485 2299 3554 καί
2327 3484 2543 3550 ἐτέρων
2570 3483 3019 3554 ὑποδειγμάτων
3037 3483 3369 3539 δείκνυσιν.

2131 3555 2194 3608 δ’.
2228 3551 2348 3608 Εἶθ’
2378 3555 2563 3620 οὕτως
2596 3554 2711 3619 τὴν
2755 3551 2862 3609 τοῦ
2891 3553 3088 3609 ἀϊδίου
3129 3555 3279 3622 πρὸς
3327 3554 3434 3608 τὸν
3485 3555 3713 3621 Πατέρα

2200 3625 2472 3691 ἑνότητα,
2503 3624 2602 3678 καὶ
2640 3625 2705 3677 τὸ
2739 3623 2920 3691 ταὺτὸ
2953 3624 3062 3691 τῆς
3098 3626 3333 3690 οὐσίας,
3369 3624 3467 3678 καὶ
3507 3624 3713 3678 κοινὸν

2200 3692 2309 3761 τῆς
2335 3687 2594 3762 φύσεως,
2620 3695 2690 3746 ἔν
2725 3687 2773 3760 ᾧ
2805 3694 2902 3747 καὶ
2932 3687 3301 3764 φυσιολογία
3321 3687 3464 3761 περὶ
3497 3694 3712 3764 γεννή-

2199 3781 2353 3830 σεως
2385 3766 2576 3825 οἴνου,
2612 3766 2710 3818 καὶ
2748 3765 2837 3818 ὅτι
2871 3764 2904 3818 ὅ
2932 3782 2994 3818 τε
3047 3764 3181 3826 Υἱὸς
3208 3765 3305 3818 καὶ
3348 3766 3414 3818 τὸ
3447 3764 3711 3833 γέννημα

2203 3835 2300 3887 ἐπὶ
2328 3833 2438 3902 τῆς
2463 3835 2568 3888 τοῦ
2605 3835 2984 3904 Μονογενοῦς
3016 3835 3420 3904 προσηγορίας
3451 3833 3708 3904 ὁμογενῆ

2202 3904 2316 3972 τὴν
2345 3905 2674 3970 οἰκειότητα
2701 3904 2974 3972 ἔχουσιν.

2125 3981 2187 4028 ε’.
2211 3974 2365 4040 Πρὸς
2386 3977 2616 4040 τούτοις
2632 3973 2699 4028 τὸ
2715 3974 3144 4039 ἀκατάληπτον
3161 3974 3272 4041 τῆς
3293 3975 3455 4039 θείας
3472 3975 3706 4040 οὐσίας,

2195 4045 2464 4107 διέξεισι,
2510 4046 2607 4098 καί
2665 4045 2732 4097 τὸ
2763 4045 2913 4112 πρὸς
2944 4043 3060 4111 τὴν
3108 4045 3460 4113 Σαμαρεῖτιν
3499 4044 3703 4111 ῥηθὲν,

2208 4115 2395 4184 Ὑμεῖς
2432 4118 2805 4184 προσκυνεῖτε,
2845 4114 2872 4166 ὃ
2909 4115 3008 4167 οὐκ
3037 4114 3232 4177 οἴδατε,
3264 4116 3598 4184 ἐρμηνεύει.

2128 4192 2202 4251 ς’.
2231 4181 2337 4238 καὶ.
2374 4181 2524 4254 μετὰ
2547 4185 2732 4238 ταῦτα
2756 4185 2874 4254 τὴν
2894 4185 2999 4237 τοῦ
3041 4185 3178 4254 Υίοῦ
3210 4181 3435 4250 κλῆσιν
3473 4185 3570 4236 καὶ
3600 4181 3706 4235 τοῦ

2193 4253 2586 4324 γεννήματος,
2628 4253 2914 4323 διαφοράς
2943 4271 3006 4324 τε
3044 4253 3188 4307 υίῶν
3217 4255 3364 4308 Θεοῦ
3391 4256 3704 4318 πλείστας,

2196 4322 2293 4378 irai
2331 4322 2675 4392 ἀνθρώπων,
2718 4322 2814 4378 καὶ
2846 4322 3048 4390 κριῶν,
3085 4325 3184 4377 καὶ
3231 4325 3551 4388 ἀπωλείας,
3583 4341 3702 4393 φω-

2197 4396 2298 4460 τός
2331 4413 2394 4449 τε
2431 4396 2529 4462 καὶ
2552 4395 2776 4462 ἡμέρας
2802 4395 3110 4448 ἐκτίθεται.

2124 4464 2189 4528 ζ’.
2235 4466 2389 4531 Πρὸς
2441 4461 2530 4530 οἷς
2573 4461 2678 4529 τὰς
2726 4465 2830 4517 τοῦ
2876 4464 3257 4532 Μονογενοῦς
3301 4464 3706 4532 προσηγορίας

2195 4536 2399 4600 θεϊιιάς
2440 4553 2503 4589 τε
2560 4535 2658 4588 καὶ
2702 4536 3080 4602 ἀνθρωπίνας
3132 4534 3596 4602 διερμηνεύσας,
3637 4535 3703 4586 td

2193 4606 2486 4674 γεννητὸν
2509 4606 2606 4659 καὶ
2635 4604 2968 4674 ἀγέννητον
2993 4604 3364 4670 διεξετάσας,
3387 4604 3495 4658 τὸν
3517 4605 3705 4674 λόγον

2192 4676 2433 4743 πληροῖ.

509 4936 770 5008 Legitime
811 4936 1147 4999 decertanti,
1211 4935 1462 4991 laborum
1516 4935 1572 4990 in
1618 4939 2013 4996 certaminibus
2050 4946 2059 5000 l

2189 4944 2282 5015 Τῷ
2308 4944 2551 5016 νομίμως
2592 4941 2876 5004 ἀθλοῦντι,
2917 4942 3024 4995 τῶν
3068 4943 3125 4994 ὲν
3170 4945 3281 5006 τοῖς
3311 4943 3487 5012 ἀγῶσι
3527 4944 3702 4996 πόνων

433 5031 837 5087 exantlatorum
899 5028 988 5081 hic
1027 5026 1295 5082 terminus
1335 5034 1421 5083 est
1453 5045 1468 5082 :
1514 5034 1575 5082 ut
1629 5028 1718 5085 vel
1756 5029 2014 5086 adversa-

432 5125 551 5180 rius
605 5121 886 5176 laboribus
931 5122 1182 5177 defessus
1233 5120 1552 5191 fractusque
1606 5128 1662 5176 et
1719 5121 2013 5192 languidus

432 5222 629 5287 sponte
659 5215 709 5269 ei
755 5215 848 5284 qui
891 5215 1164 5285 superarit
1197 5214 1418 5268 herbam
1463 5214 1706 5286 porrigat
1755 5222 1809 5270 et
1855 5215 2015 5270 cedat

432 5307 660 5360 victoria
682 5321 697 5358 :
719 5306 800 5360 vel
827 5316 887 5359 ut
922 5304 1222 5361 secundum
1252 5305 1563 5361 athleticam
1589 5306 1757 5376 legem
1782 5314 1866 5361 ter
1885 5322 2013 5376 pro-

433 5406 638 5453 stratus
673 5398 726 5451 in
755 5406 956 5452 terram
995 5405 1118 5452 ruat
1144 5415 1159 5451 :
1197 5413 1292 5467 per
1321 5413 1443 5468 qua:
1472 5399 1686 5458 victori,
1716 5398 2009 5468 praesidum

430 5489 636 5558 judicio
656 5528 670 5552 ,
709 5489 856 5543 clara
883 5489 1150 5558 praeconis
1177 5488 1592 5545 denuntiatione
1611 5529 1627 5553 ,
1664 5489 1735 5543 ob
1763 5490 2012 5559 adeptam

429 5598 694 5637 coronam
746 5582 978 5637 illustris
1030 5583 1240 5638 accedit
1288 5583 1479 5654 gloria.
1529 5581 1797 5648 Quoniam
1851 5581 2017 5652 igitur

431 5671 516 5728 bis
547 5673 924 5743 superioribus
956 5675 1294 5729 orationibus
1329 5681 1640 5745 prostratus
1676 5672 1974 5727 Eunomius
1996 5711 2012 5736 ,

435 5765 677 5818 nondum
712 5765 924 5820 veritati
953 5765 1112 5825 cedit,
1135 5781 1232 5820 nec
1261 5768 1434 5835 ipsam
1470 5765 1600 5820 sinit
1633 5773 1823 5818 contra
1858 5778 2014 5817 mcu-

437 5855 656 5909 daeium
685 5894 698 5913 .
735 5857 976 5912 victoria:
1023 5856 1244 5926 praemia
1298 5865 1620 5926 reportare:
1663 5854 1760 5911 sed
1820 5868 2011 5909 rursus

2119 5035 2241 5106 ὅρος
2271 5035 2438 5098 ἐστὶν,
2463 5035 2495 5104 ἢ
2527 5035 2586 5088 τὸ
2615 5034 2894 5097 παντελῶς
2925 5033 3228 5087 ἀπειπόντα
3257 5033 3391 5105 πρὸς
3423 5034 3550 5097 τοὺς
3597 5034 3697 5086 πό-

2118 5145 2242 5192 νους
2266 5127 2357 5181 τὸν
2388 5127 2789 5198 ἀνταγωνιστὴν
2819 5125 3078 5189 ἑκουσίως
3103 5125 3367 5195 ἐκστῆναι
3396 5125 3474 5196 τῷ
3501 5143 3700 5199 κεκρα-

2119 5221 2305 5288 τηκότι
2337 5219 2437 5289 τῆς
2468 5219 2622 5288 νίκης
2644 5235 2659 5250 ·
2685 5218 2718 5288 ἢ
2744 5218 2892 5288 τρισὶ
2921 5217 3174 5286 πτώμασι
3201 5217 3343 5270 κατὰ
3367 5218 3459 5272 τὸν
3482 5219 3700 5291 ἀθλητι-

2119 5306 2213 5359 κὺν
2254 5305 2661 5376 καταϐληθῆναι
2701 5306 2862 5376 νόμον
2884 5321 2898 5334 ·
2928 5305 2994 5358 δι’
3028 5300 3101 5360 ὧν
3133 5305 3347 5375 γίνεται
3374 5308 3452 5378 τῷ
3479 5326 3696 5380 νενικη-

2118 5395 2255 5461 κότι,
2281 5397 2345 5466 τῇ
2374 5394 2550 5467 κρίσει
2587 5395 2695 5449 τῶν
2725 5394 3117 5466 βραϐευόντων,
3151 5398 3184 5467 ἠ
3218 5397 3312 5449 ἐπὶ
3339 5396 3418 5468 τῷ
3449 5400 3696 5467 στεφάνῳ

2116 5487 2241 5552 δόξα
2267 5486 2354 5541 διὰ
2378 5487 2629 5559 λαμπροῦ
2661 5486 2754 5540 τοῦ
2781 5487 3153 5558 κηρύγματος.
3198 5488 3349 5542 Ἐπεὶ
3375 5484 3470 5543 οὖν
3494 5490 3573 5554 δίς
3593 5491 3692 5563 ἤδη

2115 5576 2471 5648 καταϐληθεὶς
2524 5578 2583 5629 ὲν
2634 5580 2744 5640 τοῖς
2801 5576 3131 5647 προλαϐοῦσι
3175 5577 3355 5646 λόγοις
3394 5579 3691 5650 Εὑνόμιος,

2114 5667 2266 5720 οὔπω
2303 5670 2574 5740 συγχωρεῖ
2607 5670 2672 5738 τῇ
2706 5666 2934 5738 ἀληθείᾳ
2977 5668 3118 5722 κατὰ
3157 5668 3249 5722 τοῦ
3283 5669 3509 5737 ψεύδους
3549 5670 3693 5740 ἔχειν

2113 5759 2180 5812 τὰ
2210 5761 2499 5831 νικητήρια
2519 5777 2533 5792 ο
2563 5761 2676 5814 ἀλλ’
2713 5761 2778 5812 ἐκ
2816 5761 2999 5830 τρίτου
3042 5763 3204 5816 πάλιν
3233 5762 3373 5816 κατὰ
3411 5763 3510 5833 τῆς
3540 5763 3694 5815 εὐσε-

2116 5850 2264 5917 ϐείας
2311 5853 2395 5906 διὰ
2428 5854 2522 5926 τῆς
2565 5854 2928 5928 λογογραφίας
2967 5855 3234 5919 κονίζεται
3283 5858 3340 5909 ἐν
3366 5858 3431 5927 τῇ
3475 5850 3692 5916 συνήθει
