4138 6364
425 386 533 444 5'73

1561 375 1843 433 CONTRA
1883 374 2270 442 EUNOMIUM,
2310 373 2439 429 LIB.
2480 374 2563 428 Ill.

3567 376 3677 439 5⁸⁷4

422 500 733 569 παλαίστρᾳ
771 496 862 550 1:06
905 496 1161 567 ψεύδους,
1198 497 1275 560 είς
1311 495 1435 560 τοὺς
1480 495 1615 565 ὑπὲρ
1646 495 1744 565 τῆς
1789 494 2003 565 ἀπάτης

2107 494 2271 547 tertio
2320 503 2510 547 contra
2555 493 2806 563 pietatem
2860 508 2957 563 per
3003 493 3352 563 scriptionem
3399 494 3672 564 pulverem

423 595 639 661 ἀγῶνας
681 591 869 643 ἑαυτὸν
916 588 1264 661 ἐπιρρώσας·
1306 588 1619 656 ἀναγκαίως
1661 587 1756 639 καὶ
1797 584 1893 639 νῦν
1935 585 2002 638 δι’

424 684 579 754 ἡμῶν
623 685 651 734 ὁ
690 682 791 750 τῆς
834 678 1091 748 ἀληθείας
1123 678 1298 746 λόγος,
1333 677 1472 749 πρὸς
1506 677 1605 747 τὴν
1646 675 1740 728 τοῦ
1777 674 2003 744 ψεύδους

424 773 735 845 ἀνατροπὴν
774 771 1167 841 ἀντεγείρεται,
1198 770 1273 841 τῷ
1303 768 1559 839 νικοποιῷ
1586 784 1646 820 τε
1674 768 1768 820 καὶ
1798 768 2005 833 ἀγωνο-

426 866 552 934 θέτῃ
605 867 704 935 τῆς
730 866 887 935 νίκης
913 864 1128 926 ἀναθεὶς
1152 862 1249 925 τὰς
1271 862 1510 925 ἐλπίδας,
1542 861 1637 914 καὶ
1666 860 1779 930 ἅμα
1808 862 1872 930 τῇ
1903 876 2005 911 κα-

426 958 677 1027 κοτεχνίᾳ
707 956 815 1010 τῶν
851 956 945 1009 τοῦ
980 955 1222 1009 ἐναντίου
1258 953 1653 1023 παλαισμάτων
1685 950 2007 1021 ὲνδυναμού-

430 1067 606 1120 μενος.
640 1048 933 1119 Ὁμολογοῦ
943 1065 1041 1119 μεν
1065 1048 1173 1116 γὰρ
1196 1046 1637 1115 ἀνεπαισχύντως
1659 1045 1839 1113 ἡμεῖς,
1865 1042 2003 1111 μήτε

424 1141 550 1193 τινὰ
574 1140 728 1207 λόγον
749 1140 835 1192 διά
863 1138 1156 1210 ῥητορικῆς
1185 1136 1516 1205 τεθηγμένον
1539 1135 1630 1187 ἐπὶ
1654 1135 1777 1198 τοὺς
1794 1133 2006 1200 ἀγῶνας

426 1232 905 1302 παρεσκευάσθαι,
959 1232 1094 1300 μήτε
1135 1228 1415 1295 δεινότητα
1460 1224 1802 1293 διαλεκτικῆς
1852 1224 2007 1291 ἀγχι·

425 1323 573 1384 νοίας
594 1325 674 1384 εἰς
707 1321 1022 1391 συμμαχίαν
1062 1318 1202 1371 κατά
1236 1318 1344 1369 τῶν
1380 1316 1846 1384 ἀντιτεταγμένων
1876 1330 2006 1382 προ-

426 1414 732 1475 ϐάλλεσθαι,
760 1413 793 1482 ἦ
826 1412 919 1464 καὶ⁵
946 1412 1044 1480 τὴν
1070 1410 1327 1479 ἀλήθειαν
1356 1407 1615 1470 πολλάκις
1647 1408 1727 1469 εἰς
1751 1405 2004 1458 ὑπόνοιαν

423 1504 652 1574 ψεύδους
681 1504 774 1555 ὲπὶ
805 1502 915 1555 τῶν
942 1500 1182 1571 ἀπείρων
1220 1499 1682 1570 ἀντιμεθίστησιν.
1720 1496 1880 1549 Ἀλλά
1909 1498 2006 1567 μία

424 1594 652 1665 δύναμις
681 1593 773 1646 τοῦ
811 1596 868 1646 ὲν
909 1595 1041 1663 ἡμῖν
1083 1592 1241 1659 λόγου
1289 1591 1429 1644 κατά
1466 1588 1559 1643 τοῦ
1598 1587 1825 1657 ψεύδους
1867 1587 2001 1640 ἐστί.

424 1686 645 1756 Πρῶτον
679 1686 775 1756 μὲν
804 1683 965 1746 αὐτὸς
989 1686 1016 1735 ὁ
1039 1682 1288 1752 ἀληθινὸς
1305 1677 1499 1747 Λόγος,
1516 1681 1666 1749 ἰσχὺς
1692 1678 1785 1731 τοῦ
1809 1678 2007 1748 ἡμετέ-

434 1794 548 1847 ρου,
582 1776 678 1847 τὴν
717 1775 1017 1836 παίδευσιν,
1049 1773 1186 1827 ἀλλά
1226 1772 1418 1840 σοφὸν,
1457 1772 1519 1821 ἐκ
1566 1769 2004 1840 προπαιδεύσεως

2103 585 2304 639 excitat
2336 586 2387 638 in
2421 592 2639 638 assueta
2685 586 2787 640 sibi
2818 586 3070 654 palaestra
3124 586 3428 652 mendacii,
3479 590 3542 641 ad
3575 592 3676 643 ite-

2105 675 2272 729 randa
2307 693 2404 745 pro
2445 693 2630 732 errore
2665 679 2967 731 certamina
3007 679 3248 748 seipsum
3286 680 3675 737 corroborans:

2104 760 2420 817 necessario
2452 772 2615 823 etiam
2653 785 2798 824 nunc
2839 786 2935 840 per
2964 786 3066 826 nos
3112 772 3358 827 veritatis
3392 788 3574 827 sermo
3607 776 3674 828 ad

2106 860 2375 914 mendacii
2428 863 2767 915 eversionem
2827 872 3018 916 contra
3069 864 3315 932 exsurgit
3369 864 3421 916 in
3482 872 3674 919 aucto-

2106 968 2217 1005 rem
2250 955 2493 1007 victoria:
2523 964 2575 1008 et
2611 954 2992 1023 agonothetam
3028 954 3121 1024 (id
3156 963 3274 1018 est,
3316 956 3673 1009 certaminum

2105 1047 2566 1116 censtitutorem),
2614 1054 2779 1100 totam
2820 1047 3061 1101 victoriae
3101 1062 3251 1116 spem
3277 1062 3565 1114 reponens,
3596 1051 3675 1101 si-

2106 1137 2218 1188 mul
2272 1138 2432 1190 etiam
2488 1152 2550 1189 ex
2604 1136 2899 1189 adversarii
2964 1152 3128 1206 prava
3184 1138 3477 1191 luctatione
3528 1138 3673 1192 vires

2106 1226 2422 1295 concipiens
2465 1236 2517 1280 et
2561 1228 2840 1296 colligens.
2877 1225 2989 1280 Nos
3037 1227 3181 1281 enim
3222 1227 3426 1296 absque
3465 1227 3675 1295 pudore

2107 1316 2466 1376 conﬁtemur,
2530 1331 2710 1385 neque
2761 1316 2996 1385 aliquam
3047 1316 3347 1369 orationem
3401 1315 3675 1369 rhetorico

2108 1407 2335 1461 artiﬁcio
2365 1407 2695 1461 elaboratam
2724 1413 2778 1460 et
2810 1405 3174 1459 aeuminatam
3228 1406 3294 1457 ad
3351 1405 3675 1459 certandum

2107 1515 2441 1571 prazparasse
2479 1517 2491 1552 :
2521 1513 2694 1568 neque
2725 1498 3022 1552 dialecticae
3054 1498 3372 1552 subtilitatis
3399 1499 3675 1552 solertiam

2106 1602 2157 1645 et
2191 1591 2542 1643 acrimoniam
2577 1588 2641 1641 ad
2675 1589 2936 1641 auxilium
2968 1592 3022 1643 et
3057 1589 3428 1642 defensionem
3481 1597 3675 1643 contra

2106 1698 2168 1735 ea
2194 1698 2312 1749 qua:
2342 1680 2410 1734 ab
2436 1680 2769 1734 adversariis
2798 1689 2927 1733 sunt
2948 1680 3158 1747 objecta
3183 1682 3527 1749 protendere,
3552 1696 3676 1749 quae

2106 1775 2267 1825 etiam
2301 1772 2579 1826 veritatem
2608 1771 2661 1824 in
2690 1772 3054 1840 suspicionem
3092 1771 3357 1833 mendacii
3393 1772 3534 1841 apud
3573 1772 3675 1825 im-

423 1868 673 1936 γενέσθαι
696 1866 908 1938 πρῶτον
936 1864 1323 1927 διακελεύεται,
1354 1858 1451 1914 εἷθ’
1492 1860 1663 1924 οὕτως
1684 1862 1783 1930 τὴν
1812 1861 1876 1912 ὲκ
1907 1860 2005 1929 τῆς

2110 1864 2312 1930 peritos
2339 1863 2595 1916 traducit.
2631 1862 2737 1918 Sed
2767 1864 2939 1917 nostri
2977 1863 3246 1918 sermonis
3295 1864 3454 1917 unica
3501 1864 3674 1918 virtus

430 1956 736 2026 Παροιμίας
768 1959 1013 2011 παιδείαν
1035 1959 1253 2027 χωρεῖν.
1280 1955 1595 2025 Φρονήσεως
1623 1952 1731 2023 γάρ
1756 1947 1892 2004 εἶναι
1919 1950 2004 2002 λό⁴

426 2066 555 2119 γους
594 2049 742 2118 ιρησὶ,
785 2046 872 2100 διὰ
902 2047 1139 2117 στροφῆς
1168 2046 1258 2098 τὸν
1302 2044 1501 2097 σκοπὸν
1542 2040 2001 2105 ὲκκαλύπτοντας.

426 2140 499 2193 Τὸ
525 2141 633 2209 γάρ
666 2138 738 2209 μὴ
764 2138 850 2191 ἐπ’
875 2138 1087 2200 εὐθείας
1114 2135 1419 2205 νοούμενον,
1453 2132 1691 2204 στροφῆς
1710 2149 1852 2194 τινος
1873 2133 2005 2203 χρῄ-

425 2232 506 2295 ζει
535 2230 670 2300 πρὸς
693 2229 790 2287 τὴν
816 2227 908 2281 τοῦ
932 2226 1311 2297 κεκρυμμένου
1335 2223 1656 2292 κατάληψιν.
1685 2223 1793 2274 Καὶ
1818 2222 2006 2294 ὥσπερ

423 2324 451 2375 ὁ
483 2321 726 2384 Παῦλος,
760 2317 1011 2382 ἀλλάξειν
1045 2316 1237 2370 ἑαυτοῦ
1272 2316 1369 2385 τὴν
1410 2314 1593 2385 φωνὴν
1623 2313 2004 2385 ἐπηγγείλατο,

429 2414 634 2483 μέλλων
672 2410 1018 2481 μετατιθέναι
1047 2410 1145 2477 τὴν
1180 2407 1419 2480 ἱστορίαν
1451 2409 1531 2469 εἰς
1558 2404 1825 2477 τροπικὴν
1868 2404 2005 2455 θεω-

427 2506 548 2575 ρίαν
568 2520 581 2534 ⁶
604 2503 776 2565 οὕτως
802 2498 1034 2554 ἐνταῦθα
1062 2502 1094 2571 ή
1123 2498 1228 2552 τῶν
1256 2497 1652 2568 κεκρυμμένων
1680 2496 2005 2566 φανέρωσις,

428 2597 635 2666 στροφὴ
658 2594 750 2646 τοῦ
784 2593 942 2661 λόγου
973 2592 1121 2662 παρὰ
1147 2591 1240 2643 τοῦ
1276 2589 1619 2659 Σολομῶντος
1647 2585 2008 2655 κατονομάζε-

424 2705 513 2741 ται
537 2704 550 2716 °
597 2686 671 2748 ὡς
697 2685 756 2737 οὐ
786 2683 1081 2754 δυναμένου
1106 2680 1502 2751 κατανοηθῆναι
1529 2679 1619 2732 τοῦ
1646 2678 1872 2739 κάλλους
1901 2676 2009 2730 τῶν

426 2779 735 2849 νοημάτων,
768 2778 814 2828 εἰ
844 2776 916 2846 μή
949 2791 1032 2836 τις
1059 2772 1152 2826 τοῦ
1181 2772 1338 2840 λόγου
1367 2772 1427 2824 τὸ
1465 2770 1895 2839 προφαινόμενον
1930 2769 2009 2830 είς

424 2869 486 2920 τὸ
544 2866 778 2936 ἔμπαλιν
818 2862 1158 2934 ἀναστρέψας
1185 2902 1200 2924 ,
1238 2861 1335 2913 ίδοι
1376 2859 1472 2930 τὴν
1514 2855 2009 2928 ἀποκεκρυμμένην

425 2958 597 3029 αὐγὴν
627 2958 722 3011 τοῦ
750 2960 1038 3027 νοήματος.
1073 2951 1199 3007 Οἶον
1229 2954 1322 3005 ὲπὶ
1351 2952 1444 3004 τοῦ
1475 2951 1675 3022 πτεροῦ
1700 2953 2006 3021 συμϐαίνει,

425 3044 468 3118 ᾧ
492 3051 628 3103 κατά
659 3050 718 3102 τὸ
745 3050 960 3118 οὐραῖον
986 3048 1012 3099 ὁ
1038 3044 1183 3107 ταὼς
1211 3042 1631 3105 καλλωπίζεται.
1672 3043 1793 3096 Ἐπὶ
1818 3043 2008 3096 τούτου

425 3143 535 3212 γὰρ
561 3145 589 3195 ὁ
623 3142 718 3211 μὲν
742 3140 817 3192 τὰ
850 3138 998 3192 νῶτα
1025 3137 1119 3190 τοῦ
1150 3137 1351 3208 πτεροῦ
1389 3136 1743 3205 θεασάμενος,
1776 3136 1917 3190 κατὰ
1943 3138 2005 3191 τὸ

427 3234 661 3296 ἀκαλλές
689 3250 748 3284 τε
780 3232 872 3284 καὶ
898 3232 1164 3303 ἄμορφον,
1197 3231 1524 3299 καταφρονεί
1563 3228 1779 3290 πάντως
1808 3230 1882 3291 ὼς
1918 3230 2007 3280 εὑ-

425 3327 613 3389 τελοῦς
637 3325 729 3378 τοῦ
761 3324 1053 3394 θεάματος.
1080 3325 1142 3375 Et
1168 3322 1224 3375 δέ
1247 3339 1329 3384 τις
1358 3320 1700 3390 ἀναστρέψας
1725 3320 1887 3374 αὐτοῦ
1911 3320 2009 3391 τὴν

427 3419 619 3487 ἑτέραν
638 3417 756 3484 ὄψιν
781 3415 1109 3484 προδείξειεν
1131 3455 1144 3477 ,
1176 3414 1278 3483 ὁρᾷ
1300 3413 1397 3481 τὴν
1423 3411 1669 3481 ποικίλην
1693 3411 2008 3481 ζωγραφίαν

426 3510 525 3572 τῆς
560 3507 795 3576 φύσεως,
838 3506 930 3557 καὶ
957 3504 1046 3556 τὸν
1072 3504 1299 3573 ἡμιτελῆ
1333 3501 1529 3556 κύκλον
1562 3503 1618 3553 ὲν
1658 3504 1910 3573 πορφυρᾷ
1941 3505 2006 3573 τῇ

431 3602 573 3669 βαφῇ
607 3598 747 3651 κατά
773 3598 834 3649 τὸ
867 3597 1028 3666 μέσον
1071 3595 1439 3665 ὲκλάμποντα,
1472 3594 1565 3645 καὶ¹
1597 3593 1689 3646 τὸν
1720 3593 2006 3663 χρυσοειδῆ

428 3691 558 3751 περὶ
586 3690 676 3741 τὸν
709 3687 904 3741 κύκλον
933 3688 1091 3757 ἀέρα,
1117 3690 1228 3749 τοῖς
1254 3686 1571 3757 πολυχρόοις
1604 3685 1736 3755 ἴρισι
1776 3686 1916 3738 κατά
1948 3685 2008 3737 τὸ

429 3781 595 3851 ἀκρον
623 3779 981 3850 διεζωσμένον
1008 3796 1067 3831 τε
1097 3780 1191 3831 καὶ
1214 3779 1579 3848 λαμπόμενον.
1627 3778 1775 3829 Ἐπεὶ
1799 3774 1890 3830 οὖν
1920 3777 2008 3829 ού-

428 3874 515 3926 δὲν
550 3873 627 3942 τῷ
659 3873 933 3943 προχείρῳ
970 3873 1070 3941 τῆς
1106 3871 1306 3936 λέξεως
1348 3871 1533 3922 ἔπεστι
1571 3869 1796 3932 κάλλος*
1834 3868 2007 3922 Πᾶσα

429 3965 555 4035 γὰρ,
596 3966 779 4035 φησὶν,
826 3965 864 4030 ἠ
908 3964 1059 4027 δόξα
1091 3960 1198 4029 τῆς
1227 3962 1517 4030 θυγατρὸς
1556 3960 1662 4014 τοῦ
1700 3960 2006 4025 ,ϐασιλέως

427 4060 675 4121 ἔσωθεν,
706 4057 775 4111 ἐν
800 4056 925 4121 τοῖς
947 4055 1199 4124 χρυσοῖς
1227 4053 1485 4123 νοήμασι
1508 4053 1587 4117 τῷ
1618 4050 1857 4119 κρυπτῷ
1882 4051 2005 4105 δια-

428 4149 754 4215 λάμπουσα
788 4148 1025 4212 κόσμῳ·
1071 4146 1383 4212 ἀναγκαίως
1427 4147 1454 4197 ό
1484 4142 1729 4212 Σολομὼν
1766 4146 1875 4204 τοῖς
1915 4146 2003 4197 ὲν⁴

431 4240 751 4308 τυγχάνουσι
780 4237 858 4306 τῷ
890 4237 1076 4306 βιϐλίῳ
1105 4237 1276 4306 τούτῳ
1314 4234 1410 4305 τὴν
1437 4234 1531 4287 τοῦ
1574 4234 1728 4302 λόγου
1768 4234 2003 4305 στροφὴν

432 4330 777 4390 ὑποτίθεται,
820 4328 906 4381 ἵνα
935 4328 1022 4380 διὰ
1052 4328 1239 4379 τούτου
1283 4329 1517 4397 νοήσωσι
1559 4326 1871 4396 παραϐολὴν
1910 4327 2004 4380 καὶ

432 4421 702 4474 σκοτεινὸν
729 4421 905 4487 λόγον,
941 4421 1125 4489 ῥήσεις
1151 4436 1207 4471 τε
1247 4419 1425 4486 σοφῶν
1451 4419 1542 4471 καὶ
1567 4418 1880 4489 αἰνίγματα.

2105 1955 2367 2009 adversus
2400 1956 2741 2010 mendacium
2777 1962 2880 2009 est.
2912 1954 2990 2007 Ac
3019 1954 3251 2022 primum
3296 1956 3512 2023 quidem
3558 1956 3676 2023 ipse

2103 2061 2264 2099 verus
2286 2060 2477 2100 sermo
2497 2084 2512 2105 ,
2538 2042 2652 2099 sive
2673 2044 2907 2100 Verbum
2928 2087 2942 2108 ,
2977 2047 3144 2100 robur
3174 2047 3440 2101 sermonis
3463 2049 3673 2113 nostri,

2102 2137 2461 2190 eruditionem
2496 2138 2775 2204 suscipere
2808 2138 3087 2206 praecipit,
3133 2138 3227 2192 sed
3270 2138 3567 2207 sapientem
3606 2154 3675 2193 ex

2104 2227 2458 2282 antecedente
2489 2227 2807 2295 disciplina:
2841 2227 3035 2282 deinde
3064 2228 3143 2282 sic
3172 2242 3234 2282 ex
3267 2229 3560 2283 Proverbio
3590 2228 3677 2282 di-

2105 2321 2389 2389 sciplinam
2444 2335 2658 2389 capere.
2708 2319 3017 2372 Prudentia:
3061 2321 3204 2373 enim
3249 2336 3407 2383 esse,
3458 2320 3673 2389 inquit,

2105 2426 2385 2466 sermones
2416 2412 2505 2480 qui
2558 2426 2652 2480 per
2694 2410 3055 2465 inversionem
3102 2428 3328 2481 scopum
3374 2413 3673 2469 occultant.

2106 2500 2258 2566 Quod
2287 2501 2431 2554 enim
2469 2509 2616 2556 recto
2659 2516 2821 2555 sensu
2871 2518 2979 2555 non
3027 2511 3203 2568 potest
3254 2502 3512 2573 intelligi,
3550 2521 3675 2559 ver—

2105 2591 2256 2643 sione
2281 2590 2458 2658 aliqua
2485 2589 2723 2658 indiget,
2755 2599 2813 2644 ut
2842 2590 2892 2644 id
2922 2592 3061 2659 quod
3114 2593 3165 2645 in
3195 2593 3463 2661 ejusmodi
3495 2597 3676 2651 verbis

2104 2682 2375 2734 occultum
2402 2680 2565 2739 latet.
2590 2682 3113 2749 comprehendatur:
3141 2695 3193 2738 et
3214 2686 3676 2754 quemadmodum

2105 2770 2306 2824 Paulus
2338 2771 2392 2824 in
2427 2772 2689 2839 tropicam
2721 2771 2835 2827 sive
2868 2774 3212 2844 allegoricam
3248 2779 3676 2844 speculationem

2106 2860 2385 2914 historiam
2412 2862 2777 2916 translaturus
2798 2902 2813 2925 ,
2836 2878 2895 2917 se
2925 2880 3078 2917 suam
3103 2881 3318 2935 quoque
3344 2883 3527 2922 vocem
3558 2886 3680 2922 mu-

2106 2958 2343 3005 taturum
2387 2967 2510 3007 esse
2552 2955 2877 3021 promisit‘:
2928 2956 3008 3009 sic
3048 2957 3151 3010 hoc
3197 2957 3251 3011 in
3297 2960 3417 3013 loco
3462 2961 3676 3015 abdito-

2108 3058 2226 3095 rum
2261 3043 2595 3108 declaratio,
2638 3044 2909 3099 sermonis
2949 3047 3212 3111 inversio,
3248 3052 3329 3103 vel
3365 3067 3677 3108 sermonum

2108 3135 2361 3188 versutia:
2390 3150 2420 3187 a
2450 3133 2745 3189 Solomone
2779 3139 3129 3192 nominantur
3160 3142 3257 3210 (α).
3296 3142 3463 3208 Quasi
3502 3148 3681 3200 notio—

2110 3242 2237 3279 num
2270 3227 2623 3297 pulchritudo
2654 3236 2837 3283 mente
2879 3232 3267 3300 comprehendi
3312 3247 3420 3289 non
3467 3241 3677 3307 possit,

2111 3321 2213 3375 nisi
2248 3321 2371 3390 quis
2405 3322 2675 3376 sermonis
2718 3323 2893 3393 prima
2935 3326 3118 3393 specie
3163 3336 3311 3382 retro
3356 3346 3543 3395 versa,
3577 3349 3679 3387 no-

2110 3413 2275 3467 tionis
2307 3414 2576 3467 occultum
2607 3414 2899 3485 Splendore
2941 3419 3259 3486 inspexerit.
3310 3420 3678 3486 Quemadmo-

2110 3507 2235 3559 dum
2282 3506 2334 3559 in
2389 3522 2451 3560 ea
2500 3522 2673 3575 penna
2724 3508 3027 3577 contingit,
3070 3521 3176 3577 qua
3220 3512 3273 3565 in
3324 3514 3493 3567 cauda
3542 3532 3681 3586 pavo

2110 3597 2427 3650 adornatur.
2459 3595 2514 3650 Si
2548 3598 2670 3665 quis
2701 3599 2846 3651 enim
2890 3615 3122 3668 pennam
3168 3617 3195 3654 a
3236 3612 3388 3673 tergo
3433 3616 3678 3663 eontem-

2111 3688 2288 3755 platus
2326 3687 2519 3750 fuerit,
2568 3697 2789 3758 prepler
2828 3692 3011 3746 nescio
3052 3693 3180 3763 quid
3223 3695 3569 3768 invenustum
3614 3716 3680 3756 ae

2108 3776 2388 3843 deforme,
2422 3779 2564 3848 quod
2598 3780 2653 3832 in
2688 3795 2753 3834 ea
2783 3793 3047 3852 apparet,
3086 3786 3307 3839 omnino
3335 3790 3675 3857 despexerit,

2108 3876 2364 3938 tanquam
2393 3870 2498 3923 vile
2533 3871 2749 3940 aliquod
2779 3882 2833 3927 et
2865 3874 3015 3925 nihili
3052 3874 3356 3930 faciendum
3396 3892 3680 3948 spectacu-

2109 3962 2240 4013 lum.
2271 3959 2425 4026 Quod
2460 3960 2505 4014 si
2538 3962 2661 4030 quis
2698 3962 2911 4016 inversa
2943 3979 3115 4031 penna
3145 3965 3263 4034 ejus
3294 3969 3522 4023 alterum
3552 3989 3679 4040 pro-

2111 4057 2356 4118 spectum
2380 4050 2716 4115 ostenderit,
2748 4053 2950 4106 variam
2977 4062 3184 4109 naturae
3202 4057 3467 4125 picturam
3496 4063 3676 4118 intue-

2108 4142 2273 4203 bitur,
2303 4150 2357 4196 et
2387 4142 2790 4196 semicirculum
2820 4160 3093 4213 purpurea
3122 4147 3357 4202 tinctura
3405 4152 3458 4205 in
3501 4153 3678 4208 medio

2108 4234 2429 4288 emicantem
2447 4275 2460 4299 ,
2489 4245 2540 4288 et
2568 4235 2955 4290 circumfusum
2982 4252 3106 4292 aera
3133 4241 3339 4295 circulo
3364 4259 3525 4299 aurea
3554 4262 3678 4315 spe—

2108 4326 2191 4379 cie
2218 4326 2512 4389 nitentem,
2552 4326 2779 4396 ejusque
2830 4331 3197 4386 summitatem
3240 4336 3676 4395 multicoloribus

2108 4416 2338 4471 iridibus
2369 4418 2603 4470 cinctam
2646 4428 2697 4471 et
2748 4430 2980 4475 venusto
3029 4424 3320 4492 splendore
3356 4424 3673 4497 fulgentem.

431 4516 610 4582 Quare
637 4530 759 4568 cum
793 4516 844 4566 iu
873 4513 1137 4567 orationis
1163 4514 1337 4582 primo
1360 4521 1646 4582 prospectu
1673 4514 1818 4565 nulla
1850 4513 1989 4566 inest
2027 4511 2376 4583 pulchritudo
2411 4531 2423 4565 :
2457 4512 2640 4566 Omnis
2664 4514 2827 4577 enim,
2856 4516 3051 4585 inquit,
3078 4519 3250 4587 gloria
3284 4522 3413 4593 ﬁlia:
3448 4529 3581 4594 regis
3611 4529 3676 4581 ab

433 4612 595 4674 intus,
634 4610 689 4662 in
739 4608 914 4660 aureis
946 4606 1382 4661 intellectionibus
1414 4606 1617 4659 occulto
1648 4606 1909 4675 refulgens
1950 4606 2212 4658 ornatu':
2252 4604 2561 4658 necessario
2598 4603 2854 4660 Solomon
2881 4648 2894 4670 ,
2934 4608 3075 4662 hunc
3115 4611 3311 4665 librum
3351 4614 3675 4685 legentibus,

433 4718 737 4759 sermonem
766 4704 1031 4756 invertere
1068 4700 1343 4770 praecepit,
1386 4707 1445 4753 ut
1478 4698 1580 4752 hoc
1619 4700 1779 4752 modo
1811 4698 2115 4767 intelligant
2148 4697 2461 4766 parabolam
2487 4703 2542 4750 et
2570 4697 2866 4753 obscurum
2895 4716 3201 4755 sermonem
3222 4744 3237 4767 ,
3270 4708 3434 4760 verba
3464 4713 3679 4782 sapien-

434 4809 546 4851 tum
576 4806 628 4851 et
661 4797 945 4865 aenigmata
967 4810 1161 4869 eorum
1181 4794 1222 4848 ³.

505 4893 687 4945 Ταῦτα
713 4892 888 4943 τοίνυν
911 4889 1265 4960 περιεχούσης
1280 4889 1376 4956 τῆς
1398 4888 1779 4959 Παροιμιακῆς
1800 4888 2001 4957 ταύτης

2173 4887 2306 4941 Cum
2343 4888 2505 4957 igitur
2540 4890 2653 4944 haec
2678 4888 3043 4948 Proverbialis
3080 4896 3327 4954 doctrina
3363 4902 3463 4956 ista
3502 4908 3679 4961 conti-

432 4982 805 5043 διδασκαλίας,
842 4980 992 5032 οὐδὲν
1038 4980 1103 5033 ἄν
1144 4997 1227 5042 τις
1275 4978 1383 5030 τῶν
1414 4977 1813 5049 εὐφρονούντων
1855 4977 2007 5041 ἀνεξ-

433 5074 674 5132 ετάστως
702 5088 761 5122 τε
808 5070 901 5121 καὶ
928 5069 1252 5138 ἀθεωρήτως
1287 5068 1395 5120 τῶν
1425 5070 1489 5120 ὲκ
1527 5068 1627 5134 τῆς
1668 5068 1848 5136 βίϐλου
1877 5068 2007 5121 ταύ-

434 5179 533 5230 της
578 5160 999 5231 προφερομένων
1031 5157 1277 5221 δέξεται,
1319 5156 1424 5209 κᾶν
1455 5157 1537 5209 ὄτι
1573 5156 1805 5226 μάλιστα
1836 5159 2005 5225 σαφὲς

437 5256 498 5305 ὲκ
527 5251 619 5305 τοῦ
662 5252 949 5323 προχείρου
999 5249 1093 5301 καὶ
1124 5246 1397 5318 γνώριμον
1463 5248 1739 5317 τυγχάνει.
1784 5250 2006 5312 Πάντως

438 5344 546 5413 γὰρ
577 5342 769 5395 ὕπεστί
796 5359 877 5402 τις
906 5340 1000 5392 καὶ
1029 5342 1135 5401 τοῖς
1163 5339 1449 5409 προδήλοις
1473 5335 1611 5392 εἶναι
1630 5340 1842 5393 δοκοῦσι
1867 5342 2005 5394 κατὰ

438 5433 725 5503 ἀναγωγὴν
764 5431 983 5501 θεωρία,
1019 5431 1079 5482 El
1126 5430 1182 5482 δὲ
1224 5428 1292 5482 τά
1340 5430 1603 5499 πρόχειρα
1642 5430 1743 5499 τῆς
1785 5431 1823 5482 Γ
1830 5435 2007 5503 ραφῆς

512 5568 527 5597 ¹
566 5566 739 5619 Galat.
772 5583 842 5629 Iv,
880 5568 969 5620 20.
1048 5569 1067 5597 '
1098 5567 1241 5621 Psal.
1274 5584 1419 5627 κων,
1448 5567 1530 5620 Η.
1610 5568 1629 5598 ³
1659 5566 1815 5620 Prov.
1846 5585 1880 5631 I,
1908 5569 1961 5622 G.

2107 4988 2272 5034 neat:
2304 4981 2396 5050 qui
2429 4991 2575 5036 recte
2606 4991 2747 5051 sapit
2769 5024 2783 5047 ,
2816 4985 2948 5037 nihil
2971 5001 3159 5041 eorum
3186 5007 3307 5058 qua:
3334 5009 3397 5047 ex
3430 4996 3569 5053 libro
3598 5001 3679 5053 ci-

2108 5079 2314 5134 tantur,
2348 5072 2750 5129 inconsiderate
2779 5082 2832 5130 et
2867 5085 3071 5134 temere
3106 5082 3335 5151 accipiet
3363 5102 3376 5146 ;
3428 5092 3680 5155 quamvis

2106 5163 2239 5217 illud
2269 5165 2440 5233 prima
2472 5164 2647 5220 fronte
2675 5168 2905 5221 maxime
2932 5181 3177 5238 apertum
3208 5181 3262 5226 et
3291 5178 3566 5245 cognitum
3596 5183 3680 5235 vi-

2108 5255 2320 5310 deatur.
2343 5254 2577 5312 Omnino
2608 5258 2750 5311 enim
2778 5260 2941 5312 etiam
2968 5261 3021 5313 in
3048 5262 3132 5316 his
3154 5279 3273 5333 quae
3286 5268 3448 5322 valde
3472 5273 3682 5341 perspi.

2111 5362 2212 5399 cua
2242 5354 2524 5415 putantur,
2551 5348 2738 5401 subest
2764 5364 2860 5418 per
2890 5366 3169 5423 anagogen
3192 5395 3207 5416 ,
3235 5356 3285 5411 id
3314 5370 3398 5413 est
3432 5361 3680 5431 ﬁguram,

2113 5454 2218 5508 qua
2250 5440 2557 5495 intellectus
2581 5439 2646 5493 ad
2674 5441 2867 5496 altiora
2898 5445 3238 5512 subvehitur,
3271 5454 3679 5523 contemplatio.

510 5706 1391 5799 :(‘al-siehahetur:
1412 5710 1877 5799 Si‘iriultimdinem
1914 5714 2148 5799 scientiw
2176 5718 2439 5775 desidera!
2463 5726 2577 5793 quis
2604 5742 2621 5778 :
2648 5728 2745 5780 scit
2766 5730 3034 5795 prwlerila
3054 5737 3101 5783 et
3124 5729 3186 5783 de
3215 5729 3412 5799 futuris
3436 5732 3663 5789 wslimal

439 5778 537 5830 δίέί
578 5779 830 5832 “duini-as
866 5794 1195 5846 sermonum,
1231 5789 1279 5831 et
1314 5780 1685 5835 dissolutione;
1724 5794 2174 5853 argumentorum.
2475 5774 2574 5793 ¹““⁷⁷
2604 5774 2614 5778 ⁷
2648 5774 2741 5780 ”“’
2766 5774 3033 5795 """""'
3054 5774 3099 5783 "'
3126 5774 3183 5783 τ’*
3215 5774 3352 5799 1“·“’
3371 5774 3411 5787 ’ν
3436 5774 3473 5788 ὐ
3495 5774 3686 5800 ἠπ-νυ,
