4138 6364
473 353 582 406 575

1747 357 1808 415 S.
1847 355 2178 414 GREGORII
2198 354 2494 413 NYSSENI

3625 360 3731 413 576

468 468 624 535 Quod
660 469 703 522 si
740 482 860 537 qua:
895 467 1079 521 facilia
1116 476 1244 523 sunt
1293 477 1349 523 ct
1396 469 1452 523 in
1500 478 1757 540 promptu
1824 473 1879 527 in
1948 471 2045 525 hac

2153 472 2358 543 ταύτης
2414 472 2728 539 ἀναγκαίως
2778 470 3027 542 ἐπιζητεῖ
3082 470 3181 542 τὴν
3230 470 3727 545 λεπτομερεστέραν

468 564 753 633 Scriptura
796 562 1113 617 necessario
1160 564 1504 618 subtiliorem
1551 565 1957 633 inquisitionem
1998 574 2052 618 et

465 654 925 709 examinationem
955 655 1264 723 postulant,
1292 662 1498 723 quanto
1532 656 1699 725 magis
1733 656 1821 708 illa
1853 656 2052 725 quibus

466 748 760 816 plurimum
812 745 956 800 inest
992 747 1347 801 obscuritatis
1379 760 1431 801 et
1464 747 1833 810 difficultatis,
1882 764 1945 801 ex
1987 764 2049 803 ea

465 856 585 908 qua:
608 839 732 891 inde
754 840 1013 902 sumitur,
1038 839 1350 907 cognitione
1370 849 1420 892 et
1444 840 1829 908 intelligentia?
1850 838 2051 904 Quam-

465 934 651 986 obrem
712 933 1063 999 exquiramus
1112 948 1174 985 ev
1227 933 1516 987 verborum
1586 940 1847 986 contextu
1905 932 2049 986 illius

468 1025 605 1085 loci,
640 1022 685 1076 si
718 1038 877 1091 quem
913 1021 1265 1076 manifestum
1296 1039 1515 1078 sensum
1547 1023 1710 1077 habet
1740 1025 2051 1092 proposito—

466 1132 587 1168 rum
621 1116 807 1168 lectio.
850 1114 1123 1169 Describit
1154 1131 1335 1168 scrmo
1360 1112 1725 1180 Sapientiam,
1768 1130 2049 1169 sermones

465 1208 730 1276 quosdam
760 1223 821 1259 ex
864 1208 1084 1276 propria
1120 1222 1352 1276 persona
1384 1216 1752 1260 enarrantem.
1795 1206 1911 1260 Scit
1946 1222 2047 1259 au-

464 1310 571 1353 tem
605 1302 886 1355 studiosus
918 1301 1079 1369 plane
1100 1342 1114 1363 ,
1149 1316 1269 1368 quae
1296 1300 1351 1352 in
1382 1314 1448 1352 eo
1482 1300 1603 1352 loco
1630 1298 1923 1362 dicuntur;
1954 1298 2046 1351 ubi

467 1390 776 1461 Sapientia,
809 1392 864 1444 in
904 1392 1137 1445 consilio
1189 1391 1435 1446 habitare
1478 1407 1538 1445 se
1596 1390 1919 1461 praedicat”,
1952 1391 2048 1444 ad-

461 1496 623 1541 v0cat
647 1495 828 1540 autem
859 1484 1226 1553 cognitionem
1252 1491 1305 1537 et
1332 1484 1614 1547 notitiam,
1643 1482 2046 1553 possessionem

463 1592 594 1630 vero
625 1576 756 1629 dicit
793 1591 853 1631 se
888 1575 1090 1628 habere
1140 1574 1515 1627 fortitudinem
1564 1581 1618 1627 et
1664 1573 2006 1641 prudentiam
2029 1611 2043 1634 ,

463 1667 578 1735 ipsa
614 1674 791 1718 autem
822 1665 1138 1718 nominatur
1172 1663 1565 1732 intelligentia,
1600 1663 1654 1715 in
1689 1663 1792 1715 viis
1822 1662 2047 1730 justitiaa

461 1774 519 1812 se
545 1758 825 1811 ambulare
847 1797 861 1819 ,
890 1766 943 1809 et
972 1756 1026 1809 in
1056 1755 1232 1808 medio
1260 1756 1579 1809 semitarum
1604 1754 1796 1822 judicii
1824 1768 2045 1807 conver-

461 1850 612 1903 sari:
646 1848 780 1902 dicit
813 1848 978 1902 etiam
1022 1862 1119 1916 per
1170 1862 1229 1900 se
1280 1861 1432 1911 reges
1482 1860 1744 1916 regnare,
1793 1854 2040 1915 potentes

454 1942 728 2010 justitiam
763 1939 1057 1994 decernere
1079 1980 1093 2002 ,
1132 1945 1185 1992 et
1220 1946 1381 1990 terra:
1415 1951 1527 1989 suae
1568 1947 1834 2006 tyrannos
1866 1934 2044 1988 domi-

459 2033 600 2085 nari.
647 2031 802 2096 Quod
844 2031 988 2084 enim
1036 2046 1101 2084 ex
1147 2029 1233 2082 his
1268 2044 1389 2097 quae
1421 2028 1566 2080 dicta
1597 2035 1725 2081 sunt
1756 2028 1851 2096 qui
1882 2032 2043 2079 rectae

458 2122 689 2176 rationis
714 2122 923 2191 judicio
954 2137 1088 2175 usus
1122 2120 1286 2174 fuerit
1316 2120 1451 2173 nihil
1489 2129 1692 2172 temere
1721 2128 1773 2173 et
1800 2119 2043 2172 inconsi-

458 2215 645 2269 derate
678 2229 741 2268 ex
777 2228 841 2267 eo
877 2228 1040 2267 sensu
1081 2213 1174 2282 qui
1222 2211 1277 2264 in
1310 2219 1565 2281 promptu
1608 2220 1690 2264 est
1755 2219 1810 2264 et
1867 2210 2041 2279 prima

464 2306 645 2358 fronte
689 2314 953 2374 apparet,
992 2305 1279 2365 admittet,
1326 2303 1500 2356 cuivis
1543 2312 1625 2356 est
1668 2303 2038 2371 perspicuum.

462 2395 597 2447 Nam
632 2397 674 2448 si
714 2411 808 2463 per
840 2397 984 2448 illam
1023 2396 1088 2447 ad
1122 2394 1419 2463 potentiam
1457 2410 1608 2464 reges
1642 2397 2039 2462 provehuntur,

467 2495 521 2538 et
552 2488 616 2536 ab
652 2486 767 2553 ipsa
800 2486 968 2537 robur
999 2485 1157 2537 habet
1204 2485 1495 2551 tyrannis:
1545 2484 1768 2537 omnino
1812 2492 1896 2538 est
1949 2499 2041 2538 ue-

460 2578 797 2639 cessarium,
856 2576 1178 2645 sapientiam
1233 2576 1609 2645 tyrannificam
1661 2578 1823 2631 nobis
1873 2593 2039 2647 appa-

458 2681 581 2720 rere
603 2706 617 2727 ,
649 2677 813 2735 atque
844 2682 1033 2719 eorum
1067 2667 1160 2734 qui
1191 2666 1440 2734 improbe
1472 2666 1525 2718 in
1562 2682 1727 2735 regno
1754 2667 2041 2720 dominan-

458 2769 569 2820 tur,
604 2759 836 2811 crimina
882 2758 937 2810 in
982 2757 1218 2825 seipsam
1260 2757 1584 2812 transferre.
1640 2756 1744 2811 Sed
1790 2759 2042 2814 novimus

459 2850 598 2903 alios
635 2864 811 2918 reges,
851 2848 943 2917 qui
991 2863 1021 2901 a
1064 2848 1331 2917 sapientia
1362 2864 1488 2902 vere
1522 2847 1588 2900 ad
1622 2857 1882 2901 {etei-num
1914 2850 2043 2904 line-

464 2958 572 3009 que
604 2956 794 2994 carens
826 2940 1104 2993 ducuntur
1133 2937 1420 3006 imperium
1446 2977 1461 3001 ,
1492 2938 1743 2992 videlicet
1778 2954 2043 3009 pauperes

457 3033 674 3101 spiritu,
694 3046 924 3100 quorum
954 3030 1230 3100 possessio
1250 3045 1474 3099 regnum
1496 3039 1578 3083 est
1599 3031 1862 3083 CCL-lorum
1891 3050 1902 3084 ε
1934 3032 2043 3085 sic-

459 3133 517 3175 ut
567 3121 864 3185 Dominus,
918 3120 1011 3188 qui
1044 3128 1129 3173 est
1170 3120 1439 3188 sapientia
1486 3118 1782 3189 Evangelii,
1817 3124 2043 3188 promit-

459 3212 568 3265 tit"
606 3232 617 3264 :
654 3212 788 3264 tales
847 3212 1012 3264 etiam
1063 3218 1314 3279 potentes
1358 3210 1743 3279 intelligimus,
1802 3214 1893 3280 qui
1946 3212 2032 3265 ad-
2070 3178 2117 3239 Ο

459 3319 651 3357 versus
688 3302 962 3371 appetitus
994 3311 1047 3354 et
1082 3302 1368 3369 passiones
1402 3302 1702 3370 potentiam
1745 3311 2041 3367 exercent,

458 3396 551 3465 qui
587 3413 694 3447 non
731 3395 976 3447 serviunt
1013 3394 1269 3461 potestati
1321 3393 1552 3461 peccati,
1586 3394 1676 3461 qui
1714 3394 1766 3447 in
1800 3397 1908 3447 vita
1944 3410 2041 3447 sua

459 3499 719 3557 tanquam
768 3488 953 3540 tabula
996 3486 1233 3555 quadam
1283 3486 1549 3556 justitiam
1585 3487 1913 3541 inscribunt.
1953 3489 2043 3542 Sic

456 3582 619 3634 etiam
670 3580 962 3632 laudabilis
990 3579 1277 3647 tyrannis,
1333 3594 1452 3647 qua:
1504 3580 1708 3632 auxilio
1761 3580 2043 3649 sapientia).

457 3674 776 3743 passionum
810 3670 923 3725 sive
955 3660 1243 3723 affectuum
1278 3670 1692 3737 democratiam,
1739 3671 1794 3724 in
1842 3674 2040 3727 mentis

459 3764 837 3819 monarchiam
867 3772 1151 3832 postquam
1186 3764 1549 3827 converterit,
1579 3780 1641 3818 ea
1670 3782 1790 3834 qua:
1821 3768 1960 3819 male
1986 3767 2041 3820 in

459 3857 765 3911 libertatem
798 3856 1007 3908 frenum
1035 3854 1286 3907 mordent
1307 3861 1359 3907 et
1386 3853 1621 3908 ferocius
1646 3857 1955 3919 exsultant,
1988 3858 2039 3909 in

460 3952 774 4002 servitutem
812 3947 1030 4015 redigit.
1074 3944 1271 3999 Omnia
1318 3946 1621 4013 corporalia
1664 3954 1720 4000 et
1759 3949 2041 4001 terrestria

2152 564 2420 628 ἐξέτασιν,
2448 564 2597 632 πόσῳ
2631 562 2829 633 μᾶλλον
2852 564 3034 617 ἐκεῖνα
3063 561 3145 627 οἷς
3174 563 3309 617 πολὺ
3337 565 3400 616 τὸ
3435 567 3640 635 ἀσαφές
3670 587 3731 622 τε

2154 657 2245 708 καὶ
2276 654 2647 724 δυσθεώρητον
2675 656 2738 706 ἐκ
2770 653 2870 723 τῆς
2905 653 3133 707 αὐτόθεν
3168 655 3285 706 ἐστί
3318 658 3727 726 κατανοήσεως;

2166 746 2535 816 Ἐξετάσωμεν
2567 747 2744 798 τοίνυν
2792 747 2854 798 ἐκ
2895 747 2994 817 τῆς
3046 746 3172 816 περὶ
3212 746 3300 798 τὸν
3332 749 3495 801 τόπον
3523 749 3729 802 ἐκεῖνον

2154 838 2519 908 συμφράσεως
2540 838 2647 890 τῶν
2678 837 2956 907 ῥημάτων,
2990 838 3043 890 εἴ
3068 856 3120 889 τι
3146 838 3314 906 σαφὲς
3345 840 3378 909 ἡ
3411 839 3522 892 τῶν
3548 858 3729 911 παρα-

2152 931 2419 999 κειμένων
2446 930 2745 996 ἀνάγνωσις
2765 929 2876 998 ἕχει
2895 968 2907 981 .
2934 929 3336 999 Προδιαγράφει
3356 930 3454 1000 τὴν
3477 932 3672 999 Σοφίαν
3699 934 3729 985 ὁ

2150 1022 2324 1090 λόγος,
2361 1024 2544 1093 ῥήσεις
2572 1022 2724 1084 τινάς
2760 1022 2820 1086 ἐξ
2846 1023 3046 1075 οἰκείου
3079 1022 3377 1101 διεξιοῦσαν
3412 1025 3724 1095 προσώπων

2151 1115 2436 1167 ἐπίσταται
2462 1115 2518 1166 δὲ
2545 1115 2759 1177 πάντως
2786 1115 2814 1164 ὁ
2838 1113 3141 1184 φιλομαθὴς
3184 1115 3253 1166 τά
3278 1116 3335 1168 ἐν
3362 1115 3437 1186 τῷ
3462 1117 3611 1187 τόπῳ
3640 1118 3727 1170 λε-

2149 1208 2354 1277 γόμενα
2373 1225 2386 1238 ο
2422 1209 2553 1260 ὅπου
2589 1211 2920 1278 κατασκηνοῖ
2951 1207 3050 1277 μὲν
3081 1207 3269 1278 βουλὴν
3298 1210 3330 1277 ή
3389 1208 3576 1277 Σοφία,
3606 1212 3727 1262 ἐπι-

2151 1300 2391 1350 καλεῖται
2417 1298 2472 1349 δὲ
2501 1298 2699 1365 γνῶσιν
2722 1299 2814 1349 καὶ
2839 1297 3066 1361 ἔννοιαν,
3092 1299 3275 1368 κτῆμα
3296 1299 3351 1351 δὲ
3374 1298 3516 1369 ἔχειν
3541 1301 3722 1370 φησὶν,

2154 1392 2305 1461 ίσχύν
2332 1408 2388 1443 τε
2425 1391 2519 1444 καὶ
2552 1390 2814 1462 φρόνησιν
2838 1408 2850 1420 ·
2884 1390 3022 1461 αὑτὴ
3048 1390 3103 1443 δὲ
3135 1390 3457 1460 ὀνομάζεται
3495 1392 3721 1457 σύνεσις·

2150 1489 2207 1538 ἐν
2259 1486 2399 1547 ὁδοῖς
2443 1485 2499 1537 δὲ
2553 1486 2873 1555 περιπατεῖν
2910 1483 3287 1553 δικαιοσύνης,
3325 1485 3418 1537 καὶ
3456 1486 3726 1554 ἀναμέσον

2147 1576 2281 1630 ὁδῶν
2313 1576 2678 1644 δικαιώματος
2707 1575 3164 1647 ἀναστρέφεσθαι.
3195 1576 3332 1644 Φησὶ
3356 1575 3412 1628 δὲ
3447 1575 3511 1628 δι’
3533 1577 3726 1647 ἑαυτῆς

2149 1668 2453 1738 βασιλεύειν
2486 1668 2611 1730 τοὺς
2649 1666 3031 1736 βασιλεύοντας
3058 1710 3073 1734 ,
3107 1667 3449 1738 δικαιοσύνην
3496 1670 3726 1740 γράφειν

2146 1762 2271 1823 τοὺς
2316 1758 2772 1821 δυναστεύοντας,
2820 1758 2914 1812 καὶ
2959 1758 3055 1828 τῆς
3114 1758 3321 1811 ἑαυτῶν
3366 1763 3727 1829 κατακρατεῖν

2147 1850 2250 1919 γῆς
2276 1850 2401 1913 τοὺς
2428 1850 2741 1918 τυράννους.
2770 1848 2892 1901 Ὅτι
2920 1847 3028 1919 γὰρ
3053 1849 3203 1901 οὐδὲν
3236 1849 3338 1903 τῶν
3372 1851 3674 1919 εἰρημένων
3697 1853 3728 1903 ὁ

2147 1941 2525 2010 λελογισμένος
2564 1939 2932 2005 ἀνεξετάστως
2975 1941 3040 1991 ἐκ
3084 1941 3181 2009 τῆς
3230 1940 3443 2009 ἑτοίμου
3493 1940 3728 2006 διανοίας

2147 2031 2526 2104 προσδέχεται,
2550 2032 2712 2085 παντὶ
2733 2030 2888 2101 δῆλόν
2911 2032 3077 2083 ἐστιν.
3099 2032 3162 2084 Εἰ
3190 2031 3298 2102 γὰρ
3322 2032 3371 2083 οἱ
3399 2031 3635 2101 βασιλεῖς
3658 2033 3727 2086 δι’

2147 2126 2363 2195 ἐκείνης
2396 2127 2488 2178 ἐπὶ
2514 2124 2611 2196 τὴν
2639 2126 2955 2179 δυναστείαν
2980 2128 3329 2196 προάγονται,
3356 2127 3449 2178 καὶ
3473 2127 3603 2196 παρ’
3632 2125 3731 2177 αύ-

2145 2222 2244 2287 τῆς
2275 2220 2307 2288 ή
2339 2218 2591 2287 τυραννὶς
2621 2218 2719 2287 τὴν
2761 2218 2911 2289 ἰσχὺν
2942 2217 3053 2288 ἔχει
3075 2234 3088 2248 ·
3119 2220 3329 2289 ἀνάγκη
3360 2221 3507 2272 πᾶσα
3534 2237 3730 2289 τυραν-

2147 2310 2358 2360 νοποιὸν
2390 2310 2518 2378 ἡμῖν
2552 2308 2649 2376 τὴν
2692 2308 2878 2376 σοφίαν
2908 2309 3266 2378 ἀναφανῆναι,
3302 2312 3397 2362 καὶ
3424 2310 3531 2362 τῶν
3561 2328 3727 2379 πονη-

2150 2398 2258 2469 ρῶς
2282 2401 2337 2451 ἐν
2375 2398 2618 2468 βασιλεία
2640 2398 3133 2463 δυναστευσάντων,
3168 2401 3243 2462 εἰς
3277 2401 3472 2471 ἑαυτὴν
3505 2419 3725 2471 μετατι-

2149 2489 2294 2542 θέναι
2328 2490 2425 2552 τὰς
2461 2490 2714 2559 μέμψεις,
2762 2489 2900 2542 Ἀλλ’
2934 2489 3156 2557 οἴδαμεν
3189 2488 3445 2557 βασιλέας
3468 2493 3590 2555 τοὺς
3624 2492 3728 2545 ὑπὸ

2146 2584 2241 2651 τῆς
2269 2582 2459 2649 σοφίας
2492 2582 2658 2644 ὅντως
2692 2584 2770 2645 είς
2795 2583 2891 2653 τὴν
2922 2583 3277 2652 ἀτελεύτητον
3322 2585 3607 2654 προϊόντας
3636 2588 3728 2656 ἀρ-

2149 2674 2269 2744 χὴν,
2295 2673 2420 2734 τοὺς
2460 2674 2710 2741 πτωχοὺς
2748 2673 2824 2743 τῷ
2868 2673 3139 2743 πνεύματι
3169 2691 3182 2703 '
3212 2668 3287 2727 ὧν
3316 2675 3501 2744 κτῆμα
3543 2679 3573 2745 ἡ
3622 2676 3727 2729 τῶν

2148 2762 2390 2832 οὐρανῶν
2425 2763 2541 2813 ἐστι
2580 2761 2854 2830 βασιλεία’
2886 2760 3067 2824 καθὼς
3093 2764 3120 2813 ὁ
3164 2761 3385 2832 Κύριος,
3421 2763 3477 2823 ὃς
3519 2763 3661 2815 ἐστιν
3692 2764 3726 2833 ἡ

2152 2854 2311 2922 σοφία
2340 2852 2432 2905 τοῦ
2478 2852 2833 2922 Εύαγγελίου,
2880 2852 3395 2921 κατεπαγγέλλεται.
3448 2852 3727 2916 Τοιούτους

2149 2946 2242 2998 καὶ
2283 2947 2411 3009 τοὺς
2452 2947 2719 3008 δυνάστας
2760 2944 3228 3015 ἐπιγινώσκομεν,
3273 2947 3397 3008 τοὺς
3432 2945 3573 2998 κατὰ
3619 2946 3727 2999 τῶν

2150 3035 2337 3087 παθῶν
2366 3036 2787 3099 δυναστεύοντας
2807 3076 2823 3100 ,
2856 3037 2979 3098 τοὺς
3017 3036 3088 3105 μὴ
3134 3035 3516 3105 δουλουμένους
3546 3038 3608 3105 τῇ
3638 3036 3729 3088 δυ-

2150 3128 2372 3199 ναστείᾳ
2407 3130 2505 3198 τῆς
2556 3128 2858 3198 ἁμαρτίας·
2904 3128 2953 3180 οἳ
3010 3127 3257 3195 καθάπερ
3299 3126 3465 3197 δέλτῳ
3508 3128 3613 3180 τινὶ
3649 3127 3728 3197 τῷ

2151 3217 2263 3286 ἰδίῳ
2293 3216 2391 3286 βίῳ
2423 3217 2517 3286 τὴν
2547 3216 2894 3291 δικαιοσύνην
2924 3217 3312 3287 ἐγγράφουσιν.
3350 3215 3534 3279 Οὕτως
3567 3218 3657 3269 καὶ
3691 3219 3725 3287 ἡ

2146 3310 2405 3381 ἐπαινετὴ
2430 3309 2701 3379 τυραννὶς,
2733 3312 2798 3380 τῇ
2829 3309 3118 3380 συμμαχίᾳ
3149 3308 3250 3378 τῆς
3285 3309 3473 3377 σοφίας
3498 3308 3591 3379 τὴν
3620 3309 3725 3361 τῶν

2147 3399 2334 3452 παθῶν
2366 3398 2736 3469 δημοκρατίαν
2768 3400 2846 3461 εἰς
2871 3399 2967 3468 τὴν
2996 3397 3087 3450 τοῦ
3119 3399 3209 3451 νοῦ
3240 3398 3532 3468 μοναρχίαν
3566 3414 3728 3466 μετα-

2149 3492 2491 3555 σκευάσασα,
2545 3492 2876 3560 δουλαγωγεῖ
2934 3492 3001 3544 τά
3057 3490 3241 3553 κακῶς
3293 3493 3371 3554 εἰς
3416 3490 3727 3562 ἐλευθερίαν

2148 3586 2512 3655 ἀφηνιάζοντα
2532 3603 2544 3616 ·
2578 3585 2755 3638 πάντα
2782 3586 2850 3638 τὰ
2886 3586 3170 3654 σωματικά
3196 3601 3255 3637 τε
3281 3585 3375 3637 καὶ
3403 3586 3562 3655 γήϊνα
3586 3585 3729 3652 λέγω

2147 3678 2490 3746 φρονήματα.
2538 3676 2597 3729 ἹΙ
2646 3678 2752 3746 γὰρ
2786 3675 2918 3745 σὰρξ
2957 3676 3215 3746 ἐπιθυμεῖ
3264 3674 3405 3729 κατά
3442 3675 3534 3729 τοῦ
3565 3675 3727 3728 πνεύ-

2152 3786 2336 3838 ματος,
2371 3769 2466 3821 καὶ
2494 3771 2558 3839 τῇ
2595 3770 2736 3839 ἀρχῇ
2765 3770 2863 3839 τῆς
2892 3768 3072 3837 ψυχῆς
3096 3769 3471 3820 ἐπανίσταται.
3512 3767 3727 3837 Ταύτης

2146 3857 2240 3914 οὖν
2282 3863 2474 3929 κρατεῖ
2506 3861 2603 3929 τῆς
2636 3861 2737 3930 γῆς
2774 3862 2803 3912 ὁ
2840 3860 3077 3922 τοιοῦτος
3129 3859 3406 3929 τύραννος,
3437 3856 3504 3930 ἦς
3547 3862 3728 3929 ἄρχων

2152 3950 2351 4020 ἐτάχθη
2381 3951 2520 4004 κατά
2546 3950 2643 4021 τὴν
2674 3950 2896 4022 πρώτην
2921 3951 3095 4003 κτίσιν
3120 3951 3225 4003 ὑπὸ
3248 3950 3340 4003 τοῦ
3367 3951 3554 4018 Λόγου.

459 4042 696 4109 cogitata
727 4052 780 4093 ct
811 4040 992 4093 studia
1028 4038 1293 4107 intelligo.
1328 4036 1474 4090 Caro
1516 4039 1659 4093 cnim
1693 4042 2039 4110 concupiscit
2070 4043 2334 4097 adversus
2365 4045 2619 4113 spiritum
2659 4046 2680 4076 ‘
2715 4053 2769 4099 et
2795 4054 2985 4099 contra
3022 4045 3188 4098 animi
3221 4045 3506 4112 imperium
3537 4059 3728 4098 exsur-

458 4134 536 4203 git
562 4150 575 4184 :
615 4131 741 4183 huic
772 4131 937 4200 igitur
972 4139 1131 4183 terra:
1158 4128 1476 4181 dominatur
1506 4129 1610 4183 iste
1637 4139 1925 4200 tyrannus,
1961 4130 2119 4200 cujus
2146 4134 2399 4202 princeps
2425 4135 2724 4189 secundum
2753 4137 2979 4205 primam
3010 4136 3339 4191 creationem
3377 4151 3406 4189 a
3439 4134 3615 4190 Verbo
3643 4143 3728 4191 est

461 4227 777 4281 ordinatus.

534 4320 688 4374 Sicut
738 4320 901 4388 igitur
937 4318 1051 4373 haec
1105 4320 1176 4374 ab
1230 4321 1489 4374 omnibus
1553 4329 1699 4374 recte
1758 4322 2046 4375 sentienti-

461 4413 566 4466 bus
618 4411 1010 4473 conceduntur,
1078 4426 1201 4464 cum
1261 4412 1357 4463 tali
1414 4410 1767 4479 intelligentia
1819 4412 2043 4480 legenda

2238 4324 2324 4379 Ὠς
2362 4327 2539 4379 τοίνυν
2584 4327 2755 4380 ταῦτα
2808 4330 2958 4400 παρὰ
2998 4329 3212 4381 πάντων
3252 4328 3589 4398 ὁμολογεῖται
3618 4327 3726 4380 τῶν

2151 4417 2587 4486 εύφρονούντων,
2627 4419 2763 4489 μετὰ
2793 4419 3047 4489 τοιαύτης
3088 4420 3325 4482 διανοίας
3356 4420 3726 4487 ἀναγινώσκε-

462 4520 584 4558 esse
640 4503 821 4572 potius
885 4516 1047 4570 quam
1104 4516 1229 4554 cum
1276 4516 1341 4555 ea
1392 4518 1514 4571 qua}
1569 4504 1936 4556 corticetenus
1990 4504 2041 4556 in

2152 4510 2274 4561 σθαι
2312 4510 2509 4578 μᾶλλον
2543 4512 2573 4581 ἢ
2619 4512 2754 4581 μετὰ
2785 4511 2886 4580 τῆς
2928 4514 3041 4573 τοῖς
3082 4512 3265 4580 ῥητοῖς
3305 4511 3723 4579 ἐπιφαινομένης

464 4596 645 4649 verbis
725 4606 951 4663 apparet
1020 4592 1190 4660 prima
1261 4593 1440 4648 fronte
1512 4594 1716 4646 oblata.
1805 4594 1894 4647 Sic
1976 4610 2042 4648 ex

464 4688 859 4755 consequentia
897 4693 1327 4738 consentaneum
1379 4693 1500 4749 est,
1554 4688 1915 4739 eohan'entem
1960 4687 2043 4743 bis

461 4794 652 4833 vocem
725 4779 871 4829 illam
938 4777 1334 4846 conscriptam,
1405 4794 1515 4830 non
1591 4779 1916 4846 simpliciter
1988 4786 2043 4831 et

464 4872 801 4937 inexplorato
871 4868 939 4921 ab
1010 4869 1094 4921 his
1156 4868 1249 4935 qui
1325 4876 1472 4922 recte
1537 4869 1754 4935 sapiunt
1804 4868 2042 4924 admitti:

470 4960 523 5014 Si
560 4960 958 5012 annuntiavero
1016 4960 1193 5023 vobis,
1252 4959 1453 5027 inquit,
1504 4975 1564 5013 ea
1623 4976 1745 5029 qua:
1799 4960 2045 5028 quotidie

468 5055 624 5116 liunt,
662 5062 715 5105 et
760 5052 806 5105 si
838 5052 890 5104 in
924 5052 1248 5105 memoriam
1294 5066 1626 5104 revocavero
1656 5066 1946 5104 numerare
1979 5064 2043 5103 ea

466 5162 586 5214 qme
633 5160 659 5196 a
699 5146 901 5198 smculo
956 5144 1100 5196 facta
1153 5151 1314 5203 sunt,
1364 5142 1620 5196 Dominus
1676 5144 1867 5196 creavit
1900 5143 2044 5195 me".

467 5237 610 5304 Quid
645 5236 775 5287 mihi
822 5235 888 5286 ad
923 5234 1065 5285 hanc
1106 5233 1489 5287 vocem?dicet
1528 5250 1722 5288 servus
1764 5234 2044 5297 dictionis,

465 5328 561 5397 qui
612 5326 943 5396 syllabarum
986 5340 1122 5378 sono
1169 5325 1407 5378 adhaeret
1450 5322 1681 5378 Judaico
1732 5340 1905 5379 more.
1960 5326 2044 5376 An

465 5437 573 5475 non
618 5420 733 5472 haec
770 5418 1065 5470 verborum
1106 5416 1446 5470 constructio
1473 5416 1691 5470 videtur
1717 5431 1906 5470 eorum
1949 5431 2046 5467 an—

466 5514 643 5573 dilui,
676 5511 769 5582 qui
809 5511 1132 5564 attentiores
1168 5519 1319 5571 sunt,
1374 5509 1560 5563 nescio
1602 5510 1733 5578 quid
1774 5509 2044 5579 peregrini

460 5616 517 5661 et
563 5605 687 5659 novi
746 5602 1110 5673 ingenerare?
1165 5603 1222 5657 Si
1276 5602 1674 5656 annuntiavero
1726 5601 1882 5654 vobis
1923 5615 2044 5669 qua:

1076 5805 1097 5838 ⁵
1142 5803 1328 5859 Matth.
1355 5820 1403 5871 ν,
1445 5803 1498 5857 5.
1578 5803 1597 5833 ⁶
1629 5800 1802 5855 Galat.
1835 5818 1883 5867 ι’,
1924 5802 2003 5854 Π.

540 5803 559 5833 ⁴
583 5802 742 5862 Prov.
767 5822 884 5870 vtu,
913 5806 1001 5863 l2.

2146 4598 2285 4653 κατά
2312 4600 2369 4651 τὸ
2399 4601 2685 4671 πρόχειρον
2705 4617 2719 4630 ·
2748 4600 2922 4662 οὓτως
2948 4600 3089 4661 εἰκός
3114 4602 3260 4651 ἐστιν
3294 4601 3357 4651 ἐκ
3385 4598 3477 4651 τοῦ
3503 4599 3725 4652 ἀκολού-

2146 4691 2239 4744 θου
2263 4692 2544 4763 προσεχῶς
2570 4691 2776 4755 τούτοις
2801 4692 2898 4759 τὴν
2924 4691 3106 4759 φωνὴν
3135 4691 3349 4760 ἐκείνην
3378 4707 3727 4760 συγγεγραμ-

2150 4783 2337 4853 μένην,
2376 4783 2450 4853 μὴ
2482 4783 2665 4846 ἁπλῶς
2698 4800 2757 4835 τε
2789 4784 2879 4836 καὶ
2912 4784 3282 4847 ἀνεξετάστως
3315 4784 3465 4853 παρὰ
3500 4784 3606 4835 τῶν
3639 4784 3728 4835 εύ-

2147 4874 2485 4944 φρονούντων
2508 4892 2582 4927 πα
2591 4874 2929 4944 ραδεχθῆναι’
2960 4871 3082 4924 Ἐἀν
3095 4871 3397 4941 ἀναγγείλω
3413 4874 3441 4925 ύ
3451 4877 3559 4943 μῖν,
3572 4890 3642 4942 φη
3652 4873 3723 4936 σἰ,

2150 4965 2219 5017 τὰ
2246 4965 2366 5018 καθ’
2397 4966 2607 5037 ἡμέραν
2638 4965 2920 5035 γινόμενα,
2954 4963 3309 5034 μνημονεύσω
3341 4963 3408 5016 τὰ
3433 4961 3493 5027 ἐξ
3534 4964 3727 5025 αἰῶνος

2152 5054 2654 5125 ἀπαριθμήσασθαι,
2710 5056 2925 5121 Κύριος
2980 5052 3182 5106 ἐκτισέ
3210 5070 3305 5121 με.
3352 5052 3415 5105 Τί
3469 5069 3559 5121 μοι
3592 5051 3727 5121 πρὸς

2152 5146 2615 5215 ταύτην,ἐρεῖ,τὴν
2638 5146 2870 5215 φωνὴν,ὀ
2895 5145 2994 5213 τῆς
3015 5145 3209 5209 λέξεως
3227 5143 3430 5208 δοῦλος,
3452 5144 3480 5194 ὁ
3508 5143 3584 5213 τῷ
3612 5144 3726 5213 ᾕχῳ

2154 5238 2261 5291 τῶν
2304 5236 2579 5290 συλλαϐῶν
2635 5236 2937 5299 Ἰουδαϊκῶς
2972 5235 3451 5305 προσκαθήμενος;
3495 5230 3619 5303 Ἆρ’
3663 5235 3722 5285 ού

2150 5329 2298 5381 δοκεῖ
2333 5328 2580 5397 ξενισμὸν
2631 5331 2876 5398 ἐμποιεῖν
2926 5331 2990 5397 τῇ
3040 5328 3175 5396 ἁκοῇ
3215 5326 3319 5379 τῶν
3367 5328 3726 5377 ὲπιστατικω-

2151 5419 2324 5486 τέρων
2378 5418 2411 5485 ἡ
2465 5416 2749 5481 σύνταξις;
2799 5418 2923 5469 Ἐὰν
2960 5415 3273 5479 ἁναγγείλω
3314 5416 3439 5484 ύμῖν
3488 5414 3556 5465 τὰ
3605 5414 3724 5466 καθ’

2149 5505 2362 5575 ἡμέραν
2392 5506 2671 5574 γινόμενα,
2698 5508 2909 5575 Κύριος
2940 5506 3141 5559 ἕκτισέ
3170 5522 3264 5574 με.
3284 5506 3367 5567 Ὠς
3396 5505 3489 5557 ἐὰν
3525 5505 3598 5573 μὴ
3636 5508 3728 5556 ἀν-

2151 5597 2381 5667 αγγείλῃ
2405 5597 2474 5650 τά
2497 5599 2619 5651 καθ’
2641 5598 2850 5670 ἡμέραν
2878 5598 3153 5667 γινόμενα,
3190 5596 3329 5651 κατὰ
3353 5597 3411 5650 τὸ
3440 5594 3727 5650 ἀκόλουθον

2086 5803 2105 5832 ⁷
2130 5800 2286 5854 Prov.
2324 5815 2441 5865 vin,
2475 5800 2565 5851 2:2.
