4138 6364
435 405 538 462 577

1523 397 1801 454 CONTRA
1835 395 2228 466 EUNOMIUM,
2261 396 2390 452 LIB.
2424 397 2511 453 ΙΙΙ.

3563 397 3676 453 578

432 520 526 574 καὶ
552 519 613 573 τὸ
638 516 880 572 ἐκτίσθαι
903 517 1116 581 πάντως
1139 517 1448 587 ἀρνήσεται.
1483 514 1542 568 '0
1569 516 1680 587 γὰρ
1704 514 1891 581 εἰπὼν,
1924 515 2005 568 ὅτι

2112 513 2358 584 quotidie
2389 511 2547 575 fiunt,
2591 509 2851 564 Dominus
2899 509 3090 563 creavit
3127 525 3227 563 me.
3263 508 3430 573 Quasi
3474 508 3579 562 nisi
3623 526 3686 562 ea

433 607 561 663 Ἐὰν
578 608 883 676 ἀναγγείλω
895 606 1378 679 ὲκτίσθην,δέδωκε
1398 609 1535 659 νοεῖν
1557 607 1695 659 κατά
1711 606 1771 660 τὸ
1791 607 2008 659 σιωπώ-

439 686 631 772 μενον,
662 701 744 753 ὃτι
766 699 882 755 υὺκ
917 698 1170 769 ὲκτίσθην
1199 696 1293 750 ἐὰν
1331 699 1404 768 μὴ
1435 698 1758 766 ἀναγγείλω.
1794 699 2012 765 Κύριος

434 791 636 846 ἕκτισέ
663 808 758 860 με,
795 792 980 861 φησὶν,
1003 789 1198 859 ἀρχὴν
1224 790 1379 844 ὁδῶν
1401 790 1608 854 αὑτοῦ,
1627 792 1716 854 είς
1736 788 1879 857 ἔργα
1904 791 2012 842 αὐ-

437 883 565 946 τοῦ,
595 883 821 952 πρὸ-τοῦ
848 884 1041 946 αἰῶνος
1069 883 1393 953 ὲθεμελίωσέ
1423 900 1489 953 με
1516 883 1574 935 ὲν
1599 883 1764 952 ἀρχῇ,
1795 881 1900 952 πρὸ
1919 882 2011 934 τοῦ

433 976 529 1045 τὴν
552 976 655 1044 γῆν
683 976 922 1044 ποιῆσαι,
953 976 1058 1046 πρὸ
1088 975 1180 1028 τοῦ
1207 977 1304 1038 τὰς
1330 975 1600 1036 ἀϐύσσους
1631 975 1876 1044 ποιῆσαι,
1906 973 2012 1044 πρὸ

433 1068 526 1120 τοῦ
571 1067 850 1137 προελθεῖν
883 1067 979 1130 τάς
1016 1067 1198 1137 πηγὰς
1228 1068 1336 1119 τῶν
1370 1067 1609 1129 ὑδάτων,
1648 1065 1753 1136 πρὸ
1783 1066 1876 1118 τοῦ
1911 1066 2010 1136 ὅρη

437 1160 792 1231 ἑδρασθῆναι·
827 1159 932 1230 πρὸ
964 1160 1020 1213 δὲ
1050 1159 1266 1212 πάντων
1298 1158 1500 1228 βουνῶν
1527 1160 1691 1229 γεννᾷ
1728 1176 1816 1229 με.
1849 1159 1944 1220 Τίς
1976 1159 2008 1227 ἠ

438 1253 598 1320 καινὴ
638 1253 735 1320 τῆς
773 1251 1114 1319 κατασκευῆς
1158 1250 1251 1302 τοῦ
1286 1250 1579 1320 κτίσματος
1612 1248 1799 1302 τούτου
1832 1249 2010 1312 τάξιςς

441 1345 662 1414 Πρῶτον
701 1344 976 1408 κτίζεται,
1018 1343 1110 1395 καὶ
1155 1341 1294 1411 μετὰ
1333 1340 1490 1394 τοῦτο
1517 1340 1888 1409 θεμελιοῦται,
1919 1341 2013 1392 καὶ

434 1437 554 1488 τότε
580 1436 853 1503 γεννᾶται.
888 1433 1083 1503 Κύριος
1124 1434 1368 1505 ἐποίησε,
1397 1433 1564 1504 φησὶ,
1597 1432 1774 1504 χώρας
1827 1433 2013 1501 ἀοική-

435 1543 578 1587 τους,
629 1526 720 1577 καὶ
762 1525 904 1595 ἄκρα
942 1523 1231 1594 οἰκούμενα
1266 1524 1364 1593 τῆς
1404 1523 1494 1576 ὑπ’
1546 1523 1792 1592 οὐρανόν.
1855 1524 2012 1576 Ποῖον

435 1618 638 1687 Κύριον
667 1615 816 1684 λέγει
846 1615 1027 1686 χώρας
1071 1617 1324 1686 ἀοικήτου
1368 1615 1598 1685 ποιητὴν
1639 1615 1733 1666 καὶ
1764 1613 2013 1682 οἰκουμέ-

437 1727 564 1779 νης;
600 1711 822 1772 Πάντως
845 1710 936 1761 τὸν
967 1709 1061 1761 καὶ
1090 1708 1184 1779 τὴν
1211 1708 1400 1776 σοφίαν
1422 1710 1744 1778 ποιήσαντα.
1785 1708 1880 1760 Ἐκ
1904 1707 2012 1774 γὰρ
2038 1721 2050 1732 ⁶

434 1797 529 1850 τοῦ
553 1797 717 1850 αὑτοῦ
745 1797 1031 1868 προσώπου
1064 1799 1155 1850 καὶ
1181 1791 1334 1862 οὗτος
1373 1800 1622 1860 κάκεῖνος
1645 1799 1670 1848 6
1699 1797 1873 1864 λόγος,
1901 1797 1927 1848 ὃ
1951 1814 2008 1848 τε

436 1890 516 1951 τὸ,
555 1889 794 1942 Ἔκτισέ
821 1907 898 1957 με
922 1889 1337 1959 Κύριος,λέγων
1359 1929 1372 1953 ,
1405 1890 1500 1944 καὶ
1525 1891 1552 1940 ὁ
1583 1890 1890 1960 προστιθεὶς
1931 1890 2010 1952 τὸ,
2047 1871 2088 1925 Β

448 1982 732 2048 Ἐποίησε
751 1983 966 2049 Κύριος
988 1981 1176 2048 χώρας
1197 1982 1292 2034 καὶ
1313 1982 1648 2048 ἀοικήτους.
1669 1981 1875 2035 Οὐκοῦν
1893 1983 2012 2034 ἐπί-

440 2090 538 2143 σης
557 2072 663 2124 τῶν
688 2073 781 2125 δύο
804 2073 1131 2144 δημιουργὸς
1156 2073 1305 2126 ἔσται
1330 2076 1358 2126 6
1385 2073 1609 2144 Κύριος,
1633 2074 1803 2144 αὑτῆς
1826 2091 1884 2127 τε
1914 2077 2013 2144 τῆς

440 2163 650 2232 σοφίας,
667 2165 870 2234 καὶτῆς
893 2164 1214 2235 οἰκουμένης
1229 2183 1286 2217 τε
1301 2166 1392 2217 καὶ
1409 2167 1660 2236 ἀοικήτου
1676 2166 1878 2238 χώρας.
1900 2167 2010 2220 Ποῦ

437 2254 615 2306 τοίνυν
662 2255 733 2308 τὰ
757 2256 952 2308 πάντα
977 2256 1073 2310 διὰ
1101 2255 1208 2310 τοῦ
1246 2258 1380 2311 Υίοῦ
1405 2257 1662 2326 ἐγένετο,
1699 2259 1797 2313 καί
1833 2261 2012 2328 χωρὶς

439 2348 624 2402 αὐτοῦ
662 2346 803 2401 οὐδὲ
823 2347 922 2411 Er;
948 2347 1009 2400 Et
1043 2347 1151 2417 γὰρ
1184 2348 1212 2400 6
1240 2348 1400 2411 αὑτὸς
1429 2348 1630 2419 Κύριος
1672 2350 1765 2402 καὶ
1794 2351 1892 2419 τὴν
1922 2368 2012 2402 σο-

440 2441 566 2507 φίαν
600 2440 793 2503 κτίζει,
832 2441 899 2510 ἢν
936 2439 1056 2491 ἀντὶ
1091 2438 1183 2490 τοῦ
1227 2438 1354 2491 Υἱοῦ
1390 2443 1528 2492 νοεῖν
1565 2439 2008 2510 συμϐουλεύουσι,

439 2527 531 2578 καὶ
564 2526 631 2576 τὰ
657 2526 776 2578 καθ’
805 2526 1031 2578 ἕκαστον
1056 2527 1153 2579 ὅσα
1180 2527 1212 2596 ή
1247 2529 1420 2590 κτίσις
1449 2528 1582 2597 ἔχει,
1613 2530 1728 2592 πῶς
1761 2531 2010 2601 ἀληθεύει

438 2620 468 2669 ὁ
511 2617 711 2687 ὑψηλὸς
771 2617 1040 2686 Ἰωάννης,
1096 2619 1271 2671 πάντα
1324 2619 1495 2685 λέγων
1537 2621 1603 2673 δι’
1647 2622 1809 2674 αὑτοῦ
1857 2640 2012 2690 γεγε-

438 2710 666 2780 νῆσθαι;
711 2710 1147 2778 Ἀντιφθέγγεται
1171 2710 1278 2780 γὰρ
1309 2713 1340 2781 ή
1372 2713 1560 2783 Γραφὴ
1586 2714 1721 2785 αὕτη
1752 2716 1884 2786 πρὸς
1911 2718 2010 2786 τὴν

439 2802 530 2854 τοῦ
575 2801 902 2869 Εὑαγγελίου
931 2803 1131 2873 φωνὴν,
1161 2803 1237 2873 τῷ
1270 2805 1365 2874 τὴν
1401 2807 1589 2873 σοφίαν
1619 2807 1883 2870 κτίσαντι,
1915 2812 2011 2879 τῆς

439 2895 692 2964 ἀοικήτου
734 2911 790 2946 τε
825 2893 919 2946 καὶ
963 2895 1284 2964 οἰκουμένης
1330 2895 1511 2967 χώρας
1557 2899 1868 2954 ἀνατιθεῖσα
1913 2903 2010 2972 τὴν

439 2984 688 3053 ποίησιν’
731 2981 871 3035 οὕτω
904 2983 958 3036 δὲ
990 2984 1080 3035 καὶ
1118 2983 1190 3034 τὰ
1225 2984 1419 3053 ἐφεξῆς
1455 2985 1631 3039 πάντα
1665 2987 1848 3057 θρόνον
1877 2988 2008 3040 Θεοῦ

438 3091 556 3127 τινα
594 3073 945 3144 διεξέρχεται,
982 3075 1065 3126 ἐπ’
1104 3075 1319 3145 ἀνέμων
1359 3076 1784 3147 ἀφοριζόμενον,
1817 3079 2011 3149 ίσχυρά

437 3164 682 3233 γίνεσθαι
708 3164 776 3216 τά
805 3165 914 3217 ἀνω
938 3164 1072 3234 νέφη
1103 3166 1270 3234 λέγει,
1297 3167 1390 3219 καὶ
1417 3169 1674 3235 ἀσφαλεῖς
1705 3169 1802 3232 τὰς
1843 3172 2009 3223 ὑπου-

442 3256 655 3327 ρανίους
705 3256 906 3326 πηγὰς,
942 3257 1033 3309 κοιλ⁸
1070 3257 1237 3310 πολλά
1266 3259 1484 3311 τοιαῦτα
1522 3261 1762 3330 περιέχει
1797 3264 1828 3332 ή
1871 3263 2008 3332 σύμ-

441 3364 664 3418 ᾳιιασις,
719 3348 914 3418 πολλὴν
953 3347 1310 3418 ἐπιζητοῦντα
1349 3352 1446 3420 τὴν
1492 3351 1577 3404 διὰ
1613 3352 1812 3422 λεπτῆς
1869 3372 2010 3417 τινος

439 3441 532 3493 καὶ
552 3441 861 3511 διορατικῆς
895 3442 1086 3510 φρενὸς
1111 3443 1503 3513 εὑρισκομένην
1532 3447 1589 3497 ὲν
1615 3448 1727 3508 τοῖς
1757 3463 2010 3517 προειρη-

443 3533 622 3601 μένοις
646 3532 898 3587 διάνοιαν.
935 3534 1030 3596 Τίς
1055 3535 1083 3585 ὁ
1113 3536 1198 3586 ἐπ’
1226 3535 1441 3604 ἀνέμων
1474 3537 1860 3606 ἀφοριζόμενος
1883 3537 2004 3608 θρό-

439 3639 560 3686 νος;
609 3623 704 3686 Τίς
743 3625 775 3692 ή
812 3623 1078 3692 ἀσφάλεια
1112 3624 1218 3678 τῶν
1255 3625 1360 3678 ὑπὸ
1388 3625 1477 3678 τὸν
1510 3627 1734 3697 οὐρανὸν
1777 3629 2005 3698 πηγῶνς

440 3711 564 3775 Πῶς
601 3714 794 3782 ἰσχυρά
821 3712 1028 3780 γίνεται
1058 3713 1127 3765 τὰ
1161 3714 1272 3767 ἄνω
1303 3714 1472 3786 νέφης
1515 3717 1577 3768 Ei
1615 3717 1724 3788 γάρ
1757 3734 1838 3779 τις
1873 3717 2010 3787 πρὸς

439 3804 506 3856 τὰ
532 3805 828 3874 φαινόμενα
859 3804 1028 3875 κρίνοι
1054 3804 1144 3857 τὸν
1167 3805 1341 3874 λόγον,
1372 3805 1572 3876 πολλὴν
1590 3809 1809 3878 εὑρήσει
1833 3808 2009 3878 μάχην

440 3896 547 3949 τῶν
574 3896 912 3965 πραγμάτων
948 3897 1083 3966 πρὸς
1103 3898 1172 3949 τά
1193 3897 1477 3968 λεγόμενα.
1502 3898 1597 3961 Τίς
1619 3901 1724 3970 γὰρ
1746 3901 1844 3953 οὐκ
1871 3897 2010 3953 οἶδεν

439 3990 521 4041 ὃτι
553 3987 620 4041 τά
654 3989 796 4059 ἄκρα
827 3989 924 4058 τῆς
955 3988 1045 4040 ὑπ’
1083 3988 1327 4059 οὐρανὸν,
1363 3989 1395 4058 ἢ
1440 3988 1517 4058 τῷ
1541 3989 1660 4042 λίαν
1697 3990 2010 4060 καθομιλεῖν

441 4083 504 4150 τῇ
521 4079 613 4131 τοῦ
633 4079 785 4148 ἡλίου
811 4079 1125 4150 θερμότητι,
1147 4079 1180 4150 ἢ
1205 4079 1281 4150 τῷ
1305 4079 1425 4133 καθ’
1451 4080 1754 4152 ὑπερϐολὴν
1782 4083 2012 4150 ἀφεστά-

439 4188 548 4230 ναι,
578 4169 663 4222 διά
696 4169 792 4240 τὴν
823 4169 945 4222 καθ’
977 4169 1230 4241 ἑκάτερον
1265 4172 1532 4243 ἀμετρίαν
1560 4174 1707 4226 ἐστὶν
1740 4175 1967 4246 ἀοίκητα
1993 4191 2008 4240 ;

438 4261 504 4314 τὰ
542 4260 639 4330 μὲν
672 4260 814 4330 ξηρά
852 4277 912 4312 τε
948 4261 1042 4313 καὶ
1072 4261 1264 4332 διακαῆ
1295 4262 1442 4334 πέρα
1471 4263 1564 4316 τοῦ
1609 4267 1827 4336 μετρίου
1869 4267 2010 4333 γινό-

445 4367 578 4419 μενα
598 4365 611 4379 ⁸
633 4351 700 4403 τὰ
729 4349 784 4402 δὲ
816 4349 893 4419 τῷ
918 4349 1068 4420 ὑγρῷ
1101 4350 1479 4419 πλεονάζοντα,
1508 4354 1601 4407 καὶ
1629 4357 2012 4428 κατεψυγμένα

439 4440 528 4495 διὰ
554 4442 654 4510 τῆς
683 4440 917 4510 πήξεως·
951 4445 1176 4496 οἰκεῖται
1203 4443 1258 4498 δὲ
1291 4445 1425 4514 μόνα
1453 4447 1553 4500 ὅσα
1594 4451 1692 4517 τῆς
1721 4449 1839 4501 καθ’
1879 4451 2008 4503 ἑκά-

2111 619 2234 672 qua:
2262 601 2401 656 ﬁunt
2436 600 2870 664 annuntiaverit,
2904 600 2958 654 vi
2999 599 3412 655 consecutionis
3439 614 3498 654 se
3533 611 3720 653 crea-'

2112 704 2225 748 tum
2259 709 2486 764 prorsus
2518 693 2762 763 negabit.
2795 691 2900 758 Qui
2933 693 3079 748 enim
3115 691 3274 754 dixit,
3297 692 3354 749 Si
3393 693 3690 745 annuntia-

2111 801 2241 839 vero
2282 793 2501 840 creatus
2543 800 2689 847 sum,
2725 785 2911 838 animo
2946 783 3361 853 intelligendum
3387 783 3552 836 tacite
3591 783 3689 836 de-

2112 878 2211 940 dit,
2244 878 2388 946 quod
2415 878 2532 932 Non
2556 883 2776 931 creatus
2812 891 2956 939 sum,
2988 876 3096 929 nisi
3123 876 3549 928 annuntiavero.
3585 873 3690 927 Do-

2113 968 2287 1020 minus
2311 979 2504 1020 creavit
2538 984 2635 1032 me,
2664 968 2862 1036 inquit.
2893 968 3210 1036 principium
3238 967 3442 1020 ciarum
3470 984 3688 1019 suarum

2114 1061 2181 1114 ad
2233 1077 2390 1130 opera
2461 1063 2614 1128 ejus;
2673 1070 2799 1113 ante
2835 1062 3123 1114 .saaculum
3181 1057 3430 1111 fundavit
3490 1075 3574 1111 me
3633 1059 3687 1110 in

2113 1154 2408 1222 principio,
2446 1145 2736 1221 antequa'm
2761 1159 2989 1215 terram,
3018 1158 3310 1219 antequam
3345 1151 3576 1221 abyssos
3612 1152 3690 1204 l'e-

2112 1247 2315 1306 cisset,
2374 1246 2696 1314 priusquam
2765 1242 2945 1297 fontes
3003 1257 3269 1311 aquarum
3337 1243 3684 1312 erupissent,

2111 1339 2438 1406 priusquam
2478 1343 2694 1389 montes
2727 1345 2913 1390 essent
2941 1335 3162 1397 ﬁrmati,
3202 1343 3328 1387 ante
3358 1349 3550 1390 omnes
3574 1337 3690 1388 col-

2112 1428 2191 1481 les
2238 1427 2428 1496 genuit
2484 1443 2588 1482 me.
2630 1427 2765 1492 Quis
2824 1442 2999 1480 novus
3039 1427 3470 1480 constructionis
3524 1426 3689 1494 hujus

2111 1529 2376 1575 creaturae
2398 1519 2568 1573 ordo?
2594 1521 2826 1588 primum
2855 1529 3074 1573 creatur
3103 1527 3155 1572 et
3183 1527 3368 1587 postea
3403 1519 3682 1583 fundatur,

2114 1622 2227 1663 tum
2261 1627 2396 1665 vero
2441 1612 2604 1664 etiam
2641 1621 2948 1679 generatur.
2981 1609 3269 1670 Dominus,
3321 1611 3520 1679 inquit,
3559 1609 3689 1663 fecit

2113 1704 2365 1773 regiones
2397 1720 2506 1758 non
2545 1704 2836 1764 habitatas,
2869 1711 2923 1756 et
2965 1703 3344 1756 extremitates
3382 1711 3538 1756 terra:
3569 1717 3691 1770 qua:

2113 1799 2432 1852 incoluntur
2481 1797 2582 1850 sub
2623 1797 2785 1849 ratio.
2823 1794 3049 1861 Qualem
3084 1794 3375 1847 Dominum
3429 1795 3562 1848 dicit
3602 1811 3689 1848 re-

2116 1892 2296 1960 gionis
2330 1891 2552 1944 inculta:
2583 1898 2636 1941 et
2678 1888 2936 1941 habitata
2966 1886 3270 1940 factorem?
3296 1886 3532 1938 Omnino
3563 1901 3687 1940 eum

2115 1981 2207 2049 qui
2246 1978 2569 2047 sapientiam
2612 1977 2736 2029 fecit
2771 1994 2784 2029 :
2816 1992 2878 2027 ex
2931 1974 3120 2028 eadem
3161 1975 3306 2026 enim
3358 1985 3592 2040 persona
3635 1979 3689 2024 et

2118 2073 2205 2126 hic
2239 2078 2292 2124 et
2322 2070 2411 2123 ille
2449 2081 2653 2129 sermo,
2685 2075 2741 2120 et
2770 2065 2860 2134 qui
2895 2063 3054 2122 dicit,
3079 2057 3286 2113 Creavit
3312 2075 3392 2111 me
3407 2059 3686 2124 Dominus,

2115 2170 2167 2213 et
2193 2161 2286 2229 qui
2321 2159 2530 2226 adjicit,
2555 2156 2701 2211 Fecit
2747 2155 3006 2209 Dominus
3054 2154 3289 2222 regiones
3339 2152 3500 2204 etiam
3531 2152 3688 2204 inha-

2115 2249 2333 2302 bitalas.
2368 2247 2535 2316 Igitur
2563 2245 2846 2314 aequaliter
2891 2244 3126 2297 duorum
3155 2242 3404 2295 conditor
3435 2243 3541 2294 erit
3581 2240 3691 2294 Do-

2115 2342 2321 2402 minus,
2359 2340 2643 2407 ipsiusque
2675 2335 2978 2405 sapientiae,
3023 2345 3077 2388 et
3113 2343 3274 2388 terra:
3303 2347 3424 2402 qlia:
3469 2333 3690 2385 habita-

2115 2442 2204 2485 tur
2236 2443 2288 2486 et
2322 2446 2442 2498 quae
2483 2447 2593 2484 non
2631 2429 2933 2483 habitatur.
2966 2427 3250 2493 Quomodo
3302 2429 3468 2496 igitur
3509 2425 3687 2478 onmia

2111 2539 2203 2592 per
2254 2521 2457 2575 Filium
2516 2522 2662 2590 facta
2718 2530 2874 2583 sunt,
2923 2528 2972 2572 et
3031 2521 3143 2572 sine
3213 2520 3327 2588 ipso
3381 2519 3593 2571 niliit'?
3627 2517 3687 2570 Si

2113 2616 2257 2670 enim
2287 2614 2428 2668 idem
2461 2613 2724 2667 Dominus
2757 2619 2811 2665 et
2850 2612 3173 2682 sapientiam
3205 2619 3354 2665 creat
3382 2615 3565 2680 (quam
3588 2625 3689 2680 pro

2113 2706 2250 2760 Filio
2291 2708 2594 2776 intelligere
2625 2705 2968 2773 consulunt),
3001 2713 3055 2758 et
3096 2704 3306 2774 singula
3343 2720 3463 2774 quae
3504 2712 3686 2758 creata

2113 2810 2274 2854 sunt:
2307 2797 2582 2867 quomodo
2613 2796 2863 2851 sublimis
2898 2795 3138 2850 Joannes
3165 2811 3352 2849 verum
3386 2796 3540 2857 dicit,
3568 2811 3686 2848 om-

2114 2893 2204 2945 nia
2243 2907 2338 2959 per
2387 2891 2565 2961 ipsum
2620 2889 2762 2942 facta
2804 2889 2961 2944 esse?
3001 2889 3336 2943 contradicit
3379 2888 3523 2943 enim
3573 2889 3688 2942 haec

2111 2984 2394 3053 Scriptura
2428 2985 2548 3035 voci
2581 2981 2879 3050 Evangelii,
2912 2980 2962 3034 ei
2995 2981 3085 3049 qui
3125 2981 3451 3049 sapientiam
3475 2980 3687 3032 creavit

2112 3075 2487 3130 inhabitabilis
2523 3084 2576 3128 et
2611 3073 2926 3127 habitabilis
2957 3073 3196 3142 regionis
3228 3073 3561 3127 creationem
3595 3088 3686 3126 as-

2113 3175 2358 3239 signans.
2397 3169 2488 3221 Sic
2517 3167 2682 3220 etiam
2733 3165 2918 3219 omnia
2965 3179 3086 3233 qum
3118 3164 3376 3232 deinceps
3422 3175 3681 3217 enarrat:

2113 3263 2369 3315 thronum
2409 3258 2699 3329 quemdam
2757 3256 2847 3310 Dei
2888 3272 3030 3322 esse,
3085 3272 3249 3326 super
3287 3257 3465 3310 ventis
3507 3257 3686 3310 deter—

2111 3357 2397 3415 minatum,
2446 3367 2566 3417 quae
2617 3364 2781 3419 supra
2829 3357 2959 3402 sunt
3011 3347 3180 3402 nubes
3222 3348 3426 3401 ﬁrmari
3483 3349 3578 3411 ait,
3631 3358 3685 3400 et

2110 3452 2258 3497 tutos
2329 3442 2684 3495 subecelestes
2734 3438 2932 3500 fontes,
2968 3446 3021 3491 et
3065 3438 3232 3489 multa
3270 3437 3398 3489 talia
3442 3438 3686 3505 comple-

2110 3539 2278 3591 ctitur
2313 3535 2585 3589 orationis
2630 3540 2940 3590 contextus,
2973 3547 3092 3599 quite
3139 3531 3327 3584 subtili
3365 3530 3597 3599 quadam
3631 3542 3683 3584 et

2108 3629 2413 3699 perspicaci
2454 3632 2637 3680 mente
2677 3625 2731 3677 in
2766 3624 3042 3694 przedictis
3081 3623 3442 3692 excogitatam
3487 3625 3687 3691 requi-

2111 3730 2238 3774 runt
2282 3718 2719 3787 intelligentiam.
2773 3716 2909 3781 Quis
2952 3730 3118 3784 super
3170 3714 3350 3767 ventis
3389 3714 3685 3769 distinctus

2109 3810 2380 3866 thronus?
2427 3808 2558 3874 Quae
2604 3808 2876 3862 securitas
2930 3807 3045 3860 sive
3092 3811 3211 3857 tuta
3248 3806 3408 3878 sedes
3454 3805 3682 3858 fontium

2109 3902 2202 3973 qui
2252 3901 2353 3955 sub
2391 3899 2533 3953 cmlo
2588 3897 2755 3952 sunt?
2797 3894 3072 3964 quomodo
3115 3895 3282 3949 ﬁrmze
3329 3895 3463 3948 ﬁunt
3512 3898 3685 3952 nubes

2109 4009 2230 4063 quae
2264 4007 2484 4046 sursum
2519 3989 2688 4043 sunt?
2717 3988 2763 4042 si
2796 3989 2918 4056 quis
2949 4003 3015 4040 ex
3050 4002 3112 4041 ea
3151 4001 3275 4056 quas
3303 3996 3527 4056 apparet
3558 4005 3682 4058 spe-

2110 4086 2192 4140 cie
2223 4098 2529 4139 sermonem
2558 4081 2786 4150 iudicet,
2834 4095 3085 4149 magnam
3139 4095 3322 4133 rerum
3375 4097 3686 4151 repugnan-

2109 4176 2242 4229 tiam
2294 4189 2418 4226 cum
2467 4173 2535 4226 iis
2568 4186 2690 4237 quae
2738 4170 3000 4223 dicuntur
3053 4169 3311 4223 inveniet.
3348 4169 3483 4235 Quis
3536 4173 3682 4224 enim

2111 4267 2326 4336 ignorat
2377 4271 2620 4317 extrema
2657 4269 2817 4315 terrae
2869 4263 2971 4314 sub
3013 4261 3173 4324 cmlo,
3216 4261 3300 4316 vel
3348 4264 3474 4328 quia
3519 4262 3686 4316 nimis

2111 4358 2243 4412 solis
2282 4355 2449 4409 calori
2485 4355 2596 4408 sint
2641 4351 2818 4406 aﬂinia
2854 4359 2910 4406 et
2943 4353 3272 4422 prapinqua,
3305 4354 3387 4407 vel
3422 4354 3549 4421 quia
3596 4370 3686 4406 su-

2112 4463 2208 4518 pra
2255 4446 2472 4500 modum
2523 4446 2726 4500 distent
2771 4443 3069 4512 disjumta,
3123 4453 3349 4514 propter
3396 4445 3686 4515 utriusque

439 4550 596 4603 τερον
623 4532 730 4583 τῶν
751 4532 1006 4587 ἐναντίων
1033 4535 1330 4606 ἀκρότητας
1353 4538 1548 4608 ἐπίσης
1577 4539 1900 4610 ἀπῴκισται.
1947 4543 2009 4595 Et

2114 4537 2619 4592 immoderationem
2645 4552 2751 4590 non
2782 4536 3015 4588 habitari
3041 4537 3238 4604 posse?
3267 4537 3437 4590 altera
3461 4538 3681 4607 quidem

439 4627 496 4678 δὲ
524 4625 586 4678 τὸ
625 4626 786 4695 μέσον
821 4628 918 4696 τῆς
944 4627 1047 4697 γῆς
1075 4627 1179 4680 ὑπὸ
1210 4628 1317 4682 τῶν
1356 4629 1656 4702 ἀνθρώπων
1681 4633 2006 4702 διείληπται,

439 4718 555 4781 πῶς
583 4717 653 4770 τὰ
684 4716 828 4791 ἄκρα
865 4717 1012 4785 λέγει
1042 4719 1141 4788 τῆς
1169 4719 1260 4771 ὑπ’
1293 4721 1518 4792 οὐρανὸν
1552 4724 1814 4776 οἰκεῖσθαι
1842 4727 1872 4795 η
1907 4743 2010 4777 πα-

442 4811 655 4880 ροιμίας
686 4811 780 4873 Τίς
806 4810 913 4882 γὰρ
943 4810 1094 4879 ἰσχὺς
1134 4811 1490 4884 ὲνθεωρηθείη
1525 4816 1637 4877 τοῖς
1670 4815 1904 4884 νέφεσιν,
1935 4818 2009 4880 ὡς

440 4901 722 4970 ἀληθεύειν
750 4901 840 4954 τὸν
873 4902 1029 4969 λόγον
1068 4903 1209 4955 κατά
1240 4905 1338 4974 τὴν
1377 4905 1660 4976 πρόχειρον
1689 4907 1916 4968 ἔννοιαν,
1953 4909 2011 4972 ὃς

440 5009 603 5062 φησιν
649 4994 843 5064 ἰσχυρὰ
883 4995 1206 5065 γεγενῆσθαι
1252 4996 1320 5048 τά
1360 4998 1469 5050 ἄνω
1496 4999 1651 5068 νέφη.
1683 4999 2009 5070 Μανώτερος

438 5083 546 5152 γὰρ
573 5082 657 5145 τίς
691 5085 834 5136 ἐστιν
867 5084 1057 5154 ἀτμὸς,
1095 5087 1128 5155 ή
1168 5085 1262 5138 τοῦ
1307 5086 1499 5155 νέφους
1545 5088 1704 5156 φύσις
1737 5089 1875 5142 κατά
1918 5090 2008 5143 τὸν

438 5176 575 5247 ἀέρα
605 5177 966 5248 διαχεόμενος·
995 5179 1051 5240 ὃς
1075 5181 1346 5249 ἐποχεῖται
1380 5181 1477 5250 μὲν
1502 5181 1580 5251 τῷ
1601 5183 1828 5254 ὲναερίῳ
1850 5183 2010 5235 πνεύο

442 5282 572 5334 ματι
599 5266 686 5320 διὰ
715 5268 914 5337 πολλὴν
953 5267 1253 5339 λεπτότητα
1295 5269 1494 5337 κοῦφος
1524 5271 1828 5341 γενόμενος.
1873 5274 2008 5343 Συρ-

442 5357 588 5426 ρυεὶς
608 5357 663 5410 δὲ
685 5358 820 5429 πρὸς
845 5359 1032 5411 ἑαυτὸν
1053 5361 1118 5412 ὲκ
1145 5361 1242 5431 τῆς
1270 5361 1674 5430 συμπιλήσεως,
1701 5363 2005 5417 διεκπίπτει

439 5448 530 5500 τοῦ
562 5448 843 5519 ἀνέχοντος
873 5451 1201 5522 πνεύματος,
1235 5453 1448 5521 σταγὼν
1486 5453 1676 5526 βαρεῖα
1705 5457 2004 5524 γινόμενος.

441 5538 534 5602 Τίς
563 5537 654 5593 οὖν
689 5544 834 5595 ἐστιν
864 5545 920 5595 ὲν
944 5543 1153 5608 τούτοις
1180 5547 1212 5615 ὴ
1253 5547 1405 5616 ἰσχὺς
1438 5549 1494 5598 ὲν
1522 5542 1603 5609 οἷς
1638 5547 1861 5618 οὐδεμία
1898 5551 2010 5610 τοῖς

440 5629 763 5698 ἁπτομένοις
789 5632 1070 5704 ἀντίληψις
1093 5634 1334 5703 γίνεται;
1369 5637 1442 5691 Τὸ
1469 5637 1576 5707 γὰρ
1609 5636 1776 5707 μανὸν
1799 5636 1891 5690 τοῦ
1917 5637 2009 5689 ἀέ-

511 5809 533 5839 ⁹
563 5804 720 5865 loan.
749 5827 786 5878 ι,
819 5812 869 5866 5.

2112 4631 2261 4685 sicca
2308 4640 2361 4685 et
2409 4637 2544 4684 testu
2598 4627 2861 4682 ferventia
2897 4629 3042 4680 ultra
3095 4628 3434 4681 moderatam
3483 4639 3689 4698 tempe-

2115 4723 2251 4776 riem
2281 4737 2439 4786 esse;
2483 4721 2656 4774 altera
2697 4735 2824 4774 vero
2866 4718 3091 4772 humido
3125 4719 3492 4772 redundantia
3522 4720 3690 4788 frigo-

2117 4813 2270 4865 ribus
2305 4819 2359 4864 et
2391 4809 2606 4880 pruinis
2640 4809 2953 4880 obriguisse
2985 4827 2998 4862 :
3028 4807 3348 4863 habitantur
3393 4819 3574 4862 autem
3624 4826 3686 4863 ea

2117 4904 2232 4959 sola
2264 4919 2384 4974 quae
2420 4905 2488 4958 ab
2529 4911 2758 4972 utraque
2797 4903 3144 4957 extremitate
3177 4903 3458 4971 aequaliter
3492 4903 3685 4957 dissita

2116 5003 2244 5051 sunt
2272 5004 2324 5050 et
2362 5010 2611 5051 seorsum
2649 4993 2937 5048 collocata.
2973 4993 3131 5059 Quod
3171 4994 3215 5049 si
3251 5005 3408 5048 terra:
3444 4995 3683 5048 medium

2116 5089 2184 5142 ab
2241 5089 2556 5143 hominibus
2608 5096 2912 5158 occupatur
2965 5097 3018 5143 et
3077 5089 3356 5155 incolitur,
3412 5093 3688 5160 quomodo

2115 5188 2362 5235 extrema
2411 5181 2562 5235 orbis
2610 5181 2714 5234 sub
2761 5181 2902 5234 cmlo
2931 5181 3164 5234 habitari
3209 5181 3341 5236 dicit
3385 5185 3691 5252 parmmia?

2115 5273 2247 5339 Quae
2280 5288 2443 5342 porro
2473 5269 2708 5326 formido
2743 5273 2796 5326 in
2843 5272 3084 5327 nubibus
3125 5275 3357 5342 spectari
3397 5283 3598 5343 potest,
3631 5285 3690 5328 ut

2113 5379 2281 5417 verus
2328 5377 2511 5417 sermo
2551 5377 2674 5416 esse
2731 5361 2904 5430 possit
2934 5377 3000 5415 ex
3036 5377 3098 5416 ea
3133 5379 3254 5434 qua:
3301 5364 3474 5432 prima
3509 5364 3688 5419 fronte

2115 5455 2361 5509 occurrit
2385 5453 2766 5523 intelligentia,
2802 5454 2893 5521 qui
2925 5454 3121 5508 asserit
3152 5455 3337 5508 ﬁrmas
3370 5455 3543 5510 iactas
3567 5472 3689 5510 esse

2116 5555 2168 5600 et
2204 5545 2412 5601 validas
2445 5546 2619 5600 nubes
2652 5559 2894 5600 sursum.
2928 5541 3129 5600 Rarior
3163 5554 3246 5600 est
3294 5548 3438 5601 enim
3470 5551 3688 5617 quidam

2117 5654 2285 5708 vapor
2315 5638 2480 5692 nubis
2515 5644 2734 5704 natura,
2772 5653 2868 5708 per
2912 5651 3091 5692 aerem
3125 5637 3357 5694 diffusus
3391 5640 3524 5709 :qui
3561 5654 3688 5709 pro-
