4138 6364
450 390 554 446 επ

1707 376 1766 431 S.
1804 374 2131 431 GREGORII
2168 374 2255 428 ΝΥ
2268 374 2462 430 SSENI

3554 432 3560 438 ι
3597 367 3708 424 530

448 511 565 572 pter
590 498 817 554 multam
850 492 1172 547 tenuitatem
1196 487 1352 544 aerio
1382 486 1578 557 spiritu
1606 486 2014 555 supervehitur,

2141 501 2215 547 >ος
2242 486 2336 539 καὶ
2377 484 2720 554 εὐδιάχυτον,
2759 483 2852 536 καὶ
2882 484 2975 536 ἐπὶ
3003 484 3098 537 τοῦ
3133 484 3324 553 νέφους
3374 482 3520 535 ἔστιν
3566 479 3713 533 ἰδεῖν-

446 593 584 649 levis
619 604 743 643 cum
772 587 867 645 sit,
905 582 1187 637 conﬂueus
1214 588 1396 633 autem
1434 579 1491 631 in
1521 577 1764 646 seipsum
1798 592 1862 631 ex
1888 592 2021 630 con-

445 681 712 741 eretione,
762 675 989 738 decidit,
1012 687 1135 725 cum
1163 671 1277 739 jam
1309 669 1491 723 aerius
1520 667 1611 721 ille
1644 666 1872 735 spiritus
1901 680 2024 720 sus-

449 776 627 825 tincre
700 783 809 822 non
863 765 1060 835 possit,
1110 762 1239 816 dum
1294 769 1445 830 gutta
1496 759 1611 813 sive
1661 757 1806 812 stilla
1843 756 2026 826 gravis

446 863 697 917 edicitur.
748 858 1033 924 Quodnam
1086 855 1252 925 igitur
1293 853 1461 905 robur
1501 852 1554 904 in
1585 850 1673 905 his
1720 865 1841 918 qum
1877 856 2025 902 tactu

449 949 674 1002 minime
710 958 938 1015 possunt
974 941 1352 1013 apprehendi?
1386 938 1517 993 Nam
1558 940 1609 991 in
1645 939 1787 992 nube
1838 952 2021 991 aerem

448 1054 634 1093 rarum
675 1045 729 1090 et
785 1036 983 1089 dill'usu
1037 1034 1276 1087 facilem.
1306 1030 1493 1083 videre
1541 1029 1687 1081 licet.
1736 1024 2024 1091 Quomodo

448 1144 641 1184 rursus
677 1129 732 1181 in
766 1138 1053 1181 ventorum
1104 1122 1350 1177 instabili
1396 1132 1590 1173 natura
1639 1119 1860 1172 divinus
1893 1117 2025 1171 deli-

448 1224 598 1275 nitur
647 1220 917 1276 thronus?
954 1217 1069 1271 Hoc
1113 1224 1293 1269 autem
1343 1212 1488 1282 quod
1537 1212 1740 1264 dicitur
1791 1211 2023 1279 primum

451 1310 651 1371 creari,
680 1321 797 1361 tum
830 1307 1049 1360 demum
1098 1303 1372 1372 generari,
1418 1308 1473 1354 et
1522 1300 1663 1353 inter
1693 1300 2024 1351 creationem

2124 571 2249 635 Πῶς
2288 573 2345 625 δὲ
2380 573 2539 626 πάλιν
2568 572 2661 625 ἐπὶ
2698 574 2764 642 τῇ
2812 572 3029 644 άστάτῳ
3076 573 3186 626 τῶν
3218 572 3439 643 ἀνέμων
3484 569 3642 639 φύσει
3687 573 3714 619 ὁ

2126 662 2265 726 θεῖος
2292 665 2610 735 ἀφορίζεται
2634 664 2852 734 θρόνος;
2875 664 2950 716 Τὸ
2969 665 3026 718 δὲ
3050 665 3265 735 πρῶτον
3292 662 3591 728 κτίζεσθαι,
3619 662 3711 713 καὶ

2127 757 2220 809 ἐπὶ
2250 756 2392 808 τέλει
2421 755 2599 824 λέγειν
2627 756 2939 825 γεννᾶσθαι,
2962 757 3055 809 καὶ
3085 757 3171 809 διὰ
3199 758 3365 826 μέσου
3391 754 3597 807 τούτων
3628 753 3713 804 θε-

2133 846 2462 916 μελιοῦσθαι,
2493 847 2614 900 τίνα
2641 847 2797 915 λόγον
2827 846 2971 900 εἴποι
2996 865 3083 911 τις
3110 850 3174 901 ἂν
3201 848 3343 918 ἔχειν
3364 849 3484 910 ταῖς
3511 847 3713 907 κοιναῖς

2128 956 2188 991 τε
2220 939 2313 991 καὶ
2346 940 2655 1009 προχείροις
2694 942 2922 1004 ἐννοίαις
2972 940 3370 1009 συμϐαίνοντα;
3401 940 3473 992 Τό
3507 957 3565 991 τε
3611 938 3713 1005 πρὸ

2129 1029 2333 1083 τούτων
2382 1031 2727 1103 ὲπαπορηθὲν
2768 1035 2826 1085 ὲν
2870 1033 2949 1103 τῷ
2989 1034 3151 1104 λόγῳ,
3191 1033 3308 1095 πῶς
3352 1031 3711 1103 ήὰναγγελία

2130 1121 2240 1173 τῶν
2274 1121 2393 1174 καθ’
2428 1124 2639 1194 ἡμέραν
2680 1125 2995 1193 γινομένων,
3048 1126 3142 1177 καὶ
3182 1127 3213 1193 ή
3253 1126 3438 1193 μνήμη
3479 1124 3577 1192 τῆς
3621 1122 3709 1186 ἐξ·

2134 1212 2515 1285 αριθμημένης
2544 1215 2653 1268 τῶν
2680 1216 2739 1279 ἐξ
2774 1216 2986 1280 αἰῶνος,
3016 1217 3206 1287 ὥσπερ
3231 1217 3377 1270 αἰτία
3402 1234 3483 1279 τις
3508 1216 3712 1283 γίνεται

2131 1303 2225 1355 τοῦ
2256 1305 2500 1358 ἐκτίσθαι
2531 1307 2679 1377 παρὰ
2709 1307 2803 1360 τοῦ
2832 1308 2967 1361 Θεοῦ
2989 1310 3087 1377 τὴν
3117 1309 3304 1377 σοφίαν
3331 1309 3541 1375 λέγειν;

450 1410 506 1453 et
532 1400 938 1469 generationem
970 1393 1209 1454 fundari,
1236 1408 1400 1461 quam
1427 1391 1693 1444 rationem
1720 1404 1844 1442 cum
1913 1393 2297 1448 communibus
2362 1404 2417 1447 et
2482 1397 2535 1448 in
2579 1407 2833 1466 promptu
2864 1400 3059 1467 positis
3133 1406 3522 1468 congruentem
3568 1398 3710 1448 uoti-

452 1492 544 1545 tiis
577 1492 779 1544 habere
825 1488 950 1557 quis
984 1484 1226 1538 dixerit?
1265 1483 1576 1548 Quinetiam
1610 1480 1740 1533 illud
1796 1480 1863 1533 de
1908 1496 2016 1548 quo
2050 1482 2160 1550 jam
2191 1494 2317 1540 ante
2353 1486 2657 1541 dubitatum
2691 1498 2777 1543 est
2836 1491 2890 1543 in
2923 1506 3200 1552 sermone,
3268 1490 3543 1560 quomodo
3616 1505 3712 1541 an-

455 1583 727 1636 nuntiatio
767 1595 955 1634 eorum
987 1592 1108 1645 quae
1147 1575 1284 1627 ﬁunt
1322 1572 1583 1642 quotidie,
1633 1579 1688 1626 et
1754 1572 2061 1626 recordatio
2134 1579 2533 1634 nmnerationis
2590 1596 2777 1634 eorum
2840 1597 2961 1651 qua:
3020 1596 3049 1634 a
3111 1582 3313 1636 saeculo
3366 1590 3513 1642 sunt,
3567 1581 3711 1633 velut

454 1688 624 1727 causa
658 1669 906 1740 quaedam
937 1679 1019 1721 est
1059 1664 1277 1718 dicendi
1320 1664 1644 1732 sapientiam
1676 1678 1707 1715 a
1738 1663 1848 1718 Deo
1878 1673 2121 1718 creatam
2153 1670 2317 1721 esse?

532 1764 802 1829 Quoniam
832 1761 1001 1830 igitur
1036 1774 1105 1812 ex
1147 1758 1235 1811 his
1260 1772 1382 1826 qua:
1418 1756 1563 1809 dicta
1589 1764 1717 1809 sunt
1750 1756 1895 1809 clare
1931 1756 2026 1809 de.—

2201 1762 2408 1814 Ούκοῦν
2439 1764 2623 1834 ἐπειδὴ
2655 1764 2924 1817 δέδεικται
2954 1764 3202 1834 φανερῶς
3236 1763 3322 1817 διὰ
3353 1764 3459 1815 τῶν
3486 1765 3710 1833 εἰρημέ-

458 1863 824 1912 monstratum
858 1862 942 1906 est
974 1852 1026 1905 in
1062 1851 1149 1905 his
1177 1849 1315 1902 nihil
1342 1848 1449 1902 tale
1476 1863 1618 1911 esse,
1657 1863 1757 1900 cur
1784 1848 2033 1916 inexplo-

457 1958 581 2005 rato
621 1954 675 2003 et
709 1943 1117 1998 inconsiderate
1159 1941 1250 1994 hic
1296 1955 1478 1994 sermo
1528 1939 1868 2002 admittatur,
1905 1954 2035 2008 Ope-

457 2050 534 2088 ra:
562 2033 797 2103 pretium
826 2031 931 2085 erit
963 2030 1137 2083 instar
1176 2028 1534 2098 reliquorum,
1562 2038 1615 2081 et
1653 2028 1754 2081 hoc
1778 2030 1922 2097 quod
1948 2028 2035 2081 di-

457 2125 622 2187 ritur,
660 2121 916 2174 Dominus
944 2121 1142 2175 creavit
1184 2137 1284 2181 me,
1316 2135 1425 2173 non
1457 2135 1519 2173 ex
1553 2134 1616 2172 ea
1647 2134 1767 2187 quae
1797 2119 1847 2171 vi
1886 2120 2033 2173 verbi

460 2216 812 2282 ingeneratur
866 2212 1025 2265 nobis
1073 2210 1452 2279 intelligentia,
1500 2209 1872 2275 interpretari,
1929 2210 2025 2263 sed

458 2305 607 2360 omni
649 2303 958 2357 attentione
1006 2309 1062 2357 et
1095 2302 1383 2371 dlligentia
1424 2302 1725 2371 inquirere,
1768 2301 1918 2371 quod
1950 2303 2037 2370 pie

460 2412 559 2468 per
599 2397 714 2451 haec
765 2397 930 2451 verba
977 2395 1323 2465 intelligitur.
1359 2392 1565 2448 Verum
1618 2395 1905 2448 enimvero
1953 2409 2038 2447 ac-

460 2497 653 2544 curate
702 2497 755 2541 et
806 2487 875 2541 ad
936 2486 1201 2540 amussim
1248 2486 1655 2554 propositorum
1708 2486 2035 2539 sententiam

462 2580 761 2648 concipere
791 2593 979 2631 eorum
1012 2580 1253 2631 solorum
1282 2577 1465 2640 fuerit,
1495 2579 1587 2645 qui
1615 2579 1818 2647 Spiritu
1848 2585 2039 2629 sancto

464 2673 617 2725 ducti
669 2670 1073 2741 profunditates
1111 2678 1451 2729 scrutantur,
1498 2668 1791 2737 sciuntquc
1829 2670 1927 2721 lari
1984 2668 2039 2720 in

462 2761 669 2830 spiritu
706 2760 891 2813 divina
926 2760 1211 2830 mysteria.
1243 2757 1348 2812 Sed
1395 2760 1447 2811 in
1485 2759 1571 2812 his
1605 2760 1785 2813 verbis
1812 2760 1880 2813 de
1917 2760 2041 2828 qui-

464 2853 569 2906 bus
617 2854 819 2923 agitur,
882 2863 1092 2906 tantum
1144 2852 1323 2904 oratio
1372 2861 1564 2904 nostra
1625 2851 2036 2913 iunnorabitur,

463 2953 732 3014 quantum
766 2944 963 2999 sullicit
988 2952 1046 2996 ut
1080 2959 1270 2996 eorum
1306 2957 1509 3011 scopus
1551 2958 1660 2995 non
1697 2943 2042 2998 indiscussus

464 3044 522 3091 et
566 3039 944 3105 inexploratus
974 3035 1436 3103 prmtcrmittatur.
1469 3033 1604 3099 Quis
1646 3036 1811 3104 igitur
1855 3044 2043 3089 noster

2135 1870 2261 1915 νων,
2292 1855 2455 1923 μηδὲν
2478 1856 2533 1908 ὲν
2559 1855 2765 1919 τούτοις
2798 1856 3034 1909 τοιοῦτον
3056 1854 3212 1919 εἶναι,
3237 1857 3311 1918 ὡς
3347 1857 3711 1921 ἀνεξετάστως

2133 1962 2193 1996 τε
2237 1946 2331 1997 καὶ
2372 1945 2696 2017 άθεωρήτως
2742 1948 3144 2019 παραδεχθῆναι
3184 1947 3275 2000 τὸν
3322 1947 3496 2015 λόγον,
3532 1946 3710 2009 καλῶς

2136 2034 2201 2087 ἂν
2241 2034 2351 2105 ἔχοι
2389 2036 2509 2088 καθ’
2538 2038 2828 2107 ὁμοιότητα
2857 2038 2963 2091 τῶν
3000 2038 3220 2101 λοιπῶν,
3256 2039 3348 2090 καὶ
3376 2038 3453 2101 τὸ,
3496 2041 3708 2104 Κύριος

2134 2123 2335 2177 ἐκτισέ
2361 2143 2456 2192 με,
2489 2126 2563 2197 μὴ
2596 2127 2737 2180 κατά
2763 2127 2858 2197 τὴν
2893 2127 3117 2181 αὐτόθεν
3156 2130 3287 2197 ἡμῖν
3324 2130 3387 2180 ὲκ
3416 2128 3510 2181 τοῦ
3538 2130 3713 2198 ῥήμα-

2135 2231 2224 2277 τος
2290 2217 2639 2288 ὲγγινομένην
2690 2218 2927 2272 διάνοιαν
2968 2218 3310 2290 ἑρμηνεύειν,
3362 2219 3494 2271 ἀλλά
3531 2218 3710 2289 ζητεῖν

2136 2306 2277 2358 κατὰ
2308 2309 2485 2361 πᾶσαν
2521 2310 2791 2380 προσοχὴν
2813 2327 2870 2361 τε
2902 2309 2997 2362 καὶ
3022 2310 3354 2379 ἐπιμέλειαν,
3382 2310 3443 2361 τὸ
3472 2309 3713 2370 εὐσεϐῶς

2136 2396 2221 2449 διὰ
2251 2398 2342 2450 τοῦ
2376 2400 2665 2467 λεγομένου
2700 2399 3005 2469 νοούμενον.
3053 2400 3211 2453 Ἀλλὰ
3241 2401 3301 2452 τὸ
3334 2400 3430 2467 μὲν
3471 2398 3713 2468 ἀκριϐῶς

2137 2490 2517 2560 κατειληφέναι
2544 2493 2643 2561 τὴν
2688 2491 2794 2543 τῶν
2839 2492 3211 2561 προκειμένων
3245 2491 3505 2554 διάνοιαν,
3541 2492 3715 2559 μόνων

2138 2576 2203 2629 ἂν
2226 2580 2311 2647 εἴη
2334 2580 2440 2631 τῶν
2465 2580 2542 2649 τῷ
2568 2580 2708 2650 ἁγίῳ
2732 2580 3007 2649 Πνεύματι
3040 2579 3106 2632 τὰ
3130 2578 3266 2650 βάθη
3294 2578 3708 2649 διερευνώντων,

2140 2671 2231 2722 καὶ
2262 2670 2439 2723 λαλεῖν
2472 2671 2846 2741 ἐπισταμένων
2878 2672 2933 2722 ὲν
2959 2670 3227 2740 πνεύματι
3261 2673 3329 2724 τά
3363 2670 3481 2723 θεῖα
3510 2673 3708 2740 μυστή-

2144 2779 2254 2833 ρια.
2286 2763 2423 2832 Παρ’
2468 2763 2623 2833 ἡμῶν
2663 2763 2719 2816 δὲ
2750 2763 3001 2816 τοσοῦτον
3050 2765 3107 2815 έν
3134 2765 3246 2825 τοῖς
3287 2765 3663 2833 προκειμένοις
3688 2765 3717 2815 ὁ

2140 2854 2293 2921 λόγος
2325 2854 2773 2925 ἀσχοληθήσεται,
2798 2855 2920 2908 ὅσον
2947 2855 3018 2925 μὴ
3046 2855 3219 2925 πάντη
3253 2854 3512 2924 περιιδεῖν
3542 2854 3630 2906 τὸν
3657 2854 3715 2905 ἐν

2139 2948 2347 3009 τούτοις
2368 2946 2568 2998 σκοπὸν
2592 2945 2918 3017 ἀθεώρητον.
2955 2945 3050 3008 Τίς
3078 2942 3170 2998 οῦν
3200 2948 3227 2998 ὀ
3250 2946 3511 3015 ἡμέτερος
3531 2945 3715 3011 λόγοςς

2145 3041 2258 3092 Οὐκ
2287 3039 2452 3099 ἔστιν,
2502 3032 2674 3106 οἶμαι,
2705 3037 2927 3089 δυνατὸν
2961 3036 3055 3107 τὴν
3097 3038 3159 3088 ἐκ
3212 3036 3357 3098 θείας
3406 3035 3718 3104 ἐλλάμψεως

469 3128 688 3182 sermo?
740 3127 879 3191 ﬁeri,
930 3128 1148 3195 opinor,
1202 3126 1426 3177 minime
1470 3134 1667 3193 potest,
1714 3127 2038 3193 sapientiam

2146 3131 2433 3200 γινομένην
2458 3128 2513 3181 ἓν
2542 3146 2645 3181 τινι
2679 3127 2886 3196 σοφίαν,
2920 3128 3086 3197 μόνην
3105 3127 3306 3197 ταύτην
3331 3128 3449 3196 δίχα
3480 3129 3584 3179 τῶν
3619 3127 3721 3178 λοι-

469 3234 590 3288 quaa
615 3234 679 3272 ex
704 3219 888 3272 divina
921 3217 1329 3270 illuininatione
1359 3216 1436 3276 lit,
1471 3217 1609 3269 lianc
1633 3221 1802 3269 solani
1837 3218 2042 3285 absque

470 3312 694 3379 reliquis
728 3311 900 3363 sancti
939 3310 1179 3378 Spiritus
1209 3309 1372 3364 donis
1413 3310 1668 3376 cuiquam
1703 3310 1917 3370 adesse,
1947 3309 2040 3363 sed

471 3404 695 3455 omnino
742 3411 973 3470 oportet,
1029 3402 1194 3455 simul
1250 3416 1375 3453 cum
1428 3401 1528 3452 hac
1578 3401 1877 3469 proplieliw
1921 3416 2044 3468 gra-

471 3494 602 3546 tiam
651 3493 767 3545 sive
798 3492 1000 3545 donum
1049 3506 1401 3545 concurrere.
1456 3489 1513 3544 Si
1571 3492 1714 3545 enim
1761 3493 2044 3561 sapientia:

474 3585 753 3653 proprium
800 3592 905 3648 cst,
952 3584 1236 3637 veritatem
1291 3599 1481 3637 eorum
1521 3599 1641 3652 quae
1687 3592 1815 3637 sunt
1864 3586 2045 3637 animo

474 3675 973 3745 comprehendere;
1024 3674 1309 3743 prophetia
1346 3689 1476 3726 vero
1509 3673 1817 3726 futurorum
1868 3675 2046 3727 couti-

475 3776 567 3818 net
624 3764 1072 3823 declarationem,
1148 3762 1335 3815 nullus
1395 3762 1696 3829 perlectum
1765 3763 2046 3830 sapientia:

476 3855 680 3909 donum
711 3854 872 3906 fuerit
912 3862 1270 3914 consecutus,
1308 3852 1404 3921 qui
1448 3868 1558 3905 non
1593 3852 1910 3920 prophetica
1954 3867 2046 3904 co-

476 3946 793 4015 operatione
844 3942 1009 3997 futuri
1059 3943 1431 4013 cognitionem
1489 3944 1809 4011 complexus
1858 3942 2042 3995 fuerit.

477 4036 749 4102 Quoniam
788 4036 950 4102 igitur
990 4050 1098 4087 non
1123 4034 1418 4087 humanam
1450 4034 1689 4101 aliquam
1726 4034 2045 4102 sapientiam

476 4128 691 4195 sibiipsi
722 4126 962 4178 vindicat
998 4124 1281 4187 Solomon,
1327 4140 1452 4178 cum
1485 4124 1645 4187 dixit,
1680 4123 1821 4176 Deus
1869 4122 2047 4177 docuit

479 4232 560 4269 me
590 4216 903 4283 sapientiam
940 4216 983 4278 ⁸,
1022 4220 1076 4267 et
1123 4228 1312 4268 omnes
1343 4228 1624 4267 sermones
1661 4227 1789 4266 suos
1816 4212 1925 4265 Deo
1968 4224 2049 4263 at-

479 4310 692 4374 tribuit,
731 4325 853 4362 cuin
896 4308 990 4368 ait,
1023 4305 1131 4360 Mei
1162 4321 1423 4360 sermones
1456 4306 1589 4358 dicti
1623 4316 1742 4357 sunt
1782 4322 1813 4357 a
1845 4304 1953 4357 Deo
1979 4306 2045 4368 ¹⁰,

484 4403 746 4472 praeclare
782 4415 1026 4470 agemus,
1075 4398 1122 4453 si
1168 4398 1459 4451 admistain
1502 4396 1784 4465 sapientiae
1812 4396 2046 4466 prophe-

479 4495 611 4546 tiam
646 4494 697 4544 in
734 4492 834 4544 hac
880 4498 1031 4558 parte
1067 4488 1341 4558 proverbii
1397 4488 1563 4557 hujus
1609 4498 2044 4557 perscrutemur.

479 4583 622 4652 Ergo
667 4582 901 4636 dicimus
937 4581 1083 4649 quod
1130 4580 1185 4633 in
1219 4581 1302 4634 his
1338 4595 1459 4648 qua:
1507 4579 1652 4632 hunc
1697 4578 1876 4632 locum
1910 4594 2051 4648 prae-

477 4674 684 4728 cedunt
722 4672 905 4726 verbis
951 4686 1074 4725 cum
1132 4671 1361 4725 dixisset
1390 4675 1740 4739 ,sapientiam
1793 4678 1893 4730 sibi
1948 4673 2052 4724 d0-

479 4788 629 4828 miim
666 4768 960 4838 aedificasse
1002 4763 1066 4822 “,
1104 4763 1290 4815 carnis
1334 4761 1547 4815 Domini
1581 4763 2048 4815 constructionem

480 4874 576 4926 per
611 4859 755 4910 hunc
777 4870 1084 4908 sermonem
1126 4854 1357 4909 obscure
1399 4853 1642 4917 indicat;
1676 4868 1783 4905 non
1808 4855 1953 4907 enim
1990 4853 2044 4905 iu

478 4950 663 5002 alieno
707 4946 987 5000 domicilio
1014 4960 1139 4998 vera
1177 4944 1445 5013 sapientia
1480 4944 1761 5008 habitavit,
1797 4944 1892 4997 sed
1940 4944 2047 4997 sibi

478 5038 820 5093 domicilium
874 5053 941 5091 ex
990 5036 1240 5103 virginali
1290 5050 1522 5103 corpore
1581 5035 1895 5089 aediﬁcavit.
1950 5034 2050 5089 Hic

477 5140 663 5186 autem
695 5130 839 5201 quod
870 5145 937 5183 ex
977 5128 1246 5182 ambobus
1295 5129 1507 5181 unitum
1542 5136 1647 5191 est,
1678 5125 1853 5183 Verbo
1890 5129 2049 5181 attri-

482 5227 621 5289 buit,
656 5240 723 5279 ex
747 5225 909 5278 demo
937 5224 1059 5277 dico
1085 5230 1138 5276 et
1182 5221 1447 5289 sapientia
1477 5236 1599 5289 qua:
1627 5220 1849 5273 domum
1884 5221 2054 5273 azdiii-

481 5318 646 5382 cavit,
680 5315 732 5370 id
779 5322 885 5381 est,
932 5331 996 5369 ex
1028 5313 1364 5367 humanitate
1398 5321 1600 5365 etcum
1646 5311 1866 5366 homine
1906 5320 2051 5366 .tem-

481 5414 670 5474 perata
701 5405 816 5459 sive
852 5404 1142 5472 conjuncta
1181 5401 1401 5463 deitate,
1435 5401 1630 5454 horum
1670 5402 1889 5471 utrique
1920 5418 2051 5456 con-

478 5512 646 5566 gruas
692 5506 744 5550 et
795 5495 1188 5550 convenientes
1226 5509 1391 5547 voces
1447 5494 1848 5557 accommodat,
1892 5505 1949 5549 ut
1994 5497 2048 5549 in

478 5587 790 5659 Evangeliis
833 5588 948 5641 ﬁeri
982 5586 1167 5642 videre
1197 5586 1346 5651 licet,
1381 5586 1437 5639 in
1473 5585 1676 5655 quibus
1718 5601 1920 5653 sermo,
1956 5589 2047 5656 qui

1046 5780 1091 5812 ¹⁰
1128 5776 1264 5834 ibid.

547 5779 574 5816 ’
598 5777 729 5851 Sap.
758 5777 966 5848 “1,31.
1046 5780 1091 5812 ¹⁰
1128 5776 1264 5834 ibid.
1343 5778 1385 5809 “
1410 5774 1571 5832 Prov.
1607 5794 1681 5841 ix,
1720 5777 1773 5833 i.

2141 3220 2257 3273 πῶν
2288 3220 2636 3289 χαρισμάτων
2665 3218 2757 3271 τοῦ
2790 3218 3102 3287 Πνεύματος
3128 3218 3541 3289 παραγίνεσθαι,
3574 3216 3707 3271 ἀλλὰ

2142 3309 2246 3380 χρὴ
2278 3310 2495 3371 πάντως
2533 3308 2893 3361 συνεισελθεῖν
2917 3309 3089 3379 ταύτῃ
3135 3312 3226 3362 καὶ
3261 3310 3359 3378 τῆς
3389 3308 3720 3379 προφητείας

2142 3402 2238 3471 τὴν
2273 3402 2450 3471 χάριν.
2484 3400 2545 3452 Εἰ
2577 3401 2684 3469 γὰρ
2717 3400 2846 3452 ἴδιον
2879 3402 3069 3470 σοφίας
3097 3401 3261 3462 ἐστὶν,
3298 3403 3330 3469 ἡ
3359 3401 3455 3471 τῆς
3484 3401 3589 3452 τῶν
3614 3400 3714 3451 δν-

2143 3511 2250 3545 των
2275 3492 2525 3563 ἀληθείας
2551 3492 2872 3562 κατάληψις,
2904 3492 3205 3562 προφητεία
3231 3491 3285 3543 δὲ
3315 3492 3413 3561 τὴν
3441 3491 3548 3543 τῶν
3585 3489 3714 3561 μελ-

2144 3585 2338 3637 λόντων
2370 3585 2611 3653 περιέχει
2647 3584 2963 3653 σαφήνειαν,
2996 3582 3093 3634 ούκ
3123 3582 3188 3635 ἂν
3230 3583 3286 3633 ὲν
3311 3580 3389 3651 τῷ
3427 3582 3614 3650 τελείῳ
3637 3597 3721 3643 τις

2144 3677 2242 3744 τῆς
2286 3674 2479 3743 σοφίας
2524 3676 2606 3744 εἴη
2641 3674 2957 3744 χαρίσματι,
2993 3674 3065 3743 μὴ
3110 3672 3199 3725 διὰ
3238 3675 3335 3743 τῆς
3380 3672 3723 3744 προφητικῆς

2147 3769 2479 3838 συνεργείας,
2514 3766 2935 3838 συμπεριλαϐών
2968 3769 3032 3837 τῇ
3082 3764 3279 3833 γνώσει
3312 3764 3403 3817 καὶ
3428 3763 3488 3815 τὸ
3529 3763 3718 3833 ἐσόμε-

2147 3877 2253 3911 νον.
2305 3860 2455 3911 Ἐπεὶ
2500 3854 2591 3912 οῦν
2624 3859 2723 3910 οὑκ
2758 3857 3105 3928 ἀνθρωπίνην
3146 3856 3267 3909 τινά
3311 3855 3498 3923 σοφίαν
3545 3852 3722 3923 ἐαυτῷ

2148 3952 2557 4021 προσμαρτυρεῖ
2587 3949 2855 4019 Σολομὼν,
2889 3951 2916 4001 ὁ
2950 3947 3141 4010 εἰπὼν,
3173 3948 3253 4000 ὅτι
3291 3949 3354 3999 '0
3395 3944 3539 4011 Θεὸς
3567 3944 3724 3998 δεδί-

2147 4041 2292 4110 δαχέ
2330 4059 2403 4107 με
2428 4042 2669 4108 σοφίαν,
2704 4041 2797 4091 καὶ
2838 4041 3018 4093 πάντα
3055 4038 3146 4091 τὸν
3188 4040 3317 4108 παρ’
3343 4036 3535 4089 ἑαυτοῦ
3567 4036 3723 4103 λόγον

2151 4131 2424 4195 ἀνατιθεὶς
2475 4132 2549 4201 τῷ
2575 4131 2712 4199 Θεῷ,
2742 4132 2799 4182 ὲν
2846 4125 2926 4192 οἷς
2956 4147 3139 4199 φησιν,
3188 4130 3268 4181 ὅτι
3300 4132 3363 4181 Οἱ
3396 4129 3521 4197 ἐμοὶ
3556 4128 3723 4195 λόγοι

2148 4226 2410 4292 εἴρηνται
2423 4223 2540 4276 ἀπὸ
2560 4221 2728 4286 Θεοῦ,
2743 4222 2918 4283 καλῶς
2936 4221 2998 4274 ἂν
3026 4222 3135 4291 ἔχοι
3156 4223 3253 4291 τὴν
3277 4218 3723 4290 ἀναμεμιγμένην

2149 4320 2214 4387 τῇ
2249 4316 2408 4386 σοφίᾳ
2434 4314 2767 4385 προφητείαν
2808 4315 2864 4365 ἐν
2895 4313 2971 4383 τῷ
3004 4314 3157 4384 μέρει
3194 4313 3369 4382 τούτῳ
3399 4313 3497 4381 τῆς
3532 4327 3723 4381 παροι-

2080 4447 2125 4505 D
2156 4408 2282 4476 μίας
2315 4406 2781 4477 διερευνήσασθαι.
2817 4408 2999 4478 Φαμὲν
3041 4407 3219 4459 τοίνυν
3253 4406 3333 4458 ὅτι
3381 4409 3439 4458 ὲν
3487 4405 3583 4475 μὲν
3615 4406 3723 4466 τοῖς

2156 4496 2261 4563 πρὸ
2293 4495 2479 4547 τούτου
2503 4495 2678 4562 λόγοις
2705 4496 2890 4561 εἰπὼν,
2913 4496 3023 4563 τὴν
3046 4496 3269 4564 σοφίαν
3303 4495 3486 4563 ἑαυτῇ
3512 4495 3727 4560 ᾠκοδο-

2150 4584 2404 4652 μηκέναι
2424 4580 2725 4649 τὸνοῖκον,
2750 4584 2845 4654 τὴν
2864 4586 2960 4653 τῆς
2981 4585 3179 4655 σαρκὸς
3208 4584 3298 4637 τοῦ
3325 4585 3528 4655 Κυρίου
3559 4602 3726 4638 κατα-

2157 4676 2356 4745 σκευὴν
2390 4675 2477 4728 διὰ
2516 4675 2608 4727 τοῦ
2632 4676 2788 4739 λόγου
2828 4677 3220 4729 αίνίσσεταισού
3257 4677 3364 4747 γάρ
3385 4680 3441 4729 ἐν
3464 4676 3724 4746 ἀλλοτρίῳ

2156 4766 2540 4837 οἰκοδομήματι
2564 4768 2595 4835 ή
2625 4765 2852 4836 ἀληθινὴ
2878 4768 3037 4834 σοφία
3060 4767 3393 4838 κατῴκησεν,
3419 4767 3532 4819 ἀλλ’
3556 4768 3719 4837 ἑαυτῇ

2156 4859 2217 4912 τὸ
2239 4859 2546 4927 οίκητήριον
2573 4860 2636 4909 ὲκ
2671 4856 2765 4909 τοῦ
2793 4856 3119 4927 παρθενικοῦ
3166 4858 3413 4927 σώματος
3450 4855 3725 4927 ᾠκοδομή-

2156 4967 2303 5003 σατο.
2347 4949 2607 5002 Ἐνταῦθα
2639 4948 2694 5001 δὲ
2726 4949 2785 5001 τὸ
2830 4949 3023 5001 ὲνωθὲν
3055 4950 3112 5015 ἐξ
3138 4948 3461 5019 ἀμφοτέρων
3476 4946 3555 5016 τῷ
3570 4949 3725 5017 Λόγῳ

2155 5042 2497 5113 προστίθησι,
2545 5042 2638 5095 τοῦ
2675 5059 2736 5094 τε
2768 5043 2915 5095 οτκου
2949 5042 3090 5111 λέγω
3134 5044 3227 5096 καὶ
3268 5042 3365 5111 τῆς
3404 5042 3593 5109 σοφίας
3625 5040 3724 5109 τῆς

2153 5134 2584 5206 οίκοδομησάσης
2624 5134 2714 5187 τὸν
2747 5130 2914 5199 οἷκον,
2948 5136 3093 5187 τοῦτ’
3128 5134 3293 5196 ἐστιν,
3330 5134 3392 5187 ἐκ
3423 5151 3480 5186 τε
3511 5132 3603 5185 τοῦ
3634 5134 3727 5185 ἁν-

2155 5226 2423 5297 θρωπίνου
2449 5227 2541 5279 καὶ
2565 5228 2628 5279 ὲκ
2651 5227 2749 5297 τῆς
2778 5226 3174 5297 ἀνακραθείσης
3194 5225 3273 5295 τῷ
3310 5223 3581 5295 ἀνθρώπῳ
3608 5223 3726 5275 θεό-

2153 5336 2334 5388 τητος,
2381 5318 2623 5388 ἐκατέρῳ
2660 5318 2717 5369 δὲ
2754 5316 2957 5371 τούτων
2988 5318 3288 5387 ἐφαρμόζει
3320 5317 3417 5379 τὰς
3459 5315 3730 5383 καταλλή-

2154 5409 2279 5472 λους
2308 5427 2366 5462 τε
2391 5411 2483 5462 καὶ
2513 5408 2826 5479 πρεπούσας
2848 5410 3049 5478 φωνὰς.
3083 5409 3264 5473 καθὼς
3301 5409 3446 5461 ἔστιν
3480 5408 3605 5460 ἰδεῖν
3635 5408 3727 5458 καὶ

2157 5504 2214 5553 ὲν
2251 5503 2362 5564 τοῖς
2409 5500 2758 5569 Εὑαγγελίοις
2790 5500 3092 5570 γινόμενον,
3123 5502 3179 5552 έν
3209 5494 3289 5562 οἷς
3318 5500 3346 5551 ὁ
3387 5498 3542 5566 λόγος
3590 5495 3729 5547 κατὰ

2156 5590 2216 5643 τὸ
2242 5591 2547 5662 πρόσφορον
2581 5590 2659 5662 τῷ
2701 5592 3043 5663 ὑποκειμένῳ
3072 5590 3466 5661 διεξαγόμενος,
3509 5586 3597 5641 διὰ
3630 5586 3729 5655 μὲν
