4138 6364
405 387 502 442 581

1519 384 1797 442 CONTRA
1835 384 2212 450 EUNOMIUM,
2267 385 2376 440 LIB
2428 387 2514 442 Ill.

3546 389 3648 447 583

406 497 506 567 τῆς
534 494 872 566 ὑψηλοτέρας
891 512 949 548 τε
970 497 1064 549 καὶ
1089 494 1426 567 θεοπρεποῦς
1453 497 1726 568 σημασίας
1754 498 1814 553 τὸ
1840 498 1967 553 θεῖοι

2088 513 2188 570 pro
2223 501 2303 556 rei
2351 500 2611 568 subjectae
2661 501 2953 556 commodo
2983 501 3295 570 deducitur,
3339 519 3436 574 per
3473 506 3642 561 excel-

407 589 742 641 ἐνδείκνυται
767 605 780 618 ·
807 587 896 640 διὰ.
917 588 973 642 δὲ
993 589 1092 659 τῆς
1119 589 1454 661 χαμαιζήλου
1493 607 1552 642 τε
1582 589 1675 643 καὶ
1697 591 1977 662 ταπεινῆς,

405 681 468 733 τὸ
516 679 874 751 ἀνθρώπινον.
901 680 1087 744 Οὕτως
1136 681 1285 734 ἔστιν
1335 682 1459 735 ἰδεῖν
1506 684 1599 736 καὶ
1630 685 1688 736 ὲν
1717 683 1795 755 τῷ
1823 684 1982 754 μέρει

406 771 582 842 τούτῳ
623 771 974 842 προφητικῶς
1017 773 1108 824 τὸν
1141 761 1462 843 Σολοῖιῶντα
1507 773 1839 844 κινούμενον,
1886 773 1980 828 καὶ

407 863 527 914 ὅλον
585 861 1002 933 παραδεδωκότα
1053 863 1111 916 τὸ
1156 864 1252 934 τῆς
1303 864 1610 934 οἰκονομίας
1661 867 1974 937 μυστήριον.

405 955 568 1021 Λέγει
595 954 702 1023 γὰρ
750 955 1014 1024 πρότερον
1047 955 1144 1025 μὲν
1175 954 1273 1024 τὴν
1301 955 1622 1025 προαιώνιον
1652 957 1748 1028 τῆς
1791 957 1978 1024 σοφίας

406 1046 632 1116 δύναμιν
654 1047 746 1098 καὶ
779 1047 1077 1115 ἐνέργειαν,
1104 1049 1159 1099 ὲν
1181 1041 1262 1110 οἷς
1285 1047 1361 1118 τῷ
1389 1049 1756 1118 Εὐαγγελιστῇ
1779 1051 1979 1121 τρόπον

405 1138 529 1190 τινὰ
546 1143 638 1190 καὶ
663 1138 748 1190 ἐπ’
771 1138 949 1190 αὐτῶν
967 1137 1074 1189 τῶν
1099 1138 1357 1208 ῥημάτων
1380 1138 1732 1209 συμφέρεται.
1764 1141 1848 1202 Ὠς
1871 1140 1978 1212 γάρ

405 1229 611 1288 ἐκεῖνος
641 1230 708 1296 τῇ
762 1226 1122 1296 περιληπτικῇ
1160 1229 1308 1296 φωνῇ
1353 1225 1566 1279 πάντων
1603 1227 1764 1280 αὐτὸν
1807 1230 1977 1280 αἴτιον

405 1318 498 1370 καὶ
531 1315 860 1387 δημιουργὸν
903 1314 1254 1386 ἀνεκήρυξεν,
1296 1316 1466 1380 οὕτως
1493 1318 1521 1367 6
1565 1316 1815 1386 Σολομὼν
1848 1319 1975 1387 παρ’

405 1407 566 1461 αὐτοῦ
591 1406 918 1476 γεγενῆσθαι
947 1407 1014 1460 τὰ
1041 1407 1351 1460 καθέκαστα
1378 1407 1524 1475 λέγει
1547 1407 1616 1460 τὰ
1641 1410 1696 1460 ἐν
1719 1407 1796 1478 τῷ
1818 1409 1976 1461 παντὶ

404 1497 798 1569 ἀριθμούμενα.
829 1498 964 1568 Φησὶ⁸
983 1497 1108 1566 γὰρ,
1128 1499 1208 1551 ὅτι
1239 1502 1272 1552 ὀ
1295 1499 1436 1565 Θεὸς
1452 1500 1520 1551 ἐν
1545 1498 1621 1566 τῇ
1651 1501 1976 1568 0055191608-

397 1593 659 1662 μελίωσε
681 1591 796 1659 τὴν
818 1591 952 1662 γῆν,
977 1593 1265 1661 ἡτοίμασε
1285 1593 1352 1646 δὲ
1373 1595 1974 1664 οὐρανοὺςένεερονή-

403 1701 520 1746 σει,
543 1684 637 1736 καὶ
661 1685 760 1736 ὅσα
792 1683 1000 1746 τούτοις
1024 1684 1162 1737 κατά
1177 1684 1238 1737 τὸ
1260 1684 1547 1738 ἁκᾶλουθον
1566 1687 1753 1740 ἕπεται
1771 1688 1867 1758 τῆς
1887 1690 1974 1741 αύ-

399 1773 500 1842 τῆς
523 1775 757 1844 ἐχόμενα
783 1772 1035 1837 διανοίας.
1057 1776 1163 1828 Καὶ
1179 1775 1252 1838 ὡς
1271 1775 1336 1828 ἂν
1356 1776 1428 1846 μὴ
1453 1777 1632 1848 δοκοίη
1655 1778 1749 1849 τὴν
1769 1779 1973 1850 δωρεὰν

2083 592 2282 647 siorem
2317 591 2538 663 Deoque
2589 593 2846 648 decoram
2900 594 3323 665 signiﬁcantiam
3365 597 3509 667 quod
3562 597 3644 651 di-

2081 683 2269 736 vinum
2315 691 2400 737 est
2448 685 2711 751 ostendit,
2744 699 2842 754 per
2889 683 3146 740 humilem
3190 701 3321 740 vero
3368 699 3423 740 et
3452 686 3653 742 demis-

2081 789 2220 838 sam,
2257 775 2401 844 quod
2436 784 2520 829 est
2568 775 2911 830 humanum:
2945 777 3026 832 sic
3065 777 3230 831 etiam
3273 778 3328 831 in
3365 778 3467 832 hac
3493 787 3653 848 parte

2080 865 2206 921 licet
2243 868 2556 937 perspicere
2583 866 2932 923 Solomonem
2966 871 3287 940 prophetice
3313 881 3647 925 commotum

2082 966 2254 1012 totum
2286 958 2576 1013 tradidisse
2605 961 2926 1015 meonomize
2955 962 3069 1015 sive
3107 962 3502 1017 incarnationis
3533 979 3652 1034 my-

2079 1050 2328 1105 sterium.
2362 1051 2503 1105 Dicit
2544 1052 2689 1106 enim
2741 1054 3022 1124 sapientia:
3055 1054 3308 1108 virtutem
3357 1063 3409 1108 ct
3455 1070 3650 1124 opera-

2077 1141 2280 1195 tionem
2309 1141 2477 1196 fuisse
2509 1151 2634 1196 ante
2667 1143 2887 1205 saecula,
2922 1143 2978 1196 in
3005 1143 3202 1212 quibus
3223 1144 3458 1212 quodam
3484 1144 3649 1199 modo

2082 1231 2438 1303 Evangelistae
2459 1234 2516 1286 in
2562 1234 2699 1304 ipsis
2734 1233 2915 1288 verbis
2949 1236 3246 1290 consentit.
3283 1235 3357 1289 Ut
3384 1239 3530 1294 enim
3555 1237 3648 1292 ille

2077 1324 2375 1378 universali
2417 1326 2532 1380 sive
2574 1327 3029 1396 comprehensiva
3065 1329 3301 1397 quadam
3332 1344 3486 1392 voce,
3527 1346 3646 1384 om-

2075 1416 2224 1468 nium)
2261 1417 2437 1485 ipsum
2490 1426 2772 1472 auctorem
2803 1426 2857 1472 et
2897 1419 3236 1474 conditorem
3278 1422 3594 1488 praedicavit
3627 1441 3640 1477 :

2077 1506 2157 1560 sic
2191 1507 2450 1560 Solomon
2489 1507 2559 1561 ab
2603 1510 2724 1578 ipso
2762 1520 3045 1578 procreata
3093 1527 3216 1566 esse
3251 1513 3383 1566 dicit
3430 1516 3644 1584 singula

2074 1613 2194 1665 qua:
2227 1598 2280 1650 in
2333 1601 2591 1653 universo
2627 1609 3037 1654 enumerantur.
3072 1602 3252 1671 lnquit
3297 1606 3465 1666 enim,
3488 1604 3636 1670 quod

2076 1686 2219 1742 Deus
2259 1691 2532 1757 sapientia.
2565 1698 2760 1744 terram
2791 1692 3070 1760 fundavit;
3115 1695 3433 1762 praeparavit
3467 1703 3642 1748 autem

2074 1779 2232 1834 caelos
2273 1782 2325 1834 in
2362 1782 2663 1849 prudentia,
2695 1791 2748 1838 et
2776 1800 3113 1854 quaecunque
3156 1795 3462 1856 sequuntur
3499 1803 3643 1841 eam-

399 1867 498 1936 τῆς
531 1868 590 1919 ἐν
637 1867 944 1940 ἀνθρώποις
986 1868 1183 1937 ἀρετῆς
1212 1870 1472 1939 περιορᾷν
1521 1870 1929 1939 ἀμνημόνευτον
1952 1890 1964 1902 ·

2072 1869 2193 1925 dem
2248 1872 2500 1926 habentia
2553 1876 2874 1929 sententiam
2902 1877 2990 1929 η’.
3013 1877 3189 1946 Atque
3240 1893 3309 1930 ne
3359 1877 3642 1932 videretur

401 1958 562 2010 πάλιν
591 1960 654 2011 ἐκ
689 1959 978 2030 προσώπου
1017 1960 1116 2029 τῆς
1153 1960 1349 2029 Σοφίας
1385 1961 1620 2028 διέξεισι,
1666 1962 1858 2033 λέγων,
1893 1961 1966 2019 ὧν

401 2049 582 2120 μικρῷ
611 2051 843 2121 πρόσθεν
889 2051 1390 2123 ἐμνημονεύσαμεν,
1418 2050 1501 2119 τὸ,
1522 2057 1967 2123 Κατεσκήνωσα

389 2140 638 2208 ,ϐουλὴν
659 2143 1002 2212 καὶ-γνῶσιν
1022 2144 1120 2196 καί
1145 2144 1387 2198 ἔννοιαν
1405 2163 1418 2176 ·
1438 2147 1537 2200 καί
1563 2148 1678 2202 ὅσα
1710 2149 1818 2217 τῆς
1839 2167 1967 2202 νοε-

388 2230 504 2299 ρᾶς
541 2249 606 2284 τε
637 2233 733 2286 καὶ
757 2233 1221 2304 ἐπιστημονικῆς
1245 2236 1639 2302 διδασκαλίας
1669 2239 1821 2294 ἐστι’.

467 2491 510 2542 Τ
516 2491 652 2544 αῦτα
687 2493 779 2545 καὶ
807 2492 874 2544 τὰ
902 2493 1121 2548 τοιαῦτα
1147 2495 1448 2560 διεξελθὼν,
1476 2499 1669 2568 ἐπάγει
1701 2502 1795 2553 καὶ
1843 2504 1966 2572 περί

341 2641 347 2646 _
391 2581 491 2648 τῆς
517 2580 658 2633 κατά
684 2581 772 2633 τὸν
812 2581 1093 2652 ἄνθρωπον
1129 2585 1435 2654 οἰκονομίας
1483 2572 1848 2649 διδασκαλίαν,
1878 2588 1966 2642 διὰ

393 2673 446 2726 τί
488 2672 642 2740 σὰρξ
668 2677 701 2727 ὁ
734 2675 923 2742 Λόγος
951 2674 1206 2742 ἐγένετο.
1239 2676 1476 2744 Φανεροῦ
1513 2677 1621 2748 γὰρ
1647 2679 1845 2732 ἅπασιν
1875 2681 1964 2733 ὅν-

393 2780 506 2824 τος,
534 2766 615 2817 ὅτι
645 2764 795 2818 οὐδὲν
845 2767 901 2818 ὲν
935 2767 1109 2836 ἐαυτῷ
1143 2768 1354 2820 κτιστὺν
1387 2768 1417 2838 ἢ
1463 2770 1779 2822 ἐπείσακτον
1815 2772 1843 2823 ὁ
1873 2773 1964 2823 ἐπὶ

393 2851 610 2905 πάντων
638 2853 749 2923 ἔχει
776 2853 926 2917 Θεὸς,
951 2855 1011 2906 ού
1037 2855 1279 2924 δύναμιν,
1307 2857 1367 2907 ού
1405 2855 1615 2922 σοφίαν,
1645 2858 1704 2908 ού
1740 2857 1873 2924 φῶς,
1901 2859 1960 2910 ού

391 2945 570 3011 λόγον,
602 2947 660 2997 ού
696 2945 860 3016 ζωὴν,
897 2947 994 2998 οὐκ
1033 2946 1307 3016 ἀλήθειαν,
1357 2947 1476 3000 οὐδὲ
1508 2948 1643 3010 ὅλως
1671 2967 1720 3001 τι
1761 2950 1868 3001 τῶν
1905 2952 1963 3002 ὲν

392 3034 469 3104 τῷ
495 3034 818 3105 πληρώματι
841 3035 935 3087 τοῦ
961 3035 1104 3088 θείου
1132 3037 1326 3089 κόλπου
1359 3037 1771 3108 θεωρουμένων,
1822 3040 1963 3112 ἆπερ

391 3128 568 3180 πάντα
604 3127 769 3185 ἐστὶν,
809 3129 837 3179 6
870 3129 1160 3198 μονογενὴς
1196 3128 1346 3192 Θεὸς,
1381 3130 1440 3182 '0
1466 3127 1549 3182 ὢν
1573 3130 1642 3182 ἐν
1670 3131 1793 3197 τοῖς
1817 3132 1961 3185 κόλ-

393 3233 528 3282 ποις
554 3217 657 3271 τοῦ
699 3219 948 3284 Πατρός.
987 3220 1086 3272 οὐκ
1114 3220 1176 3274 ἄν
1212 3237 1316 3272 τινι
1347 3219 1455 3273 τῶν
1487 3223 1542 3272 ὲν
1577 3224 1654 3291 τῷ
1684 3223 1801 3293 Θεῷ
1839 3225 1964 3277 θεω-
1990 3207 2032 3264 C

396 3308 694 3379 ρουμένων,
753 3309 988 3375 εὐλόγως
1046 3310 1417 3380 ἐφαρμοσθείη
1471 3312 1532 3364 τὸ
1584 3313 1682 3382 τῆς
1733 3315 1963 3377 κτίσεως

391 3401 579 3468 ὄνομα.
614 3399 775 3452 Ὥστε
817 3403 987 3453 εἰπεῖν
1016 3400 1107 3453 τὸν
1132 3403 1188 3454 ὲν
1221 3402 1298 3472 τῷ
1327 3403 1501 3472 Πατρὶ
1543 3404 1689 3466 Υἰὸν,
1721 3404 1753 3475 ἢ
1785 3407 1875 3458 τὸν
1905 3409 1960 3459 ὲν

389 3492 456 3559 τῇ
486 3492 622 3562 ἀρχῇ
658 3491 848 3559 Λόγον,
882 3492 914 3562 ἢ
947 3492 1006 3544 τὸ
1034 3492 1090 3545 ἐν
1119 3492 1196 3564 τῷ
1230 3494 1367 3562 φωτί
1414 3495 1548 3562 φῶς,
1593 3497 1624 3566 ἢ
1661 3496 1758 3561 τὴν
1796 3500 1852 3551 ἐν
1891 3501 1957 3570 τῇ

392 3582 504 3654 ζωῇ
531 3583 694 3654 ζωὴν,
723 3585 754 3655 ἢ
787 3583 884 3655 τὴν
914 3587 970 3638 ἐν
993 3587 1058 3655 τῇ
1093 3587 1252 3656 σοφίᾳ
1279 3587 1489 3656 σοφίαν,
1520 3589 1602 3642 ὃτι
1631 3591 1844 3658 Κύριος
1867 3592 1962 3645 ἕκ-

390 3676 523 3727 τισέ
551 3693 646 3743 με.
680 3677 741 3728 Εἰ
781 3677 887 3747 γὰρ
926 3677 1116 3749 κτιστὴ
1150 3678 1242 3730 τοῦ
1277 3678 1410 3732 Θεοῦ
1447 3683 1479 3750 ἡ
1517 3682 1694 3750 σοφία,
1730 3683 1964 3754 Χριστὸς

389 3766 448 3819 δὲ
476 3767 609 3820 Θεοῦ
632 3767 858 3838 δύναμις
888 3770 982 3822 καὶ
1007 3770 1141 3822 Θεοῦ
1174 3771 1352 3840 σοφία,
1394 3773 1713 3828 ἐπείσακτον
1750 3777 1963 3840 πάντως

391 3858 546 3927 ἔσχεν
562 3861 589 3910 ὁ
609 3858 739 3921 Θεὸς
760 3861 856 3930 τὴν
875 3861 1086 3930 σοφίαν,
1115 3861 1337 3933 ὕστερον
1355 3866 1418 3916 ἐκ
1439 3869 1779 3938 κατασκευῆς
1798 3886 1963 3938 προσ-

391 3947 591 4011 λαϐὼν,
619 3949 646 4001 δ
679 3949 750 4021 μὴ
779 3951 927 4021 παρὰ
955 3953 1053 4022 τὴν
1075 3945 1295 4025 πρώτην
1323 3953 1486 4026 εἶχεν.
1528 3958 1687 4012 Ἀλλά
1717 3960 1822 4031 μὴν
1843 3963 1871 4014 6
1902 3965 1959 4014 ὲν

390 4040 501 4100 τοῖς
537 4037 757 4102 κόλποις
789 4039 864 4093 ὢν
905 4040 997 4094 τοῦ
1027 4043 1260 4112 Πατρὺς,
1288 4045 1539 4099 οὐδέποτε
1578 4048 1730 4100 κενὸν
1765 4049 1956 4103 ἑαυτοῦ

389 4128 575 4181 δίδωσι
599 4133 738 4182 νοεῖν
766 4132 856 4183 τὸν
882 4134 1132 4205 πατρῷον
1161 4137 1376 4199 κόλπον,
1411 4139 1517 4209 ἄρα
1537 4140 1598 4191 οὐ
1629 4139 1736 4192 τῶν
1762 4141 1958 4208 ἔξωθεν

391 4219 841 4289 ἐγγεγενημένων
894 4223 1010 4275 ἐστὶ
1062 4225 1264 4296 κόλπῳ.
1316 4227 1473 4280 Ἀλλά
1522 4229 1723 4293 παντὸς
1755 4231 1959 4299 ἀγαθοῦ

391 4311 665 4382 πλήρωμα
689 4312 783 4376 ὢν,
814 4315 1030 4377 πάντως
1059 4318 1116 4368 ἐν
1141 4316 1217 4387 τῷ
1245 4319 1419 4391 Πατρὶ
1449 4322 1648 4373 νοεῖται
1682 4324 1710 4374 6
1741 4324 1797 4374 ὲν
1819 4324 1958 4395 ἀρχῇ

390 4399 488 4464 ὢν,
519 4403 620 4455 ούκ
640 4403 922 4473 ἀναμένων
962 4406 1022 4458 τὸ
1049 4407 1136 4460 διὰ
1167 4410 1393 4474 κτίσεως
1425 4413 1482 4464 ὲν
1516 4412 1663 4482 αὐτῷ
1688 4415 1958 4481 γενέσθαι,

389 4492 466 4555 ὡς
491 4492 559 4546 ἂν
595 4495 803 4564 μήποτε
836 4496 990 4560 κενὸς
1027 4499 1246 4566 ἀγαθῶν
1269 4502 1296 4553 6
1325 4501 1513 4574 Πατὴρ
1537 4505 1776 4576 νοηθείη.
1823 4506 1959 4558 Ἀλλ’

389 4581 418 4634 6
447 4584 504 4635 ὲν
535 4586 601 4653 τῇ
631 4584 890 4654 ἀϊδιότητι
919 4587 1019 4656 τῆς
1074 4591 1342 4660 πατρικῆς
1369 4591 1618 4663 θεότητος
1652 4590 1789 4648 εἷναι
1812 4595 1962 4648 νοού-

393 4695 572 4749 μενος,
621 4681 708 4732 ἀεὶ
745 4682 802 4733 ὲν
832 4682 979 4753 αὐτῷ
1024 4683 1139 4736 ἐστι
1161 4701 1173 4713 ·
1217 4683 1443 4756 δύναμις
1469 4687 1543 4740 ὣν
1577 4691 1671 4741 καὶ
1704 4689 1835 4760 ζωὴ,
1868 4691 1961 4742 καὶ

389 4771 635 4841 ἀλήθεια,
666 4773 758 4825 καὶ
789 4773 904 4842 φῶς
932 4775 1026 4827 καὶ
1057 4777 1235 4843 σοφία,
1269 4778 1364 4831 καὶ
1387 4781 1454 4832 τά
1485 4781 1723 4836 τοιαῦτα.
1753 4783 1960 4837 Οὐκοῦν

388 4861 487 4912 ούκ
519 4865 583 4914 ὲκ
609 4862 703 4914 τοῦ
734 4862 876 4915 θείου
922 4882 981 4916 τε
1010 4865 1104 4918 καὶ
1152 4867 1427 4938 ἀκηράτου
1475 4871 1620 4923 ἐστὶν
1647 4875 1679 4942 ἡ
1718 4875 1960 4927 Ἔκτισέ

382 4969 460 5020 με
495 4953 665 5023 φωνὴ,
707 4954 839 5008 ἀλλά
867 4955 1046 5020 καθὼς
1083 4956 1316 5028 εἴρηται,
1347 4961 1411 5014 ὲκ
1433 4962 1526 5014 τοῦ
1559 4964 1958 5034 ἀνακραθέντος

390 5045 510 5094 κατ’
547 5046 856 5115 οἰκονομίαν
887 5046 992 5100 ἀπὸ
1022 5047 1121 5116 τῆς
1151 5050 1374 5118 κτιστῆς
1396 5052 1550 5121 ἡμῶν
1578 5055 1811 5122 φύσεως.

1989 4543 2038 4600 D

2072 1964 2275 2018 donum
2308 1966 2527 2021 virtutis
2559 1982 2680 2035 quae
2706 1976 2787 2021 est
2819 1968 2872 2020 in
2911 1967 3226 2024 hominibus
3254 1969 3474 2024 silentio
3503 1985 3643 2039 prat—

2074 2057 2292 2109 teritum
2346 2057 2674 2125 despicere:
2709 2073 2904 2112 rursus
2949 2074 3014 2114 ex
3057 2073 3291 2128 persona
3336 2061 3638 2130 Sapientiae

2074 2148 2267 2216 pergit,
2315 2147 2504 2203 dicens
2568 2163 2631 2203 ea
2665 2164 2787 2218 quae
2818 2151 2982 2219 paulo
3016 2158 3142 2206 ante
3185 2152 3641 2206 commemoravi-

2071 2253 2194 2292 mus
2234 2256 2246 2289 :
2311 2237 2696 2294 Contubernale
2744 2242 2903 2296 habui
2969 2244 3245 2297 consilium
3292 2253 3340 2297 et
3382 2245 3640 2314 cognitio-

2071 2344 2185 2380 nem
2213 2339 2262 2382 et
2302 2330 2702 2400 intelligentiam
2726 2349 2746 2396 ;
2789 2342 2839 2386 et
2881 2350 3200 2405 quwcunque
3229 2336 3564 2406 intelligentia
3587 2345 3639 2391 et

2070 2420 2341 2473 scientiam
2370 2422 2626 2491 gignentia
2653 2433 2773 2477 sunt
2800 2423 3075 2479 doctrinm.

2142 2510 2266 2564 llarc
2303 2522 2357 2565 et
2408 2529 2529 2580 quae
2573 2526 2701 2567 sunt
2751 2516 3064 2582 hujusmodi
3109 2528 3461 2586 persecutus,
3504 2522 3639 2575 sub-

2069 2602 2247 2673 iungit
2277 2603 2580 2658 doctrinam
2609 2622 2731 2675 qua:
2758 2616 2842 2662 est
2872 2611 2938 2662 de
2981 2610 3395 2679 dispensatione
3437 2629 3638 2668 secun—

2068 2693 2198 2747 dum
2230 2696 2522 2759 hominem,
2556 2698 2606 2751 id
2636 2707 2740 2765 est,
2767 2701 2834 2754 de
2858 2698 3022 2755 Verbi
3051 2702 3446 2771 incarnatione,
3473 2721 3638 2776 quam

2069 2787 2140 2841 ob
2170 2803 2392 2842 causam
2452 2788 2674 2844 Verbum
2727 2809 2849 2846 caro
2880 2794 3079 2862 factum
3119 2805 3196 2848 est
3237 2797 3299 2853 ¹³.
3346 2796 3479 2851 Nam
3515 2815 3639 2852 cum

2069 2880 2141 2933 sit
2171 2883 2516 2950 perspicuum
2547 2885 2803 2939 omnibus
2829 2886 2973 2956 quod
3004 2889 3139 2940 nihil
3177 2889 3230 2941 in
3263 2891 3446 2960 seipso
3481 2907 3640 2945 crea—

2071 2978 2184 3024 tum
2221 2973 2304 3026 vel
2346 2973 2705 3028 advenlitium
2741 2977 2901 3030 habet
2937 2979 3026 3033 ille
3058 2982 3149 3048 qui
3179 2991 3263 3033 est
3297 2983 3348 3035 in
3381 2984 3639 3039 omnibus

2069 3061 2234 3127 Deus,
2283 3081 2390 3118 non
2425 3067 2700 3133 virtutem,
2735 3084 2841 3123 non
2901 3073 3246 3141 sapientiam,
3301 3091 3409 3128 non
3441 3077 3637 3138 lucem,

2072 3168 2179 3206 non
2225 3156 2516 3220 rationem,
2553 3174 2662 3212 non
2714 3161 2902 3224 vitam,
2947 3178 3054 3216 non
3101 3165 3410 3231 veritatem,
3460 3183 3640 3236 neque

2071 3245 2294 3299 omnino
2324 3249 2620 3317 quidquam
2652 3265 2839 3304 eorum
2870 3269 2990 3322 quae
3017 3256 3068 3308 in
3103 3257 3440 3324 plenitudine
3465 3261 3635 3316 divini

2073 3337 2227 3392 sinus
2262 3341 2710 3408 conspiciuntur,
2761 3357 2880 3411 qua:
2919 3346 3138 3412 quidem
3186 3350 3366 3402 omnia
3396 3360 3481 3404 est
3515 3354 3639 3405 uni-

2072 3431 2286 3498 genitus
2322 3431 2486 3495 Deus,
2517 3438 2607 3505 qui
2641 3429 2817 3489 estin
2871 3441 3074 3494 sinibus
3123 3442 3326 3503 Patris,
3363 3446 3494 3499 nulli
3540 3463 3634 3500 eo-

2071 3537 2190 3575 rum
2223 3540 2343 3592 quat
2381 3526 2435 3579 in
2461 3525 2569 3581 Deo
2598 3538 2899 3584 cernuntur
2935 3535 3230 3590 creationis
3259 3553 3454 3591 nomen
3489 3549 3637 3594 recte

2068 3619 2122 3665 et
2166 3614 2557 3670 convenienter
2585 3619 2785 3686 poterit
2820 3622 3080 3690 applicari
3111 3624 3177 3676 ν’.
3217 3623 3291 3677 Ita
3341 3635 3400 3678 ut
3437 3643 3636 3680 conve-

2068 3703 2183 3755 niat
2229 3702 2426 3758 Filimn
2477 3708 2569 3776 qui
2621 3717 2707 3762 est
2758 3712 2813 3764 in
2863 3711 3043 3774 Patre.
3101 3717 3184 3768 vel
3220 3715 3451 3770 Verbum
3488 3721 3634 3788 quod

2064 3800 2182 3846 erat
2223 3792 2276 3845 in
2322 3795 2613 3864 principio,
2645 3799 2726 3852 vel
2777 3800 2832 3852 in
2883 3803 3002 3855 luce
3049 3803 3252 3868 lucem,
3289 3807 3372 3859 vel
3422 3808 3477 3860 in
3519 3812 3632 3862 vita

2064 3883 2252 3945 vitam,
2287 3886 2368 3938 vel
2412 3885 2466 3938 in
2510 3889 2776 3957 sapientia
2823 3893 3144 3960 sapientiam
3191 3895 3400 3962 dicere,
3448 3899 3627 3953 Domi-

2067 3988 2164 4026 nus
2191 3976 2381 4028 creavit
2412 3992 2493 4029 me
2515 3977 2581 4030 “.
2623 3976 2678 4031 Si
2712 3980 2855 4033 enim
2891 3992 3072 4037 creata
3102 3993 3185 4039 est
3222 3986 3312 4041 Dei
3345 3991 3634 4058 sapientia,

2064 4061 2318 4119 Christus
2353 4075 2532 4120 autem
2581 4067 2677 4123 Dei
2720 4071 2895 4128 virtus
2943 4082 2998 4128 et
3046 4077 3338 4145 sapientia,
3384 4083 3634 4137 adventi—

2063 4155 2197 4209 tiam
2244 4157 2489 4225 profecto
2543 4159 2684 4216 Deus
2734 4163 2924 4219 habuit
2963 4169 3308 4236 sapientiam,
3359 4177 3632 4242 posterius

2063 4247 2194 4316 quid
2229 4264 2292 4302 ex
2343 4251 2624 4306 creatione
2665 4255 2916 4324 adeptus,
2949 4260 3093 4328 quod
3137 4277 3245 4314 non
3277 4265 3431 4331 prius
3468 4267 3632 4323 habe-

2063 4337 2176 4393 bat.
2216 4337 2597 4397 Verumtamen
2641 4345 2733 4414 qui
2776 4356 2860 4401 est
2904 4349 2958 4401 in
3002 4351 3213 4423 sinibus
3251 4351 3452 4419 Patris,
3489 4374 3632 4412 nun-

2062 4445 2226 4499 quam
2261 4432 2442 4499 seipso
2472 4449 2701 4489 vacuum
2739 4439 2870 4491 sinit
2904 4440 3206 4511 intelligere
3244 4447 3422 4498 sinum
3455 4457 3635 4516 pater-

2064 4535 2216 4583 num,
2260 4523 2390 4575 nihil
2435 4525 2580 4576 enim
2631 4542 2819 4580 eorum
2865 4546 2986 4598 qua:
3017 4535 3362 4591 extrinsecus
3412 4538 3636 4610 ingene-

2067 4622 2280 4676 rantur,
2315 4623 2399 4668 est
2426 4616 2479 4668 in
2521 4619 2668 4670 sinu.
2702 4620 2806 4674 Sed
2833 4621 3013 4677 omnis
3032 4624 3158 4679 boni
3190 4642 3313 4680 cum
3346 4631 3418 4682 sit
3453 4633 3636 4700 pleni-

2067 4701 2229 4764 tudo,
2268 4705 2519 4759 ‘omnino
2574 4709 2627 4761 in
2686 4706 2846 4764 Patre
2893 4711 3218 4781 intelligitur
3255 4717 3345 4785 qui
3396 4728 3514 4772 erat
3573 4725 3632 4778 in

2066 4795 2359 4863 principio.
2412 4813 2520 4851 non
2551 4809 2876 4870 exspectans
2919 4806 2972 4857 in
3009 4805 3126 4873 ipso
3158 4822 3254 4876 per
3300 4814 3633 4870 creationem

2064 4899 2207 4947 esse,
2253 4903 2322 4942 ne
2370 4890 2667 4958 aliquando
2697 4891 2879 4956 Pater,
2923 4895 3082 4952 bonis
3117 4915 3323 4958 vacuus
3351 4915 3404 4958 et
3453 4907 3635 4964 inanis

2063 4987 2244 5033 mente
2299 4983 2510 5052 concipi
2559 4988 2749 5054 possit.
2794 4986 2896 5040 Sed
2947 4991 3041 5058 qui
3094 4992 3146 5046 in
3193 4999 3493 5053 aeternitate
3539 5016 3636 5070 pa-

2062 5076 2231 5124 terna:
2281 5071 2502 5128 deitatis
2546 5090 2669 5129 esse
2704 5077 3046 5147 intelligitur,
3101 5082 3156 5136 in
3205 5085 3325 5154 ipso
3376 5097 3459 5143 est
3493 5107 3636 5145 sem-

392 5139 742 5200 perzvirtus
776 5155 899 5192 cum
950 5141 1022 5194 sit
1055 5151 1108 5194 et
1137 5142 1246 5195 vita
1295 5151 1349 5197 et
1387 5147 1610 5210 veritas,
1668 5152 1756 5206 lux
1831 5161 1886 5209 et
1928 5158 2196 5226 sapientia
2248 5171 2301 5218 et
2349 5181 2470 5234 qua:
2517 5177 2645 5221 sunt
2696 5170 2846 5232 talia,
2883 5139 3046 5227 ‘haud
3121 5139 3288 5246 igititr
3336 5181 3451 5235 haec
3508 5200 3631 5246 vox,

389 5226 596 5285 Creavit
635 5233 806 5292 me,de
835 5249 900 5286 eo
935 5235 1078 5304 quod
1125 5237 1371 5292 divinum
1407 5251 1492 5296 est
1521 5252 1576 5297 et
1619 5245 2040 5318 incorruptibile
2091 5226 2409 5326 accipienda
2456 5269 2562 5325 est,
2619 5263 2714 5317 sed
2794 5267 2934 5321 sicut
2980 5226 3185 5325 dictum
3253 5287 3354 5340 est,
3427 5278 3494 5331 dc
3569 5226 3634 5338 eo

389 5322 533 5393 quod
586 5338 682 5392 per
738 5323 1168 5383 incarnationem
1228 5340 1693 5401 contemperatum
1757 5349 1844 5392 est
1892 5357 1956 5395 ex
1997 5354 2181 5399 creata
2213 5322 2412 5402 natura
2449 5322 2654 5406 nostra.

460 5412 584 5475 Πῶς
613 5409 704 5466 οῦν
736 5414 768 5484 ἡ
820 5417 956 5486 αύτὴ
989 5420 1083 5470 καὶ
1124 5419 1220 5490 τὴν
1273 5422 1375 5492 γῆν
1405 5422 1663 5493 θεμελιοί,
1698 5431 1790 5482 καὶ
1836 5433 1963 5494 τοὺς

387 5503 647 5573 οὐρανοὺς
683 5505 981 5575 ἐτοιμάζει,
1016 5511 1109 5562 καὶ
1136 5511 1232 5576 τὰς
1262 5513 1530 5577 ἀϐύσσους
1567 5517 1958 5590 ἀναῤῥήγνυσι,

389 5595 549 5662 σοφία
579 5597 670 5648 καί
719 5599 975 5670 φρόνησις
1010 5602 1336 5676 καλουμένη,
1368 5608 1458 5660 καὶ
1509 5609 1741 5663 ἐνταῦθα
1787 5614 1963 5678 κτίζε-

467 5779 534 5813 ⁶⁶¹
561 5781 722 5838 Prov.
750 5801 866 5855 vnn,
898 5788 966 5841 2i
1003 5805 1123 5861 sqq.
1203 5794 1247 5825 ”
1278 5793 1434 5850 Joall-
1482 5813 1519 5861 1,
1558 5798 1642 5853 “-

2140 5436 2425 5502 Quomodo
2480 5441 2644 5511 igitur
2671 5446 3099 5503 eadem-terram
3131 5455 3294 5507 etiam
3339 5457 3533 5512 fundat
3583 5475 3636 5515 α.

2069 5530 2238 5592 oculos
2287 5545 2574 5600 prmparat,
2631 5546 2684 5591 et
2722 5539 2950 5610 abyssos
2998 5548 3320 5614 perrumpit,
3366 5552 3634 5618 sapientia

2070 5628 2123 5671 ct
2157 5623 2469 5695 prudentia,
2501 5636 2553 5683 et
2585 5629 2803 5688 divinus
2831 5649 3028 5690 sensus
3059 5637 3149 5707 qui
3193 5647 3445 5706 vocatur,
3465 5643 3634 5698 etiam

1725 5800 1767 5832 "
1789 5801 1920 5856 ibid.
1986 5803 2068 5859 l8.
