4138 6364
495 421 598 477 5&5

1759 394 1816 448 S.
1859 387 2187 448 GREGORII
2225 385 2517 441 NYSSENI

3648 382 3756 435 εει

497 535 601 588 huc
643 531 698 585 in
729 528 853 582 loco
878 531 1104 580 creatur
1128 518 1197 572 ad
1245 530 1473 587 operum
1509 510 1883 584 principium?
1935 505 2078 571 Non,

2193 522 2269 558 tat
2293 504 2373 567 εἰς
2405 502 2581 572 ἔργων
2604 500 2782 573 ἀρχήν
2807 499 2955 565 ;ούκ
2977 499 3130 560 ἄνευ,
3165 497 3350 568 φησὶν,
3381 496 3562 558 αίτίας
3586 496 3758 565 μεγα-

501 624 701 695 >ιι(ιιιίῐ,
751 622 958 689 absque
982 629 1177 684 magna
1205 625 1369 665 causa
1399 608 1526 662 talis
1583 606 1854 676 particeps
1889 600 2072 671 operis

499 694 792 769 adhibetur
833 707 1191 779 dispensatio,
1243 704 1296 756 id
1324 710 1429 765 est,
1469 701 1706 754 humana
1736 694 1941 750 Christi
1975 706 2074 746 na-

498 817 644 861 tura.
695 803 899 858 Verum
946 795 1389 868 quandoquidem
1438 793 1688 846 homines
1720 802 1909 842 eorum
1953 800 2075 854 quae

499 905 724 966 accepto
755 894 1010 949 mandato
1039 893 1335 944 observare
1371 897 1425 940 et
1461 882 1743 938 custodire
1773 880 2076 934 debuerant

499 1003 564 1042 ex
592 1001 689 1041 sua
722 984 984 1036 memoria
1012 997 1106 1050 per
1137 977 1536 1032 contumaciam
1563 980 1617 1025 et
1650 968 2073 1024 inobedientiam

499 1077 828 1146 expulerunt
859 1074 1113 1143 gratiam,
1152 1071 1422 1124 bonorum
1468 1065 1642 1128 obliti,
1695 1069 1982 1131 propterea
2018 1067 2077 1110 ut

500 1173 657 1224 vobis
683 1167 1065 1221 annuntiarem
1096 1178 1218 1232 quae
1253 1159 1502 1230 quotidie
1530 1158 1600 1211 ob
1627 1163 1868 1208 vestram
1921 1152 2076 1205 salu-

500 1273 608 1317 tem
664 1262 820 1320 iiunt,
889 1268 943 1312 et
995 1258 1050 1311 in
1107 1254 1425 1310 memoriam
1471 1240 1790 1304 reducerem
1842 1260 1904 1297 ea
1959 1257 2079 1310 qua:

503 1359 633 1406 sunt
694 1369 721 1404 ιι
772 1350 993 1411 εωαπιιιο,
1063 1341 1434 1400 enumerando
1498 1339 1653 1393 vobis
1719 1354 1781 1391 ea
1847 1349 2078 1404 quorum

506 1443 831 1497 memoriam
889 1439 1188 1494 amisistis:
1233 1435 1354 1489 Non
1405 1435 1540 1487 enim
1582 1447 1766 1484 norum
1817 1427 2080 1498 quoddam

509 1533 858 1601 Evangelium
907 1547 1044 1584 nunc
1105 1528 1385 1588 annuntio,
1449 1521 1536 1576 sed
1594 1534 1817 1575 vestram
1863 1521 1916 1571 in
1969 1520 2080 1586 pri—

506 1625 705 1676 stinum
763 1632 961 1675 statum
1014 1620 1397 1672 restitutionem
1453 1613 1681 1675 molior;
1715 1611 1879 1678 hujus
1910 1612 2082 1679 gratia

506 1731 607 1785 ego
672 1715 766 1784 qui
830 1727 1045 1779 semper
1100 1725 1246 1771 sum,
1308 1714 1529 1760 creatus
1584 1703 1688 1764 fui,
1753 1703 1843 1772 qui
1911 1702 2079 1764 nulla,

505 1817 566 1862 ut
631 1820 832 1868 esscin,
909 1801 1216 1870 inligebam
1297 1799 1598 1852 creatione.
1682 1795 1758 1847 lla
1842 1799 1902 1845 ut
1978 1793 2079 1846 sim

2173 596 2272 666 λης
2311 597 2348 665 ἠ
2381 594 2602 662 τοιαύτη
2654 595 2996 662 συνεργεῖται
3037 591 3337 660 οἰκονομία.
3382 588 3519 640 Ἀλλ’
3569 589 3757 655 ἐπειδη

2173 687 2284 741 τῶν
2319 684 2793 758 παραφυλακτέων
2845 685 2973 754 ἡμῖν
3014 683 3112 753 τὴν
3149 681 3367 753 ἐντολὴν
3408 680 3662 742 λαϐόντες
3706 681 3759 730 οἱ

2178 779 2455 851 ἄνθρωποι
2471 778 2720 843 ἐξέϐαλον
2739 779 2838 848 τῆς
2867 778 3086 846 μνήμης
3106 776 3202 848 τὴν
3232 775 3390 846 χάριν
3413 774 3500 827 διὰ
3527 773 3628 842 τῆς
3653 789 3761 824 πα-

2181 873 2380 942 ρακοῆς
2413 873 2470 925 ἐν
2496 875 2561 942 τῇ
2595 870 2703 924 τῶν
2736 870 2955 938 ἀγαθῶν
2988 867 3125 939 λήθῃ
3158 868 3458 936 γενόμενοι,
3485 865 3573 917 διὰ
3596 863 3760 916 τοῦτο

2176 965 2263 1016 ἵνα
2297 963 2602 1032 ἁναγγείλω
2629 963 2790 1015 πάλιν
2821 963 2950 1033 ύμῖν
2976 963 3043 1014 τά
3065 959 3185 1013 καθ’
3216 959 3426 1031 ἡμέραν
3459 957 3552 1009 ἐπὶ
3580 973 3758 1024 σωτη-

2182 1058 2273 1128 ρίᾳ
2297 1057 2577 1126 γινόμενα,
2602 1056 2696 1109 καὶ
2725 1056 3022 1126 ἀναμνήσω
3049 1053 3117 1106 τὰ
3139 1052 3199 1118 ἐξ
3231 1053 3441 1116 αἰῶνος,
3453 1050 3760 1122 ἀπαριθμή-

2181 1151 2412 1220 σάμενος
2453 1144 2526 1202 ὧν
2557 1147 2908 1202 ἐπελάθεσθε·
2941 1150 3022 1201 Οὐ
3062 1150 3173 1216 γὰρ
3205 1148 3418 1200 καινόν
3455 1164 3509 1199 τι
3545 1162 3762 1213 καταγ-

2179 1242 2373 1311 γέλλω
2394 1239 2512 1294 νῦν
2541 1241 2926 1310 Εὐαγγέλιον,
2958 1240 3119 1293 ἀλλὰ
3155 1239 3270 1304 τὴν
3293 1241 3379 1303 εἰς
3415 1239 3482 1290 τὸ
3511 1237 3763 1304 ἀρχαῖον

2183 1333 2681 1390 ἀποκατάστασιν
2701 1331 2868 1400 ὑμῶν
2892 1331 3376 1398 πραγματεύομαι
3397 1345 3411 1357 ·
3447 1328 3634 1380 τούτου
3661 1328 3761 1396 χά-

2186 1444 2266 1498 ριν
2292 1425 2546 1496 ἐκτίσθην
2571 1427 2598 1477 6
2621 1424 2707 1477 ἀεὶ
2736 1423 2830 1485 ὣν,
2862 1423 2956 1474 καὶ
2990 1421 3155 1490 μηδὲν
3189 1419 3282 1472 τοῦ
3311 1419 3594 1490 κτισθῆναι
3623 1419 3758 1488 πρὸς

2181 1517 2240 1570 τὸ
2275 1513 2410 1567 εἶναι
2433 1515 2703 1583 δεόμενος.
2743 1512 2904 1562 Ὥστε
2942 1527 3007 1580 με
3031 1508 3280 1574 γενέσθαι
3318 1507 3491 1578 ἀρχὴν
3522 1505 3654 1558 ὁδῶν
3679 1507 3763 1568 εἰς

2181 1611 2249 1662 τὰ
2277 1609 2415 1679 ἔργα
2457 1607 2549 1660 τοῦ
2581 1606 2734 1667 Θεοῦ,
2776 1606 2900 1667 τοὺς
2940 1602 3258 1673 ἀνθρώπους
3302 1600 3459 1668 λέγω.
3491 1600 3601 1668 Τῆς
3647 1599 3760 1669 γάρ

2183 1699 2301 1752 ὁδοῦ
2332 1699 2428 1767 τῆς
2468 1695 2689 1766 πρώτης
2732 1694 3192 1763 καταφθαρείσης,
3233 1691 3337 1743 ἔδει
3389 1689 3550 1743 πάλιν
3584 1692 3765 1757 ὲγκαι-

2184 1790 2428 1860 νισθῆναι
2481 1791 2590 1852 τοῖς
2649 1786 3016 1856 πλανωμένοις
3047 1785 3166 1836 ὁδὸν
3208 1782 3519 1854 πρόσφατόν
3564 1799 3623 1832 τε
3666 1781 3762 1833 καὶ

507 1898 832 1969 principium
884 1894 1096 1946 viarum
1139 1889 1204 1942 ad
1247 1904 1410 1958 opera
1461 1887 1576 1947 Dei,
1627 1886 1876 1937 homines
1931 1883 2074 1936 dico.

2193 1881 2387 1945 ζῶσαν,
2413 1878 2574 1930 αὑτὸν
2611 1877 2734 1946 ἐμὲ,
2767 1878 2826 1939 ὃς
2860 1877 2974 1946 εἰμι
3007 1874 3143 1936 ὁδός.
3177 1874 3285 1925 Καὶ
3309 1873 3389 1926 ὅτι
3417 1871 3553 1941 πρὸς
3586 1870 3646 1923 τὸ
3675 1873 3764 1925 ἁν-

509 1989 642 2042 Nam
674 1992 931 2052 corrupta
967 1982 1053 2036 via
1088 1981 1284 2049 prima,
1321 1979 1459 2030 viam
1508 1985 1783 2029 recentem
1821 1983 1873 2028 et
1902 1974 2076 2026 vivam

508 2080 824 2135 errantibus
855 2074 1102 2126 innovari
1130 2087 1321 2124 rursus
1351 2069 1658 2137 oportebat,
1689 2082 1884 2135 nempe
1912 2067 2082 2134 meip-

509 2188 629 2226 sntn
695 2171 786 2236 qui
823 2183 942 2220 sum
974 2165 1080 2216 via.
1115 2162 1269 2228 Quod
1310 2161 1376 2214 ad
1411 2161 1807 2212 humanitatem
1859 2157 2084 2225 respicit

516 2261 784 2317 sententia
820 2258 998 2318 verbi,
1019 2254 1356 2320 Creavitme,
1378 2250 1535 2304 nobis
1581 2248 1926 2302 manifestius
1955 2247 2080 2300 red-

515 2356 597 2409 dit
640 2354 756 2408 suis
786 2349 966 2404 verbis
1002 2345 1222 2400 divinus
1287 2343 1614 2412 Apostolus.
1673 2340 1874 2412 quibus
1927 2339 2083 2408 jubet

507 2447 736 2502 induere
797 2443 1084 2495 Dominum
1133 2435 1318 2491 Jesum
1353 2435 1630 2488 Christum
1669 2433 1714 2463 ¹⁸
1750 2448 1765 2496 ;
1824 2440 2084 2500 praeterea

509 2539 602 2591 ubi
662 2536 852 2589 eodem
893 2531 1123 2600 repetito
1153 2541 1407 2581 sermone
1441 2524 1596 2585 dicit,
1634 2522 1848 2576 Induite
1893 2536 2083 2573 novum

509 2630 770 2683 hominem
793 2625 880 2694 qui
909 2621 1192 2676 secundum
1227 2619 1388 2670 Deum
1418 2626 1625 2668 creatus
1647 2623 1723 2667 est
1749 2613 1793 2644 ¹⁶
1813 2653 1828 2667 .
1859 2613 1916 2666 Si
1940 2612 2083 2666 enim

511 2720 732 2773 unicum
771 2724 855 2770 est
911 2715 1152 2770 salutare
1203 2708 1601 2767 indumentum,
1642 2707 1743 2757 hoc
1769 2714 1948 2756 autem
2003 2712 2087 2755 est

508 2812 787 2872 Christus,
819 2821 928 2860 non
961 2805 1126 2856 alium
1151 2802 1277 2871 quis
1303 2798 1504 2852 dixerit
1547 2807 1746 2866 praeter
1801 2793 2082 2848 Christum

510 2918 633 2956 esse
667 2915 868 2954 novum
904 2897 1200 2954 hominem,
1233 2907 1359 2947 eum
1409 2891 1502 2960 qui
1554 2887 1855 2944 secundum
1916 2884 2084 2938 Deum

511 3002 732 3050 creatus
770 3003 872 3047 est.
916 2987 1024 3044 Sed
1064 2988 1274 3042 clarum
1327 2994 1434 3052 est,
1471 2983 1617 3053 quod
1663 2981 1756 3051 qui
1805 2979 2085 3034 Christum

509 3087 710 3150 induit,
748 3099 946 3138 novum
979 3081 1155 3136 induit
1181 3079 1481 3138 hominem,
1513 3091 1636 3130 eum
1663 3074 1755 3143 qui
1783 3072 2085 3128 secundum

513 3180 682 3234 Deum
719 3185 933 3232 creatus
966 3182 1071 3229 est.
1112 3172 1274 3227 Solus
1301 3171 1446 3224 enim
1478 3169 1568 3222 hic
1607 3183 1734 3222 vere
1786 3175 1840 3220 et
1872 3165 2090 3234 pr0prie
2119 3212 2162 3269 C

513 3288 690 3327 novus
718 3271 1038 3325 nominatur
1069 3266 1254 3327 homo,
1290 3264 1383 3332 qui
1408 3277 1517 3316 non
1543 3276 1638 3329 per
1661 3270 1822 3312 notas
1855 3268 1909 3312 et
1957 3272 2094 3309 con-

515 3373 703 3420 suetas
739 3370 950 3416 natura:
980 3359 1100 3412 vias
1136 3358 1191 3410 in
1229 3355 1511 3408 hominum
1535 3353 1644 3405 vita
1664 3350 1950 3420 apparuit:
1997 3349 2092 3402 sed

513 3456 773 3511 inusitata
801 3453 1047 3521 qnzedam
1073 3457 1127 3503 et
1146 3445 1443 3518 peculiaris
1471 3444 1528 3498 in
1555 3443 1659 3495 hoc
1690 3442 1809 3495 solo
1832 3442 2094 3493 innovata

514 3554 602 3600 est
631 3544 858 3599 creatio.
891 3542 1103 3595 Idcirco
1147 3537 1213 3591 ad
1245 3539 1388 3590 hunc
1431 3533 1811 3589 admirabilem
1839 3543 1892 3586 et
1941 3533 2094 3585 inau-

513 3636 688 3688 ditum
732 3630 1105 3701 generationis
1147 3626 1367 3682 modum
1421 3625 1724 3694 respiciens
1777 3623 2094 3690 Apostolus,

511 3721 772 3777 eumdem
811 3735 1012 3773 novum
1065 3718 1342 3772 hominem
1398 3714 1701 3771 secundum
1740 3713 1907 3766 Deum
1940 3727 2098 3765 crea-

511 3825 634 3869 tum
668 3814 935 3875 nominat,
969 3819 1023 3864 et
1054 3810 1118 3863 ad
1149 3811 1389 3864 divinam
1422 3809 1645 3862 intuens
1675 3816 1928 3860 naturam
1953 3821 2098 3859 crea-

517 3905 649 3958 tioni
678 3903 841 3971 hujus
874 3900 1002 3954 novi
1053 3900 1291 3954 hominis
1337 3905 1781 3968 attemperatam,
1813 3895 2095 3950 Christum

514 3995 772 4065 appellat.
791 3995 972 4060 Quare
999 4007 1097 4062 pro
1131 4006 1242 4045 uno
1267 3997 1320 4044 et
1371 3990 1562 4045 eodem
1593 3990 1731 4044 duas
1775 3989 1900 4058 poni
1934 4003 2098 4041 voces

517 4094 728 4141 certum
755 4091 858 4144 est.
883 4093 935 4138 et
962 4083 1105 4135 hanc
1137 4096 1350 4143 vocem,
1397 4079 1604 4134 Christi
1635 4079 1784 4144 dico,
1844 4089 1894 4133 et
1944 4079 2093 4131 illam

515 4177 646 4231 novi
671 4175 911 4228 hominis
937 4172 1238 4227 secundum
1259 4170 1426 4224 Deum
1457 4171 1649 4224 creati.

588 4266 860 4333 Quoniam
906 4265 1074 4333 igitur
1131 4263 1387 4316 Christus
1425 4262 1696 4330 sapientia
1725 4255 1829 4323 est,
1892 4261 2098 4314 intelli—

516 4372 654 4427 gens
686 4356 905 4408 auditor
941 4367 1249 4407 sermonem
1291 4349 1622 4412 consideret,
1661 4359 1714 4404 et
1760 4366 1949 4404 eorum
2004 4349 2096 4418 qui

519 4450 683 4504 nobis
714 4447 1098 4508 adversantur,
1121 4452 1175 4497 et
1205 4450 1475 4504 nostrum,
1511 4451 1565 4495 et
1597 4442 1806 4509 judicct
1840 4451 1961 4496 uter
1987 4442 2099 4510 pic-

2188 1970 2498 2042 θρώπινονή
2515 1969 2631 2033 τοῦ,
2649 1964 2837 2020 Ἔκισέ
2853 1982 2938 2036 με,
2966 1965 3170 2018 διάνοια
3195 1963 3397 2033 βλέπει,
3430 1962 3763 2031 σαφέστερον

2188 2065 2315 2133 ἡμῖν
2366 2059 2521 2113 τοῦτο
2558 2057 2851 2129 παρίστησι
2885 2056 2971 2109 διὰ
3015 2055 3123 2108 τῶν
3156 2056 3299 2108 ίδίων
3346 2055 3518 2122 λόγων
3567 2057 3594 2106 6
3623 2053 3762 2116 θεῖος

2208 2151 2546 2213 Ἀπόστολος,
2584 2151 2641 2201 ὲν
2675 2143 2756 2210 οἷς
2802 2146 3189 2208 διακελεύεται,
3214 2145 3298 2198 ὅτι
3321 2144 3638 2198 Ἐνδύσασθε
3671 2144 3764 2194 τὸν

2189 2245 2392 2312 Κύριον
2437 2241 2640 2312 Ἰησοῦν
2679 2239 2933 2308 Χριστὸν,
2969 2236 3226 2307 καὶπρὸς
3265 2233 3475 2298 τούτοις
3502 2236 3634 2287 ὅπου
3673 2234 3765 2286 τὸν

2188 2333 2348 2385 αὑτὸν
2370 2331 2726 2385 ὲπαναλαδὼν
2743 2331 2899 2400 λόγον
2917 2349 2988 2400 φη
2998 2332 3098 2392 σἰν,
3127 2329 3500 2383 Ἐνδύσασθε
3523 2326 3763 2378 26mm-

2187 2425 2297 2478 νὺν
2318 2426 2632 2492 ἀνθρωπον
2659 2422 2765 2475 τὸν
2791 2423 2940 2475 κατὰ
2961 2423 3110 2475 Θεὸν
3134 2419 3549 2473 κτισθέντα.Εἰ
3578 2417 3684 2484 γὰρ
3705 2414 3763 2466 ἓν

2195 2515 2291 2586 μέν
2323 2517 2439 2567 ἐστι
2473 2515 2542 2567 τὸ.
2568 2514 2835 2583 σωτήριον
2872 2511 3097 2580 ἔνδυμα,
3130 2509 3288 2561 τοῦτο
3313 2509 3368 2560 δέ
3403 2509 3549 2559 ἐστιν
3581 2509 3608 2559 6
3636 2507 3769 2576 Χρι-

2194 2609 2336 2670 στὸς,
2377 2609 2477 2659 ούκ
2508 2605 2573 2658 ἂν
2603 2606 2759 2658 ἄλλον
2790 2623 2872 2667 τις
2900 2603 3042 2656 εἴποι
3076 2602 3226 2672 παρὰ
3250 2601 3339 2653 τὸν
3368 2600 3601 2670 Χριστὸν
3630 2595 3769 2651 εἶναι

2193 2699 2284 2751 τὸν
2320 2698 2501 2750 καινὸν
2524 2697 2806 2767 ἄνθρωπον
2834 2695 2923 2747 τὸν
2945 2695 3085 2746 κατὰ
3111 2693 3241 2745 Θεὸν
3266 2692 3574 2744 κτισθέντα.
3611 2687 3773 2742 Ἀλλὰ

2192 2789 2369 2856 δῆλον,
2399 2790 2480 2840 ὅτι
2513 2790 2542 2840 6
2564 2787 2652 2838 τὸν
2680 2786 2910 2856 Χριστὸν
2949 2783 3324 2851 ἐνδυσάμενος,
3354 2781 3443 2834 τὸν
3466 2779 3649 2834 καινὸν
3677 2783 3768 2830 ὲν-

2193 2877 2403 2930 δέδυται
2450 2874 2751 2946 ἄνθρωπον,
2795 2874 2886 2926 τὸν
2920 2872 3061 2925 κατὰ
3098 2871 3228 2922 Θεὸν
3254 2867 3566 2920 κτισθέντα.
3595 2866 3773 2926 Μόνος

2193 2967 2302 3038 γὰρ
2327 2963 2477 3030 οὗτος
2519 2967 2594 3027 ὼς
2627 2964 2839 3034 ἀληθῶς
2863 2962 3047 3024 καινὸς
3087 2960 3287 3031 κυρίως
3321 2957 3640 3028 ὀνομάζεται
3669 2957 3762 3008 ἅν-

2196 3062 2224 3114 0
2232 3077 2431 3133 ρωπος,
2452 3058 2510 3120 ὃς
2527 3058 2646 3126 ούχὶ
2665 3055 2751 3108 διὰ
2765 3055 2870 3107 τῶν
2889 3052 3180 3124 γνωρίμων
3196 3067 3254 3103 τε
3283 3049 3377 3102 καὶ
3401 3047 3639 3118 συνήθων
3667 3047 3772 3115 τῆς

2199 3153 2411 3220 φύσεως
2448 3149 2582 3202 ὁδῶν
2613 3150 2669 3199 ἐν
2697 3145 2773 3215 τῷ
2808 3144 2913 3197 τῶν
2952 3141 3252 3213 ἀνθρώπων
3294 3139 3466 3210 ἐφάνη
3499 3137 3620 3208 βίῳ,
3656 3137 3772 3190 ἀλλ’

2197 3241 2569 3313 ἐξηλλαγμένη
2598 3255 2680 3300 τις
2705 3237 2797 3289 καὶ
2822 3234 3096 3296 ίδιάζουσα
3120 3233 3211 3284 ἐπὶ
3237 3231 3399 3302 μόνου
3418 3228 3606 3282 τούτου
3623 3230 3776 3280 ἐκαι-

2195 3331 2462 3400 νοτομήθη
2497 3335 2529 3400 ὴ
2560 3328 2755 3388 κτίσις.
2800 3325 2898 3376 Διὰ
2928 3322 3083 3376 τοῦτο
3125 3320 3215 3373 τὸν
3249 3319 3410 3372 αὑτὸν
3439 3320 3576 3390 πρός
3614 3335 3672 3370 τε
3715 3317 3778 3368 τὸ

2196 3423 2494 3493 παράδοξον
2530 3421 2628 3491 τῆς
2658 3420 2964 3486 γεννήσεως
2995 3414 3228 3484 βλέπων,
3274 3412 3456 3468 καινὸν
3495 3411 3778 3482 ἄνθρωπον

2197 3516 2338 3568 κατὰ
2394 3515 2523 3566 Θεὸν
2567 3508 2854 3564 κτισθέντα
2902 3505 3292 3576 κατονομάζει,
3350 3505 3443 3557 καὶ
3493 3503 3630 3574 πρὸς
3677 3501 3780 3572 τὴν

2197 3605 2344 3660 θείαν
2397 3604 2558 3674 φύσιν
2608 3603 2749 3672 ὁρῶν
2802 3601 2900 3670 τὴν
2942 3599 3307 3670 ὲγκραθεῖσαν
3353 3599 3419 3667 τῇ
3468 3595 3639 3648 κτίσει
3681 3593 3780 3646 τοῦ

2197 3695 2386 3752 καινοῦ
2421 3694 2610 3748 τούτου
2640 3691 2950 3763 ἀνθρώπου,
2979 3691 3215 3761 Χριστὸν
3240 3687 3656 3760 προσαγορεύει.
3689 3685 3780 3748 Ὠς

2198 3789 2424 3852 καθενὸς
2462 3788 2554 3841 καὶ
2587 3787 2679 3840 τοῦ
2719 3784 2884 3838 αὑτοῦ
2920 3784 3018 3846 τὰς
3049 3783 3142 3837 δύο
3193 3781 3406 3836 κεῖσθαι
3440 3779 3643 3850 φωνάς,
3675 3778 3782 3847 τήν

2195 3902 2256 3937 τε
2286 3882 2380 3935 τοῦ
2406 3879 2642 3951 Χριστοῦ
2677 3879 2840 3947 λέγω,
2876 3877 2969 3931 καὶ
3012 3877 3113 3947 τὴν
3140 3875 3231 3929 τοῦ
3271 3873 3456 3928 καινοῦ
3488 3870 3781 3943 ἀνθρώπου

2195 3977 2288 4032 τοῦ
2329 3976 2467 4030 κατὰ
2499 3976 2630 4027 Θεὸν
2668 3971 3002 4035 κτισθέντος.

2283 4257 2434 4312 Ἐπεὶ
2463 4251 2554 4309 οῦν
2583 4253 2814 4324 Χριστὸς
2838 4254 2870 4322 ή
2905 4249 3066 4318 σοφία
3090 4250 3256 4313 ἐστὶν,
3287 4250 3316 4300 6
3343 4247 3560 4311 συνετὸς
3580 4247 3786 4316 ἀκροα-

2199 4355 2298 4426 τὴς
2340 4349 2726 4421 ὲπισκεψὰσθω
2763 4349 2851 4402 τὸν
2890 4348 3046 4415 λόγον
3113 4345 3220 4398 τῶν
3252 4362 3312 4396 τε
3349 4342 3785 4414 προμαχομένων

2201 4450 2353 4518 ἡμῖν,
2385 4445 2479 4499 καὶ
2509 4445 2598 4498 τὸν
2631 4443 2917 4513 ἡμέτερον,
2949 4439 3044 4492 καὶ
3080 4437 3319 4509 κρινάτω
3349 4436 3439 4488 τὸν
3467 4434 3787 4487 εὐσεϐέστε-

519 4542 619 4594 tati
654 4538 829 4607 magis
853 4543 1120 4605 congruat
1148 4541 1202 4587 et
1228 4543 1632 4586 consentaneus
1661 4533 1751 4586 sit.
1794 4531 1929 4600 Uter
1973 4548 2089 4585 ma-

2208 4553 2316 4606 ρον.
2353 4534 2448 4596 Τίς
2494 4531 2693 4603 μᾶλλον
2738 4529 2834 4592 τὰς
2865 4529 3187 4598 θεοπρεπεῖς
3213 4525 3418 4588 ἐννοίας
3439 4527 3496 4577 ὲν
3528 4523 3606 4593 τῷ
3634 4522 3787 4594 ῥητῷ

513 4633 606 4702 gis
634 4631 744 4684 Deo
783 4629 1014 4682 decoras
1069 4625 1460 4695 intelligentias
1494 4624 1546 4676 in
1582 4622 1728 4676 dicto
1779 4631 2094 4685 conservet,

517 4741 592 4779 an
615 4725 711 4792 qui
741 4722 980 4776 universi
1001 4721 1316 4775 Creatorem
1335 4724 1390 4770 et
1421 4715 1713 4768 Dominum
1746 4716 1948 4769 factum
1976 4731 2098 4770 esse

517 4816 735 4882 deﬁnit,
759 4826 812 4868 et
837 4811 1099 4868 servienti
1150 4815 1422 4863 creatura:
1479 4808 1688 4861 honore
1727 4822 1913 4876 parem
1964 4822 2099 4862 con-

523 4907 726 4971 struit;
769 4919 836 4956 an
881 4901 1064 4972 potius
1093 4900 1185 4968 qui
1215 4897 1282 4951 ad
1339 4897 1802 4965 dispensationem
1845 4896 2101 4949 incarna-

522 4997 693 5050 tionis
721 4994 1041 5063 respiciens,
1073 4997 1256 5046 scrvat
1281 4988 1427 5059 quod
1451 4988 1695 5057 opinioni
1716 4988 1782 5042 de
1805 4987 2101 5044 divinitate

523 5099 579 5142 et
605 5089 673 5141 de
699 5086 1041 5140 humanitate
1067 5085 1349 5145 convenit,
1385 5092 1439 5135 et
1464 5089 1588 5149 apte
1621 5081 1912 5149 congruit:
1950 5095 2101 5149 mag-

523 5195 598 5234 no
631 5178 802 5232 Paulo
841 5178 943 5230 hoc
989 5175 1296 5246 praesertim
1329 5175 1528 5242 dogma
1557 5172 1971 5241 comprobante,
2005 5172 2098 5239 qui

526 5272 580 5324 i-n
616 5285 757 5324 novo
787 5270 1009 5323 homine
1038 5267 1371 5322 creationem
1402 5265 1646 5333 respicit,
1682 5273 1735 5317 ct
1760 5266 1815 5318 in
1857 5281 1982 5319 vera
2016 5282 2103 5320 sa-

526 5362 735 5431 pientia
767 5365 1089 5427 potestatem
1129 5356 1452 5410 creationis.
1489 5354 1802 5420 Quinetiam
1833 5355 2100 5411 orationis

525 5448 663 5500 ordo
694 5447 858 5514 hujus
921 5460 1120 5499 sensus
1157 5441 1607 5510 contemplationi
1645 5443 1940 5497 consentit.
1985 5441 2102 5497 Nisi

523 5541 671 5594 enim
710 5539 765 5591 in
801 5537 961 5591 nobis
989 5537 1200 5590 viarum
1249 5535 1579 5604 principium
1630 5542 1876 5588 creatum
1929 5544 2098 5600 esset,

525 5645 635 5683 non
667 5643 882 5694 eorum,
910 5641 1032 5696 quin
1070 5635 1380 5694 sperantur,
1408 5623 1735 5676 saeculorum
1778 5623 2102 5678 fundamen-

529 5729 644 5774 tum
670 5719 879 5788 jactum
906 5717 1136 5781 fuisset;
1176 5731 1284 5770 non
1329 5713 1507 5768 factus
1537 5712 1699 5768 nobis
1739 5725 1885 5770 esset
1914 5712 2099 5770 Domi-

603 5812 647 5844 “
694 5811 853 5867 Rom.
906 5827 1026 5880 xm,
1083 5811 1169 5866 14.
1249 5808 1290 5839 ¹⁶
1322 5806 1524 5877 Ephes.
1561 5823 1634 5879 iv,
1673 5807 1754 5864 2L

2207 4625 2482 4689 διασώζει,
2511 4627 2538 4677 6
2567 4623 2656 4676 τὸν
2694 4620 2787 4674 τοῦ
2819 4620 3017 4682 παντὸς
3044 4619 3283 4688 Κτίστην
3314 4619 3404 4670 καὶ
3445 4615 3648 4686 Κύριον
3681 4632 3786 4666 πε-

2209 4719 2462 4788 ποιῆσθαι
2492 4715 2876 4786 διοριζόμενος,
2907 4713 3000 4766 καὶ
3033 4714 3100 4782 τῇ
3135 4709 3457 4780 δουλευούσῃ
3489 4708 3660 4762 κτίσει
3683 4725 3788 4760 xa-

2206 4810 2561 4872 τασκευάζων
2598 4807 2890 4876 ὁμότιμον·
2926 4804 2959 4873 ἢ
3009 4803 3209 4874 μᾶλλον
3247 4803 3275 4854 ὁ
3308 4802 3444 4870 πρὸς
3492 4801 3592 4870 τὴν
3640 4802 3788 4852 οἰκο-

2207 4902 2399 4972 νομίαν
2424 4900 2589 4972 ὁρῶν,
2624 4900 2716 4952 καὶ
2744 4898 3030 4967 φυλάσσων
3069 4898 3135 4966 τῇ
3161 4913 3220 4948 τε
3255 4895 3382 4964 περὶ
3410 4893 3470 4945 τὸ
3499 4893 3658 4954 θεῖον,
3690 4893 3789 4945 καὶ

2205 4997 2272 5064 τῇ
2307 4992 2436 5064 περὶ
2461 4990 2522 5043 τὸ
2546 4987 2880 5059 ἀνθρώπινον
2908 4987 3172 5056 ὑπολήψει
3199 4985 3259 5038 τὸ
3291 4988 3617 5056 πρόσφορον.
3641 4985 3790 5052 Συμ-

2204 5082 2610 5157 μαρτυροῦντος
2630 5081 2722 5134 τοῦ
2752 5079 2986 5150 μεγάλου
3024 5077 3234 5131 Παύλου
3263 5075 3338 5146 τῷ
3363 5075 3610 5144 δόγματι,
3646 5075 3704 5137 ὃς
3726 5077 3787 5126 ἐν

2204 5177 2304 5247 μὲν
2326 5174 2403 5245 τῷ
2446 5173 2617 5243 καινῷ
2645 5171 2916 5242 ἀνθρώπῳ
2955 5170 3054 5241 τὴν
3087 5170 3263 5222 κτίσιν
3304 5155 3599 5238 βλέπει,’ὲν
3628 5167 3682 5218 δὲ
3714 5172 3783 5237 τῇ

2198 5263 2425 5335 ἀληθινῇ
2452 5263 2613 5332 σοφίᾳ
2640 5263 2736 5332 τὴν
2759 5259 3001 5324 ἐξουσίαν
3020 5259 3120 5329 τῆς
3141 5259 3388 5320 κτίσεως.
3410 5258 3482 5310 Συ
3491 5257 3700 5327 μὸαίνει
3723 5258 3784 5309 δὲ

2200 5359 2295 5410 καὶ
2327 5352 2534 5424 ἡτὰξις
2570 5353 2664 5405 τοῦ
2706 5353 2863 5419 λόγου
2920 5354 2984 5421 τῇ
3015 5351 3218 5422 θεωρίᾳ
3262 5349 3357 5402 τοῦ
3395 5350 3682 5418 δόγματος.
3722 5349 3787 5400 Εἰ

2210 5444 2320 5515 γάρ
2349 5443 2422 5512 μὴ
2452 5443 2671 5512 ἐκτίσθη
2725 5445 2782 5495 ἐν
2821 5444 2951 5512 ἡμῖν
2983 5444 3015 5512 ή
3048 5441 3154 5494 τῶν
3178 5440 3311 5494 ὁδῶν
3347 5439 3508 5510 ἀρχὴ,
3548 5441 3646 5492 οὐκ
3672 5441 3736 5492 ἂν
3763 5445 3791 5493 6

2211 5536 2317 5590 τῶν
2376 5533 2841 5605 προσδοκωμένων
2893 5534 3102 5588 αἰώνων
3157 5533 3403 5603 θεμέλιος
3453 5533 3787 5602 κατεϐλήθη.

2208 5627 2318 5681 οὐδ’
2339 5626 2405 5678 ἂν
2424 5626 2638 5693 ἐγένετο
2661 5627 2788 5696 ἡμῖν
2817 5629 2844 5678 ὀ
2870 5625 3072 5696 Κύριος
3092 5625 3293 5692 Πατὴρ
3329 5624 3432 5676 τοῦ
3451 5623 3788 5693 μέλλοντος

2206 5717 2443 5783 αἰῶνος,
2480 5720 2528 5770 εί
2575 5719 2650 5790 μὴ
2697 5717 2836 5773 κατὰ
2868 5719 2955 5773 τὸν
2997 5719 3223 5771 Ἡσαΐαν
3279 5715 3488 5769 παιδίον
3523 5715 3785 5786 ἐγεννήθη
